|j|☆Liquidocelot
|j|☆St. 78
|t:|1596745629
|player|p1|Liquidocelot|102|1492
|player|p2|St. 78|170|1355
|teamsize|p1|6
|teamsize|p2|6
|gametype|singles
|gen|8
|tier|[Gen 8] UU
|rated|
|clearpoke
|poke|p1|Mienshao, M|
|poke|p1|Jirachi|
|poke|p1|Scyther, F|
|poke|p1|Bisharp, F|
|poke|p1|Keldeo-Resolute|
|poke|p1|Heliolisk, M|
|poke|p2|Slowking, F|
|poke|p2|Bisharp, M|
|poke|p2|Palossand, F|
|poke|p2|Keldeo-Resolute|
|poke|p2|Weezing-Galar, F|
|poke|p2|Noivern, M|
|rule|Sleep Clause Mod: Limit one foe put to sleep
|rule|Species Clause: Limit one of each Pokémon
|rule|OHKO Clause: OHKO moves are banned
|rule|Evasion Moves Clause: Evasion moves are banned
|rule|Endless Battle Clause: Forcing endless battles is banned
|rule|HP Percentage Mod: HP is shown in percentages
|rule|Dynamax Clause: You cannot dynamax
|teampreview
|inactive|Battle timer is ON: inactive players will automatically lose when time's up. (requested by St. 78)
|
|t:|1596745723
|start
|switch|p1a: Scyther|Scyther, F|100/100
|switch|p2a: Beats|Noivern, M|100/100
|-item|p1a: Scyther|Heavy-Duty Boots|[from] ability: Frisk|[of] p2a: Beats|[identify]
|turn|1
|
|t:|1596745730
|move|p2a: Beats|Hurricane|p1a: Scyther|[miss]
|-miss|p2a: Beats|p1a: Scyther
|move|p1a: Scyther|Knock Off|p2a: Beats
|-damage|p2a: Beats|66/100
|-enditem|p2a: Beats|Heavy-Duty Boots|[from] move: Knock Off|[of] p1a: Scyther
|
|upkeep
|turn|2
|
|t:|1596745738
|switch|p1a: Jirachi|Jirachi|100/100
|move|p2a: Beats|Hurricane|p1a: Jirachi|[miss]
|-miss|p2a: Beats|p1a: Jirachi
|
|upkeep
|turn|3
|
|t:|1596745744
|move|p2a: Beats|U-turn|p1a: Jirachi
|-damage|p1a: Jirachi|89/100
|
|t:|1596745748
|switch|p2a: Polo|Keldeo-Resolute|100/100|[from]move: U-turn
|move|p1a: Jirachi|Stealth Rock|p2a: Polo
|-sidestart|p2: St. 78|move: Stealth Rock
|
|upkeep
|turn|4
|
|t:|1596745753
|move|p2a: Polo|Scald|p1a: Jirachi
|-damage|p1a: Jirachi|53/100
|move|p1a: Jirachi|U-turn|p2a: Polo
|-resisted|p2a: Polo
|-damage|p2a: Polo|91/100
|-damage|p1a: Jirachi|36/100|[from] item: Rocky Helmet|[of] p2a: Polo
|
|t:|1596745758
|switch|p1a: Heliolisk|Heliolisk, M|100/100|[from]move: U-turn
|
|upkeep
|turn|5
|
|t:|1596745765
|switch|p2a: Balenciaga|Slowking, F|100/100
|move|p1a: Heliolisk|Grass Knot|p2a: Balenciaga
|-supereffective|p2a: Balenciaga
|-damage|p2a: Balenciaga|58/100
|
|upkeep
|turn|6
|
|t:|1596745782
|switch|p2a: Igloo|Palossand, F|100/100
|-damage|p2a: Igloo|94/100|[from] Stealth Rock
|move|p1a: Heliolisk|Volt Switch|p2a: Igloo
|-immune|p2a: Igloo
|
|upkeep
|turn|7
|
|t:|1596745798
|switch|p1a: Scyther|Scyther, F|100/100
|switch|p2a: Ray Bans|Bisharp, M|100/100
|-damage|p2a: Ray Bans|95/100|[from] Stealth Rock
|
|upkeep
|turn|8
|
|t:|1596745823
|move|p1a: Scyther|Brick Break|p2a: Ray Bans
|-supereffective|p2a: Ray Bans
|-damage|p2a: Ray Bans|0 fnt
|faint|p2a: Ray Bans
|
|upkeep
|
|t:|1596745829
|switch|p2a: Beats|Noivern, M|66/100
|-damage|p2a: Beats|41/100|[from] Stealth Rock
|-item|p1a: Scyther|Heavy-Duty Boots|[from] ability: Frisk|[of] p2a: Beats|[identify]
|turn|9
|
|t:|1596745834
|switch|p1a: Bisharp|Bisharp, F|100/100
|move|p2a: Beats|Hurricane|p1a: Bisharp|[miss]
|-miss|p2a: Beats|p1a: Bisharp
|
|upkeep
|turn|10
|
|t:|1596745843
|switch|p2a: Polo|Keldeo-Resolute|91/100
|-damage|p2a: Polo|85/100|[from] Stealth Rock
|move|p1a: Bisharp|Knock Off|p2a: Polo
|-resisted|p2a: Polo
|-damage|p2a: Polo|59/100
|-damage|p1a: Bisharp|84/100|[from] item: Rocky Helmet|[of] p2a: Polo
|-ability|p2a: Polo|Justified|boost
|-boost|p2a: Polo|atk|1
|-enditem|p2a: Polo|Rocky Helmet|[from] move: Knock Off|[of] p1a: Bisharp
|
|upkeep
|turn|11
|
|t:|1596745857
|switch|p1a: Scyther|Scyther, F|100/100
|move|p2a: Polo|Secret Sword|p1a: Scyther
|-resisted|p1a: Scyther
|-crit|p1a: Scyther
|-damage|p1a: Scyther|80/100
|
|upkeep
|turn|12
|
|t:|1596745865
|move|p2a: Polo|Scald|p1a: Scyther
|-damage|p1a: Scyther|32/100
|move|p1a: Scyther|Dual Wingbeat|p2a: Polo
|-supereffective|p2a: Polo
|-crit|p2a: Polo
|-damage|p2a: Polo|0 fnt
|-hitcount|p2a: Polo|1
|faint|p2a: Polo
|
|upkeep
|
|t:|1596745873
|switch|p2a: Beats|Noivern, M|41/100
|-damage|p2a: Beats|16/100|[from] Stealth Rock
|-item|p1a: Scyther|Heavy-Duty Boots|[from] ability: Frisk|[of] p2a: Beats|[identify]
|turn|13
|
|t:|1596745883
|switch|p1a: Jirachi|Jirachi|36/100
|move|p2a: Beats|Hurricane|p1a: Jirachi
|-resisted|p1a: Jirachi
|-damage|p1a: Jirachi|15/100
|
|upkeep
|turn|14
|
|t:|1596745890
|switch|p1a: Bisharp|Bisharp, F|84/100
|move|p2a: Beats|Hurricane|p1a: Bisharp
|-resisted|p1a: Bisharp
|-damage|p1a: Bisharp|55/100
|
|upkeep
|turn|15
|
|t:|1596745897
|move|p1a: Bisharp|Sucker Punch||[still]
|-fail|p1a: Bisharp
|move|p2a: Beats|Roost|p2a: Beats
|-heal|p2a: Beats|66/100
|-singleturn|p2a: Beats|move: Roost
|
|upkeep
|turn|16
|
|t:|1596745903
|move|p2a: Beats|Hurricane|p1a: Bisharp|[miss]
|-miss|p2a: Beats|p1a: Bisharp
|move|p1a: Bisharp|Knock Off|p2a: Beats
|-damage|p2a: Beats|25/100
|
|upkeep
|turn|17
|
|t:|1596745910
|move|p2a: Beats|Roost|p2a: Beats
|-heal|p2a: Beats|75/100
|-singleturn|p2a: Beats|move: Roost
|move|p1a: Bisharp|Knock Off|p2a: Beats
|-damage|p2a: Beats|32/100
|
|upkeep
|turn|18
|
|t:|1596745918
|move|p2a: Beats|Roost|p2a: Beats
|-heal|p2a: Beats|82/100
|-singleturn|p2a: Beats|move: Roost
|move|p1a: Bisharp|Iron Head|p2a: Beats
|-damage|p2a: Beats|25/100
|
|upkeep
|turn|19
|
|t:|1596745926
|move|p2a: Beats|Roost|p2a: Beats
|-heal|p2a: Beats|75/100
|-singleturn|p2a: Beats|move: Roost
|move|p1a: Bisharp|Iron Head|p2a: Beats
|-damage|p2a: Beats|26/100
|
|upkeep
|turn|20
|
|t:|1596745933
|move|p2a: Beats|Hurricane|p1a: Bisharp
|-resisted|p1a: Bisharp
|-damage|p1a: Bisharp|26/100
|move|p1a: Bisharp|Iron Head|p2a: Beats
|-damage|p2a: Beats|0 fnt
|faint|p2a: Beats
|
|upkeep
|
|t:|1596745940
|switch|p2a: Igloo|Palossand, F|94/100
|-damage|p2a: Igloo|88/100|[from] Stealth Rock
|turn|21
|
|t:|1596745944
|move|p1a: Bisharp|Knock Off|p2a: Igloo
|-supereffective|p2a: Igloo
|-enditem|p2a: Igloo|Colbur Berry|[eat]
|-enditem|p2a: Igloo|Colbur Berry|[weaken]
|-damage|p2a: Igloo|54/100
|move|p2a: Igloo|Scorching Sands|p1a: Bisharp
|-supereffective|p1a: Bisharp
|-damage|p1a: Bisharp|0 fnt
|faint|p1a: Bisharp
|
|upkeep
|
|t:|1596745950
|switch|p1a: Keldeo|Keldeo-Resolute|100/100
|turn|22
|
|t:|1596745954
|switch|p2a: Balenciaga|Slowking, F|91/100
|move|p1a: Keldeo|Flip Turn|p2a: Balenciaga
|-resisted|p2a: Balenciaga
|-damage|p2a: Balenciaga|86/100
|
|t:|1596745960
|switch|p1a: Scyther|Scyther, F|32/100|[from]move: Flip Turn
|
|upkeep
|turn|23
|
|t:|1596745972
|switch|p2a: Trues|Weezing-Galar, F|100/100
|-damage|p2a: Trues|88/100|[from] Stealth Rock
|move|p1a: Scyther|Knock Off|p2a: Trues
|-resisted|p2a: Trues
|-damage|p2a: Trues|79/100
|-enditem|p2a: Trues|Leftovers|[from] move: Knock Off|[of] p1a: Scyther
|
|upkeep
|turn|24
|
|t:|1596745980
|move|p1a: Scyther|U-turn|p2a: Trues
|-resisted|p2a: Trues
|-damage|p2a: Trues|74/100
|
|t:|1596745990
|switch|p1a: Mienshao|Mienshao, M|100/100|[from]move: U-turn
|move|p2a: Trues|Toxic Spikes|p1a: Mienshao
|-sidestart|p1: Liquidocelot|move: Toxic Spikes
|
|upkeep
|turn|25
|
|t:|1596745998
|move|p1a: Mienshao|Rock Slide|p2a: Trues
|-damage|p2a: Trues|58/100
|cant|p2a: Trues|flinch
|
|upkeep
|turn|26
|
|t:|1596746003
|move|p1a: Mienshao|Rock Slide|p2a: Trues
|-damage|p2a: Trues|41/100
|move|p2a: Trues|Strange Steam|p1a: Mienshao
|-supereffective|p1a: Mienshao
|-damage|p1a: Mienshao|5/100
|
|upkeep
|turn|27
|
|t:|1596746009
|move|p1a: Mienshao|Rock Slide|p2a: Trues
|-damage|p2a: Trues|25/100
|move|p2a: Trues|Strange Steam|p1a: Mienshao
|-supereffective|p1a: Mienshao
|-damage|p1a: Mienshao|0 fnt
|faint|p1a: Mienshao
|
|upkeep
|
|t:|1596746012
|switch|p1a: Scyther|Scyther, F|32/100
|turn|28
|
|t:|1596746019
|move|p1a: Scyther|Dual Wingbeat|p2a: Trues
|-damage|p2a: Trues|7/100
|-damage|p2a: Trues|0 fnt
|-hitcount|p2a: Trues|2
|faint|p2a: Trues
|
|upkeep
|
|t:|1596746024
|switch|p2a: Igloo|Palossand, F|54/100
|-damage|p2a: Igloo|48/100|[from] Stealth Rock
|turn|29
|
|t:|1596746029
|move|p1a: Scyther|Knock Off|p2a: Igloo
|-supereffective|p2a: Igloo
|-damage|p2a: Igloo|25/100
|move|p2a: Igloo|Shore Up|p2a: Igloo
|-heal|p2a: Igloo|75/100
|
|upkeep
|turn|30
|
|t:|1596746035
|move|p1a: Scyther|Dual Wingbeat|p2a: Igloo
|-damage|p2a: Igloo|57/100
|-damage|p2a: Igloo|41/100
|-hitcount|p2a: Igloo|2
|move|p2a: Igloo|Shadow Ball|p1a: Scyther
|-damage|p1a: Scyther|0 fnt
|faint|p1a: Scyther
|
|upkeep
|
|t:|1596746041
|switch|p1a: Keldeo|Keldeo-Resolute|100/100
|-status|p1a: Keldeo|psn
|turn|31
|
|t:|1596746049
|move|p1a: Keldeo|Flip Turn|p2a: Igloo
|-supereffective|p2a: Igloo
|-damage|p2a: Igloo|20/100
|-ability|p2a: Igloo|Water Compaction|boost
|-boost|p2a: Igloo|def|2
|
|t:|1596746053
|switch|p1a: Jirachi|Jirachi|15/100|[from]move: Flip Turn
|move|p2a: Igloo|Shore Up|p2a: Igloo
|-heal|p2a: Igloo|70/100
|
|upkeep
|turn|32
|
|t:|1596746062
|move|p1a: Jirachi|Energy Ball|p2a: Igloo
|-supereffective|p2a: Igloo
|-damage|p2a: Igloo|15/100
|move|p2a: Igloo|Scorching Sands|p1a: Jirachi
|-supereffective|p1a: Jirachi
|-damage|p1a: Jirachi|0 fnt
|faint|p1a: Jirachi
|
|upkeep
|
|t:|1596746066
|switch|p1a: Keldeo|Keldeo-Resolute|100/100 psn
|turn|33
|
|t:|1596746071
|switch|p2a: Balenciaga|Slowking, F|100/100
|move|p1a: Keldeo|Hydro Pump|p2a: Balenciaga
|-resisted|p2a: Balenciaga
|-damage|p2a: Balenciaga|79/100
|
|-damage|p1a: Keldeo|88/100 psn|[from] psn
|upkeep
|turn|34
|
|t:|1596746079
|switch|p1a: Heliolisk|Heliolisk, M|100/100
|move|p2a: Balenciaga|Psyshock|p1a: Heliolisk
|-damage|p1a: Heliolisk|40/100
|
|upkeep
|turn|35
|
|t:|1596746087
|move|p1a: Heliolisk|Volt Switch|p2a: Balenciaga
|-supereffective|p2a: Balenciaga
|-damage|p2a: Balenciaga|25/100
|
|t:|1596746089
|switch|p1a: Keldeo|Keldeo-Resolute|88/100 psn|[from]move: Volt Switch
|move|p2a: Balenciaga|Psyshock|p1a: Keldeo
|-supereffective|p1a: Keldeo
|-damage|p1a: Keldeo|29/100 psn
|
|-damage|p1a: Keldeo|16/100 psn|[from] psn
|upkeep
|turn|36
|
|t:|1596746101
|move|p1a: Keldeo|Hydro Pump|p2a: Balenciaga
|-resisted|p2a: Balenciaga
|-damage|p2a: Balenciaga|3/100
|move|p2a: Balenciaga|Teleport|p2a: Balenciaga
|
|t:|1596746105
|switch|p2a: Igloo|Palossand, F|15/100|[from]move: Teleport
|-damage|p2a: Igloo|9/100|[from] Stealth Rock
|
|-damage|p1a: Keldeo|4/100 psn|[from] psn
|upkeep
|turn|37
|c|☆Liquidocelot|gg
|
|t:|1596746112
|switch|p2a: Balenciaga|Slowking, F|36/100
|move|p1a: Keldeo|Hydro Pump|p2a: Balenciaga|[miss]
|-miss|p1a: Keldeo|p2a: Balenciaga
|
|-damage|p1a: Keldeo|0 fnt|[from] psn
|faint|p1a: Keldeo
|upkeep
|
|t:|1596746115
|switch|p1a: Heliolisk|Heliolisk, M|40/100
|turn|38
|
|t:|1596746142
|switch|p2a: Igloo|Palossand, F|9/100
|-damage|p2a: Igloo|3/100|[from] Stealth Rock
|move|p1a: Heliolisk|Grass Knot|p2a: Igloo
|-supereffective|p2a: Igloo
|-damage|p2a: Igloo|0 fnt
|faint|p2a: Igloo
|
|upkeep
|
|t:|1596746149
|switch|p2a: Balenciaga|Slowking, F|69/100
|turn|39
|
|t:|1596746154
|move|p1a: Heliolisk|Thunderbolt|p2a: Balenciaga
|-supereffective|p2a: Balenciaga
|-damage|p2a: Balenciaga|1/100
|move|p2a: Balenciaga|Psyshock|p1a: Heliolisk
|-damage|p1a: Heliolisk|0 fnt
|faint|p1a: Heliolisk
|
|win|St. 78
|c|☆St. 78|how?
|c|☆St. 78|did I win?
|c|☆St. 78|amazing
|c|☆Liquidocelot|My thunderbolt rolled min
|c|☆Liquidocelot|damage
||Ladder (probably) updated, but score could not be retrieved (Request timeout).
