|html|<div class="broadcast-blue"><strong>[Gen 8] UU is currently suspecting Scizor! For information on how to participate check out the <a href="https://www.smogon.com/forums/threads/ss-uu-stage-12-2-spider-dance.3704866/">suspect thread</a>.</strong></div>
|j|☆Zephyyyr
|j|☆ninjadouche
|t:|1658590758
|gametype|singles
|player|p1|Zephyyyr|richboy|1601
|player|p2|ninjadouche|burglar|1522
|teamsize|p1|6
|teamsize|p2|6
|gen|8
|tier|[Gen 8] UU
|rated|
|rule|Sleep Clause Mod: Limit one foe put to sleep
|rule|Species Clause: Limit one of each Pokémon
|rule|OHKO Clause: OHKO moves are banned
|rule|Evasion Moves Clause: Evasion moves are banned
|rule|Endless Battle Clause: Forcing endless battles is banned
|rule|HP Percentage Mod: HP is shown in percentages
|rule|Dynamax Clause: You cannot dynamax
|clearpoke
|poke|p1|Krookodile, F|
|poke|p1|Azumarill, F|
|poke|p1|Salamence, M|
|poke|p1|Gyarados, M|
|poke|p1|Scizor, F|
|poke|p1|Nihilego|
|poke|p2|Marowak-Alola, M|
|poke|p2|Ninetales, F|
|poke|p2|Rotom-Wash|
|poke|p2|Snorlax, M|
|poke|p2|Shiftry, M|
|poke|p2|Aggron, F|
|teampreview
|inactive|Battle timer is ON: inactive players will automatically lose when time's up. (requested by Zephyyyr)
|
|t:|1658590776
|start
|switch|p1a: Krookodile|Krookodile, F|100/100
|switch|p2a: Snorlax|Snorlax, M|100/100
|-ability|p1a: Krookodile|Intimidate|boost
|-unboost|p2a: Snorlax|atk|1
|turn|1
|
|t:|1658590806
|switch|p2a: Rotom|Rotom-Wash|100/100
|move|p1a: Krookodile|Knock Off|p2a: Rotom
|-damage|p2a: Rotom|64/100
|-enditem|p2a: Rotom|Leftovers|[from] move: Knock Off|[of] p1a: Krookodile
|
|upkeep
|turn|2
|
|t:|1658590811
|move|p1a: Krookodile|Stealth Rock|p2a: Rotom
|-sidestart|p2: ninjadouche|move: Stealth Rock
|move|p2a: Rotom|Hydro Pump|p1a: Krookodile
|-supereffective|p1a: Krookodile
|-enditem|p1a: Krookodile|Focus Sash
|-damage|p1a: Krookodile|1/100
|
|upkeep
|turn|3
|
|t:|1658590816
|move|p1a: Krookodile|Knock Off|p2a: Rotom
|-damage|p2a: Rotom|40/100
|move|p2a: Rotom|Defog|p1a: Krookodile
|-unboost|p1a: Krookodile|evasion|1
|-sideend|p2: ninjadouche|Stealth Rock|[from] move: Defog|[of] p2a: Rotom
|
|upkeep
|turn|4
|
|t:|1658590823
|move|p1a: Krookodile|Stealth Rock|p2a: Rotom
|-sidestart|p2: ninjadouche|move: Stealth Rock
|move|p2a: Rotom|Hydro Pump|p1a: Krookodile
|-supereffective|p1a: Krookodile
|-damage|p1a: Krookodile|0 fnt
|faint|p1a: Krookodile
|
|upkeep
|
|t:|1658590837
|switch|p1a: Nihilego|Nihilego|100/100
|turn|5
|
|t:|1658590840
|switch|p2a: Snorlax|Snorlax, M|100/100
|-damage|p2a: Snorlax|88/100|[from] Stealth Rock
|move|p1a: Nihilego|Sludge Wave|p2a: Snorlax
|-damage|p2a: Snorlax|59/100
|-status|p2a: Snorlax|psn
|
|-damage|p2a: Snorlax|47/100 psn|[from] psn
|upkeep
|turn|6
|
|t:|1658590854
|switch|p1a: Scizor|Scizor, F|100/100
|move|p2a: Snorlax|Giga Impact|p1a: Scizor
|-resisted|p1a: Scizor
|-crit|p1a: Scizor
|-damage|p1a: Scizor|0 fnt
|-mustrecharge|p2a: Snorlax
|faint|p1a: Scizor
|
|-damage|p2a: Snorlax|35/100 psn|[from] psn
|upkeep
|
|t:|1658590862
|switch|p1a: Gyarados|Gyarados, M, shiny|100/100
|turn|7
|
|t:|1658590866
|move|p1a: Gyarados|Dragon Dance|p1a: Gyarados
|-boost|p1a: Gyarados|atk|1
|-boost|p1a: Gyarados|spe|1
|cant|p2a: Snorlax|recharge
|
|-damage|p2a: Snorlax|22/100 psn|[from] psn
|upkeep
|turn|8
|
|t:|1658590869
|move|p1a: Gyarados|Waterfall|p2a: Snorlax
|-damage|p2a: Snorlax|0 fnt
|faint|p2a: Snorlax
|-ability|p1a: Gyarados|Moxie|boost
|-boost|p1a: Gyarados|atk|1
|
|upkeep
|
|t:|1658590897
|switch|p2a: Aggron|Aggron, F|100/100
|-damage|p2a: Aggron|95/100|[from] Stealth Rock
|turn|9
|
|t:|1658590911
|move|p2a: Aggron|Endure|p2a: Aggron
|-singleturn|p2a: Aggron|move: Endure
|move|p1a: Gyarados|Waterfall|p2a: Aggron
|-supereffective|p2a: Aggron
|-activate|p2a: Aggron|move: Endure
|-damage|p2a: Aggron|1/100
|
|upkeep
|turn|10
|-enditem|p2a: Aggron|Custap Berry|[eat]
|-activate|p2a: Aggron|item: Custap Berry|[consumed]
|
|t:|1658590914
|move|p2a: Aggron|Head Smash|p1a: Gyarados
|-supereffective|p1a: Gyarados
|-damage|p1a: Gyarados|0 fnt
|faint|p1a: Gyarados
|-damage|p2a: Aggron|0 fnt|[from] Recoil
|faint|p2a: Aggron
|
|upkeep
|
|t:|1658590926
|switch|p1a: Salamence|Salamence, M|100/100
|switch|p2a: Ninetales|Ninetales, F, shiny|100/100
|-damage|p2a: Ninetales|76/100|[from] Stealth Rock
|-weather|SunnyDay|[from] ability: Drought|[of] p2a: Ninetales
|turn|11
|
|t:|1658590935
|move|p1a: Salamence|Dragon Dance|p1a: Salamence
|-boost|p1a: Salamence|atk|1
|-boost|p1a: Salamence|spe|1
|move|p2a: Ninetales|Overheat|p1a: Salamence
|-resisted|p1a: Salamence
|-damage|p1a: Salamence|18/100
|-unboost|p2a: Ninetales|spa|2
|
|-weather|SunnyDay|[upkeep]
|upkeep
|turn|12
|
|t:|1658590951
|switch|p2a: Marowak|Marowak-Alola, M|100/100
|-damage|p2a: Marowak|76/100|[from] Stealth Rock
|move|p1a: Salamence|Dual Wingbeat|p2a: Marowak
|-damage|p2a: Marowak|40/100
|-damage|p2a: Marowak|8/100
|-hitcount|p2a: Marowak|2
|
|-weather|SunnyDay|[upkeep]
|upkeep
|turn|13
|
|t:|1658590961
|move|p1a: Salamence|Dragon Dance|p1a: Salamence
|-boost|p1a: Salamence|atk|1
|-boost|p1a: Salamence|spe|1
|move|p2a: Marowak|Flare Blitz|p1a: Salamence
|-resisted|p1a: Salamence
|-damage|p1a: Salamence|0 fnt
|faint|p1a: Salamence
|-damage|p2a: Marowak|2/100|[from] Recoil
|
|-weather|SunnyDay|[upkeep]
|upkeep
|
|t:|1658590963
|switch|p1a: Nihilego|Nihilego|100/100
|turn|14
|
|t:|1658590970
|move|p1a: Nihilego|Sludge Wave|p2a: Marowak
|-resisted|p2a: Marowak
|-damage|p2a: Marowak|0 fnt
|faint|p2a: Marowak
|-ability|p1a: Nihilego|Beast Boost|boost
|-boost|p1a: Nihilego|spe|1
|
|-weather|SunnyDay|[upkeep]
|upkeep
|
|t:|1658590977
|switch|p2a: Shiftry|Shiftry, M|100/100
|-damage|p2a: Shiftry|88/100|[from] Stealth Rock
|turn|15
|
|t:|1658590979
|move|p2a: Shiftry|Knock Off|p1a: Nihilego
|-damage|p1a: Nihilego|12/100
|-enditem|p1a: Nihilego|Power Herb|[from] move: Knock Off|[of] p2a: Shiftry
|-damage|p2a: Shiftry|78/100|[from] item: Life Orb
|move|p1a: Nihilego|Sludge Wave|p2a: Shiftry
|-supereffective|p2a: Shiftry
|-crit|p2a: Shiftry
|-damage|p2a: Shiftry|0 fnt
|faint|p2a: Shiftry
|-ability|p1a: Nihilego|Beast Boost|boost
|-boost|p1a: Nihilego|spe|1
|
|-weather|none
|upkeep
|c|☆ninjadouche|gg
|c|☆ninjadouche|i needed that to kill u
|j| Galacman
|
|t:|1658590994
|switch|p2a: Ninetales|Ninetales, F, shiny|76/100
|-damage|p2a: Ninetales|51/100|[from] Stealth Rock
|-weather|SunnyDay|[from] ability: Drought|[of] p2a: Ninetales
|turn|16
|
|t:|1658590997
|move|p1a: Nihilego|Sludge Wave|p2a: Ninetales
|-damage|p2a: Ninetales|0 fnt
|faint|p2a: Ninetales
|-ability|p1a: Nihilego|Beast Boost|boost
|-boost|p1a: Nihilego|spe|1
|
|-weather|SunnyDay|[upkeep]
|upkeep
|
|t:|1658591000
|switch|p2a: Rotom|Rotom-Wash|40/100
|-damage|p2a: Rotom|28/100|[from] Stealth Rock
|turn|17
|
|t:|1658591001
|move|p1a: Nihilego|Sludge Wave|p2a: Rotom
|-damage|p2a: Rotom|0 fnt
|faint|p2a: Rotom
|
|win|Zephyyyr
|raw|Zephyyyr's rating: 1601 &rarr; <strong>1617</strong><br />(+16 for winning)
|raw|ninjadouche's rating: 1522 &rarr; <strong>1506</strong><br />(-16 for losing)
|l|☆ninjadouche
|l|☆Zephyyyr
||Ladder isn't responding, score probably updated but might not have (Request timeout).
