|j|☆pif
|j|☆SwitchingIsGreat
|t:|1664413839
|gametype|singles
|player|p1|pif|#uutrio2ladder|1691
|player|p2|SwitchingIsGreat|170|1643
|teamsize|p1|6
|teamsize|p2|6
|gen|8
|tier|[Gen 8] UU
|rated|
|rule|Sleep Clause Mod: Limit one foe put to sleep
|rule|Species Clause: Limit one of each Pokémon
|rule|OHKO Clause: OHKO moves are banned
|rule|Evasion Items Clause: Evasion items are banned
|rule|Evasion Moves Clause: Evasion moves are banned
|rule|Endless Battle Clause: Forcing endless battles is banned
|rule|HP Percentage Mod: HP is shown in percentages
|rule|Dynamax Clause: You cannot dynamax
|clearpoke
|poke|p1|Golisopod, F|
|poke|p1|Cobalion|
|poke|p1|Zygarde-10%|
|poke|p1|Chansey, F|
|poke|p1|Salamence, F|
|poke|p1|Tentacruel, F|
|poke|p2|Reuniclus, F|
|poke|p2|Golisopod, F|
|poke|p2|Cobalion|
|poke|p2|Chansey, F|
|poke|p2|Salamence, M|
|poke|p2|Hydreigon, M|
|teampreview
|c|☆pif|godpod
|c|☆SwitchingIsGreat|pod god
|
|t:|1664413891
|start
|switch|p1a: coba truthin|Cobalion|100/100
|switch|p2a: Hydreigon|Hydreigon, M|100/100
|turn|1
|
|t:|1664413897
|switch|p1a: megan the eggin|Chansey, F|100/100
|move|p2a: Hydreigon|U-turn|p1a: megan the eggin
|-damage|p1a: megan the eggin|91/100
|
|t:|1664413905
|switch|p2a: Godpod|Golisopod, F|100/100|[from]move: U-turn
|
|upkeep
|turn|2
|
|t:|1664413916
|switch|p1a: mencey wencey|Salamence, F|100/100
|-ability|p1a: mencey wencey|Intimidate|boost
|-unboost|p2a: Godpod|atk|1
|move|p2a: Godpod|Knock Off|p1a: mencey wencey
|-damage|p1a: mencey wencey|81/100
|-enditem|p1a: mencey wencey|Heavy-Duty Boots|[from] move: Knock Off|[of] p2a: Godpod
|
|upkeep
|turn|3
|
|t:|1664413921
|switch|p2a: Chansey|Chansey, F|100/100
|move|p1a: mencey wencey|Dual Wingbeat|p2a: Chansey
|-crit|p2a: Chansey
|-damage|p2a: Chansey|83/100
|-damage|p2a: Chansey|71/100
|-hitcount|p2a: Chansey|2
|
|upkeep
|turn|4
|
|t:|1664413931
|switch|p1a: coba truthin|Cobalion|100/100
|move|p2a: Chansey|Seismic Toss|p1a: coba truthin
|-damage|p1a: coba truthin|70/100
|-damage|p2a: Chansey|55/100|[from] item: Rocky Helmet|[of] p1a: coba truthin
|
|upkeep
|turn|5
|
|t:|1664413937
|switch|p2a: Salamence|Salamence, M|100/100
|-ability|p2a: Salamence|Intimidate|boost
|-unboost|p1a: coba truthin|atk|1
|move|p1a: coba truthin|Stealth Rock|p2a: Salamence
|-sidestart|p2: SwitchingIsGreat|move: Stealth Rock
|
|upkeep
|turn|6
|
|t:|1664413941
|switch|p1a: megan the eggin|Chansey, F|91/100
|move|p2a: Salamence|Defog|p1a: megan the eggin
|-unboost|p1a: megan the eggin|evasion|1
|-sideend|p2: SwitchingIsGreat|Stealth Rock|[from] move: Defog|[of] p2a: Salamence
|
|upkeep
|turn|7
|
|t:|1664413944
|switch|p2a: Reuniclus|Reuniclus, F, shiny|100/100
|move|p1a: megan the eggin|Teleport|p1a: megan the eggin
|
|t:|1664413947
|switch|p1a: GOD POD|Golisopod, F|100/100|[from]move: Teleport
|
|upkeep
|turn|8
|
|t:|1664413949
|switch|p2a: Cobalion|Cobalion|100/100
|move|p1a: GOD POD|Knock Off|p2a: Cobalion
|-resisted|p2a: Cobalion
|-damage|p2a: Cobalion|85/100
|-damage|p1a: GOD POD|84/100|[from] item: Rocky Helmet|[of] p2a: Cobalion
|-ability|p2a: Cobalion|Justified|boost
|-boost|p2a: Cobalion|atk|1
|-enditem|p2a: Cobalion|Rocky Helmet|[from] move: Knock Off|[of] p1a: GOD POD
|
|upkeep
|turn|9
|
|t:|1664413953
|switch|p1a: hoisin poison|Tentacruel, F|100/100
|move|p2a: Cobalion|Swords Dance|p2a: Cobalion
|-boost|p2a: Cobalion|atk|2
|
|upkeep
|turn|10
|
|t:|1664413959
|switch|p1a: Zygarde-10% off|Zygarde-10%|100/100
|-ability|p1a: Zygarde-10% off|Aura Break
|move|p2a: Cobalion|Close Combat|p1a: Zygarde-10% off
|-damage|p1a: Zygarde-10% off|0 fnt
|-unboost|p2a: Cobalion|def|1
|-unboost|p2a: Cobalion|spd|1
|faint|p1a: Zygarde-10% off
|
|upkeep
|
|t:|1664413970
|switch|p1a: coba truthin|Cobalion|70/100
|turn|11
|
|t:|1664413973
|switch|p2a: Godpod|Golisopod, F|100/100
|move|p1a: coba truthin|Close Combat|p2a: Godpod
|-resisted|p2a: Godpod
|-damage|p2a: Godpod|81/100
|-unboost|p1a: coba truthin|def|1
|-unboost|p1a: coba truthin|spd|1
|
|upkeep
|turn|12
|
|t:|1664413978
|move|p1a: coba truthin|Stealth Rock|p2a: Godpod
|-sidestart|p2: SwitchingIsGreat|move: Stealth Rock
|move|p2a: Godpod|Knock Off|p1a: coba truthin
|-resisted|p1a: coba truthin
|-damage|p1a: coba truthin|46/100
|-damage|p2a: Godpod|65/100|[from] item: Rocky Helmet|[of] p1a: coba truthin
|-ability|p1a: coba truthin|Justified|boost
|-boost|p1a: coba truthin|atk|1
|-enditem|p1a: coba truthin|Rocky Helmet|[from] move: Knock Off|[of] p2a: Godpod
|
|upkeep
|turn|13
|
|t:|1664413982
|move|p1a: coba truthin|Close Combat|p2a: Godpod
|-resisted|p2a: Godpod
|-damage|p2a: Godpod|39/100
|-unboost|p1a: coba truthin|def|1
|-unboost|p1a: coba truthin|spd|1
|-activate|p2a: Godpod|ability: Emergency Exit
|
|t:|1664413987
|switch|p2a: Salamence|Salamence, M|100/100
|-ability|p2a: Salamence|Intimidate|boost
|-unboost|p1a: coba truthin|atk|1
|
|upkeep
|turn|14
|
|t:|1664413990
|move|p1a: coba truthin|Iron Head|p2a: Salamence
|-damage|p2a: Salamence|75/100
|move|p2a: Salamence|Defog|p1a: coba truthin
|-unboost|p1a: coba truthin|evasion|1
|-sideend|p2: SwitchingIsGreat|Stealth Rock|[from] move: Defog|[of] p2a: Salamence
|
|upkeep
|turn|15
|
|t:|1664413997
|move|p1a: coba truthin|Stealth Rock|p2a: Salamence
|-sidestart|p2: SwitchingIsGreat|move: Stealth Rock
|move|p2a: Salamence|Roost|p2a: Salamence
|-heal|p2a: Salamence|100/100
|-singleturn|p2a: Salamence|move: Roost
|
|upkeep
|turn|16
|
|t:|1664414000
|move|p1a: coba truthin|Iron Head|p2a: Salamence
|-damage|p2a: Salamence|75/100
|move|p2a: Salamence|Flamethrower|p1a: coba truthin
|-supereffective|p1a: coba truthin
|-damage|p1a: coba truthin|0 fnt
|faint|p1a: coba truthin
|
|upkeep
|
|t:|1664414005
|switch|p1a: megan the eggin|Chansey, F|91/100
|turn|17
|
|t:|1664414010
|switch|p2a: Chansey|Chansey, F|55/100
|-damage|p2a: Chansey|42/100|[from] Stealth Rock
|move|p1a: megan the eggin|Toxic|p2a: Chansey
|-status|p2a: Chansey|tox
|
|-damage|p2a: Chansey|36/100 tox|[from] psn
|upkeep
|turn|18
|
|t:|1664414013
|move|p2a: Chansey|Soft-Boiled|p2a: Chansey
|-heal|p2a: Chansey|86/100 tox
|move|p1a: megan the eggin|Teleport|p1a: megan the eggin
|
|t:|1664414015
|switch|p1a: GOD POD|Golisopod, F|84/100|[from]move: Teleport
|
|-damage|p2a: Chansey|74/100 tox|[from] psn
|upkeep
|turn|19
|
|t:|1664414030
|switch|p1a: hoisin poison|Tentacruel, F|100/100
|-curestatus|p2a: Chansey|tox|[from] ability: Natural Cure
|switch|p2a: Salamence|Salamence, M|75/100
|-ability|p2a: Salamence|Intimidate|boost
|-unboost|p1a: hoisin poison|atk|1
|
|upkeep
|turn|20
|
|t:|1664414033
|move|p1a: hoisin poison|Sludge Bomb|p2a: Salamence
|-damage|p2a: Salamence|46/100
|move|p2a: Salamence|Defog|p1a: hoisin poison
|-unboost|p1a: hoisin poison|evasion|1
|-sideend|p2: SwitchingIsGreat|Stealth Rock|[from] move: Defog|[of] p2a: Salamence
|
|upkeep
|turn|21
|
|t:|1664414035
|switch|p2a: Chansey|Chansey, F|74/100
|move|p1a: hoisin poison|Sludge Bomb|p2a: Chansey
|-damage|p2a: Chansey|66/100
|
|upkeep
|turn|22
|
|t:|1664414038
|switch|p1a: GOD POD|Golisopod, F|84/100
|move|p2a: Chansey|Wish|p2a: Chansey
|
|upkeep
|turn|23
|
|t:|1664414045
|switch|p2a: Salamence|Salamence, M|46/100
|-ability|p2a: Salamence|Intimidate|boost
|-unboost|p1a: GOD POD|atk|1
|move|p1a: GOD POD|Spikes|p2a: Salamence
|-sidestart|p2: SwitchingIsGreat|Spikes
|
|-heal|p2a: Salamence|100/100|[from] move: Wish|[wisher] Chansey
|upkeep
|turn|24
|
|t:|1664414048
|switch|p1a: hoisin poison|Tentacruel, F|100/100
|move|p2a: Salamence|Dual Wingbeat|p1a: hoisin poison
|-damage|p1a: hoisin poison|77/100
|-damage|p1a: hoisin poison|53/100
|-hitcount|p1a: hoisin poison|2
|
|-heal|p1a: hoisin poison|59/100|[from] item: Black Sludge
|upkeep
|turn|25
|
|t:|1664414051
|move|p1a: hoisin poison|Sludge Bomb|p2a: Salamence
|-damage|p2a: Salamence|73/100
|move|p2a: Salamence|Dual Wingbeat|p1a: hoisin poison
|-damage|p1a: hoisin poison|35/100
|-damage|p1a: hoisin poison|11/100
|-hitcount|p1a: hoisin poison|2
|
|-heal|p1a: hoisin poison|17/100|[from] item: Black Sludge
|upkeep
|turn|26
|
|t:|1664414055
|move|p1a: hoisin poison|Sludge Bomb|p2a: Salamence
|-damage|p2a: Salamence|45/100
|-status|p2a: Salamence|psn
|move|p2a: Salamence|Dual Wingbeat|p1a: hoisin poison
|-damage|p1a: hoisin poison|0 fnt
|faint|p1a: hoisin poison
|-hitcount|p1: hoisin poison|1
|
|-damage|p2a: Salamence|32/100 psn|[from] psn
|upkeep
|
|t:|1664414059
|switch|p1a: mencey wencey|Salamence, F|81/100
|-ability|p1a: mencey wencey|Intimidate|boost
|-unboost|p2a: Salamence|atk|1
|turn|27
|
|t:|1664414066
|switch|p2a: Chansey|Chansey, F|66/100
|-damage|p2a: Chansey|53/100|[from] Spikes
|move|p1a: mencey wencey|Dual Wingbeat|p2a: Chansey
|-damage|p2a: Chansey|43/100
|-damage|p2a: Chansey|32/100
|-hitcount|p2a: Chansey|2
|
|upkeep
|turn|28
|
|t:|1664414072
|switch|p1a: GOD POD|Golisopod, F|84/100
|move|p2a: Chansey|Soft-Boiled|p2a: Chansey
|-heal|p2a: Chansey|82/100
|
|upkeep
|turn|29
|
|t:|1664414080
|move|p1a: GOD POD|Liquidation|p2a: Chansey
|-damage|p2a: Chansey|54/100
|move|p2a: Chansey|Wish|p2a: Chansey
|
|upkeep
|turn|30
|
|t:|1664414085
|switch|p1a: mencey wencey|Salamence, F|81/100
|-ability|p1a: mencey wencey|Intimidate|boost
|-unboost|p2a: Chansey|atk|1
|switch|p2a: Salamence|Salamence, M|32/100 psn
|-ability|p2a: Salamence|Intimidate|boost
|-unboost|p1a: mencey wencey|atk|1
|
|-heal|p2a: Salamence|100/100 psn|[from] move: Wish|[wisher] Chansey
|-damage|p2a: Salamence|88/100 psn|[from] psn
|upkeep
|turn|31
|
|t:|1664414095
|move|p1a: mencey wencey|Dual Wingbeat|p2a: Salamence
|-damage|p2a: Salamence|78/100 psn
|-damage|p2a: Salamence|67/100 psn
|-hitcount|p2a: Salamence|2
|move|p2a: Salamence|Defog|p1a: mencey wencey
|-unboost|p1a: mencey wencey|evasion|1
|-sideend|p2: SwitchingIsGreat|Spikes|[from] move: Defog|[of] p2a: Salamence
|
|-damage|p2a: Salamence|55/100 psn|[from] psn
|upkeep
|turn|32
|
|t:|1664414100
|switch|p2a: Cobalion|Cobalion|85/100
|move|p1a: mencey wencey|Roost|p1a: mencey wencey
|-heal|p1a: mencey wencey|100/100
|-singleturn|p1a: mencey wencey|move: Roost
|
|upkeep
|turn|33
|
|t:|1664414103
|move|p2a: Cobalion|Stealth Rock|p1a: mencey wencey
|-sidestart|p1: pif|move: Stealth Rock
|move|p1a: mencey wencey|Flamethrower|p2a: Cobalion
|-supereffective|p2a: Cobalion
|-damage|p2a: Cobalion|25/100
|
|upkeep
|turn|34
|
|t:|1664414108
|switch|p2a: Chansey|Chansey, F|54/100
|move|p1a: mencey wencey|Wish|p1a: mencey wencey
|
|upkeep
|turn|35
|
|t:|1664414111
|switch|p1a: GOD POD|Golisopod, F|84/100
|move|p2a: Chansey|Soft-Boiled|p2a: Chansey
|-heal|p2a: Chansey|100/100
|
|-heal|p1a: GOD POD|100/100|[from] move: Wish|[wisher] mencey wencey
|upkeep
|turn|36
|
|t:|1664414115
|move|p1a: GOD POD|Spikes|p2a: Chansey
|-sidestart|p2: SwitchingIsGreat|Spikes
|move|p2a: Chansey|Toxic|p1a: GOD POD
|-status|p1a: GOD POD|tox
|
|-damage|p1a: GOD POD|94/100 tox|[from] psn
|upkeep
|turn|37
|
|t:|1664414117
|move|p1a: GOD POD|Knock Off|p2a: Chansey
|-damage|p2a: Chansey|76/100
|-enditem|p2a: Chansey|Eviolite|[from] move: Knock Off|[of] p1a: GOD POD
|move|p2a: Chansey|Seismic Toss|p1a: GOD POD
|-damage|p1a: GOD POD|64/100 tox
|
|-damage|p1a: GOD POD|52/100 tox|[from] psn
|upkeep
|turn|38
|
|t:|1664414120
|switch|p1a: megan the eggin|Chansey, F|91/100
|-damage|p1a: megan the eggin|78/100|[from] Stealth Rock
|move|p2a: Chansey|Wish|p2a: Chansey
|
|upkeep
|turn|39
|
|t:|1664414126
|switch|p2a: Godpod|Golisopod, F|39/100
|move|p1a: megan the eggin|Toxic|p2a: Godpod
|-status|p2a: Godpod|tox
|
|-heal|p2a: Godpod|100/100 tox|[from] move: Wish|[wisher] Chansey
|-damage|p2a: Godpod|94/100 tox|[from] psn
|upkeep
|turn|40
|
|t:|1664414132
|switch|p1a: mencey wencey|Salamence, F|100/100
|-damage|p1a: mencey wencey|76/100|[from] Stealth Rock
|-ability|p1a: mencey wencey|Intimidate|boost
|-unboost|p2a: Godpod|atk|1
|move|p2a: Godpod|Knock Off|p1a: mencey wencey
|-damage|p1a: mencey wencey|61/100
|
|-damage|p2a: Godpod|82/100 tox|[from] psn
|upkeep
|turn|41
|
|t:|1664414139
|move|p1a: mencey wencey|Wish|p1a: mencey wencey
|move|p2a: Godpod|Spikes|p1a: mencey wencey
|-sidestart|p1: pif|Spikes
|
|-damage|p2a: Godpod|63/100 tox|[from] psn
|upkeep
|turn|42
|
|t:|1664414143
|switch|p1a: GOD POD|Golisopod, F|52/100 tox
|switch|p2a: Chansey|Chansey, F|76/100
|-damage|p2a: Chansey|63/100|[from] Spikes
|
|-heal|p1a: GOD POD|100/100 tox|[from] move: Wish|[wisher] mencey wencey
|-damage|p1a: GOD POD|94/100 tox|[from] psn
|upkeep
|turn|43
|
|t:|1664414147
|switch|p2a: Salamence|Salamence, M|55/100 psn
|-ability|p2a: Salamence|Intimidate|boost
|-unboost|p1a: GOD POD|atk|1
|move|p1a: GOD POD|Liquidation|p2a: Salamence
|-resisted|p2a: Salamence
|-damage|p2a: Salamence|43/100 psn
|
|-damage|p2a: Salamence|30/100 psn|[from] psn
|-damage|p1a: GOD POD|82/100 tox|[from] psn
|upkeep
|turn|44
|
|t:|1664414152
|move|p2a: Salamence|Roost|p2a: Salamence
|-heal|p2a: Salamence|80/100 psn
|-singleturn|p2a: Salamence|move: Roost
|move|p1a: GOD POD|Spikes|p2a: Salamence
|-sidestart|p2: SwitchingIsGreat|Spikes
|
|-damage|p2a: Salamence|68/100 psn|[from] psn
|-damage|p1a: GOD POD|64/100 tox|[from] psn
|upkeep
|turn|45
|
|t:|1664414160
|switch|p2a: Cobalion|Cobalion|25/100
|-damage|p2a: Cobalion|9/100|[from] Spikes
|switch|p1a: megan the eggin|Chansey, F|78/100
|-damage|p1a: megan the eggin|66/100|[from] Stealth Rock
|-damage|p1a: megan the eggin|54/100|[from] Spikes
|
|upkeep
|turn|46
|
|t:|1664414164
|switch|p1a: mencey wencey|Salamence, F|61/100
|-damage|p1a: mencey wencey|36/100|[from] Stealth Rock
|-ability|p1a: mencey wencey|Intimidate|boost
|-unboost|p2a: Cobalion|atk|1
|move|p2a: Cobalion|Close Combat|p1a: mencey wencey
|-resisted|p1a: mencey wencey
|-damage|p1a: mencey wencey|22/100
|-unboost|p2a: Cobalion|def|1
|-unboost|p2a: Cobalion|spd|1
|
|upkeep
|turn|47
|
|t:|1664414167
|move|p2a: Cobalion|Iron Head|p1a: mencey wencey
|-damage|p1a: mencey wencey|2/100
|move|p1a: mencey wencey|Roost|p1a: mencey wencey
|-heal|p1a: mencey wencey|52/100
|-singleturn|p1a: mencey wencey|move: Roost
|
|upkeep
|turn|48
|
|t:|1664414172
|switch|p2a: Chansey|Chansey, F|63/100
|-damage|p2a: Chansey|47/100|[from] Spikes
|move|p1a: mencey wencey|Roost|p1a: mencey wencey
|-heal|p1a: mencey wencey|100/100
|-singleturn|p1a: mencey wencey|move: Roost
|
|upkeep
|turn|49
|
|t:|1664414178
|move|p1a: mencey wencey|Wish|p1a: mencey wencey
|move|p2a: Chansey|Soft-Boiled|p2a: Chansey
|-heal|p2a: Chansey|97/100
|
|upkeep
|turn|50
|
|t:|1664414180
|switch|p1a: megan the eggin|Chansey, F|54/100
|-damage|p1a: megan the eggin|41/100|[from] Stealth Rock
|-damage|p1a: megan the eggin|29/100|[from] Spikes
|move|p2a: Chansey|Wish|p2a: Chansey
|
|-heal|p1a: megan the eggin|57/100|[from] move: Wish|[wisher] mencey wencey
|upkeep
|turn|51
|
|t:|1664414189
|switch|p2a: Godpod|Golisopod, F|63/100 tox
|move|p1a: megan the eggin|Soft-Boiled|p1a: megan the eggin
|-heal|p1a: megan the eggin|100/100
|
|-heal|p2a: Godpod|100/100 tox|[from] move: Wish|[wisher] Chansey
|-damage|p2a: Godpod|94/100 tox|[from] psn
|upkeep
|turn|52
|
|t:|1664414193
|switch|p1a: mencey wencey|Salamence, F|100/100
|-damage|p1a: mencey wencey|76/100|[from] Stealth Rock
|-ability|p1a: mencey wencey|Intimidate|boost
|-unboost|p2a: Godpod|atk|1
|move|p2a: Godpod|Spikes|p1a: mencey wencey
|-sidestart|p1: pif|Spikes
|
|-damage|p2a: Godpod|82/100 tox|[from] psn
|upkeep
|turn|53
|
|t:|1664414201
|switch|p2a: Cobalion|Cobalion|9/100
|-damage|p2a: Cobalion|0 fnt|[from] Spikes
|faint|p2a: Cobalion
|move|p1a: mencey wencey|Wish|p1a: mencey wencey
|
|upkeep
|
|t:|1664414203
|switch|p2a: Reuniclus|Reuniclus, F, shiny|100/100
|turn|54
|
|t:|1664414211
|switch|p2a: Godpod|Golisopod, F|82/100 tox
|move|p1a: mencey wencey|Dual Wingbeat|p2a: Godpod
|-supereffective|p2a: Godpod
|-damage|p2a: Godpod|53/100 tox
|-supereffective|p2a: Godpod
|-damage|p2a: Godpod|25/100 tox
|-hitcount|p2a: Godpod|2
|-activate|p2a: Godpod|ability: Emergency Exit
|
|t:|1664414215
|switch|p2a: Reuniclus|Reuniclus, F, shiny|100/100
|
|-heal|p1a: mencey wencey|100/100|[from] move: Wish|[wisher] mencey wencey
|upkeep
|turn|55
|
|t:|1664414220
|switch|p1a: GOD POD|Golisopod, F|64/100 tox
|move|p2a: Reuniclus|Psyshock|p1a: GOD POD
|-damage|p1a: GOD POD|36/100 tox
|-activate|p1a: GOD POD|ability: Emergency Exit
|
|t:|1664414222
|switch|p1a: mencey wencey|Salamence, F|100/100
|-damage|p1a: mencey wencey|76/100|[from] Stealth Rock
|-ability|p1a: mencey wencey|Intimidate|boost
|-unboost|p2a: Reuniclus|atk|1
|
|upkeep
|turn|56
|
|t:|1664414224
|move|p1a: mencey wencey|Wish|p1a: mencey wencey
|move|p2a: Reuniclus|Calm Mind|p2a: Reuniclus
|-boost|p2a: Reuniclus|spa|1
|-boost|p2a: Reuniclus|spd|1
|
|upkeep
|turn|57
|
|t:|1664414226
|switch|p1a: GOD POD|Golisopod, F|36/100 tox
|move|p2a: Reuniclus|Psyshock|p1a: GOD POD
|-damage|p1a: GOD POD|0 fnt
|faint|p1a: GOD POD
|
|upkeep
|c|☆pif|gg
|c|☆SwitchingIsGreat|gg
|-message|pif forfeited.
|
|win|SwitchingIsGreat
|raw|pif's rating: 1691 &rarr; <strong>1668</strong><br />(-23 for losing)
|raw|SwitchingIsGreat's rating: 1643 &rarr; <strong>1666</strong><br />(+23 for winning)
