|j|☆banana love
|j|☆gijion chilli
|player|p1|banana love|101|1598
|player|p2|gijion chilli|twins-gen4dp|1614
|teamsize|p1|6
|teamsize|p2|6
|gametype|singles
|gen|8
|tier|[Gen 8] UU
|rated|
|clearpoke
|poke|p1|Vikavolt, F|
|poke|p1|Diggersby, F|
|poke|p1|Tsareena, F|
|poke|p1|Gigalith, F|
|poke|p1|Mantine, F|
|poke|p1|Durant, F|
|poke|p2|Machamp, M|
|poke|p2|Weavile, F|
|poke|p2|Duraludon, M|
|poke|p2|Weezing-Galar, M|
|poke|p2|Doublade, M|
|poke|p2|Gardevoir, M|
|rule|Sleep Clause Mod: Limit one foe put to sleep
|rule|Species Clause: Limit one of each Pokémon
|rule|OHKO Clause: OHKO moves are banned
|rule|Evasion Moves Clause: Evasion moves are banned
|rule|Endless Battle Clause: Forcing endless battles is banned
|rule|HP Percentage Mod: HP is shown in percentages
|rule|Dynamax Clause: You cannot dynamax
|teampreview
|j| wooden chair
|
|start
|switch|p1a: Vikavolt|Vikavolt, F|100/100
|switch|p2a: Duraludon|Duraludon, M|100/100
|turn|1
|
|move|p2a: Duraludon|Stealth Rock|p1a: Vikavolt
|-sidestart|p1: banana love|move: Stealth Rock
|move|p1a: Vikavolt|Thunderbolt|p2a: Duraludon
|-resisted|p2a: Duraludon
|-damage|p2a: Duraludon|42/100
|
|upkeep
|turn|2
|
|move|p2a: Duraludon|Flash Cannon|p1a: Vikavolt
|-resisted|p1a: Vikavolt
|-damage|p1a: Vikavolt|77/100
|move|p1a: Vikavolt|Thunderbolt|p2a: Duraludon
|-resisted|p2a: Duraludon
|-damage|p2a: Duraludon|0 fnt
|faint|p2a: Duraludon
|
|upkeep
|
|switch|p2a: Weezing|Weezing-Galar, M|100/100
|turn|3
|
|move|p2a: Weezing|Fire Blast|p1a: Vikavolt
|-supereffective|p1a: Vikavolt
|-damage|p1a: Vikavolt|0 fnt
|faint|p1a: Vikavolt
|
|upkeep
|
|switch|p1a: Tsareena|Tsareena, F|100/100
|turn|4
|
|move|p1a: Tsareena|Knock Off|p2a: Weezing
|-resisted|p2a: Weezing
|-damage|p2a: Weezing|83/100
|-enditem|p2a: Weezing|Black Sludge|[from] move: Knock Off|[of] p1a: Tsareena
|move|p2a: Weezing|Sludge Bomb|p1a: Tsareena
|-supereffective|p1a: Tsareena
|-damage|p1a: Tsareena|5/100
|
|upkeep
|turn|5
|
|move|p1a: Tsareena|Knock Off|p2a: Weezing
|-resisted|p2a: Weezing
|-damage|p2a: Weezing|73/100
|move|p2a: Weezing|Sludge Bomb|p1a: Tsareena
|-supereffective|p1a: Tsareena
|-damage|p1a: Tsareena|0 fnt
|faint|p1a: Tsareena
|
|upkeep
|
|switch|p1a: Gigalith|Gigalith, F|100/100
|-damage|p1a: Gigalith|88/100|[from] Stealth Rock
|-weather|Sandstorm|[from] ability: Sand Stream|[of] p1a: Gigalith
|turn|6
|
|switch|p2a: Machamp|Machamp, M|100/100
|move|p1a: Gigalith|Stealth Rock|p2a: Machamp
|-sidestart|p2: gijion chilli|move: Stealth Rock
|
|-weather|Sandstorm|[upkeep]
|-damage|p2a: Machamp|94/100|[from] Sandstorm
|-heal|p1a: Gigalith|94/100|[from] item: Leftovers
|-status|p2a: Machamp|brn|[from] item: Flame Orb
|upkeep
|turn|7
|
|switch|p1a: Mantine|Mantine, F|100/100
|move|p2a: Machamp|Close Combat|p1a: Mantine
|-resisted|p1a: Mantine
|-crit|p1a: Mantine
|-damage|p1a: Mantine|35/100
|-unboost|p2a: Machamp|def|1
|-unboost|p2a: Machamp|spd|1
|
|-weather|Sandstorm|[upkeep]
|-damage|p2a: Machamp|88/100 brn|[from] Sandstorm
|-damage|p1a: Mantine|29/100|[from] Sandstorm
|-damage|p2a: Machamp|82/100 brn|[from] brn
|upkeep
|turn|8
|
|move|p2a: Machamp|Close Combat|p1a: Mantine
|-resisted|p1a: Mantine
|-damage|p1a: Mantine|0 fnt
|-unboost|p2a: Machamp|def|1
|-unboost|p2a: Machamp|spd|1
|faint|p1a: Mantine
|
|-weather|Sandstorm|[upkeep]
|-damage|p2a: Machamp|76/100 brn|[from] Sandstorm
|-damage|p2a: Machamp|69/100 brn|[from] brn
|upkeep
|
|switch|p1a: Durant|Durant, F|100/100
|-damage|p1a: Durant|88/100|[from] Stealth Rock
|turn|9
|
|switch|p2a: Doublade|Doublade, M|100/100
|-damage|p2a: Doublade|94/100|[from] Stealth Rock
|move|p1a: Durant|Iron Head|p2a: Doublade
|-resisted|p2a: Doublade
|-damage|p2a: Doublade|77/100
|-damage|p1a: Durant|78/100|[from] item: Life Orb
|
|-weather|Sandstorm|[upkeep]
|upkeep
|turn|10
|
|switch|p1a: Gigalith|Gigalith, F|94/100
|-damage|p1a: Gigalith|82/100|[from] Stealth Rock
|move|p2a: Doublade|Iron Head|p1a: Gigalith
|-supereffective|p1a: Gigalith
|-damage|p1a: Gigalith|23/100
|
|-weather|none
|-heal|p1a: Gigalith|29/100|[from] item: Leftovers
|upkeep
|turn|11
|
|move|p2a: Doublade|Iron Head|p1a: Gigalith
|-supereffective|p1a: Gigalith
|-damage|p1a: Gigalith|0 fnt
|faint|p1a: Gigalith
|
|upkeep
|
|switch|p1a: Diggersby|Diggersby, F|100/100
|-damage|p1a: Diggersby|94/100|[from] Stealth Rock
|turn|12
|
|move|p1a: Diggersby|Knock Off|p2a: Doublade
|-supereffective|p2a: Doublade
|-damage|p2a: Doublade|33/100
|-enditem|p2a: Doublade|Eviolite|[from] move: Knock Off|[of] p1a: Diggersby
|move|p2a: Doublade|Iron Head|p1a: Diggersby
|-damage|p1a: Diggersby|42/100
|
|upkeep
|turn|13
|
|move|p1a: Diggersby|Knock Off|p2a: Doublade
|-supereffective|p2a: Doublade
|-damage|p2a: Doublade|0 fnt
|faint|p2a: Doublade
|
|upkeep
|
|switch|p2a: Machamp|Machamp, M|69/100 brn
|-damage|p2a: Machamp|63/100 brn|[from] Stealth Rock
|turn|14
|
|move|p1a: Diggersby|Knock Off|p2a: Machamp
|-resisted|p2a: Machamp
|-damage|p2a: Machamp|36/100 brn
|-enditem|p2a: Machamp|Flame Orb|[from] move: Knock Off|[of] p1a: Diggersby
|move|p2a: Machamp|Close Combat|p1a: Diggersby
|-supereffective|p1a: Diggersby
|-damage|p1a: Diggersby|0 fnt
|-unboost|p2a: Machamp|def|1
|-unboost|p2a: Machamp|spd|1
|faint|p1a: Diggersby
|
|-damage|p2a: Machamp|30/100 brn|[from] brn
|upkeep
|
|switch|p1a: Durant|Durant, F|78/100
|-damage|p1a: Durant|66/100|[from] Stealth Rock
|turn|15
|
|move|p1a: Durant|X-Scissor|p2a: Machamp
|-resisted|p2a: Machamp
|-damage|p2a: Machamp|0 fnt
|-damage|p1a: Durant|56/100|[from] item: Life Orb
|faint|p2a: Machamp
|
|upkeep
|
|switch|p2a: Weavile|Weavile, F|100/100
|-damage|p2a: Weavile|76/100|[from] Stealth Rock
|-ability|p2a: Weavile|Pressure
|turn|16
|
|move|p2a: Weavile|Knock Off|p1a: Durant
|-damage|p1a: Durant|0 fnt
|-enditem|p1a: Durant|Life Orb|[from] move: Knock Off|[of] p2a: Weavile
|-damage|p2a: Weavile|66/100|[from] item: Life Orb
|faint|p1a: Durant
|
|win|gijion chilli
|raw|banana love's rating: 1599 &rarr; <strong>1579</strong><br />(-20 for losing)
|raw|gijion chilli's rating: 1614 &rarr; <strong>1633</strong><br />(+19 for winning)
|c|☆gijion chilli|Gg
|l|☆banana love
