|j|☆Bobby Bacala
|j|☆RIZ LA VIE
|player|p1|Bobby Bacala|ghetsis-gen5bw|1326
|player|p2|RIZ LA VIE|ethan|1527
|teamsize|p1|6
|teamsize|p2|6
|gametype|singles
|gen|8
|tier|[Gen 8] UU
|rated|
|clearpoke
|poke|p1|Toxtricity, F|
|poke|p1|Rillaboom, M|
|poke|p1|Darmanitan, M|
|poke|p1|Mantine, M|
|poke|p1|Bronzong|
|poke|p1|Pangoro, F|
|poke|p2|Roserade, M|
|poke|p2|Passimian, M|
|poke|p2|Bronzong|
|poke|p2|Incineroar, F|
|poke|p2|Rotom-Wash|
|poke|p2|Sylveon, F|
|rule|Sleep Clause Mod: Limit one foe put to sleep
|rule|Species Clause: Limit one of each Pokémon
|rule|OHKO Clause: OHKO moves are banned
|rule|Evasion Moves Clause: Evasion moves are banned
|rule|Endless Battle Clause: Forcing endless battles is banned
|rule|HP Percentage Mod: HP is shown in percentages
|rule|Dynamax Clause: You cannot dynamax
|teampreview
|inactive|Battle timer is ON: inactive players will automatically lose when time's up. (requested by Bobby Bacala)
|
|start
|switch|p1a: Bronzong|Bronzong|100/100
|switch|p2a: Rotom|Rotom-Wash|100/100
|turn|1
|
|move|p2a: Rotom|Volt Switch|p1a: Bronzong
|-damage|p1a: Bronzong|85/100
|
|switch|p2a: Incineroar|Incineroar, F|100/100|[from]move: Volt Switch
|-ability|p2a: Incineroar|Intimidate|boost
|-unboost|p1a: Bronzong|atk|1
|move|p1a: Bronzong|Stealth Rock|p2a: Incineroar
|-sidestart|p2: RIZ LA VIE|move: Stealth Rock
|
|-heal|p1a: Bronzong|91/100|[from] item: Leftovers
|upkeep
|turn|2
|
|move|p1a: Bronzong|Protect|p1a: Bronzong
|-singleturn|p1a: Bronzong|Protect
|move|p2a: Incineroar|U-turn|p1a: Bronzong
|-activate|p1a: Bronzong|move: Protect
|
|-heal|p1a: Bronzong|97/100|[from] item: Leftovers
|upkeep
|turn|3
|
|move|p2a: Incineroar|U-turn|p1a: Bronzong
|-damage|p1a: Bronzong|82/100
|
|switch|p2a: Bronzong|Bronzong|100/100|[from]move: U-turn
|-damage|p2a: Bronzong|94/100|[from] Stealth Rock
|move|p1a: Bronzong|Toxic|p2a: Bronzong
|-immune|p2a: Bronzong
|
|-heal|p1a: Bronzong|88/100|[from] item: Leftovers
|-heal|p2a: Bronzong|100/100|[from] item: Leftovers
|upkeep
|turn|4
|
|switch|p1a: Pangoro|Pangoro, F|100/100
|move|p2a: Bronzong|Stealth Rock|p1a: Pangoro
|-sidestart|p1: Bobby Bacala|move: Stealth Rock
|
|upkeep
|turn|5
|
|move|p2a: Bronzong|Protect|p2a: Bronzong
|-singleturn|p2a: Bronzong|Protect
|move|p1a: Pangoro|Close Combat|p2a: Bronzong
|-activate|p2a: Bronzong|move: Protect
|
|upkeep
|turn|6
|
|switch|p2a: Sylveon|Sylveon, F|100/100
|-damage|p2a: Sylveon|88/100|[from] Stealth Rock
|move|p1a: Pangoro|Close Combat|p2a: Sylveon
|-resisted|p2a: Sylveon
|-damage|p2a: Sylveon|22/100
|-unboost|p1a: Pangoro|def|1
|-unboost|p1a: Pangoro|spd|1
|
|upkeep
|turn|7
|
|switch|p1a: Toxtricity|Toxtricity, F|100/100
|-damage|p1a: Toxtricity|88/100|[from] Stealth Rock
|move|p2a: Sylveon|Hyper Voice|p1a: Toxtricity
|-resisted|p1a: Toxtricity
|-damage|p1a: Toxtricity|56/100
|
|upkeep
|turn|8
|
|move|p1a: Toxtricity|Volt Switch|p2a: Sylveon
|-damage|p2a: Sylveon|0 fnt
|faint|p2a: Sylveon
|
|switch|p1a: Bronzong|Bronzong|88/100|[from]move: Volt Switch
|-damage|p1a: Bronzong|82/100|[from] Stealth Rock
|
|-heal|p1a: Bronzong|88/100|[from] item: Leftovers
|upkeep
|
|switch|p2a: Incineroar|Incineroar, F|100/100
|-ability|p2a: Incineroar|Intimidate|boost
|-unboost|p1a: Bronzong|atk|1
|turn|9
|
|move|p1a: Bronzong|Protect|p1a: Bronzong
|-singleturn|p1a: Bronzong|Protect
|move|p2a: Incineroar|Knock Off|p1a: Bronzong
|-activate|p1a: Bronzong|move: Protect
|
|-heal|p1a: Bronzong|94/100|[from] item: Leftovers
|upkeep
|turn|10
|
|move|p2a: Incineroar|U-turn|p1a: Bronzong
|-damage|p1a: Bronzong|77/100
|
|switch|p2a: Bronzong|Bronzong|100/100|[from]move: U-turn
|-damage|p2a: Bronzong|94/100|[from] Stealth Rock
|move|p1a: Bronzong|Toxic|p2a: Bronzong|[miss]
|-miss|p1a: Bronzong|p2a: Bronzong
|
|-heal|p1a: Bronzong|83/100|[from] item: Leftovers
|-heal|p2a: Bronzong|100/100|[from] item: Leftovers
|upkeep
|turn|11
|
|switch|p2a: Passimian|Passimian, M|100/100
|-damage|p2a: Passimian|94/100|[from] Stealth Rock
|move|p1a: Bronzong|Toxic|p2a: Passimian
|-status|p2a: Passimian|tox
|
|-heal|p1a: Bronzong|90/100|[from] item: Leftovers
|-damage|p2a: Passimian|88/100 tox|[from] psn
|upkeep
|turn|12
|
|switch|p2a: Incineroar|Incineroar, F|100/100
|-ability|p2a: Incineroar|Intimidate|boost
|-unboost|p1a: Bronzong|atk|1
|move|p1a: Bronzong|Protect||[still]
|-fail|p1a: Bronzong
|
|-heal|p1a: Bronzong|96/100|[from] item: Leftovers
|upkeep
|turn|13
|
|move|p1a: Bronzong|Protect|p1a: Bronzong
|-singleturn|p1a: Bronzong|Protect
|move|p2a: Incineroar|Knock Off|p1a: Bronzong
|-activate|p1a: Bronzong|move: Protect
|
|-heal|p1a: Bronzong|100/100|[from] item: Leftovers
|upkeep
|turn|14
|
|switch|p1a: Mantine|Mantine, M|100/100
|move|p2a: Incineroar|Knock Off|p1a: Mantine
|-damage|p1a: Mantine|71/100
|-enditem|p1a: Mantine|Heavy-Duty Boots|[from] move: Knock Off|[of] p2a: Incineroar
|
|upkeep
|turn|15
|inactive|RIZ LA VIE has 120 seconds left.
|
|switch|p1a: Darmanitan|Darmanitan, M|100/100
|move|p2a: Incineroar|U-turn|p1a: Darmanitan
|-resisted|p1a: Darmanitan
|-damage|p1a: Darmanitan|87/100
|inactive|RIZ LA VIE has 120 seconds left.
|
|switch|p2a: Rotom|Rotom-Wash|100/100|[from]move: U-turn
|-damage|p2a: Rotom|88/100|[from] Stealth Rock
|
|-heal|p2a: Rotom|94/100|[from] item: Leftovers
|upkeep
|turn|16
|
|move|p1a: Darmanitan|U-turn|p2a: Rotom
|-damage|p2a: Rotom|67/100
|
|switch|p1a: Bronzong|Bronzong|100/100|[from]move: U-turn
|-damage|p1a: Bronzong|94/100|[from] Stealth Rock
|move|p2a: Rotom|Volt Switch|p1a: Bronzong
|-damage|p1a: Bronzong|77/100
|
|switch|p2a: Incineroar|Incineroar, F|100/100|[from]move: Volt Switch
|-ability|p2a: Incineroar|Intimidate|boost
|-unboost|p1a: Bronzong|atk|1
|
|-heal|p1a: Bronzong|84/100|[from] item: Leftovers
|upkeep
|turn|17
|
|move|p1a: Bronzong|Protect|p1a: Bronzong
|-singleturn|p1a: Bronzong|Protect
|move|p2a: Incineroar|Knock Off|p1a: Bronzong
|-activate|p1a: Bronzong|move: Protect
|
|-heal|p1a: Bronzong|90/100|[from] item: Leftovers
|upkeep
|turn|18
|
|switch|p1a: Pangoro|Pangoro, F|100/100
|-damage|p1a: Pangoro|94/100|[from] Stealth Rock
|move|p2a: Incineroar|U-turn|p1a: Pangoro
|-damage|p1a: Pangoro|73/100
|
|switch|p2a: Roserade|Roserade, M, shiny|100/100|[from]move: U-turn
|-damage|p2a: Roserade|88/100|[from] Stealth Rock
|
|-heal|p2a: Roserade|94/100|[from] item: Black Sludge
|upkeep
|turn|19
|inactive|Bobby Bacala has 120 seconds left.
|
|switch|p1a: Bronzong|Bronzong|90/100
|-damage|p1a: Bronzong|84/100|[from] Stealth Rock
|move|p2a: Roserade|Sleep Powder|p1a: Bronzong
|-status|p1a: Bronzong|slp|[from] move: Sleep Powder
|
|-heal|p2a: Roserade|100/100|[from] item: Black Sludge
|-heal|p1a: Bronzong|90/100 slp|[from] item: Leftovers
|upkeep
|turn|20
|
|switch|p1a: Darmanitan|Darmanitan, M|87/100
|move|p2a: Roserade|Spikes|p1a: Darmanitan
|-sidestart|p1: Bobby Bacala|Spikes
|
|upkeep
|turn|21
|
|switch|p2a: Rotom|Rotom-Wash|67/100
|-damage|p2a: Rotom|54/100|[from] Stealth Rock
|move|p1a: Darmanitan|Flare Blitz|p2a: Rotom
|-resisted|p2a: Rotom
|-damage|p2a: Rotom|13/100
|-damage|p1a: Darmanitan|75/100|[from] Recoil
|
|-heal|p2a: Rotom|20/100|[from] item: Leftovers
|upkeep
|turn|22
|
|move|p1a: Darmanitan|Flare Blitz|p2a: Rotom
|-resisted|p2a: Rotom
|-damage|p2a: Rotom|0 fnt
|-damage|p1a: Darmanitan|70/100|[from] Recoil
|faint|p2a: Rotom
|
|upkeep
|
|switch|p2a: Passimian|Passimian, M|88/100 tox
|-damage|p2a: Passimian|82/100 tox|[from] Stealth Rock
|turn|23
|
|switch|p1a: Bronzong|Bronzong|90/100 slp
|-damage|p1a: Bronzong|84/100 slp|[from] Stealth Rock
|move|p2a: Passimian|Rock Slide|p1a: Bronzong
|-resisted|p1a: Bronzong
|-damage|p1a: Bronzong|72/100 slp
|
|-heal|p1a: Bronzong|78/100 slp|[from] item: Leftovers
|-damage|p2a: Passimian|76/100 tox|[from] psn
|upkeep
|turn|24
|
|switch|p2a: Incineroar|Incineroar, F|100/100
|-ability|p2a: Incineroar|Intimidate|boost
|-unboost|p1a: Bronzong|atk|1
|cant|p1a: Bronzong|slp
|
|-heal|p1a: Bronzong|85/100 slp|[from] item: Leftovers
|upkeep
|turn|25
|inactive|Bobby Bacala has 120 seconds left.
|
|switch|p1a: Mantine|Mantine, M|71/100
|-damage|p1a: Mantine|46/100|[from] Stealth Rock
|move|p2a: Incineroar|Knock Off|p1a: Mantine
|-damage|p1a: Mantine|26/100
|
|upkeep
|turn|26
|
|move|p2a: Incineroar|U-turn|p1a: Mantine
|-resisted|p1a: Mantine
|-damage|p1a: Mantine|18/100
|
|switch|p2a: Roserade|Roserade, M, shiny|100/100|[from]move: U-turn
|-damage|p2a: Roserade|88/100|[from] Stealth Rock
|move|p1a: Mantine|Defog|p2a: Roserade
|-unboost|p2a: Roserade|evasion|1
|-sideend|p2: RIZ LA VIE|Stealth Rock|[from] move: Defog|[of] p1a: Mantine
|-sideend|p1: Bobby Bacala|Spikes|[from] move: Defog|[of] p1a: Mantine
|-sideend|p1: Bobby Bacala|Stealth Rock|[from] move: Defog|[of] p1a: Mantine
|
|-heal|p2a: Roserade|94/100|[from] item: Black Sludge
|upkeep
|turn|27
|
|switch|p1a: Darmanitan|Darmanitan, M|70/100
|move|p2a: Roserade|Sludge Bomb|p1a: Darmanitan
|-damage|p1a: Darmanitan|3/100
|
|-heal|p2a: Roserade|100/100|[from] item: Black Sludge
|upkeep
|turn|28
|
|switch|p2a: Incineroar|Incineroar, F|100/100
|-ability|p2a: Incineroar|Intimidate|boost
|-unboost|p1a: Darmanitan|atk|1
|move|p1a: Darmanitan|U-turn|p2a: Incineroar
|-damage|p2a: Incineroar|86/100
|
|switch|p1a: Pangoro|Pangoro, F|73/100|[from]move: U-turn
|
|upkeep
|turn|29
|
|switch|p2a: Roserade|Roserade, M, shiny|100/100
|move|p1a: Pangoro|Close Combat|p2a: Roserade
|-resisted|p2a: Roserade
|-damage|p2a: Roserade|16/100
|-unboost|p1a: Pangoro|def|1
|-unboost|p1a: Pangoro|spd|1
|
|-heal|p2a: Roserade|22/100|[from] item: Black Sludge
|upkeep
|turn|30
|inactive|Bobby Bacala has 120 seconds left.
|
|switch|p1a: Bronzong|Bronzong|85/100 slp
|move|p2a: Roserade|Giga Drain|p1a: Bronzong
|-resisted|p1a: Bronzong
|-damage|p1a: Bronzong|72/100 slp
|-heal|p2a: Roserade|30/100|[from] drain|[of] p1a: Bronzong
|
|-heal|p2a: Roserade|37/100|[from] item: Black Sludge
|-heal|p1a: Bronzong|78/100 slp|[from] item: Leftovers
|upkeep
|turn|31
|
|move|p2a: Roserade|Spikes|p1a: Bronzong
|-sidestart|p1: Bobby Bacala|Spikes
|cant|p1a: Bronzong|slp
|
|-heal|p2a: Roserade|43/100|[from] item: Black Sludge
|-heal|p1a: Bronzong|84/100 slp|[from] item: Leftovers
|upkeep
|turn|32
|
|switch|p2a: Bronzong|Bronzong|100/100
|-curestatus|p1a: Bronzong|slp|[msg]
|move|p1a: Bronzong|Psychic|p2a: Bronzong
|-resisted|p2a: Bronzong
|-damage|p2a: Bronzong|96/100
|
|-heal|p1a: Bronzong|90/100|[from] item: Leftovers
|-heal|p2a: Bronzong|100/100|[from] item: Leftovers
|upkeep
|turn|33
|
|move|p1a: Bronzong|Stealth Rock|p2a: Bronzong
|-sidestart|p2: RIZ LA VIE|move: Stealth Rock
|move|p2a: Bronzong|Stealth Rock|p1a: Bronzong
|-sidestart|p1: Bobby Bacala|move: Stealth Rock
|
|-heal|p1a: Bronzong|96/100|[from] item: Leftovers
|upkeep
|turn|34
|
|move|p2a: Bronzong|Toxic|p1a: Bronzong
|-immune|p1a: Bronzong
|move|p1a: Bronzong|Toxic|p2a: Bronzong
|-immune|p2a: Bronzong
|
|-heal|p1a: Bronzong|100/100|[from] item: Leftovers
|upkeep
|turn|35
|
|switch|p1a: Toxtricity|Toxtricity, F|56/100
|-damage|p1a: Toxtricity|43/100|[from] Stealth Rock
|-damage|p1a: Toxtricity|31/100|[from] Spikes
|move|p2a: Bronzong|Toxic|p1a: Toxtricity
|-immune|p1a: Toxtricity
|
|upkeep
|turn|36
|
|move|p2a: Bronzong|Protect|p2a: Bronzong
|-singleturn|p2a: Bronzong|Protect
|move|p1a: Toxtricity|Overdrive|p2a: Bronzong
|-activate|p2a: Bronzong|move: Protect
|
|upkeep
|turn|37
|
|move|p1a: Toxtricity|Overdrive|p2a: Bronzong
|-damage|p2a: Bronzong|49/100
|move|p2a: Bronzong|Psychic|p1a: Toxtricity
|-supereffective|p1a: Toxtricity
|-damage|p1a: Toxtricity|0 fnt
|faint|p1a: Toxtricity
|
|-heal|p2a: Bronzong|55/100|[from] item: Leftovers
|upkeep
|
|switch|p1a: Darmanitan|Darmanitan, M|3/100
|turn|38
|inactive|Bobby Bacala has 120 seconds left.
|
|move|p2a: Bronzong|Protect|p2a: Bronzong
|-singleturn|p2a: Bronzong|Protect
|move|p1a: Darmanitan|Superpower|p2a: Bronzong
|-activate|p2a: Bronzong|move: Protect
|
|-heal|p2a: Bronzong|61/100|[from] item: Leftovers
|upkeep
|turn|39
|
|switch|p2a: Incineroar|Incineroar, F|86/100
|-ability|p2a: Incineroar|Intimidate|boost
|-unboost|p1a: Darmanitan|atk|1
|move|p1a: Darmanitan|U-turn|p2a: Incineroar
|-damage|p2a: Incineroar|71/100
|
|switch|p1a: Pangoro|Pangoro, F|73/100|[from]move: U-turn
|-damage|p1a: Pangoro|67/100|[from] Stealth Rock
|-damage|p1a: Pangoro|55/100|[from] Spikes
|
|upkeep
|turn|40
|
|switch|p2a: Roserade|Roserade, M, shiny|43/100
|-damage|p2a: Roserade|30/100|[from] Stealth Rock
|move|p1a: Pangoro|Close Combat|p2a: Roserade
|-resisted|p2a: Roserade
|-damage|p2a: Roserade|0 fnt
|-unboost|p1a: Pangoro|def|1
|-unboost|p1a: Pangoro|spd|1
|faint|p2a: Roserade
|
|upkeep
|
|switch|p2a: Passimian|Passimian, M|76/100 tox
|-damage|p2a: Passimian|70/100 tox|[from] Stealth Rock
|turn|41
|inactive|Bobby Bacala has 120 seconds left.
|inactive|Bobby Bacala has 90 seconds left.
|inactive|Bobby Bacala has 60 seconds left.
|
|switch|p1a: Rillaboom|Rillaboom, M|100/100
|-damage|p1a: Rillaboom|88/100|[from] Spikes
|-damage|p1a: Rillaboom|76/100|[from] Stealth Rock
|-fieldstart|move: Grassy Terrain|[from] ability: Grassy Surge|[of] p1a: Rillaboom
|move|p2a: Passimian|Close Combat|p1a: Rillaboom
|-damage|p1a: Rillaboom|11/100
|-unboost|p2a: Passimian|def|1
|-unboost|p2a: Passimian|spd|1
|
|-heal|p1a: Rillaboom|18/100|[from] Grassy Terrain
|-heal|p2a: Passimian|76/100 tox|[from] Grassy Terrain
|-damage|p2a: Passimian|70/100 tox|[from] psn
|upkeep
|turn|42
|inactive|Bobby Bacala has 60 seconds left.
|
|switch|p2a: Incineroar|Incineroar, F|71/100
|-ability|p2a: Incineroar|Intimidate|boost
|-unboost|p1a: Rillaboom|atk|1
|move|p1a: Rillaboom|Wood Hammer|p2a: Incineroar
|-resisted|p2a: Incineroar
|-damage|p2a: Incineroar|50/100
|-damage|p1a: Rillaboom|9/100|[from] Recoil
|
|-heal|p1a: Rillaboom|15/100|[from] Grassy Terrain
|-heal|p2a: Incineroar|56/100|[from] Grassy Terrain
|upkeep
|turn|43
|inactive|Bobby Bacala has 30 seconds left.
|
|move|p1a: Rillaboom|Wood Hammer|p2a: Incineroar
|-resisted|p2a: Incineroar
|-damage|p2a: Incineroar|32/100
|-damage|p1a: Rillaboom|6/100|[from] Recoil
|move|p2a: Incineroar|U-turn|p1a: Rillaboom
|-supereffective|p1a: Rillaboom
|-damage|p1a: Rillaboom|0 fnt
|faint|p1a: Rillaboom
|
|switch|p2a: Passimian|Passimian, M|70/100 tox|[from]move: U-turn
|-damage|p2a: Passimian|64/100 tox|[from] Stealth Rock
|
|-heal|p2a: Passimian|70/100 tox|[from] Grassy Terrain
|-damage|p2a: Passimian|64/100 tox|[from] psn
|upkeep
|
|switch|p1a: Bronzong|Bronzong|100/100
|-damage|p1a: Bronzong|94/100|[from] Stealth Rock
|turn|44
|
|switch|p2a: Bronzong|Bronzong|61/100
|-damage|p2a: Bronzong|55/100|[from] Stealth Rock
|move|p1a: Bronzong|Protect||[still]
|-fail|p1a: Bronzong
|
|-heal|p1a: Bronzong|100/100|[from] item: Leftovers
|-heal|p2a: Bronzong|61/100|[from] item: Leftovers
|upkeep
|turn|45
|
|switch|p1a: Mantine|Mantine, M|18/100
|-damage|p1a: Mantine|0 fnt|[from] Stealth Rock
|faint|p1a: Mantine
|move|p2a: Bronzong|Toxic|p1: Mantine|[notarget]
|-fail|p2a: Bronzong
|
|-heal|p2a: Bronzong|68/100|[from] item: Leftovers
|-fieldend|move: Grassy Terrain
|upkeep
|
|switch|p1a: Pangoro|Pangoro, F|55/100
|-damage|p1a: Pangoro|49/100|[from] Stealth Rock
|-damage|p1a: Pangoro|36/100|[from] Spikes
|turn|46
|
|move|p2a: Bronzong|Protect|p2a: Bronzong
|-singleturn|p2a: Bronzong|Protect
|move|p1a: Pangoro|Close Combat|p2a: Bronzong
|-activate|p2a: Bronzong|move: Protect
|
|-heal|p2a: Bronzong|74/100|[from] item: Leftovers
|upkeep
|turn|47
|
|switch|p2a: Incineroar|Incineroar, F|32/100
|-ability|p2a: Incineroar|Intimidate|boost
|-immune|p1a: Pangoro|[from] ability: Scrappy
|move|p1a: Pangoro|Close Combat|p2a: Incineroar
|-supereffective|p2a: Incineroar
|-damage|p2a: Incineroar|0 fnt
|-unboost|p1a: Pangoro|def|1
|-unboost|p1a: Pangoro|spd|1
|faint|p2a: Incineroar
|
|upkeep
|
|switch|p2a: Passimian|Passimian, M|64/100 tox
|-damage|p2a: Passimian|57/100 tox|[from] Stealth Rock
|turn|48
|inactive|Bobby Bacala has 60 seconds left.
|
|switch|p1a: Bronzong|Bronzong|100/100
|-damage|p1a: Bronzong|94/100|[from] Stealth Rock
|move|p2a: Passimian|Close Combat|p1a: Bronzong
|-damage|p1a: Bronzong|45/100
|-unboost|p2a: Passimian|def|1
|-unboost|p2a: Passimian|spd|1
|
|-heal|p1a: Bronzong|51/100|[from] item: Leftovers
|-damage|p2a: Passimian|51/100 tox|[from] psn
|upkeep
|turn|49
|
|switch|p2a: Bronzong|Bronzong|74/100
|-damage|p2a: Bronzong|68/100|[from] Stealth Rock
|switch|p1a: Darmanitan|Darmanitan, M|3/100
|
|-heal|p2a: Bronzong|74/100|[from] item: Leftovers
|upkeep
|turn|50
|c|☆RIZ LA VIE|ok
|c|☆RIZ LA VIE|that was a choke
|inactive|Bobby Bacala has 60 seconds left.
|c|☆RIZ LA VIE|this was a near impossible matchup for me gg
|
|move|p2a: Bronzong|Protect|p2a: Bronzong
|-singleturn|p2a: Bronzong|Protect
|move|p1a: Darmanitan|Flare Blitz|p2a: Bronzong
|-activate|p2a: Bronzong|move: Protect
|
|-heal|p2a: Bronzong|80/100|[from] item: Leftovers
|upkeep
|turn|51
|inactive|Bobby Bacala has 60 seconds left.
|
|move|p2a: Bronzong|Protect||[still]
|-fail|p2a: Bronzong
|move|p1a: Darmanitan|Flare Blitz|p2a: Bronzong
|-supereffective|p2a: Bronzong
|-damage|p2a: Bronzong|0 fnt
|-damage|p1a: Darmanitan|0 fnt|[from] Recoil
|faint|p2a: Bronzong
|faint|p1a: Darmanitan
|
|upkeep
|inactive|Bobby Bacala has 60 seconds left.
|c|☆Bobby Bacala|gg man
|
|switch|p1a: Bronzong|Bronzong|51/100
|switch|p2a: Passimian|Passimian, M|51/100 tox
|-damage|p2a: Passimian|45/100 tox|[from] Stealth Rock
|-damage|p1a: Bronzong|45/100|[from] Stealth Rock
|turn|52
|
|move|p1a: Bronzong|Protect|p1a: Bronzong
|-singleturn|p1a: Bronzong|Protect
|move|p2a: Passimian|Close Combat|p1a: Bronzong
|-activate|p1a: Bronzong|move: Protect
|
|-heal|p1a: Bronzong|51/100|[from] item: Leftovers
|-damage|p2a: Passimian|39/100 tox|[from] psn
|upkeep
|turn|53
|
|move|p2a: Passimian|Close Combat|p1a: Bronzong
|-damage|p1a: Bronzong|0 fnt
|-unboost|p2a: Passimian|def|1
|-unboost|p2a: Passimian|spd|1
|faint|p1a: Bronzong
|
|-damage|p2a: Passimian|27/100 tox|[from] psn
|upkeep
|
|switch|p1a: Pangoro|Pangoro, F|36/100
|-damage|p1a: Pangoro|24/100|[from] Spikes
|-damage|p1a: Pangoro|18/100|[from] Stealth Rock
|turn|54
|
|move|p1a: Pangoro|Bullet Punch|p2a: Passimian
|-damage|p2a: Passimian|0 fnt
|faint|p2a: Passimian
|
|win|Bobby Bacala
|c|☆RIZ LA VIE|whyd u make that double
|c|☆RIZ LA VIE|that was unnecessary
||Ladder (probably) updated, but score could not be retrieved (Request timeout).
|c|☆Bobby Bacala|??
|c|☆Bobby Bacala|which double?
|c|☆RIZ LA VIE|darm
|c|☆RIZ LA VIE|on my zong
|c|☆Bobby Bacala|I wanted to make sure I could stall out passimian if I needed to
|c|☆Bobby Bacala|and I only had one shot to fuck up zong
|c|☆RIZ LA VIE|tht was a choke
|c|☆Bobby Bacala|why lol
|c|☆RIZ LA VIE|if i cced again
|c|☆RIZ LA VIE|i won
|l|☆RIZ LA VIE
