|j|☆Queen of Bean ✿
|j|☆Liz Angeles ✿
|t:|1668206382
|gametype|singles
|player|p1|Queen of Bean ✿|hexmaniac-gen6|
|player|p2|Liz Angeles ✿|marley|
|teamsize|p1|6
|teamsize|p2|6
|gen|8
|tier|[Gen 8] UU
|rule|Sleep Clause Mod: Limit one foe put to sleep
|rule|Species Clause: Limit one of each Pokémon
|rule|OHKO Clause: OHKO moves are banned
|rule|Evasion Items Clause: Evasion items are banned
|rule|Evasion Moves Clause: Evasion moves are banned
|rule|Endless Battle Clause: Forcing endless battles is banned
|rule|HP Percentage Mod: HP is shown in percentages
|rule|Dynamax Clause: You cannot dynamax
|clearpoke
|poke|p1|Marowak-Alola, M|
|poke|p1|Excadrill, F|
|poke|p1|Cobalion|
|poke|p1|Salamence, M|
|poke|p1|Chansey, F|
|poke|p1|Zarude|
|poke|p2|Suicune|
|poke|p2|Sylveon, M|
|poke|p2|Celesteela|
|poke|p2|Reuniclus, F|
|poke|p2|Excadrill, M|
|poke|p2|Chansey, F|
|teampreview
|c|☆Queen of Bean ✿|ew suicune
|c|☆Liz Angeles ✿|have you seen this team yet
|c|☆Queen of Bean ✿|glhf :)
|c|☆Liz Angeles ✿|hf
|
|t:|1668206415
|start
|switch|p1a: Marowak|Marowak-Alola, M|100/100
|switch|p2a: Sylveon|Sylveon, M|100/100
|turn|1
|
|t:|1668206421
|switch|p2a: Suicune|Suicune|100/100
|-ability|p2a: Suicune|Pressure
|move|p1a: Marowak|Substitute|p1a: Marowak
|-start|p1a: Marowak|Substitute
|-damage|p1a: Marowak|76/100
|
|upkeep
|turn|2
|j| amogusroxyrrrr
|
|t:|1668206429
|move|p2a: Suicune|Scald|p1a: Marowak
|-supereffective|p1a: Marowak
|-end|p1a: Marowak|Substitute
|move|p1a: Marowak|Poltergeist|p2a: Suicune
|-activate|p2a: Suicune|move: Poltergeist|Leftovers
|-damage|p2a: Suicune|51/100
|
|-heal|p2a: Suicune|58/100|[from] item: Leftovers
|upkeep
|turn|3
|
|t:|1668206442
|switch|p1a: Zarude|Zarude|100/100
|move|p2a: Suicune|Scald|p1a: Zarude
|-resisted|p1a: Zarude
|-damage|p1a: Zarude|89/100
|
|-heal|p2a: Suicune|64/100|[from] item: Leftovers
|upkeep
|turn|4
|
|t:|1668206451
|switch|p2a: Excadrill|Excadrill, M|100/100
|-ability|p2a: Excadrill|Mold Breaker
|move|p1a: Zarude|U-turn|p2a: Excadrill
|-resisted|p2a: Excadrill
|-damage|p2a: Excadrill|83/100
|
|t:|1668206455
|switch|p1a: Cobalion|Cobalion|100/100|[from]move: U-turn
|
|-heal|p2a: Excadrill|89/100|[from] item: Leftovers
|upkeep
|turn|5
|c| amogusroxyrrrr|wait if suicune loses scald whats its spam stab gonna be
|c|☆Queen of Bean ✿|YAY
|c|☆Liz Angeles ✿|surf
|
|t:|1668206476
|switch|p2a: Celesteela|Celesteela|100/100
|move|p1a: Cobalion|Close Combat|p2a: Celesteela
|-damage|p2a: Celesteela|61/100
|-unboost|p1a: Cobalion|def|1
|-unboost|p1a: Cobalion|spd|1
|
|-heal|p2a: Celesteela|67/100|[from] item: Leftovers
|upkeep
|turn|6
|
|t:|1668206480
|move|p1a: Cobalion|Volt Switch|p2a: Celesteela
|-supereffective|p2a: Celesteela
|-damage|p2a: Celesteela|45/100
|c|☆Queen of Bean ✿|i did not realise that
|c|☆Queen of Bean ✿|is this sub meteor beam
|c|☆Queen of Bean ✿|leech
|
|t:|1668206494
|switch|p1a: Chansey|Chansey, F|100/100|[from]move: Volt Switch
|move|p2a: Celesteela|Air Slash|p1a: Chansey|[miss]
|-miss|p2a: Celesteela|p1a: Chansey
|
|-heal|p2a: Celesteela|51/100|[from] item: Leftovers
|upkeep
|turn|7
|c|☆Queen of Bean ✿|yes
|
|t:|1668206509
|move|p2a: Celesteela|Leech Seed|p1a: Chansey
|-start|p1a: Chansey|move: Leech Seed
|move|p1a: Chansey|Teleport|p1a: Chansey
|
|t:|1668206514
|switch|p1a: Marowak|Marowak-Alola, M|76/100|[from]move: Teleport
|
|-heal|p2a: Celesteela|57/100|[from] item: Leftovers
|upkeep
|turn|8
|c|☆Liz Angeles ✿|why qob
|c|☆Queen of Bean ✿|why what
|c|☆Liz Angeles ✿|the one set that annoys me
|c|☆Liz Angeles ✿|:(
|
|t:|1668206531
|switch|p2a: Suicune|Suicune|64/100
|-ability|p2a: Suicune|Pressure
|move|p1a: Marowak|Poltergeist|p2a: Suicune
|-activate|p2a: Suicune|move: Poltergeist|Leftovers
|-damage|p2a: Suicune|11/100
|
|-heal|p2a: Suicune|17/100|[from] item: Leftovers
|upkeep
|turn|9
|c|☆Queen of Bean ✿|:<
|c|☆Queen of Bean ✿|how much speed are you running
|
|t:|1668206555
|switch|p1a: Zarude|Zarude|89/100
|move|p2a: Suicune|Rest|p2a: Suicune
|-status|p2a: Suicune|slp|[from] move: Rest
|-heal|p2a: Suicune|100/100 slp|[silent]
|
|upkeep
|turn|10
|
|t:|1668206560
|switch|p2a: Chansey|Chansey, F|100/100
|move|p1a: Zarude|U-turn|p2a: Chansey
|-damage|p2a: Chansey|86/100
|
|t:|1668206565
|switch|p1a: Excadrill|Excadrill, F|100/100|[from]move: U-turn
|-ability|p1a: Excadrill|Mold Breaker
|
|upkeep
|turn|11
|
|t:|1668206578
|switch|p2a: Celesteela|Celesteela|57/100
|move|p1a: Excadrill|Swords Dance|p1a: Excadrill
|-boost|p1a: Excadrill|atk|2
|
|-heal|p2a: Celesteela|63/100|[from] item: Leftovers
|upkeep
|turn|12
|
|t:|1668206590
|move|p1a: Excadrill|Iron Head|p2a: Celesteela
|-resisted|p2a: Celesteela
|-damage|p2a: Celesteela|29/100
|move|p2a: Celesteela|Leech Seed|p1a: Excadrill
|-start|p1a: Excadrill|move: Leech Seed
|
|-heal|p2a: Celesteela|35/100|[from] item: Leftovers
|-damage|p1a: Excadrill|88/100|[from] Leech Seed|[of] p2a: Celesteela
|-heal|p2a: Celesteela|46/100|[silent]
|upkeep
|turn|13
|
|t:|1668206597
|move|p1a: Excadrill|Swords Dance|p1a: Excadrill
|-boost|p1a: Excadrill|atk|2
|move|p2a: Celesteela|Air Slash|p1a: Excadrill
|-resisted|p1a: Excadrill
|-damage|p1a: Excadrill|63/100
|
|-heal|p1a: Excadrill|69/100|[from] item: Leftovers
|-heal|p2a: Celesteela|52/100|[from] item: Leftovers
|-damage|p1a: Excadrill|56/100|[from] Leech Seed|[of] p2a: Celesteela
|-heal|p2a: Celesteela|64/100|[silent]
|upkeep
|turn|14
|
|t:|1668206601
|move|p1a: Excadrill|Iron Head|p2a: Celesteela
|-resisted|p2a: Celesteela
|-damage|p2a: Celesteela|14/100
|move|p2a: Celesteela|Air Slash|p1a: Excadrill
|-resisted|p1a: Excadrill
|-damage|p1a: Excadrill|33/100
|
|-heal|p1a: Excadrill|39/100|[from] item: Leftovers
|-heal|p2a: Celesteela|20/100|[from] item: Leftovers
|-damage|p1a: Excadrill|27/100|[from] Leech Seed|[of] p2a: Celesteela
|-heal|p2a: Celesteela|31/100|[silent]
|upkeep
|turn|15
|
|t:|1668206607
|switch|p2a: Suicune|Suicune|100/100 slp
|-ability|p2a: Suicune|Pressure
|move|p1a: Excadrill|Iron Head|p2a: Suicune
|-resisted|p2a: Suicune
|-damage|p2a: Suicune|64/100 slp
|
|-heal|p1a: Excadrill|33/100|[from] item: Leftovers
|-heal|p2a: Suicune|71/100 slp|[from] item: Leftovers
|-damage|p1a: Excadrill|20/100|[from] Leech Seed|[of] p2a: Suicune
|-heal|p2a: Suicune|82/100 slp|[silent]
|upkeep
|turn|16
|
|t:|1668206615
|switch|p2a: Celesteela|Celesteela|31/100
|move|p1a: Excadrill|Iron Head|p2a: Celesteela
|-resisted|p2a: Celesteela
|-damage|p2a: Celesteela|0 fnt
|faint|p2a: Celesteela
|
|-heal|p1a: Excadrill|26/100|[from] item: Leftovers
|upkeep
|c|☆Queen of Bean ✿|nice
|
|t:|1668206621
|switch|p2a: Excadrill|Excadrill, M|89/100
|-ability|p2a: Excadrill|Mold Breaker
|turn|17
|
|t:|1668206628
|switch|p1a: Salamence|Salamence, M|100/100
|-ability|p1a: Salamence|Intimidate|boost
|-unboost|p2a: Excadrill|atk|1
|move|p2a: Excadrill|Earthquake|p1a: Salamence
|-immune|p1a: Salamence
|
|-heal|p2a: Excadrill|95/100|[from] item: Leftovers
|upkeep
|turn|18
|
|t:|1668206643
|switch|p1a: Zarude|Zarude|89/100
|move|p2a: Excadrill|Toxic|p1a: Zarude
|-status|p1a: Zarude|tox
|
|-heal|p2a: Excadrill|100/100|[from] item: Leftovers
|-damage|p1a: Zarude|83/100 tox|[from] psn
|upkeep
|turn|19
|c|☆Queen of Bean ✿|woah
|c|☆Liz Angeles ✿|I really need to change this team
|c|☆Queen of Bean ✿|yeah probs
|c|☆Liz Angeles ✿|it's so weak to zarude lol
|c|☆Queen of Bean ✿|yep
|
|t:|1668206671
|switch|p2a: Sylveon|Sylveon, M|100/100
|move|p1a: Zarude|U-turn|p2a: Sylveon
|-resisted|p2a: Sylveon
|-damage|p2a: Sylveon|89/100
|c|☆Queen of Bean ✿|its so weak to marowak
|c|☆Queen of Bean ✿|everything is marowak weak >:)
|c|☆Liz Angeles ✿|marowak sux
|
|t:|1668206685
|switch|p1a: Marowak|Marowak-Alola, M|76/100|[from]move: U-turn
|
|-heal|p2a: Sylveon|95/100|[from] item: Leftovers
|upkeep
|turn|20
|c|☆Queen of Bean ✿|no u
|
|t:|1668206691
|move|p1a: Marowak|Poltergeist|p2a: Sylveon
|-activate|p2a: Sylveon|move: Poltergeist|Leftovers
|-damage|p2a: Sylveon|0 fnt
|faint|p2a: Sylveon
|
|upkeep
|c|☆Liz Angeles ✿|good lord
|
|t:|1668206700
|switch|p2a: Excadrill|Excadrill, M|100/100
|-ability|p2a: Excadrill|Mold Breaker
|turn|21
|c|☆Queen of Bean ✿|i support trans rights
|c|☆Queen of Bean ✿|rip sylveon
|
|t:|1668206713
|switch|p2a: Chansey|Chansey, F|86/100
|switch|p1a: Salamence|Salamence, M|100/100
|-ability|p1a: Salamence|Intimidate|boost
|-unboost|p2a: Chansey|atk|1
|
|upkeep
|turn|22
|
|t:|1668206718
|switch|p1a: Cobalion|Cobalion|100/100
|move|p2a: Chansey|Stealth Rock|p1a: Cobalion
|-sidestart|p1: Queen of Bean ✿|move: Stealth Rock
|
|upkeep
|turn|23
|
|t:|1668206726
|switch|p2a: Reuniclus|Reuniclus, F, shiny|100/100
|move|p1a: Cobalion|Volt Switch|p2a: Reuniclus
|-damage|p2a: Reuniclus|89/100
|
|t:|1668206730
|switch|p1a: Marowak|Marowak-Alola, M|76/100|[from]move: Volt Switch
|-damage|p1a: Marowak|51/100|[from] Stealth Rock
|
|upkeep
|turn|24
|
|t:|1668206739
|switch|p2a: Suicune|Suicune|82/100 slp
|-ability|p2a: Suicune|Pressure
|move|p1a: Marowak|Poltergeist|p2a: Suicune
|-activate|p2a: Suicune|move: Poltergeist|Leftovers
|-damage|p2a: Suicune|27/100 slp
|
|-heal|p2a: Suicune|33/100 slp|[from] item: Leftovers
|upkeep
|turn|25
|c|☆Liz Angeles ✿|I'm sleep talk I swear
|
|t:|1668206748
|cant|p2a: Suicune|slp
|move|p1a: Marowak|Shadow Bone|p2a: Suicune
|-damage|p2a: Suicune|0 fnt
|faint|p2a: Suicune
|
|upkeep
|c|☆Queen of Bean ✿|yup
|
|t:|1668206752
|switch|p2a: Excadrill|Excadrill, M|100/100
|-ability|p2a: Excadrill|Mold Breaker
|turn|26
|c|☆Queen of Bean ✿|you run roar
|
|t:|1668206763
|switch|p1a: Salamence|Salamence, M|100/100
|-ability|p1a: Salamence|Intimidate|boost
|-unboost|p2a: Excadrill|atk|1
|move|p2a: Excadrill|Toxic|p1a: Salamence
|-status|p1a: Salamence|tox
|
|-damage|p1a: Salamence|94/100 tox|[from] psn
|upkeep
|turn|27
|
|t:|1668206767
|move|p2a: Excadrill|Iron Head|p1a: Salamence
|-damage|p1a: Salamence|77/100 tox
|cant|p1a: Salamence|flinch
|
|-damage|p1a: Salamence|64/100 tox|[from] psn
|upkeep
|turn|28
|
|t:|1668206773
|move|p2a: Excadrill|Iron Head|p1a: Salamence
|-damage|p1a: Salamence|46/100 tox
|move|p1a: Salamence|Defog|p2a: Excadrill
|-unboost|p2a: Excadrill|evasion|1
|-sideend|p1: Queen of Bean ✿|Stealth Rock|[from] move: Defog|[of] p1a: Salamence
|
|-damage|p1a: Salamence|28/100 tox|[from] psn
|upkeep
|turn|29
|
|t:|1668206777
|switch|p1a: Cobalion|Cobalion|100/100
|move|p2a: Excadrill|Rapid Spin|p1a: Cobalion
|-resisted|p1a: Cobalion
|-damage|p1a: Cobalion|96/100
|-boost|p2a: Excadrill|spe|1
|-damage|p2a: Excadrill|84/100|[from] item: Rocky Helmet|[of] p1a: Cobalion
|
|-heal|p2a: Excadrill|90/100|[from] item: Leftovers
|upkeep
|turn|30
|
|t:|1668206785
|move|p2a: Excadrill|Earthquake|p1a: Cobalion
|-supereffective|p1a: Cobalion
|-damage|p1a: Cobalion|45/100
|move|p1a: Cobalion|Close Combat|p2a: Excadrill
|-supereffective|p2a: Excadrill
|-damage|p2a: Excadrill|0 fnt
|-unboost|p1a: Cobalion|def|1
|-unboost|p1a: Cobalion|spd|1
|faint|p2a: Excadrill
|
|upkeep
|c|☆Liz Angeles ✿|gg
|c|☆Queen of Bean ✿|gg
|-message|Liz Angeles ✿ forfeited.
|
|win|Queen of Bean ✿
|l|☆Liz Angeles ✿
|c|☆Queen of Bean ✿|qob 6-0ed liz
