|inactive|Battle timer is ON: inactive players will automatically lose when time's up.
|j|☆Fathiryxi
|j|☆Amane Misa
|t:|1638730243
|gametype|singles
|player|p1|Fathiryxi|preschoolers|
|player|p2|Amane Misa|#amanemisa|
|teamsize|p1|6
|teamsize|p2|6
|gen|8
|tier|[Gen 8] UU
|rated|Tournament battle
|rule|Sleep Clause Mod: Limit one foe put to sleep
|rule|Species Clause: Limit one of each Pokémon
|rule|OHKO Clause: OHKO moves are banned
|rule|Evasion Moves Clause: Evasion moves are banned
|rule|Endless Battle Clause: Forcing endless battles is banned
|rule|HP Percentage Mod: HP is shown in percentages
|rule|Dynamax Clause: You cannot dynamax
|rule|Blitz: Super-fast timer
|clearpoke
|poke|p1|Blastoise, M|
|poke|p1|Weezing-Galar, M|
|poke|p1|Excadrill, F|
|poke|p1|Necrozma|
|poke|p1|Conkeldurr, F|
|poke|p1|Moltres-Galar|
|poke|p2|Azelf|
|poke|p2|Grimmsnarl, M|
|poke|p2|Moltres-Galar|
|poke|p2|Celesteela|
|poke|p2|Blastoise, M|
|poke|p2|Rhyperior, M|
|teampreview
|j| Dunoks
|inactive|Fathiryxi has 30 seconds left.
|c| Dunoks|beautiful avy
|
|t:|1638730256
|start
|switch|p1a: Weezing|Weezing-Galar, M|100/100
|switch|p2a: Azelf|Azelf|100/100
|-fieldstart|move: Misty Terrain|[from] ability: Misty Surge|[of] p1a: Weezing
|turn|1
|inactive|Fathiryxi has 10 seconds left.
|
|t:|1638730266
|switch|p1a: Excadrill|Excadrill, F|100/100
|-ability|p1a: Excadrill|Mold Breaker
|move|p2a: Azelf|Stealth Rock|p1a: Excadrill
|-sidestart|p1: Fathiryxi|move: Stealth Rock
|
|upkeep
|turn|2
|
|t:|1638730269
|move|p2a: Azelf|Reflect|p2a: Azelf
|-sidestart|p2: Amane Misa|Reflect
|move|p1a: Excadrill|Rapid Spin|p2a: Azelf
|-damage|p2a: Azelf|91/100
|-boost|p1a: Excadrill|spe|1
|-sideend|p1: Fathiryxi|Stealth Rock|[from] move: Rapid Spin|[of] p1a: Excadrill
|
|upkeep
|turn|3
|
|t:|1638730273
|move|p1a: Excadrill|Stealth Rock|p2a: Azelf
|-sidestart|p2: Amane Misa|move: Stealth Rock
|move|p2a: Azelf|Light Screen|p2a: Azelf
|-sidestart|p2: Amane Misa|move: Light Screen
|
|upkeep
|turn|4
|
|t:|1638730278
|move|p1a: Excadrill|Rapid Spin|p2a: Azelf
|-damage|p2a: Azelf|82/100
|-boost|p1a: Excadrill|spe|1
|move|p2a: Azelf|Explosion|p1a: Excadrill
|-resisted|p1a: Excadrill
|-damage|p1a: Excadrill|52/100
|faint|p2a: Azelf
|
|-heal|p1a: Excadrill|58/100|[from] item: Leftovers
|upkeep
|
|t:|1638730280
|switch|p2a: Celesteela|Celesteela|100/100
|-damage|p2a: Celesteela|88/100|[from] Stealth Rock
|turn|5
|inactive|Fathiryxi has 10 seconds left.
|j| MegaTotomon
|inactive|Fathiryxi has 5 seconds left.
|
|t:|1638730291
|move|p1a: Excadrill|Iron Head|p2a: Celesteela
|-resisted|p2a: Celesteela
|-damage|p2a: Celesteela|79/100
|move|p2a: Celesteela|Autotomize|p2a: Celesteela
|-boost|p2a: Celesteela|spe|2
|-start|p2a: Celesteela|Autotomize
|
|-heal|p1a: Excadrill|64/100|[from] item: Leftovers
|-fieldend|Misty Terrain
|upkeep
|turn|6
|inactive|Fathiryxi has 10 seconds left this turn.
|inactive|Fathiryxi has 5 seconds left.
|
|t:|1638730299
|move|p1a: Excadrill|Iron Head|p2a: Celesteela
|-resisted|p2a: Celesteela
|-damage|p2a: Celesteela|70/100
|cant|p2a: Celesteela|flinch
|
|-heal|p1a: Excadrill|70/100|[from] item: Leftovers
|-sideend|p2: Amane Misa|Reflect
|upkeep
|turn|7
|inactive|Fathiryxi has 10 seconds left this turn.
|
|t:|1638730304
|switch|p1a: Weezing|Weezing-Galar, M|100/100
|-fieldstart|move: Misty Terrain|[from] ability: Misty Surge|[of] p1a: Weezing
|move|p2a: Celesteela|Fire Blast|p1a: Weezing
|-damage|p1a: Weezing|50/100
|-enditem|p1a: Weezing|Eject Button
|j|@laevin
|inactive|Fathiryxi has 10 seconds left.
|inactive|Fathiryxi has 5 seconds left.
|
|t:|1638730316
|switch|p1a: Necrozma|Necrozma|100/100
|
|-sideend|p2: Amane Misa|move: Light Screen
|upkeep
|turn|8
|inactive|Fathiryxi has 10 seconds left this turn.
|
|t:|1638730320
|move|p2a: Celesteela|Meteor Beam||[still]
|-prepare|p2a: Celesteela|Meteor Beam
|-boost|p2a: Celesteela|spa|1
|-enditem|p2a: Celesteela|Power Herb
|-anim|p2a: Celesteela|Meteor Beam|p1a: Necrozma
|-damage|p1a: Necrozma|37/100
|move|p1a: Necrozma|Dragon Dance|p1a: Necrozma
|-boost|p1a: Necrozma|atk|1
|-boost|p1a: Necrozma|spe|1
|
|upkeep
|turn|9
|
|t:|1638730323
|move|p2a: Celesteela|Air Slash|p1a: Necrozma
|-damage|p1a: Necrozma|0 fnt
|faint|p1a: Necrozma
|-ability|p2a: Celesteela|Beast Boost|boost
|-boost|p2a: Celesteela|spa|1
|
|upkeep
|
|t:|1638730328
|switch|p1a: Moltres|Moltres-Galar|100/100
|turn|10
|inactive|Fathiryxi has 10 seconds left.
|
|t:|1638730334
|move|p2a: Celesteela|Meteor Beam||[still]
|-prepare|p2a: Celesteela|Meteor Beam
|-boost|p2a: Celesteela|spa|1
|move|p1a: Moltres|Agility|p1a: Moltres
|-boost|p1a: Moltres|spe|2
|
|upkeep
|turn|11
|
|t:|1638730336
|move|p1a: Moltres|Fiery Wrath|p2a: Celesteela
|-damage|p2a: Celesteela|27/100
|move|p2a: Celesteela|Meteor Beam|p1a: Moltres|[from]lockedmove
|-supereffective|p1a: Moltres
|-damage|p1a: Moltres|0 fnt
|faint|p1a: Moltres
|-ability|p2a: Celesteela|Beast Boost|boost
|-boost|p2a: Celesteela|spa|1
|
|-fieldend|Misty Terrain
|upkeep
|
|t:|1638730340
|switch|p1a: Weezing|Weezing-Galar, M|50/100
|-fieldstart|move: Misty Terrain|[from] ability: Misty Surge|[of] p1a: Weezing
|turn|12
|
|t:|1638730343
|move|p2a: Celesteela|Air Slash|p1a: Weezing
|-damage|p1a: Weezing|0 fnt
|faint|p1a: Weezing
|-ability|p2a: Celesteela|Beast Boost|boost
|-boost|p2a: Celesteela|spa|1
|
|upkeep
|
|t:|1638730347
|switch|p1a: Blastoise|Blastoise, M|100/100
|turn|13
|
|t:|1638730349
|move|p2a: Celesteela|Air Slash|p1a: Blastoise
|-damage|p1a: Blastoise|0 fnt
|faint|p1a: Blastoise
|-ability|p2a: Celesteela|Beast Boost|boost
|-boost|p2a: Celesteela|spa|1
|
|upkeep
|j| Arxtric
|c|☆Fathiryxi|kk gg
|inactive|Fathiryxi has 10 seconds left.
|c|☆Amane Misa|gg
|l|@laevin
|
|t:|1638730359
|switch|p1a: Conkeldurr|Conkeldurr, F|100/100
|-enditem|p1a: Conkeldurr|Misty Seed
|-boost|p1a: Conkeldurr|spd|1|[from] item: Misty Seed
|turn|14
|
|t:|1638730362
|move|p1a: Conkeldurr|Mach Punch|p2a: Celesteela
|-damage|p2a: Celesteela|0 fnt
|faint|p2a: Celesteela
|
|upkeep
|
|t:|1638730364
|switch|p2a: Moltres|Moltres-Galar|100/100
|-damage|p2a: Moltres|76/100|[from] Stealth Rock
|turn|15
|
|t:|1638730369
|move|p2a: Moltres|Hurricane|p1a: Conkeldurr
|-supereffective|p1a: Conkeldurr
|-damage|p1a: Conkeldurr|3/100
|move|p1a: Conkeldurr|Drain Punch|p2a: Moltres
|-damage|p2a: Moltres|16/100
|-heal|p1a: Conkeldurr|30/100|[from] drain|[of] p2a: Moltres
|-ability|p2a: Moltres|Berserk|boost
|-boost|p2a: Moltres|spa|1
|
|upkeep
|turn|16
|
|t:|1638730372
|move|p1a: Conkeldurr|Mach Punch|p2a: Moltres
|-damage|p2a: Moltres|0 fnt
|faint|p2a: Moltres
|
|-fieldend|Misty Terrain
|upkeep
|
|t:|1638730373
|switch|p2a: Grimmsnarl|Grimmsnarl, M|100/100
|-damage|p2a: Grimmsnarl|88/100|[from] Stealth Rock
|turn|17
|inactive|Fathiryxi has 10 seconds left.
|
|t:|1638730381
|switch|p1a: Excadrill|Excadrill, F|70/100
|-ability|p1a: Excadrill|Mold Breaker
|move|p2a: Grimmsnarl|Spirit Break|p1a: Excadrill
|-resisted|p1a: Excadrill
|-damage|p1a: Excadrill|49/100
|-unboost|p1a: Excadrill|spa|1
|
|-heal|p1a: Excadrill|55/100|[from] item: Leftovers
|upkeep
|turn|18
|
|t:|1638730386
|move|p2a: Grimmsnarl|Reflect|p2a: Grimmsnarl
|-sidestart|p2: Amane Misa|Reflect
|move|p1a: Excadrill|Iron Head|p2a: Grimmsnarl
|-supereffective|p2a: Grimmsnarl
|-damage|p2a: Grimmsnarl|42/100
|-enditem|p2a: Grimmsnarl|Eject Button
|
|t:|1638730388
|switch|p2a: Blastoise|Blastoise, M|100/100
|-damage|p2a: Blastoise|88/100|[from] Stealth Rock
|
|-heal|p1a: Excadrill|61/100|[from] item: Leftovers
|upkeep
|turn|19
|inactive|Fathiryxi has 10 seconds left.
|
|t:|1638730396
|move|p1a: Excadrill|Rapid Spin|p2a: Blastoise
|-damage|p2a: Blastoise|80/100
|-boost|p1a: Excadrill|spe|1
|move|p2a: Blastoise|Surf|p1a: Excadrill
|-supereffective|p1a: Excadrill
|-damage|p1a: Excadrill|0 fnt
|faint|p1a: Excadrill
|
|upkeep
|
|t:|1638730398
|switch|p1a: Conkeldurr|Conkeldurr, F|30/100
|turn|20
|
|t:|1638730400
|move|p2a: Blastoise|Surf|p1a: Conkeldurr
|-crit|p1a: Conkeldurr
|-damage|p1a: Conkeldurr|0 fnt
|faint|p1a: Conkeldurr
|
|win|Amane Misa
|n|☆Fathiryxi|fathiryxi
|n|☆Amane Misa|amanemisa
|n| Dunoks|dunoks
|n| MegaTotomon|megatotomon
|n| Arxtric|arxtric
