|j|☆Shades438
|j|☆jayeffun
|t:|1662768291
|gametype|singles
|player|p1|Shades438|brendan-gen3rs|1474
|player|p2|jayeffun|266|1392
|teamsize|p1|6
|teamsize|p2|6
|gen|8
|tier|[Gen 8] UU
|rated|
|rule|Sleep Clause Mod: Limit one foe put to sleep
|rule|Species Clause: Limit one of each Pokémon
|rule|OHKO Clause: OHKO moves are banned
|rule|Evasion Items Clause: Evasion items are banned
|rule|Evasion Moves Clause: Evasion moves are banned
|rule|Endless Battle Clause: Forcing endless battles is banned
|rule|HP Percentage Mod: HP is shown in percentages
|rule|Dynamax Clause: You cannot dynamax
|clearpoke
|poke|p1|Registeel|
|poke|p1|Zygarde-10%|
|poke|p1|Chansey, F|
|poke|p1|Amoonguss, F|
|poke|p1|Conkeldurr, F|
|poke|p1|Salamence, F|
|poke|p2|Swampert, M|
|poke|p2|Moltres|
|poke|p2|Scizor, M|
|poke|p2|Keldeo-Resolute|
|poke|p2|Chansey, F|
|poke|p2|Tangrowth, F|
|teampreview
|j| Randomname137
|inactive|Battle timer is ON: inactive players will automatically lose when time's up. (requested by Shades438)
|
|t:|1662768310
|start
|switch|p1a: Amoonguss|Amoonguss, F|100/100
|switch|p2a: Swampert|Swampert, M|100/100
|turn|1
|
|t:|1662768327
|switch|p2a: Chansey|Chansey, F|100/100
|move|p1a: Amoonguss|Sludge Bomb|p2a: Chansey
|-damage|p2a: Chansey|92/100
|-status|p2a: Chansey|psn
|
|-damage|p2a: Chansey|79/100 psn|[from] psn
|upkeep
|turn|2
|
|t:|1662768336
|switch|p1a: Conkeldurr|Conkeldurr, F|100/100
|move|p2a: Chansey|Stealth Rock|p1a: Conkeldurr
|-sidestart|p1: Shades438|move: Stealth Rock
|
|-damage|p2a: Chansey|67/100 psn|[from] psn
|-status|p1a: Conkeldurr|brn|[from] item: Flame Orb
|upkeep
|turn|3
|
|t:|1662768345
|-curestatus|p2a: Chansey|psn|[from] ability: Natural Cure
|switch|p2a: Tangrowth|Tangrowth, F|100/100
|move|p1a: Conkeldurr|Knock Off|p2a: Tangrowth
|-damage|p2a: Tangrowth|71/100
|-damage|p1a: Conkeldurr|84/100 brn|[from] item: Rocky Helmet|[of] p2a: Tangrowth
|-enditem|p2a: Tangrowth|Rocky Helmet|[from] move: Knock Off|[of] p1a: Conkeldurr
|
|-damage|p1a: Conkeldurr|78/100 brn|[from] brn
|upkeep
|turn|4
|
|t:|1662768359
|move|p1a: Conkeldurr|Drain Punch|p2a: Tangrowth
|-damage|p2a: Tangrowth|35/100
|-heal|p1a: Conkeldurr|99/100 brn|[from] drain|[of] p2a: Tangrowth
|move|p2a: Tangrowth|Sludge Bomb|p1a: Conkeldurr
|-damage|p1a: Conkeldurr|70/100 brn
|
|-damage|p1a: Conkeldurr|64/100 brn|[from] brn
|upkeep
|turn|5
|
|t:|1662768370
|switch|p2a: Scizor|Scizor, M|100/100
|move|p1a: Conkeldurr|Facade|p2a: Scizor
|-resisted|p2a: Scizor
|-damage|p2a: Scizor|45/100
|
|-damage|p1a: Conkeldurr|58/100 brn|[from] brn
|upkeep
|turn|6
|
|t:|1662768389
|switch|p1a: Salamence|Salamence, F|100/100
|-ability|p1a: Salamence|Intimidate|boost
|-unboost|p2a: Scizor|atk|1
|move|p2a: Scizor|Bullet Punch|p1a: Salamence
|-damage|p1a: Salamence|69/100
|-damage|p2a: Scizor|35/100|[from] item: Life Orb
|
|upkeep
|turn|7
|
|t:|1662768400
|switch|p2a: Chansey|Chansey, F|67/100
|move|p1a: Salamence|Defog|p2a: Chansey
|-unboost|p2a: Chansey|evasion|1
|-sideend|p1: Shades438|Stealth Rock|[from] move: Defog|[of] p1a: Salamence
|
|upkeep
|turn|8
|
|t:|1662768406
|switch|p1a: Conkeldurr|Conkeldurr, F|58/100 brn
|move|p2a: Chansey|Teleport|p2a: Chansey
|
|t:|1662768419
|switch|p2a: Moltres|Moltres|100/100|[from]move: Teleport
|
|-damage|p1a: Conkeldurr|52/100 brn|[from] brn
|upkeep
|turn|9
|
|t:|1662768425
|switch|p1a: Chansey|Chansey, F|100/100
|move|p2a: Moltres|U-turn|p1a: Chansey
|-crit|p1a: Chansey
|-damage|p1a: Chansey|86/100
|
|t:|1662768430
|switch|p2a: Swampert|Swampert, M|100/100|[from]move: U-turn
|
|upkeep
|turn|10
|
|t:|1662768447
|switch|p1a: Amoonguss|Amoonguss, F|100/100
|move|p2a: Swampert|Earthquake|p1a: Amoonguss
|-damage|p1a: Amoonguss|45/100
|
|upkeep
|turn|11
|
|t:|1662768465
|switch|p1a: Salamence|Salamence, F|69/100
|-ability|p1a: Salamence|Intimidate|boost
|-unboost|p2a: Swampert|atk|1
|move|p2a: Swampert|Earthquake|p1a: Salamence
|-immune|p1a: Salamence
|
|upkeep
|turn|12
|
|t:|1662768471
|switch|p2a: Chansey|Chansey, F|67/100
|move|p1a: Salamence|Roost|p1a: Salamence
|-heal|p1a: Salamence|100/100
|-singleturn|p1a: Salamence|move: Roost
|
|upkeep
|turn|13
|
|t:|1662768489
|switch|p1a: Registeel|Registeel|100/100
|move|p2a: Chansey|Teleport|p2a: Chansey
|
|t:|1662768507
|switch|p2a: Swampert|Swampert, M|100/100|[from]move: Teleport
|
|upkeep
|turn|14
|
|t:|1662768514
|switch|p1a: Amoonguss|Amoonguss, F|79/100
|move|p2a: Swampert|Ice Punch|p1a: Amoonguss
|-supereffective|p1a: Amoonguss
|-damage|p1a: Amoonguss|19/100
|-damage|p2a: Swampert|84/100|[from] item: Rocky Helmet|[of] p1a: Amoonguss
|
|upkeep
|turn|15
|
|t:|1662768528
|switch|p2a: Moltres|Moltres|100/100
|switch|p1a: Registeel|Registeel|100/100
|
|upkeep
|turn|16
|
|t:|1662768534
|switch|p1a: Chansey|Chansey, F|86/100
|move|p2a: Moltres|Overheat|p1a: Chansey
|-damage|p1a: Chansey|69/100
|-unboost|p2a: Moltres|spa|2
|
|upkeep
|turn|17
|
|t:|1662768543
|move|p2a: Moltres|U-turn|p1a: Chansey
|-damage|p1a: Chansey|59/100
|
|t:|1662768546
|switch|p2a: Swampert|Swampert, M|84/100|[from]move: U-turn
|move|p1a: Chansey|Soft-Boiled|p1a: Chansey
|-heal|p1a: Chansey|100/100
|
|upkeep
|turn|18
|
|t:|1662768564
|move|p2a: Swampert|Earthquake|p1a: Chansey
|-damage|p1a: Chansey|48/100
|move|p1a: Chansey|Teleport|p1a: Chansey
|
|t:|1662768569
|switch|p1a: Salamence|Salamence, F|100/100|[from]move: Teleport
|-ability|p1a: Salamence|Intimidate|boost
|-unboost|p2a: Swampert|atk|1
|
|upkeep
|turn|19
|
|t:|1662768589
|switch|p2a: Moltres|Moltres|100/100
|move|p1a: Salamence|Flamethrower|p2a: Moltres
|-resisted|p2a: Moltres
|-damage|p2a: Moltres|91/100
|
|upkeep
|turn|20
|
|t:|1662768595
|switch|p1a: Chansey|Chansey, F|48/100
|move|p2a: Moltres|U-turn|p1a: Chansey
|-damage|p1a: Chansey|38/100
|
|t:|1662768601
|switch|p2a: Swampert|Swampert, M|84/100|[from]move: U-turn
|
|upkeep
|turn|21
|
|t:|1662768606
|switch|p1a: Salamence|Salamence, F|100/100
|-ability|p1a: Salamence|Intimidate|boost
|-unboost|p2a: Swampert|atk|1
|move|p2a: Swampert|Flip Turn|p1a: Salamence
|-resisted|p1a: Salamence
|-damage|p1a: Salamence|85/100
|
|t:|1662768619
|switch|p2a: Chansey|Chansey, F|67/100|[from]move: Flip Turn
|
|upkeep
|turn|22
|
|t:|1662768624
|switch|p1a: Registeel|Registeel|100/100
|move|p2a: Chansey|Stealth Rock|p1a: Registeel
|-sidestart|p1: Shades438|move: Stealth Rock
|
|upkeep
|turn|23
|
|t:|1662768633
|switch|p2a: Moltres|Moltres|91/100
|move|p1a: Registeel|Body Press|p2a: Moltres
|-resisted|p2a: Moltres
|-damage|p2a: Moltres|79/100
|-status|p1a: Registeel|brn|[from] ability: Flame Body|[of] p2a: Moltres
|
|-damage|p1a: Registeel|94/100 brn|[from] brn
|upkeep
|turn|24
|
|t:|1662768651
|switch|p1a: Salamence|Salamence, F|85/100
|-ability|p1a: Salamence|Intimidate|boost
|-unboost|p2a: Moltres|atk|1
|move|p2a: Moltres|Overheat|p1a: Salamence
|-resisted|p1a: Salamence
|-damage|p1a: Salamence|56/100
|-unboost|p2a: Moltres|spa|2
|
|upkeep
|turn|25
|
|t:|1662768662
|move|p1a: Salamence|Roost|p1a: Salamence
|-heal|p1a: Salamence|100/100
|-singleturn|p1a: Salamence|move: Roost
|move|p2a: Moltres|U-turn|p1a: Salamence
|-damage|p1a: Salamence|91/100
|
|t:|1662768668
|switch|p2a: Swampert|Swampert, M|84/100|[from]move: U-turn
|
|upkeep
|turn|26
|
|t:|1662768677
|switch|p1a: Registeel|Registeel|94/100 brn
|-damage|p1a: Registeel|88/100 brn|[from] Stealth Rock
|move|p2a: Swampert|Flip Turn|p1a: Registeel
|-damage|p1a: Registeel|66/100 brn
|
|t:|1662768704
|switch|p2a: Keldeo|Keldeo-Resolute|100/100|[from]move: Flip Turn
|
|-heal|p1a: Registeel|72/100 brn|[from] item: Leftovers
|-damage|p1a: Registeel|66/100 brn|[from] brn
|upkeep
|turn|27
|
|t:|1662768717
|switch|p1a: Salamence|Salamence, F|91/100
|-ability|p1a: Salamence|Intimidate|boost
|-unboost|p2a: Keldeo|atk|1
|move|p2a: Keldeo|Hydro Pump|p1a: Salamence
|-resisted|p1a: Salamence
|-damage|p1a: Salamence|63/100
|
|upkeep
|turn|28
|
|t:|1662768725
|switch|p2a: Chansey|Chansey, F|67/100
|move|p1a: Salamence|Defog|p2a: Chansey
|-unboost|p2a: Chansey|evasion|1
|-sideend|p1: Shades438|Stealth Rock|[from] move: Defog|[of] p1a: Salamence
|
|upkeep
|turn|29
|
|t:|1662768731
|move|p1a: Salamence|Roost|p1a: Salamence
|-heal|p1a: Salamence|100/100
|-singleturn|p1a: Salamence|move: Roost
|move|p2a: Chansey|Teleport|p2a: Chansey
|
|t:|1662768743
|switch|p2a: Swampert|Swampert, M|84/100|[from]move: Teleport
|
|upkeep
|turn|30
|
|t:|1662768750
|switch|p1a: Amoonguss|Amoonguss, F|53/100
|move|p2a: Swampert|Ice Punch|p1a: Amoonguss
|-supereffective|p1a: Amoonguss
|-damage|p1a: Amoonguss|0 fnt
|-damage|p2a: Swampert|67/100|[from] item: Rocky Helmet|[of] p1a: Amoonguss
|faint|p1a: Amoonguss
|
|upkeep
|
|t:|1662768753
|switch|p1a: Registeel|Registeel|66/100 brn
|turn|31
|
|t:|1662768763
|switch|p2a: Moltres|Moltres|79/100
|move|p1a: Registeel|Amnesia|p1a: Registeel
|-boost|p1a: Registeel|spd|2
|
|-heal|p1a: Registeel|72/100 brn|[from] item: Leftovers
|-damage|p1a: Registeel|66/100 brn|[from] brn
|upkeep
|turn|32
|
|t:|1662768778
|move|p2a: Moltres|Overheat|p1a: Registeel
|-supereffective|p1a: Registeel
|-damage|p1a: Registeel|33/100 brn
|-unboost|p2a: Moltres|spa|2
|move|p1a: Registeel|Iron Defense|p1a: Registeel
|-boost|p1a: Registeel|def|2
|
|-heal|p1a: Registeel|39/100 brn|[from] item: Leftovers
|-damage|p1a: Registeel|33/100 brn|[from] brn
|upkeep
|turn|33
|
|t:|1662768788
|move|p2a: Moltres|U-turn|p1a: Registeel
|-resisted|p1a: Registeel
|-damage|p1a: Registeel|31/100 brn
|
|t:|1662768793
|switch|p2a: Tangrowth|Tangrowth, F|68/100|[from]move: U-turn
|move|p1a: Registeel|Rest|p1a: Registeel
|-status|p1a: Registeel|slp|[from] move: Rest
|-heal|p1a: Registeel|100/100 slp|[silent]
|
|upkeep
|turn|34
|
|t:|1662768800
|move|p2a: Tangrowth|Knock Off|p1a: Registeel
|-damage|p1a: Registeel|95/100 slp
|-enditem|p1a: Registeel|Leftovers|[from] move: Knock Off|[of] p2a: Tangrowth
|cant|p1a: Registeel|slp
|
|upkeep
|turn|35
|
|t:|1662768807
|switch|p2a: Swampert|Swampert, M|67/100
|cant|p1a: Registeel|slp
|
|upkeep
|turn|36
|
|t:|1662768811
|move|p2a: Swampert|Earthquake|p1a: Registeel
|-supereffective|p1a: Registeel
|-damage|p1a: Registeel|56/100 slp
|-curestatus|p1a: Registeel|slp|[msg]
|move|p1a: Registeel|Iron Defense|p1a: Registeel
|-boost|p1a: Registeel|def|2
|
|upkeep
|turn|37
|
|t:|1662768818
|move|p2a: Swampert|Earthquake|p1a: Registeel
|-supereffective|p1a: Registeel
|-damage|p1a: Registeel|31/100
|move|p1a: Registeel|Iron Defense|p1a: Registeel
|-boost|p1a: Registeel|def|2
|
|upkeep
|turn|38
|
|t:|1662768829
|switch|p2a: Keldeo|Keldeo-Resolute|100/100
|move|p1a: Registeel|Rest|p1a: Registeel
|-status|p1a: Registeel|slp|[from] move: Rest
|-heal|p1a: Registeel|100/100 slp|[silent]
|
|upkeep
|turn|39
|
|t:|1662768844
|move|p2a: Keldeo|Hydro Pump|p1a: Registeel
|-crit|p1a: Registeel
|-damage|p1a: Registeel|41/100 slp
|cant|p1a: Registeel|slp
|
|upkeep
|turn|40
|
|t:|1662768851
|move|p2a: Keldeo|Hydro Pump|p1a: Registeel
|-damage|p1a: Registeel|23/100 slp
|cant|p1a: Registeel|slp
|
|upkeep
|turn|41
|
|t:|1662768855
|move|p2a: Keldeo|Hydro Pump|p1a: Registeel
|-damage|p1a: Registeel|4/100 slp
|-curestatus|p1a: Registeel|slp|[msg]
|move|p1a: Registeel|Rest|p1a: Registeel
|-status|p1a: Registeel|slp|[from] move: Rest
|-heal|p1a: Registeel|100/100 slp|[silent]
|
|upkeep
|turn|42
|
|t:|1662768865
|switch|p2a: Moltres|Moltres|79/100
|cant|p1a: Registeel|slp
|
|upkeep
|turn|43
|
|t:|1662768870
|move|p2a: Moltres|Overheat|p1a: Registeel
|-supereffective|p1a: Registeel
|-crit|p1a: Registeel
|-damage|p1a: Registeel|0 fnt
|-unboost|p2a: Moltres|spa|2
|faint|p1a: Registeel
|
|upkeep
|
|t:|1662768876
|switch|p1a: Zygarde|Zygarde-10%|100/100
|-ability|p1a: Zygarde|Aura Break
|turn|44
|
|t:|1662768884
|switch|p2a: Tangrowth|Tangrowth, F|100/100
|move|p1a: Zygarde|Outrage|p2a: Tangrowth
|-damage|p2a: Tangrowth|63/100
|
|upkeep
|turn|45
|
|t:|1662768891
|move|p1a: Zygarde|Outrage|p2a: Tangrowth|[from]lockedmove
|-damage|p2a: Tangrowth|24/100
|-start|p1a: Zygarde|confusion|[fatigue]
|move|p2a: Tangrowth|Giga Drain|p1a: Zygarde
|-damage|p1a: Zygarde|56/100
|-heal|p2a: Tangrowth|38/100|[from] drain|[of] p1a: Zygarde
|
|upkeep
|turn|46
|
|t:|1662768903
|switch|p1a: Salamence|Salamence, F|100/100
|-ability|p1a: Salamence|Intimidate|boost
|-unboost|p2a: Tangrowth|atk|1
|switch|p2a: Scizor|Scizor, M|35/100
|
|upkeep
|turn|47
|
|t:|1662768916
|switch|p2a: Chansey|Chansey, F|67/100
|move|p1a: Salamence|Flamethrower|p2a: Chansey
|-damage|p2a: Chansey|60/100
|-status|p2a: Chansey|brn
|
|-damage|p2a: Chansey|54/100 brn|[from] brn
|upkeep
|turn|48
|
|t:|1662768926
|switch|p1a: Conkeldurr|Conkeldurr, F|52/100 brn
|move|p2a: Chansey|Stealth Rock|p1a: Conkeldurr
|-sidestart|p1: Shades438|move: Stealth Rock
|
|-damage|p1a: Conkeldurr|46/100 brn|[from] brn
|-damage|p2a: Chansey|48/100 brn|[from] brn
|upkeep
|turn|49
|
|t:|1662768934
|-curestatus|p2a: Chansey|brn|[from] ability: Natural Cure
|switch|p2a: Moltres|Moltres|79/100
|move|p1a: Conkeldurr|Facade|p2a: Moltres
|-damage|p2a: Moltres|16/100
|
|-damage|p1a: Conkeldurr|40/100 brn|[from] brn
|upkeep
|turn|50
|
|t:|1662768951
|switch|p2a: Tangrowth|Tangrowth, F|71/100
|move|p1a: Conkeldurr|Mach Punch|p2a: Tangrowth
|-damage|p2a: Tangrowth|53/100
|
|-damage|p1a: Conkeldurr|34/100 brn|[from] brn
|upkeep
|turn|51
|
|t:|1662768959
|switch|p2a: Moltres|Moltres|16/100
|move|p1a: Conkeldurr|Drain Punch|p2a: Moltres
|-resisted|p2a: Moltres
|-damage|p2a: Moltres|0 fnt
|-heal|p1a: Conkeldurr|43/100 brn|[from] drain|[of] p2a: Moltres
|faint|p2a: Moltres
|
|-damage|p1a: Conkeldurr|37/100 brn|[from] brn
|upkeep
|
|t:|1662768969
|switch|p2a: Scizor|Scizor, M|35/100
|turn|52
|
|t:|1662768972
|switch|p1a: Salamence|Salamence, F|100/100
|-ability|p1a: Salamence|Intimidate|boost
|-unboost|p2a: Scizor|atk|1
|move|p2a: Scizor|Bullet Punch|p1a: Salamence
|-damage|p1a: Salamence|68/100
|-damage|p2a: Scizor|25/100|[from] item: Life Orb
|
|upkeep
|turn|53
|
|t:|1662768980
|switch|p1a: Conkeldurr|Conkeldurr, F|37/100 brn
|-damage|p1a: Conkeldurr|31/100 brn|[from] Stealth Rock
|move|p2a: Scizor|Knock Off|p1a: Conkeldurr
|-resisted|p1a: Conkeldurr
|-damage|p1a: Conkeldurr|14/100 brn
|-enditem|p1a: Conkeldurr|Flame Orb|[from] move: Knock Off|[of] p2a: Scizor
|-damage|p2a: Scizor|15/100|[from] item: Life Orb
|
|-damage|p1a: Conkeldurr|8/100 brn|[from] brn
|upkeep
|turn|54
|
|t:|1662768990
|switch|p1a: Salamence|Salamence, F|68/100
|-ability|p1a: Salamence|Intimidate|boost
|-unboost|p2a: Scizor|atk|1
|move|p2a: Scizor|Bullet Punch|p1a: Salamence
|-damage|p1a: Salamence|46/100
|-damage|p2a: Scizor|5/100|[from] item: Life Orb
|
|upkeep
|turn|55
|inactive|jayeffun has 120 seconds left.
|
|t:|1662769020
|switch|p2a: Chansey|Chansey, F|48/100
|move|p1a: Salamence|Roost|p1a: Salamence
|-heal|p1a: Salamence|96/100
|-singleturn|p1a: Salamence|move: Roost
|
|upkeep
|turn|56
|
|t:|1662769030
|move|p1a: Salamence|Defog|p2a: Chansey
|-unboost|p2a: Chansey|evasion|1
|-sideend|p1: Shades438|Stealth Rock|[from] move: Defog|[of] p1a: Salamence
|move|p2a: Chansey|Teleport|p2a: Chansey
|
|t:|1662769034
|switch|p2a: Swampert|Swampert, M|67/100|[from]move: Teleport
|
|upkeep
|turn|57
|
|t:|1662769048
|switch|p1a: Chansey|Chansey, F|38/100
|move|p2a: Swampert|Ice Punch|p1a: Chansey
|-damage|p1a: Chansey|14/100
|
|upkeep
|turn|58
|
|t:|1662769054
|move|p2a: Swampert|Ice Punch|p1a: Chansey
|-damage|p1a: Chansey|0 fnt
|faint|p1a: Chansey
|
|upkeep
|
|t:|1662769058
|switch|p1a: Zygarde|Zygarde-10%|56/100
|-ability|p1a: Zygarde|Aura Break
|turn|59
|
|t:|1662769078
|switch|p2a: Scizor|Scizor, M|5/100
|move|p1a: Zygarde|Outrage|p2a: Scizor
|-resisted|p2a: Scizor
|-crit|p2a: Scizor
|-damage|p2a: Scizor|0 fnt
|faint|p2a: Scizor
|
|upkeep
|
|t:|1662769087
|switch|p2a: Tangrowth|Tangrowth, F|87/100
|turn|60
|
|t:|1662769090
|move|p1a: Zygarde|Outrage|p2a: Tangrowth|[from]lockedmove
|-damage|p2a: Tangrowth|44/100
|move|p2a: Tangrowth|Toxic|p1a: Zygarde
|-status|p1a: Zygarde|tox
|
|-damage|p1a: Zygarde|50/100 tox|[from] psn
|upkeep
|turn|61
|
|t:|1662769097
|move|p1a: Zygarde|Outrage|p2a: Tangrowth|[from]lockedmove
|-damage|p2a: Tangrowth|6/100
|-start|p1a: Zygarde|confusion|[fatigue]
|move|p2a: Tangrowth|Giga Drain|p1a: Zygarde
|-damage|p1a: Zygarde|3/100 tox
|-heal|p2a: Tangrowth|21/100|[from] drain|[of] p1a: Zygarde
|
|-damage|p1a: Zygarde|0 fnt|[from] psn
|faint|p1a: Zygarde
|upkeep
|
|t:|1662769108
|switch|p1a: Conkeldurr|Conkeldurr, F|8/100 brn
|turn|62
|
|t:|1662769111
|move|p1a: Conkeldurr|Drain Punch|p2a: Tangrowth
|-damage|p2a: Tangrowth|0 fnt
|-heal|p1a: Conkeldurr|19/100 brn|[from] drain|[of] p2a: Tangrowth
|faint|p2a: Tangrowth
|
|-damage|p1a: Conkeldurr|13/100 brn|[from] brn
|upkeep
|
|t:|1662769125
|switch|p2a: Keldeo|Keldeo-Resolute|100/100
|turn|63
|
|t:|1662769129
|switch|p1a: Salamence|Salamence, F|96/100
|-ability|p1a: Salamence|Intimidate|boost
|-unboost|p2a: Keldeo|atk|1
|move|p2a: Keldeo|Secret Sword|p1a: Salamence
|-resisted|p1a: Salamence
|-damage|p1a: Salamence|75/100
|
|upkeep
|turn|64
|
|t:|1662769146
|switch|p2a: Swampert|Swampert, M|67/100
|switch|p1a: Conkeldurr|Conkeldurr, F|13/100 brn
|
|-damage|p1a: Conkeldurr|7/100 brn|[from] brn
|upkeep
|turn|65
|inactive|Shades438 has 120 seconds left.
|inactive|Shades438 has 90 seconds left.
|inactive|Shades438 has 60 seconds left.
|
|t:|1662769237
|move|p1a: Conkeldurr|Drain Punch|p2a: Swampert
|-damage|p2a: Swampert|9/100
|-heal|p1a: Conkeldurr|41/100 brn|[from] drain|[of] p2a: Swampert
|move|p2a: Swampert|Ice Punch|p1a: Conkeldurr
|-damage|p1a: Conkeldurr|5/100 brn
|
|-damage|p1a: Conkeldurr|0 fnt|[from] brn
|faint|p1a: Conkeldurr
|upkeep
|
|t:|1662769241
|switch|p1a: Salamence|Salamence, F|75/100
|-ability|p1a: Salamence|Intimidate|boost
|-unboost|p2a: Swampert|atk|1
|turn|66
|
|t:|1662769248
|move|p1a: Salamence|Dual Wingbeat|p2a: Swampert
|-damage|p2a: Swampert|0 fnt
|faint|p2a: Swampert
|-hitcount|p2: Swampert|1
|
|upkeep
|
|t:|1662769252
|switch|p2a: Chansey|Chansey, F|48/100
|turn|67
|
|t:|1662769258
|move|p1a: Salamence|Dual Wingbeat|p2a: Chansey
|-damage|p2a: Chansey|36/100
|-damage|p2a: Chansey|26/100
|-hitcount|p2a: Chansey|2
|move|p2a: Chansey|Soft-Boiled|p2a: Chansey
|-heal|p2a: Chansey|76/100
|
|upkeep
|turn|68
|
|t:|1662769267
|move|p1a: Salamence|Flamethrower|p2a: Chansey
|-crit|p2a: Chansey
|-damage|p2a: Chansey|66/100
|move|p2a: Chansey|Soft-Boiled|p2a: Chansey
|-heal|p2a: Chansey|100/100
|
|upkeep
|turn|69
|
|t:|1662769275
|move|p1a: Salamence|Dual Wingbeat|p2a: Chansey
|-damage|p2a: Chansey|89/100
|-damage|p2a: Chansey|78/100
|-hitcount|p2a: Chansey|2
|move|p2a: Chansey|Stealth Rock|p1a: Salamence
|-sidestart|p1: Shades438|move: Stealth Rock
|
|upkeep
|turn|70
|
|t:|1662769282
|move|p1a: Salamence|Flamethrower|p2a: Chansey
|-damage|p2a: Chansey|72/100
|move|p2a: Chansey|Stealth Rock||[still]
|-fail|p2a: Chansey
|
|upkeep
|turn|71
|
|t:|1662769288
|move|p1a: Salamence|Defog|p2a: Chansey
|-unboost|p2a: Chansey|evasion|1
|-sideend|p1: Shades438|Stealth Rock|[from] move: Defog|[of] p1a: Salamence
|move|p2a: Chansey|Stealth Rock|p1a: Salamence
|-sidestart|p1: Shades438|move: Stealth Rock
|
|upkeep
|turn|72
|
|t:|1662769296
|move|p1a: Salamence|Defog|p2a: Chansey
|-unboost|p2a: Chansey|evasion|1
|-sideend|p1: Shades438|Stealth Rock|[from] move: Defog|[of] p1a: Salamence
|move|p2a: Chansey|Stealth Rock|p1a: Salamence
|-sidestart|p1: Shades438|move: Stealth Rock
|
|upkeep
|turn|73
|
|t:|1662769300
|move|p1a: Salamence|Flamethrower|p2a: Chansey
|-damage|p2a: Chansey|65/100
|move|p2a: Chansey|Stealth Rock||[still]
|-fail|p2a: Chansey
|
|upkeep
|turn|74
|
|t:|1662769308
|move|p1a: Salamence|Roost|p1a: Salamence
|-heal|p1a: Salamence|100/100
|-singleturn|p1a: Salamence|move: Roost
|move|p2a: Chansey|Stealth Rock||[still]
|-fail|p2a: Chansey
|
|upkeep
|turn|75
|
|t:|1662769314
|move|p1a: Salamence|Flamethrower|p2a: Chansey
|-damage|p2a: Chansey|59/100
|move|p2a: Chansey|Teleport|p2a: Chansey
|
|t:|1662769318
|switch|p2a: Keldeo|Keldeo-Resolute|100/100|[from]move: Teleport
|
|upkeep
|turn|76
|
|t:|1662769321
|switch|p2a: Chansey|Chansey, F|59/100
|move|p1a: Salamence|Dual Wingbeat|p2a: Chansey
|-damage|p2a: Chansey|48/100
|-damage|p2a: Chansey|36/100
|-hitcount|p2a: Chansey|2
|
|upkeep
|turn|77
|
|t:|1662769328
|move|p1a: Salamence|Dual Wingbeat|p2a: Chansey
|-crit|p2a: Chansey
|-damage|p2a: Chansey|20/100
|-damage|p2a: Chansey|9/100
|-hitcount|p2a: Chansey|2
|move|p2a: Chansey|Soft-Boiled|p2a: Chansey
|-heal|p2a: Chansey|59/100
|
|upkeep
|turn|78
|
|t:|1662769336
|move|p1a: Salamence|Flamethrower|p2a: Chansey
|-damage|p2a: Chansey|53/100
|move|p2a: Chansey|Soft-Boiled|p2a: Chansey
|-heal|p2a: Chansey|100/100
|
|upkeep
|turn|79
|
|t:|1662769341
|move|p1a: Salamence|Flamethrower|p2a: Chansey
|-damage|p2a: Chansey|95/100
|move|p2a: Chansey|Teleport|p2a: Chansey
|
|t:|1662769344
|switch|p2a: Keldeo|Keldeo-Resolute|100/100|[from]move: Teleport
|
|upkeep
|turn|80
|
|t:|1662769348
|switch|p2a: Chansey|Chansey, F|95/100
|move|p1a: Salamence|Dual Wingbeat|p2a: Chansey|[miss]
|-miss|p1a: Salamence|p2a: Chansey
|
|upkeep
|turn|81
|
|t:|1662769354
|move|p1a: Salamence|Flamethrower|p2a: Chansey
|-damage|p2a: Chansey|88/100
|move|p2a: Chansey|Stealth Rock||[still]
|-fail|p2a: Chansey
|
|upkeep
|turn|82
|
|t:|1662769359
|move|p1a: Salamence|Flamethrower|p2a: Chansey
|-damage|p2a: Chansey|82/100
|move|p2a: Chansey|Stealth Rock||[still]
|-fail|p2a: Chansey
|
|upkeep
|turn|83
|
|t:|1662769364
|move|p1a: Salamence|Defog|p2a: Chansey
|-unboost|p2a: Chansey|evasion|1
|-sideend|p1: Shades438|Stealth Rock|[from] move: Defog|[of] p1a: Salamence
|move|p2a: Chansey|Teleport|p2a: Chansey
|
|t:|1662769368
|switch|p2a: Keldeo|Keldeo-Resolute|100/100|[from]move: Teleport
|
|upkeep
|turn|84
|
|t:|1662769372
|switch|p2a: Chansey|Chansey, F|82/100
|move|p1a: Salamence|Dual Wingbeat|p2a: Chansey
|-damage|p2a: Chansey|70/100
|-damage|p2a: Chansey|57/100
|-hitcount|p2a: Chansey|2
|
|upkeep
|turn|85
|
|t:|1662769379
|move|p1a: Salamence|Flamethrower|p2a: Chansey
|-damage|p2a: Chansey|51/100
|move|p2a: Chansey|Stealth Rock|p1a: Salamence
|-sidestart|p1: Shades438|move: Stealth Rock
|
|upkeep
|turn|86
|
|t:|1662769383
|move|p1a: Salamence|Defog|p2a: Chansey
|-unboost|p2a: Chansey|evasion|1
|-sideend|p1: Shades438|Stealth Rock|[from] move: Defog|[of] p1a: Salamence
|move|p2a: Chansey|Stealth Rock|p1a: Salamence
|-sidestart|p1: Shades438|move: Stealth Rock
|
|upkeep
|turn|87
|
|t:|1662769389
|move|p1a: Salamence|Defog|p2a: Chansey
|-unboost|p2a: Chansey|evasion|1
|-sideend|p1: Shades438|Stealth Rock|[from] move: Defog|[of] p1a: Salamence
|move|p2a: Chansey|Stealth Rock|p1a: Salamence
|-sidestart|p1: Shades438|move: Stealth Rock
|
|upkeep
|turn|88
|
|t:|1662769395
|move|p1a: Salamence|Defog|p2a: Chansey
|-unboost|p2a: Chansey|evasion|1
|-sideend|p1: Shades438|Stealth Rock|[from] move: Defog|[of] p1a: Salamence
|move|p2a: Chansey|Soft-Boiled|p2a: Chansey
|-heal|p2a: Chansey|100/100
|
|upkeep
|turn|89
|
|t:|1662769400
|move|p1a: Salamence|Defog|p2a: Chansey
|-unboost|p2a: Chansey|evasion|1
|move|p2a: Chansey|Teleport|p2a: Chansey
|
|t:|1662769404
|switch|p2a: Keldeo|Keldeo-Resolute|100/100|[from]move: Teleport
|
|upkeep
|turn|90
|
|t:|1662769409
|switch|p2a: Chansey|Chansey, F|100/100
|move|p1a: Salamence|Flamethrower|p2a: Chansey
|-damage|p2a: Chansey|95/100
|
|upkeep
|turn|91
|
|t:|1662769417
|move|p1a: Salamence|Defog|p2a: Chansey
|-unboost|p2a: Chansey|evasion|1
|move|p2a: Chansey|Teleport|p2a: Chansey
|
|t:|1662769420
|switch|p2a: Keldeo|Keldeo-Resolute|100/100|[from]move: Teleport
|
|upkeep
|turn|92
|
|t:|1662769424
|switch|p2a: Chansey|Chansey, F|95/100
|move|p1a: Salamence|Dual Wingbeat|p2a: Chansey
|-damage|p2a: Chansey|82/100
|-damage|p2a: Chansey|70/100
|-hitcount|p2a: Chansey|2
|
|upkeep
|turn|93
|
|t:|1662769432
|move|p1a: Salamence|Flamethrower|p2a: Chansey
|-damage|p2a: Chansey|64/100
|move|p2a: Chansey|Stealth Rock|p1a: Salamence
|-sidestart|p1: Shades438|move: Stealth Rock
|
|upkeep
|turn|94
|
|t:|1662769438
|move|p1a: Salamence|Defog|p2a: Chansey
|-unboost|p2a: Chansey|evasion|1
|-sideend|p1: Shades438|Stealth Rock|[from] move: Defog|[of] p1a: Salamence
|move|p2a: Chansey|Teleport|p2a: Chansey
|
|t:|1662769441
|switch|p2a: Keldeo|Keldeo-Resolute|100/100|[from]move: Teleport
|
|upkeep
|turn|95
|
|t:|1662769445
|switch|p2a: Chansey|Chansey, F|64/100
|move|p1a: Salamence|Roost||[still]
|-fail|p1a: Salamence|heal
|
|upkeep
|turn|96
|
|t:|1662769450
|move|p1a: Salamence|Defog|p2a: Chansey
|-unboost|p2a: Chansey|evasion|1
|move|p2a: Chansey|Stealth Rock|p1a: Salamence
|-sidestart|p1: Shades438|move: Stealth Rock
|
|upkeep
|turn|97
|
|t:|1662769456
|move|p1a: Salamence|Flamethrower|p2a: Chansey
|-damage|p2a: Chansey|58/100
|move|p2a: Chansey|Stealth Rock||[still]
|-fail|p2a: Chansey
|
|upkeep
|turn|98
|
|t:|1662769461
|move|p1a: Salamence|Defog|p2a: Chansey
|-unboost|p2a: Chansey|evasion|1
|-sideend|p1: Shades438|Stealth Rock|[from] move: Defog|[of] p1a: Salamence
|move|p2a: Chansey|Stealth Rock|p1a: Salamence
|-sidestart|p1: Shades438|move: Stealth Rock
|
|upkeep
|turn|99
|
|t:|1662769467
|move|p1a: Salamence|Defog|p2a: Chansey
|-unboost|p2a: Chansey|evasion|1
|-sideend|p1: Shades438|Stealth Rock|[from] move: Defog|[of] p1a: Salamence
|move|p2a: Chansey|Soft-Boiled|p2a: Chansey
|-heal|p2a: Chansey|100/100
|
|upkeep
|turn|100
|
|t:|1662769473
|move|p1a: Salamence|Defog|p2a: Chansey
|-unboost|p2a: Chansey|evasion|1
|move|p2a: Chansey|Teleport|p2a: Chansey
|
|t:|1662769476
|switch|p2a: Keldeo|Keldeo-Resolute|100/100|[from]move: Teleport
|
|upkeep
|turn|101
|
|t:|1662769479
|switch|p2a: Chansey|Chansey, F|100/100
|move|p1a: Salamence|Roost||[still]
|-fail|p1a: Salamence|heal
|
|upkeep
|turn|102
|
|t:|1662769484
|move|p1a: Salamence|Defog|p2a: Chansey
|-unboost|p2a: Chansey|evasion|1
|move|p2a: Chansey|Teleport|p2a: Chansey
|
|t:|1662769489
|switch|p2a: Keldeo|Keldeo-Resolute|100/100|[from]move: Teleport
|
|upkeep
|turn|103
|
|t:|1662769493
|switch|p2a: Chansey|Chansey, F|100/100
|move|p1a: Salamence|Defog|p2a: Chansey
|-unboost|p2a: Chansey|evasion|1
|
|upkeep
|turn|104
|
|t:|1662769499
|move|p1a: Salamence|Defog|p2a: Chansey
|-unboost|p2a: Chansey|evasion|1
|move|p2a: Chansey|Teleport|p2a: Chansey
|
|t:|1662769504
|switch|p2a: Keldeo|Keldeo-Resolute|100/100|[from]move: Teleport
|
|upkeep
|turn|105
|inactive|Shades438 has 120 seconds left.
|c|☆Shades438|gg!
|
|t:|1662769537
|switch|p2a: Chansey|Chansey, F|100/100
|move|p1a: Salamence|Defog|p2a: Chansey
|-unboost|p2a: Chansey|evasion|1
|
|upkeep
|turn|106
|
|t:|1662769545
|move|p1a: Salamence|Roost||[still]
|-fail|p1a: Salamence|heal
|move|p2a: Chansey|Teleport|p2a: Chansey
|
|t:|1662769548
|switch|p2a: Keldeo|Keldeo-Resolute|100/100|[from]move: Teleport
|
|upkeep
|turn|107
|inactive|Shades438 has 120 seconds left.
|
|t:|1662769569
|switch|p2a: Chansey|Chansey, F|100/100
|move|p1a: Salamence|Dual Wingbeat|p2a: Chansey
|-damage|p2a: Chansey|89/100
|-damage|p2a: Chansey|76/100
|-hitcount|p2a: Chansey|2
|
|upkeep
|turn|108
|
|t:|1662769576
|move|p1a: Salamence|Flamethrower|p2a: Chansey
|-damage|p2a: Chansey|70/100
|-status|p2a: Chansey|brn
|move|p2a: Chansey|Teleport|p2a: Chansey
|
|t:|1662769581
|-curestatus|p2a: Chansey|brn|[from] ability: Natural Cure
|switch|p2a: Keldeo|Keldeo-Resolute|100/100|[from]move: Teleport
|
|upkeep
|turn|109
|
|t:|1662769586
|switch|p2a: Chansey|Chansey, F|70/100
|move|p1a: Salamence|Flamethrower|p2a: Chansey
|-damage|p2a: Chansey|64/100
|
|upkeep
|turn|110
|inactive|Shades438 has 120 seconds left.
|
|t:|1662769610
|move|p1a: Salamence|Roost||[still]
|-fail|p1a: Salamence|heal
|move|p2a: Chansey|Stealth Rock|p1a: Salamence
|-sidestart|p1: Shades438|move: Stealth Rock
|
|upkeep
|turn|111
|
|t:|1662769615
|move|p1a: Salamence|Defog|p2a: Chansey
|-unboost|p2a: Chansey|evasion|1
|-sideend|p1: Shades438|Stealth Rock|[from] move: Defog|[of] p1a: Salamence
|move|p2a: Chansey|Stealth Rock|p1a: Salamence
|-sidestart|p1: Shades438|move: Stealth Rock
|
|upkeep
|turn|112
|inactive|Shades438 has 90 seconds left.
|j| Cyussu
|l| Cyussu
|inactive|Shades438 has 60 seconds left.
|inactive|Shades438 has 30 seconds left.
|inactive|Shades438 has 20 seconds left.
|inactive|Shades438 has 15 seconds left.
|inactive|Shades438 has 10 seconds left.
|
|t:|1662769728
|move|p1a: Salamence|Defog|p2a: Chansey
|-unboost|p2a: Chansey|evasion|1
|-sideend|p1: Shades438|Stealth Rock|[from] move: Defog|[of] p1a: Salamence
|move|p2a: Chansey|Stealth Rock|p1a: Salamence
|-sidestart|p1: Shades438|move: Stealth Rock
|
|upkeep
|turn|113
|inactive|Shades438 has 15 seconds left this turn.
|
|t:|1662769734
|move|p1a: Salamence|Roost||[still]
|-fail|p1a: Salamence|heal
|move|p2a: Chansey|Stealth Rock||[still]
|-fail|p2a: Chansey
|
|upkeep
|turn|114
|inactive|Shades438 has 20 seconds left this turn.
|
|t:|1662769738
|move|p1a: Salamence|Defog|p2a: Chansey
|-unboost|p2a: Chansey|evasion|1
|-sideend|p1: Shades438|Stealth Rock|[from] move: Defog|[of] p1a: Salamence
|move|p2a: Chansey|Stealth Rock|p1a: Salamence
|-sidestart|p1: Shades438|move: Stealth Rock
|
|upkeep
|turn|115
|inactive|Shades438 has 25 seconds left this turn.
|inactive|Shades438 has 20 seconds left.
|inactive|Shades438 has 15 seconds left.
|inactive|Shades438 has 10 seconds left.
|
|t:|1662769755
|move|p1a: Salamence|Flamethrower|p2a: Chansey
|-damage|p2a: Chansey|57/100
|move|p2a: Chansey|Stealth Rock||[still]
|-fail|p2a: Chansey
|
|upkeep
|turn|116
|inactive|Shades438 has 15 seconds left this turn.
|
|t:|1662769761
|move|p1a: Salamence|Dual Wingbeat|p2a: Chansey
|-damage|p2a: Chansey|47/100
|-damage|p2a: Chansey|34/100
|-hitcount|p2a: Chansey|2
|move|p2a: Chansey|Stealth Rock||[still]
|-fail|p2a: Chansey
|
|upkeep
|turn|117
|inactive|Shades438 has 20 seconds left this turn.
|inactive|Shades438 has 15 seconds left.
|inactive|Shades438 has 10 seconds left.
|
|t:|1662769772
|move|p1a: Salamence|Dual Wingbeat|p2a: Chansey
|-damage|p2a: Chansey|23/100
|-crit|p2a: Chansey
|-damage|p2a: Chansey|5/100
|-hitcount|p2a: Chansey|2
|move|p2a: Chansey|Soft-Boiled|p2a: Chansey
|-heal|p2a: Chansey|55/100
|
|upkeep
|turn|118
|inactive|Shades438 has 15 seconds left this turn.
|
|t:|1662769780
|move|p1a: Salamence|Dual Wingbeat|p2a: Chansey
|-damage|p2a: Chansey|44/100
|-damage|p2a: Chansey|32/100
|-hitcount|p2a: Chansey|2
|move|p2a: Chansey|Soft-Boiled|p2a: Chansey
|-heal|p2a: Chansey|82/100
|
|upkeep
|turn|119
|inactive|Shades438 has 20 seconds left this turn.
|inactive|Shades438 has 15 seconds left.
|
|t:|1662769787
|move|p1a: Salamence|Flamethrower|p2a: Chansey
|-damage|p2a: Chansey|77/100
|move|p2a: Chansey|Teleport|p2a: Chansey
|inactive|Shades438 has 20 seconds left this turn.
|
|t:|1662769791
|switch|p2a: Keldeo|Keldeo-Resolute|100/100|[from]move: Teleport
|
|upkeep
|turn|120
|inactive|Shades438 has 25 seconds left this turn.
|inactive|Shades438 has 20 seconds left.
|
|t:|1662769799
|switch|p2a: Chansey|Chansey, F|77/100
|move|p1a: Salamence|Dual Wingbeat|p2a: Chansey
|-damage|p2a: Chansey|65/100
|-damage|p2a: Chansey|54/100
|-hitcount|p2a: Chansey|2
|
|upkeep
|turn|121
|inactive|Shades438 has 25 seconds left this turn.
|
|t:|1662769808
|move|p1a: Salamence|Dual Wingbeat|p2a: Chansey
|-damage|p2a: Chansey|41/100
|-damage|p2a: Chansey|29/100
|-hitcount|p2a: Chansey|2
|move|p2a: Chansey|Soft-Boiled|p2a: Chansey
|-heal|p2a: Chansey|79/100
|
|upkeep
|turn|122
|inactive|Shades438 has 30 seconds left this turn.
|
|t:|1662769817
|move|p1a: Salamence|Flamethrower|p2a: Chansey
|-damage|p2a: Chansey|73/100
|move|p2a: Chansey|Stealth Rock||[still]
|-fail|p2a: Chansey
|
|upkeep
|turn|123
|inactive|Shades438 has 30 seconds left.
|
|t:|1662769824
|move|p1a: Salamence|Dual Wingbeat|p2a: Chansey
|-damage|p2a: Chansey|62/100
|-damage|p2a: Chansey|51/100
|-hitcount|p2a: Chansey|2
|move|p2a: Chansey|Stealth Rock||[still]
|-fail|p2a: Chansey
|
|upkeep
|turn|124
|
|t:|1662769830
|move|p1a: Salamence|Flamethrower|p2a: Chansey
|-damage|p2a: Chansey|45/100
|-status|p2a: Chansey|brn
|move|p2a: Chansey|Soft-Boiled|p2a: Chansey
|-heal|p2a: Chansey|95/100 brn
|
|-damage|p2a: Chansey|89/100 brn|[from] brn
|upkeep
|turn|125
|
|t:|1662769838
|move|p1a: Salamence|Flamethrower|p2a: Chansey
|-damage|p2a: Chansey|83/100 brn
|move|p2a: Chansey|Teleport|p2a: Chansey
|
|t:|1662769841
|-curestatus|p2a: Chansey|brn|[from] ability: Natural Cure
|switch|p2a: Keldeo|Keldeo-Resolute|100/100|[from]move: Teleport
|
|upkeep
|turn|126
|
|t:|1662769847
|switch|p2a: Chansey|Chansey, F|83/100
|move|p1a: Salamence|Defog|p2a: Chansey
|-unboost|p2a: Chansey|evasion|1
|-sideend|p1: Shades438|Stealth Rock|[from] move: Defog|[of] p1a: Salamence
|
|upkeep
|turn|127
|
|t:|1662769852
|move|p1a: Salamence|Roost||[still]
|-fail|p1a: Salamence|heal
|move|p2a: Chansey|Stealth Rock|p1a: Salamence
|-sidestart|p1: Shades438|move: Stealth Rock
|
|upkeep
|turn|128
|
|t:|1662769857
|move|p1a: Salamence|Roost||[still]
|-fail|p1a: Salamence|heal
|move|p2a: Chansey|Stealth Rock||[still]
|-fail|p2a: Chansey
|
|upkeep
|turn|129
|
|t:|1662769862
|move|p1a: Salamence|Flamethrower|p2a: Chansey
|-damage|p2a: Chansey|76/100
|move|p2a: Chansey|Stealth Rock||[still]
|-fail|p2a: Chansey
|
|upkeep
|turn|130
|
|t:|1662769870
|move|p1a: Salamence|Flamethrower|p2a: Chansey
|-damage|p2a: Chansey|70/100
|move|p2a: Chansey|Stealth Rock||[still]
|-fail|p2a: Chansey
|
|upkeep
|turn|131
|
|t:|1662769875
|move|p1a: Salamence|Roost||[still]
|-fail|p1a: Salamence|heal
|move|p2a: Chansey|Stealth Rock||[still]
|-fail|p2a: Chansey
|
|upkeep
|turn|132
|
|t:|1662769879
|move|p1a: Salamence|Roost||[still]
|-fail|p1a: Salamence|heal
|move|p2a: Chansey|Soft-Boiled|p2a: Chansey
|-heal|p2a: Chansey|100/100
|
|upkeep
|turn|133
|
|t:|1662769884
|move|p1a: Salamence|Roost||[still]
|-fail|p1a: Salamence|heal
|move|p2a: Chansey|Thunder Wave|p1a: Salamence
|-status|p1a: Salamence|par
|
|upkeep
|turn|134
|
|t:|1662769890
|cant|p1a: Salamence|par
|move|p2a: Chansey|Thunder Wave|p1a: Salamence
|-fail|p1a: Salamence|par
|
|upkeep
|turn|135
|
|t:|1662769895
|move|p1a: Salamence|Roost||[still]
|-fail|p1a: Salamence|heal
|move|p2a: Chansey|Thunder Wave|p1a: Salamence
|-fail|p1a: Salamence|par
|
|upkeep
|turn|136
|
|t:|1662769903
|move|p1a: Salamence|Flamethrower|p2a: Chansey
|-damage|p2a: Chansey|95/100
|move|p2a: Chansey|Thunder Wave|p1a: Salamence
|-fail|p1a: Salamence|par
|
|upkeep
|turn|137
|
|t:|1662769909
|move|p1a: Salamence|Dual Wingbeat|p2a: Chansey
|-damage|p2a: Chansey|83/100
|-damage|p2a: Chansey|72/100
|-hitcount|p2a: Chansey|2
|move|p2a: Chansey|Teleport|p2a: Chansey
|
|t:|1662769913
|switch|p2a: Keldeo|Keldeo-Resolute|100/100|[from]move: Teleport
|
|upkeep
|turn|138
|
|t:|1662769923
|move|p2a: Keldeo|Air Slash|p1a: Salamence
|-damage|p1a: Salamence|74/100 par
|cant|p1a: Salamence|flinch
|
|upkeep
|turn|139
|
|t:|1662769927
|move|p2a: Keldeo|Air Slash|p1a: Salamence
|-damage|p1a: Salamence|49/100 par
|-activate|p1a: Salamence|move: Struggle
|move|p1a: Salamence|Struggle|p2a: Keldeo
|-damage|p2a: Keldeo|83/100
|-damage|p1a: Salamence|24/100 par|[from] recoil
|
|upkeep
|turn|140
|
|t:|1662769936
|move|p2a: Keldeo|Air Slash|p1a: Salamence
|-damage|p1a: Salamence|0 fnt
|faint|p1a: Salamence
|
|win|jayeffun
|raw|Shades438's rating: 1496 &rarr; <strong>1470</strong><br />(-26 for losing)
|raw|jayeffun's rating: 1392 &rarr; <strong>1418</strong><br />(+26 for winning)
