|j|☆MiniTotomon
|j|☆Engelhard
|t:|1665335666
|gametype|singles
|player|p1|MiniTotomon|fantina|
|player|p2|Engelhard|102|
|teamsize|p1|6
|teamsize|p2|6
|gen|8
|tier|[Gen 8] UU
|rated|Tournament battle
|rule|Sleep Clause Mod: Limit one foe put to sleep
|rule|Species Clause: Limit one of each Pokémon
|rule|OHKO Clause: OHKO moves are banned
|rule|Evasion Items Clause: Evasion items are banned
|rule|Evasion Moves Clause: Evasion moves are banned
|rule|Endless Battle Clause: Forcing endless battles is banned
|rule|HP Percentage Mod: HP is shown in percentages
|rule|Dynamax Clause: You cannot dynamax
|clearpoke
|poke|p1|Skarmory, M|
|poke|p1|Hippowdon, M|
|poke|p1|Reuniclus, F|
|poke|p1|Nihilego|
|poke|p1|Primarina, F|
|poke|p1|Dhelmise|
|poke|p2|Slowbro-Galar, F|
|poke|p2|Zarude|
|poke|p2|Azelf|
|poke|p2|Regieleki|
|poke|p2|Hippowdon, F|
|poke|p2|Celesteela|
|teampreview
|j| CarbonLifeform456
|inactive|Battle timer is ON: inactive players will automatically lose when time's up. (requested by Engelhard)
|
|t:|1665335689
|start
|switch|p1a: Necesary Hipodancy|Hippowdon, M|100/100
|switch|p2a: Azelf|Azelf|100/100
|-weather|Sandstorm|[from] ability: Sand Stream|[of] p1a: Necesary Hipodancy
|turn|1
|
|t:|1665335696
|switch|p1a: Paradoxia|Nihilego|100/100
|move|p2a: Azelf|Energy Ball|p1a: Paradoxia
|-damage|p1a: Paradoxia|85/100
|
|-weather|Sandstorm|[upkeep]
|-damage|p2a: Azelf|94/100|[from] Sandstorm
|upkeep
|turn|2
|
|t:|1665335703
|move|p1a: Paradoxia|Sludge Bomb|p2a: Azelf
|-damage|p2a: Azelf|20/100
|-status|p2a: Azelf|psn
|move|p2a: Azelf|Psychic|p1a: Paradoxia
|-supereffective|p1a: Paradoxia
|-damage|p1a: Paradoxia|32/100
|
|-weather|Sandstorm|[upkeep]
|-damage|p2a: Azelf|14/100 psn|[from] Sandstorm
|-damage|p2a: Azelf|1/100 psn|[from] psn
|upkeep
|turn|3
|
|t:|1665335713
|switch|p1a: Perfect Melody|Primarina, F|100/100
|switch|p2a: Celesteela|Celesteela|100/100
|
|-weather|Sandstorm|[upkeep]
|-damage|p1a: Perfect Melody|94/100|[from] Sandstorm
|-heal|p1a: Perfect Melody|100/100|[from] item: Leftovers
|upkeep
|turn|4
|
|t:|1665335725
|switch|p2a: Azelf|Azelf|1/100 psn
|switch|p1a: Damned Souls|Dhelmise|100/100
|
|-weather|Sandstorm|[upkeep]
|-damage|p2a: Azelf|0 fnt|[from] Sandstorm
|-damage|p1a: Damned Souls|94/100|[from] Sandstorm
|faint|p2a: Azelf
|upkeep
|
|t:|1665335731
|switch|p2a: Zarude|Zarude|100/100
|turn|5
|
|t:|1665335735
|switch|p1a: Bird|Skarmory, M|100/100
|move|p2a: Zarude|Darkest Lariat|p1a: Bird
|-damage|p1a: Bird|76/100
|-damage|p2a: Zarude|84/100|[from] item: Rocky Helmet|[of] p1a: Bird
|
|-weather|none
|upkeep
|turn|6
|
|t:|1665335747
|switch|p2a: Hippowdon|Hippowdon, F|100/100
|-weather|Sandstorm|[from] ability: Sand Stream|[of] p2a: Hippowdon
|move|p1a: Bird|Spikes|p2a: Hippowdon
|-sidestart|p2: Engelhard|Spikes
|
|-weather|Sandstorm|[upkeep]
|upkeep
|turn|7
|
|t:|1665335758
|move|p1a: Bird|Spikes|p2a: Hippowdon
|-sidestart|p2: Engelhard|Spikes
|move|p2a: Hippowdon|Stealth Rock|p1a: Bird
|-sidestart|p1: MiniTotomon|move: Stealth Rock
|
|-weather|Sandstorm|[upkeep]
|upkeep
|turn|8
|
|t:|1665335763
|switch|p2a: Regieleki|Regieleki|100/100
|-damage|p2a: Regieleki|84/100|[from] Spikes
|move|p1a: Bird|Roost|p1a: Bird
|-heal|p1a: Bird|100/100
|-singleturn|p1a: Bird|move: Roost
|
|-weather|Sandstorm|[upkeep]
|-damage|p2a: Regieleki|78/100|[from] Sandstorm
|upkeep
|turn|9
|
|t:|1665335771
|switch|p1a: Damned Souls|Dhelmise|94/100
|move|p2a: Regieleki|Assurance|p1a: Damned Souls
|-supereffective|p1a: Damned Souls
|-damage|p1a: Damned Souls|44/100
|-damage|p2a: Regieleki|68/100|[from] item: Life Orb
|
|-weather|Sandstorm|[upkeep]
|-damage|p2a: Regieleki|62/100|[from] Sandstorm
|-damage|p1a: Damned Souls|38/100|[from] Sandstorm
|upkeep
|turn|10
|
|t:|1665335785
|switch|p1a: Necesary Hipodancy|Hippowdon, M|100/100
|-damage|p1a: Necesary Hipodancy|94/100|[from] Stealth Rock
|move|p2a: Regieleki|Assurance|p1a: Necesary Hipodancy
|-damage|p1a: Necesary Hipodancy|64/100
|-damage|p2a: Regieleki|52/100|[from] item: Life Orb
|
|-weather|none
|-heal|p1a: Necesary Hipodancy|70/100|[from] item: Leftovers
|upkeep
|turn|11
|
|t:|1665335794
|move|p2a: Regieleki|Explosion|p1a: Necesary Hipodancy
|-damage|p1a: Necesary Hipodancy|11/100
|faint|p2a: Regieleki
|move|p1a: Necesary Hipodancy|Stealth Rock|p2: Regieleki
|-sidestart|p2: Engelhard|move: Stealth Rock
|
|-heal|p1a: Necesary Hipodancy|17/100|[from] item: Leftovers
|upkeep
|
|t:|1665335798
|switch|p2a: Celesteela|Celesteela|100/100
|-damage|p2a: Celesteela|88/100|[from] Stealth Rock
|turn|12
|
|t:|1665335806
|switch|p1a: Thinker|Reuniclus, F|100/100
|move|p2a: Celesteela|Autotomize|p2a: Celesteela
|-boost|p2a: Celesteela|spe|2
|-start|p2a: Celesteela|Autotomize
|
|upkeep
|turn|13
|
|t:|1665335813
|move|p2a: Celesteela|Meteor Beam||[still]
|-prepare|p2a: Celesteela|Meteor Beam
|-boost|p2a: Celesteela|spa|1
|-enditem|p2a: Celesteela|Power Herb
|-anim|p2a: Celesteela|Meteor Beam|p1a: Thinker
|-damage|p1a: Thinker|45/100
|move|p1a: Thinker|Thunder|p2a: Celesteela
|-supereffective|p2a: Celesteela
|-damage|p2a: Celesteela|0 fnt
|faint|p2a: Celesteela
|
|upkeep
|
|t:|1665335820
|switch|p2a: Zarude|Zarude|84/100
|turn|14
|
|t:|1665335828
|switch|p1a: Bird|Skarmory, M|100/100
|-damage|p1a: Bird|88/100|[from] Stealth Rock
|move|p2a: Zarude|U-turn|p1a: Bird
|-resisted|p1a: Bird
|-damage|p1a: Bird|85/100
|-damage|p2a: Zarude|67/100|[from] item: Rocky Helmet|[of] p1a: Bird
|
|t:|1665335831
|switch|p2a: Slowbro|Slowbro-Galar, F|100/100|[from]move: U-turn
|-damage|p2a: Slowbro|84/100|[from] Spikes
|-damage|p2a: Slowbro|72/100|[from] Stealth Rock
|
|upkeep
|turn|15
|
|t:|1665335840
|switch|p1a: Damned Souls|Dhelmise|38/100
|move|p2a: Slowbro|Shell Side Arm|p1a: Damned Souls|[anim] Shell Side Arm Physical
|-damage|p1a: Damned Souls|6/100
|-hint|Physical Shell Side Arm
|
|upkeep
|turn|16
|
|t:|1665335847
|move|p1a: Damned Souls|Knock Off|p2a: Slowbro
|-supereffective|p2a: Slowbro
|-damage|p2a: Slowbro|18/100
|-enditem|p2a: Slowbro|Assault Vest|[from] move: Knock Off|[of] p1a: Damned Souls
|move|p2a: Slowbro|Shell Side Arm|p1a: Damned Souls|[anim] Shell Side Arm Physical
|-damage|p1a: Damned Souls|0 fnt
|-hint|Physical Shell Side Arm
|faint|p1a: Damned Souls
|
|upkeep
|
|t:|1665335855
|switch|p1a: Paradoxia|Nihilego|32/100
|-damage|p1a: Paradoxia|19/100|[from] Stealth Rock
|turn|17
|
|t:|1665335863
|switch|p2a: Hippowdon|Hippowdon, F|100/100
|-damage|p2a: Hippowdon|84/100|[from] Spikes
|-damage|p2a: Hippowdon|78/100|[from] Stealth Rock
|-weather|Sandstorm|[from] ability: Sand Stream|[of] p2a: Hippowdon
|move|p1a: Paradoxia|Grass Knot|p2a: Hippowdon
|-supereffective|p2a: Hippowdon
|-damage|p2a: Hippowdon|7/100
|
|-weather|Sandstorm|[upkeep]
|-heal|p2a: Hippowdon|13/100|[from] item: Leftovers
|upkeep
|turn|18
|
|t:|1665335872
|switch|p2a: Zarude|Zarude|67/100
|move|p1a: Paradoxia|Grass Knot|p2a: Zarude
|-resisted|p2a: Zarude
|-damage|p2a: Zarude|55/100
|
|-weather|Sandstorm|[upkeep]
|-damage|p2a: Zarude|49/100|[from] Sandstorm
|upkeep
|turn|19
|
|t:|1665335881
|switch|p1a: Perfect Melody|Primarina, F|100/100
|-damage|p1a: Perfect Melody|88/100|[from] Stealth Rock
|move|p2a: Zarude|Jungle Healing|p2a: Zarude
|-heal|p2a: Zarude|74/100
|
|-weather|Sandstorm|[upkeep]
|-damage|p2a: Zarude|68/100|[from] Sandstorm
|-damage|p1a: Perfect Melody|82/100|[from] Sandstorm
|-heal|p1a: Perfect Melody|88/100|[from] item: Leftovers
|upkeep
|turn|20
|
|t:|1665335890
|switch|p1a: Bird|Skarmory, M|85/100
|-damage|p1a: Bird|72/100|[from] Stealth Rock
|move|p2a: Zarude|Power Whip|p1a: Bird
|-resisted|p1a: Bird
|-damage|p1a: Bird|64/100
|-damage|p2a: Zarude|51/100|[from] item: Rocky Helmet|[of] p1a: Bird
|
|-weather|Sandstorm|[upkeep]
|-damage|p2a: Zarude|45/100|[from] Sandstorm
|upkeep
|turn|21
|
|t:|1665335902
|move|p2a: Zarude|Jungle Healing|p2a: Zarude
|-heal|p2a: Zarude|70/100
|move|p1a: Bird|Spikes|p2a: Zarude
|-sidestart|p2: Engelhard|Spikes
|
|-weather|none
|upkeep
|turn|22
|
|t:|1665335906
|move|p2a: Zarude|Jungle Healing|p2a: Zarude
|-heal|p2a: Zarude|95/100
|move|p1a: Bird|Roost|p1a: Bird
|-heal|p1a: Bird|100/100
|-singleturn|p1a: Bird|move: Roost
|
|upkeep
|turn|23
|
|t:|1665335915
|switch|p2a: Slowbro|Slowbro-Galar, F|51/100
|-damage|p2a: Slowbro|26/100|[from] Spikes
|-damage|p2a: Slowbro|14/100|[from] Stealth Rock
|move|p1a: Bird|Body Press|p2a: Slowbro
|-resisted|p2a: Slowbro
|-damage|p2a: Slowbro|7/100
|
|upkeep
|turn|24
|j| Liz Angeles
|
|t:|1665335925
|move|p1a: Bird|Body Press|p2a: Slowbro
|-resisted|p2a: Slowbro
|-damage|p2a: Slowbro|0 fnt
|faint|p2a: Slowbro
|
|upkeep
|c|☆MiniTotomon|gg
|c|☆Engelhard|gg
|-message|Engelhard forfeited.
|
|win|MiniTotomon
|n|☆MiniTotomon|minitotomon
|n|☆Engelhard|engelhard
|n| CarbonLifeform456|carbonlifeform456
|n| Liz Angeles|lizangeles
