|raw|<div class="broadcast-blue"><strong>This battle is required to be public due to a player having a name starting with 'uult93j'.</div>
|j|☆Panorama Fiesta
|j|☆UULT93J NaClO2
|t:|1653015848
|gametype|singles
|player|p1|Panorama Fiesta|acetrainer|1526
|player|p2|UULT93J NaClO2|lady-gen3rs|1476
|teamsize|p1|6
|teamsize|p2|6
|gen|8
|tier|[Gen 8] UU
|rated|
|rule|Sleep Clause Mod: Limit one foe put to sleep
|rule|Species Clause: Limit one of each Pokémon
|rule|OHKO Clause: OHKO moves are banned
|rule|Evasion Moves Clause: Evasion moves are banned
|rule|Endless Battle Clause: Forcing endless battles is banned
|rule|HP Percentage Mod: HP is shown in percentages
|rule|Dynamax Clause: You cannot dynamax
|clearpoke
|poke|p1|Keldeo-Resolute|
|poke|p1|Thundurus-Therian, M|
|poke|p1|Zarude|
|poke|p1|Hippowdon, M|
|poke|p1|Slowking, M|
|poke|p1|Skarmory, M|
|poke|p2|Thundurus-Therian, M|
|poke|p2|Zarude|
|poke|p2|Crobat, M|
|poke|p2|Cobalion|
|poke|p2|Slowking, F|
|poke|p2|Mamoswine, F|
|teampreview
|inactive|Battle timer is ON: inactive players will automatically lose when time's up. (requested by Panorama Fiesta)
|
|t:|1653015898
|start
|switch|p1a: Zarude|Zarude|100/100
|switch|p2a: howdy mr cloudy|Thundurus-Therian, M|100/100
|turn|1
|
|t:|1653015910
|switch|p2a: iron willed sheep|Cobalion|100/100
|move|p1a: Zarude|U-turn|p2a: iron willed sheep
|-resisted|p2a: iron willed sheep
|-damage|p2a: iron willed sheep|96/100
|-damage|p1a: Zarude|84/100|[from] item: Rocky Helmet|[of] p2a: iron willed sheep
|
|t:|1653015913
|switch|p1a: Hippowdon|Hippowdon, M|100/100|[from]move: U-turn
|-weather|Sandstorm|[from] ability: Sand Stream|[of] p1a: Hippowdon
|
|-weather|Sandstorm|[upkeep]
|upkeep
|turn|2
|
|t:|1653015924
|move|p2a: iron willed sheep|Stealth Rock|p1a: Hippowdon
|-sidestart|p1: Panorama Fiesta|move: Stealth Rock
|move|p1a: Hippowdon|Earthquake|p2a: iron willed sheep
|-supereffective|p2a: iron willed sheep
|-damage|p2a: iron willed sheep|31/100
|
|-weather|Sandstorm|[upkeep]
|upkeep
|turn|3
|
|t:|1653015929
|switch|p2a: meme-o-swine|Mamoswine, F|100/100
|move|p1a: Hippowdon|Stealth Rock|p2a: meme-o-swine
|-sidestart|p2: UULT93J NaClO2|move: Stealth Rock
|
|-weather|Sandstorm|[upkeep]
|upkeep
|turn|4
|
|t:|1653015935
|switch|p1a: Skarmory|Skarmory, M|100/100
|-damage|p1a: Skarmory|88/100|[from] Stealth Rock
|move|p2a: meme-o-swine|Knock Off|p1a: Skarmory
|-damage|p1a: Skarmory|67/100
|-damage|p2a: meme-o-swine|84/100|[from] item: Rocky Helmet|[of] p1a: Skarmory
|-enditem|p1a: Skarmory|Rocky Helmet|[from] move: Knock Off|[of] p2a: meme-o-swine
|
|-weather|Sandstorm|[upkeep]
|upkeep
|turn|5
|
|t:|1653015941
|move|p2a: meme-o-swine|Icicle Crash|p1a: Skarmory|[miss]
|-miss|p2a: meme-o-swine|p1a: Skarmory
|move|p1a: Skarmory|Roost|p1a: Skarmory
|-heal|p1a: Skarmory|100/100
|-singleturn|p1a: Skarmory|move: Roost
|
|-weather|none
|upkeep
|turn|6
|
|t:|1653015945
|switch|p2a: howdy mr cloudy|Thundurus-Therian, M|100/100
|move|p1a: Skarmory|Body Press|p2a: howdy mr cloudy
|-resisted|p2a: howdy mr cloudy
|-damage|p2a: howdy mr cloudy|75/100
|
|upkeep
|turn|7
|
|t:|1653015953
|switch|p1a: Hippowdon|Hippowdon, M|100/100
|-damage|p1a: Hippowdon|94/100|[from] Stealth Rock
|-weather|Sandstorm|[from] ability: Sand Stream|[of] p1a: Hippowdon
|move|p2a: howdy mr cloudy|Focus Blast|p1a: Hippowdon
|-damage|p1a: Hippowdon|49/100
|
|-weather|Sandstorm|[upkeep]
|-damage|p2a: howdy mr cloudy|69/100|[from] Sandstorm
|-heal|p1a: Hippowdon|56/100|[from] item: Leftovers
|upkeep
|turn|8
|
|t:|1653015957
|switch|p1a: Thundurus|Thundurus-Therian, M|100/100
|move|p2a: howdy mr cloudy|Grass Knot|p1a: Thundurus
|-resisted|p1a: Thundurus
|-damage|p1a: Thundurus|81/100
|
|-weather|Sandstorm|[upkeep]
|-damage|p2a: howdy mr cloudy|63/100|[from] Sandstorm
|-damage|p1a: Thundurus|75/100|[from] Sandstorm
|upkeep
|turn|9
|
|t:|1653015964
|move|p2a: howdy mr cloudy|Psychic|p1a: Thundurus
|-damage|p1a: Thundurus|30/100
|move|p1a: Thundurus|Focus Blast|p2a: howdy mr cloudy|[miss]
|-miss|p1a: Thundurus|p2a: howdy mr cloudy
|
|-weather|Sandstorm|[upkeep]
|-damage|p1a: Thundurus|24/100|[from] Sandstorm
|-damage|p2a: howdy mr cloudy|57/100|[from] Sandstorm
|upkeep
|turn|10
|
|t:|1653015970
|move|p1a: Thundurus|Psychic|p2a: howdy mr cloudy
|-damage|p2a: howdy mr cloudy|6/100
|move|p2a: howdy mr cloudy|Focus Blast|p1a: Thundurus|[miss]
|-miss|p2a: howdy mr cloudy|p1a: Thundurus
|
|-weather|Sandstorm|[upkeep]
|-damage|p2a: howdy mr cloudy|0 fnt|[from] Sandstorm
|-damage|p1a: Thundurus|18/100|[from] Sandstorm
|faint|p2a: howdy mr cloudy
|upkeep
|
|t:|1653015985
|switch|p2a: funky monky|Zarude|100/100
|turn|11
|
|t:|1653015990
|switch|p1a: Skarmory|Skarmory, M|100/100
|-damage|p1a: Skarmory|88/100|[from] Stealth Rock
|move|p2a: funky monky|Darkest Lariat|p1a: Skarmory
|-damage|p1a: Skarmory|60/100
|
|-weather|none
|upkeep
|turn|12
|
|t:|1653015995
|move|p2a: funky monky|U-turn|p1a: Skarmory
|-resisted|p1a: Skarmory
|-damage|p1a: Skarmory|57/100
|
|t:|1653015997
|switch|p2a: think PINK|Slowking, F|100/100|[from]move: U-turn
|-damage|p2a: think PINK|88/100|[from] Stealth Rock
|move|p1a: Skarmory|Roost|p1a: Skarmory
|-heal|p1a: Skarmory|100/100
|-singleturn|p1a: Skarmory|move: Roost
|
|upkeep
|turn|13
|j| NAIL TECH
|c| NAIL TECH|joder
|
|t:|1653016014
|switch|p1a: Slowking|Slowking, M|100/100
|-damage|p1a: Slowking|88/100|[from] Stealth Rock
|move|p2a: think PINK|Teleport|p2a: think PINK
|c| NAIL TECH|la gente de vd
|c| NAIL TECH|es demasiado tryhard
|
|t:|1653016025
|switch|p2a: funky monky|Zarude|100/100|[from]move: Teleport
|
|upkeep
|turn|14
|
|t:|1653016029
|switch|p1a: Skarmory|Skarmory, M|100/100
|-damage|p1a: Skarmory|88/100|[from] Stealth Rock
|move|p2a: funky monky|Power Whip|p1a: Skarmory
|-resisted|p1a: Skarmory
|-damage|p1a: Skarmory|79/100
|
|upkeep
|turn|15
|c|☆UULT93J NaClO2|porque no me comes
|c| NAIL TECH|como que 1735
|c|☆UULT93J NaClO2|el cipote
|
|t:|1653016037
|move|p2a: funky monky|U-turn|p1a: Skarmory
|-resisted|p1a: Skarmory
|-damage|p1a: Skarmory|76/100
|c| NAIL TECH|no tienes
|c| NAIL TECH|eres mujer
|
|t:|1653016042
|switch|p2a: think PINK|Slowking, F|100/100|[from]move: U-turn
|-damage|p2a: think PINK|88/100|[from] Stealth Rock
|move|p1a: Skarmory|Roost|p1a: Skarmory
|-heal|p1a: Skarmory|100/100
|-singleturn|p1a: Skarmory|move: Roost
|
|upkeep
|turn|16
|c| NAIL TECH|como tu puto avy
|c| NAIL TECH|deja de mentir
|
|t:|1653016051
|switch|p1a: Slowking|Slowking, M|100/100
|-damage|p1a: Slowking|88/100|[from] Stealth Rock
|move|p2a: think PINK|Teleport|p2a: think PINK
|
|t:|1653016061
|switch|p2a: funky monky|Zarude|100/100|[from]move: Teleport
|
|upkeep
|turn|17
|
|t:|1653016067
|switch|p1a: Skarmory|Skarmory, M|100/100
|-damage|p1a: Skarmory|88/100|[from] Stealth Rock
|move|p2a: funky monky|Power Whip|p1a: Skarmory|[miss]
|-miss|p2a: funky monky|p1a: Skarmory
|
|upkeep
|turn|18
|c| NAIL TECH|joder eres mas malo
|c| NAIL TECH|ni una play
|
|t:|1653016078
|move|p2a: funky monky|U-turn|p1a: Skarmory
|-resisted|p1a: Skarmory
|-damage|p1a: Skarmory|85/100
|c| NAIL TECH|haces
|
|t:|1653016080
|switch|p2a: think PINK|Slowking, F|100/100|[from]move: U-turn
|-damage|p2a: think PINK|88/100|[from] Stealth Rock
|move|p1a: Skarmory|Roost|p1a: Skarmory
|-heal|p1a: Skarmory|100/100
|-singleturn|p1a: Skarmory|move: Roost
|
|upkeep
|turn|19
|c|☆UULT93J NaClO2|si
|c|☆UULT93J NaClO2|espera
|c|☆UULT93J NaClO2|le hago
|c|☆UULT93J NaClO2|zap cannon
|c|☆UULT93J NaClO2|al slowking
|
|t:|1653016093
|switch|p1a: Slowking|Slowking, M|100/100
|-damage|p1a: Slowking|88/100|[from] Stealth Rock
|move|p2a: think PINK|Teleport|p2a: think PINK
|
|t:|1653016095
|switch|p2a: funky monky|Zarude|100/100|[from]move: Teleport
|
|upkeep
|turn|20
|
|t:|1653016100
|switch|p1a: Skarmory|Skarmory, M|100/100
|-damage|p1a: Skarmory|88/100|[from] Stealth Rock
|move|p2a: funky monky|Power Whip|p1a: Skarmory
|-resisted|p1a: Skarmory
|-damage|p1a: Skarmory|79/100
|
|upkeep
|turn|21
|
|t:|1653016103
|move|p2a: funky monky|U-turn|p1a: Skarmory
|-resisted|p1a: Skarmory
|-damage|p1a: Skarmory|76/100
|
|t:|1653016105
|switch|p2a: think PINK|Slowking, F|100/100|[from]move: U-turn
|-damage|p2a: think PINK|88/100|[from] Stealth Rock
|move|p1a: Skarmory|Defog|p2a: think PINK
|-unboost|p2a: think PINK|evasion|1
|-sideend|p2: UULT93J NaClO2|Stealth Rock|[from] move: Defog|[of] p1a: Skarmory
|-sideend|p1: Panorama Fiesta|Stealth Rock|[from] move: Defog|[of] p1a: Skarmory
|
|upkeep
|turn|22
|c| NAIL TECH|como murió el thundy
|c|☆UULT93J NaClO2|falee
|
|t:|1653016115
|switch|p1a: Slowking|Slowking, M|100/100
|move|p2a: think PINK|Future Sight|p1a: Slowking
|-start|p2a: think PINK|move: Future Sight
|
|upkeep
|turn|23
|c|☆UULT93J NaClO2|falle
|c|☆UULT93J NaClO2|un focus
|c| NAIL TECH|xd
|
|t:|1653016121
|move|p1a: Slowking|Toxic|p2a: think PINK
|-status|p2a: think PINK|tox
|move|p2a: think PINK|Teleport|p2a: think PINK
|
|t:|1653016125
|switch|p2a: funky monky|Zarude|100/100|[from]move: Teleport
|
|upkeep
|turn|24
|c| NAIL TECH|nah ya perdiste
|n|!UULT93J NaClO2|uult93jnaclo2
|c| NAIL TECH|no hay WAY de que ganes esto
|inactive|UULT93J NaClO2 has 120 seconds left.
|inactive|UULT93J NaClO2 has 90 seconds left.
|
|t:|1653016189
|switch|p1a: Zarude|Zarude|84/100
|move|p2a: funky monky|Power Whip|p1a: Zarude
|-resisted|p1a: Zarude
|-damage|p1a: Zarude|58/100
|
|-end|p1a: Zarude|move: Future Sight
|-immune|p1a: Zarude
|upkeep
|turn|25
|
|t:|1653016196
|switch|p2a: iron willed sheep|Cobalion|31/100
|move|p1a: Zarude|U-turn|p2a: iron willed sheep
|-resisted|p2a: iron willed sheep
|-damage|p2a: iron willed sheep|26/100
|-damage|p1a: Zarude|42/100|[from] item: Rocky Helmet|[of] p2a: iron willed sheep
|
|t:|1653016202
|switch|p1a: Keldeo|Keldeo-Resolute|100/100|[from]move: U-turn
|
|upkeep
|turn|26
|
|t:|1653016207
|switch|p2a: think PINK|Slowking, F|100/100 tox
|move|p1a: Keldeo|Secret Sword|p2a: think PINK
|-resisted|p2a: think PINK
|-damage|p2a: think PINK|75/100 tox
|
|-damage|p2a: think PINK|69/100 tox|[from] psn
|upkeep
|turn|27
|
|t:|1653016218
|move|p1a: Keldeo|Secret Sword|p2a: think PINK
|-resisted|p2a: think PINK
|-damage|p2a: think PINK|46/100 tox
|move|p2a: think PINK|Future Sight|p1a: Keldeo
|-start|p2a: think PINK|move: Future Sight
|
|-damage|p2a: think PINK|33/100 tox|[from] psn
|upkeep
|turn|28
|
|t:|1653016226
|switch|p2a: dat bat|Crobat, M|100/100
|move|p1a: Keldeo|Secret Sword|p2a: dat bat
|-resisted|p2a: dat bat
|-damage|p2a: dat bat|80/100
|
|upkeep
|turn|29
|
|t:|1653016229
|switch|p1a: Hippowdon|Hippowdon, M|56/100
|-weather|Sandstorm|[from] ability: Sand Stream|[of] p1a: Hippowdon
|move|p2a: dat bat|U-turn|p1a: Hippowdon
|-damage|p1a: Hippowdon|46/100
|
|t:|1653016232
|switch|p2a: iron willed sheep|Cobalion|26/100|[from]move: U-turn
|
|-weather|Sandstorm|[upkeep]
|-end|p1a: Hippowdon|move: Future Sight
|-damage|p1a: Hippowdon|3/100
|-heal|p1a: Hippowdon|9/100|[from] item: Leftovers
|upkeep
|turn|30
|
|t:|1653016236
|move|p2a: iron willed sheep|Iron Head|p1a: Hippowdon
|-damage|p1a: Hippowdon|0 fnt
|faint|p1a: Hippowdon
|
|-weather|Sandstorm|[upkeep]
|upkeep
|
|t:|1653016240
|switch|p1a: Keldeo|Keldeo-Resolute|100/100
|turn|31
|
|t:|1653016243
|switch|p2a: think PINK|Slowking, F|67/100 tox
|move|p1a: Keldeo|Hydro Pump|p2a: think PINK|[miss]
|-miss|p1a: Keldeo|p2a: think PINK
|
|-weather|Sandstorm|[upkeep]
|-damage|p1a: Keldeo|94/100|[from] Sandstorm
|-damage|p2a: think PINK|61/100 tox|[from] Sandstorm
|-damage|p2a: think PINK|55/100 tox|[from] psn
|upkeep
|turn|32
|
|t:|1653016247
|move|p1a: Keldeo|Hydro Pump|p2a: think PINK
|-resisted|p2a: think PINK
|-damage|p2a: think PINK|20/100 tox
|move|p2a: think PINK|Teleport|p2a: think PINK
|
|t:|1653016251
|switch|p2a: funky monky|Zarude|100/100|[from]move: Teleport
|
|-weather|Sandstorm|[upkeep]
|-damage|p1a: Keldeo|88/100|[from] Sandstorm
|-damage|p2a: funky monky|95/100|[from] Sandstorm
|upkeep
|turn|33
|
|t:|1653016256
|switch|p1a: Skarmory|Skarmory, M|76/100
|move|p2a: funky monky|U-turn|p1a: Skarmory
|-resisted|p1a: Skarmory
|-damage|p1a: Skarmory|73/100
|
|t:|1653016262
|switch|p2a: iron willed sheep|Cobalion|26/100|[from]move: U-turn
|
|-weather|none
|upkeep
|turn|34
|
|t:|1653016265
|move|p2a: iron willed sheep|Swords Dance|p2a: iron willed sheep
|-boost|p2a: iron willed sheep|atk|2
|move|p1a: Skarmory|Body Press|p2a: iron willed sheep
|-supereffective|p2a: iron willed sheep
|-damage|p2a: iron willed sheep|0 fnt
|-damage|p1a: Skarmory|56/100|[from] item: Rocky Helmet|[of] p2a: iron willed sheep
|faint|p2a: iron willed sheep
|
|upkeep
|
|t:|1653016268
|switch|p2a: meme-o-swine|Mamoswine, F|84/100
|turn|35
|
|t:|1653016271
|move|p2a: meme-o-swine|Earthquake|p1a: Skarmory
|-immune|p1a: Skarmory
|move|p1a: Skarmory|Roost|p1a: Skarmory
|-heal|p1a: Skarmory|100/100
|-singleturn|p1a: Skarmory|move: Roost
|
|upkeep
|turn|36
|
|t:|1653016277
|move|p2a: meme-o-swine|Icicle Crash|p1a: Skarmory
|-damage|p1a: Skarmory|62/100
|cant|p1a: Skarmory|flinch
|
|upkeep
|turn|37
|
|t:|1653016281
|move|p2a: meme-o-swine|Icicle Crash|p1a: Skarmory
|-damage|p1a: Skarmory|29/100
|move|p1a: Skarmory|Roost|p1a: Skarmory
|-heal|p1a: Skarmory|79/100
|-singleturn|p1a: Skarmory|move: Roost
|
|upkeep
|turn|38
|
|t:|1653016285
|switch|p2a: think PINK|Slowking, F|53/100 tox
|move|p1a: Skarmory|Body Press|p2a: think PINK
|-resisted|p2a: think PINK
|-damage|p2a: think PINK|42/100 tox
|
|-damage|p2a: think PINK|36/100 tox|[from] psn
|upkeep
|turn|39
|
|t:|1653016295
|switch|p1a: Keldeo|Keldeo-Resolute|88/100
|move|p2a: think PINK|Teleport|p2a: think PINK
|
|t:|1653016300
|switch|p2a: dat bat|Crobat, M|80/100|[from]move: Teleport
|
|upkeep
|turn|40
|
|t:|1653016303
|switch|p2a: think PINK|Slowking, F|69/100 tox
|switch|p1a: Skarmory|Skarmory, M|79/100
|
|-damage|p2a: think PINK|63/100 tox|[from] psn
|upkeep
|turn|41
|
|t:|1653016308
|switch|p1a: Slowking|Slowking, M|100/100
|move|p2a: think PINK|Teleport|p2a: think PINK
|
|t:|1653016311
|switch|p2a: funky monky|Zarude|95/100|[from]move: Teleport
|
|upkeep
|turn|42
|
|t:|1653016313
|switch|p1a: Skarmory|Skarmory, M|79/100
|move|p2a: funky monky|Power Whip|p1a: Skarmory
|-resisted|p1a: Skarmory
|-damage|p1a: Skarmory|71/100
|
|upkeep
|turn|43
|
|t:|1653016319
|move|p2a: funky monky|U-turn|p1a: Skarmory
|-resisted|p1a: Skarmory
|-crit|p1a: Skarmory
|-damage|p1a: Skarmory|66/100
|
|t:|1653016322
|switch|p2a: think PINK|Slowking, F|96/100 tox|[from]move: U-turn
|move|p1a: Skarmory|Roost|p1a: Skarmory
|-heal|p1a: Skarmory|100/100
|-singleturn|p1a: Skarmory|move: Roost
|
|-damage|p2a: think PINK|90/100 tox|[from] psn
|upkeep
|turn|44
|
|t:|1653016329
|switch|p1a: Zarude|Zarude|42/100
|move|p2a: think PINK|Future Sight|p1a: Zarude
|-start|p2a: think PINK|move: Future Sight
|
|-damage|p2a: think PINK|78/100 tox|[from] psn
|upkeep
|turn|45
|
|t:|1653016336
|move|p1a: Zarude|Darkest Lariat|p2a: think PINK
|-supereffective|p2a: think PINK
|-enditem|p2a: think PINK|Colbur Berry|[eat]
|-enditem|p2a: think PINK|Colbur Berry|[weaken]
|-damage|p2a: think PINK|49/100 tox
|move|p2a: think PINK|Teleport|p2a: think PINK
|
|t:|1653016339
|switch|p2a: meme-o-swine|Mamoswine, F|84/100|[from]move: Teleport
|
|upkeep
|turn|46
|
|t:|1653016353
|switch|p1a: Thundurus|Thundurus-Therian, M|18/100
|move|p2a: meme-o-swine|Earthquake|p1a: Thundurus
|-immune|p1a: Thundurus
|
|-end|p1a: Thundurus|move: Future Sight
|-damage|p1a: Thundurus|0 fnt
|faint|p1a: Thundurus
|upkeep
|
|t:|1653016360
|switch|p1a: Keldeo|Keldeo-Resolute|88/100
|turn|47
|
|t:|1653016365
|switch|p2a: think PINK|Slowking, F|82/100 tox
|move|p1a: Keldeo|Hydro Pump|p2a: think PINK|[miss]
|-miss|p1a: Keldeo|p2a: think PINK
|
|-damage|p2a: think PINK|76/100 tox|[from] psn
|upkeep
|turn|48
|
|t:|1653016369
|move|p1a: Keldeo|Hydro Pump|p2a: think PINK
|-resisted|p2a: think PINK
|-damage|p2a: think PINK|45/100 tox
|move|p2a: think PINK|Teleport|p2a: think PINK
|
|t:|1653016371
|switch|p2a: funky monky|Zarude|95/100|[from]move: Teleport
|
|upkeep
|turn|49
|c| NAIL TECH|te compro unos victoria
|
|t:|1653016375
|switch|p1a: Skarmory|Skarmory, M|100/100
|move|p2a: funky monky|Power Whip|p1a: Skarmory
|-resisted|p1a: Skarmory
|-damage|p1a: Skarmory|91/100
|
|upkeep
|turn|50
|
|t:|1653016389
|move|p2a: funky monky|U-turn|p1a: Skarmory
|-resisted|p1a: Skarmory
|-damage|p1a: Skarmory|88/100
|
|t:|1653016392
|switch|p2a: think PINK|Slowking, F|78/100 tox|[from]move: U-turn
|move|p1a: Skarmory|Iron Defense|p1a: Skarmory
|-boost|p1a: Skarmory|def|2
|
|-damage|p2a: think PINK|72/100 tox|[from] psn
|upkeep
|turn|51
|
|t:|1653016396
|switch|p1a: Slowking|Slowking, M|100/100
|move|p2a: think PINK|Teleport|p2a: think PINK
|
|t:|1653016398
|switch|p2a: funky monky|Zarude|95/100|[from]move: Teleport
|
|upkeep
|turn|52
|
|t:|1653016401
|switch|p1a: Skarmory|Skarmory, M|88/100
|move|p2a: funky monky|Power Whip|p1a: Skarmory
|-resisted|p1a: Skarmory
|-damage|p1a: Skarmory|79/100
|
|upkeep
|turn|53
|
|t:|1653016404
|move|p2a: funky monky|U-turn|p1a: Skarmory
|-resisted|p1a: Skarmory
|-damage|p1a: Skarmory|76/100
|
|t:|1653016406
|switch|p2a: think PINK|Slowking, F|100/100 tox|[from]move: U-turn
|move|p1a: Skarmory|Iron Defense|p1a: Skarmory
|-boost|p1a: Skarmory|def|2
|
|-damage|p2a: think PINK|94/100 tox|[from] psn
|upkeep
|turn|54
|
|t:|1653016408
|switch|p1a: Slowking|Slowking, M|100/100
|move|p2a: think PINK|Teleport|p2a: think PINK
|
|t:|1653016410
|switch|p2a: funky monky|Zarude|95/100|[from]move: Teleport
|
|upkeep
|turn|55
|
|t:|1653016412
|switch|p1a: Skarmory|Skarmory, M|76/100
|move|p2a: funky monky|U-turn|p1a: Skarmory
|-resisted|p1a: Skarmory
|-damage|p1a: Skarmory|73/100
|
|t:|1653016414
|switch|p2a: meme-o-swine|Mamoswine, F|84/100|[from]move: U-turn
|
|upkeep
|turn|56
|
|t:|1653016417
|move|p2a: meme-o-swine|Icicle Crash|p1a: Skarmory
|-damage|p1a: Skarmory|39/100
|move|p1a: Skarmory|Roost|p1a: Skarmory
|-heal|p1a: Skarmory|89/100
|-singleturn|p1a: Skarmory|move: Roost
|
|upkeep
|turn|57
|
|t:|1653016422
|switch|p2a: think PINK|Slowking, F|100/100 tox
|move|p1a: Skarmory|Iron Defense|p1a: Skarmory
|-boost|p1a: Skarmory|def|2
|
|-damage|p2a: think PINK|94/100 tox|[from] psn
|upkeep
|turn|58
|
|t:|1653016424
|move|p1a: Skarmory|Body Press|p2a: think PINK
|-resisted|p2a: think PINK
|-damage|p2a: think PINK|73/100 tox
|move|p2a: think PINK|Teleport|p2a: think PINK
|
|t:|1653016430
|switch|p2a: dat bat|Crobat, M|80/100|[from]move: Teleport
|
|upkeep
|turn|59
|
|t:|1653016433
|move|p2a: dat bat|U-turn|p1a: Skarmory
|-resisted|p1a: Skarmory
|-damage|p1a: Skarmory|88/100
|
|t:|1653016435
|switch|p2a: think PINK|Slowking, F|100/100 tox|[from]move: U-turn
|move|p1a: Skarmory|Iron Defense|p1a: Skarmory
|-boost|p1a: Skarmory|def|2
|
|-damage|p2a: think PINK|94/100 tox|[from] psn
|upkeep
|turn|60
|
|t:|1653016439
|move|p1a: Skarmory|Body Press|p2a: think PINK
|-resisted|p2a: think PINK
|-damage|p2a: think PINK|62/100 tox
|move|p2a: think PINK|Scald|p1a: Skarmory
|-damage|p1a: Skarmory|51/100
|
|-damage|p2a: think PINK|50/100 tox|[from] psn
|upkeep
|turn|61
|
|t:|1653016453
|move|p1a: Skarmory|Body Press|p2a: think PINK
|-resisted|p2a: think PINK
|-damage|p2a: think PINK|18/100 tox
|move|p2a: think PINK|Scald|p1a: Skarmory
|-damage|p1a: Skarmory|14/100
|-status|p1a: Skarmory|brn
|
|-damage|p2a: think PINK|0 fnt|[from] psn
|faint|p2a: think PINK
|-damage|p1a: Skarmory|8/100 brn|[from] brn
|upkeep
|
|t:|1653016458
|switch|p2a: funky monky|Zarude|95/100
|turn|62
|
|t:|1653016470
|switch|p1a: Keldeo|Keldeo-Resolute|88/100
|move|p2a: funky monky|Darkest Lariat|p1a: Keldeo
|-resisted|p1a: Keldeo
|-damage|p1a: Keldeo|63/100
|-ability|p1a: Keldeo|Justified|boost
|-boost|p1a: Keldeo|atk|1
|
|upkeep
|turn|63
|
|t:|1653016491
|switch|p2a: meme-o-swine|Mamoswine, F|84/100
|move|p1a: Keldeo|Icy Wind|p2a: meme-o-swine
|-damage|p2a: meme-o-swine|64/100
|-unboost|p2a: meme-o-swine|spe|1
|
|upkeep
|turn|64
|
|t:|1653016504
|switch|p1a: Skarmory|Skarmory, M|8/100 brn
|move|p2a: meme-o-swine|Knock Off|p1a: Skarmory
|-damage|p1a: Skarmory|0 fnt
|faint|p1a: Skarmory
|
|upkeep
|
|t:|1653016509
|switch|p1a: Keldeo|Keldeo-Resolute|63/100
|turn|65
|
|t:|1653016514
|move|p2a: meme-o-swine|Ice Shard|p1a: Keldeo
|-resisted|p1a: Keldeo
|-damage|p1a: Keldeo|47/100
|move|p1a: Keldeo|Hydro Pump|p2a: meme-o-swine
|-supereffective|p2a: meme-o-swine
|-damage|p2a: meme-o-swine|0 fnt
|faint|p2a: meme-o-swine
|
|upkeep
|
|t:|1653016517
|switch|p2a: funky monky|Zarude|95/100
|turn|66
|
|t:|1653016524
|switch|p1a: Slowking|Slowking, M|100/100
|move|p2a: funky monky|Power Whip|p1a: Slowking
|-supereffective|p1a: Slowking
|-damage|p1a: Slowking|0 fnt
|faint|p1a: Slowking
|
|upkeep
|
|t:|1653016529
|switch|p1a: Zarude|Zarude|42/100
|turn|67
|
|t:|1653016541
|move|p1a: Zarude|U-turn|p2a: funky monky
|-supereffective|p2a: funky monky
|-damage|p2a: funky monky|9/100
|
|t:|1653016544
|switch|p1a: Keldeo|Keldeo-Resolute|47/100|[from]move: U-turn
|move|p2a: funky monky|U-turn|p1a: Keldeo
|-resisted|p1a: Keldeo
|-damage|p1a: Keldeo|34/100
|
|t:|1653016545
|switch|p2a: dat bat|Crobat, M|80/100|[from]move: U-turn
|
|upkeep
|turn|68
|n|☆UULT93J NaClO2|uult93jnaclo2
|
|t:|1653016555
|move|p2a: dat bat|U-turn|p1a: Keldeo
|-resisted|p1a: Keldeo
|-damage|p1a: Keldeo|24/100
|
|t:|1653016556
|switch|p2a: funky monky|Zarude|9/100|[from]move: U-turn
|move|p1a: Keldeo|Icy Wind|p2a: funky monky
|-supereffective|p2a: funky monky
|-damage|p2a: funky monky|0 fnt
|faint|p2a: funky monky
|
|upkeep
|
|t:|1653016558
|switch|p2a: dat bat|Crobat, M|80/100
|turn|69
|
|t:|1653016559
|move|p2a: dat bat|Brave Bird|p1a: Keldeo
|-supereffective|p1a: Keldeo
|-damage|p1a: Keldeo|0 fnt
|faint|p1a: Keldeo
|-damage|p2a: dat bat|72/100|[from] Recoil
|
|upkeep
|
|t:|1653016561
|switch|p1a: Zarude|Zarude|42/100
|turn|70
|
|t:|1653016565
|move|p1a: Zarude|Rock Slide|p2a: dat bat
|-supereffective|p2a: dat bat
|-damage|p2a: dat bat|8/100
|move|p2a: dat bat|Brave Bird|p1a: Zarude
|-supereffective|p1a: Zarude
|-damage|p1a: Zarude|0 fnt
|faint|p1a: Zarude
|-damage|p2a: dat bat|0 fnt|[from] Recoil
|faint|p2a: dat bat
|
|win|UULT93J NaClO2
|raw|Panorama Fiesta's rating: 1526 &rarr; <strong>1503</strong><br />(-23 for losing)
|raw|UULT93J NaClO2's rating: 1476 &rarr; <strong>1499</strong><br />(+23 for winning)
|l|☆Panorama Fiesta
|l| NAIL TECH
|n| Nalorium ♨︎|uult93jnaclo2
||Ladder isn't responding, score probably updated but might not have (Request timeout).
