|html|<div class="broadcast-blue"><strong>[Gen 8] UU is currently suspecting Thundurus! For information on how to participate check out the <a href="https://www.smogon.com/forums/threads/np-ss-uu-stage-9-1-king-of-the-clouds.3689570/">suspect thread</a>.</strong></div>
|j|☆Valiant Hearts
|j|☆Lechen
|inactive|Battle timer is ON: inactive players will automatically lose when time's up.
|t:|1630038262
|gametype|singles
|player|p1|Valiant Hearts|psychic-gen3|
|player|p2|Lechen|psychic-gen3|
|teamsize|p1|6
|teamsize|p2|6
|gen|8
|tier|[Gen 8] UU
|rated|Tournament battle
|rule|Sleep Clause Mod: Limit one foe put to sleep
|rule|Species Clause: Limit one of each Pokémon
|rule|OHKO Clause: OHKO moves are banned
|rule|Evasion Moves Clause: Evasion moves are banned
|rule|Endless Battle Clause: Forcing endless battles is banned
|rule|HP Percentage Mod: HP is shown in percentages
|rule|Dynamax Clause: You cannot dynamax
|clearpoke
|poke|p1|Thundurus, M|
|poke|p1|Roserade, M|
|poke|p1|Sylveon, M|
|poke|p1|Seismitoad, F|
|poke|p1|Jirachi|
|poke|p1|Moltres-Galar|
|poke|p2|Azumarill, F|
|poke|p2|Aegislash, M|
|poke|p2|Kommo-o, F|
|poke|p2|Moltres-Galar|
|poke|p2|Ribombee, F|
|poke|p2|Tentacruel, F|
|teampreview
|j|*Lady Monita
|
|t:|1630038287
|start
|switch|p1a: Jirachi|Jirachi|100/100
|switch|p2a: Ribombee|Ribombee, F|100/100
|turn|1
|j| Gamershutinalt
|
|t:|1630038311
|move|p1a: Jirachi|Iron Head|p2a: Ribombee
|-supereffective|p2a: Ribombee
|-enditem|p2a: Ribombee|Focus Sash
|-damage|p2a: Ribombee|1/100
|move|p2a: Ribombee|Sticky Web|p1a: Jirachi
|-sidestart|p1: Valiant Hearts|move: Sticky Web
|
|upkeep
|turn|2
|
|t:|1630038331
|switch|p2a: Aegislash|Aegislash, M|100/100
|move|p1a: Jirachi|Iron Head|p2a: Aegislash
|-resisted|p2a: Aegislash
|-damage|p2a: Aegislash|82/100
|
|upkeep
|turn|3
|j| abhishek77123
|
|t:|1630038346
|switch|p1a: Moltres|Moltres-Galar|100/100
|move|p2a: Aegislash|Swords Dance|p2a: Aegislash
|-boost|p2a: Aegislash|atk|2
|
|upkeep
|turn|4
|
|t:|1630038369
|switch|p1a: Seismitoad|Seismitoad, F|100/100
|-activate|p1a: Seismitoad|move: Sticky Web
|-unboost|p1a: Seismitoad|spe|1
|-formechange|p2a: Aegislash|Aegislash-Blade||[from] ability: Stance Change
|move|p2a: Aegislash|Close Combat|p1a: Seismitoad
|-damage|p1a: Seismitoad|31/100
|-unboost|p2a: Aegislash|def|1
|-unboost|p2a: Aegislash|spd|1
|
|-heal|p1a: Seismitoad|37/100|[from] item: Leftovers
|upkeep
|turn|5
|
|t:|1630038379
|move|p2a: Aegislash|Shadow Claw|p1a: Seismitoad
|-damage|p1a: Seismitoad|0 fnt
|faint|p1a: Seismitoad
|
|upkeep
|
|t:|1630038382
|switch|p1a: Moltres|Moltres-Galar|100/100
|turn|6
|
|t:|1630038393
|move|p2a: Aegislash|Shadow Sneak|p1a: Moltres
|-resisted|p1a: Moltres
|-damage|p1a: Moltres|76/100
|move|p1a: Moltres|Fiery Wrath|p2a: Aegislash
|-supereffective|p2a: Aegislash
|-damage|p2a: Aegislash|0 fnt
|faint|p2a: Aegislash
|
|upkeep
|
|t:|1630038395
|switch|p2a: Ribombee|Ribombee, F|1/100
|turn|7
|
|t:|1630038404
|switch|p1a: Jirachi|Jirachi|100/100
|-activate|p1a: Jirachi|move: Sticky Web
|-unboost|p1a: Jirachi|spe|1
|move|p2a: Ribombee|Moonblast|p1a: Jirachi
|-resisted|p1a: Jirachi
|-damage|p1a: Jirachi|80/100
|
|upkeep
|turn|8
|
|t:|1630038412
|move|p2a: Ribombee|U-turn|p1a: Jirachi
|-damage|p1a: Jirachi|65/100
|
|t:|1630038413
|switch|p2a: Tentacruel|Tentacruel, F|100/100|[from]move: U-turn
|move|p1a: Jirachi|U-turn|p2a: Tentacruel
|-resisted|p2a: Tentacruel
|-damage|p2a: Tentacruel|90/100
|
|t:|1630038418
|switch|p1a: Thundurus|Thundurus, M|100/100|[from]move: U-turn
|
|-heal|p2a: Tentacruel|96/100|[from] item: Black Sludge
|upkeep
|turn|9
|j|%Jadino bambino
|
|t:|1630038424
|move|p1a: Thundurus|Thunderbolt|p2a: Tentacruel
|-supereffective|p2a: Tentacruel
|-damage|p2a: Tentacruel|25/100
|move|p2a: Tentacruel|Rapid Spin|p1a: Thundurus
|-damage|p1a: Thundurus|88/100
|-boost|p2a: Tentacruel|spe|1
|
|-heal|p2a: Tentacruel|31/100|[from] item: Black Sludge
|upkeep
|turn|10
|
|t:|1630038430
|move|p2a: Tentacruel|Sludge Bomb|p1a: Thundurus
|-damage|p1a: Thundurus|48/100
|-status|p1a: Thundurus|psn
|move|p1a: Thundurus|Thunderbolt|p2a: Tentacruel
|-supereffective|p2a: Tentacruel
|-crit|p2a: Tentacruel
|-damage|p2a: Tentacruel|0 fnt
|faint|p2a: Tentacruel
|
|-damage|p1a: Thundurus|36/100 psn|[from] psn
|upkeep
|
|t:|1630038436
|switch|p2a: Ribombee|Ribombee, F|1/100
|turn|11
|
|t:|1630038446
|switch|p1a: Sylveon|Sylveon, M|100/100
|-activate|p1a: Sylveon|move: Sticky Web
|-unboost|p1a: Sylveon|spe|1
|move|p2a: Ribombee|Bug Buzz|p1a: Sylveon
|-resisted|p1a: Sylveon
|-damage|p1a: Sylveon|88/100
|
|-heal|p1a: Sylveon|94/100|[from] item: Leftovers
|upkeep
|turn|12
|
|t:|1630038458
|move|p2a: Ribombee|U-turn|p1a: Sylveon
|-resisted|p1a: Sylveon
|-damage|p1a: Sylveon|89/100
|
|t:|1630038461
|switch|p2a: Azumarill|Azumarill, F|100/100|[from]move: U-turn
|move|p1a: Sylveon|Hyper Voice|p2a: Azumarill
|-damage|p2a: Azumarill|60/100
|
|-heal|p1a: Sylveon|95/100|[from] item: Leftovers
|upkeep
|turn|13
|j| Gyla236
|
|t:|1630038473
|switch|p1a: Jirachi|Jirachi|65/100
|-activate|p1a: Jirachi|move: Sticky Web
|-unboost|p1a: Jirachi|spe|1
|move|p2a: Azumarill|Play Rough|p1a: Jirachi
|-resisted|p1a: Jirachi
|-damage|p1a: Jirachi|41/100
|
|upkeep
|turn|14
|
|t:|1630038491
|move|p1a: Jirachi|Trick|p2a: Azumarill
|-activate|p1a: Jirachi|move: Trick|[of] p2a: Azumarill
|-item|p2a: Azumarill|Choice Scarf|[from] move: Trick
|-item|p1a: Jirachi|Sitrus Berry|[from] move: Trick
|-enditem|p1a: Jirachi|Sitrus Berry|[eat]
|-heal|p1a: Jirachi|66/100|[from] item: Sitrus Berry
|move|p2a: Azumarill|Knock Off|p1a: Jirachi
|-supereffective|p1a: Jirachi
|-damage|p1a: Jirachi|21/100
|
|upkeep
|turn|15
|
|t:|1630038500
|switch|p1a: Moltres|Moltres-Galar|76/100
|move|p2a: Azumarill|Knock Off|p1a: Moltres
|-resisted|p1a: Moltres
|-damage|p1a: Moltres|60/100
|-enditem|p1a: Moltres|Heavy-Duty Boots|[from] move: Knock Off|[of] p2a: Azumarill
|
|upkeep
|turn|16
|
|t:|1630038525
|switch|p2a: Ribombee|Ribombee, F|1/100
|move|p1a: Moltres|Fiery Wrath|p2a: Ribombee
|-resisted|p2a: Ribombee
|-damage|p2a: Ribombee|0 fnt
|faint|p2a: Ribombee
|
|upkeep
|
|t:|1630038527
|switch|p2a: Azumarill|Azumarill, F|60/100
|turn|17
|l| Gamershutinalt
|
|t:|1630038539
|switch|p1a: Roserade|Roserade, M|100/100
|-activate|p1a: Roserade|move: Sticky Web
|-unboost|p1a: Roserade|spe|1
|move|p2a: Azumarill|Play Rough|p1a: Roserade
|-resisted|p1a: Roserade
|-damage|p1a: Roserade|63/100
|
|-heal|p1a: Roserade|69/100|[from] item: Black Sludge
|upkeep
|turn|18
|
|t:|1630038547
|switch|p2a: Kommo-o|Kommo-o, F|100/100
|move|p1a: Roserade|Sludge Bomb|p2a: Kommo-o
|-immune|p2a: Kommo-o|[from] ability: Bulletproof
|
|-heal|p1a: Roserade|75/100|[from] item: Black Sludge
|upkeep
|turn|19
|
|t:|1630038554
|switch|p1a: Sylveon|Sylveon, M|95/100
|-activate|p1a: Sylveon|move: Sticky Web
|-unboost|p1a: Sylveon|spe|1
|move|p2a: Kommo-o|Swords Dance|p2a: Kommo-o
|-boost|p2a: Kommo-o|atk|2
|
|-heal|p1a: Sylveon|100/100|[from] item: Leftovers
|upkeep
|turn|20
|
|t:|1630038558
|move|p2a: Kommo-o|Poison Jab|p1a: Sylveon
|-supereffective|p1a: Sylveon
|-damage|p1a: Sylveon|26/100
|-status|p1a: Sylveon|psn
|move|p1a: Sylveon|Hyper Voice|p2a: Kommo-o
|-supereffective|p2a: Kommo-o
|-enditem|p2a: Kommo-o|Roseli Berry|[eat]
|-enditem|p2a: Kommo-o|Roseli Berry|[weaken]
|-damage|p2a: Kommo-o|13/100
|
|-heal|p1a: Sylveon|32/100 psn|[from] item: Leftovers
|-damage|p1a: Sylveon|20/100 psn|[from] psn
|upkeep
|turn|21
|
|t:|1630038574
|move|p2a: Kommo-o|Close Combat|p1a: Sylveon
|-resisted|p1a: Sylveon
|-damage|p1a: Sylveon|0 fnt
|-unboost|p2a: Kommo-o|def|1
|-unboost|p2a: Kommo-o|spd|1
|faint|p1a: Sylveon
|
|upkeep
|
|t:|1630038585
|switch|p1a: Thundurus|Thundurus, M|36/100 psn
|turn|22
|
|t:|1630038589
|move|p1a: Thundurus|Thunderbolt|p2a: Kommo-o
|-resisted|p2a: Kommo-o
|-damage|p2a: Kommo-o|0 fnt
|faint|p2a: Kommo-o
|
|-damage|p1a: Thundurus|23/100 psn|[from] psn
|upkeep
|
|t:|1630038592
|switch|p2a: Azumarill|Azumarill, F|60/100
|turn|23
|
|t:|1630038598
|switch|p1a: Roserade|Roserade, M|75/100
|-activate|p1a: Roserade|move: Sticky Web
|-unboost|p1a: Roserade|spe|1
|move|p2a: Azumarill|Aqua Jet|p1a: Roserade
|-resisted|p1a: Roserade
|-damage|p1a: Roserade|56/100
|
|-heal|p1a: Roserade|62/100|[from] item: Black Sludge
|upkeep
|turn|24
|
|t:|1630038605
|switch|p2a: Moltres|Moltres-Galar|100/100
|move|p1a: Roserade|Sludge Bomb|p2a: Moltres
|-damage|p2a: Moltres|66/100
|
|-heal|p1a: Roserade|68/100|[from] item: Black Sludge
|upkeep
|turn|25
|
|t:|1630038612
|move|p2a: Moltres|Hurricane|p1a: Roserade
|-supereffective|p1a: Roserade
|-damage|p1a: Roserade|0 fnt
|faint|p1a: Roserade
|
|upkeep
|
|t:|1630038619
|switch|p1a: Thundurus|Thundurus, M|23/100 psn
|turn|26
|
|t:|1630038627
|move|p1a: Thundurus|Thunderbolt|p2a: Moltres
|-supereffective|p2a: Moltres
|-damage|p2a: Moltres|0 fnt
|faint|p2a: Moltres
|
|-damage|p1a: Thundurus|11/100 psn|[from] psn
|upkeep
|j| NaM200
|j| Gooberstrawmbee
|
|t:|1630038629
|switch|p2a: Azumarill|Azumarill, F|60/100
|turn|27
|
|t:|1630038635
|move|p2a: Azumarill|Aqua Jet|p1a: Thundurus
|-damage|p1a: Thundurus|0 fnt
|faint|p1a: Thundurus
|
|upkeep
|
|t:|1630038639
|switch|p1a: Moltres|Moltres-Galar|60/100
|turn|28
|
|t:|1630038642
|move|p2a: Azumarill|Aqua Jet|p1a: Moltres
|-crit|p1a: Moltres
|-damage|p1a: Moltres|28/100
|-ability|p1a: Moltres|Berserk|boost
|-boost|p1a: Moltres|spa|1
|move|p1a: Moltres|Rest|p1a: Moltres
|-status|p1a: Moltres|slp|[from] move: Rest
|-heal|p1a: Moltres|100/100 slp|[silent]
|
|upkeep
|turn|29
|
|t:|1630038649
|move|p2a: Azumarill|Aqua Jet|p1a: Moltres
|-damage|p1a: Moltres|81/100 slp
|cant|p1a: Moltres|slp
|move|p1a: Moltres|Sleep Talk|p1a: Moltres
|move|p1a: Moltres|Fiery Wrath|p2a: Azumarill|[from]move: Sleep Talk
|-resisted|p2a: Azumarill
|-damage|p2a: Azumarill|34/100
|
|upkeep
|turn|30
|c|☆Lechen|Gg
|c|☆Valiant Hearts|gg
|
|t:|1630038660
|move|p2a: Azumarill|Aqua Jet|p1a: Moltres
|-damage|p1a: Moltres|58/100 slp
|cant|p1a: Moltres|slp
|move|p1a: Moltres|Sleep Talk|p1a: Moltres
|move|p1a: Moltres|Fiery Wrath|p2a: Azumarill|[from]move: Sleep Talk
|-resisted|p2a: Azumarill
|-damage|p2a: Azumarill|10/100
|
|upkeep
|turn|31
|
|t:|1630038664
|move|p2a: Azumarill|Aqua Jet|p1a: Moltres
|-damage|p1a: Moltres|38/100 slp
|-ability|p1a: Moltres|Berserk|boost
|-boost|p1a: Moltres|spa|1
|-curestatus|p1a: Moltres|slp|[msg]
|move|p1a: Moltres|Fiery Wrath|p2a: Azumarill
|-resisted|p2a: Azumarill
|-damage|p2a: Azumarill|0 fnt
|faint|p2a: Azumarill
|
|win|Valiant Hearts
|n|☆Valiant Hearts|valianthearts
|n|☆Lechen|lechen
|n|*Lady Monita|ladymonita
|n| abhishek77123|abhishek77123
|n| Jadino bambino|jadinobambino
|n| Gyla236|gyla236
|n| NaM200|nam200
|n| Gooberstrawmbee|gooberstrawmbee
