|j|☆thegreatestshowman
|j|☆pokemonisfun
|t:|1641781445
|gametype|singles
|player|p1|thegreatestshowman|n|1440
|player|p2|pokemonisfun|#uutrio2ladder|1697
|teamsize|p1|6
|teamsize|p2|6
|gen|8
|tier|[Gen 8] UU
|rated|
|rule|Sleep Clause Mod: Limit one foe put to sleep
|rule|Species Clause: Limit one of each Pokémon
|rule|OHKO Clause: OHKO moves are banned
|rule|Evasion Moves Clause: Evasion moves are banned
|rule|Endless Battle Clause: Forcing endless battles is banned
|rule|HP Percentage Mod: HP is shown in percentages
|rule|Dynamax Clause: You cannot dynamax
|clearpoke
|poke|p1|Gardevoir, F|
|poke|p1|Tentacruel, M|
|poke|p1|Celesteela|
|poke|p1|Krookodile, M|
|poke|p1|Azelf|
|poke|p1|Toxtricity, M|
|poke|p2|Tauros, M|
|poke|p2|Thundurus-Therian, M|
|poke|p2|Primarina, M|
|poke|p2|Mandibuzz, F|
|poke|p2|Amoonguss, F|
|poke|p2|Cobalion|
|teampreview
|inactive|Battle timer is ON: inactive players will automatically lose when time's up. (requested by thegreatestshowman)
|inactive|pokemonisfun has 120 seconds left.
|
|t:|1641781498
|start
|switch|p1a: Azelf|Azelf|100/100
|switch|p2a: peck ur neck|Mandibuzz, F|100/100
|turn|1
|
|t:|1641781503
|move|p1a: Azelf|U-turn|p2a: peck ur neck
|-damage|p2a: peck ur neck|90/100
|
|t:|1641781516
|switch|p1a: Gardevoir|Gardevoir, F|100/100|[from]move: U-turn
|-ability|p1a: Gardevoir|Overcoat|[from] ability: Trace|[of] p2a: peck ur neck
|move|p2a: peck ur neck|U-turn|p1a: Gardevoir
|-damage|p1a: Gardevoir|79/100
|
|t:|1641781544
|switch|p2a: sweepy sheepy|Cobalion|100/100|[from]move: U-turn
|
|upkeep
|turn|2
|
|t:|1641781548
|move|p1a: Gardevoir|Moonblast|p2a: sweepy sheepy
|-damage|p2a: sweepy sheepy|33/100
|-unboost|p2a: sweepy sheepy|spa|1
|move|p2a: sweepy sheepy|Stealth Rock|p1a: Gardevoir
|-sidestart|p1: thegreatestshowman|move: Stealth Rock
|
|-heal|p2a: sweepy sheepy|40/100|[from] item: Leftovers
|upkeep
|turn|3
|
|t:|1641781559
|switch|p1a: Tentacruel|Tentacruel, M|100/100
|-damage|p1a: Tentacruel|88/100|[from] Stealth Rock
|switch|p2a: shroomy woomy|Amoonguss, F|100/100
|
|-heal|p1a: Tentacruel|94/100|[from] item: Black Sludge
|upkeep
|turn|4
|
|t:|1641781571
|move|p1a: Tentacruel|Rapid Spin|p2a: shroomy woomy
|-damage|p2a: shroomy woomy|95/100
|-boost|p1a: Tentacruel|spe|1
|-damage|p1a: Tentacruel|78/100|[from] item: Rocky Helmet|[of] p2a: shroomy woomy
|-sideend|p1: thegreatestshowman|Stealth Rock|[from] move: Rapid Spin|[of] p1a: Tentacruel
|move|p2a: shroomy woomy|Spore|p1a: Tentacruel
|-status|p1a: Tentacruel|slp|[from] move: Spore
|
|-heal|p1a: Tentacruel|84/100 slp|[from] item: Black Sludge
|upkeep
|turn|5
|
|t:|1641781583
|switch|p1a: Gardevoir|Gardevoir, F|79/100
|-ability|p1a: Gardevoir|Regenerator|[from] ability: Trace|[of] p2a: shroomy woomy
|switch|p2a: BENNY|Tauros, M|100/100
|
|upkeep
|turn|6
|
|t:|1641781590
|switch|p1a: Celesteela|Celesteela|100/100
|move|p2a: BENNY|Body Slam|p1a: Celesteela
|-resisted|p1a: Celesteela
|-damage|p1a: Celesteela|75/100
|
|-heal|p1a: Celesteela|81/100|[from] item: Leftovers
|upkeep
|turn|7
|
|t:|1641781596
|move|p2a: BENNY|Fire Blast|p1a: Celesteela
|-supereffective|p1a: Celesteela
|-damage|p1a: Celesteela|54/100
|move|p1a: Celesteela|Heavy Slam|p2a: BENNY
|-damage|p2a: BENNY|48/100
|
|-heal|p1a: Celesteela|60/100|[from] item: Leftovers
|upkeep
|turn|8
|
|t:|1641781609
|switch|p2a: shroomy woomy|Amoonguss, F|100/100
|move|p1a: Celesteela|Flamethrower|p2a: shroomy woomy
|-supereffective|p2a: shroomy woomy
|-damage|p2a: shroomy woomy|60/100
|
|-heal|p1a: Celesteela|66/100|[from] item: Leftovers
|upkeep
|turn|9
|
|t:|1641781634
|switch|p2a: seal that squeals|Primarina, M|100/100
|move|p1a: Celesteela|Flamethrower|p2a: seal that squeals
|-resisted|p2a: seal that squeals
|-damage|p2a: seal that squeals|92/100
|
|-heal|p2a: seal that squeals|98/100|[from] item: Leftovers
|-heal|p1a: Celesteela|72/100|[from] item: Leftovers
|upkeep
|turn|10
|
|t:|1641781639
|move|p2a: seal that squeals|Scald|p1a: Celesteela
|-damage|p1a: Celesteela|51/100
|move|p1a: Celesteela|Heavy Slam|p2a: seal that squeals
|-damage|p2a: seal that squeals|66/100
|
|-heal|p2a: seal that squeals|72/100|[from] item: Leftovers
|-heal|p1a: Celesteela|57/100|[from] item: Leftovers
|upkeep
|turn|11
|
|t:|1641781644
|move|p1a: Celesteela|Protect|p1a: Celesteela
|-singleturn|p1a: Celesteela|Protect
|move|p2a: seal that squeals|Scald|p1a: Celesteela
|-activate|p1a: Celesteela|move: Protect
|
|-heal|p2a: seal that squeals|78/100|[from] item: Leftovers
|-heal|p1a: Celesteela|63/100|[from] item: Leftovers
|upkeep
|turn|12
|
|t:|1641781650
|switch|p2a: howdy mr cloudy|Thundurus-Therian, M|100/100
|switch|p1a: Tentacruel|Tentacruel, M|84/100 slp
|
|-heal|p1a: Tentacruel|90/100 slp|[from] item: Black Sludge
|upkeep
|turn|13
|
|t:|1641781656
|switch|p1a: Gardevoir|Gardevoir, F|100/100
|-ability|p1a: Gardevoir|Volt Absorb|[from] ability: Trace|[of] p2a: howdy mr cloudy
|move|p2a: howdy mr cloudy|Knock Off|p1a: Gardevoir
|-damage|p1a: Gardevoir|64/100
|-enditem|p1a: Gardevoir|Choice Scarf|[from] move: Knock Off|[of] p2a: howdy mr cloudy
|
|upkeep
|turn|14
|
|t:|1641781678
|switch|p2a: shroomy woomy|Amoonguss, F|93/100
|move|p1a: Gardevoir|Moonblast|p2a: shroomy woomy
|-resisted|p2a: shroomy woomy
|-damage|p2a: shroomy woomy|71/100
|
|upkeep
|turn|15
|
|t:|1641781682
|switch|p2a: peck ur neck|Mandibuzz, F|90/100
|move|p1a: Gardevoir|Psychic|p2a: peck ur neck
|-immune|p2a: peck ur neck
|
|upkeep
|turn|16
|
|t:|1641781689
|move|p1a: Gardevoir|Moonblast|p2a: peck ur neck
|-supereffective|p2a: peck ur neck
|-damage|p2a: peck ur neck|3/100
|move|p2a: peck ur neck|U-turn|p1a: Gardevoir
|-damage|p1a: Gardevoir|43/100
|
|t:|1641781697
|switch|p2a: sweepy sheepy|Cobalion|40/100|[from]move: U-turn
|
|-heal|p2a: sweepy sheepy|46/100|[from] item: Leftovers
|upkeep
|turn|17
|
|t:|1641781719
|move|p2a: sweepy sheepy|Stealth Rock|p1a: Gardevoir
|-sidestart|p1: thegreatestshowman|move: Stealth Rock
|move|p1a: Gardevoir|Moonblast|p2a: sweepy sheepy
|-damage|p2a: sweepy sheepy|0 fnt
|faint|p2a: sweepy sheepy
|
|upkeep
|
|t:|1641781731
|switch|p2a: BENNY|Tauros, M|48/100
|turn|18
|
|t:|1641781737
|switch|p1a: Krookodile|Krookodile, M|100/100
|-damage|p1a: Krookodile|94/100|[from] Stealth Rock
|-ability|p1a: Krookodile|Intimidate|boost
|-unboost|p2a: BENNY|atk|1
|move|p2a: BENNY|Body Slam|p1a: Krookodile
|-damage|p1a: Krookodile|39/100
|
|-heal|p1a: Krookodile|45/100|[from] item: Leftovers
|upkeep
|turn|19
|
|t:|1641781745
|switch|p1a: Celesteela|Celesteela|63/100
|-damage|p1a: Celesteela|50/100|[from] Stealth Rock
|move|p2a: BENNY|Body Slam|p1a: Celesteela
|-resisted|p1a: Celesteela
|-damage|p1a: Celesteela|33/100
|
|-heal|p1a: Celesteela|39/100|[from] item: Leftovers
|upkeep
|turn|20
|
|t:|1641781758
|switch|p2a: seal that squeals|Primarina, M|78/100
|move|p1a: Celesteela|Protect||[still]
|-fail|p1a: Celesteela
|
|-heal|p2a: seal that squeals|84/100|[from] item: Leftovers
|-heal|p1a: Celesteela|45/100|[from] item: Leftovers
|upkeep
|turn|21
|
|t:|1641781766
|move|p1a: Celesteela|Protect|p1a: Celesteela
|-singleturn|p1a: Celesteela|Protect
|move|p2a: seal that squeals|Scald|p1a: Celesteela
|-activate|p1a: Celesteela|move: Protect
|
|-heal|p2a: seal that squeals|90/100|[from] item: Leftovers
|-heal|p1a: Celesteela|51/100|[from] item: Leftovers
|upkeep
|turn|22
|
|t:|1641781769
|switch|p2a: howdy mr cloudy|Thundurus-Therian, M|100/100
|switch|p1a: Tentacruel|Tentacruel, M|90/100 slp
|-damage|p1a: Tentacruel|77/100 slp|[from] Stealth Rock
|
|-heal|p1a: Tentacruel|83/100 slp|[from] item: Black Sludge
|upkeep
|turn|23
|
|t:|1641781797
|switch|p1a: Krookodile|Krookodile, M|45/100
|-damage|p1a: Krookodile|39/100|[from] Stealth Rock
|-ability|p1a: Krookodile|Intimidate|boost
|-unboost|p2a: howdy mr cloudy|atk|1
|move|p2a: howdy mr cloudy|Knock Off|p1a: Krookodile
|-resisted|p1a: Krookodile
|-damage|p1a: Krookodile|30/100
|-enditem|p1a: Krookodile|Leftovers|[from] move: Knock Off|[of] p2a: howdy mr cloudy
|
|upkeep
|turn|24
|
|t:|1641781801
|move|p2a: howdy mr cloudy|Focus Blast|p1a: Krookodile
|-supereffective|p1a: Krookodile
|-damage|p1a: Krookodile|0 fnt
|faint|p1a: Krookodile
|
|upkeep
|
|t:|1641781805
|switch|p1a: Azelf|Azelf|100/100
|-damage|p1a: Azelf|88/100|[from] Stealth Rock
|turn|25
|
|t:|1641781814
|move|p1a: Azelf|Psychic|p2a: howdy mr cloudy
|-damage|p2a: howdy mr cloudy|32/100
|move|p2a: howdy mr cloudy|Volt Switch|p1a: Azelf
|-damage|p1a: Azelf|28/100
|
|t:|1641781820
|switch|p2a: seal that squeals|Primarina, M|90/100|[from]move: Volt Switch
|
|-heal|p2a: seal that squeals|96/100|[from] item: Leftovers
|upkeep
|turn|26
|
|t:|1641781827
|move|p1a: Azelf|U-turn|p2a: seal that squeals
|-resisted|p2a: seal that squeals
|-damage|p2a: seal that squeals|89/100
|
|t:|1641781830
|switch|p1a: Tentacruel|Tentacruel, M|83/100 slp|[from]move: U-turn
|-damage|p1a: Tentacruel|71/100 slp|[from] Stealth Rock
|move|p2a: seal that squeals|Moonblast|p1a: Tentacruel
|-resisted|p1a: Tentacruel
|-damage|p1a: Tentacruel|55/100 slp
|-unboost|p1a: Tentacruel|spa|1
|
|-heal|p1a: Tentacruel|61/100 slp|[from] item: Black Sludge
|-heal|p2a: seal that squeals|95/100|[from] item: Leftovers
|upkeep
|turn|27
|
|t:|1641781837
|switch|p2a: BENNY|Tauros, M|48/100
|cant|p1a: Tentacruel|slp
|
|-heal|p1a: Tentacruel|67/100 slp|[from] item: Black Sludge
|upkeep
|turn|28
|
|t:|1641781843
|move|p2a: BENNY|Body Slam|p1a: Tentacruel
|-damage|p1a: Tentacruel|0 fnt
|faint|p1a: Tentacruel
|
|upkeep
|
|t:|1641781853
|switch|p1a: Azelf|Azelf|28/100
|-damage|p1a: Azelf|16/100|[from] Stealth Rock
|turn|29
|
|t:|1641781855
|switch|p2a: peck ur neck|Mandibuzz, F|3/100
|move|p1a: Azelf|Psychic|p2a: peck ur neck
|-immune|p2a: peck ur neck
|
|upkeep
|turn|30
|
|t:|1641781862
|move|p1a: Azelf|Energy Ball|p2a: peck ur neck
|-resisted|p2a: peck ur neck
|-damage|p2a: peck ur neck|0 fnt
|faint|p2a: peck ur neck
|
|upkeep
|
|t:|1641781864
|switch|p2a: seal that squeals|Primarina, M|95/100
|turn|31
|
|t:|1641781867
|move|p1a: Azelf|U-turn|p2a: seal that squeals
|-resisted|p2a: seal that squeals
|-damage|p2a: seal that squeals|88/100
|
|t:|1641781877
|switch|p1a: Celesteela|Celesteela|51/100|[from]move: U-turn
|-damage|p1a: Celesteela|39/100|[from] Stealth Rock
|move|p2a: seal that squeals|Scald|p1a: Celesteela
|-damage|p1a: Celesteela|20/100
|
|-heal|p2a: seal that squeals|94/100|[from] item: Leftovers
|-heal|p1a: Celesteela|26/100|[from] item: Leftovers
|upkeep
|turn|32
|
|t:|1641781883
|move|p2a: seal that squeals|Scald|p1a: Celesteela
|-damage|p1a: Celesteela|5/100
|-status|p1a: Celesteela|brn
|move|p1a: Celesteela|Leech Seed|p2a: seal that squeals
|-start|p2a: seal that squeals|move: Leech Seed
|
|-heal|p2a: seal that squeals|99/100|[from] item: Leftovers
|-heal|p1a: Celesteela|11/100 brn|[from] item: Leftovers
|-damage|p2a: seal that squeals|87/100|[from] Leech Seed|[of] p1a: Celesteela
|-heal|p1a: Celesteela|23/100 brn|[silent]
|-damage|p1a: Celesteela|17/100 brn|[from] brn
|upkeep
|turn|33
|
|t:|1641781890
|switch|p2a: howdy mr cloudy|Thundurus-Therian, M|32/100
|move|p1a: Celesteela|Protect||[still]
|-fail|p1a: Celesteela
|
|-heal|p1a: Celesteela|23/100 brn|[from] item: Leftovers
|-damage|p1a: Celesteela|17/100 brn|[from] brn
|upkeep
|turn|34
|
|t:|1641781894
|move|p2a: howdy mr cloudy|Knock Off|p1a: Celesteela
|-damage|p1a: Celesteela|0 fnt
|-enditem|p1a: Celesteela|Leftovers|[from] move: Knock Off|[of] p2a: howdy mr cloudy
|faint|p1a: Celesteela
|
|upkeep
|
|t:|1641781898
|switch|p1a: Gardevoir|Gardevoir, F|43/100
|-damage|p1a: Gardevoir|31/100|[from] Stealth Rock
|-ability|p1a: Gardevoir|Volt Absorb|[from] ability: Trace|[of] p2a: howdy mr cloudy
|turn|35
|
|t:|1641781907
|move|p2a: howdy mr cloudy|Knock Off|p1a: Gardevoir
|-damage|p1a: Gardevoir|7/100
|move|p1a: Gardevoir|Psychic|p2a: howdy mr cloudy
|-damage|p2a: howdy mr cloudy|0 fnt
|faint|p2a: howdy mr cloudy
|
|upkeep
|
|t:|1641781909
|switch|p2a: BENNY|Tauros, M|48/100
|turn|36
|
|t:|1641781914
|move|p2a: BENNY|Body Slam|p1a: Gardevoir
|-damage|p1a: Gardevoir|0 fnt
|faint|p1a: Gardevoir
|
|upkeep
|
|t:|1641781915
|switch|p1a: Azelf|Azelf|16/100
|-damage|p1a: Azelf|4/100|[from] Stealth Rock
|turn|37
|j| Dunoks
|
|t:|1641781944
|move|p1a: Azelf|Psychic|p2a: BENNY
|-damage|p2a: BENNY|0 fnt
|faint|p2a: BENNY
|
|upkeep
|
|t:|1641781946
|switch|p2a: seal that squeals|Primarina, M|87/100
|turn|38
|
|t:|1641781952
|move|p1a: Azelf|Energy Ball|p2a: seal that squeals
|-supereffective|p2a: seal that squeals
|-damage|p2a: seal that squeals|27/100
|move|p2a: seal that squeals|Scald|p1a: Azelf
|-damage|p1a: Azelf|0 fnt
|faint|p1a: Azelf
|
|-heal|p2a: seal that squeals|33/100|[from] item: Leftovers
|upkeep
|
|t:|1641781955
|switch|p1a: Toxtricity|Toxtricity, M|100/100
|-damage|p1a: Toxtricity|88/100|[from] Stealth Rock
|turn|39
|
|t:|1641781960
|move|p1a: Toxtricity|Overdrive|p2a: seal that squeals
|-supereffective|p2a: seal that squeals
|-damage|p2a: seal that squeals|0 fnt
|faint|p2a: seal that squeals
|-damage|p1a: Toxtricity|78/100|[from] item: Life Orb
|
|upkeep
|
|t:|1641781962
|switch|p2a: shroomy woomy|Amoonguss, F|100/100
|turn|40
|
|t:|1641781965
|move|p1a: Toxtricity|Boomburst|p2a: shroomy woomy
|-damage|p2a: shroomy woomy|24/100
|-damage|p1a: Toxtricity|68/100|[from] item: Life Orb
|move|p2a: shroomy woomy|Spore|p1a: Toxtricity
|-status|p1a: Toxtricity|slp|[from] move: Spore
|
|upkeep
|turn|41
|inactive|pokemonisfun has 120 seconds left.
|inactive|pokemonisfun has 90 seconds left.
|
|t:|1641782035
|cant|p1a: Toxtricity|slp
|move|p2a: shroomy woomy|Synthesis|p2a: shroomy woomy
|-heal|p2a: shroomy woomy|74/100
|
|upkeep
|turn|42
|inactive|pokemonisfun has 90 seconds left.
|
|t:|1641782050
|cant|p1a: Toxtricity|slp
|move|p2a: shroomy woomy|Synthesis|p2a: shroomy woomy
|-heal|p2a: shroomy woomy|100/100
|
|upkeep
|turn|43
|
|t:|1641782057
|cant|p1a: Toxtricity|slp
|move|p2a: shroomy woomy|Spore|p1a: Toxtricity
|-fail|p1a: Toxtricity|slp
|
|upkeep
|turn|44
|
|t:|1641782062
|-curestatus|p1a: Toxtricity|slp|[msg]
|move|p1a: Toxtricity|Boomburst|p2a: shroomy woomy
|-damage|p2a: shroomy woomy|25/100
|-damage|p1a: Toxtricity|58/100|[from] item: Life Orb
|move|p2a: shroomy woomy|Spore|p1a: Toxtricity
|-status|p1a: Toxtricity|slp|[from] move: Spore
|
|upkeep
|turn|45
|inactive|pokemonisfun has 90 seconds left.
|
|t:|1641782078
|cant|p1a: Toxtricity|slp
|move|p2a: shroomy woomy|Foul Play|p1a: Toxtricity
|-damage|p1a: Toxtricity|23/100 slp
|
|upkeep
|turn|46
|
|t:|1641782083
|cant|p1a: Toxtricity|slp
|move|p2a: shroomy woomy|Foul Play|p1a: Toxtricity
|-damage|p1a: Toxtricity|0 fnt
|faint|p1a: Toxtricity
|
|win|pokemonisfun
|raw|thegreatestshowman's rating: 1440 &rarr; <strong>1433</strong><br />(-7 for losing)
|raw|pokemonisfun's rating: 1704 &rarr; <strong>1711</strong><br />(+7 for winning)
