|j|☆Appleking123
|j|☆suloxiv ✿
|t:|1656210601
|gametype|singles
|player|p1|Appleking123|hiker-gen4|
|player|p2|suloxiv ✿|tate|
|teamsize|p1|6
|teamsize|p2|6
|gen|8
|tier|[Gen 8] UU
|rated|Tournament battle
|rule|Sleep Clause Mod: Limit one foe put to sleep
|rule|Species Clause: Limit one of each Pokémon
|rule|OHKO Clause: OHKO moves are banned
|rule|Evasion Moves Clause: Evasion moves are banned
|rule|Endless Battle Clause: Forcing endless battles is banned
|rule|HP Percentage Mod: HP is shown in percentages
|rule|Dynamax Clause: You cannot dynamax
|clearpoke
|poke|p1|Rotom-Wash|
|poke|p1|Conkeldurr, M|
|poke|p1|Tangrowth, F|
|poke|p1|Chandelure, F|
|poke|p1|Lycanroc-Dusk, M|
|poke|p1|Chansey, F|
|poke|p2|Reuniclus, F|
|poke|p2|Skarmory, F|
|poke|p2|Hippowdon, F|
|poke|p2|Jellicent, M|
|poke|p2|Hydreigon, M|
|poke|p2|Nihilego|
|teampreview
|c|☆suloxiv ✿|hf
|c|☆Appleking123|u 2
|j| TheKingIzHere
|j| UU11M shaori
|j|+AM
|
|t:|1656210625
|start
|switch|p1a: Washington|Rotom-Wash|100/100
|switch|p2a: Hippowdon|Hippowdon, F|100/100
|-weather|Sandstorm|[from] ability: Sand Stream|[of] p2a: Hippowdon
|turn|1
|
|t:|1656210629
|switch|p2a: Hydreigon|Hydreigon, M|100/100
|move|p1a: Washington|Hydro Pump|p2a: Hydreigon|[miss]
|-miss|p1a: Washington|p2a: Hydreigon
|
|-weather|Sandstorm|[upkeep]
|-damage|p2a: Hydreigon|94/100|[from] Sandstorm
|-damage|p1a: Washington|94/100|[from] Sandstorm
|-heal|p1a: Washington|100/100|[from] item: Leftovers
|upkeep
|turn|2
|
|t:|1656210634
|switch|p1a: Egg|Chansey, F|100/100
|move|p2a: Hydreigon|U-turn|p1a: Egg
|-damage|p1a: Egg|91/100
|
|t:|1656210637
|switch|p2a: Nihilego|Nihilego|100/100|[from]move: U-turn
|
|-weather|Sandstorm|[upkeep]
|-damage|p1a: Egg|85/100|[from] Sandstorm
|upkeep
|turn|3
|
|t:|1656210640
|move|p2a: Nihilego|Knock Off|p1a: Egg
|-damage|p1a: Egg|77/100
|-enditem|p1a: Egg|Eviolite|[from] move: Knock Off|[of] p2a: Nihilego
|move|p1a: Egg|Stealth Rock|p2a: Nihilego
|-sidestart|p2: suloxiv ✿|move: Stealth Rock
|
|-weather|Sandstorm|[upkeep]
|-damage|p1a: Egg|71/100|[from] Sandstorm
|upkeep
|turn|4
|
|t:|1656210650
|move|p2a: Nihilego|Sludge Bomb|p1a: Egg
|-damage|p1a: Egg|48/100
|move|p1a: Egg|Teleport|p1a: Egg
|
|t:|1656210655
|switch|p1a: Bonk!|Conkeldurr, M|100/100|[from]move: Teleport
|
|-weather|Sandstorm|[upkeep]
|-damage|p1a: Bonk!|94/100|[from] Sandstorm
|-status|p1a: Bonk!|brn|[from] item: Flame Orb
|upkeep
|turn|5
|
|t:|1656210666
|switch|p2a: Skarmory|Skarmory, F|100/100
|-damage|p2a: Skarmory|88/100|[from] Stealth Rock
|move|p1a: Bonk!|Knock Off|p2a: Skarmory
|-damage|p2a: Skarmory|54/100
|-damage|p1a: Bonk!|78/100 brn|[from] item: Rocky Helmet|[of] p2a: Skarmory
|-enditem|p2a: Skarmory|Rocky Helmet|[from] move: Knock Off|[of] p1a: Bonk!
|
|-weather|none
|-damage|p1a: Bonk!|72/100 brn|[from] brn
|upkeep
|turn|6
|
|t:|1656210672
|move|p2a: Skarmory|Iron Defense|p2a: Skarmory
|-boost|p2a: Skarmory|def|2
|move|p1a: Bonk!|Drain Punch|p2a: Skarmory
|-damage|p2a: Skarmory|31/100
|-heal|p1a: Bonk!|80/100 brn|[from] drain|[of] p2a: Skarmory
|
|-damage|p1a: Bonk!|74/100 brn|[from] brn
|upkeep
|turn|7
|
|t:|1656210675
|switch|p1a: L A M P|Chandelure, F|100/100
|move|p2a: Skarmory|Roost|p2a: Skarmory
|-heal|p2a: Skarmory|81/100
|-singleturn|p2a: Skarmory|move: Roost
|
|upkeep
|turn|8
|
|t:|1656210679
|switch|p2a: Hydreigon|Hydreigon, M|94/100
|-damage|p2a: Hydreigon|82/100|[from] Stealth Rock
|move|p1a: L A M P|Shadow Ball|p2a: Hydreigon
|-resisted|p2a: Hydreigon
|-damage|p2a: Hydreigon|52/100
|-unboost|p2a: Hydreigon|spd|1
|
|upkeep
|turn|9
|
|t:|1656210685
|switch|p1a: Washington|Rotom-Wash|100/100
|move|p2a: Hydreigon|U-turn|p1a: Washington
|-damage|p1a: Washington|85/100
|
|t:|1656210696
|switch|p2a: Hippowdon|Hippowdon, F|100/100|[from]move: U-turn
|-damage|p2a: Hippowdon|94/100|[from] Stealth Rock
|-weather|Sandstorm|[from] ability: Sand Stream|[of] p2a: Hippowdon
|
|-weather|Sandstorm|[upkeep]
|-damage|p1a: Washington|78/100|[from] Sandstorm
|-heal|p1a: Washington|85/100|[from] item: Leftovers
|-heal|p2a: Hippowdon|100/100|[from] item: Leftovers
|upkeep
|turn|10
|
|t:|1656210705
|switch|p2a: Nihilego|Nihilego|100/100
|-damage|p2a: Nihilego|88/100|[from] Stealth Rock
|move|p1a: Washington|Hydro Pump|p2a: Nihilego
|-supereffective|p2a: Nihilego
|-damage|p2a: Nihilego|46/100
|
|-weather|Sandstorm|[upkeep]
|-damage|p1a: Washington|78/100|[from] Sandstorm
|-heal|p2a: Nihilego|52/100|[from] item: Black Sludge
|-heal|p1a: Washington|85/100|[from] item: Leftovers
|upkeep
|turn|11
|
|t:|1656210712
|switch|p1a: Egg|Chansey, F|48/100
|move|p2a: Nihilego|Sludge Bomb|p1a: Egg
|-damage|p1a: Egg|27/100
|
|-weather|Sandstorm|[upkeep]
|-damage|p1a: Egg|20/100|[from] Sandstorm
|-heal|p2a: Nihilego|59/100|[from] item: Black Sludge
|upkeep
|turn|12
|
|t:|1656210715
|move|p2a: Nihilego|Sludge Bomb|p1a: Egg
|-damage|p1a: Egg|0 fnt
|faint|p1a: Egg
|-ability|p2a: Nihilego|Beast Boost|boost
|-boost|p2a: Nihilego|spa|1
|
|-weather|Sandstorm|[upkeep]
|-heal|p2a: Nihilego|65/100|[from] item: Black Sludge
|upkeep
|
|t:|1656210717
|switch|p1a: Bonk!|Conkeldurr, M|74/100 brn
|turn|13
|
|t:|1656210723
|switch|p2a: Jellicent|Jellicent, M|100/100
|-damage|p2a: Jellicent|88/100|[from] Stealth Rock
|move|p1a: Bonk!|Mach Punch|p2a: Jellicent
|-immune|p2a: Jellicent
|
|-weather|none
|-damage|p1a: Bonk!|68/100 brn|[from] brn
|upkeep
|turn|14
|
|t:|1656210729
|switch|p1a: Washington|Rotom-Wash|85/100
|move|p2a: Jellicent|Night Shade|p1a: Washington
|-damage|p1a: Washington|52/100
|
|-heal|p1a: Washington|58/100|[from] item: Leftovers
|upkeep
|turn|15
|
|t:|1656210733
|move|p1a: Washington|Pain Split|p2a: Jellicent
|-sethp|p2a: Jellicent|66/100|[from] move: Pain Split|[silent]
|-sethp|p1a: Washington|87/100|[from] move: Pain Split
|move|p2a: Jellicent|Recover|p2a: Jellicent
|-heal|p2a: Jellicent|100/100
|
|-heal|p1a: Washington|94/100|[from] item: Leftovers
|upkeep
|turn|16
|
|t:|1656210736
|move|p1a: Washington|Volt Switch|p2a: Jellicent
|-supereffective|p2a: Jellicent
|-damage|p2a: Jellicent|58/100
|
|t:|1656210738
|switch|p1a: L A M P|Chandelure, F|100/100|[from]move: Volt Switch
|move|p2a: Jellicent|Will-O-Wisp|p1a: L A M P
|-immune|p1a: L A M P
|
|upkeep
|turn|17
|
|t:|1656210743
|switch|p2a: Hippowdon|Hippowdon, F|100/100
|-damage|p2a: Hippowdon|94/100|[from] Stealth Rock
|-weather|Sandstorm|[from] ability: Sand Stream|[of] p2a: Hippowdon
|move|p1a: L A M P|Shadow Ball|p2a: Hippowdon
|-damage|p2a: Hippowdon|53/100
|
|-weather|Sandstorm|[upkeep]
|-damage|p1a: L A M P|94/100|[from] Sandstorm
|-heal|p2a: Hippowdon|60/100|[from] item: Leftovers
|upkeep
|turn|18
|
|t:|1656210749
|switch|p1a: Washington|Rotom-Wash|94/100
|move|p2a: Hippowdon|Slack Off|p2a: Hippowdon
|-heal|p2a: Hippowdon|100/100
|
|-weather|Sandstorm|[upkeep]
|-damage|p1a: Washington|87/100|[from] Sandstorm
|-heal|p1a: Washington|94/100|[from] item: Leftovers
|upkeep
|turn|19
|
|t:|1656210753
|switch|p2a: Hydreigon|Hydreigon, M|52/100
|-damage|p2a: Hydreigon|40/100|[from] Stealth Rock
|move|p1a: Washington|Volt Switch|p2a: Hydreigon
|-resisted|p2a: Hydreigon
|-damage|p2a: Hydreigon|26/100
|
|t:|1656210758
|switch|p1a: Bork|Lycanroc-Dusk, M|100/100|[from]move: Volt Switch
|
|-weather|Sandstorm|[upkeep]
|-damage|p2a: Hydreigon|20/100|[from] Sandstorm
|upkeep
|turn|20
|
|t:|1656210761
|switch|p2a: Hippowdon|Hippowdon, F|100/100
|-damage|p2a: Hippowdon|94/100|[from] Stealth Rock
|move|p1a: Bork|Accelerock|p2a: Hippowdon
|-resisted|p2a: Hippowdon
|-damage|p2a: Hippowdon|85/100
|-damage|p1a: Bork|91/100|[from] item: Life Orb
|
|-weather|Sandstorm|[upkeep]
|-heal|p2a: Hippowdon|91/100|[from] item: Leftovers
|upkeep
|turn|21
|
|t:|1656210763
|switch|p1a: Washington|Rotom-Wash|94/100
|move|p2a: Hippowdon|Stealth Rock|p1a: Washington
|-sidestart|p1: Appleking123|move: Stealth Rock
|
|-weather|none
|-heal|p1a: Washington|99/100|[from] item: Leftovers
|-heal|p2a: Hippowdon|98/100|[from] item: Leftovers
|upkeep
|turn|22
|
|t:|1656210770
|move|p1a: Washington|Hydro Pump|p2a: Hippowdon
|-supereffective|p2a: Hippowdon
|-damage|p2a: Hippowdon|29/100
|move|p2a: Hippowdon|Slack Off|p2a: Hippowdon
|-heal|p2a: Hippowdon|79/100
|
|-heal|p1a: Washington|100/100|[from] item: Leftovers
|-heal|p2a: Hippowdon|85/100|[from] item: Leftovers
|upkeep
|turn|23
|
|t:|1656210776
|switch|p2a: Reuniclus|Reuniclus, F|100/100
|move|p1a: Washington|Defog|p2a: Reuniclus
|-unboost|p2a: Reuniclus|evasion|1
|-sideend|p2: suloxiv ✿|Stealth Rock|[from] move: Defog|[of] p1a: Washington
|-sideend|p1: Appleking123|Stealth Rock|[from] move: Defog|[of] p1a: Washington
|
|upkeep
|turn|24
|
|t:|1656210785
|move|p1a: Washington|Volt Switch|p2a: Reuniclus
|-damage|p2a: Reuniclus|78/100
|
|t:|1656210787
|switch|p1a: L A M P|Chandelure, F|94/100|[from]move: Volt Switch
|move|p2a: Reuniclus|Psyshock|p1a: L A M P
|-damage|p1a: L A M P|45/100
|
|-heal|p2a: Reuniclus|84/100|[from] item: Leftovers
|upkeep
|turn|25
|
|t:|1656210793
|switch|p2a: Hippowdon|Hippowdon, F|85/100
|-weather|Sandstorm|[from] ability: Sand Stream|[of] p2a: Hippowdon
|move|p1a: L A M P|Shadow Ball|p2a: Hippowdon
|-damage|p2a: Hippowdon|45/100
|
|-weather|Sandstorm|[upkeep]
|-damage|p1a: L A M P|38/100|[from] Sandstorm
|-heal|p2a: Hippowdon|51/100|[from] item: Leftovers
|upkeep
|turn|26
|
|t:|1656210798
|switch|p1a: Bonk!|Conkeldurr, M|68/100 brn
|move|p2a: Hippowdon|Slack Off|p2a: Hippowdon
|-heal|p2a: Hippowdon|100/100
|
|-weather|Sandstorm|[upkeep]
|-damage|p1a: Bonk!|62/100 brn|[from] Sandstorm
|-damage|p1a: Bonk!|56/100 brn|[from] brn
|upkeep
|turn|27
|
|t:|1656210801
|move|p1a: Bonk!|Drain Punch|p2a: Hippowdon
|-damage|p2a: Hippowdon|57/100
|-heal|p1a: Bonk!|78/100 brn|[from] drain|[of] p2a: Hippowdon
|move|p2a: Hippowdon|Slack Off|p2a: Hippowdon
|-heal|p2a: Hippowdon|100/100
|
|-weather|Sandstorm|[upkeep]
|-damage|p1a: Bonk!|72/100 brn|[from] Sandstorm
|-damage|p1a: Bonk!|66/100 brn|[from] brn
|upkeep
|turn|28
|
|t:|1656210807
|move|p1a: Bonk!|Knock Off|p2a: Hippowdon
|-damage|p2a: Hippowdon|63/100
|-enditem|p2a: Hippowdon|Leftovers|[from] move: Knock Off|[of] p1a: Bonk!
|move|p2a: Hippowdon|Stealth Rock|p1a: Bonk!
|-sidestart|p1: Appleking123|move: Stealth Rock
|
|-weather|Sandstorm|[upkeep]
|-damage|p1a: Bonk!|59/100 brn|[from] Sandstorm
|-damage|p1a: Bonk!|53/100 brn|[from] brn
|upkeep
|turn|29
|c|☆Appleking123|i despise this hippo
|
|t:|1656210813
|move|p1a: Bonk!|Drain Punch|p2a: Hippowdon
|-damage|p2a: Hippowdon|20/100
|-heal|p1a: Bonk!|75/100 brn|[from] drain|[of] p2a: Hippowdon
|move|p2a: Hippowdon|Slack Off|p2a: Hippowdon
|-heal|p2a: Hippowdon|70/100
|
|-weather|none
|-damage|p1a: Bonk!|69/100 brn|[from] brn
|upkeep
|turn|30
|j|%pokemonisfun
|
|t:|1656210818
|switch|p2a: Skarmory|Skarmory, F|81/100
|move|p1a: Bonk!|Knock Off|p2a: Skarmory
|-damage|p2a: Skarmory|58/100
|
|-damage|p1a: Bonk!|63/100 brn|[from] brn
|upkeep
|turn|31
|
|t:|1656210823
|move|p2a: Skarmory|Body Press|p1a: Bonk!
|-damage|p1a: Bonk!|36/100 brn
|move|p1a: Bonk!|Drain Punch|p2a: Skarmory
|-damage|p2a: Skarmory|16/100
|-heal|p1a: Bonk!|52/100 brn|[from] drain|[of] p2a: Skarmory
|
|-damage|p1a: Bonk!|46/100 brn|[from] brn
|upkeep
|turn|32
|c|☆suloxiv ✿|misclicked.
|
|t:|1656210833
|switch|p2a: Jellicent|Jellicent, M|58/100
|move|p1a: Bonk!|Mach Punch|p2a: Jellicent
|-immune|p2a: Jellicent
|
|-damage|p1a: Bonk!|40/100 brn|[from] brn
|upkeep
|turn|33
|
|t:|1656210837
|switch|p1a: Washington|Rotom-Wash|100/100
|-damage|p1a: Washington|88/100|[from] Stealth Rock
|move|p2a: Jellicent|Recover|p2a: Jellicent
|-heal|p2a: Jellicent|100/100
|
|-heal|p1a: Washington|94/100|[from] item: Leftovers
|upkeep
|turn|34
|
|t:|1656210841
|move|p1a: Washington|Defog|p2a: Jellicent
|-unboost|p2a: Jellicent|evasion|1
|-sideend|p1: Appleking123|Stealth Rock|[from] move: Defog|[of] p1a: Washington
|move|p2a: Jellicent|Recover||[still]
|-fail|p2a: Jellicent|heal
|
|-heal|p1a: Washington|100/100|[from] item: Leftovers
|upkeep
|turn|35
|
|t:|1656210845
|move|p1a: Washington|Hydro Pump|p2a: Jellicent
|-immune|p2a: Jellicent|[from] ability: Water Absorb
|move|p2a: Jellicent|Recover||[still]
|-fail|p2a: Jellicent|heal
|
|upkeep
|turn|36
|
|t:|1656210849
|move|p1a: Washington|Volt Switch|p2a: Jellicent
|-supereffective|p2a: Jellicent
|-damage|p2a: Jellicent|61/100
|
|t:|1656210853
|switch|p1a: Spaghet|Tangrowth, F|100/100|[from]move: Volt Switch
|move|p2a: Jellicent|Recover|p2a: Jellicent
|-heal|p2a: Jellicent|100/100
|
|upkeep
|turn|37
|
|t:|1656210857
|move|p2a: Jellicent|Will-O-Wisp|p1a: Spaghet
|-status|p1a: Spaghet|brn
|move|p1a: Spaghet|Knock Off|p2a: Jellicent
|-supereffective|p2a: Jellicent
|-enditem|p2a: Jellicent|Colbur Berry|[eat]
|-enditem|p2a: Jellicent|Colbur Berry|[weaken]
|-damage|p2a: Jellicent|91/100
|
|-damage|p1a: Spaghet|94/100 brn|[from] brn
|upkeep
|turn|38
|
|t:|1656210863
|move|p2a: Jellicent|Night Shade|p1a: Spaghet
|-damage|p1a: Spaghet|70/100 brn
|move|p1a: Spaghet|Giga Drain|p2a: Jellicent
|-supereffective|p2a: Jellicent
|-damage|p2a: Jellicent|46/100
|-heal|p1a: Spaghet|92/100 brn|[from] drain|[of] p2a: Jellicent
|
|-damage|p1a: Spaghet|86/100 brn|[from] brn
|upkeep
|turn|39
|j|+Celebiii
|
|t:|1656210876
|move|p2a: Jellicent|Recover|p2a: Jellicent
|-heal|p2a: Jellicent|96/100
|move|p1a: Spaghet|Leech Seed|p2a: Jellicent
|-start|p2a: Jellicent|move: Leech Seed
|
|-damage|p2a: Jellicent|84/100|[from] Leech Seed|[of] p1a: Spaghet
|-heal|p1a: Spaghet|98/100 brn|[silent]
|-damage|p1a: Spaghet|92/100 brn|[from] brn
|upkeep
|turn|40
|j| souljadidit1
|c|☆suloxiv ✿|huh
|
|t:|1656210891
|switch|p2a: Reuniclus|Reuniclus, F|84/100
|move|p1a: Spaghet|Leech Seed|p2a: Reuniclus
|-start|p2a: Reuniclus|move: Leech Seed
|
|-heal|p2a: Reuniclus|90/100|[from] item: Leftovers
|-damage|p1a: Spaghet|86/100 brn|[from] brn
|upkeep
|turn|41
|l| souljadidit1
|
|t:|1656210899
|switch|p2a: Nihilego|Nihilego|65/100
|move|p1a: Spaghet|Knock Off|p2a: Nihilego
|-damage|p2a: Nihilego|45/100
|-enditem|p2a: Nihilego|Black Sludge|[from] move: Knock Off|[of] p1a: Spaghet
|
|-damage|p1a: Spaghet|80/100 brn|[from] brn
|upkeep
|turn|42
|
|t:|1656210906
|switch|p1a: Washington|Rotom-Wash|100/100
|move|p2a: Nihilego|Sludge Bomb|p1a: Washington
|-damage|p1a: Washington|54/100
|-status|p1a: Washington|psn
|
|-heal|p1a: Washington|60/100 psn|[from] item: Leftovers
|-damage|p1a: Washington|48/100 psn|[from] psn
|upkeep
|turn|43
|
|t:|1656210912
|move|p2a: Nihilego|Sludge Bomb|p1a: Washington
|-damage|p1a: Washington|0 fnt
|faint|p1a: Washington
|-ability|p2a: Nihilego|Beast Boost|boost
|-boost|p2a: Nihilego|spa|1
|
|upkeep
|
|t:|1656210914
|switch|p1a: Bonk!|Conkeldurr, M|40/100 brn
|turn|44
|
|t:|1656210921
|switch|p2a: Skarmory|Skarmory, F|16/100
|move|p1a: Bonk!|Drain Punch|p2a: Skarmory
|-damage|p2a: Skarmory|0 fnt
|-heal|p1a: Bonk!|46/100 brn|[from] drain|[of] p2a: Skarmory
|faint|p2a: Skarmory
|
|-damage|p1a: Bonk!|40/100 brn|[from] brn
|upkeep
|
|t:|1656210938
|switch|p2a: Hippowdon|Hippowdon, F|70/100
|-weather|Sandstorm|[from] ability: Sand Stream|[of] p2a: Hippowdon
|turn|45
|j| hariyana grande
|
|t:|1656210950
|switch|p1a: Spaghet|Tangrowth, F|100/100 brn
|move|p2a: Hippowdon|Slack Off|p2a: Hippowdon
|-heal|p2a: Hippowdon|100/100
|
|-weather|Sandstorm|[upkeep]
|-damage|p1a: Spaghet|94/100 brn|[from] Sandstorm
|-damage|p1a: Spaghet|88/100 brn|[from] brn
|upkeep
|turn|46
|
|t:|1656210954
|switch|p2a: Reuniclus|Reuniclus, F|90/100
|move|p1a: Spaghet|Giga Drain|p2a: Reuniclus
|-damage|p2a: Reuniclus|62/100
|-heal|p1a: Spaghet|100/100 brn|[from] drain|[of] p2a: Reuniclus
|
|-weather|Sandstorm|[upkeep]
|-damage|p1a: Spaghet|94/100 brn|[from] Sandstorm
|-heal|p2a: Reuniclus|68/100|[from] item: Leftovers
|-damage|p1a: Spaghet|88/100 brn|[from] brn
|upkeep
|turn|47
|
|t:|1656210965
|move|p1a: Spaghet|Giga Drain|p2a: Reuniclus
|-damage|p2a: Reuniclus|41/100
|-heal|p1a: Spaghet|100/100 brn|[from] drain|[of] p2a: Reuniclus
|move|p2a: Reuniclus|Psyshock|p1a: Spaghet
|-damage|p1a: Spaghet|84/100 brn
|
|-weather|Sandstorm|[upkeep]
|-damage|p1a: Spaghet|78/100 brn|[from] Sandstorm
|-heal|p2a: Reuniclus|47/100|[from] item: Leftovers
|-damage|p1a: Spaghet|72/100 brn|[from] brn
|upkeep
|turn|48
|
|t:|1656210971
|switch|p1a: Bork|Lycanroc-Dusk, M|91/100
|move|p2a: Reuniclus|Recover|p2a: Reuniclus
|-heal|p2a: Reuniclus|97/100
|
|-weather|Sandstorm|[upkeep]
|-heal|p2a: Reuniclus|100/100|[from] item: Leftovers
|upkeep
|turn|49
|
|t:|1656210973
|switch|p2a: Hippowdon|Hippowdon, F|100/100
|move|p1a: Bork|Crunch|p2a: Hippowdon
|-damage|p2a: Hippowdon|75/100
|-damage|p1a: Bork|81/100|[from] item: Life Orb
|
|-weather|none
|upkeep
|turn|50
|
|t:|1656210976
|switch|p1a: Spaghet|Tangrowth, F|100/100 brn
|move|p2a: Hippowdon|Toxic||[still]
|-fail|p2a: Hippowdon
|
|-damage|p1a: Spaghet|94/100 brn|[from] brn
|upkeep
|turn|51
|
|t:|1656210983
|switch|p2a: Nihilego|Nihilego|45/100
|move|p1a: Spaghet|Giga Drain|p2a: Nihilego
|-damage|p2a: Nihilego|25/100
|-heal|p1a: Spaghet|100/100 brn|[from] drain|[of] p2a: Nihilego
|
|-damage|p1a: Spaghet|94/100 brn|[from] brn
|upkeep
|turn|52
|
|t:|1656210987
|switch|p1a: Bork|Lycanroc-Dusk, M|81/100
|move|p2a: Nihilego|Sludge Bomb|p1a: Bork
|-resisted|p1a: Bork
|-damage|p1a: Bork|41/100
|
|upkeep
|turn|53
|
|t:|1656210990
|switch|p1a: Spaghet|Tangrowth, F|100/100 brn
|switch|p2a: Hippowdon|Hippowdon, F|75/100
|-weather|Sandstorm|[from] ability: Sand Stream|[of] p2a: Hippowdon
|
|-weather|Sandstorm|[upkeep]
|-damage|p1a: Spaghet|94/100 brn|[from] Sandstorm
|-damage|p1a: Spaghet|88/100 brn|[from] brn
|upkeep
|turn|54
|
|t:|1656210996
|switch|p2a: Reuniclus|Reuniclus, F|100/100
|move|p1a: Spaghet|Giga Drain|p2a: Reuniclus
|-damage|p2a: Reuniclus|76/100
|-heal|p1a: Spaghet|100/100 brn|[from] drain|[of] p2a: Reuniclus
|
|-weather|Sandstorm|[upkeep]
|-damage|p1a: Spaghet|94/100 brn|[from] Sandstorm
|-heal|p2a: Reuniclus|82/100|[from] item: Leftovers
|-damage|p1a: Spaghet|88/100 brn|[from] brn
|upkeep
|turn|55
|
|t:|1656211002
|move|p1a: Spaghet|Giga Drain|p2a: Reuniclus
|-damage|p2a: Reuniclus|58/100
|-heal|p1a: Spaghet|100/100 brn|[from] drain|[of] p2a: Reuniclus
|move|p2a: Reuniclus|Calm Mind|p2a: Reuniclus
|-boost|p2a: Reuniclus|spa|1
|-boost|p2a: Reuniclus|spd|1
|
|-weather|Sandstorm|[upkeep]
|-damage|p1a: Spaghet|94/100 brn|[from] Sandstorm
|-heal|p2a: Reuniclus|64/100|[from] item: Leftovers
|-damage|p1a: Spaghet|88/100 brn|[from] brn
|upkeep
|turn|56
|
|t:|1656211006
|switch|p1a: Bonk!|Conkeldurr, M|40/100 brn
|move|p2a: Reuniclus|Recover|p2a: Reuniclus
|-heal|p2a: Reuniclus|100/100
|
|-weather|Sandstorm|[upkeep]
|-damage|p1a: Bonk!|34/100 brn|[from] Sandstorm
|-damage|p1a: Bonk!|28/100 brn|[from] brn
|upkeep
|turn|57
|
|t:|1656211009
|switch|p2a: Jellicent|Jellicent, M|84/100
|move|p1a: Bonk!|Knock Off|p2a: Jellicent
|-supereffective|p2a: Jellicent
|-damage|p2a: Jellicent|19/100
|
|-weather|none
|-damage|p1a: Bonk!|22/100 brn|[from] brn
|upkeep
|turn|58
|c|☆suloxiv ✿|oops
|
|t:|1656211014
|switch|p2a: Hippowdon|Hippowdon, F|75/100
|-weather|Sandstorm|[from] ability: Sand Stream|[of] p2a: Hippowdon
|move|p1a: Bonk!|Knock Off|p2a: Hippowdon
|-damage|p2a: Hippowdon|52/100
|
|-weather|Sandstorm|[upkeep]
|-damage|p1a: Bonk!|15/100 brn|[from] Sandstorm
|-damage|p1a: Bonk!|9/100 brn|[from] brn
|upkeep
|turn|59
|
|t:|1656211017
|move|p1a: Bonk!|Drain Punch|p2a: Hippowdon
|-crit|p2a: Hippowdon
|-damage|p2a: Hippowdon|0 fnt
|-heal|p1a: Bonk!|36/100 brn|[from] drain|[of] p2a: Hippowdon
|faint|p2a: Hippowdon
|
|-weather|Sandstorm|[upkeep]
|-damage|p1a: Bonk!|30/100 brn|[from] Sandstorm
|-damage|p1a: Bonk!|24/100 brn|[from] brn
|upkeep
|c|☆Appleking123|YES
|c|☆suloxiv ✿|great
|
|t:|1656211024
|switch|p2a: Reuniclus|Reuniclus, F|100/100
|turn|60
|
|t:|1656211027
|move|p1a: Bonk!|Knock Off|p2a: Reuniclus
|-supereffective|p2a: Reuniclus
|-crit|p2a: Reuniclus
|-damage|p2a: Reuniclus|0 fnt
|-enditem|p2a: Reuniclus|Leftovers|[from] move: Knock Off|[of] p1a: Bonk!
|faint|p2a: Reuniclus
|
|-weather|Sandstorm|[upkeep]
|-damage|p1a: Bonk!|17/100 brn|[from] Sandstorm
|-damage|p1a: Bonk!|11/100 brn|[from] brn
|upkeep
|c|☆suloxiv ✿|great.
|c|☆suloxiv ✿|ugh
|-message|suloxiv ✿ forfeited.
|
|win|Appleking123
|n|☆Appleking123|appleking123
|n|☆suloxiv ✿|suloxiv
|n| TheKingIzHere|thekingizhere
|n| UU11M shaori|uu11mshaori
|n|+AM|am
|n| pokemonisfun|pokemonisfun
|n| Celebiii|celebiii
|n| hariyana grande|hariyanagrande
