|j|☆gijion chilli
|j|☆Quaresmatic
|player|p1|gijion chilli|twins-gen4dp|1540
|player|p2|Quaresmatic|cameraman|1433
|teamsize|p1|6
|teamsize|p2|6
|gametype|singles
|gen|8
|tier|[Gen 8] UU
|rated|
|clearpoke
|poke|p1|Machamp, F|
|poke|p1|Weavile, M|
|poke|p1|Duraludon, F|
|poke|p1|Weezing-Galar, M|
|poke|p1|Doublade, M|
|poke|p1|Gardevoir, F|
|poke|p2|Espeon, F|
|poke|p2|Coalossal, M|
|poke|p2|Lucario, M|
|poke|p2|Araquanid, F|
|poke|p2|Umbreon, F|
|poke|p2|Braviary, M|
|rule|Sleep Clause Mod: Limit one foe put to sleep
|rule|Species Clause: Limit one of each Pokémon
|rule|OHKO Clause: OHKO moves are banned
|rule|Evasion Moves Clause: Evasion moves are banned
|rule|Endless Battle Clause: Forcing endless battles is banned
|rule|HP Percentage Mod: HP is shown in percentages
|rule|Dynamax Clause: You cannot dynamax
|teampreview
|
|start
|switch|p1a: Duraludon|Duraludon, F|100/100
|switch|p2a: Braviary|Braviary, M|100/100
|turn|1
|
|move|p2a: Braviary|U-turn|p1a: Duraludon
|-resisted|p1a: Duraludon
|-damage|p1a: Duraludon|86/100
|
|switch|p2a: Coalossal|Coalossal, M|100/100|[from]move: U-turn
|move|p1a: Duraludon|Flash Cannon|p2a: Coalossal
|-damage|p2a: Coalossal|62/100
|
|upkeep
|turn|2
|j| SZYS神之右手
|
|move|p1a: Duraludon|Flash Cannon|p2a: Coalossal
|-damage|p2a: Coalossal|27/100
|-unboost|p2a: Coalossal|spd|1
|move|p2a: Coalossal|Stealth Rock|p1a: Duraludon
|-sidestart|p1: gijion chilli|move: Stealth Rock
|
|upkeep
|turn|3
|
|move|p1a: Duraludon|Stealth Rock|p2a: Coalossal
|-sidestart|p2: Quaresmatic|move: Stealth Rock
|move|p2a: Coalossal|Heat Crash|p1a: Duraludon
|-damage|p1a: Duraludon|52/100
|
|upkeep
|turn|4
|
|move|p1a: Duraludon|Flash Cannon|p2a: Coalossal
|-damage|p2a: Coalossal|0 fnt
|faint|p2a: Coalossal
|
|upkeep
|j| switchoswitch
|
|switch|p2a: Araquanid|Araquanid, F|100/100
|-damage|p2a: Araquanid|75/100|[from] Stealth Rock
|turn|5
|
|move|p1a: Duraludon|Thunderbolt|p2a: Araquanid
|-supereffective|p2a: Araquanid
|-damage|p2a: Araquanid|39/100
|move|p2a: Araquanid|Sticky Web|p1a: Duraludon
|-sidestart|p1: gijion chilli|move: Sticky Web
|
|-heal|p2a: Araquanid|45/100|[from] item: Leftovers
|upkeep
|turn|6
|
|move|p1a: Duraludon|Thunderbolt|p2a: Araquanid
|-supereffective|p2a: Araquanid
|-damage|p2a: Araquanid|8/100
|move|p2a: Araquanid|Mirror Coat|p1a: Duraludon
|-damage|p1a: Duraludon|0 fnt
|faint|p1a: Duraludon
|
|-heal|p2a: Araquanid|14/100|[from] item: Leftovers
|upkeep
|
|switch|p1a: Weezing|Weezing-Galar, M|100/100
|-damage|p1a: Weezing|88/100|[from] Stealth Rock
|turn|7
|
|switch|p2a: Braviary|Braviary, M|100/100
|-damage|p2a: Braviary|76/100|[from] Stealth Rock
|move|p1a: Weezing|Sludge Bomb|p2a: Braviary
|-damage|p2a: Braviary|30/100
|
|-heal|p1a: Weezing|94/100|[from] item: Black Sludge
|upkeep
|turn|8
|
|move|p2a: Braviary|Brave Bird|p1a: Weezing
|-damage|p1a: Weezing|29/100
|-damage|p2a: Braviary|11/100|[from] Recoil
|move|p1a: Weezing|Fire Blast|p2a: Braviary
|-damage|p2a: Braviary|0 fnt
|faint|p2a: Braviary
|
|-heal|p1a: Weezing|35/100|[from] item: Black Sludge
|upkeep
|
|switch|p2a: Lucario|Lucario, M|100/100
|-damage|p2a: Lucario|98/100|[from] Stealth Rock
|turn|9
|
|switch|p1a: Doublade|Doublade, M|100/100
|-damage|p1a: Doublade|94/100|[from] Stealth Rock
|-activate|p1a: Doublade|move: Sticky Web
|-unboost|p1a: Doublade|spe|1
|move|p2a: Lucario|Meteor Mash|p1a: Doublade
|-resisted|p1a: Doublade
|-damage|p1a: Doublade|81/100
|-damage|p2a: Lucario|88/100|[from] item: Life Orb
|
|upkeep
|turn|10
|
|switch|p2a: Umbreon|Umbreon, F|100/100
|-damage|p2a: Umbreon|88/100|[from] Stealth Rock
|move|p1a: Doublade|Shadow Claw|p2a: Umbreon
|-resisted|p2a: Umbreon
|-damage|p2a: Umbreon|75/100
|
|upkeep
|turn|11
|
|switch|p1a: Weezing|Weezing-Galar, M|35/100
|-damage|p1a: Weezing|23/100|[from] Stealth Rock
|move|p2a: Umbreon|Foul Play|p1a: Weezing
|-resisted|p1a: Weezing
|-damage|p1a: Weezing|12/100
|
|-heal|p1a: Weezing|18/100|[from] item: Black Sludge
|upkeep
|turn|12
|
|switch|p2a: Araquanid|Araquanid, F|14/100
|-damage|p2a: Araquanid|0 fnt|[from] Stealth Rock
|faint|p2a: Araquanid
|move|p1a: Weezing|Strange Steam|p2: Araquanid|[notarget]
|-fail|p1a: Weezing
|
|-heal|p1a: Weezing|25/100|[from] item: Black Sludge
|upkeep
|
|switch|p2a: Espeon|Espeon, F|100/100
|-damage|p2a: Espeon|88/100|[from] Stealth Rock
|turn|13
|
|move|p2a: Espeon|Dazzling Gleam|p1a: Weezing
|-resisted|p1a: Weezing
|-damage|p1a: Weezing|0 fnt
|faint|p1a: Weezing
|
|upkeep
|l| switchoswitch
|
|switch|p1a: Gardevoir|Gardevoir, F|100/100
|-activate|p1a: Gardevoir|move: Sticky Web
|-unboost|p1a: Gardevoir|spe|1
|-damage|p1a: Gardevoir|88/100|[from] Stealth Rock
|-ability|p1a: Gardevoir|Magic Bounce|[from] ability: Trace|[of] p2a: Espeon
|turn|14
|
|switch|p2a: Umbreon|Umbreon, F|75/100
|-damage|p2a: Umbreon|63/100|[from] Stealth Rock
|move|p1a: Gardevoir|Moonblast|p2a: Umbreon
|-supereffective|p2a: Umbreon
|-damage|p2a: Umbreon|0 fnt
|faint|p2a: Umbreon
|
|upkeep
|
|switch|p2a: Lucario|Lucario, M|88/100
|-damage|p2a: Lucario|85/100|[from] Stealth Rock
|turn|15
|
|switch|p2a: Espeon|Espeon, F|88/100
|-damage|p2a: Espeon|76/100|[from] Stealth Rock
|move|p1a: Gardevoir|Moonblast|p2a: Espeon
|-damage|p2a: Espeon|9/100
|-unboost|p2a: Espeon|spa|1
|
|upkeep
|turn|16
|
|move|p2a: Espeon|Shadow Ball|p1a: Gardevoir
|-supereffective|p1a: Gardevoir
|-damage|p1a: Gardevoir|28/100
|move|p1a: Gardevoir|Moonblast|p2a: Espeon
|-damage|p2a: Espeon|0 fnt
|faint|p2a: Espeon
|
|upkeep
|-message|Quaresmatic forfeited.
|
|win|gijion chilli
|l|☆Quaresmatic
|raw|gijion chilli's rating: 1540 &rarr; <strong>1554</strong><br />(+14 for winning)
|raw|Quaresmatic's rating: 1433 &rarr; <strong>1419</strong><br />(-14 for losing)
