|j|☆PlasticPinnochio
|j|☆javitu
|t:|1648290017
|gametype|singles
|player|p1|PlasticPinnochio|policeman-gen4|1518
|player|p2|javitu|lorelei-lgpe|1416
|teamsize|p1|6
|teamsize|p2|6
|gen|8
|tier|[Gen 8] UU
|rated|
|rule|Sleep Clause Mod: Limit one foe put to sleep
|rule|Species Clause: Limit one of each Pokémon
|rule|OHKO Clause: OHKO moves are banned
|rule|Evasion Moves Clause: Evasion moves are banned
|rule|Endless Battle Clause: Forcing endless battles is banned
|rule|HP Percentage Mod: HP is shown in percentages
|rule|Dynamax Clause: You cannot dynamax
|clearpoke
|poke|p1|Zarude-Dada|
|poke|p1|Azelf|
|poke|p1|Chansey, F|
|poke|p1|Swampert, M|
|poke|p1|Tentacruel, M|
|poke|p1|Cobalion|
|poke|p2|Slowking, M|
|poke|p2|Moltres|
|poke|p2|Swampert, F|
|poke|p2|Nidoking, M|
|poke|p2|Lycanroc-Dusk, F|
|poke|p2|Zarude|
|teampreview
|inactive|Battle timer is ON: inactive players will automatically lose when time's up. (requested by PlasticPinnochio)
|
|t:|1648290034
|start
|switch|p1a: Cobalion|Cobalion|100/100
|switch|p2a: Zarude|Zarude|100/100
|turn|1
|
|t:|1648290038
|move|p2a: Zarude|U-turn|p1a: Cobalion
|-resisted|p1a: Cobalion
|-damage|p1a: Cobalion|96/100
|
|t:|1648290042
|switch|p2a: Swampert|Swampert, F|100/100|[from]move: U-turn
|move|p1a: Cobalion|Close Combat|p2a: Swampert
|-damage|p2a: Swampert|64/100
|-unboost|p1a: Cobalion|def|1
|-unboost|p1a: Cobalion|spd|1
|
|-heal|p1a: Cobalion|100/100|[from] item: Leftovers
|-heal|p2a: Swampert|70/100|[from] item: Leftovers
|upkeep
|turn|2
|
|t:|1648290050
|switch|p1a: Chansey|Chansey, F|100/100
|move|p2a: Swampert|Stealth Rock|p1a: Chansey
|-sidestart|p1: PlasticPinnochio|move: Stealth Rock
|
|-heal|p2a: Swampert|76/100|[from] item: Leftovers
|upkeep
|turn|3
|
|t:|1648290058
|move|p2a: Swampert|Flip Turn|p1a: Chansey
|-damage|p1a: Chansey|87/100
|
|t:|1648290064
|switch|p2a: Lycanroc|Lycanroc-Dusk, F|100/100|[from]move: Flip Turn
|move|p1a: Chansey|Teleport|p1a: Chansey
|
|t:|1648290067
|switch|p1a: Swampert|Swampert, M|100/100|[from]move: Teleport
|-damage|p1a: Swampert|94/100|[from] Stealth Rock
|
|-heal|p1a: Swampert|100/100|[from] item: Leftovers
|upkeep
|turn|4
|
|t:|1648290072
|switch|p2a: Zarude|Zarude|100/100
|move|p1a: Swampert|Stealth Rock|p2a: Zarude
|-sidestart|p2: javitu|move: Stealth Rock
|
|upkeep
|turn|5
|
|t:|1648290074
|switch|p1a: Cobalion|Cobalion|100/100
|-damage|p1a: Cobalion|97/100|[from] Stealth Rock
|move|p2a: Zarude|U-turn|p1a: Cobalion
|-resisted|p1a: Cobalion
|-damage|p1a: Cobalion|92/100
|
|t:|1648290081
|switch|p2a: Moltres|Moltres|100/100|[from]move: U-turn
|
|-heal|p1a: Cobalion|99/100|[from] item: Leftovers
|upkeep
|turn|6
|
|t:|1648290084
|move|p1a: Cobalion|Volt Switch|p2a: Moltres
|-supereffective|p2a: Moltres
|-crit|p2a: Moltres
|-damage|p2a: Moltres|59/100
|
|t:|1648290088
|switch|p1a: Tentacruel|Tentacruel, M|100/100|[from]move: Volt Switch
|-damage|p1a: Tentacruel|88/100|[from] Stealth Rock
|move|p2a: Moltres|Defog|p1a: Tentacruel
|-unboost|p1a: Tentacruel|evasion|1
|-sideend|p1: PlasticPinnochio|Stealth Rock|[from] move: Defog|[of] p2a: Moltres
|-sideend|p2: javitu|Stealth Rock|[from] move: Defog|[of] p2a: Moltres
|
|-heal|p1a: Tentacruel|94/100|[from] item: Black Sludge
|upkeep
|turn|7
|
|t:|1648290094
|switch|p2a: Slowking|Slowking, M|100/100
|move|p1a: Tentacruel|Knock Off|p2a: Slowking
|-supereffective|p2a: Slowking
|-damage|p2a: Slowking|74/100
|-enditem|p2a: Slowking|Heavy-Duty Boots|[from] move: Knock Off|[of] p1a: Tentacruel
|
|-heal|p1a: Tentacruel|99/100|[from] item: Black Sludge
|upkeep
|turn|8
|
|t:|1648290099
|switch|p1a: Zarude|Zarude-Dada|100/100
|move|p2a: Slowking|Future Sight|p1a: Zarude
|-start|p2a: Slowking|move: Future Sight
|
|upkeep
|turn|9
|
|t:|1648290103
|switch|p2a: Moltres|Moltres|59/100
|move|p1a: Zarude|U-turn|p2a: Moltres
|-resisted|p2a: Moltres
|-damage|p2a: Moltres|54/100
|inactive|PlasticPinnochio has 120 seconds left.
|
|t:|1648290154
|switch|p1a: Swampert|Swampert, M|100/100|[from]move: U-turn
|
|upkeep
|turn|10
|
|t:|1648290158
|move|p2a: Moltres|U-turn|p1a: Swampert
|-damage|p1a: Swampert|92/100
|
|t:|1648290160
|switch|p2a: Zarude|Zarude|100/100|[from]move: U-turn
|move|p1a: Swampert|Flip Turn|p2a: Zarude
|-resisted|p2a: Zarude
|-damage|p2a: Zarude|90/100
|
|t:|1648290164
|switch|p1a: Zarude|Zarude-Dada|100/100|[from]move: Flip Turn
|
|-end|p1a: Zarude|move: Future Sight
|-immune|p1a: Zarude
|upkeep
|turn|11
|inactive|PlasticPinnochio has 120 seconds left.
|
|t:|1648290177
|switch|p1a: Tentacruel|Tentacruel, M|99/100
|move|p2a: Zarude|U-turn|p1a: Tentacruel
|-resisted|p1a: Tentacruel
|-damage|p1a: Tentacruel|85/100
|
|t:|1648290183
|switch|p2a: Lycanroc|Lycanroc-Dusk, F|100/100|[from]move: U-turn
|
|-heal|p1a: Tentacruel|91/100|[from] item: Black Sludge
|upkeep
|turn|12
|
|t:|1648290189
|switch|p1a: Swampert|Swampert, M|92/100
|move|p2a: Lycanroc|Psychic Fangs|p1a: Swampert
|-damage|p1a: Swampert|54/100
|
|-heal|p1a: Swampert|61/100|[from] item: Leftovers
|upkeep
|turn|13
|
|t:|1648290193
|switch|p2a: Zarude|Zarude|90/100
|move|p1a: Swampert|Flip Turn|p2a: Zarude
|-resisted|p2a: Zarude
|-damage|p2a: Zarude|80/100
|
|t:|1648290195
|switch|p1a: Cobalion|Cobalion|99/100|[from]move: Flip Turn
|
|-heal|p1a: Cobalion|100/100|[from] item: Leftovers
|upkeep
|turn|14
|
|t:|1648290201
|move|p2a: Zarude|U-turn|p1a: Cobalion
|-resisted|p1a: Cobalion
|-damage|p1a: Cobalion|96/100
|
|t:|1648290205
|switch|p2a: Swampert|Swampert, F|76/100|[from]move: U-turn
|move|p1a: Cobalion|Volt Switch|p2a: Swampert
|-immune|p2a: Swampert
|
|-heal|p1a: Cobalion|100/100|[from] item: Leftovers
|-heal|p2a: Swampert|82/100|[from] item: Leftovers
|upkeep
|turn|15
|
|t:|1648290210
|move|p1a: Cobalion|Close Combat|p2a: Swampert
|-damage|p2a: Swampert|44/100
|-unboost|p1a: Cobalion|def|1
|-unboost|p1a: Cobalion|spd|1
|move|p2a: Swampert|Stealth Rock|p1a: Cobalion
|-sidestart|p1: PlasticPinnochio|move: Stealth Rock
|
|-heal|p2a: Swampert|50/100|[from] item: Leftovers
|upkeep
|turn|16
|
|t:|1648290219
|switch|p1a: Zarude|Zarude-Dada|100/100
|-damage|p1a: Zarude|88/100|[from] Stealth Rock
|move|p2a: Swampert|Earthquake|p1a: Zarude
|-resisted|p1a: Zarude
|-damage|p1a: Zarude|71/100
|
|-heal|p2a: Swampert|56/100|[from] item: Leftovers
|upkeep
|turn|17
|
|t:|1648290222
|switch|p2a: Moltres|Moltres|54/100
|move|p1a: Zarude|U-turn|p2a: Moltres
|-resisted|p2a: Moltres
|-damage|p2a: Moltres|47/100
|-status|p1a: Zarude|brn|[from] ability: Flame Body|[of] p2a: Moltres
|
|t:|1648290227
|switch|p1a: Tentacruel|Tentacruel, M|91/100|[from]move: U-turn
|-damage|p1a: Tentacruel|79/100|[from] Stealth Rock
|
|-heal|p1a: Tentacruel|85/100|[from] item: Black Sludge
|upkeep
|turn|18
|
|t:|1648290230
|switch|p2a: Slowking|Slowking, M|100/100
|move|p1a: Tentacruel|Rapid Spin|p2a: Slowking
|-damage|p2a: Slowking|93/100
|-boost|p1a: Tentacruel|spe|1
|-sideend|p1: PlasticPinnochio|Stealth Rock|[from] move: Rapid Spin|[of] p1a: Tentacruel
|
|-heal|p1a: Tentacruel|91/100|[from] item: Black Sludge
|upkeep
|turn|19
|
|t:|1648290233
|move|p1a: Tentacruel|Sludge Bomb|p2a: Slowking
|-crit|p2a: Slowking
|-damage|p2a: Slowking|71/100
|move|p2a: Slowking|Future Sight|p1a: Tentacruel
|-start|p2a: Slowking|move: Future Sight
|
|-heal|p1a: Tentacruel|97/100|[from] item: Black Sludge
|upkeep
|turn|20
|
|t:|1648290238
|move|p1a: Tentacruel|Sludge Bomb|p2a: Slowking
|-damage|p2a: Slowking|57/100
|-status|p2a: Slowking|psn
|move|p2a: Slowking|Teleport|p2a: Slowking
|
|t:|1648290242
|switch|p2a: Swampert|Swampert, F|56/100|[from]move: Teleport
|
|-heal|p1a: Tentacruel|100/100|[from] item: Black Sludge
|-heal|p2a: Swampert|62/100|[from] item: Leftovers
|upkeep
|turn|21
|
|t:|1648290248
|switch|p1a: Zarude|Zarude-Dada|71/100 brn
|move|p2a: Swampert|Flip Turn|p1a: Zarude
|-resisted|p1a: Zarude
|-damage|p1a: Zarude|60/100 brn
|
|t:|1648290251
|switch|p2a: Moltres|Moltres|47/100|[from]move: Flip Turn
|
|-end|p1a: Zarude|move: Future Sight
|-immune|p1a: Zarude
|-damage|p1a: Zarude|54/100 brn|[from] brn
|upkeep
|turn|22
|
|t:|1648290255
|move|p1a: Zarude|U-turn|p2a: Moltres
|-resisted|p2a: Moltres
|-damage|p2a: Moltres|44/100
|
|t:|1648290258
|switch|p1a: Chansey|Chansey, F|87/100|[from]move: U-turn
|move|p2a: Moltres|Roost|p2a: Moltres
|-heal|p2a: Moltres|94/100
|-singleturn|p2a: Moltres|move: Roost
|
|upkeep
|turn|23
|
|t:|1648290260
|move|p2a: Moltres|U-turn|p1a: Chansey
|-damage|p1a: Chansey|77/100
|
|t:|1648290265
|switch|p2a: Swampert|Swampert, F|62/100|[from]move: U-turn
|move|p1a: Chansey|Thunder Wave|p2a: Swampert
|-immune|p2a: Swampert
|
|-heal|p2a: Swampert|69/100|[from] item: Leftovers
|upkeep
|turn|24
|
|t:|1648290268
|move|p2a: Swampert|Stealth Rock|p1a: Chansey
|-sidestart|p1: PlasticPinnochio|move: Stealth Rock
|move|p1a: Chansey|Seismic Toss|p2a: Swampert
|-damage|p2a: Swampert|44/100
|
|-heal|p2a: Swampert|50/100|[from] item: Leftovers
|upkeep
|turn|25
|
|t:|1648290273
|move|p2a: Swampert|Flip Turn|p1a: Chansey
|-damage|p1a: Chansey|62/100
|
|t:|1648290277
|switch|p2a: Lycanroc|Lycanroc-Dusk, F|100/100|[from]move: Flip Turn
|move|p1a: Chansey|Teleport|p1a: Chansey
|
|t:|1648290283
|switch|p1a: Swampert|Swampert, M|61/100|[from]move: Teleport
|-damage|p1a: Swampert|54/100|[from] Stealth Rock
|
|-heal|p1a: Swampert|61/100|[from] item: Leftovers
|upkeep
|turn|26
|
|t:|1648290287
|switch|p2a: Zarude|Zarude|80/100
|move|p1a: Swampert|Flip Turn|p2a: Zarude
|-resisted|p2a: Zarude
|-damage|p2a: Zarude|69/100
|
|t:|1648290292
|switch|p1a: Tentacruel|Tentacruel, M|100/100|[from]move: Flip Turn
|-damage|p1a: Tentacruel|88/100|[from] Stealth Rock
|
|-heal|p1a: Tentacruel|94/100|[from] item: Black Sludge
|upkeep
|turn|27
|
|t:|1648290300
|move|p2a: Zarude|Power Whip|p1a: Tentacruel
|-damage|p1a: Tentacruel|16/100
|move|p1a: Tentacruel|Rapid Spin|p2a: Zarude
|-damage|p2a: Zarude|61/100
|-boost|p1a: Tentacruel|spe|1
|-sideend|p1: PlasticPinnochio|Stealth Rock|[from] move: Rapid Spin|[of] p1a: Tentacruel
|
|-heal|p1a: Tentacruel|22/100|[from] item: Black Sludge
|upkeep
|turn|28
|
|t:|1648290305
|switch|p2a: Slowking|Slowking, M|90/100 psn
|move|p1a: Tentacruel|Knock Off|p2a: Slowking
|-supereffective|p2a: Slowking
|-damage|p2a: Slowking|69/100 psn
|
|-heal|p1a: Tentacruel|28/100|[from] item: Black Sludge
|-damage|p2a: Slowking|56/100 psn|[from] psn
|upkeep
|turn|29
|
|t:|1648290314
|move|p1a: Tentacruel|Sludge Bomb|p2a: Slowking
|-damage|p2a: Slowking|41/100 psn
|move|p2a: Slowking|Teleport|p2a: Slowking
|
|t:|1648290316
|switch|p2a: Lycanroc|Lycanroc-Dusk, F|100/100|[from]move: Teleport
|
|-heal|p1a: Tentacruel|34/100|[from] item: Black Sludge
|upkeep
|turn|30
|
|t:|1648290319
|move|p2a: Lycanroc|Accelerock|p1a: Tentacruel
|-damage|p1a: Tentacruel|0 fnt
|faint|p1a: Tentacruel
|
|upkeep
|
|t:|1648290323
|switch|p1a: Zarude|Zarude-Dada|54/100 brn
|turn|31
|
|t:|1648290326
|switch|p2a: Moltres|Moltres|94/100
|move|p1a: Zarude|Jungle Healing|p1a: Zarude
|-heal|p1a: Zarude|79/100 brn
|-curestatus|p1a: Zarude|brn|[msg]
|
|upkeep
|turn|32
|
|t:|1648290334
|switch|p1a: Swampert|Swampert, M|61/100
|move|p2a: Moltres|U-turn|p1a: Swampert
|-damage|p1a: Swampert|51/100
|
|t:|1648290338
|switch|p2a: Zarude|Zarude|61/100|[from]move: U-turn
|
|-heal|p1a: Swampert|58/100|[from] item: Leftovers
|upkeep
|turn|33
|
|t:|1648290344
|switch|p1a: Cobalion|Cobalion|100/100
|move|p2a: Zarude|Power Whip|p1a: Cobalion
|-resisted|p1a: Cobalion
|-damage|p1a: Cobalion|72/100
|
|-heal|p1a: Cobalion|78/100|[from] item: Leftovers
|upkeep
|turn|34
|
|t:|1648290349
|switch|p2a: Swampert|Swampert, F|50/100
|move|p1a: Cobalion|Volt Switch|p2a: Swampert
|-immune|p2a: Swampert
|
|-heal|p1a: Cobalion|84/100|[from] item: Leftovers
|-heal|p2a: Swampert|56/100|[from] item: Leftovers
|upkeep
|turn|35
|
|t:|1648290353
|move|p1a: Cobalion|Close Combat|p2a: Swampert
|-damage|p2a: Swampert|18/100
|-unboost|p1a: Cobalion|def|1
|-unboost|p1a: Cobalion|spd|1
|move|p2a: Swampert|Stealth Rock|p1a: Cobalion
|-sidestart|p1: PlasticPinnochio|move: Stealth Rock
|
|-heal|p1a: Cobalion|90/100|[from] item: Leftovers
|-heal|p2a: Swampert|24/100|[from] item: Leftovers
|upkeep
|turn|36
|
|t:|1648290360
|switch|p2a: Moltres|Moltres|94/100
|move|p1a: Cobalion|Volt Switch|p2a: Moltres
|-supereffective|p2a: Moltres
|-damage|p2a: Moltres|69/100
|
|t:|1648290365
|switch|p1a: Azelf|Azelf|100/100|[from]move: Volt Switch
|-damage|p1a: Azelf|88/100|[from] Stealth Rock
|
|upkeep
|turn|37
|
|t:|1648290373
|switch|p2a: Zarude|Zarude|61/100
|move|p1a: Azelf|Trick|p2a: Zarude
|-activate|p1a: Azelf|move: Trick|[of] p2a: Zarude
|-item|p2a: Zarude|Choice Scarf|[from] move: Trick
|-item|p1a: Azelf|Choice Scarf|[from] move: Trick
|
|upkeep
|turn|38
|
|t:|1648290379
|move|p1a: Azelf|U-turn|p2a: Zarude
|-supereffective|p2a: Zarude
|-damage|p2a: Zarude|0 fnt
|faint|p2a: Zarude
|
|t:|1648290386
|switch|p1a: Cobalion|Cobalion|90/100|[from]move: U-turn
|-damage|p1a: Cobalion|87/100|[from] Stealth Rock
|
|-heal|p1a: Cobalion|93/100|[from] item: Leftovers
|upkeep
|
|t:|1648290393
|switch|p2a: Lycanroc|Lycanroc-Dusk, F|100/100
|turn|39
|
|t:|1648290396
|move|p2a: Lycanroc|Close Combat|p1a: Cobalion
|-supereffective|p1a: Cobalion
|-damage|p1a: Cobalion|0 fnt
|-unboost|p2a: Lycanroc|def|1
|-unboost|p2a: Lycanroc|spd|1
|faint|p1a: Cobalion
|
|upkeep
|
|t:|1648290401
|switch|p1a: Azelf|Azelf|88/100
|-damage|p1a: Azelf|76/100|[from] Stealth Rock
|turn|40
|
|t:|1648290404
|switch|p2a: Slowking|Slowking, M|74/100 psn
|move|p1a: Azelf|U-turn|p2a: Slowking
|-supereffective|p2a: Slowking
|-damage|p2a: Slowking|33/100 psn
|
|t:|1648290407
|switch|p1a: Swampert|Swampert, M|58/100|[from]move: U-turn
|-damage|p1a: Swampert|51/100|[from] Stealth Rock
|
|-heal|p1a: Swampert|58/100|[from] item: Leftovers
|-damage|p2a: Slowking|21/100 psn|[from] psn
|upkeep
|turn|41
|
|t:|1648290416
|switch|p2a: Moltres|Moltres|69/100
|move|p1a: Swampert|Stealth Rock|p2a: Moltres
|-sidestart|p2: javitu|move: Stealth Rock
|
|-heal|p1a: Swampert|64/100|[from] item: Leftovers
|upkeep
|turn|42
|
|t:|1648290425
|move|p2a: Moltres|Defog|p1a: Swampert
|-unboost|p1a: Swampert|evasion|1
|-sideend|p1: PlasticPinnochio|Stealth Rock|[from] move: Defog|[of] p2a: Moltres
|-sideend|p2: javitu|Stealth Rock|[from] move: Defog|[of] p2a: Moltres
|move|p1a: Swampert|Scald|p2a: Moltres
|-supereffective|p2a: Moltres
|-damage|p2a: Moltres|17/100
|
|-heal|p1a: Swampert|70/100|[from] item: Leftovers
|upkeep
|turn|43
|
|t:|1648290430
|move|p2a: Moltres|U-turn|p1a: Swampert
|-damage|p1a: Swampert|60/100
|
|t:|1648290432
|switch|p2a: Slowking|Slowking, M|54/100 psn|[from]move: U-turn
|move|p1a: Swampert|Stealth Rock|p2a: Slowking
|-sidestart|p2: javitu|move: Stealth Rock
|
|-heal|p1a: Swampert|66/100|[from] item: Leftovers
|-damage|p2a: Slowking|41/100 psn|[from] psn
|upkeep
|turn|44
|
|t:|1648290435
|move|p1a: Swampert|Flip Turn|p2a: Slowking
|-resisted|p2a: Slowking
|-damage|p2a: Slowking|30/100 psn
|
|t:|1648290438
|switch|p1a: Azelf|Azelf|76/100|[from]move: Flip Turn
|move|p2a: Slowking|Future Sight|p1a: Azelf
|-start|p2a: Slowking|move: Future Sight
|
|-damage|p2a: Slowking|18/100 psn|[from] psn
|upkeep
|turn|45
|
|t:|1648290445
|move|p1a: Azelf|U-turn|p2a: Slowking
|-supereffective|p2a: Slowking
|-damage|p2a: Slowking|0 fnt
|faint|p2a: Slowking
|
|t:|1648290452
|switch|p1a: Swampert|Swampert, M|66/100|[from]move: U-turn
|
|-heal|p1a: Swampert|72/100|[from] item: Leftovers
|upkeep
|
|t:|1648290457
|switch|p2a: Swampert|Swampert, F|24/100
|-damage|p2a: Swampert|18/100|[from] Stealth Rock
|turn|46
|
|t:|1648290463
|move|p2a: Swampert|Flip Turn|p1a: Swampert
|-damage|p1a: Swampert|49/100
|
|t:|1648290465
|switch|p2a: Moltres|Moltres|17/100|[from]move: Flip Turn
|move|p1a: Swampert|Earthquake|p2a: Moltres
|-immune|p2a: Moltres
|
|-end|p1a: Swampert|move: Future Sight
|-damage|p1a: Swampert|9/100
|-heal|p1a: Swampert|16/100|[from] item: Leftovers
|upkeep
|turn|47
|
|t:|1648290470
|move|p2a: Moltres|Roost|p2a: Moltres
|-heal|p2a: Moltres|67/100
|-singleturn|p2a: Moltres|move: Roost
|move|p1a: Swampert|Stealth Rock||[still]
|-fail|p1a: Swampert
|
|-heal|p1a: Swampert|22/100|[from] item: Leftovers
|upkeep
|turn|48
|
|t:|1648290476
|move|p2a: Moltres|Defog|p1a: Swampert
|-unboost|p1a: Swampert|evasion|1
|-sideend|p2: javitu|Stealth Rock|[from] move: Defog|[of] p2a: Moltres
|move|p1a: Swampert|Scald|p2a: Moltres
|-supereffective|p2a: Moltres
|-damage|p2a: Moltres|0 fnt
|faint|p2a: Moltres
|
|-heal|p1a: Swampert|28/100|[from] item: Leftovers
|upkeep
|
|t:|1648290482
|switch|p2a: Lycanroc|Lycanroc-Dusk, F|100/100
|turn|49
|
|t:|1648290489
|move|p2a: Lycanroc|Close Combat|p1a: Swampert
|-damage|p1a: Swampert|0 fnt
|-unboost|p2a: Lycanroc|def|1
|-unboost|p2a: Lycanroc|spd|1
|faint|p1a: Swampert
|
|upkeep
|
|t:|1648290491
|switch|p1a: Azelf|Azelf|76/100
|turn|50
|
|t:|1648290496
|switch|p2a: Swampert|Swampert, F|18/100
|move|p1a: Azelf|Psychic|p2a: Swampert
|-damage|p2a: Swampert|0 fnt
|faint|p2a: Swampert
|
|upkeep
|
|t:|1648290499
|switch|p2a: Lycanroc|Lycanroc-Dusk, F|100/100
|turn|51
|
|t:|1648290506
|switch|p1a: Chansey|Chansey, F|62/100
|move|p2a: Lycanroc|Stone Edge|p1a: Chansey|[miss]
|-miss|p2a: Lycanroc|p1a: Chansey
|
|upkeep
|turn|52
|
|t:|1648290510
|move|p2a: Lycanroc|Stone Edge|p1a: Chansey
|-damage|p1a: Chansey|13/100
|move|p1a: Chansey|Thunder Wave|p2a: Lycanroc
|-status|p2a: Lycanroc|par
|
|upkeep
|turn|53
|c|☆PlasticPinnochio|gg
|
|t:|1648290520
|cant|p2a: Lycanroc|par
|move|p1a: Chansey|Seismic Toss|p2a: Lycanroc
|-damage|p2a: Lycanroc|66/100 par
|
|upkeep
|turn|54
|
|t:|1648290522
|move|p2a: Lycanroc|Stone Edge|p1a: Chansey
|-damage|p1a: Chansey|0 fnt
|faint|p1a: Chansey
|
|upkeep
|
|t:|1648290526
|switch|p1a: Azelf|Azelf|76/100
|turn|55
|
|t:|1648290529
|move|p1a: Azelf|Psychic|p2a: Lycanroc
|-damage|p2a: Lycanroc|0 fnt
|faint|p2a: Lycanroc
|
|upkeep
|
|t:|1648290532
|switch|p2a: Nidoking|Nidoking, M|100/100
|turn|56
|
|t:|1648290534
|move|p1a: Azelf|Psychic|p2a: Nidoking
|-supereffective|p2a: Nidoking
|-damage|p2a: Nidoking|0 fnt
|faint|p2a: Nidoking
|
|win|PlasticPinnochio
|raw|PlasticPinnochio's rating: 1518 &rarr; <strong>1532</strong><br />(+14 for winning)
|raw|javitu's rating: 1416 &rarr; <strong>1402</strong><br />(-14 for losing)
|c|☆javitu|gg
|l|☆javitu
