|j|☆DQ Low Tier Legend
|j|☆Charmalane
|t:|1655402080
|gametype|singles
|player|p1|DQ Low Tier Legend|1|1433
|player|p2|Charmalane|brawly|1475
|teamsize|p1|6
|teamsize|p2|6
|gen|8
|tier|[Gen 8] UU
|rated|
|rule|Sleep Clause Mod: Limit one foe put to sleep
|rule|Species Clause: Limit one of each Pokémon
|rule|OHKO Clause: OHKO moves are banned
|rule|Evasion Moves Clause: Evasion moves are banned
|rule|Endless Battle Clause: Forcing endless battles is banned
|rule|HP Percentage Mod: HP is shown in percentages
|rule|Dynamax Clause: You cannot dynamax
|clearpoke
|poke|p1|Scizor, F|
|poke|p1|Bronzong|
|poke|p1|Vaporeon, F|
|poke|p1|Mamoswine, F|
|poke|p1|Hydreigon, F|
|poke|p1|Conkeldurr, M|
|poke|p2|Torkoal, M|
|poke|p2|Charizard, M|
|poke|p2|Venusaur, M|
|poke|p2|Zygarde-10%|
|poke|p2|Hatterene, F|
|poke|p2|Slowking, M|
|teampreview
|
|t:|1655402101
|start
|switch|p1a: Conkeldurr|Conkeldurr, M|100/100
|switch|p2a: Oogway|Torkoal, M|100/100
|-weather|SunnyDay|[from] ability: Drought|[of] p2a: Oogway
|turn|1
|inactive|Battle timer is ON: inactive players will automatically lose when time's up. (requested by DQ Low Tier Legend)
|inactive|Charmalane has 120 seconds left.
|inactive|Charmalane has 90 seconds left.
|
|t:|1655402176
|switch|p2a: Sabrina|Hatterene, F|100/100
|move|p1a: Conkeldurr|Knock Off|p2a: Sabrina
|-damage|p2a: Sabrina|71/100
|-enditem|p2a: Sabrina|Eject Button|[from] move: Knock Off|[of] p1a: Conkeldurr
|
|-weather|SunnyDay|[upkeep]
|-status|p1a: Conkeldurr|brn|[from] item: Flame Orb
|upkeep
|turn|2
|
|t:|1655402189
|move|p1a: Conkeldurr|Facade|p2a: Sabrina
|-damage|p2a: Sabrina|2/100
|move|p2a: Sabrina|Mystical Fire|p1a: Conkeldurr
|-damage|p1a: Conkeldurr|55/100 brn
|-unboost|p1a: Conkeldurr|spa|1
|
|-weather|SunnyDay|[upkeep]
|-damage|p1a: Conkeldurr|49/100 brn|[from] brn
|upkeep
|turn|3
|
|t:|1655402196
|move|p1a: Conkeldurr|Knock Off|p2a: Sabrina
|-damage|p2a: Sabrina|0 fnt
|faint|p2a: Sabrina
|
|-weather|SunnyDay|[upkeep]
|-damage|p1a: Conkeldurr|43/100 brn|[from] brn
|upkeep
|
|t:|1655402210
|switch|p2a: Natsu|Charizard, M, shiny|100/100
|turn|4
|
|t:|1655402219
|switch|p1a: Vaporeon|Vaporeon, F|100/100
|move|p2a: Natsu|Weather Ball|p1a: Vaporeon
|-resisted|p1a: Vaporeon
|-crit|p1a: Vaporeon
|-damage|p1a: Vaporeon|12/100
|
|-weather|SunnyDay|[upkeep]
|-damage|p2a: Natsu|88/100|[from] ability: Solar Power|[of] p2a: Natsu
|-heal|p1a: Vaporeon|18/100|[from] item: Leftovers
|upkeep
|turn|5
|
|t:|1655402226
|move|p2a: Natsu|Weather Ball|p1a: Vaporeon
|-resisted|p1a: Vaporeon
|-damage|p1a: Vaporeon|0 fnt
|faint|p1a: Vaporeon
|
|-weather|SunnyDay|[upkeep]
|-damage|p2a: Natsu|76/100|[from] ability: Solar Power|[of] p2a: Natsu
|upkeep
|
|t:|1655402229
|switch|p1a: Hydreigon|Hydreigon, F|100/100
|turn|6
|
|t:|1655402241
|move|p2a: Natsu|Weather Ball|p1a: Hydreigon
|-resisted|p1a: Hydreigon
|-damage|p1a: Hydreigon|11/100
|move|p1a: Hydreigon|Dark Pulse|p2a: Natsu
|-damage|p2a: Natsu|19/100
|
|-weather|SunnyDay|[upkeep]
|-damage|p2a: Natsu|6/100|[from] ability: Solar Power|[of] p2a: Natsu
|-heal|p1a: Hydreigon|17/100|[from] item: Leftovers
|upkeep
|turn|7
|
|t:|1655402252
|move|p2a: Natsu|Weather Ball|p1a: Hydreigon
|-resisted|p1a: Hydreigon
|-damage|p1a: Hydreigon|0 fnt
|faint|p1a: Hydreigon
|
|-weather|SunnyDay|[upkeep]
|-damage|p2a: Natsu|0 fnt|[from] ability: Solar Power|[of] p2a: Natsu
|faint|p2a: Natsu
|upkeep
|
|t:|1655402273
|switch|p2a: Slippy|Venusaur, M|100/100
|switch|p1a: Scizor|Scizor, F|100/100
|turn|8
|
|t:|1655402277
|move|p1a: Scizor|Bullet Punch|p2a: Slippy
|-damage|p2a: Slippy|31/100
|move|p2a: Slippy|Weather Ball|p1a: Scizor
|-supereffective|p1a: Scizor
|-damage|p1a: Scizor|0 fnt
|faint|p1a: Scizor
|-damage|p2a: Slippy|21/100|[from] item: Life Orb
|
|-weather|none
|upkeep
|
|t:|1655402299
|switch|p1a: Mamoswine|Mamoswine, F|100/100
|turn|9
|
|t:|1655402328
|switch|p2a: Nautilus|Slowking, M|100/100
|move|p1a: Mamoswine|Knock Off|p2a: Nautilus
|-supereffective|p2a: Nautilus
|-damage|p2a: Nautilus|55/100
|-enditem|p2a: Nautilus|Heavy-Duty Boots|[from] move: Knock Off|[of] p1a: Mamoswine
|
|upkeep
|turn|10
|
|t:|1655402342
|move|p1a: Mamoswine|Earthquake|p2a: Nautilus
|-damage|p2a: Nautilus|16/100
|move|p2a: Nautilus|Slack Off|p2a: Nautilus
|-heal|p2a: Nautilus|66/100
|
|upkeep
|turn|11
|j| GhostlyGastly92
|
|t:|1655402350
|switch|p1a: Bronzong|Bronzong|100/100
|move|p2a: Nautilus|Slack Off|p2a: Nautilus
|-heal|p2a: Nautilus|100/100
|
|upkeep
|turn|12
|
|t:|1655402358
|switch|p2a: Oogway|Torkoal, M|100/100
|-weather|SunnyDay|[from] ability: Drought|[of] p2a: Oogway
|move|p1a: Bronzong|Toxic|p2a: Oogway
|-status|p2a: Oogway|tox
|
|-weather|SunnyDay|[upkeep]
|-damage|p2a: Oogway|94/100 tox|[from] psn
|upkeep
|turn|13
|
|t:|1655402361
|move|p1a: Bronzong|Stealth Rock|p2a: Oogway
|-sidestart|p2: Charmalane|move: Stealth Rock
|move|p2a: Oogway|Lava Plume|p1a: Bronzong
|-supereffective|p1a: Bronzong
|-damage|p1a: Bronzong|38/100
|-status|p1a: Bronzong|brn
|
|-weather|SunnyDay|[upkeep]
|-heal|p1a: Bronzong|45/100 brn|[from] item: Leftovers
|-damage|p2a: Oogway|82/100 tox|[from] psn
|-damage|p1a: Bronzong|38/100 brn|[from] brn
|upkeep
|turn|14
|
|t:|1655402369
|move|p1a: Bronzong|Body Press|p2a: Oogway
|-damage|p2a: Oogway|75/100 tox
|move|p2a: Oogway|Lava Plume|p1a: Bronzong
|-supereffective|p1a: Bronzong
|-damage|p1a: Bronzong|0 fnt
|faint|p1a: Bronzong
|
|-weather|SunnyDay|[upkeep]
|-damage|p2a: Oogway|56/100 tox|[from] psn
|upkeep
|
|t:|1655402377
|switch|p1a: Conkeldurr|Conkeldurr, M|43/100 brn
|turn|15
|
|t:|1655402384
|move|p1a: Conkeldurr|Close Combat|p2a: Oogway
|-damage|p2a: Oogway|0 fnt
|-unboost|p1a: Conkeldurr|def|1
|-unboost|p1a: Conkeldurr|spd|1
|faint|p2a: Oogway
|
|-weather|SunnyDay|[upkeep]
|-damage|p1a: Conkeldurr|37/100 brn|[from] brn
|upkeep
|
|t:|1655402391
|switch|p2a: Bat Hound|Zygarde-10%|100/100
|-damage|p2a: Bat Hound|94/100|[from] Stealth Rock
|-ability|p2a: Bat Hound|Aura Break
|turn|16
|
|t:|1655402400
|switch|p1a: Mamoswine|Mamoswine, F|100/100
|move|p2a: Bat Hound|Extreme Speed|p1a: Mamoswine
|-damage|p1a: Mamoswine|60/100
|
|-weather|SunnyDay|[upkeep]
|-heal|p1a: Mamoswine|66/100|[from] item: Leftovers
|upkeep
|turn|17
|
|t:|1655402412
|switch|p2a: Nautilus|Slowking, M|100/100
|-damage|p2a: Nautilus|88/100|[from] Stealth Rock
|switch|p1a: Conkeldurr|Conkeldurr, M|37/100 brn
|
|-weather|SunnyDay|[upkeep]
|-damage|p1a: Conkeldurr|31/100 brn|[from] brn
|upkeep
|turn|18
|
|t:|1655402429
|switch|p2a: Slippy|Venusaur, M|21/100
|-damage|p2a: Slippy|8/100|[from] Stealth Rock
|move|p1a: Conkeldurr|Facade|p2a: Slippy
|-damage|p2a: Slippy|0 fnt
|faint|p2a: Slippy
|
|-weather|SunnyDay|[upkeep]
|-damage|p1a: Conkeldurr|25/100 brn|[from] brn
|upkeep
|
|t:|1655402432
|switch|p2a: Bat Hound|Zygarde-10%|94/100
|-damage|p2a: Bat Hound|88/100|[from] Stealth Rock
|-ability|p2a: Bat Hound|Aura Break
|turn|19
|
|t:|1655402438
|move|p2a: Bat Hound|Extreme Speed|p1a: Conkeldurr
|-damage|p1a: Conkeldurr|0 fnt
|faint|p1a: Conkeldurr
|
|-weather|none
|upkeep
|
|t:|1655402442
|switch|p1a: Mamoswine|Mamoswine, F|66/100
|turn|20
|-message|DQ Low Tier Legend forfeited.
|
|win|Charmalane
|raw|DQ Low Tier Legend's rating: 1433 &rarr; <strong>1415</strong><br />(-18 for losing)
|raw|Charmalane's rating: 1475 &rarr; <strong>1493</strong><br />(+18 for winning)
|l|☆DQ Low Tier Legend
