|j|☆jayeffun
|j|☆HaxxLR
|t:|1649349528
|gametype|singles
|player|p1|jayeffun|linebacker|
|player|p2|HaxxLR|grimsley|
|teamsize|p1|6
|teamsize|p2|6
|gen|8
|tier|[Gen 8] UU
|rated|Tournament battle
|rule|Sleep Clause Mod: Limit one foe put to sleep
|rule|Species Clause: Limit one of each Pokémon
|rule|OHKO Clause: OHKO moves are banned
|rule|Evasion Moves Clause: Evasion moves are banned
|rule|Endless Battle Clause: Forcing endless battles is banned
|rule|HP Percentage Mod: HP is shown in percentages
|rule|Dynamax Clause: You cannot dynamax
|clearpoke
|poke|p1|Celesteela|
|poke|p1|Nihilego|
|poke|p1|Krookodile, M|
|poke|p1|Moltres|
|poke|p1|Mamoswine, M|
|poke|p1|Slowking, M|
|poke|p2|Ribombee, M|
|poke|p2|Thundurus-Therian, M|
|poke|p2|Aegislash, F|
|poke|p2|Celesteela|
|poke|p2|Azelf|
|poke|p2|Lucario, M|
|teampreview
|
|t:|1649349560
|start
|switch|p1a: Celesteela|Celesteela|100/100
|switch|p2a: Ribombee|Ribombee, M|100/100
|turn|1
|
|t:|1649349574
|move|p2a: Ribombee|Sticky Web|p1a: Celesteela
|-sidestart|p1: jayeffun|move: Sticky Web
|move|p1a: Celesteela|Heavy Slam|p2a: Ribombee
|-supereffective|p2a: Ribombee
|-enditem|p2a: Ribombee|Focus Sash
|-damage|p2a: Ribombee|1/100
|
|upkeep
|turn|2
|
|t:|1649349580
|move|p2a: Ribombee|Stun Spore|p1a: Celesteela
|-status|p1a: Celesteela|par
|move|p1a: Celesteela|Heavy Slam|p2a: Ribombee
|-supereffective|p2a: Ribombee
|-damage|p2a: Ribombee|0 fnt
|faint|p2a: Ribombee
|-ability|p1a: Celesteela|Beast Boost|boost
|-boost|p1a: Celesteela|atk|1
|
|upkeep
|
|t:|1649349588
|switch|p2a: Thundurus|Thundurus-Therian, M|100/100
|turn|3
|
|t:|1649349591
|move|p2a: Thundurus|Nasty Plot|p2a: Thundurus
|-boost|p2a: Thundurus|spa|2
|move|p1a: Celesteela|Stone Edge|p2a: Thundurus
|-supereffective|p2a: Thundurus
|-damage|p2a: Thundurus|0 fnt
|faint|p2a: Thundurus
|-ability|p1a: Celesteela|Beast Boost|boost
|-boost|p1a: Celesteela|atk|1
|
|upkeep
|
|t:|1649349609
|switch|p2a: Lucario|Lucario, M|100/100
|turn|4
|
|t:|1649349613
|move|p2a: Lucario|Swords Dance|p2a: Lucario
|-boost|p2a: Lucario|atk|2
|move|p1a: Celesteela|Earthquake|p2a: Lucario
|-supereffective|p2a: Lucario
|-damage|p2a: Lucario|0 fnt
|faint|p2a: Lucario
|-ability|p1a: Celesteela|Beast Boost|boost
|-boost|p1a: Celesteela|atk|1
|
|upkeep
|
|t:|1649349622
|switch|p2a: Celesteela|Celesteela|100/100
|turn|5
|
|t:|1649349628
|move|p2a: Celesteela|Autotomize|p2a: Celesteela
|-boost|p2a: Celesteela|spe|2
|-start|p2a: Celesteela|Autotomize
|move|p1a: Celesteela|Leech Seed|p2a: Celesteela
|-start|p2a: Celesteela|move: Leech Seed
|
|-damage|p2a: Celesteela|88/100|[from] Leech Seed|[of] p1a: Celesteela
|upkeep
|turn|6
|j| WorldPeaceMadam
|l| WorldPeaceMadam
|
|t:|1649349655
|move|p2a: Celesteela|Meteor Beam||[still]
|-prepare|p2a: Celesteela|Meteor Beam
|-boost|p2a: Celesteela|spa|1
|-enditem|p2a: Celesteela|Power Herb
|-anim|p2a: Celesteela|Meteor Beam|p1a: Celesteela
|-damage|p1a: Celesteela|51/100 par
|move|p1a: Celesteela|Stone Edge|p2a: Celesteela
|-crit|p2a: Celesteela
|-damage|p2a: Celesteela|0 fnt
|faint|p2a: Celesteela
|-ability|p1a: Celesteela|Beast Boost|boost
|-boost|p1a: Celesteela|atk|1
|
|-heal|p1a: Celesteela|57/100 par|[from] item: Leftovers
|upkeep
|
|t:|1649349658
|switch|p2a: Aegislash|Aegislash, F|100/100
|-item|p2a: Aegislash|Air Balloon
|turn|7
|
|t:|1649349670
|move|p2a: Aegislash|Swords Dance|p2a: Aegislash
|-boost|p2a: Aegislash|atk|2
|move|p1a: Celesteela|Heavy Slam|p2a: Aegislash
|-resisted|p2a: Aegislash
|-damage|p2a: Aegislash|33/100
|-enditem|p2a: Aegislash|Air Balloon
|
|-heal|p1a: Celesteela|63/100 par|[from] item: Leftovers
|upkeep
|turn|8
|
|t:|1649349695
|-formechange|p2a: Aegislash|Aegislash-Blade||[from] ability: Stance Change
|move|p2a: Aegislash|Shadow Claw|p1a: Celesteela
|-damage|p1a: Celesteela|4/100 par
|move|p1a: Celesteela|Heavy Slam|p2a: Aegislash
|-resisted|p2a: Aegislash
|-damage|p2a: Aegislash|0 fnt
|faint|p2a: Aegislash
|-ability|p1a: Celesteela|Beast Boost|boost
|-boost|p1a: Celesteela|atk|1
|
|-heal|p1a: Celesteela|10/100 par|[from] item: Leftovers
|upkeep
|
|t:|1649349698
|switch|p2a: Azelf|Azelf|100/100
|turn|9
|
|t:|1649349713
|move|p2a: Azelf|Fire Blast|p1a: Celesteela
|-supereffective|p1a: Celesteela
|-damage|p1a: Celesteela|0 fnt
|faint|p1a: Celesteela
|-damage|p2a: Azelf|91/100|[from] item: Life Orb
|
|upkeep
|
|t:|1649349722
|switch|p1a: Moltres|Moltres|100/100
|turn|10
|
|t:|1649349739
|move|p2a: Azelf|Nasty Plot|p2a: Azelf
|-boost|p2a: Azelf|spa|2
|move|p1a: Moltres|Defog|p2a: Azelf
|-unboost|p2a: Azelf|evasion|1
|-sideend|p1: jayeffun|Sticky Web|[from] move: Defog|[of] p1a: Moltres
|
|upkeep
|turn|11
|
|t:|1649349745
|move|p2a: Azelf|Psyshock|p1a: Moltres
|-damage|p1a: Moltres|32/100
|-damage|p2a: Azelf|81/100|[from] item: Life Orb
|move|p1a: Moltres|Mystical Fire|p2a: Azelf
|-damage|p2a: Azelf|28/100
|-unboost|p2a: Azelf|spa|1
|
|upkeep
|turn|12
|
|t:|1649349753
|move|p2a: Azelf|Psyshock|p1a: Moltres
|-damage|p1a: Moltres|0 fnt
|faint|p1a: Moltres
|-damage|p2a: Azelf|18/100|[from] item: Life Orb
|
|upkeep
|
|t:|1649349759
|switch|p1a: Nihilego|Nihilego|100/100
|turn|13
|
|t:|1649349788
|move|p1a: Nihilego|Sludge Wave|p2a: Azelf
|-damage|p2a: Azelf|0 fnt
|faint|p2a: Azelf
|
|win|jayeffun
|n|☆jayeffun|jayeffun
|n|☆HaxxLR|haxxlr
