|j|☆uult1 anish
|j|☆Elon Mosk
|player|p1|uult1 anish|ash|1574
|player|p2|Elon Mosk|thorton|1662
|teamsize|p1|6
|teamsize|p2|6
|gametype|singles
|gen|8
|tier|[Gen 8] UU
|rated|
|clearpoke
|poke|p1|Roserade, M|
|poke|p1|Milotic, F|
|poke|p1|Incineroar, F|
|poke|p1|Stunfisk-Galar, M|
|poke|p1|Noivern, M|
|poke|p1|Sylveon, M|
|poke|p2|Incineroar, M|
|poke|p2|Golisopod, F|
|poke|p2|Celebi|
|poke|p2|Sylveon, F|
|poke|p2|Cobalion|
|poke|p2|Haxorus, M|
|rule|Sleep Clause Mod: Limit one foe put to sleep
|rule|Species Clause: Limit one of each Pokémon
|rule|OHKO Clause: OHKO moves are banned
|rule|Evasion Moves Clause: Evasion moves are banned
|rule|Endless Battle Clause: Forcing endless battles is banned
|rule|HP Percentage Mod: HP is shown in percentages
|rule|Dynamax Clause: You cannot dynamax
|teampreview
|c|☆Elon Mosk|oh no
|inactive|Battle timer is ON: inactive players will automatically lose when time's up. (requested by Elon Mosk)
|c|☆uult1 anish|oh
|c|☆uult1 anish|hf
|c|☆Elon Mosk|u4
|inactive|uult1 anish has 120 seconds left.
|
|start
|switch|p1a: snekky snek|Milotic, F|100/100
|switch|p2a: Sylveon|Sylveon, F|100/100
|turn|1
|
|switch|p2a: Celebi|Celebi|100/100
|move|p1a: snekky snek|Toxic|p2a: Celebi
|-status|p2a: Celebi|tox
|
|-damage|p2a: Celebi|94/100 tox|[from] psn
|upkeep
|turn|2
|
|move|p2a: Celebi|U-turn|p1a: snekky snek
|-damage|p1a: snekky snek|89/100
|
|switch|p2a: Cobalion|Cobalion|100/100|[from]move: U-turn
|move|p1a: snekky snek|Recover|p1a: snekky snek
|-heal|p1a: snekky snek|100/100
|
|upkeep
|turn|3
|
|move|p2a: Cobalion|Stealth Rock|p1a: snekky snek
|-sidestart|p1: uult1 anish|move: Stealth Rock
|move|p1a: snekky snek|Scald|p2a: Cobalion
|-damage|p2a: Cobalion|61/100
|
|upkeep
|turn|4
|j| airports
|
|switch|p2a: Celebi|Celebi|94/100
|move|p1a: snekky snek|Ice Beam|p2a: Celebi
|-supereffective|p2a: Celebi
|-damage|p2a: Celebi|56/100
|
|upkeep
|turn|5
|
|switch|p1a: stuntfisk|Stunfisk-Galar, M|100/100
|-damage|p1a: stuntfisk|97/100|[from] Stealth Rock
|move|p2a: Celebi|U-turn|p1a: stuntfisk
|-resisted|p1a: stuntfisk
|-damage|p1a: stuntfisk|91/100
|
|switch|p2a: Haxorus|Haxorus, M|100/100|[from]move: U-turn
|-ability|p2a: Haxorus|Mold Breaker
|
|-heal|p1a: stuntfisk|97/100|[from] item: Leftovers
|upkeep
|turn|6
|
|switch|p1a: singy thingy|Sylveon, M|100/100
|-damage|p1a: singy thingy|88/100|[from] Stealth Rock
|move|p2a: Haxorus|Earthquake|p1a: singy thingy
|-damage|p1a: singy thingy|46/100
|-damage|p2a: Haxorus|91/100|[from] item: Life Orb
|
|-heal|p1a: singy thingy|52/100|[from] item: Leftovers
|upkeep
|turn|7
|
|switch|p2a: Cobalion|Cobalion|61/100
|move|p1a: singy thingy|Wish|p1a: singy thingy
|
|-heal|p1a: singy thingy|59/100|[from] item: Leftovers
|upkeep
|turn|8
|
|move|p1a: singy thingy|Protect|p1a: singy thingy
|-singleturn|p1a: singy thingy|Protect
|move|p2a: Cobalion|Iron Head|p1a: singy thingy
|-activate|p1a: singy thingy|move: Protect
|
|-heal|p1a: singy thingy|100/100|[from] move: Wish|[wisher] singy thingy
|upkeep
|turn|9
|
|switch|p1a: batzy watzy|Noivern, M|100/100
|-item|p2a: Cobalion|Shuca Berry|[from] ability: Frisk|[of] p1a: batzy watzy|[identify]
|move|p2a: Cobalion|Iron Head|p1a: batzy watzy
|-damage|p1a: batzy watzy|57/100
|
|upkeep
|turn|10
|
|switch|p2a: Sylveon|Sylveon, F|100/100
|move|p1a: batzy watzy|Defog|p2a: Sylveon
|-unboost|p2a: Sylveon|evasion|1
|-sideend|p1: uult1 anish|Stealth Rock|[from] move: Defog|[of] p1a: batzy watzy
|
|upkeep
|turn|11
|
|switch|p1a: stuntfisk|Stunfisk-Galar, M|97/100
|move|p2a: Sylveon|Mystical Fire|p1a: stuntfisk
|-supereffective|p1a: stuntfisk
|-damage|p1a: stuntfisk|46/100
|-unboost|p1a: stuntfisk|spa|1
|
|-heal|p1a: stuntfisk|52/100|[from] item: Leftovers
|upkeep
|turn|12
|c|☆uult1 anish|oh
|c|☆uult1 anish|u changed it
|c|☆Elon Mosk|ya
|c|☆Elon Mosk|escav
|
|switch|p2a: Cobalion|Cobalion|61/100
|switch|p1a: scratchy matchy|Incineroar, F|100/100
|-ability|p1a: scratchy matchy|Intimidate|boost
|-unboost|p2a: Cobalion|atk|1
|
|upkeep
|turn|13
|
|move|p2a: Cobalion|Close Combat|p1a: scratchy matchy
|-supereffective|p1a: scratchy matchy
|-damage|p1a: scratchy matchy|40/100
|-unboost|p2a: Cobalion|def|1
|-unboost|p2a: Cobalion|spd|1
|move|p1a: scratchy matchy|Flare Blitz|p2a: Cobalion
|-supereffective|p2a: Cobalion
|-damage|p2a: Cobalion|0 fnt
|-damage|p1a: scratchy matchy|23/100|[from] Recoil
|faint|p2a: Cobalion
|
|upkeep
|inactive|Elon Mosk has 120 seconds left.
|
|switch|p2a: Sylveon|Sylveon, F|100/100
|turn|14
|
|move|p2a: Sylveon|Hyper Voice|p1a: scratchy matchy
|-damage|p1a: scratchy matchy|0 fnt
|faint|p1a: scratchy matchy
|
|upkeep
|
|switch|p1a: stuntfisk|Stunfisk-Galar, M|52/100
|turn|15
|j| passion!~!~!~!~!
|
|switch|p2a: Haxorus|Haxorus, M|91/100
|-ability|p2a: Haxorus|Mold Breaker
|move|p1a: stuntfisk|Stealth Rock|p2a: Haxorus
|-sidestart|p2: Elon Mosk|move: Stealth Rock
|
|-heal|p1a: stuntfisk|59/100|[from] item: Leftovers
|upkeep
|turn|16
|
|switch|p2a: Incineroar|Incineroar, M|100/100
|-ability|p2a: Incineroar|Intimidate|boost
|-unboost|p1a: stuntfisk|atk|1
|switch|p1a: singy thingy|Sylveon, M|100/100
|
|upkeep
|turn|17
|
|switch|p1a: snekky snek|Milotic, F|100/100
|move|p2a: Incineroar|Toxic|p1a: snekky snek
|-status|p1a: snekky snek|tox
|
|-damage|p1a: snekky snek|94/100 tox|[from] psn
|upkeep
|turn|18
|
|move|p1a: snekky snek|Scald|p2a: Incineroar
|-supereffective|p2a: Incineroar
|-damage|p2a: Incineroar|65/100
|move|p2a: Incineroar|Knock Off|p1a: snekky snek
|-damage|p1a: snekky snek|75/100 tox
|-enditem|p1a: snekky snek|Leftovers|[from] move: Knock Off|[of] p2a: Incineroar
|
|-damage|p1a: snekky snek|63/100 tox|[from] psn
|upkeep
|turn|19
|
|move|p1a: snekky snek|Recover|p1a: snekky snek
|-heal|p1a: snekky snek|100/100 tox
|move|p2a: Incineroar|Parting Shot|p1a: snekky snek
|-unboost|p1a: snekky snek|atk|1
|-unboost|p1a: snekky snek|spa|1
|
|switch|p2a: Sylveon|Sylveon, F|100/100|[from]move: Parting Shot
|-damage|p2a: Sylveon|88/100|[from] Stealth Rock
|
|-damage|p1a: snekky snek|82/100 tox|[from] psn
|upkeep
|turn|20
|
|switch|p1a: stuntfisk|Stunfisk-Galar, M|59/100
|move|p2a: Sylveon|Hyper Voice|p1a: stuntfisk
|-resisted|p1a: stuntfisk
|-damage|p1a: stuntfisk|33/100
|
|-heal|p1a: stuntfisk|40/100|[from] item: Leftovers
|upkeep
|turn|21
|
|move|p2a: Sylveon|Hyper Voice|p1a: stuntfisk
|-resisted|p1a: stuntfisk
|-damage|p1a: stuntfisk|12/100
|move|p1a: stuntfisk|Yawn|p2a: Sylveon
|-start|p2a: Sylveon|move: Yawn|[of] p1a: stuntfisk
|
|-heal|p1a: stuntfisk|18/100|[from] item: Leftovers
|upkeep
|turn|22
|
|switch|p2a: Celebi|Celebi|56/100
|-damage|p2a: Celebi|44/100|[from] Stealth Rock
|move|p1a: stuntfisk|Yawn|p2a: Celebi
|-start|p2a: Celebi|move: Yawn|[of] p1a: stuntfisk
|
|-heal|p1a: stuntfisk|24/100|[from] item: Leftovers
|upkeep
|turn|23
|
|move|p1a: stuntfisk|Protect|p1a: stuntfisk
|-singleturn|p1a: stuntfisk|Protect
|move|p2a: Celebi|Leaf Storm|p1a: stuntfisk
|-activate|p1a: stuntfisk|move: Protect
|
|-heal|p1a: stuntfisk|31/100|[from] item: Leftovers
|-end|p2a: Celebi|move: Yawn|[silent]
|-status|p2a: Celebi|slp
|upkeep
|turn|24
|
|-curestatus|p2a: Celebi|slp|[from] ability: Natural Cure
|switch|p2a: Golisopod|Golisopod, F|100/100
|move|p1a: stuntfisk|Yawn|p2a: Golisopod
|-start|p2a: Golisopod|move: Yawn|[of] p1a: stuntfisk
|
|-heal|p1a: stuntfisk|37/100|[from] item: Leftovers
|upkeep
|turn|25
|
|switch|p2a: Haxorus|Haxorus, M|91/100
|-damage|p2a: Haxorus|78/100|[from] Stealth Rock
|-ability|p2a: Haxorus|Mold Breaker
|switch|p1a: batzy watzy|Noivern, M|57/100
|-item|p2a: Haxorus|Life Orb|[from] ability: Frisk|[of] p1a: batzy watzy|[identify]
|
|upkeep
|turn|26
|
|switch|p1a: singy thingy|Sylveon, M|100/100
|switch|p2a: Sylveon|Sylveon, F|88/100
|-damage|p2a: Sylveon|76/100|[from] Stealth Rock
|
|upkeep
|turn|27
|
|switch|p2a: Incineroar|Incineroar, M|65/100
|-ability|p2a: Incineroar|Intimidate|boost
|-unboost|p1a: singy thingy|atk|1
|move|p1a: singy thingy|Protect||[still]
|-fail|p1a: singy thingy
|
|upkeep
|turn|28
|
|switch|p1a: snekky snek|Milotic, F|82/100 tox
|move|p2a: Incineroar|Knock Off|p1a: snekky snek
|-damage|p1a: snekky snek|68/100 tox
|
|-damage|p1a: snekky snek|61/100 tox|[from] psn
|upkeep
|turn|29
|
|move|p1a: snekky snek|Toxic|p2a: Incineroar
|-status|p2a: Incineroar|tox
|move|p2a: Incineroar|Parting Shot|p1a: snekky snek
|-unboost|p1a: snekky snek|atk|1
|-unboost|p1a: snekky snek|spa|1
|
|switch|p2a: Sylveon|Sylveon, F|76/100|[from]move: Parting Shot
|-damage|p2a: Sylveon|64/100|[from] Stealth Rock
|
|-damage|p1a: snekky snek|49/100 tox|[from] psn
|upkeep
|turn|30
|
|switch|p1a: flower power|Roserade, M|100/100
|move|p2a: Sylveon|Hyper Voice|p1a: flower power
|-resisted|p1a: flower power
|-damage|p1a: flower power|50/100
|
|-heal|p1a: flower power|56/100|[from] item: Black Sludge
|upkeep
|turn|31
|
|switch|p2a: Golisopod|Golisopod, F|100/100
|move|p1a: flower power|Synthesis|p1a: flower power
|-heal|p1a: flower power|100/100
|
|upkeep
|turn|32
|
|switch|p2a: Incineroar|Incineroar, M|65/100 tox
|-ability|p2a: Incineroar|Intimidate|boost
|-unboost|p1a: flower power|atk|1
|move|p1a: flower power|Leaf Storm|p2a: Incineroar
|-resisted|p2a: Incineroar
|-damage|p2a: Incineroar|44/100 tox
|-unboost|p1a: flower power|spa|2
|
|-damage|p2a: Incineroar|37/100 tox|[from] psn
|upkeep
|turn|33
|j| UULT1 Adrift
|
|switch|p1a: batzy watzy|Noivern, M|57/100
|-item|p2a: Incineroar|Heavy-Duty Boots|[from] ability: Frisk|[of] p1a: batzy watzy|[identify]
|move|p2a: Incineroar|Parting Shot|p1a: batzy watzy
|-unboost|p1a: batzy watzy|atk|1
|-unboost|p1a: batzy watzy|spa|1
|
|switch|p2a: Sylveon|Sylveon, F|64/100|[from]move: Parting Shot
|-damage|p2a: Sylveon|51/100|[from] Stealth Rock
|
|upkeep
|turn|34
|
|switch|p1a: flower power|Roserade, M|100/100
|move|p2a: Sylveon|Psyshock|p1a: flower power
|-supereffective|p1a: flower power
|-damage|p1a: flower power|0 fnt
|faint|p1a: flower power
|
|upkeep
|l| airports
|
|switch|p1a: singy thingy|Sylveon, M|100/100
|turn|35
|j| kelly㋛kafka
|
|switch|p2a: Golisopod|Golisopod, F|100/100
|move|p1a: singy thingy|Hyper Voice|p2a: Golisopod
|-damage|p2a: Golisopod|54/100
|
|upkeep
|turn|36
|
|move|p2a: Golisopod|First Impression|p1a: singy thingy
|-resisted|p1a: singy thingy
|-damage|p1a: singy thingy|79/100
|move|p1a: singy thingy|Hyper Voice|p2a: Golisopod
|-damage|p2a: Golisopod|10/100
|-activate|p2a: Golisopod|ability: Emergency Exit
|
|switch|p2a: Incineroar|Incineroar, M|37/100 tox
|-ability|p2a: Incineroar|Intimidate|boost
|-unboost|p1a: singy thingy|atk|1
|
|-heal|p1a: singy thingy|85/100|[from] item: Leftovers
|-damage|p2a: Incineroar|31/100 tox|[from] psn
|upkeep
|turn|37
|
|move|p1a: singy thingy|Protect|p1a: singy thingy
|-singleturn|p1a: singy thingy|Protect
|move|p2a: Incineroar|Knock Off|p1a: singy thingy
|-activate|p1a: singy thingy|move: Protect
|
|-heal|p1a: singy thingy|91/100|[from] item: Leftovers
|-damage|p2a: Incineroar|19/100 tox|[from] psn
|upkeep
|turn|38
|
|switch|p1a: snekky snek|Milotic, F|49/100 tox
|move|p2a: Incineroar|Parting Shot|p1a: snekky snek
|-unboost|p1a: snekky snek|atk|1
|-unboost|p1a: snekky snek|spa|1
|
|switch|p2a: Sylveon|Sylveon, F|51/100|[from]move: Parting Shot
|-damage|p2a: Sylveon|39/100|[from] Stealth Rock
|
|-damage|p1a: snekky snek|43/100 tox|[from] psn
|upkeep
|turn|39
|
|move|p2a: Sylveon|Hyper Voice|p1a: snekky snek
|-damage|p1a: snekky snek|0 fnt
|faint|p1a: snekky snek
|
|upkeep
|
|switch|p1a: singy thingy|Sylveon, M|91/100
|turn|40
|
|switch|p2a: Golisopod|Golisopod, F|10/100
|move|p1a: singy thingy|Wish|p1a: singy thingy
|
|-heal|p1a: singy thingy|97/100|[from] item: Leftovers
|upkeep
|turn|41
|
|move|p1a: singy thingy|Hyper Voice|p2a: Golisopod
|-damage|p2a: Golisopod|0 fnt
|faint|p2a: Golisopod
|
|-heal|p1a: singy thingy|100/100|[from] move: Wish|[wisher] singy thingy
|upkeep
|
|switch|p2a: Celebi|Celebi|44/100
|-damage|p2a: Celebi|32/100|[from] Stealth Rock
|turn|42
|
|switch|p1a: stuntfisk|Stunfisk-Galar, M|37/100
|move|p2a: Celebi|Healing Wish|p2a: Celebi
|faint|p2a: Celebi
|
|-heal|p1a: stuntfisk|43/100|[from] item: Leftovers
|upkeep
|
|switch|p2a: Incineroar|Incineroar, M|19/100 tox
|-heal|p2a: Incineroar|100/100|[from] move: Healing Wish
|-ability|p2a: Incineroar|Intimidate|boost
|-unboost|p1a: stuntfisk|atk|1
|turn|43
|c|☆uult1 anish|oh
|
|switch|p1a: batzy watzy|Noivern, M|57/100
|-item|p2a: Incineroar|Heavy-Duty Boots|[from] ability: Frisk|[of] p1a: batzy watzy|[identify]
|move|p2a: Incineroar|Flare Blitz|p1a: batzy watzy
|-resisted|p1a: batzy watzy
|-damage|p1a: batzy watzy|24/100
|-damage|p2a: Incineroar|92/100|[from] Recoil
|
|upkeep
|turn|44
|
|move|p1a: batzy watzy|Roost|p1a: batzy watzy
|-heal|p1a: batzy watzy|74/100
|-singleturn|p1a: batzy watzy|move: Roost
|move|p2a: Incineroar|Knock Off|p1a: batzy watzy
|-damage|p1a: batzy watzy|24/100
|-enditem|p1a: batzy watzy|Heavy-Duty Boots|[from] move: Knock Off|[of] p2a: Incineroar
|
|upkeep
|turn|45
|
|move|p1a: batzy watzy|Roost|p1a: batzy watzy
|-heal|p1a: batzy watzy|74/100
|-singleturn|p1a: batzy watzy|move: Roost
|move|p2a: Incineroar|Parting Shot|p1a: batzy watzy
|-unboost|p1a: batzy watzy|atk|1
|-unboost|p1a: batzy watzy|spa|1
|
|switch|p2a: Sylveon|Sylveon, F|39/100|[from]move: Parting Shot
|-damage|p2a: Sylveon|27/100|[from] Stealth Rock
|
|upkeep
|turn|46
|
|switch|p1a: stuntfisk|Stunfisk-Galar, M|43/100
|move|p2a: Sylveon|Hyper Voice|p1a: stuntfisk
|-resisted|p1a: stuntfisk
|-damage|p1a: stuntfisk|17/100
|
|-heal|p1a: stuntfisk|23/100|[from] item: Leftovers
|upkeep
|turn|47
|
|switch|p2a: Haxorus|Haxorus, M|78/100
|-damage|p2a: Haxorus|66/100|[from] Stealth Rock
|-ability|p2a: Haxorus|Mold Breaker
|move|p1a: stuntfisk|Earthquake|p2a: Haxorus
|-damage|p2a: Haxorus|28/100
|
|-heal|p1a: stuntfisk|29/100|[from] item: Leftovers
|upkeep
|turn|48
|
|switch|p1a: singy thingy|Sylveon, M|100/100
|move|p2a: Haxorus|Earthquake|p1a: singy thingy
|-damage|p1a: singy thingy|57/100
|-damage|p2a: Haxorus|18/100|[from] item: Life Orb
|
|-heal|p1a: singy thingy|63/100|[from] item: Leftovers
|upkeep
|turn|49
|
|move|p2a: Haxorus|Dragon Dance|p2a: Haxorus
|-boost|p2a: Haxorus|atk|1
|-boost|p2a: Haxorus|spe|1
|move|p1a: singy thingy|Wish|p1a: singy thingy
|
|-heal|p1a: singy thingy|69/100|[from] item: Leftovers
|upkeep
|turn|50
|
|move|p2a: Haxorus|Earthquake|p1a: singy thingy
|-crit|p1a: singy thingy
|-damage|p1a: singy thingy|0 fnt
|-damage|p2a: Haxorus|8/100|[from] item: Life Orb
|faint|p1a: singy thingy
|
|upkeep
|c|☆Elon Mosk|sorry
|c|☆uult1 anish|damn
|c|☆uult1 anish|gg
|c|☆Elon Mosk|gg
|
|switch|p1a: stuntfisk|Stunfisk-Galar, M|29/100
|turn|51
|
|move|p2a: Haxorus|Earthquake|p1a: stuntfisk
|-supereffective|p1a: stuntfisk
|-damage|p1a: stuntfisk|0 fnt
|-damage|p2a: Haxorus|0 fnt|[from] item: Life Orb
|faint|p1a: stuntfisk
|faint|p2a: Haxorus
|
|upkeep
|
|switch|p2a: Incineroar|Incineroar, M|92/100
|switch|p1a: batzy watzy|Noivern, M|74/100
|-item|p2a: Incineroar|Heavy-Duty Boots|[from] ability: Frisk|[of] p1a: batzy watzy|[identify]
|-ability|p2a: Incineroar|Intimidate|boost
|-unboost|p1a: batzy watzy|atk|1
|turn|52
|
|move|p1a: batzy watzy|Draco Meteor|p2a: Incineroar
|-damage|p2a: Incineroar|50/100
|-unboost|p1a: batzy watzy|spa|2
|move|p2a: Incineroar|Toxic|p1a: batzy watzy
|-status|p1a: batzy watzy|tox
|
|-damage|p1a: batzy watzy|68/100 tox|[from] psn
|upkeep
|turn|53
|
|move|p1a: batzy watzy|Draco Meteor|p2a: Incineroar
|-damage|p2a: Incineroar|32/100
|-unboost|p1a: batzy watzy|spa|2
|move|p2a: Incineroar|Parting Shot|p1a: batzy watzy
|-unboost|p1a: batzy watzy|atk|1
|-unboost|p1a: batzy watzy|spa|1
|
|switch|p2a: Sylveon|Sylveon, F|27/100|[from]move: Parting Shot
|-damage|p2a: Sylveon|14/100|[from] Stealth Rock
|
|-damage|p1a: batzy watzy|55/100 tox|[from] psn
|upkeep
|turn|54
|
|move|p1a: batzy watzy|Flamethrower|p2a: Sylveon
|-damage|p2a: Sylveon|8/100
|move|p2a: Sylveon|Hyper Voice|p1a: batzy watzy
|-supereffective|p1a: batzy watzy
|-damage|p1a: batzy watzy|0 fnt
|faint|p1a: batzy watzy
|
|win|Elon Mosk
|j| Mosso01
|l|☆uult1 anish
