|j|☆DDD951
|j|☆geoJulian04
|t:|1665350134
|gametype|singles
|player|p1|DDD951|1|1530
|player|p2|geoJulian04|steven|1437
|teamsize|p1|6
|teamsize|p2|6
|gen|8
|tier|[Gen 8] UU
|rated|
|rule|Sleep Clause Mod: Limit one foe put to sleep
|rule|Species Clause: Limit one of each Pokémon
|rule|OHKO Clause: OHKO moves are banned
|rule|Evasion Items Clause: Evasion items are banned
|rule|Evasion Moves Clause: Evasion moves are banned
|rule|Endless Battle Clause: Forcing endless battles is banned
|rule|HP Percentage Mod: HP is shown in percentages
|rule|Dynamax Clause: You cannot dynamax
|clearpoke
|poke|p1|Scizor, M|
|poke|p1|Gyarados, F|
|poke|p1|Regieleki|
|poke|p1|Hydreigon, F|
|poke|p1|Tangrowth, M|
|poke|p1|Mamoswine, M|
|poke|p2|Krookodile, M|
|poke|p2|Chandelure, F|
|poke|p2|Slowking, M|
|poke|p2|Cobalion|
|poke|p2|Salamence, M|
|poke|p2|Toxtricity, F|
|teampreview
|
|t:|1665350144
|start
|switch|p1a: Hydreigon|Hydreigon, F|100/100
|switch|p2a: Gangster|Krookodile, M|100/100
|turn|1
|
|t:|1665350151
|switch|p2a: Fauler König|Slowking, M, shiny|100/100
|move|p1a: Hydreigon|U-turn|p2a: Fauler König
|-supereffective|p2a: Fauler König
|-damage|p2a: Fauler König|72/100
|
|t:|1665350159
|switch|p1a: Mamoswine|Mamoswine, M|100/100|[from]move: U-turn
|
|upkeep
|turn|2
|
|t:|1665350170
|switch|p2a: Arthur|Cobalion|100/100
|move|p1a: Mamoswine|Stealth Rock|p2a: Arthur
|-sidestart|p2: geoJulian04|move: Stealth Rock
|
|upkeep
|turn|3
|
|t:|1665350177
|switch|p1a: Gyarados|Gyarados, F|100/100
|-ability|p1a: Gyarados|Intimidate|boost
|-unboost|p2a: Arthur|atk|1
|move|p2a: Arthur|Close Combat|p1a: Gyarados
|-resisted|p1a: Gyarados
|-damage|p1a: Gyarados|88/100
|-unboost|p2a: Arthur|def|1
|-unboost|p2a: Arthur|spd|1
|
|-heal|p1a: Gyarados|94/100|[from] item: Leftovers
|upkeep
|turn|4
|
|t:|1665350187
|switch|p1a: Mamoswine|Mamoswine, M|100/100
|move|p2a: Arthur|Volt Switch|p1a: Mamoswine
|-immune|p1a: Mamoswine
|
|upkeep
|turn|5
|
|t:|1665350193
|move|p2a: Arthur|Close Combat|p1a: Mamoswine
|-supereffective|p1a: Mamoswine
|-damage|p1a: Mamoswine|45/100
|-unboost|p2a: Arthur|def|1
|-unboost|p2a: Arthur|spd|1
|move|p1a: Mamoswine|Earthquake|p2a: Arthur
|-supereffective|p2a: Arthur
|-damage|p2a: Arthur|0 fnt
|faint|p2a: Arthur
|-damage|p1a: Mamoswine|35/100|[from] item: Life Orb
|
|upkeep
|
|t:|1665350199
|switch|p2a: Gangster|Krookodile, M|100/100
|-damage|p2a: Gangster|94/100|[from] Stealth Rock
|turn|6
|
|t:|1665350207
|move|p1a: Mamoswine|Ice Shard|p2a: Gangster
|-supereffective|p2a: Gangster
|-damage|p2a: Gangster|15/100
|-damage|p1a: Mamoswine|25/100|[from] item: Life Orb
|move|p2a: Gangster|Knock Off|p1a: Mamoswine
|-crit|p1a: Mamoswine
|-damage|p1a: Mamoswine|0 fnt
|-enditem|p1a: Mamoswine|Life Orb|[from] move: Knock Off|[of] p2a: Gangster
|faint|p1a: Mamoswine
|-ability|p2a: Gangster|Moxie|boost
|-boost|p2a: Gangster|atk|1
|
|upkeep
|
|t:|1665350218
|switch|p1a: Scizor|Scizor, M|100/100
|turn|7
|
|t:|1665350223
|switch|p2a: Moon Cherry|Salamence, M|100/100
|-ability|p2a: Moon Cherry|Intimidate|boost
|-unboost|p1a: Scizor|atk|1
|move|p1a: Scizor|Bullet Punch|p2a: Moon Cherry
|-crit|p2a: Moon Cherry
|-damage|p2a: Moon Cherry|73/100
|
|upkeep
|turn|8
|
|t:|1665350230
|switch|p1a: Regieleki|Regieleki|100/100
|move|p2a: Moon Cherry|Defog|p1a: Regieleki
|-unboost|p1a: Regieleki|evasion|1
|-sideend|p2: geoJulian04|Stealth Rock|[from] move: Defog|[of] p2a: Moon Cherry
|
|upkeep
|turn|9
|
|t:|1665350237
|switch|p2a: Iro N Maiden|Toxtricity, F|100/100
|move|p1a: Regieleki|Ancient Power|p2a: Iro N Maiden
|-damage|p2a: Iro N Maiden|86/100
|-boost|p1a: Regieleki|atk|1
|-boost|p1a: Regieleki|def|1
|-boost|p1a: Regieleki|spa|1
|-boost|p1a: Regieleki|spd|1
|-boost|p1a: Regieleki|spe|1
|
|upkeep
|turn|10
|
|t:|1665350246
|move|p1a: Regieleki|Electro Ball|p2a: Iro N Maiden
|-resisted|p2a: Iro N Maiden
|-damage|p2a: Iro N Maiden|26/100
|move|p2a: Iro N Maiden|Boomburst|p1a: Regieleki
|-damage|p1a: Regieleki|23/100
|
|upkeep
|turn|11
|
|t:|1665350258
|switch|p2a: Gangster|Krookodile, M|15/100
|move|p1a: Regieleki|Electro Ball|p2a: Gangster
|-immune|p2a: Gangster
|
|upkeep
|turn|12
|
|t:|1665350264
|move|p1a: Regieleki|Rapid Spin|p2a: Gangster
|-damage|p2a: Gangster|0 fnt
|-boost|p1a: Regieleki|spe|1
|faint|p2a: Gangster
|
|upkeep
|-message|geoJulian04 forfeited.
|
|win|DDD951
|raw|DDD951's rating: 1530 &rarr; <strong>1545</strong><br />(+15 for winning)
|raw|geoJulian04's rating: 1437 &rarr; <strong>1422</strong><br />(-15 for losing)
|l|☆geoJulian04
||Ladder isn't responding, score probably updated but might not have (Request timeout).
