|j|☆Lucckyy
|j|☆nhendo22
|t:|1601605156
|player|p1|Lucckyy|86|1472
|player|p2|nhendo22|170|1426
|teamsize|p1|6
|teamsize|p2|6
|gametype|singles
|gen|8
|tier|[Gen 8] UU
|rated|
|clearpoke
|poke|p1|Eiscue, M|
|poke|p1|Tentacruel, M|
|poke|p1|Slowbro-Galar, F|
|poke|p1|Gastrodon, M|
|poke|p1|Sylveon, M|
|poke|p1|Palossand, M|
|poke|p2|Weezing-Galar, M|
|poke|p2|Mamoswine, F|
|poke|p2|Slowbro, M|
|poke|p2|Zarude|
|poke|p2|Cobalion|
|poke|p2|Marowak-Alola, F|
|rule|Sleep Clause Mod: Limit one foe put to sleep
|rule|Species Clause: Limit one of each Pokémon
|rule|OHKO Clause: OHKO moves are banned
|rule|Evasion Moves Clause: Evasion moves are banned
|rule|Endless Battle Clause: Forcing endless battles is banned
|rule|HP Percentage Mod: HP is shown in percentages
|rule|Dynamax Clause: You cannot dynamax
|teampreview
|inactive|Battle timer is ON: inactive players will automatically lose when time's up. (requested by nhendo22)
|
|t:|1601605171
|start
|switch|p1a: Gastrodon|Gastrodon, M|100/100
|switch|p2a: Zarude|Zarude|100/100
|turn|1
|
|t:|1601605182
|switch|p1a: Eiscue|Eiscue, M|100/100
|move|p2a: Zarude|Darkest Lariat|p1a: Eiscue
|-activate|p1a: Eiscue|ability: Ice Face
|-damage|p1a: Eiscue|100/100
|-damage|p2a: Zarude|84/100|[from] item: Rocky Helmet|[of] p1a: Eiscue
|detailschange|p1a: Eiscue|Eiscue-Noice, M
|
|upkeep
|turn|2
|
|t:|1601605195
|switch|p2a: Cobalion|Cobalion|100/100
|move|p1a: Eiscue|Hail|p1a: Eiscue
|-weather|Hail
|-activate|p1a: Eiscue|ability: Ice Face
|detailschange|p1a: Eiscue|Eiscue, M
|
|-weather|Hail|[upkeep]
|-damage|p2a: Cobalion|94/100|[from] Hail
|upkeep
|turn|3
|j| SalTheThief
|
|t:|1601605204
|switch|p1a: Tentacruel|Tentacruel, M|100/100
|move|p2a: Cobalion|Stealth Rock|p1a: Tentacruel
|-sidestart|p1: Lucckyy|move: Stealth Rock
|
|-weather|Hail|[upkeep]
|-damage|p2a: Cobalion|88/100|[from] Hail
|-damage|p1a: Tentacruel|94/100|[from] Hail
|upkeep
|turn|4
|
|t:|1601605211
|move|p2a: Cobalion|Volt Switch|p1a: Tentacruel
|-supereffective|p1a: Tentacruel
|-damage|p1a: Tentacruel|71/100
|
|t:|1601605214
|switch|p2a: Marowak|Marowak-Alola, F|100/100|[from]move: Volt Switch
|move|p1a: Tentacruel|Scald|p2a: Marowak
|-supereffective|p2a: Marowak
|-damage|p2a: Marowak|25/100
|
|-weather|Hail|[upkeep]
|-damage|p1a: Tentacruel|65/100|[from] Hail
|-damage|p2a: Marowak|19/100|[from] Hail
|upkeep
|turn|5
|j| ditto nyc
|l| ditto nyc
|
|t:|1601605226
|switch|p2a: Slowbro|Slowbro, M|100/100
|move|p1a: Tentacruel|Knock Off|p2a: Slowbro
|-supereffective|p2a: Slowbro
|-damage|p2a: Slowbro|81/100
|-enditem|p2a: Slowbro|Heavy-Duty Boots|[from] move: Knock Off|[of] p1a: Tentacruel
|
|-weather|Hail|[upkeep]
|-damage|p1a: Tentacruel|59/100|[from] Hail
|-damage|p2a: Slowbro|75/100|[from] Hail
|upkeep
|turn|6
|
|t:|1601605235
|move|p1a: Tentacruel|Rapid Spin|p2a: Slowbro
|-damage|p2a: Slowbro|71/100
|-boost|p1a: Tentacruel|spe|1
|-sideend|p1: Lucckyy|Stealth Rock|[from] move: Rapid Spin|[of] p1a: Tentacruel
|move|p2a: Slowbro|Psyshock|p1a: Tentacruel
|-supereffective|p1a: Tentacruel
|-damage|p1a: Tentacruel|11/100
|
|-weather|none
|upkeep
|turn|7
|
|t:|1601605244
|switch|p1a: Slowbro|Slowbro-Galar, F|100/100
|move|p2a: Slowbro|Psyshock|p1a: Slowbro
|-damage|p1a: Slowbro|75/100
|
|upkeep
|turn|8
|
|t:|1601605250
|move|p1a: Slowbro|Future Sight|p2a: Slowbro
|-start|p1a: Slowbro|move: Future Sight
|move|p2a: Slowbro|Teleport|p2a: Slowbro
|
|t:|1601605253
|switch|p2a: Zarude|Zarude|84/100|[from]move: Teleport
|
|upkeep
|turn|9
|
|t:|1601605258
|switch|p1a: Eiscue|Eiscue, M|100/100
|move|p2a: Zarude|Darkest Lariat|p1a: Eiscue
|-activate|p1a: Eiscue|ability: Ice Face
|-damage|p1a: Eiscue|100/100
|-damage|p2a: Zarude|67/100|[from] item: Rocky Helmet|[of] p1a: Eiscue
|detailschange|p1a: Eiscue|Eiscue-Noice, M
|
|upkeep
|turn|10
|
|t:|1601605271
|switch|p2a: Cobalion|Cobalion|88/100
|move|p1a: Eiscue|Hail|p1a: Eiscue
|-weather|Hail
|-activate|p1a: Eiscue|ability: Ice Face
|detailschange|p1a: Eiscue|Eiscue, M
|
|-weather|Hail|[upkeep]
|-damage|p2a: Cobalion|82/100|[from] Hail
|-end|p2a: Cobalion|move: Future Sight
|-damage|p2a: Cobalion|24/100
|upkeep
|turn|11
|
|t:|1601605281
|move|p2a: Cobalion|Stealth Rock|p1a: Eiscue
|-sidestart|p1: Lucckyy|move: Stealth Rock
|move|p1a: Eiscue|Whirlpool|p2a: Cobalion
|-damage|p2a: Cobalion|14/100
|-activate|p2a: Cobalion|move: Whirlpool|[of] p1a: Eiscue
|
|-weather|Hail|[upkeep]
|-damage|p2a: Cobalion|7/100|[from] Hail
|-damage|p2a: Cobalion|0 fnt|[from] move: Whirlpool|[partiallytrapped]
|faint|p2a: Cobalion
|upkeep
|
|t:|1601605290
|switch|p2a: Zarude|Zarude|67/100
|turn|12
|
|t:|1601605298
|move|p1a: Eiscue|Protect|p1a: Eiscue
|-singleturn|p1a: Eiscue|Protect
|move|p2a: Zarude|U-turn|p1a: Eiscue
|-activate|p1a: Eiscue|move: Protect
|
|-weather|Hail|[upkeep]
|-damage|p2a: Zarude|61/100|[from] Hail
|upkeep
|turn|13
|
|t:|1601605307
|switch|p1a: Tentacruel|Tentacruel, M|11/100
|move|p2a: Zarude|U-turn|p1a: Tentacruel
|-resisted|p1a: Tentacruel
|-damage|p1a: Tentacruel|0 fnt
|faint|p1a: Tentacruel
|
|t:|1601605323
|switch|p2a: Weezing|Weezing-Galar, M|100/100|[from]move: U-turn
|
|-weather|Hail|[upkeep]
|-damage|p2a: Weezing|95/100|[from] Hail
|-heal|p2a: Weezing|100/100|[from] item: Black Sludge
|upkeep
|
|t:|1601605328
|switch|p1a: Slowbro|Slowbro-Galar, F|100/100
|-damage|p1a: Slowbro|88/100|[from] Stealth Rock
|turn|14
|
|t:|1601605334
|move|p2a: Weezing|Shadow Ball|p1a: Slowbro
|-supereffective|p1a: Slowbro
|-damage|p1a: Slowbro|65/100
|move|p1a: Slowbro|Sludge Bomb|p2a: Weezing
|-crit|p2a: Weezing
|-damage|p2a: Weezing|38/100
|
|-weather|none
|-heal|p2a: Weezing|44/100|[from] item: Black Sludge
|upkeep
|turn|15
|j| Deej Sucks
|
|t:|1601605349
|move|p2a: Weezing|Shadow Ball|p1a: Slowbro
|-supereffective|p1a: Slowbro
|-damage|p1a: Slowbro|41/100
|move|p1a: Slowbro|Future Sight|p2a: Weezing
|-start|p1a: Slowbro|move: Future Sight
|
|-heal|p2a: Weezing|50/100|[from] item: Black Sludge
|upkeep
|turn|16
|l| Deej Sucks
|
|t:|1601605357
|move|p2a: Weezing|Shadow Ball|p1a: Slowbro
|-supereffective|p1a: Slowbro
|-damage|p1a: Slowbro|16/100
|move|p1a: Slowbro|Psychic|p2a: Weezing
|-supereffective|p2a: Weezing
|-damage|p2a: Weezing|0 fnt
|faint|p2a: Weezing
|
|upkeep
|
|t:|1601605364
|switch|p2a: Zarude|Zarude|61/100
|turn|17
|
|t:|1601605368
|switch|p1a: Sylveon|Sylveon, M|100/100
|-damage|p1a: Sylveon|88/100|[from] Stealth Rock
|move|p2a: Zarude|Darkest Lariat|p1a: Sylveon
|-resisted|p1a: Sylveon
|-damage|p1a: Sylveon|72/100
|
|-end|p2a: Zarude|move: Future Sight
|-immune|p2a: Zarude
|-heal|p1a: Sylveon|78/100|[from] item: Leftovers
|upkeep
|turn|18
|
|t:|1601605379
|switch|p2a: Slowbro|Slowbro, M|100/100
|move|p1a: Sylveon|Hyper Voice|p2a: Slowbro
|-damage|p2a: Slowbro|59/100
|
|-heal|p1a: Sylveon|85/100|[from] item: Leftovers
|upkeep
|turn|19
|
|t:|1601605386
|move|p1a: Sylveon|Hyper Voice|p2a: Slowbro
|-damage|p2a: Slowbro|17/100
|move|p2a: Slowbro|Slack Off|p2a: Slowbro
|-heal|p2a: Slowbro|67/100
|
|-heal|p1a: Sylveon|91/100|[from] item: Leftovers
|upkeep
|turn|20
|
|t:|1601605392
|move|p1a: Sylveon|Hyper Voice|p2a: Slowbro
|-damage|p2a: Slowbro|27/100
|move|p2a: Slowbro|Slack Off|p2a: Slowbro
|-heal|p2a: Slowbro|77/100
|
|-heal|p1a: Sylveon|97/100|[from] item: Leftovers
|upkeep
|turn|21
|
|t:|1601605399
|move|p1a: Sylveon|Wish|p1a: Sylveon
|move|p2a: Slowbro|Slack Off|p2a: Slowbro
|-heal|p2a: Slowbro|100/100
|
|-heal|p1a: Sylveon|100/100|[from] item: Leftovers
|upkeep
|turn|22
|
|t:|1601605410
|move|p1a: Sylveon|Hyper Voice|p2a: Slowbro
|-damage|p2a: Slowbro|57/100
|move|p2a: Slowbro|Teleport|p2a: Slowbro
|
|t:|1601605416
|switch|p2a: Mamoswine|Mamoswine, F|100/100|[from]move: Teleport
|
|upkeep
|turn|23
|
|t:|1601605424
|move|p2a: Mamoswine|Earthquake|p1a: Sylveon
|-damage|p1a: Sylveon|43/100
|-damage|p2a: Mamoswine|91/100|[from] item: Life Orb
|move|p1a: Sylveon|Hyper Voice|p2a: Mamoswine
|-damage|p2a: Mamoswine|34/100
|
|-heal|p1a: Sylveon|49/100|[from] item: Leftovers
|upkeep
|turn|24
|
|t:|1601605434
|switch|p1a: Eiscue|Eiscue, M|100/100
|-damage|p1a: Eiscue|76/100|[from] Stealth Rock
|move|p2a: Mamoswine|Earthquake|p1a: Eiscue
|-activate|p1a: Eiscue|ability: Ice Face
|-damage|p1a: Eiscue|76/100
|detailschange|p1a: Eiscue|Eiscue-Noice, M
|-damage|p2a: Mamoswine|24/100|[from] item: Life Orb
|
|upkeep
|turn|25
|
|t:|1601605444
|move|p1a: Eiscue|Hail|p1a: Eiscue
|-weather|Hail
|-activate|p1a: Eiscue|ability: Ice Face
|detailschange|p1a: Eiscue|Eiscue, M
|move|p2a: Mamoswine|Earthquake|p1a: Eiscue
|-activate|p1a: Eiscue|ability: Ice Face
|-damage|p1a: Eiscue|76/100
|detailschange|p1a: Eiscue|Eiscue-Noice, M
|-damage|p2a: Mamoswine|14/100|[from] item: Life Orb
|
|-weather|Hail|[upkeep]
|upkeep
|turn|26
|
|t:|1601605463
|switch|p1a: Gastrodon|Gastrodon, M|100/100
|-damage|p1a: Gastrodon|94/100|[from] Stealth Rock
|move|p2a: Mamoswine|Earthquake|p1a: Gastrodon
|-damage|p1a: Gastrodon|19/100
|-damage|p2a: Mamoswine|4/100|[from] item: Life Orb
|
|-weather|Hail|[upkeep]
|-damage|p1a: Gastrodon|13/100|[from] Hail
|-heal|p1a: Gastrodon|19/100|[from] item: Leftovers
|upkeep
|turn|27
|
|t:|1601605476
|move|p2a: Mamoswine|Knock Off|p1a: Gastrodon
|-damage|p1a: Gastrodon|0 fnt
|-enditem|p1a: Gastrodon|Leftovers|[from] move: Knock Off|[of] p2a: Mamoswine
|-damage|p2a: Mamoswine|0 fnt|[from] item: Life Orb
|faint|p1a: Gastrodon
|faint|p2a: Mamoswine
|
|-weather|Hail|[upkeep]
|upkeep
|
|t:|1601605485
|switch|p2a: Zarude|Zarude|61/100
|switch|p1a: Eiscue|Eiscue-Noice, M|76/100
|-damage|p1a: Eiscue|51/100|[from] Stealth Rock
|-activate|p1a: Eiscue|ability: Ice Face
|detailschange|p1a: Eiscue|Eiscue, M
|turn|28
|
|t:|1601605493
|move|p1a: Eiscue|Protect|p1a: Eiscue
|-singleturn|p1a: Eiscue|Protect
|move|p2a: Zarude|Power Whip|p1a: Eiscue
|-activate|p1a: Eiscue|move: Protect
|
|-weather|Hail|[upkeep]
|-damage|p2a: Zarude|55/100|[from] Hail
|upkeep
|turn|29
|
|t:|1601605500
|move|p2a: Zarude|Power Whip|p1a: Eiscue|[miss]
|-miss|p2a: Zarude|p1a: Eiscue
|move|p1a: Eiscue|Freeze-Dry|p2a: Zarude
|-supereffective|p2a: Zarude
|-damage|p2a: Zarude|7/100
|
|-weather|none
|upkeep
|turn|30
|
|t:|1601605507
|move|p2a: Zarude|Power Whip|p1a: Eiscue
|-activate|p1a: Eiscue|ability: Ice Face
|-damage|p1a: Eiscue|51/100
|-damage|p2a: Zarude|0 fnt|[from] item: Rocky Helmet|[of] p1a: Eiscue
|detailschange|p1a: Eiscue|Eiscue-Noice, M
|faint|p2a: Zarude
|move|p1a: Eiscue|Freeze-Dry|p2: Zarude|[notarget]
|-fail|p1a: Eiscue
|
|upkeep
|
|t:|1601605518
|switch|p2a: Slowbro|Slowbro, M|90/100
|turn|31
|
|t:|1601605523
|move|p1a: Eiscue|Freeze-Dry|p2a: Slowbro
|-supereffective|p2a: Slowbro
|-damage|p2a: Slowbro|43/100
|move|p2a: Slowbro|Scald|p1a: Eiscue
|-damage|p1a: Eiscue|0 fnt
|faint|p1a: Eiscue
|
|upkeep
|
|t:|1601605540
|switch|p1a: Sylveon|Sylveon, M|49/100
|-damage|p1a: Sylveon|37/100|[from] Stealth Rock
|turn|32
|
|t:|1601605544
|move|p1a: Sylveon|Wish|p1a: Sylveon
|move|p2a: Slowbro|Psyshock|p1a: Sylveon
|-crit|p1a: Sylveon
|-damage|p1a: Sylveon|2/100
|
|-heal|p1a: Sylveon|8/100|[from] item: Leftovers
|upkeep
|turn|33
|
|t:|1601605550
|move|p1a: Sylveon|Protect|p1a: Sylveon
|-singleturn|p1a: Sylveon|Protect
|move|p2a: Slowbro|Slack Off|p2a: Slowbro
|-heal|p2a: Slowbro|93/100
|
|-heal|p1a: Sylveon|58/100|[from] move: Wish|[wisher] Sylveon
|-heal|p1a: Sylveon|64/100|[from] item: Leftovers
|upkeep
|turn|34
|
|t:|1601605558
|move|p1a: Sylveon|Wish|p1a: Sylveon
|move|p2a: Slowbro|Teleport|p2a: Slowbro
|
|t:|1601605560
|switch|p2a: Marowak|Marowak-Alola, F|19/100|[from]move: Teleport
|
|-heal|p1a: Sylveon|70/100|[from] item: Leftovers
|upkeep
|turn|35
|
|t:|1601605567
|move|p1a: Sylveon|Protect|p1a: Sylveon
|-singleturn|p1a: Sylveon|Protect
|move|p2a: Marowak|Poltergeist|p1a: Sylveon
|-activate|p1a: Sylveon|move: Protect
|
|-heal|p1a: Sylveon|100/100|[from] move: Wish|[wisher] Sylveon
|upkeep
|turn|36
|
|t:|1601605575
|switch|p1a: Palossand|Palossand, M|100/100
|-damage|p1a: Palossand|94/100|[from] Stealth Rock
|move|p2a: Marowak|Poltergeist||[still]
|-fail|p2a: Marowak
|
|upkeep
|turn|37
|c|☆nhendo22|lol
|c|☆nhendo22|you are something else
|
|t:|1601605592
|switch|p2a: Slowbro|Slowbro, M|100/100
|move|p1a: Palossand|Shadow Ball|p2a: Slowbro
|-supereffective|p2a: Slowbro
|-damage|p2a: Slowbro|41/100
|
|upkeep
|turn|38
|c| SalTheThief|that was pretty slick
|c|☆Lucckyy|Ty
|c|☆nhendo22|i mean
|c|☆nhendo22|if thats how you feel
|-message|nhendo22 forfeited.
|
|win|Lucckyy
|l|☆nhendo22
|raw|Lucckyy's rating: 1442 &rarr; <strong>1461</strong><br />(+19 for winning)
|raw|nhendo22's rating: 1426 &rarr; <strong>1407</strong><br />(-19 for losing)
