|inactive|Battle timer is ON: inactive players will automatically lose when time's up.
|j|☆pokemonisfun
|j|☆Dr. Elite
|t:|1667007474
|gametype|singles
|player|p1|pokemonisfun|#uutrio2ladder|
|player|p2|Dr. Elite|#drelite|
|teamsize|p1|6
|teamsize|p2|6
|gen|8
|tier|[Gen 8] UU
|rated|Tournament battle
|rule|Sleep Clause Mod: Limit one foe put to sleep
|rule|Species Clause: Limit one of each Pokémon
|rule|OHKO Clause: OHKO moves are banned
|rule|Evasion Items Clause: Evasion items are banned
|rule|Evasion Moves Clause: Evasion moves are banned
|rule|Endless Battle Clause: Forcing endless battles is banned
|rule|HP Percentage Mod: HP is shown in percentages
|rule|Dynamax Clause: You cannot dynamax
|rule|Blitz: Super-fast timer
|clearpoke
|poke|p1|Regice|
|poke|p1|Jirachi|
|poke|p1|Swampert, M|
|poke|p1|Salamence, F|
|poke|p1|Hydreigon, F|
|poke|p1|Conkeldurr, F|
|poke|p2|Primarina, F|
|poke|p2|Comfey, F|
|poke|p2|Togekiss, M|
|poke|p2|Hatterene, F|
|poke|p2|Klefki, F|
|poke|p2|Gardevoir, F|
|teampreview
|
|t:|1667007482
|start
|switch|p1a: jim's pillow|Jirachi|100/100
|switch|p2a: Kindness|Klefki, F|100/100
|turn|1
|c|☆pokemonisfun|hf
|
|t:|1667007486
|switch|p1a: jim's guard|Conkeldurr, F|100/100
|move|p2a: Kindness|Switcheroo|p1a: jim's guard
|-activate|p2a: Kindness|move: Trick|[of] p1a: jim's guard
|-item|p1a: jim's guard|Full Incense|[from] move: Switcheroo
|-item|p2a: Kindness|Flame Orb|[from] move: Switcheroo
|
|-status|p2a: Kindness|brn|[from] item: Flame Orb
|upkeep
|turn|2
|
|t:|1667007491
|move|p2a: Kindness|Reflect|p2a: Kindness
|-sidestart|p2: Dr. Elite|Reflect
|move|p1a: jim's guard|Close Combat|p2a: Kindness
|-damage|p2a: Kindness|69/100 brn
|-unboost|p1a: jim's guard|def|1
|-unboost|p1a: jim's guard|spd|1
|
|-damage|p2a: Kindness|63/100 brn|[from] brn
|upkeep
|turn|3
|inactive|pokemonisfun has 10 seconds left.
|inactive|Dr. Elite has 10 seconds left.
|
|t:|1667007499
|switch|p2a: Love|Primarina, F|100/100
|switch|p1a: jim's pet|Swampert, M|100/100
|
|upkeep
|turn|4
|
|t:|1667007503
|switch|p2a: Patience|Hatterene, F|100/100
|move|p1a: jim's pet|Stealth Rock|p2a: Patience
|move|p2a: Patience|Stealth Rock|p1a: jim's pet|[from]ability: Magic Bounce
|-sidestart|p1: pokemonisfun|move: Stealth Rock
|
|upkeep
|turn|5
|inactive|pokemonisfun has 10 seconds left.
|
|t:|1667007509
|move|p1a: jim's pet|Earthquake|p2a: Patience
|-damage|p2a: Patience|85/100
|move|p2a: Patience|Trick Room|p2a: Patience
|-fieldstart|move: Trick Room|[of] p2a: Patience
|
|upkeep
|turn|6
|inactive|pokemonisfun has 10 seconds left.
|inactive|Dr. Elite has 10 seconds left.
|
|t:|1667007517
|move|p2a: Patience|Calm Mind|p2a: Patience
|-boost|p2a: Patience|spa|1
|-boost|p2a: Patience|spd|1
|move|p1a: jim's pet|Flip Turn|p2a: Patience
|-damage|p2a: Patience|76/100
|
|t:|1667007520
|switch|p1a: jim's pillow|Jirachi|100/100|[from]move: Flip Turn
|-damage|p1a: jim's pillow|94/100|[from] Stealth Rock
|
|-heal|p1a: jim's pillow|100/100|[from] item: Leftovers
|-sideend|p2: Dr. Elite|Reflect
|upkeep
|turn|7
|
|t:|1667007523
|switch|p2a: Love|Primarina, F|100/100
|move|p1a: jim's pillow|Protect||[still]
|-fail|p1a: jim's pillow
|
|upkeep
|turn|8
|
|t:|1667007527
|switch|p1a: jim's pet|Swampert, M|100/100
|-damage|p1a: jim's pet|94/100|[from] Stealth Rock
|move|p2a: Love|Substitute|p2a: Love
|-start|p2a: Love|Substitute
|-damage|p2a: Love|75/100
|
|-heal|p1a: jim's pet|100/100|[from] item: Leftovers
|-heal|p2a: Love|82/100|[from] item: Leftovers
|upkeep
|turn|9
|
|t:|1667007530
|move|p1a: jim's pet|Earthquake|p2a: Love
|-end|p2a: Love|Substitute
|move|p2a: Love|Calm Mind|p2a: Love
|-boost|p2a: Love|spa|1
|-boost|p2a: Love|spd|1
|
|-heal|p2a: Love|88/100|[from] item: Leftovers
|-fieldend|move: Trick Room
|upkeep
|turn|10
|inactive|Dr. Elite has 10 seconds left.
|
|t:|1667007535
|move|p2a: Love|Substitute|p2a: Love
|-start|p2a: Love|Substitute
|-damage|p2a: Love|63/100
|move|p1a: jim's pet|Stealth Rock|p2a: Love
|-sidestart|p2: Dr. Elite|move: Stealth Rock
|
|-heal|p2a: Love|69/100|[from] item: Leftovers
|upkeep
|turn|11
|
|t:|1667007538
|move|p2a: Love|Calm Mind|p2a: Love
|-boost|p2a: Love|spa|1
|-boost|p2a: Love|spd|1
|move|p1a: jim's pet|Earthquake|p2a: Love
|-end|p2a: Love|Substitute
|
|-heal|p2a: Love|75/100|[from] item: Leftovers
|upkeep
|turn|12
|
|t:|1667007541
|move|p2a: Love|Calm Mind|p2a: Love
|-boost|p2a: Love|spa|1
|-boost|p2a: Love|spd|1
|move|p1a: jim's pet|Earthquake|p2a: Love
|-damage|p2a: Love|46/100
|
|-heal|p2a: Love|52/100|[from] item: Leftovers
|upkeep
|turn|13
|inactive|pokemonisfun has 10 seconds left.
|j| dirtknock
|
|t:|1667007549
|move|p2a: Love|Draining Kiss|p1a: jim's pet
|-damage|p1a: jim's pet|54/100
|-heal|p2a: Love|91/100|[from] drain|[of] p1a: jim's pet
|move|p1a: jim's pet|Toxic|p2a: Love
|-status|p2a: Love|tox
|
|-heal|p2a: Love|97/100 tox|[from] item: Leftovers
|-heal|p1a: jim's pet|60/100|[from] item: Leftovers
|-damage|p2a: Love|91/100 tox|[from] psn
|upkeep
|turn|14
|inactive|pokemonisfun has 10 seconds left.
|
|t:|1667007555
|switch|p1a: jim|Regice|100/100
|move|p2a: Love|Scald|p1a: jim
|-damage|p1a: jim|60/100
|
|-heal|p2a: Love|97/100 tox|[from] item: Leftovers
|-damage|p2a: Love|85/100 tox|[from] psn
|upkeep
|turn|15
|
|t:|1667007559
|move|p2a: Love|Draining Kiss|p1a: jim
|-damage|p1a: jim|35/100
|-heal|p2a: Love|100/100 tox|[from] drain|[of] p1a: jim
|move|p1a: jim|Rest|p1a: jim
|-status|p1a: jim|slp|[from] move: Rest
|-heal|p1a: jim|100/100 slp|[silent]
|
|-damage|p2a: Love|82/100 tox|[from] psn
|upkeep
|turn|16
|
|t:|1667007563
|move|p2a: Love|Calm Mind|p2a: Love
|-boost|p2a: Love|spa|1
|-boost|p2a: Love|spd|1
|cant|p1a: jim|slp
|move|p1a: jim|Sleep Talk|p1a: jim
|move|p1a: jim|Ice Beam|p2a: Love|[from]move: Sleep Talk
|-resisted|p2a: Love
|-damage|p2a: Love|78/100 tox
|
|-heal|p2a: Love|84/100 tox|[from] item: Leftovers
|-damage|p2a: Love|60/100 tox|[from] psn
|upkeep
|turn|17
|
|t:|1667007567
|move|p2a: Love|Calm Mind|p2a: Love
|-boost|p2a: Love|spa|1
|-boost|p2a: Love|spd|1
|cant|p1a: jim|slp
|move|p1a: jim|Sleep Talk|p1a: jim
|move|p1a: jim|Rest||[from]move: Sleep Talk|[still]
|-fail|p1a: jim
|
|-heal|p2a: Love|66/100 tox|[from] item: Leftovers
|-damage|p2a: Love|35/100 tox|[from] psn
|upkeep
|turn|18
|inactive|pokemonisfun has 10 seconds left.
|
|t:|1667007576
|move|p2a: Love|Draining Kiss|p1a: jim
|-damage|p1a: jim|65/100 slp
|-heal|p2a: Love|62/100 tox|[from] drain|[of] p1a: jim
|-curestatus|p1a: jim|slp|[msg]
|move|p1a: jim|Thunderbolt|p2a: Love
|-supereffective|p2a: Love
|-damage|p2a: Love|52/100 tox
|
|-heal|p2a: Love|58/100 tox|[from] item: Leftovers
|-damage|p2a: Love|22/100 tox|[from] psn
|upkeep
|turn|19
|inactive|pokemonisfun has 10 seconds left.
|
|t:|1667007581
|switch|p1a: jim's pet|Swampert, M|60/100
|-damage|p1a: jim's pet|54/100|[from] Stealth Rock
|move|p2a: Love|Scald|p1a: jim's pet
|-damage|p1a: jim's pet|0 fnt
|faint|p1a: jim's pet
|
|-heal|p2a: Love|28/100 tox|[from] item: Leftovers
|-damage|p2a: Love|0 fnt|[from] psn
|faint|p2a: Love
|upkeep
|inactive|pokemonisfun has 10 seconds left.
|
|t:|1667007587
|switch|p2a: Kindness|Klefki, F|63/100 brn
|switch|p1a: jim's pillow|Jirachi|100/100
|-damage|p1a: jim's pillow|94/100|[from] Stealth Rock
|-damage|p2a: Kindness|57/100 brn|[from] Stealth Rock
|turn|20
|
|t:|1667007592
|switch|p1a: jim's guard|Conkeldurr, F|100/100
|-damage|p1a: jim's guard|94/100|[from] Stealth Rock
|move|p2a: Kindness|Switcheroo|p1a: jim's guard
|-activate|p2a: Kindness|move: Trick|[of] p1a: jim's guard
|-item|p1a: jim's guard|Flame Orb|[from] move: Switcheroo
|-item|p2a: Kindness|Full Incense|[from] move: Switcheroo
|
|-damage|p2a: Kindness|51/100 brn|[from] brn
|-status|p1a: jim's guard|brn|[from] item: Flame Orb
|upkeep
|turn|21
|inactive|pokemonisfun has 10 seconds left.
|
|t:|1667007598
|move|p2a: Kindness|Reflect|p2a: Kindness
|-sidestart|p2: Dr. Elite|Reflect
|move|p1a: jim's guard|Close Combat|p2a: Kindness
|-damage|p2a: Kindness|4/100 brn
|-unboost|p1a: jim's guard|def|1
|-unboost|p1a: jim's guard|spd|1
|
|-damage|p2a: Kindness|0 fnt|[from] brn
|faint|p2a: Kindness
|-damage|p1a: jim's guard|88/100 brn|[from] brn
|upkeep
|
|t:|1667007602
|switch|p2a: Patience|Hatterene, F|76/100
|-damage|p2a: Patience|64/100|[from] Stealth Rock
|turn|22
|
|t:|1667007605
|switch|p1a: jim's pillow|Jirachi|94/100
|-damage|p1a: jim's pillow|88/100|[from] Stealth Rock
|move|p2a: Patience|Calm Mind|p2a: Patience
|-boost|p2a: Patience|spa|1
|-boost|p2a: Patience|spd|1
|
|-heal|p1a: jim's pillow|94/100|[from] item: Leftovers
|upkeep
|turn|23
|
|t:|1667007608
|move|p1a: jim's pillow|Iron Head|p2a: Patience
|-supereffective|p2a: Patience
|-damage|p2a: Patience|43/100
|move|p2a: Patience|Calm Mind|p2a: Patience
|-boost|p2a: Patience|spa|1
|-boost|p2a: Patience|spd|1
|
|-heal|p1a: jim's pillow|100/100|[from] item: Leftovers
|upkeep
|turn|24
|inactive|pokemonisfun has 10 seconds left.
|
|t:|1667007615
|move|p1a: jim's pillow|U-turn|p2a: Patience
|-damage|p2a: Patience|36/100
|inactive|pokemonisfun has 10 seconds left.
|
|t:|1667007620
|switch|p1a: jim|Regice|65/100|[from]move: U-turn
|move|p2a: Patience|Trick Room|p2a: Patience
|-fieldstart|move: Trick Room|[of] p2a: Patience
|
|upkeep
|turn|25
|inactive|pokemonisfun has 10 seconds left.
|
|t:|1667007626
|move|p2a: Patience|Calm Mind|p2a: Patience
|-boost|p2a: Patience|spa|1
|-boost|p2a: Patience|spd|1
|move|p1a: jim|Ice Beam|p2a: Patience
|-damage|p2a: Patience|23/100
|-enditem|p2a: Patience|Wiki Berry|[eat]
|-heal|p2a: Patience|56/100|[from] item: Wiki Berry
|
|-sideend|p2: Dr. Elite|Reflect
|upkeep
|turn|26
|
|t:|1667007631
|move|p2a: Patience|Calm Mind|p2a: Patience
|-boost|p2a: Patience|spa|1
|-boost|p2a: Patience|spd|1
|move|p1a: jim|Ice Beam|p2a: Patience
|-damage|p2a: Patience|44/100
|
|upkeep
|turn|27
|
|t:|1667007636
|move|p2a: Patience|Calm Mind|p2a: Patience
|-boost|p2a: Patience|spa|1
|-boost|p2a: Patience|spd|1
|move|p1a: jim|Ice Beam|p2a: Patience
|-damage|p2a: Patience|34/100
|
|upkeep
|turn|28
|
|t:|1667007638
|move|p2a: Patience|Draining Kiss|p1a: jim
|-damage|p1a: jim|28/100
|-heal|p2a: Patience|66/100|[from] drain|[of] p1a: jim
|move|p1a: jim|Ice Beam|p2a: Patience
|-damage|p2a: Patience|56/100
|
|-fieldend|move: Trick Room
|upkeep
|turn|29
|
|t:|1667007642
|move|p1a: jim|Ice Beam|p2a: Patience
|-damage|p2a: Patience|46/100
|move|p2a: Patience|Trick Room|p2a: Patience
|-fieldstart|move: Trick Room|[of] p2a: Patience
|
|upkeep
|turn|30
|inactive|pokemonisfun has 10 seconds left.
|
|t:|1667007648
|move|p2a: Patience|Calm Mind|p2a: Patience
|-boost|p2a: Patience|spa|1
|-boost|p2a: Patience|spd|1
|move|p1a: jim|Ice Beam|p2a: Patience
|-damage|p2a: Patience|38/100
|
|upkeep
|turn|31
|
|t:|1667007651
|move|p2a: Patience|Draining Kiss|p1a: jim
|-damage|p1a: jim|0 fnt
|-heal|p2a: Patience|61/100|[from] drain|[of] p1a: jim
|faint|p1a: jim
|
|upkeep
|
|t:|1667007654
|switch|p1a: jim's pillow|Jirachi|100/100
|-damage|p1a: jim's pillow|94/100|[from] Stealth Rock
|turn|32
|
|t:|1667007657
|move|p1a: jim's pillow|Protect|p1a: jim's pillow
|-singleturn|p1a: jim's pillow|Protect
|move|p2a: Patience|Stored Power|p1a: jim's pillow
|-activate|p1a: jim's pillow|move: Protect
|
|-heal|p1a: jim's pillow|100/100|[from] item: Leftovers
|upkeep
|turn|33
|
|t:|1667007661
|switch|p1a: jim's guard|Conkeldurr, F|88/100 brn
|-damage|p1a: jim's guard|82/100 brn|[from] Stealth Rock
|move|p2a: Patience|Stored Power|p1a: jim's guard
|-supereffective|p1a: jim's guard
|-damage|p1a: jim's guard|0 fnt
|faint|p1a: jim's guard
|
|-fieldend|move: Trick Room
|upkeep
|
|t:|1667007665
|switch|p1a: jim's pillow|Jirachi|100/100
|-damage|p1a: jim's pillow|94/100|[from] Stealth Rock
|turn|34
|
|t:|1667007667
|move|p1a: jim's pillow|Iron Head|p2a: Patience
|-supereffective|p2a: Patience
|-damage|p2a: Patience|17/100
|cant|p2a: Patience|flinch
|
|-heal|p1a: jim's pillow|100/100|[from] item: Leftovers
|upkeep
|turn|35
|inactive|Dr. Elite has 10 seconds left.
|
|t:|1667007673
|move|p1a: jim's pillow|Iron Head|p2a: Patience
|-supereffective|p2a: Patience
|-crit|p2a: Patience
|-damage|p2a: Patience|0 fnt
|faint|p2a: Patience
|
|upkeep
|
|t:|1667007677
|switch|p2a: Goodness|Gardevoir, F|100/100
|-damage|p2a: Goodness|88/100|[from] Stealth Rock
|-ability|p2a: Goodness|Serene Grace|[from] ability: Trace|[of] p1a: jim's pillow
|turn|36
|inactive|Dr. Elite has 10 seconds left.
|inactive|Dr. Elite has 5 seconds left.
|
|t:|1667007688
|switch|p2a: Peace|Togekiss, M|100/100
|-damage|p2a: Peace|75/100|[from] Stealth Rock
|move|p1a: jim's pillow|Protect||[still]
|-fail|p1a: jim's pillow
|
|upkeep
|turn|37
|inactive|Dr. Elite has 10 seconds left this turn.
|
|t:|1667007691
|move|p1a: jim's pillow|Iron Head|p2a: Peace
|-supereffective|p2a: Peace
|-damage|p2a: Peace|8/100
|move|p2a: Peace|Flamethrower|p1a: jim's pillow
|-supereffective|p1a: jim's pillow
|-crit|p1a: jim's pillow
|-damage|p1a: jim's pillow|19/100
|-status|p1a: jim's pillow|brn
|
|-heal|p1a: jim's pillow|25/100 brn|[from] item: Leftovers
|-damage|p1a: jim's pillow|19/100 brn|[from] brn
|upkeep
|turn|38
|inactive|pokemonisfun has 10 seconds left.
|inactive|Dr. Elite has 10 seconds left.
|
|t:|1667007700
|move|p1a: jim's pillow|Iron Head|p2a: Peace
|-supereffective|p2a: Peace
|-damage|p2a: Peace|0 fnt
|faint|p2a: Peace
|
|-heal|p1a: jim's pillow|25/100 brn|[from] item: Leftovers
|-damage|p1a: jim's pillow|19/100 brn|[from] brn
|upkeep
|inactive|Dr. Elite has 10 seconds left.
|
|t:|1667007706
|switch|p2a: Goodness|Gardevoir, F|88/100
|-damage|p2a: Goodness|76/100|[from] Stealth Rock
|-ability|p2a: Goodness|Serene Grace|[from] ability: Trace|[of] p1a: jim's pillow
|turn|39
|
|t:|1667007710
|move|p1a: jim's pillow|Protect|p1a: jim's pillow
|-singleturn|p1a: jim's pillow|Protect
|move|p2a: Goodness|Moonblast|p1a: jim's pillow
|-activate|p1a: jim's pillow|move: Protect
|
|-heal|p1a: jim's pillow|25/100 brn|[from] item: Leftovers
|-damage|p1a: jim's pillow|19/100 brn|[from] brn
|upkeep
|turn|40
|inactive|pokemonisfun has 10 seconds left.
|
|t:|1667007715
|move|p2a: Goodness|Moonblast|p1a: jim's pillow
|-resisted|p1a: jim's pillow
|-damage|p1a: jim's pillow|0 fnt
|faint|p1a: jim's pillow
|
|upkeep
|
|t:|1667007718
|switch|p1a: jim's madness|Hydreigon, F|100/100
|-damage|p1a: jim's madness|88/100|[from] Stealth Rock
|turn|41
|
|t:|1667007720
|move|p1a: jim's madness|Dark Pulse|p2a: Goodness
|-damage|p2a: Goodness|30/100
|move|p2a: Goodness|Moonblast|p1a: jim's madness
|-supereffective|p1a: jim's madness
|-damage|p1a: jim's madness|0 fnt
|faint|p1a: jim's madness
|
|upkeep
|
|t:|1667007722
|switch|p1a: jim's ride|Salamence, F|100/100
|-ability|p1a: jim's ride|Intimidate|boost
|-unboost|p2a: Goodness|atk|1
|turn|42
|
|t:|1667007725
|move|p2a: Goodness|Moonblast|p1a: jim's ride
|-supereffective|p1a: jim's ride
|-damage|p1a: jim's ride|7/100
|move|p1a: jim's ride|Dual Wingbeat|p2a: Goodness
|-damage|p2a: Goodness|0 fnt
|faint|p2a: Goodness
|-hitcount|p2: Goodness|1
|
|upkeep
|
|t:|1667007727
|switch|p2a: Joy|Comfey, F, shiny|100/100
|-damage|p2a: Joy|88/100|[from] Stealth Rock
|turn|43
|c|☆pokemonisfun|gg
|
|t:|1667007730
|move|p2a: Joy|Draining Kiss|p1a: jim's ride
|-supereffective|p1a: jim's ride
|-damage|p1a: jim's ride|0 fnt
|-heal|p2a: Joy|95/100|[from] drain|[of] p1a: jim's ride
|faint|p1a: jim's ride
|-damage|p2a: Joy|85/100|[from] item: Life Orb
|
|win|Dr. Elite
|n|☆pokemonisfun|pokemonisfun
|n|☆Dr. Elite|drelite
|n| dirtknock|dirtknock
