|j|☆ExiDudi
|j|☆scrimzn
|t:|1664215179
|gametype|singles
|player|p1|ExiDudi|doctor-gen8|
|player|p2|scrimzn|silver|
|teamsize|p1|6
|teamsize|p2|6
|gen|8
|tier|[Gen 8] UU
|rule|Sleep Clause Mod: Limit one foe put to sleep
|rule|Species Clause: Limit one of each Pokémon
|rule|OHKO Clause: OHKO moves are banned
|rule|Evasion Items Clause: Evasion items are banned
|rule|Evasion Moves Clause: Evasion moves are banned
|rule|Endless Battle Clause: Forcing endless battles is banned
|rule|HP Percentage Mod: HP is shown in percentages
|rule|Dynamax Clause: You cannot dynamax
|clearpoke
|poke|p1|Thievul, M|
|poke|p1|Hippowdon, F|
|poke|p1|Skarmory, F|
|poke|p1|Slowking, M|
|poke|p1|Thundurus-Therian, M|
|poke|p1|Moltres|
|poke|p2|Skarmory, F|
|poke|p2|Chansey, F|
|poke|p2|Articuno-Galar|
|poke|p2|Hippowdon, F|
|poke|p2|Nihilego|
|poke|p2|Tentacruel, M|
|teampreview
|c|☆scrimzn|thievul team
|c|☆scrimzn|monkaS
|c|☆ExiDudi|Ye if your using galarticuno
|c|☆ExiDudi|I use thievul
|c|☆scrimzn|is this from
|c|☆scrimzn|moonblast
|c|☆ExiDudi|What
|c|☆ExiDudi|No I made it myself
|c|☆ExiDudi|Who is that?
|c|☆scrimzn|ok, moonblast tried using a thievul team once against me
|c|☆scrimzn|mihil on discord i think
|c|☆scrimzn|he was rank 1 for a few days
|
|t:|1664215257
|start
|switch|p1a: Gloria|Hippowdon, F|100/100
|switch|p2a: Hippowdon|Hippowdon, F|100/100
|-weather|Sandstorm|[from] ability: Sand Stream|[of] p2a: Hippowdon
|turn|1
|c|☆scrimzn|hi
|
|t:|1664215273
|switch|p2a: Skarmory|Skarmory, F|100/100
|move|p1a: Gloria|Stealth Rock|p2a: Skarmory
|-sidestart|p2: scrimzn|move: Stealth Rock
|
|-weather|Sandstorm|[upkeep]
|upkeep
|turn|2
|
|t:|1664215280
|switch|p1a: Eva|Skarmory, F|100/100
|move|p2a: Skarmory|Spikes|p1a: Eva
|-sidestart|p1: ExiDudi|Spikes
|
|-weather|Sandstorm|[upkeep]
|upkeep
|turn|3
|
|t:|1664215295
|move|p2a: Skarmory|Spikes|p1a: Eva
|-sidestart|p1: ExiDudi|Spikes
|move|p1a: Eva|Spikes|p2a: Skarmory
|-sidestart|p2: scrimzn|Spikes
|
|-weather|Sandstorm|[upkeep]
|upkeep
|turn|4
|
|t:|1664215307
|switch|p2a: Hippowdon|Hippowdon, F|100/100
|-damage|p2a: Hippowdon|94/100|[from] Stealth Rock
|-damage|p2a: Hippowdon|82/100|[from] Spikes
|move|p1a: Eva|Spikes|p2a: Hippowdon
|-sidestart|p2: scrimzn|Spikes
|
|-weather|Sandstorm|[upkeep]
|upkeep
|turn|5
|
|t:|1664215315
|move|p1a: Eva|Spikes|p2a: Hippowdon
|-sidestart|p2: scrimzn|Spikes
|move|p2a: Hippowdon|Stealth Rock|p1a: Eva
|-sidestart|p1: ExiDudi|move: Stealth Rock
|
|-weather|none
|upkeep
|turn|6
|
|t:|1664215323
|switch|p1a: Maurice|Thundurus-Therian, M|100/100
|move|p2a: Hippowdon|Whirlwind|p1a: Maurice
|drag|p1a: Mort|Moltres|100/100
|-ability|p1a: Mort|Pressure
|
|upkeep
|turn|7
|
|t:|1664215331
|switch|p2a: Articuno|Articuno-Galar|100/100
|move|p1a: Mort|U-turn|p2a: Articuno
|-damage|p2a: Articuno|84/100
|
|t:|1664215333
|switch|p1a: Maurice|Thundurus-Therian, M|100/100|[from]move: U-turn
|
|upkeep
|turn|8
|c|☆scrimzn|thats
|c|☆scrimzn|very troublesome
|
|t:|1664215367
|switch|p2a: Chansey|Chansey, F|100/100
|-damage|p2a: Chansey|88/100|[from] Stealth Rock
|-damage|p2a: Chansey|63/100|[from] Spikes
|move|p1a: Maurice|Volt Switch|p2a: Chansey
|-damage|p2a: Chansey|50/100
|c|☆ExiDudi|Ohhhh
|
|t:|1664215377
|switch|p1a: Eva|Skarmory, F|100/100|[from]move: Volt Switch
|-damage|p1a: Eva|88/100|[from] Stealth Rock
|
|upkeep
|turn|9
|
|t:|1664215384
|switch|p1a: Maurice|Thundurus-Therian, M|100/100
|move|p2a: Chansey|Soft-Boiled|p2a: Chansey
|-heal|p2a: Chansey|99/100
|
|upkeep
|turn|10
|
|t:|1664215390
|move|p1a: Maurice|Focus Blast|p2a: Chansey
|-supereffective|p2a: Chansey
|-damage|p2a: Chansey|70/100
|move|p2a: Chansey|Teleport|p2a: Chansey
|
|t:|1664215413
|switch|p2a: Nihilego|Nihilego|100/100|[from]move: Teleport
|-damage|p2a: Nihilego|88/100|[from] Stealth Rock
|-damage|p2a: Nihilego|63/100|[from] Spikes
|
|upkeep
|turn|11
|
|t:|1664215423
|move|p2a: Nihilego|Meteor Beam||[still]
|-prepare|p2a: Nihilego|Meteor Beam
|-boost|p2a: Nihilego|spa|1
|-enditem|p2a: Nihilego|Power Herb
|-anim|p2a: Nihilego|Meteor Beam|p1a: Maurice
|-supereffective|p1a: Maurice
|-damage|p1a: Maurice|0 fnt
|faint|p1a: Maurice
|-ability|p2a: Nihilego|Beast Boost|boost
|-boost|p2a: Nihilego|spe|1
|
|upkeep
|c|☆ExiDudi|I'm not sure
|c|☆ExiDudi|What's wrong with me
|c|☆ExiDudi|And why I thought I'm faster
|
|t:|1664215442
|switch|p1a: Gloria|Hippowdon, F|100/100
|-damage|p1a: Gloria|84/100|[from] Spikes
|-damage|p1a: Gloria|78/100|[from] Stealth Rock
|-weather|Sandstorm|[from] ability: Sand Stream|[of] p1a: Gloria
|turn|12
|
|t:|1664215465
|move|p2a: Nihilego|Grass Knot|p1a: Gloria
|-supereffective|p1a: Gloria
|-damage|p1a: Gloria|0 fnt
|faint|p1a: Gloria
|-ability|p2a: Nihilego|Beast Boost|boost
|-boost|p2a: Nihilego|spe|1
|
|-weather|Sandstorm|[upkeep]
|upkeep
|
|t:|1664215479
|switch|p1a: King julien|Slowking, M|100/100
|-damage|p1a: King julien|84/100|[from] Spikes
|-damage|p1a: King julien|71/100|[from] Stealth Rock
|turn|13
|
|t:|1664215486
|move|p2a: Nihilego|Grass Knot|p1a: King julien
|-supereffective|p1a: King julien
|-damage|p1a: King julien|5/100
|move|p1a: King julien|Psychic|p2a: Nihilego
|-supereffective|p2a: Nihilego
|-damage|p2a: Nihilego|34/100
|
|-weather|Sandstorm|[upkeep]
|-damage|p1a: King julien|0 fnt|[from] Sandstorm
|faint|p1a: King julien
|upkeep
|
|t:|1664215492
|switch|p1a: Mort|Moltres|100/100
|-ability|p1a: Mort|Pressure
|turn|14
|c|☆scrimzn|oh
|
|t:|1664215498
|move|p2a: Nihilego|Thunderbolt|p1a: Mort
|-supereffective|p1a: Mort
|-damage|p1a: Mort|12/100
|move|p1a: Mort|Mystical Fire|p2a: Nihilego
|-resisted|p2a: Nihilego
|-damage|p2a: Nihilego|26/100
|-unboost|p2a: Nihilego|spa|1
|
|-weather|Sandstorm|[upkeep]
|-damage|p1a: Mort|6/100|[from] Sandstorm
|upkeep
|turn|15
|
|t:|1664215512
|move|p2a: Nihilego|Thunderbolt|p1a: Mort
|-supereffective|p1a: Mort
|-damage|p1a: Mort|0 fnt
|faint|p1a: Mort
|-ability|p2a: Nihilego|Beast Boost|boost
|-boost|p2a: Nihilego|spe|1
|
|-weather|Sandstorm|[upkeep]
|upkeep
|c|☆ExiDudi|GG wow this team is weak
|c|☆ExiDudi|To nihilego
|
|t:|1664215523
|switch|p1a: Skipper|Thievul, M|100/100
|-damage|p1a: Skipper|84/100|[from] Spikes
|-damage|p1a: Skipper|72/100|[from] Stealth Rock
|turn|16
|
|t:|1664215537
|move|p2a: Nihilego|Sludge Wave|p1a: Skipper
|-damage|p1a: Skipper|12/100
|move|p1a: Skipper|Dark Pulse|p2a: Nihilego
|-damage|p2a: Nihilego|0 fnt
|faint|p2a: Nihilego
|
|-weather|none
|upkeep
|
|t:|1664215546
|switch|p2a: Hippowdon|Hippowdon, F|82/100
|-damage|p2a: Hippowdon|76/100|[from] Stealth Rock
|-damage|p2a: Hippowdon|51/100|[from] Spikes
|-weather|Sandstorm|[from] ability: Sand Stream|[of] p2a: Hippowdon
|turn|17
|
|t:|1664215553
|move|p1a: Skipper|Dark Pulse|p2a: Hippowdon
|-damage|p2a: Hippowdon|8/100
|move|p2a: Hippowdon|Slack Off|p2a: Hippowdon
|-heal|p2a: Hippowdon|58/100
|
|-weather|Sandstorm|[upkeep]
|-damage|p1a: Skipper|5/100|[from] Sandstorm
|upkeep
|turn|18
|
|t:|1664215560
|move|p1a: Skipper|Dark Pulse|p2a: Hippowdon
|-damage|p2a: Hippowdon|15/100
|move|p2a: Hippowdon|Slack Off|p2a: Hippowdon
|-heal|p2a: Hippowdon|65/100
|
|-weather|Sandstorm|[upkeep]
|-damage|p1a: Skipper|0 fnt|[from] Sandstorm
|faint|p1a: Skipper
|upkeep
|
|t:|1664215564
|switch|p1a: Eva|Skarmory, F|88/100
|-damage|p1a: Eva|76/100|[from] Stealth Rock
|turn|19
|c|☆scrimzn|uh
|
|t:|1664215585
|switch|p2a: Tentacruel|Tentacruel, M|100/100
|-damage|p2a: Tentacruel|88/100|[from] Stealth Rock
|-damage|p2a: Tentacruel|63/100|[from] Spikes
|move|p1a: Eva|Iron Defense|p1a: Eva
|-boost|p1a: Eva|def|2
|
|-weather|Sandstorm|[upkeep]
|-damage|p2a: Tentacruel|57/100|[from] Sandstorm
|-heal|p2a: Tentacruel|63/100|[from] item: Black Sludge
|upkeep
|turn|20
|c|☆scrimzn|i didnt think about this
|
|t:|1664215602
|move|p2a: Tentacruel|Scald|p1a: Eva
|-damage|p1a: Eva|45/100
|-status|p1a: Eva|brn
|move|p1a: Eva|Body Press|p2a: Tentacruel
|-resisted|p2a: Tentacruel
|-damage|p2a: Tentacruel|46/100
|
|-weather|Sandstorm|[upkeep]
|-damage|p2a: Tentacruel|40/100|[from] Sandstorm
|-heal|p2a: Tentacruel|46/100|[from] item: Black Sludge
|-damage|p1a: Eva|39/100 brn|[from] brn
|upkeep
|turn|21
|
|t:|1664215614
|move|p2a: Tentacruel|Scald|p1a: Eva
|-damage|p1a: Eva|9/100 brn
|move|p1a: Eva|Roost|p1a: Eva
|-heal|p1a: Eva|59/100 brn
|-singleturn|p1a: Eva|move: Roost
|
|-weather|none
|-heal|p2a: Tentacruel|52/100|[from] item: Black Sludge
|-damage|p1a: Eva|53/100 brn|[from] brn
|upkeep
|turn|22
|
|t:|1664215635
|move|p2a: Tentacruel|Scald|p1a: Eva
|-damage|p1a: Eva|23/100 brn
|move|p1a: Eva|Roost|p1a: Eva
|-heal|p1a: Eva|73/100 brn
|-singleturn|p1a: Eva|move: Roost
|
|-heal|p2a: Tentacruel|58/100|[from] item: Black Sludge
|-damage|p1a: Eva|67/100 brn|[from] brn
|upkeep
|turn|23
|c|☆scrimzn|i dont think
|c|☆scrimzn|garticuno does more than 50%
|c|☆scrimzn|hmm
|c|☆ExiDudi|It doesn't
|c|☆scrimzn|uhh
|c|☆scrimzn|XD
|
|t:|1664215694
|move|p2a: Tentacruel|Knock Off|p1a: Eva
|-damage|p1a: Eva|62/100 brn
|-damage|p2a: Tentacruel|41/100|[from] item: Rocky Helmet|[of] p1a: Eva
|-enditem|p1a: Eva|Rocky Helmet|[from] move: Knock Off|[of] p2a: Tentacruel
|move|p1a: Eva|Roost|p1a: Eva
|-heal|p1a: Eva|100/100 brn
|-singleturn|p1a: Eva|move: Roost
|
|-heal|p2a: Tentacruel|47/100|[from] item: Black Sludge
|-damage|p1a: Eva|95/100 brn|[from] brn
|upkeep
|turn|24
|c|☆scrimzn|what i do
|
|t:|1664215717
|move|p2a: Tentacruel|Rapid Spin|p1a: Eva
|-resisted|p1a: Eva
|-damage|p1a: Eva|93/100 brn
|-boost|p2a: Tentacruel|spe|1
|-sideend|p2: scrimzn|Spikes|[from] move: Rapid Spin|[of] p2a: Tentacruel
|-sideend|p2: scrimzn|Stealth Rock|[from] move: Rapid Spin|[of] p2a: Tentacruel
|move|p1a: Eva|Iron Defense|p1a: Eva
|-boost|p1a: Eva|def|2
|
|-heal|p2a: Tentacruel|53/100|[from] item: Black Sludge
|-damage|p1a: Eva|87/100 brn|[from] brn
|upkeep
|turn|25
|c|☆ExiDudi|I don't know
|
|t:|1664215738
|switch|p2a: Articuno|Articuno-Galar|84/100
|move|p1a: Eva|Iron Defense|p1a: Eva
|-boost|p1a: Eva|def|2
|
|-damage|p1a: Eva|81/100 brn|[from] brn
|upkeep
|turn|26
|
|t:|1664215745
|move|p2a: Articuno|Hurricane|p1a: Eva
|-resisted|p1a: Eva
|-damage|p1a: Eva|40/100 brn
|-start|p1a: Eva|confusion
|-activate|p1a: Eva|confusion
|move|p1a: Eva|Roost|p1a: Eva
|-heal|p1a: Eva|90/100 brn
|-singleturn|p1a: Eva|move: Roost
|
|-damage|p1a: Eva|84/100 brn|[from] brn
|upkeep
|turn|27
|c|☆scrimzn|ah
|
|t:|1664215755
|move|p2a: Articuno|Hurricane|p1a: Eva|[miss]
|-miss|p2a: Articuno|p1a: Eva
|-end|p1a: Eva|confusion
|move|p1a: Eva|Roost|p1a: Eva
|-heal|p1a: Eva|100/100 brn
|-singleturn|p1a: Eva|move: Roost
|
|-damage|p1a: Eva|95/100 brn|[from] brn
|upkeep
|turn|28
|
|t:|1664215764
|move|p2a: Articuno|Hurricane|p1a: Eva
|-resisted|p1a: Eva
|-damage|p1a: Eva|54/100 brn
|move|p1a: Eva|Body Press|p2a: Articuno
|-resisted|p2a: Articuno
|-damage|p2a: Articuno|68/100
|
|-damage|p1a: Eva|48/100 brn|[from] brn
|upkeep
|turn|29
|
|t:|1664215772
|move|p2a: Articuno|Hurricane|p1a: Eva
|-resisted|p1a: Eva
|-damage|p1a: Eva|7/100 brn
|move|p1a: Eva|Roost|p1a: Eva
|-heal|p1a: Eva|57/100 brn
|-singleturn|p1a: Eva|move: Roost
|
|-damage|p1a: Eva|51/100 brn|[from] brn
|upkeep
|turn|30
|
|t:|1664215781
|move|p2a: Articuno|Hurricane|p1a: Eva
|-resisted|p1a: Eva
|-damage|p1a: Eva|7/100 brn
|move|p1a: Eva|Roost|p1a: Eva
|-heal|p1a: Eva|57/100 brn
|-singleturn|p1a: Eva|move: Roost
|
|-damage|p1a: Eva|51/100 brn|[from] brn
|upkeep
|turn|31
|
|t:|1664215790
|move|p2a: Articuno|Recover|p2a: Articuno
|-heal|p2a: Articuno|100/100
|move|p1a: Eva|Roost|p1a: Eva
|-heal|p1a: Eva|100/100 brn
|-singleturn|p1a: Eva|move: Roost
|
|-damage|p1a: Eva|95/100 brn|[from] brn
|upkeep
|turn|32
|
|t:|1664215800
|move|p2a: Articuno|Psyshock|p1a: Eva
|-resisted|p1a: Eva
|-damage|p1a: Eva|91/100 brn
|move|p1a: Eva|Body Press|p2a: Articuno
|-resisted|p2a: Articuno
|-damage|p2a: Articuno|83/100
|
|-damage|p1a: Eva|85/100 brn|[from] brn
|upkeep
|turn|33
|
|t:|1664215814
|move|p2a: Articuno|Psyshock|p1a: Eva
|-resisted|p1a: Eva
|-damage|p1a: Eva|82/100 brn
|move|p1a: Eva|Body Press|p2a: Articuno
|-resisted|p2a: Articuno
|-damage|p2a: Articuno|65/100
|
|-damage|p1a: Eva|76/100 brn|[from] brn
|upkeep
|turn|34
|
|t:|1664215825
|move|p2a: Articuno|Hurricane|p1a: Eva
|-resisted|p1a: Eva
|-damage|p1a: Eva|36/100 brn
|move|p1a: Eva|Spikes|p2a: Articuno
|-sidestart|p2: scrimzn|Spikes
|
|-damage|p1a: Eva|30/100 brn|[from] brn
|upkeep
|turn|35
|c|☆ExiDudi|Okay well I lose now anyways
|c|☆ExiDudi|GG
|c|☆scrimzn|gg
|
|t:|1664215837
|move|p2a: Articuno|Hurricane|p1a: Eva
|-resisted|p1a: Eva
|-damage|p1a: Eva|0 fnt
|faint|p1a: Eva
|
|win|scrimzn
|l|☆ExiDudi
