|html|<div class="broadcast-blue"><strong>[Gen 8] UU is currently suspecting Moltres-Galar! For information on how to participate check out the <a href="https://www.smogon.com/forums/threads/np-ss-uu-stage-12-get-lucky.3700621/">suspect thread</a>.</strong></div>
|j|☆f2p ricky
|j|☆Eazigzagoon
|t:|1650838526
|gametype|singles
|player|p1|f2p ricky|lance-gen1rb|1254
|player|p2|Eazigzagoon|tuberf|1468
|teamsize|p1|6
|teamsize|p2|6
|gen|8
|tier|[Gen 8] UU
|rated|
|rule|Sleep Clause Mod: Limit one foe put to sleep
|rule|Species Clause: Limit one of each Pokémon
|rule|OHKO Clause: OHKO moves are banned
|rule|Evasion Moves Clause: Evasion moves are banned
|rule|Endless Battle Clause: Forcing endless battles is banned
|rule|HP Percentage Mod: HP is shown in percentages
|rule|Dynamax Clause: You cannot dynamax
|clearpoke
|poke|p1|Vanilluxe, M|
|poke|p1|Salamence, M|
|poke|p1|Excadrill, M|
|poke|p1|Azelf|
|poke|p1|Slowking, F|
|poke|p1|Zarude-Dada|
|poke|p2|Weezing-Galar, F|
|poke|p2|Cloyster, F|
|poke|p2|Hitmonlee, M|
|poke|p2|Necrozma|
|poke|p2|Keldeo-Resolute|
|poke|p2|Nihilego|
|teampreview
|
|t:|1650838534
|start
|switch|p1a: Excadrill|Excadrill, M|100/100
|switch|p2a: Weezing|Weezing-Galar, F|100/100
|-ability|p1a: Excadrill|Mold Breaker
|-fieldstart|move: Misty Terrain|[from] ability: Misty Surge|[of] p2a: Weezing
|turn|1
|
|t:|1650838542
|move|p1a: Excadrill|Earthquake|p2a: Weezing
|-supereffective|p2a: Weezing
|-damage|p2a: Weezing|5/100
|move|p2a: Weezing|Memento|p1a: Excadrill
|-unboost|p1a: Excadrill|atk|2
|-unboost|p1a: Excadrill|spa|2
|faint|p2a: Weezing
|
|upkeep
|
|t:|1650838549
|switch|p2a: Hitmonlee|Hitmonlee, M|100/100
|-enditem|p2a: Hitmonlee|Misty Seed
|-boost|p2a: Hitmonlee|spd|1|[from] item: Misty Seed
|turn|2
|
|t:|1650838554
|switch|p1a: Salamence|Salamence, M|100/100
|-ability|p1a: Salamence|Intimidate|boost
|-unboost|p2a: Hitmonlee|atk|1
|move|p2a: Hitmonlee|Bulk Up|p2a: Hitmonlee
|-boost|p2a: Hitmonlee|atk|1
|-boost|p2a: Hitmonlee|def|1
|
|upkeep
|turn|3
|
|t:|1650838565
|move|p2a: Hitmonlee|Stone Edge|p1a: Salamence
|-supereffective|p1a: Salamence
|-damage|p1a: Salamence|9/100
|move|p1a: Salamence|Draco Meteor|p2a: Hitmonlee|[miss]
|-miss|p1a: Salamence|p2a: Hitmonlee
|
|upkeep
|turn|4
|
|t:|1650838576
|switch|p1a: Slowking|Slowking, F|100/100
|move|p2a: Hitmonlee|Knock Off|p1a: Slowking
|-supereffective|p1a: Slowking
|-enditem|p1a: Slowking|Colbur Berry|[eat]
|-enditem|p1a: Slowking|Colbur Berry|[weaken]
|-damage|p1a: Slowking|75/100
|
|upkeep
|turn|5
|
|t:|1650838587
|move|p2a: Hitmonlee|Knock Off|p1a: Slowking
|-supereffective|p1a: Slowking
|-damage|p1a: Slowking|43/100
|move|p1a: Slowking|Future Sight|p2a: Hitmonlee
|-start|p1a: Slowking|move: Future Sight
|
|upkeep
|turn|6
|
|t:|1650838600
|move|p2a: Hitmonlee|Bulk Up|p2a: Hitmonlee
|-boost|p2a: Hitmonlee|atk|1
|-boost|p2a: Hitmonlee|def|1
|move|p1a: Slowking|Slack Off|p1a: Slowking
|-heal|p1a: Slowking|93/100
|
|upkeep
|turn|7
|
|t:|1650838613
|move|p2a: Hitmonlee|Knock Off|p1a: Slowking
|-supereffective|p1a: Slowking
|-damage|p1a: Slowking|45/100
|move|p1a: Slowking|Scald|p2a: Hitmonlee
|-damage|p2a: Hitmonlee|79/100
|
|-end|p2a: Hitmonlee|move: Future Sight
|-supereffective|p2a: Hitmonlee
|-damage|p2a: Hitmonlee|13/100
|upkeep
|turn|8
|
|t:|1650838622
|move|p2a: Hitmonlee|Knock Off|p1a: Slowking
|-supereffective|p1a: Slowking
|-damage|p1a: Slowking|0 fnt
|faint|p1a: Slowking
|
|-fieldend|Misty Terrain
|upkeep
|
|t:|1650838633
|switch|p1a: Azelf|Azelf|100/100
|turn|9
|
|t:|1650838637
|move|p2a: Hitmonlee|Knock Off|p1a: Azelf
|-supereffective|p1a: Azelf
|-damage|p1a: Azelf|0 fnt
|-enditem|p1a: Azelf|Expert Belt|[from] move: Knock Off|[of] p2a: Hitmonlee
|faint|p1a: Azelf
|
|upkeep
|
|t:|1650838643
|switch|p1a: Salamence|Salamence, M|9/100
|-ability|p1a: Salamence|Intimidate|boost
|-unboost|p2a: Hitmonlee|atk|1
|turn|10
|
|t:|1650838650
|switch|p1a: Zarude|Zarude-Dada|100/100
|move|p2a: Hitmonlee|Knock Off|p1a: Zarude
|-resisted|p1a: Zarude
|-damage|p1a: Zarude|85/100
|-enditem|p1a: Zarude|Heavy-Duty Boots|[from] move: Knock Off|[of] p2a: Hitmonlee
|
|upkeep
|turn|11
|
|t:|1650838657
|move|p2a: Hitmonlee|Close Combat|p1a: Zarude
|-supereffective|p1a: Zarude
|-damage|p1a: Zarude|0 fnt
|-unboost|p2a: Hitmonlee|def|1
|-unboost|p2a: Hitmonlee|spd|1
|faint|p1a: Zarude
|
|upkeep
|c|☆f2p ricky|the draco miss did me dirty lol
|-message|f2p ricky forfeited.
|
|win|Eazigzagoon
|raw|f2p ricky's rating: 1254 &rarr; <strong>1243</strong><br />(-11 for losing)
|raw|Eazigzagoon's rating: 1468 &rarr; <strong>1477</strong><br />(+9 for winning)
|l|☆f2p ricky
|c|☆Eazigzagoon|sry
