|j|☆Ichindar2
|j|☆Liz Angeles
|t:|1666730623
|gametype|singles
|player|p1|Ichindar2|clerk|1370
|player|p2|Liz Angeles|marley|1550
|teamsize|p1|6
|teamsize|p2|6
|gen|8
|tier|[Gen 8] UU
|rated|
|rule|Sleep Clause Mod: Limit one foe put to sleep
|rule|Species Clause: Limit one of each Pokémon
|rule|OHKO Clause: OHKO moves are banned
|rule|Evasion Items Clause: Evasion items are banned
|rule|Evasion Moves Clause: Evasion moves are banned
|rule|Endless Battle Clause: Forcing endless battles is banned
|rule|HP Percentage Mod: HP is shown in percentages
|rule|Dynamax Clause: You cannot dynamax
|clearpoke
|poke|p1|Salamence, F|
|poke|p1|Celesteela|
|poke|p1|Chansey, F|
|poke|p1|Regieleki|
|poke|p1|Krookodile, F|
|poke|p1|Primarina, F|
|poke|p2|Sirfetch’d, F|
|poke|p2|Sylveon, M|
|poke|p2|Salamence, F|
|poke|p2|Slowking, M|
|poke|p2|Nidoqueen, F|
|poke|p2|Zarude|
|teampreview
|inactive|Battle timer is ON: inactive players will automatically lose when time's up. (requested by Liz Angeles)
|
|t:|1666730645
|start
|switch|p1a: Krookodile|Krookodile, F|100/100
|switch|p2a: Sirfetch’d|Sirfetch’d, F|100/100
|-ability|p1a: Krookodile|Intimidate|boost
|-fail|p2a: Sirfetch’d|unboost|Attack|[from] ability: Scrappy|[of] p2a: Sirfetch’d
|turn|1
|
|t:|1666730653
|switch|p1a: Salamence|Salamence, F|100/100
|-ability|p1a: Salamence|Intimidate|boost
|-fail|p2a: Sirfetch’d|unboost|Attack|[from] ability: Scrappy|[of] p2a: Sirfetch’d
|move|p2a: Sirfetch’d|Close Combat|p1a: Salamence
|-resisted|p1a: Salamence
|-crit|p1a: Salamence
|-damage|p1a: Salamence|55/100
|-unboost|p2a: Sirfetch’d|def|1
|-unboost|p2a: Sirfetch’d|spd|1
|
|upkeep
|turn|2
|
|t:|1666730667
|switch|p2a: Sylveon|Sylveon, M|100/100
|move|p1a: Salamence|Roost|p1a: Salamence
|-heal|p1a: Salamence|100/100
|-singleturn|p1a: Salamence|move: Roost
|
|upkeep
|turn|3
|
|t:|1666730675
|switch|p1a: Chansey|Chansey, F|100/100
|switch|p2a: Nidoqueen|Nidoqueen, F|100/100
|
|upkeep
|turn|4
|
|t:|1666730681
|move|p2a: Nidoqueen|Stealth Rock|p1a: Chansey
|-sidestart|p1: Ichindar2|move: Stealth Rock
|move|p1a: Chansey|Seismic Toss|p2a: Nidoqueen
|-damage|p2a: Nidoqueen|72/100
|
|upkeep
|turn|5
|
|t:|1666730686
|switch|p2a: Sirfetch’d|Sirfetch’d, F|100/100
|move|p1a: Chansey|Teleport|p1a: Chansey
|
|t:|1666730691
|switch|p1a: Celesteela|Celesteela|100/100|[from]move: Teleport
|-damage|p1a: Celesteela|88/100|[from] Stealth Rock
|
|upkeep
|turn|6
|j| ExiDudi
|j| amogusroxyrrrr
|j| pokemonisfun
|c| pokemonisfun|duck
|c| ExiDudi|duck
|inactive|Liz Angeles has 120 seconds left.
|
|t:|1666730738
|move|p2a: Sirfetch’d|Close Combat|p1a: Celesteela
|-damage|p1a: Celesteela|14/100
|-unboost|p2a: Sirfetch’d|def|1
|-unboost|p2a: Sirfetch’d|spd|1
|move|p1a: Celesteela|Heavy Slam|p2a: Sirfetch’d
|-damage|p2a: Sirfetch’d|0 fnt
|faint|p2a: Sirfetch’d
|-ability|p1a: Celesteela|Beast Boost|boost
|-boost|p1a: Celesteela|atk|1
|
|upkeep
|
|t:|1666730748
|switch|p2a: Nidoqueen|Nidoqueen, F|72/100
|turn|7
|
|t:|1666730755
|switch|p1a: Chansey|Chansey, F|100/100
|-damage|p1a: Chansey|88/100|[from] Stealth Rock
|move|p2a: Nidoqueen|Flamethrower|p1a: Chansey
|-damage|p1a: Chansey|77/100
|
|upkeep
|turn|8
|
|t:|1666730773
|switch|p2a: Zarude|Zarude|100/100
|move|p1a: Chansey|Seismic Toss|p2a: Zarude
|-damage|p2a: Zarude|72/100
|
|upkeep
|turn|9
|
|t:|1666730782
|move|p2a: Zarude|U-turn|p1a: Chansey
|-damage|p1a: Chansey|63/100
|
|t:|1666730785
|switch|p2a: Sylveon|Sylveon, M|100/100|[from]move: U-turn
|move|p1a: Chansey|Soft-Boiled|p1a: Chansey
|-heal|p1a: Chansey|100/100
|
|upkeep
|turn|10
|
|t:|1666730791
|move|p2a: Sylveon|Wish|p2a: Sylveon
|move|p1a: Chansey|Thunder Wave|p2a: Sylveon
|-status|p2a: Sylveon|par
|
|upkeep
|turn|11
|
|t:|1666730797
|switch|p2a: Nidoqueen|Nidoqueen, F|72/100
|move|p1a: Chansey|Teleport|p1a: Chansey
|
|t:|1666730806
|switch|p1a: Krookodile|Krookodile, F|100/100|[from]move: Teleport
|-damage|p1a: Krookodile|94/100|[from] Stealth Rock
|-ability|p1a: Krookodile|Intimidate|boost
|-unboost|p2a: Nidoqueen|atk|1
|
|-heal|p2a: Nidoqueen|100/100|[from] move: Wish|[wisher] Sylveon
|-heal|p1a: Krookodile|100/100|[from] item: Leftovers
|upkeep
|turn|12
|
|t:|1666730815
|switch|p2a: Zarude|Zarude|72/100
|move|p1a: Krookodile|Knock Off|p2a: Zarude
|-resisted|p2a: Zarude
|-damage|p2a: Zarude|46/100
|-enditem|p2a: Zarude|Choice Scarf|[from] move: Knock Off|[of] p1a: Krookodile
|
|upkeep
|turn|13
|
|t:|1666730825
|switch|p1a: Salamence|Salamence, F|100/100
|-ability|p1a: Salamence|Intimidate|boost
|-unboost|p2a: Zarude|atk|1
|move|p2a: Zarude|Power Whip|p1a: Salamence
|-resisted|p1a: Salamence
|-damage|p1a: Salamence|92/100
|
|upkeep
|turn|14
|
|t:|1666730834
|move|p2a: Zarude|U-turn|p1a: Salamence
|-resisted|p1a: Salamence
|-damage|p1a: Salamence|85/100
|
|t:|1666730837
|switch|p2a: Sylveon|Sylveon, M|100/100 par|[from]move: U-turn
|move|p1a: Salamence|Defog|p2a: Sylveon
|-unboost|p2a: Sylveon|evasion|1
|-sideend|p1: Ichindar2|Stealth Rock|[from] move: Defog|[of] p1a: Salamence
|
|upkeep
|turn|15
|
|t:|1666730847
|switch|p1a: Chansey|Chansey, F|100/100
|switch|p2a: Nidoqueen|Nidoqueen, F|100/100
|
|upkeep
|turn|16
|
|t:|1666730856
|move|p2a: Nidoqueen|Stealth Rock|p1a: Chansey
|-sidestart|p1: Ichindar2|move: Stealth Rock
|move|p1a: Chansey|Seismic Toss|p2a: Nidoqueen
|-damage|p2a: Nidoqueen|72/100
|
|upkeep
|turn|17
|
|t:|1666730864
|switch|p2a: Sylveon|Sylveon, M|100/100 par
|move|p1a: Chansey|Seismic Toss|p2a: Sylveon
|-damage|p2a: Sylveon|75/100 par
|
|-heal|p2a: Sylveon|81/100 par|[from] item: Leftovers
|upkeep
|turn|18
|
|t:|1666730872
|move|p2a: Sylveon|Wish|p2a: Sylveon
|move|p1a: Chansey|Teleport|p1a: Chansey
|
|t:|1666730876
|switch|p1a: Celesteela|Celesteela|14/100|[from]move: Teleport
|-damage|p1a: Celesteela|2/100|[from] Stealth Rock
|
|-heal|p2a: Sylveon|87/100 par|[from] item: Leftovers
|upkeep
|turn|19
|
|t:|1666730882
|switch|p2a: Salamence|Salamence, F|100/100
|-ability|p2a: Salamence|Intimidate|boost
|-unboost|p1a: Celesteela|atk|1
|move|p1a: Celesteela|Stone Edge|p2a: Salamence
|-supereffective|p2a: Salamence
|-damage|p2a: Salamence|44/100
|
|-heal|p2a: Salamence|94/100|[from] move: Wish|[wisher] Sylveon
|upkeep
|turn|20
|
|t:|1666730891
|move|p2a: Salamence|Flamethrower|p1a: Celesteela
|-supereffective|p1a: Celesteela
|-damage|p1a: Celesteela|0 fnt
|faint|p1a: Celesteela
|
|upkeep
|
|t:|1666730904
|switch|p1a: Krookodile|Krookodile, F|100/100
|-damage|p1a: Krookodile|94/100|[from] Stealth Rock
|-ability|p1a: Krookodile|Intimidate|boost
|-unboost|p2a: Salamence|atk|1
|turn|21
|
|t:|1666730915
|switch|p2a: Sylveon|Sylveon, M|87/100 par
|move|p1a: Krookodile|Knock Off|p2a: Sylveon
|-resisted|p2a: Sylveon
|-damage|p2a: Sylveon|60/100 par
|-enditem|p2a: Sylveon|Leftovers|[from] move: Knock Off|[of] p1a: Krookodile
|
|-heal|p1a: Krookodile|100/100|[from] item: Leftovers
|upkeep
|turn|22
|
|t:|1666730924
|move|p1a: Krookodile|Earthquake|p2a: Sylveon
|-damage|p2a: Sylveon|0 fnt
|faint|p2a: Sylveon
|
|upkeep
|
|t:|1666730928
|switch|p2a: Zarude|Zarude|46/100
|turn|23
|
|t:|1666730934
|switch|p1a: Salamence|Salamence, F|85/100
|-ability|p1a: Salamence|Intimidate|boost
|-unboost|p2a: Zarude|atk|1
|move|p2a: Zarude|Power Whip|p1a: Salamence
|-resisted|p1a: Salamence
|-damage|p1a: Salamence|77/100
|
|upkeep
|turn|24
|
|t:|1666730944
|move|p2a: Zarude|U-turn|p1a: Salamence
|-resisted|p1a: Salamence
|-damage|p1a: Salamence|71/100
|
|t:|1666730946
|switch|p2a: Slowking|Slowking, M|100/100|[from]move: U-turn
|move|p1a: Salamence|Defog|p2a: Slowking
|-unboost|p2a: Slowking|evasion|1
|-sideend|p1: Ichindar2|Stealth Rock|[from] move: Defog|[of] p1a: Salamence
|
|upkeep
|turn|25
|
|t:|1666730962
|switch|p1a: Chansey|Chansey, F|100/100
|move|p2a: Slowking|Toxic|p1a: Chansey
|-status|p1a: Chansey|tox
|
|-damage|p1a: Chansey|94/100 tox|[from] psn
|upkeep
|turn|26
|
|t:|1666730974
|move|p2a: Slowking|Psyshock|p1a: Chansey
|-crit|p1a: Chansey
|-damage|p1a: Chansey|70/100 tox
|move|p1a: Chansey|Teleport|p1a: Chansey
|
|t:|1666730978
|-curestatus|p1a: Chansey|tox|[from] ability: Natural Cure
|switch|p1a: Krookodile|Krookodile, F|100/100|[from]move: Teleport
|-ability|p1a: Krookodile|Intimidate|boost
|-unboost|p2a: Slowking|atk|1
|
|upkeep
|turn|27
|
|t:|1666730984
|move|p1a: Krookodile|Knock Off|p2a: Slowking
|-supereffective|p2a: Slowking
|-damage|p2a: Slowking|31/100
|-enditem|p2a: Slowking|Leftovers|[from] move: Knock Off|[of] p1a: Krookodile
|move|p2a: Slowking|Toxic|p1a: Krookodile
|-status|p1a: Krookodile|tox
|
|-damage|p1a: Krookodile|94/100 tox|[from] psn
|upkeep
|turn|28
|
|t:|1666730992
|switch|p2a: Zarude|Zarude|46/100
|move|p1a: Krookodile|Stealth Rock|p2a: Zarude
|-sidestart|p2: Liz Angeles|move: Stealth Rock
|
|-heal|p1a: Krookodile|100/100 tox|[from] item: Leftovers
|-damage|p1a: Krookodile|88/100 tox|[from] psn
|upkeep
|turn|29
|
|t:|1666731004
|switch|p1a: Salamence|Salamence, F|71/100
|-ability|p1a: Salamence|Intimidate|boost
|-unboost|p2a: Zarude|atk|1
|move|p2a: Zarude|U-turn|p1a: Salamence
|-resisted|p1a: Salamence
|-damage|p1a: Salamence|64/100
|
|t:|1666731010
|switch|p2a: Salamence|Salamence, F|94/100|[from]move: U-turn
|-ability|p2a: Salamence|Intimidate|boost
|-unboost|p1a: Salamence|atk|1
|
|upkeep
|turn|30
|
|t:|1666731016
|switch|p1a: Primarina|Primarina, F|100/100
|move|p2a: Salamence|Defog|p1a: Primarina
|-unboost|p1a: Primarina|evasion|1
|-sideend|p2: Liz Angeles|Stealth Rock|[from] move: Defog|[of] p2a: Salamence
|
|upkeep
|turn|31
|
|t:|1666731027
|switch|p2a: Nidoqueen|Nidoqueen, F|72/100
|move|p1a: Primarina|Moonblast|p2a: Nidoqueen
|-resisted|p2a: Nidoqueen
|-damage|p2a: Nidoqueen|49/100
|
|upkeep
|turn|32
|
|t:|1666731035
|switch|p1a: Chansey|Chansey, F|70/100
|move|p2a: Nidoqueen|Sludge Wave|p1a: Chansey
|-damage|p1a: Chansey|52/100
|
|upkeep
|turn|33
|
|t:|1666731044
|move|p2a: Nidoqueen|Stealth Rock|p1a: Chansey
|-sidestart|p1: Ichindar2|move: Stealth Rock
|move|p1a: Chansey|Thunder Wave|p2a: Nidoqueen
|-immune|p2a: Nidoqueen
|
|upkeep
|turn|34
|
|t:|1666731050
|switch|p2a: Slowking|Slowking, M|65/100
|move|p1a: Chansey|Seismic Toss|p2a: Slowking
|-damage|p2a: Slowking|39/100
|
|upkeep
|turn|35
|
|t:|1666731056
|move|p1a: Chansey|Soft-Boiled|p1a: Chansey
|-heal|p1a: Chansey|100/100
|move|p2a: Slowking|Slack Off|p2a: Slowking
|-heal|p2a: Slowking|89/100
|
|upkeep
|turn|36
|
|t:|1666731070
|move|p1a: Chansey|Thunder Wave|p2a: Slowking
|-status|p2a: Slowking|par
|move|p2a: Slowking|Psyshock|p1a: Chansey
|-crit|p1a: Chansey
|-damage|p1a: Chansey|75/100
|
|upkeep
|turn|37
|
|t:|1666731079
|move|p1a: Chansey|Seismic Toss|p2a: Slowking
|-damage|p2a: Slowking|64/100 par
|move|p2a: Slowking|Scald|p1a: Chansey
|-damage|p1a: Chansey|66/100
|-status|p1a: Chansey|brn
|
|-damage|p1a: Chansey|60/100 brn|[from] brn
|upkeep
|turn|38
|
|t:|1666731088
|move|p2a: Slowking|Slack Off|p2a: Slowking
|-heal|p2a: Slowking|100/100 par
|move|p1a: Chansey|Teleport|p1a: Chansey
|
|t:|1666731095
|-curestatus|p1a: Chansey|brn|[from] ability: Natural Cure
|switch|p1a: Krookodile|Krookodile, F|88/100 tox|[from]move: Teleport
|-damage|p1a: Krookodile|82/100 tox|[from] Stealth Rock
|-ability|p1a: Krookodile|Intimidate|boost
|-unboost|p2a: Slowking|atk|1
|
|-heal|p1a: Krookodile|88/100 tox|[from] item: Leftovers
|-damage|p1a: Krookodile|82/100 tox|[from] psn
|upkeep
|turn|39
|
|t:|1666731105
|move|p1a: Krookodile|Knock Off|p2a: Slowking
|-supereffective|p2a: Slowking
|-damage|p2a: Slowking|50/100 par
|move|p2a: Slowking|Scald|p1a: Krookodile
|-supereffective|p1a: Krookodile
|-damage|p1a: Krookodile|17/100 tox
|
|-heal|p1a: Krookodile|23/100 tox|[from] item: Leftovers
|-damage|p1a: Krookodile|11/100 tox|[from] psn
|upkeep
|turn|40
|
|t:|1666731114
|switch|p2a: Salamence|Salamence, F|94/100
|-ability|p2a: Salamence|Intimidate|boost
|-unboost|p1a: Krookodile|atk|1
|move|p1a: Krookodile|Stealth Rock|p2a: Salamence
|-sidestart|p2: Liz Angeles|move: Stealth Rock
|
|-heal|p1a: Krookodile|17/100 tox|[from] item: Leftovers
|-damage|p1a: Krookodile|0 fnt|[from] psn
|faint|p1a: Krookodile
|upkeep
|
|t:|1666731124
|switch|p1a: Primarina|Primarina, F|100/100
|-damage|p1a: Primarina|88/100|[from] Stealth Rock
|turn|41
|
|t:|1666731133
|switch|p2a: Slowking|Slowking, M|83/100 par
|-damage|p2a: Slowking|71/100 par|[from] Stealth Rock
|move|p1a: Primarina|Moonblast|p2a: Slowking
|-damage|p2a: Slowking|35/100 par
|
|-heal|p1a: Primarina|94/100|[from] item: Leftovers
|upkeep
|turn|42
|inactive|Liz Angeles has 120 seconds left.
|
|t:|1666731163
|switch|p2a: Salamence|Salamence, F|94/100
|-ability|p2a: Salamence|Intimidate|boost
|-unboost|p1a: Primarina|atk|1
|move|p1a: Primarina|Scald|p2a: Salamence
|-resisted|p2a: Salamence
|-damage|p2a: Salamence|74/100
|
|-heal|p1a: Primarina|99/100|[from] item: Leftovers
|upkeep
|turn|43
|
|t:|1666731173
|move|p2a: Salamence|Dual Wingbeat|p1a: Primarina
|-damage|p1a: Primarina|79/100
|-crit|p1a: Primarina
|-damage|p1a: Primarina|49/100
|-hitcount|p1a: Primarina|2
|move|p1a: Primarina|Moonblast|p2a: Salamence
|-supereffective|p2a: Salamence
|-damage|p2a: Salamence|0 fnt
|faint|p2a: Salamence
|
|-heal|p1a: Primarina|55/100|[from] item: Leftovers
|upkeep
|
|t:|1666731181
|switch|p2a: Nidoqueen|Nidoqueen, F|49/100
|-damage|p2a: Nidoqueen|43/100|[from] Stealth Rock
|turn|44
|
|t:|1666731187
|switch|p1a: Chansey|Chansey, F|60/100
|-damage|p1a: Chansey|48/100|[from] Stealth Rock
|move|p2a: Nidoqueen|Sludge Wave|p1a: Chansey
|-damage|p1a: Chansey|28/100
|
|upkeep
|turn|45
|
|t:|1666731194
|move|p2a: Nidoqueen|Earth Power|p1a: Chansey
|-damage|p1a: Chansey|10/100
|move|p1a: Chansey|Soft-Boiled|p1a: Chansey
|-heal|p1a: Chansey|60/100
|
|upkeep
|turn|46
|
|t:|1666731201
|switch|p2a: Slowking|Slowking, M|68/100 par
|-damage|p2a: Slowking|55/100 par|[from] Stealth Rock
|move|p1a: Chansey|Seismic Toss|p2a: Slowking
|-damage|p2a: Slowking|30/100 par
|
|upkeep
|turn|47
|
|t:|1666731208
|move|p1a: Chansey|Seismic Toss|p2a: Slowking
|-damage|p2a: Slowking|5/100 par
|move|p2a: Slowking|Slack Off|p2a: Slowking
|-heal|p2a: Slowking|55/100 par
|
|upkeep
|turn|48
|
|t:|1666731219
|move|p1a: Chansey|Soft-Boiled|p1a: Chansey
|-heal|p1a: Chansey|100/100
|move|p2a: Slowking|Slack Off|p2a: Slowking
|-heal|p2a: Slowking|100/100 par
|
|upkeep
|turn|49
|
|t:|1666731224
|switch|p1a: Primarina|Primarina, F|55/100
|-damage|p1a: Primarina|43/100|[from] Stealth Rock
|move|p2a: Slowking|Toxic|p1a: Primarina|[miss]
|-miss|p2a: Slowking|p1a: Primarina
|
|-heal|p1a: Primarina|49/100|[from] item: Leftovers
|upkeep
|turn|50
|
|t:|1666731234
|move|p1a: Primarina|Moonblast|p2a: Slowking
|-damage|p2a: Slowking|63/100 par
|move|p2a: Slowking|Toxic|p1a: Primarina
|-status|p1a: Primarina|tox
|
|-heal|p1a: Primarina|55/100 tox|[from] item: Leftovers
|-damage|p1a: Primarina|49/100 tox|[from] psn
|upkeep
|turn|51
|
|t:|1666731242
|move|p1a: Primarina|Rest|p1a: Primarina
|-status|p1a: Primarina|slp|[from] move: Rest
|-heal|p1a: Primarina|100/100 slp|[silent]
|move|p2a: Slowking|Slack Off|p2a: Slowking
|-heal|p2a: Slowking|100/100 par
|
|upkeep
|turn|52
|
|t:|1666731249
|cant|p1a: Primarina|slp
|move|p1a: Primarina|Sleep Talk|p1a: Primarina
|move|p1a: Primarina|Scald|p2a: Slowking|[from]move: Sleep Talk
|-resisted|p2a: Slowking
|-damage|p2a: Slowking|87/100 par
|cant|p2a: Slowking|par
|
|upkeep
|turn|53
|
|t:|1666731256
|cant|p1a: Primarina|slp
|move|p1a: Primarina|Sleep Talk|p1a: Primarina
|move|p1a: Primarina|Rest||[from]move: Sleep Talk|[still]
|-fail|p1a: Primarina
|move|p2a: Slowking|Psyshock|p1a: Primarina
|-damage|p1a: Primarina|71/100 slp
|
|-heal|p1a: Primarina|77/100 slp|[from] item: Leftovers
|upkeep
|turn|54
|
|t:|1666731265
|-curestatus|p1a: Primarina|slp|[msg]
|move|p1a: Primarina|Moonblast|p2a: Slowking
|-crit|p2a: Slowking
|-damage|p2a: Slowking|37/100 par
|-unboost|p2a: Slowking|spa|1
|move|p2a: Slowking|Toxic|p1a: Primarina
|-status|p1a: Primarina|tox
|
|-heal|p1a: Primarina|83/100 tox|[from] item: Leftovers
|-damage|p1a: Primarina|77/100 tox|[from] psn
|upkeep
|turn|55
|
|t:|1666731277
|move|p1a: Primarina|Moonblast|p2a: Slowking
|-damage|p2a: Slowking|0 fnt
|faint|p2a: Slowking
|
|-heal|p1a: Primarina|83/100 tox|[from] item: Leftovers
|-damage|p1a: Primarina|71/100 tox|[from] psn
|upkeep
|
|t:|1666731287
|switch|p2a: Zarude|Zarude|46/100
|-damage|p2a: Zarude|34/100|[from] Stealth Rock
|turn|56
|
|t:|1666731306
|move|p2a: Zarude|U-turn|p1a: Primarina
|-resisted|p1a: Primarina
|-damage|p1a: Primarina|59/100 tox
|-message|Liz Angeles forfeited.
|
|win|Ichindar2
|raw|Ichindar2's rating: 1370 &rarr; <strong>1400</strong><br />(+30 for winning)
|raw|Liz Angeles's rating: 1550 &rarr; <strong>1520</strong><br />(-30 for losing)
|l|☆Liz Angeles
|c|☆Ichindar2|gg
|l| amogusroxyrrrr
||Ladder isn't responding, score probably updated but might not have (Request timeout).
