|html|<div class="broadcast-blue"><strong>[Gen 8] UU is currently suspecting Latias! For information on how to participate check out the <a href="https://www.smogon.com/forums/threads/np-ss-uu-stage-8-2-cherry.3676723/">suspect thread</a>.</strong></div>
|j|☆EliotEnRetar
|j|☆Eustakien
|t:|1611443302
|player|p1|EliotEnRetar|falkner|1299
|player|p2|Eustakien|harlequin|1367
|teamsize|p1|6
|teamsize|p2|6
|gametype|singles
|gen|8
|tier|[Gen 8] UU
|rated|
|clearpoke
|poke|p1|Porygon-Z|
|poke|p1|Krookodile, M|
|poke|p1|Rotom-Wash|
|poke|p1|Scizor, F|
|poke|p1|Talonflame, M|
|poke|p1|Sylveon, M|
|poke|p2|Krookodile, M|
|poke|p2|Keldeo-Resolute|
|poke|p2|Skarmory, F|
|poke|p2|Chansey, F|
|poke|p2|Zeraora|
|poke|p2|Chandelure, F|
|rule|Sleep Clause Mod: Limit one foe put to sleep
|rule|Species Clause: Limit one of each Pokémon
|rule|OHKO Clause: OHKO moves are banned
|rule|Evasion Moves Clause: Evasion moves are banned
|rule|Endless Battle Clause: Forcing endless battles is banned
|rule|HP Percentage Mod: HP is shown in percentages
|rule|Dynamax Clause: You cannot dynamax
|teampreview
|inactive|Battle timer is ON: inactive players will automatically lose when time's up. (requested by EliotEnRetar)
|
|t:|1611443348
|start
|switch|p1a: CauetBurger|Rotom-Wash|100/100
|switch|p2a: Zeraora|Zeraora|100/100
|turn|1
|
|t:|1611443355
|move|p2a: Zeraora|Volt Switch|p1a: CauetBurger
|-damage|p1a: CauetBurger|78/100
|
|t:|1611443359
|switch|p2a: Chansey|Chansey, F|100/100|[from]move: Volt Switch
|move|p1a: CauetBurger|Will-O-Wisp|p2a: Chansey
|-status|p2a: Chansey|brn
|
|-heal|p1a: CauetBurger|84/100|[from] item: Leftovers
|-damage|p2a: Chansey|94/100 brn|[from] brn
|upkeep
|turn|2
|
|t:|1611443368
|move|p1a: CauetBurger|Volt Switch|p2a: Chansey
|-damage|p2a: Chansey|86/100 brn
|
|t:|1611443371
|switch|p1a: Schlass|Scizor, F|100/100|[from]move: Volt Switch
|move|p2a: Chansey|Stealth Rock|p1a: Schlass
|-sidestart|p1: EliotEnRetar|move: Stealth Rock
|
|-damage|p2a: Chansey|80/100 brn|[from] brn
|upkeep
|turn|3
|
|t:|1611443393
|switch|p2a: Skarmory|Skarmory, F|100/100
|move|p1a: Schlass|Swords Dance|p1a: Schlass
|-boost|p1a: Schlass|atk|2
|
|upkeep
|turn|4
|
|t:|1611443403
|move|p2a: Skarmory|Brave Bird|p1a: Schlass
|-damage|p1a: Schlass|63/100
|-damage|p2a: Skarmory|89/100|[from] Recoil
|move|p1a: Schlass|U-turn|p2a: Skarmory
|-resisted|p2a: Skarmory
|-damage|p2a: Skarmory|77/100
|-damage|p1a: Schlass|46/100|[from] item: Rocky Helmet|[of] p2a: Skarmory
|
|t:|1611443413
|switch|p1a: Porygon-NUBL|Porygon-Z|100/100|[from]move: U-turn
|-damage|p1a: Porygon-NUBL|88/100|[from] Stealth Rock
|
|upkeep
|turn|5
|
|t:|1611443425
|switch|p2a: Chansey|Chansey, F|80/100
|move|p1a: Porygon-NUBL|Tri Attack|p2a: Chansey
|-damage|p2a: Chansey|54/100
|-status|p2a: Chansey|frz
|
|upkeep
|turn|6
|
|t:|1611443434
|switch|p1a: Krookodile|Krookodile, M|100/100
|-damage|p1a: Krookodile|94/100|[from] Stealth Rock
|-ability|p1a: Krookodile|Intimidate|boost
|-unboost|p2a: Chansey|atk|1
|cant|p2a: Chansey|frz
|
|upkeep
|turn|7
|
|t:|1611443441
|-curestatus|p2a: Chansey|frz|[from] ability: Natural Cure
|switch|p2a: Krookodile|Krookodile, M|100/100
|-ability|p2a: Krookodile|Intimidate|boost
|-unboost|p1a: Krookodile|atk|1
|move|p1a: Krookodile|Stealth Rock|p2a: Krookodile
|-sidestart|p2: Eustakien|move: Stealth Rock
|
|upkeep
|turn|8
|
|t:|1611443470
|switch|p1a: CauetBurger|Rotom-Wash|84/100
|-damage|p1a: CauetBurger|72/100|[from] Stealth Rock
|move|p2a: Krookodile|Stone Edge|p1a: CauetBurger
|-damage|p1a: CauetBurger|44/100
|
|-heal|p1a: CauetBurger|50/100|[from] item: Leftovers
|upkeep
|turn|9
|
|t:|1611443485
|switch|p2a: Chansey|Chansey, F|54/100
|-damage|p2a: Chansey|42/100|[from] Stealth Rock
|move|p1a: CauetBurger|Hydro Pump|p2a: Chansey
|-damage|p2a: Chansey|29/100
|
|-heal|p1a: CauetBurger|56/100|[from] item: Leftovers
|upkeep
|turn|10
|
|t:|1611443499
|move|p1a: CauetBurger|Volt Switch|p2a: Chansey
|-damage|p2a: Chansey|21/100
|
|t:|1611443503
|switch|p1a: Schlass|Scizor, F|46/100|[from]move: Volt Switch
|-damage|p1a: Schlass|34/100|[from] Stealth Rock
|move|p2a: Chansey|Wish|p2a: Chansey
|
|upkeep
|turn|11
|
|t:|1611443511
|move|p1a: Schlass|U-turn|p2a: Chansey
|-damage|p2a: Chansey|0 fnt
|faint|p2a: Chansey
|
|t:|1611443520
|switch|p1a: BizouJeManvol|Talonflame, M|100/100|[from]move: U-turn
|
|upkeep
|
|t:|1611443532
|switch|p2a: Zeraora|Zeraora|100/100
|turn|12
|
|t:|1611443544
|switch|p1a: Ouais|Sylveon, M|100/100
|-damage|p1a: Ouais|88/100|[from] Stealth Rock
|move|p2a: Zeraora|Plasma Fists|p1a: Ouais
|-damage|p1a: Ouais|35/100
|-fieldactivate|move: Ion Deluge
|
|-heal|p1a: Ouais|41/100|[from] item: Leftovers
|upkeep
|turn|13
|
|t:|1611443564
|switch|p1a: Krookodile|Krookodile, M|94/100
|-damage|p1a: Krookodile|88/100|[from] Stealth Rock
|-ability|p1a: Krookodile|Intimidate|boost
|-unboost|p2a: Zeraora|atk|1
|move|p2a: Zeraora|Play Rough|p1a: Krookodile
|-supereffective|p1a: Krookodile
|-damage|p1a: Krookodile|40/100
|
|upkeep
|turn|14
|
|t:|1611443578
|switch|p2a: Skarmory|Skarmory, F|77/100
|-damage|p2a: Skarmory|65/100|[from] Stealth Rock
|move|p1a: Krookodile|Earthquake|p2a: Skarmory
|-immune|p2a: Skarmory
|
|upkeep
|turn|15
|
|t:|1611443591
|switch|p1a: Porygon-NUBL|Porygon-Z|88/100
|-damage|p1a: Porygon-NUBL|76/100|[from] Stealth Rock
|move|p2a: Skarmory|Toxic|p1a: Porygon-NUBL
|-status|p1a: Porygon-NUBL|tox
|
|-damage|p1a: Porygon-NUBL|70/100 tox|[from] psn
|upkeep
|turn|16
|
|t:|1611443606
|move|p1a: Porygon-NUBL|Thunderbolt|p2a: Skarmory
|-supereffective|p2a: Skarmory
|-damage|p2a: Skarmory|0 fnt
|faint|p2a: Skarmory
|
|-damage|p1a: Porygon-NUBL|58/100 tox|[from] psn
|upkeep
|
|t:|1611443618
|switch|p2a: Zeraora|Zeraora|100/100
|turn|17
|
|t:|1611443626
|move|p2a: Zeraora|Plasma Fists|p1a: Porygon-NUBL
|-damage|p1a: Porygon-NUBL|0 fnt
|-fieldactivate|move: Ion Deluge
|faint|p1a: Porygon-NUBL
|
|upkeep
|
|t:|1611443632
|switch|p1a: Krookodile|Krookodile, M|40/100
|-damage|p1a: Krookodile|34/100|[from] Stealth Rock
|-ability|p1a: Krookodile|Intimidate|boost
|-unboost|p2a: Zeraora|atk|1
|turn|18
|
|t:|1611443645
|switch|p2a: Krookodile|Krookodile, M|100/100
|-damage|p2a: Krookodile|94/100|[from] Stealth Rock
|-ability|p2a: Krookodile|Intimidate|boost
|-unboost|p1a: Krookodile|atk|1
|move|p1a: Krookodile|Earthquake|p2a: Krookodile
|-damage|p2a: Krookodile|52/100
|
|upkeep
|turn|19
|
|t:|1611443653
|switch|p1a: CauetBurger|Rotom-Wash|56/100
|-damage|p1a: CauetBurger|44/100|[from] Stealth Rock
|move|p2a: Krookodile|Knock Off|p1a: CauetBurger
|-damage|p1a: CauetBurger|6/100
|-enditem|p1a: CauetBurger|Leftovers|[from] move: Knock Off|[of] p2a: Krookodile
|
|upkeep
|turn|20
|
|t:|1611443661
|move|p2a: Krookodile|Knock Off|p1a: CauetBurger
|-damage|p1a: CauetBurger|0 fnt
|faint|p1a: CauetBurger
|
|upkeep
|
|t:|1611443670
|switch|p1a: Krookodile|Krookodile, M|34/100
|-damage|p1a: Krookodile|28/100|[from] Stealth Rock
|-ability|p1a: Krookodile|Intimidate|boost
|-unboost|p2a: Krookodile|atk|1
|turn|21
|
|t:|1611443675
|switch|p2a: Keldeo|Keldeo-Resolute|100/100
|-damage|p2a: Keldeo|94/100|[from] Stealth Rock
|move|p1a: Krookodile|Earthquake|p2a: Keldeo
|-damage|p2a: Keldeo|37/100
|
|upkeep
|turn|22
|
|t:|1611443684
|move|p1a: Krookodile|Earthquake|p2a: Keldeo
|-damage|p2a: Keldeo|0 fnt
|faint|p2a: Keldeo
|
|upkeep
|
|t:|1611443687
|switch|p2a: Krookodile|Krookodile, M|52/100
|-damage|p2a: Krookodile|46/100|[from] Stealth Rock
|-ability|p2a: Krookodile|Intimidate|boost
|-unboost|p1a: Krookodile|atk|1
|turn|23
|
|t:|1611443713
|switch|p1a: Schlass|Scizor, F|34/100
|-damage|p1a: Schlass|22/100|[from] Stealth Rock
|move|p2a: Krookodile|Stone Edge|p1a: Schlass
|-damage|p1a: Schlass|0 fnt
|faint|p1a: Schlass
|
|upkeep
|
|t:|1611443721
|switch|p1a: Krookodile|Krookodile, M|28/100
|-damage|p1a: Krookodile|22/100|[from] Stealth Rock
|-ability|p1a: Krookodile|Intimidate|boost
|-unboost|p2a: Krookodile|atk|1
|turn|24
|
|t:|1611443728
|switch|p2a: Chandelure|Chandelure, F|100/100
|move|p1a: Krookodile|Earthquake|p2a: Chandelure
|-supereffective|p2a: Chandelure
|-damage|p2a: Chandelure|0 fnt
|faint|p2a: Chandelure
|
|upkeep
|
|t:|1611443732
|switch|p2a: Krookodile|Krookodile, M|46/100
|-damage|p2a: Krookodile|40/100|[from] Stealth Rock
|-ability|p2a: Krookodile|Intimidate|boost
|-unboost|p1a: Krookodile|atk|1
|turn|25
|
|t:|1611443747
|move|p2a: Krookodile|Knock Off|p1a: Krookodile
|-resisted|p1a: Krookodile
|-damage|p1a: Krookodile|0 fnt
|-enditem|p1a: Krookodile|Choice Scarf|[from] move: Knock Off|[of] p2a: Krookodile
|faint|p1a: Krookodile
|
|upkeep
|
|t:|1611443754
|switch|p1a: Ouais|Sylveon, M|41/100
|-damage|p1a: Ouais|28/100|[from] Stealth Rock
|turn|26
|
|t:|1611443763
|move|p2a: Krookodile|Knock Off|p1a: Ouais
|-resisted|p1a: Ouais
|-damage|p1a: Ouais|2/100
|-enditem|p1a: Ouais|Leftovers|[from] move: Knock Off|[of] p2a: Krookodile
|move|p1a: Ouais|Yawn|p2a: Krookodile
|-start|p2a: Krookodile|move: Yawn|[of] p1a: Ouais
|
|upkeep
|turn|27
|
|t:|1611443771
|move|p2a: Krookodile|Knock Off|p1a: Ouais
|-resisted|p1a: Ouais
|-damage|p1a: Ouais|0 fnt
|faint|p1a: Ouais
|
|-end|p2a: Krookodile|move: Yawn|[silent]
|-status|p2a: Krookodile|slp
|upkeep
|
|t:|1611443777
|switch|p1a: BizouJeManvol|Talonflame, M|100/100
|turn|28
|
|t:|1611443780
|cant|p2a: Krookodile|slp
|move|p1a: BizouJeManvol|U-turn|p2a: Krookodile
|-supereffective|p2a: Krookodile
|-damage|p2a: Krookodile|0 fnt
|faint|p2a: Krookodile
|
|upkeep
|
|t:|1611443783
|switch|p2a: Zeraora|Zeraora|100/100
|turn|29
|
|t:|1611443787
|move|p1a: BizouJeManvol|Brave Bird|p2a: Zeraora
|-resisted|p2a: Zeraora
|-damage|p2a: Zeraora|68/100
|-damage|p1a: BizouJeManvol|89/100|[from] Recoil
|move|p2a: Zeraora|Plasma Fists|p1a: BizouJeManvol
|-supereffective|p1a: BizouJeManvol
|-damage|p1a: BizouJeManvol|0 fnt
|-fieldactivate|move: Ion Deluge
|faint|p1a: BizouJeManvol
|
|win|Eustakien
|c|☆Eustakien|gg
|l|☆EliotEnRetar
||Ladder (probably) updated, but score could not be retrieved (Request timeout).
