|j|☆DDD951
|j|☆Fousfull
|t:|1665429152
|gametype|singles
|player|p1|DDD951|265|1550
|player|p2|Fousfull|blackbelt-gen4|1672
|teamsize|p1|6
|teamsize|p2|6
|gen|8
|tier|[Gen 8] UU
|rated|
|rule|Sleep Clause Mod: Limit one foe put to sleep
|rule|Species Clause: Limit one of each Pokémon
|rule|OHKO Clause: OHKO moves are banned
|rule|Evasion Items Clause: Evasion items are banned
|rule|Evasion Moves Clause: Evasion moves are banned
|rule|Endless Battle Clause: Forcing endless battles is banned
|rule|HP Percentage Mod: HP is shown in percentages
|rule|Dynamax Clause: You cannot dynamax
|clearpoke
|poke|p1|Scizor, F|
|poke|p1|Gyarados, F|
|poke|p1|Regieleki|
|poke|p1|Hydreigon, M|
|poke|p1|Tangrowth, F|
|poke|p1|Mamoswine, M|
|poke|p2|Scizor, M|
|poke|p2|Chansey, F|
|poke|p2|Zarude-Dada|
|poke|p2|Conkeldurr, M|
|poke|p2|Salamence, M|
|poke|p2|Nidoqueen, F|
|teampreview
|
|t:|1665429161
|start
|switch|p1a: Mamoswine|Mamoswine, M|100/100
|switch|p2a: Scizor|Scizor, M|100/100
|turn|1
|
|t:|1665429168
|move|p1a: Mamoswine|Earthquake|p2a: Scizor
|-damage|p2a: Scizor|46/100
|move|p2a: Scizor|Knock Off|p1a: Mamoswine
|-damage|p1a: Mamoswine|67/100
|-enditem|p1a: Mamoswine|Focus Sash|[from] move: Knock Off|[of] p2a: Scizor
|
|upkeep
|turn|2
|
|t:|1665429175
|switch|p1a: Hydreigon|Hydreigon, M|100/100
|move|p2a: Scizor|Bullet Punch|p1a: Hydreigon
|-damage|p1a: Hydreigon|69/100
|
|upkeep
|turn|3
|
|t:|1665429181
|switch|p2a: Chansey|Chansey, F|100/100
|move|p1a: Hydreigon|U-turn|p2a: Chansey
|-damage|p2a: Chansey|90/100
|
|t:|1665429186
|switch|p1a: Mamoswine|Mamoswine, M|67/100|[from]move: U-turn
|
|upkeep
|turn|4
|
|t:|1665429191
|move|p1a: Mamoswine|Stealth Rock|p2a: Chansey
|-sidestart|p2: Fousfull|move: Stealth Rock
|move|p2a: Chansey|Seismic Toss|p1a: Mamoswine
|-damage|p1a: Mamoswine|39/100
|
|upkeep
|turn|5
|j| nerf orisaplz
|
|t:|1665429196
|switch|p1a: Tangrowth|Tangrowth, F|100/100
|move|p2a: Chansey|Seismic Toss|p1a: Tangrowth
|-damage|p1a: Tangrowth|76/100
|
|upkeep
|turn|6
|
|t:|1665429202
|switch|p2a: Scizor|Scizor, M|46/100
|move|p1a: Tangrowth|Knock Off|p2a: Scizor
|-damage|p2a: Scizor|27/100
|-enditem|p2a: Scizor|Heavy-Duty Boots|[from] move: Knock Off|[of] p1a: Tangrowth
|
|upkeep
|turn|7
|
|t:|1665429214
|switch|p1a: Scizor|Scizor, F|100/100
|move|p2a: Scizor|Roost|p2a: Scizor
|-heal|p2a: Scizor|77/100
|-singleturn|p2a: Scizor|move: Roost
|
|upkeep
|turn|8
|
|t:|1665429219
|move|p1a: Scizor|Swords Dance|p1a: Scizor
|-boost|p1a: Scizor|atk|2
|move|p2a: Scizor|Knock Off|p1a: Scizor
|-damage|p1a: Scizor|80/100
|-enditem|p1a: Scizor|Leftovers|[from] move: Knock Off|[of] p2a: Scizor
|
|upkeep
|turn|9
|
|t:|1665429225
|move|p1a: Scizor|Swords Dance|p1a: Scizor
|-boost|p1a: Scizor|atk|2
|move|p2a: Scizor|U-turn|p1a: Scizor
|-resisted|p1a: Scizor
|-damage|p1a: Scizor|68/100
|
|t:|1665429228
|switch|p2a: Salamence|Salamence, M|100/100|[from]move: U-turn
|-ability|p2a: Salamence|Intimidate|boost
|-unboost|p1a: Scizor|atk|1
|
|upkeep
|turn|10
|
|t:|1665429234
|move|p1a: Scizor|Bullet Punch|p2a: Salamence
|-damage|p2a: Salamence|53/100
|move|p2a: Salamence|Flamethrower|p1a: Scizor
|-supereffective|p1a: Scizor
|-damage|p1a: Scizor|0 fnt
|faint|p1a: Scizor
|
|upkeep
|
|t:|1665429242
|switch|p1a: Mamoswine|Mamoswine, M|39/100
|turn|11
|
|t:|1665429247
|switch|p2a: Scizor|Scizor, M|77/100
|-damage|p2a: Scizor|65/100|[from] Stealth Rock
|move|p1a: Mamoswine|Earthquake|p2a: Scizor
|-damage|p2a: Scizor|9/100
|
|upkeep
|turn|12
|
|t:|1665429256
|switch|p1a: Gyarados|Gyarados, F|100/100
|-ability|p1a: Gyarados|Intimidate|boost
|-unboost|p2a: Scizor|atk|1
|move|p2a: Scizor|Bullet Punch|p1a: Gyarados
|-resisted|p1a: Gyarados
|-damage|p1a: Gyarados|91/100
|
|-heal|p1a: Gyarados|97/100|[from] item: Leftovers
|upkeep
|turn|13
|
|t:|1665429270
|move|p1a: Gyarados|Substitute|p1a: Gyarados
|-start|p1a: Gyarados|Substitute
|-damage|p1a: Gyarados|72/100
|move|p2a: Scizor|U-turn|p1a: Gyarados
|-resisted|p1a: Gyarados
|-activate|p1a: Gyarados|move: Substitute|[damage]
|
|t:|1665429272
|switch|p2a: Chansey|Chansey, F|90/100|[from]move: U-turn
|-damage|p2a: Chansey|78/100|[from] Stealth Rock
|
|-heal|p1a: Gyarados|78/100|[from] item: Leftovers
|upkeep
|turn|14
|
|t:|1665429281
|move|p1a: Gyarados|Bounce||[still]
|-prepare|p1a: Gyarados|Bounce
|move|p2a: Chansey|Seismic Toss|p1a: Gyarados|[miss]
|-miss|p2a: Chansey|p1a: Gyarados
|
|-heal|p1a: Gyarados|84/100|[from] item: Leftovers
|upkeep
|turn|15
|
|t:|1665429287
|move|p1a: Gyarados|Bounce|p2a: Chansey|[from]lockedmove
|-damage|p2a: Chansey|55/100
|move|p2a: Chansey|Seismic Toss|p1a: Gyarados
|-end|p1a: Gyarados|Substitute
|
|-heal|p1a: Gyarados|90/100|[from] item: Leftovers
|upkeep
|turn|16
|
|t:|1665429294
|move|p1a: Gyarados|Dragon Dance|p1a: Gyarados
|-boost|p1a: Gyarados|atk|1
|-boost|p1a: Gyarados|spe|1
|move|p2a: Chansey|Wish|p2a: Chansey
|
|-heal|p1a: Gyarados|96/100|[from] item: Leftovers
|upkeep
|turn|17
|
|t:|1665429313
|move|p1a: Gyarados|Substitute|p1a: Gyarados
|-start|p1a: Gyarados|Substitute
|-damage|p1a: Gyarados|71/100
|move|p2a: Chansey|Thunder Wave||[still]
|-fail|p2a: Chansey
|
|-heal|p2a: Chansey|100/100|[from] move: Wish|[wisher] Chansey
|-heal|p1a: Gyarados|78/100|[from] item: Leftovers
|upkeep
|turn|18
|
|t:|1665429322
|move|p1a: Gyarados|Dragon Dance|p1a: Gyarados
|-boost|p1a: Gyarados|atk|1
|-boost|p1a: Gyarados|spe|1
|move|p2a: Chansey|Seismic Toss|p1a: Gyarados
|-end|p1a: Gyarados|Substitute
|
|-heal|p1a: Gyarados|84/100|[from] item: Leftovers
|upkeep
|turn|19
|
|t:|1665429330
|move|p1a: Gyarados|Waterfall|p2a: Chansey
|-damage|p2a: Chansey|61/100
|move|p2a: Chansey|Seismic Toss|p1a: Gyarados
|-damage|p1a: Gyarados|58/100
|
|-heal|p1a: Gyarados|64/100|[from] item: Leftovers
|upkeep
|turn|20
|
|t:|1665429337
|move|p1a: Gyarados|Waterfall|p2a: Chansey
|-damage|p2a: Chansey|16/100
|cant|p2a: Chansey|flinch
|
|-heal|p1a: Gyarados|70/100|[from] item: Leftovers
|upkeep
|turn|21
|
|t:|1665429343
|switch|p2a: Salamence|Salamence, M|53/100
|-ability|p2a: Salamence|Intimidate|boost
|-unboost|p1a: Gyarados|atk|1
|move|p1a: Gyarados|Substitute|p1a: Gyarados
|-start|p1a: Gyarados|Substitute
|-damage|p1a: Gyarados|46/100
|
|-heal|p1a: Gyarados|52/100|[from] item: Leftovers
|upkeep
|turn|22
|
|t:|1665429351
|move|p1a: Gyarados|Bounce||[still]
|-prepare|p1a: Gyarados|Bounce
|move|p2a: Salamence|Roost|p2a: Salamence
|-heal|p2a: Salamence|100/100
|-singleturn|p2a: Salamence|move: Roost
|
|-heal|p1a: Gyarados|58/100|[from] item: Leftovers
|upkeep
|turn|23
|
|t:|1665429358
|move|p1a: Gyarados|Bounce|p2a: Salamence|[from]lockedmove
|-damage|p2a: Salamence|60/100
|move|p2a: Salamence|Dual Wingbeat|p1a: Gyarados
|-activate|p1a: Gyarados|move: Substitute|[damage]
|-end|p1a: Gyarados|Substitute
|-hitcount|p1a: Gyarados|2
|
|-heal|p1a: Gyarados|64/100|[from] item: Leftovers
|upkeep
|turn|24
|
|t:|1665429368
|move|p1a: Gyarados|Bounce||[still]
|-prepare|p1a: Gyarados|Bounce
|move|p2a: Salamence|Dual Wingbeat|p1a: Gyarados|[miss]
|-miss|p2a: Salamence|p1a: Gyarados
|
|-heal|p1a: Gyarados|70/100|[from] item: Leftovers
|upkeep
|turn|25
|
|t:|1665429374
|move|p1a: Gyarados|Bounce|p2a: Salamence|[from]lockedmove|[miss]
|-miss|p1a: Gyarados|p2a: Salamence
|move|p2a: Salamence|Dual Wingbeat|p1a: Gyarados
|-damage|p1a: Gyarados|51/100
|-damage|p1a: Gyarados|34/100
|-hitcount|p1a: Gyarados|2
|
|-heal|p1a: Gyarados|40/100|[from] item: Leftovers
|upkeep
|turn|26
|
|t:|1665429383
|move|p1a: Gyarados|Bounce||[still]
|-prepare|p1a: Gyarados|Bounce
|move|p2a: Salamence|Dual Wingbeat|p1a: Gyarados|[miss]
|-miss|p2a: Salamence|p1a: Gyarados
|
|-heal|p1a: Gyarados|47/100|[from] item: Leftovers
|upkeep
|turn|27
|
|t:|1665429389
|move|p1a: Gyarados|Bounce|p2a: Salamence|[from]lockedmove
|-damage|p2a: Salamence|15/100
|move|p2a: Salamence|Dual Wingbeat|p1a: Gyarados
|-damage|p1a: Gyarados|30/100
|-damage|p1a: Gyarados|13/100
|-hitcount|p1a: Gyarados|2
|
|-heal|p1a: Gyarados|19/100|[from] item: Leftovers
|upkeep
|turn|28
|
|t:|1665429409
|switch|p2a: Scizor|Scizor, M|9/100
|-damage|p2a: Scizor|0 fnt|[from] Stealth Rock
|faint|p2a: Scizor
|move|p1a: Gyarados|Waterfall|p2: Scizor|[notarget]
|-fail|p1a: Gyarados
|
|-heal|p1a: Gyarados|25/100|[from] item: Leftovers
|upkeep
|
|t:|1665429417
|switch|p2a: Conkeldurr|Conkeldurr, M|100/100
|-damage|p2a: Conkeldurr|95/100|[from] Stealth Rock
|turn|29
|
|t:|1665429421
|move|p2a: Conkeldurr|Mach Punch|p1a: Gyarados
|-resisted|p1a: Gyarados
|-damage|p1a: Gyarados|12/100
|move|p1a: Gyarados|Bounce||[still]
|-prepare|p1a: Gyarados|Bounce
|
|-heal|p1a: Gyarados|18/100|[from] item: Leftovers
|-status|p2a: Conkeldurr|brn|[from] item: Flame Orb
|upkeep
|turn|30
|
|t:|1665429429
|switch|p2a: Salamence|Salamence, M|15/100
|-ability|p2a: Salamence|Intimidate|boost
|-unboost|p1a: Gyarados|atk|1
|move|p1a: Gyarados|Bounce|p2a: Salamence|[from]lockedmove|[miss]
|-miss|p1a: Gyarados|p2a: Salamence
|
|-heal|p1a: Gyarados|24/100|[from] item: Leftovers
|upkeep
|turn|31
|
|t:|1665429442
|switch|p2a: Zarude|Zarude-Dada|100/100
|-damage|p2a: Zarude|88/100|[from] Stealth Rock
|move|p1a: Gyarados|Waterfall|p2a: Zarude
|-resisted|p2a: Zarude
|-damage|p2a: Zarude|72/100
|
|-heal|p1a: Gyarados|31/100|[from] item: Leftovers
|upkeep
|turn|32
|
|t:|1665429456
|switch|p2a: Salamence|Salamence, M|15/100
|-ability|p2a: Salamence|Intimidate|boost
|-unboost|p1a: Gyarados|atk|1
|move|p1a: Gyarados|Bounce||[still]
|-prepare|p1a: Gyarados|Bounce
|
|-heal|p1a: Gyarados|37/100|[from] item: Leftovers
|upkeep
|turn|33
|
|t:|1665429465
|move|p1a: Gyarados|Bounce|p2a: Salamence|[from]lockedmove
|-damage|p2a: Salamence|0 fnt
|faint|p2a: Salamence
|
|-heal|p1a: Gyarados|43/100|[from] item: Leftovers
|upkeep
|
|t:|1665429471
|switch|p2a: Nidoqueen|Nidoqueen, F|100/100
|-damage|p2a: Nidoqueen|95/100|[from] Stealth Rock
|turn|34
|
|t:|1665429481
|move|p1a: Gyarados|Waterfall|p2a: Nidoqueen
|-supereffective|p2a: Nidoqueen
|-damage|p2a: Nidoqueen|44/100
|cant|p2a: Nidoqueen|flinch
|
|-heal|p1a: Gyarados|49/100|[from] item: Leftovers
|upkeep
|turn|35
|
|t:|1665429488
|move|p1a: Gyarados|Waterfall|p2a: Nidoqueen
|-supereffective|p2a: Nidoqueen
|-damage|p2a: Nidoqueen|0 fnt
|faint|p2a: Nidoqueen
|
|-heal|p1a: Gyarados|55/100|[from] item: Leftovers
|upkeep
|-message|Fousfull forfeited.
|
|win|DDD951
|raw|DDD951's rating: 1550 &rarr; <strong>1576</strong><br />(+26 for winning)
|raw|Fousfull's rating: 1652 &rarr; <strong>1626</strong><br />(-26 for losing)
|l|☆Fousfull
||Ladder isn't responding, score probably updated but might not have (Request timeout).
