|j|☆guerreiro91
|j|☆Eazigzagoon
|t:|1659448212
|gametype|singles
|player|p1|guerreiro91|red|1479
|player|p2|Eazigzagoon|lance-masters|1523
|teamsize|p1|6
|teamsize|p2|6
|gen|8
|tier|[Gen 8] UU
|rated|
|rule|Sleep Clause Mod: Limit one foe put to sleep
|rule|Species Clause: Limit one of each Pokémon
|rule|OHKO Clause: OHKO moves are banned
|rule|Evasion Moves Clause: Evasion moves are banned
|rule|Endless Battle Clause: Forcing endless battles is banned
|rule|HP Percentage Mod: HP is shown in percentages
|rule|Dynamax Clause: You cannot dynamax
|clearpoke
|poke|p1|Azelf|
|poke|p1|Gyarados, M|
|poke|p1|Krookodile, F|
|poke|p1|Keldeo-Resolute|
|poke|p1|Jirachi|
|poke|p1|Nihilego|
|poke|p2|Magneton|
|poke|p2|Scizor, M|
|poke|p2|Gyarados, F|
|poke|p2|Excadrill, M|
|poke|p2|Mimikyu, M|
|poke|p2|Salamence, M|
|teampreview
|inactive|Battle timer is ON: inactive players will automatically lose when time's up. (requested by guerreiro91)
|
|t:|1659448244
|start
|switch|p1a: Azelf|Azelf|100/100
|switch|p2a: Excadrill|Excadrill, M|100/100
|-ability|p2a: Excadrill|Mold Breaker
|turn|1
|
|t:|1659448251
|move|p1a: Azelf|Knock Off|p2a: Excadrill
|-damage|p2a: Excadrill|53/100
|-enditem|p2a: Excadrill|Focus Sash|[from] move: Knock Off|[of] p1a: Azelf
|move|p2a: Excadrill|Rapid Spin|p1a: Azelf
|-damage|p1a: Azelf|70/100
|-boost|p2a: Excadrill|spe|1
|
|upkeep
|turn|2
|
|t:|1659448266
|switch|p1a: Krookodile|Krookodile, F|100/100
|move|p2a: Excadrill|Earthquake|p1a: Krookodile
|-damage|p1a: Krookodile|32/100
|
|upkeep
|turn|3
|
|t:|1659448277
|move|p1a: Krookodile|Close Combat|p2a: Excadrill
|-supereffective|p2a: Excadrill
|-damage|p2a: Excadrill|0 fnt
|-unboost|p1a: Krookodile|def|1
|-unboost|p1a: Krookodile|spd|1
|faint|p2a: Excadrill
|-ability|p1a: Krookodile|Moxie|boost
|-boost|p1a: Krookodile|atk|1
|
|upkeep
|inactive|Eazigzagoon has 120 seconds left.
|
|t:|1659448308
|switch|p2a: Gyarados|Gyarados, F|100/100
|turn|4
|
|t:|1659448314
|switch|p1a: Gyarados|Gyarados, M, shiny|100/100
|move|p2a: Gyarados|Dragon Dance|p2a: Gyarados
|-boost|p2a: Gyarados|atk|1
|-boost|p2a: Gyarados|spe|1
|
|upkeep
|turn|5
|inactive|Eazigzagoon has 120 seconds left.
|
|t:|1659448356
|move|p2a: Gyarados|Dragon Dance|p2a: Gyarados
|-boost|p2a: Gyarados|atk|1
|-boost|p2a: Gyarados|spe|1
|move|p1a: Gyarados|Dragon Dance|p1a: Gyarados
|-boost|p1a: Gyarados|atk|1
|-boost|p1a: Gyarados|spe|1
|
|upkeep
|turn|6
|j| Blowfishbob
|
|t:|1659448362
|move|p2a: Gyarados|Power Whip|p1a: Gyarados|[miss]
|-miss|p2a: Gyarados|p1a: Gyarados
|move|p1a: Gyarados|Dragon Dance|p1a: Gyarados
|-boost|p1a: Gyarados|atk|1
|-boost|p1a: Gyarados|spe|1
|
|upkeep
|turn|7
|
|t:|1659448365
|move|p1a: Gyarados|Power Whip|p2a: Gyarados
|-damage|p2a: Gyarados|0 fnt
|faint|p2a: Gyarados
|-ability|p1a: Gyarados|Moxie|boost
|-boost|p1a: Gyarados|atk|1
|
|upkeep
|
|t:|1659448382
|switch|p2a: Mimikyu|Mimikyu, M|100/100
|turn|8
|
|t:|1659448386
|move|p1a: Gyarados|Waterfall|p2a: Mimikyu
|-activate|p2a: Mimikyu|ability: Disguise
|-damage|p2a: Mimikyu|100/100
|detailschange|p2a: Mimikyu|Mimikyu-Busted, M
|-damage|p2a: Mimikyu|88/100|[from] pokemon: Mimikyu-Busted
|move|p2a: Mimikyu|Play Rough|p1a: Gyarados
|-damage|p1a: Gyarados|38/100
|-damage|p2a: Mimikyu|78/100|[from] item: Life Orb
|
|upkeep
|turn|9
|
|t:|1659448396
|move|p2a: Mimikyu|Shadow Sneak|p1a: Gyarados
|-damage|p1a: Gyarados|9/100
|-damage|p2a: Mimikyu|68/100|[from] item: Life Orb
|move|p1a: Gyarados|Waterfall|p2a: Mimikyu
|-damage|p2a: Mimikyu|0 fnt
|faint|p2a: Mimikyu
|-ability|p1a: Gyarados|Moxie|boost
|-boost|p1a: Gyarados|atk|1
|
|upkeep
|
|t:|1659448398
|switch|p2a: Scizor|Scizor, M|100/100
|turn|10
|
|t:|1659448401
|move|p2a: Scizor|Bullet Punch|p1a: Gyarados
|-resisted|p1a: Gyarados
|-damage|p1a: Gyarados|0 fnt
|faint|p1a: Gyarados
|-damage|p2a: Scizor|91/100|[from] item: Life Orb
|
|upkeep
|
|t:|1659448404
|switch|p1a: Keldeo|Keldeo-Resolute|100/100
|turn|11
|
|t:|1659448414
|move|p1a: Keldeo|Surf|p2a: Scizor
|-damage|p2a: Scizor|0 fnt
|faint|p2a: Scizor
|-damage|p1a: Keldeo|91/100|[from] item: Life Orb
|
|upkeep
|
|t:|1659448423
|switch|p2a: Salamence|Salamence, M|100/100
|turn|12
|
|t:|1659448428
|move|p1a: Keldeo|Air Slash|p2a: Salamence
|-damage|p2a: Salamence|61/100
|-damage|p1a: Keldeo|81/100|[from] item: Life Orb
|move|p2a: Salamence|Dragon Dance|p2a: Salamence
|-boost|p2a: Salamence|atk|1
|-boost|p2a: Salamence|spe|1
|
|upkeep
|turn|13
|
|t:|1659448436
|move|p2a: Salamence|Dual Wingbeat|p1a: Keldeo
|-supereffective|p1a: Keldeo
|-damage|p1a: Keldeo|2/100
|-supereffective|p1a: Keldeo
|-damage|p1a: Keldeo|0 fnt
|faint|p1a: Keldeo
|-ability|p2a: Salamence|Moxie|boost
|-boost|p2a: Salamence|atk|1
|-hitcount|p1: Keldeo|2
|
|upkeep
|
|t:|1659448441
|switch|p1a: Zbi Flinch|Jirachi|100/100
|turn|14
|
|t:|1659448446
|move|p1a: Zbi Flinch|Iron Head|p2a: Salamence
|-damage|p2a: Salamence|20/100
|cant|p2a: Salamence|flinch
|
|upkeep
|turn|15
|
|t:|1659448451
|move|p1a: Zbi Flinch|Iron Head|p2a: Salamence
|-damage|p2a: Salamence|0 fnt
|faint|p2a: Salamence
|
|upkeep
|c|☆guerreiro91|gg
|c|☆Eazigzagoon|lol
|
|t:|1659448468
|switch|p2a: Magneton|Magneton|100/100
|turn|16
|
|t:|1659448476
|move|p1a: Zbi Flinch|Iron Head|p2a: Magneton
|-resisted|p2a: Magneton
|-damage|p2a: Magneton|88/100
|move|p2a: Magneton|Thunderbolt|p1a: Zbi Flinch
|-damage|p1a: Zbi Flinch|50/100
|
|upkeep
|turn|17
|-message|Eazigzagoon forfeited.
|
|win|guerreiro91
|raw|guerreiro91's rating: 1479 &rarr; <strong>1502</strong><br />(+23 for winning)
|raw|Eazigzagoon's rating: 1523 &rarr; <strong>1500</strong><br />(-23 for losing)
|l| Blowfishbob
