|j|☆Elikder
|j|☆oddmushroom
|player|p1|Elikder|30|1056
|player|p2|oddmushroom|52|1103
|teamsize|p1|6
|teamsize|p2|6
|gametype|singles
|gen|8
|tier|[Gen 8] UU
|rated|
|rule|Sleep Clause Mod: Limit one foe put to sleep
|rule|Species Clause: Limit one of each Pokémon
|rule|OHKO Clause: OHKO moves are banned
|rule|Evasion Moves Clause: Evasion moves are banned
|rule|Endless Battle Clause: Forcing endless battles is banned
|rule|HP Percentage Mod: HP is shown in percentages
|clearpoke
|poke|p1|Lapras, M|
|poke|p1|Musharna, M|
|poke|p1|Haunter, M|
|poke|p1|Silvally-*|
|poke|p1|Jolteon, M|
|poke|p1|Turtonator, M|
|poke|p2|Wailord, M|
|poke|p2|Claydol|
|poke|p2|Cursola, F|
|poke|p2|Pangoro, F|
|poke|p2|Mawile, M|
|poke|p2|Jolteon, M|
|rule|Dynamax Clause: You cannot dynamax
|teampreview
|
|start
|switch|p1a: Turtonator|Turtonator, M|100/100
|switch|p2a: Jolteon|Jolteon, M|100/100
|turn|1
|
|switch|p1a: Jolteon|Jolteon, M|100/100
|move|p2a: Jolteon|Shadow Ball|p1a: Jolteon
|-damage|p1a: Jolteon|55/100
|
|-status|p1a: Jolteon|brn|[from] item: Flame Orb
|upkeep
|turn|2
|
|switch|p1a: Silvally|Silvally-Fairy|100/100
|move|p2a: Jolteon|Shadow Ball|p1a: Silvally
|-damage|p1a: Silvally|67/100
|
|upkeep
|turn|3
|
|move|p2a: Jolteon|Shadow Ball|p1a: Silvally
|-damage|p1a: Silvally|36/100
|-unboost|p1a: Silvally|spd|1
|move|p1a: Silvally|Multi-Attack|p2a: Jolteon
|-damage|p2a: Jolteon|27/100
|
|upkeep
|turn|4
|
|move|p2a: Jolteon|Shadow Ball|p1a: Silvally
|-damage|p1a: Silvally|0 fnt
|faint|p1a: Silvally
|
|upkeep
|
|switch|p1a: Haunter|Haunter, M|100/100
|turn|5
|
|switch|p2a: Pangoro|Pangoro, F|100/100
|move|p1a: Haunter|Shadow Ball|p2a: Pangoro
|-resisted|p2a: Pangoro
|-damage|p2a: Pangoro|80/100
|-unboost|p2a: Pangoro|spd|1
|
|upkeep
|turn|6
|
|switch|p1a: Jolteon|Jolteon, M|55/100 brn
|move|p2a: Pangoro|Darkest Lariat|p1a: Jolteon
|-damage|p1a: Jolteon|0 fnt
|faint|p1a: Jolteon
|
|upkeep
|
|switch|p1a: Turtonator|Turtonator, M|100/100
|turn|7
|
|switch|p2a: Cursola|Cursola, F|100/100
|move|p1a: Turtonator|Shell Smash|p1a: Turtonator
|-unboost|p1a: Turtonator|def|1
|-unboost|p1a: Turtonator|spd|1
|-boost|p1a: Turtonator|atk|2
|-boost|p1a: Turtonator|spa|2
|-boost|p1a: Turtonator|spe|2
|-enditem|p1a: Turtonator|White Herb
|-clearnegativeboost|p1a: Turtonator|[silent]
|
|upkeep
|turn|8
|
|move|p1a: Turtonator|Flamethrower|p2a: Cursola
|-damage|p2a: Cursola|33/100
|move|p2a: Cursola|Whirlpool|p1a: Turtonator
|-damage|p1a: Turtonator|85/100
|-activate|p1a: Turtonator|move: Whirlpool|[of] p2a: Cursola
|
|-damage|p1a: Turtonator|73/100|[from] move: Whirlpool|[partiallytrapped]
|upkeep
|turn|9
|
|move|p1a: Turtonator|Flamethrower|p2a: Cursola
|-damage|p2a: Cursola|0 fnt
|faint|p2a: Cursola
|
|-end|p1a: Turtonator|Whirlpool|[partiallytrapped]|[silent]
|upkeep
|
|switch|p2a: Wailord|Wailord, M|100/100
|turn|10
|
|move|p1a: Turtonator|Dragon Pulse|p2a: Wailord
|-damage|p2a: Wailord|46/100
|move|p2a: Wailord|Earthquake|p1a: Turtonator
|-supereffective|p1a: Turtonator
|-damage|p1a: Turtonator|31/100
|
|-heal|p2a: Wailord|52/100|[from] item: Leftovers
|upkeep
|turn|11
|
|switch|p2a: Mawile|Mawile, M|100/100
|move|p1a: Turtonator|Dragon Pulse|p2a: Mawile
|-immune|p2a: Mawile
|
|upkeep
|turn|12
|
|move|p2a: Mawile|Sucker Punch|p1a: Turtonator
|-damage|p1a: Turtonator|10/100
|move|p1a: Turtonator|Flamethrower|p2a: Mawile
|-supereffective|p2a: Mawile
|-damage|p2a: Mawile|0 fnt
|faint|p2a: Mawile
|
|upkeep
|
|switch|p2a: Jolteon|Jolteon, M|27/100
|turn|13
|
|move|p2a: Jolteon|Shadow Ball|p1a: Turtonator
|-damage|p1a: Turtonator|0 fnt
|faint|p1a: Turtonator
|
|upkeep
|
|switch|p1a: Haunter|Haunter, M|100/100
|turn|14
|
|switch|p2a: Pangoro|Pangoro, F|80/100
|move|p1a: Haunter|Dazzling Gleam|p2a: Pangoro
|-supereffective|p2a: Pangoro
|-damage|p2a: Pangoro|0 fnt
|faint|p2a: Pangoro
|
|upkeep
|
|switch|p2a: Claydol|Claydol|100/100
|turn|15
|
|switch|p1a: Lapras|Lapras, M|100/100
|move|p2a: Claydol|Psyshock|p1a: Lapras
|-damage|p1a: Lapras|74/100
|
|upkeep
|turn|16
|
|switch|p2a: Wailord|Wailord, M|52/100
|move|p1a: Lapras|Dragon Dance|p1a: Lapras
|-boost|p1a: Lapras|atk|1
|-boost|p1a: Lapras|spe|1
|
|-heal|p2a: Wailord|58/100|[from] item: Leftovers
|upkeep
|turn|17
|
|move|p1a: Lapras|Zen Headbutt|p2a: Wailord
|-damage|p2a: Wailord|25/100
|move|p2a: Wailord|Curse|p2a: Wailord
|-unboost|p2a: Wailord|spe|1
|-boost|p2a: Wailord|atk|1
|-boost|p2a: Wailord|def|1
|
|-heal|p2a: Wailord|32/100|[from] item: Leftovers
|upkeep
|turn|18
|
|move|p1a: Lapras|Zen Headbutt|p2a: Wailord
|-damage|p2a: Wailord|6/100
|move|p2a: Wailord|Curse|p2a: Wailord
|-unboost|p2a: Wailord|spe|1
|-boost|p2a: Wailord|atk|1
|-boost|p2a: Wailord|def|1
|
|-heal|p2a: Wailord|12/100|[from] item: Leftovers
|upkeep
|turn|19
|
|move|p1a: Lapras|Freeze-Dry|p2a: Wailord
|-supereffective|p2a: Wailord
|-damage|p2a: Wailord|0 fnt
|faint|p2a: Wailord
|
|upkeep
|
|switch|p2a: Claydol|Claydol|100/100
|turn|20
|
|move|p1a: Lapras|Waterfall|p2a: Claydol
|-supereffective|p2a: Claydol
|-damage|p2a: Claydol|15/100
|move|p2a: Claydol|Nasty Plot|p2a: Claydol
|-boost|p2a: Claydol|spa|2
|
|-heal|p2a: Claydol|21/100|[from] item: Leftovers
|upkeep
|turn|21
|
|move|p1a: Lapras|Waterfall|p2a: Claydol
|-supereffective|p2a: Claydol
|-damage|p2a: Claydol|0 fnt
|faint|p2a: Claydol
|
|upkeep
|
|switch|p2a: Jolteon|Jolteon, M|27/100
|turn|22
|
|move|p2a: Jolteon|Thunderbolt|p1a: Lapras
|-supereffective|p1a: Lapras
|-damage|p1a: Lapras|0 fnt
|faint|p1a: Lapras
|
|upkeep
|
|switch|p1a: Haunter|Haunter, M|100/100
|turn|23
|
|move|p1a: Haunter|Shadow Ball|p2a: Jolteon
|-damage|p2a: Jolteon|0 fnt
|faint|p2a: Jolteon
|
|win|Elikder
|l|☆oddmushroom
|c|☆Elikder|gg
|raw|Elikder's rating: 1043 &rarr; <strong>1084</strong><br />(+41 for winning)
|raw|oddmushroom's rating: 1123 &rarr; <strong>1093</strong><br />(-30 for losing)
