|j|‽GyaraStyle
|j|☆pokemonisfun
|t:|1667136663
|gametype|singles
|player|p1|GyaraStyle|teamrocket|1556
|player|p2|pokemonisfun|#uutrio2ladder|1752
|teamsize|p1|6
|teamsize|p2|6
|gen|8
|tier|[Gen 8] UU
|rated|
|rule|Sleep Clause Mod: Limit one foe put to sleep
|rule|Species Clause: Limit one of each Pokémon
|rule|OHKO Clause: OHKO moves are banned
|rule|Evasion Items Clause: Evasion items are banned
|rule|Evasion Moves Clause: Evasion moves are banned
|rule|Endless Battle Clause: Forcing endless battles is banned
|rule|HP Percentage Mod: HP is shown in percentages
|rule|Dynamax Clause: You cannot dynamax
|clearpoke
|poke|p1|Gyarados, M|
|poke|p1|Excadrill, M|
|poke|p1|Azumarill, F|
|poke|p1|Nihilego|
|poke|p1|Celesteela|
|poke|p1|Hydreigon, M|
|poke|p2|Regice|
|poke|p2|Jirachi|
|poke|p2|Swampert, F|
|poke|p2|Salamence, M|
|poke|p2|Hydreigon, M|
|poke|p2|Conkeldurr, F|
|teampreview
|inactive|Battle timer is ON: inactive players will automatically lose when time's up. (requested by GyaraStyle)
|inactive|pokemonisfun has 120 seconds left.
|inactive|pokemonisfun has 90 seconds left.
|c|☆pokemonisfun|glhf
|
|t:|1667136747
|start
|switch|p1a: Excadrill|Excadrill, M|100/100
|switch|p2a: jim's guard|Conkeldurr, F|100/100
|-ability|p1a: Excadrill|Mold Breaker
|turn|1
|inactive|GyaraStyle has 120 seconds left.
|
|t:|1667136794
|move|p1a: Excadrill|Stealth Rock|p2a: jim's guard
|-sidestart|p2: pokemonisfun|move: Stealth Rock
|move|p2a: jim's guard|Knock Off|p1a: Excadrill
|-damage|p1a: Excadrill|42/100
|-enditem|p1a: Excadrill|Focus Sash|[from] move: Knock Off|[of] p2a: jim's guard
|
|-status|p2a: jim's guard|brn|[from] item: Flame Orb
|upkeep
|turn|2
|
|t:|1667136808
|move|p2a: jim's guard|Mach Punch|p1a: Excadrill
|-supereffective|p1a: Excadrill
|-damage|p1a: Excadrill|0 fnt
|faint|p1a: Excadrill
|
|-damage|p2a: jim's guard|94/100 brn|[from] brn
|upkeep
|
|t:|1667136813
|switch|p1a: Azumarill|Azumarill, F|100/100
|turn|3
|
|t:|1667136848
|switch|p2a: jim's pet|Swampert, F|100/100
|-damage|p2a: jim's pet|94/100|[from] Stealth Rock
|move|p1a: Azumarill|Belly Drum|p1a: Azumarill
|-damage|p1a: Azumarill|50/100
|-setboost|p1a: Azumarill|atk|6|[from] move: Belly Drum
|-enditem|p1a: Azumarill|Sitrus Berry|[eat]
|-heal|p1a: Azumarill|75/100|[from] item: Sitrus Berry
|
|-heal|p2a: jim's pet|100/100|[from] item: Leftovers
|upkeep
|turn|4
|inactive|GyaraStyle has 90 seconds left.
|inactive|pokemonisfun has 120 seconds left.
|
|t:|1667136874
|move|p1a: Azumarill|Knock Off|p2a: jim's pet
|-damage|p2a: jim's pet|0 fnt
|-enditem|p2a: jim's pet|Leftovers|[from] move: Knock Off|[of] p1a: Azumarill
|faint|p2a: jim's pet
|
|upkeep
|inactive|pokemonisfun has 120 seconds left.
|
|t:|1667136879
|switch|p2a: jim's ride|Salamence, M|100/100
|-ability|p2a: jim's ride|Intimidate|boost
|-unboost|p1a: Azumarill|atk|1
|turn|5
|inactive|GyaraStyle has 90 seconds left.
|inactive|pokemonisfun has 120 seconds left.
|
|t:|1667136892
|move|p2a: jim's ride|Dual Wingbeat|p1a: Azumarill|[miss]
|-miss|p2a: jim's ride|p1a: Azumarill
|move|p1a: Azumarill|Play Rough|p2a: jim's ride
|-supereffective|p2a: jim's ride
|-damage|p2a: jim's ride|0 fnt
|faint|p2a: jim's ride
|
|upkeep
|inactive|pokemonisfun has 120 seconds left.
|
|t:|1667136903
|switch|p2a: jim's pillow|Jirachi|100/100
|-damage|p2a: jim's pillow|94/100|[from] Stealth Rock
|turn|6
|
|t:|1667136913
|move|p1a: Azumarill|Aqua Jet|p2a: jim's pillow
|-damage|p2a: jim's pillow|15/100
|move|p2a: jim's pillow|Iron Head|p1a: Azumarill
|-damage|p1a: Azumarill|39/100
|
|-heal|p2a: jim's pillow|21/100|[from] item: Leftovers
|upkeep
|turn|7
|-message|pokemonisfun forfeited.
|
|win|GyaraStyle
|raw|GyaraStyle's rating: 1556 &rarr; <strong>1586</strong><br />(+30 for winning)
|raw|pokemonisfun's rating: 1752 &rarr; <strong>1722</strong><br />(-30 for losing)
|c|☆pokemonisfun|gg
|l|☆pokemonisfun
||Ladder isn't responding, score probably updated but might not have (Request timeout).
