|j|☆KesslerMacGrath
|j|☆Springerk
|t:|1664014929
|gametype|singles
|player|p1|KesslerMacGrath|unknown|1380
|player|p2|Springerk|lance-masters|1581
|teamsize|p1|6
|teamsize|p2|6
|gen|8
|tier|[Gen 8] UU
|rated|
|rule|Sleep Clause Mod: Limit one foe put to sleep
|rule|Species Clause: Limit one of each Pokémon
|rule|OHKO Clause: OHKO moves are banned
|rule|Evasion Items Clause: Evasion items are banned
|rule|Evasion Moves Clause: Evasion moves are banned
|rule|Endless Battle Clause: Forcing endless battles is banned
|rule|HP Percentage Mod: HP is shown in percentages
|rule|Dynamax Clause: You cannot dynamax
|clearpoke
|poke|p1|Slowking, M|
|poke|p1|Nihilego|
|poke|p1|Tangrowth, M|
|poke|p1|Excadrill, M|
|poke|p1|Cobalion|
|poke|p1|Sneasel, F|
|poke|p2|Dhelmise|
|poke|p2|Registeel|
|poke|p2|Hippowdon, M|
|poke|p2|Slowking, F|
|poke|p2|Noivern, M|
|poke|p2|Zarude-Dada|
|teampreview
|inactive|Battle timer is ON: inactive players will automatically lose when time's up. (requested by KesslerMacGrath)
|c|☆KesslerMacGrath|1581
|c|☆KesslerMacGrath|cmon now
|inactive|Springerk has 120 seconds left.
|c|☆Springerk|uu ladder is so empty
|c|☆Springerk|lol
|
|t:|1664014970
|start
|switch|p1a: Wispy|Cobalion, shiny|100/100
|switch|p2a: Dhelmise|Dhelmise|100/100
|turn|1
|c|☆KesslerMacGrath|smh my head
|
|t:|1664014987
|switch|p2a: Hippowdon|Hippowdon, M|100/100
|-weather|Sandstorm|[from] ability: Sand Stream|[of] p2a: Hippowdon
|move|p1a: Wispy|Thunder Wave|p2a: Hippowdon
|-immune|p2a: Hippowdon
|
|-weather|Sandstorm|[upkeep]
|upkeep
|turn|2
|
|t:|1664015004
|move|p1a: Wispy|Stealth Rock|p2a: Hippowdon
|-sidestart|p2: Springerk|move: Stealth Rock
|move|p2a: Hippowdon|Stealth Rock|p1a: Wispy
|-sidestart|p1: KesslerMacGrath|move: Stealth Rock
|
|-weather|Sandstorm|[upkeep]
|upkeep
|turn|3
|
|t:|1664015014
|move|p1a: Wispy|Flash Cannon|p2a: Hippowdon
|-damage|p2a: Hippowdon|81/100
|-unboost|p2a: Hippowdon|spd|1
|move|p2a: Hippowdon|Toxic|p1a: Wispy
|-immune|p1a: Wispy
|
|-weather|Sandstorm|[upkeep]
|-heal|p2a: Hippowdon|87/100|[from] item: Leftovers
|upkeep
|turn|4
|
|t:|1664015021
|switch|p2a: Slowking|Slowking, F|100/100
|-damage|p2a: Slowking|88/100|[from] Stealth Rock
|move|p1a: Wispy|Thunder Wave|p2a: Slowking|[miss]
|-miss|p1a: Wispy|p2a: Slowking
|
|-weather|Sandstorm|[upkeep]
|-damage|p2a: Slowking|82/100|[from] Sandstorm
|upkeep
|turn|5
|
|t:|1664015030
|move|p1a: Wispy|Thunder Wave|p2a: Slowking|[miss]
|-miss|p1a: Wispy|p2a: Slowking
|move|p2a: Slowking|Scald|p1a: Wispy
|-damage|p1a: Wispy|77/100
|
|-weather|none
|-heal|p1a: Wispy|83/100|[from] item: Leftovers
|upkeep
|turn|6
|c|☆KesslerMacGrath|my big brain play
|c|☆KesslerMacGrath|twice in a row geez
|
|t:|1664015040
|switch|p2a: Hippowdon|Hippowdon, M|87/100
|-damage|p2a: Hippowdon|81/100|[from] Stealth Rock
|-weather|Sandstorm|[from] ability: Sand Stream|[of] p2a: Hippowdon
|move|p1a: Wispy|Thunder Wave|p2a: Hippowdon
|-immune|p2a: Hippowdon
|
|-weather|Sandstorm|[upkeep]
|-heal|p1a: Wispy|90/100|[from] item: Leftovers
|-heal|p2a: Hippowdon|87/100|[from] item: Leftovers
|upkeep
|turn|7
|
|t:|1664015044
|move|p1a: Wispy|Flash Cannon|p2a: Hippowdon
|-damage|p2a: Hippowdon|68/100
|move|p2a: Hippowdon|Earthquake|p1a: Wispy
|-supereffective|p1a: Wispy
|-damage|p1a: Wispy|37/100
|
|-weather|Sandstorm|[upkeep]
|-heal|p1a: Wispy|43/100|[from] item: Leftovers
|-heal|p2a: Hippowdon|74/100|[from] item: Leftovers
|upkeep
|turn|8
|
|t:|1664015051
|switch|p1a: Spaghetti|Tangrowth, M, shiny|100/100
|-damage|p1a: Spaghetti|88/100|[from] Stealth Rock
|move|p2a: Hippowdon|Toxic|p1a: Spaghetti
|-status|p1a: Spaghetti|tox
|
|-weather|Sandstorm|[upkeep]
|-damage|p1a: Spaghetti|82/100 tox|[from] Sandstorm
|-heal|p2a: Hippowdon|80/100|[from] item: Leftovers
|-damage|p1a: Spaghetti|76/100 tox|[from] psn
|upkeep
|turn|9
|c|☆KesslerMacGrath|when the t-wave misses twive but the toxic hits your spaghetti monster :'(
|inactive|Springerk has 120 seconds left.
|inactive|Springerk has 90 seconds left.
|
|t:|1664015112
|switch|p2a: Dhelmise|Dhelmise|100/100
|move|p1a: Spaghetti|Knock Off|p2a: Dhelmise
|-supereffective|p2a: Dhelmise
|-damage|p2a: Dhelmise|58/100
|-enditem|p2a: Dhelmise|Heavy-Duty Boots|[from] move: Knock Off|[of] p1a: Spaghetti
|
|-weather|Sandstorm|[upkeep]
|-damage|p1a: Spaghetti|70/100 tox|[from] Sandstorm
|-damage|p2a: Dhelmise|52/100|[from] Sandstorm
|-damage|p1a: Spaghetti|57/100 tox|[from] psn
|upkeep
|turn|10
|
|t:|1664015123
|move|p1a: Spaghetti|Knock Off|p2a: Dhelmise
|-supereffective|p2a: Dhelmise
|-damage|p2a: Dhelmise|21/100
|move|p2a: Dhelmise|Rapid Spin|p1a: Spaghetti
|-damage|p1a: Spaghetti|49/100 tox
|-boost|p2a: Dhelmise|spe|1
|-damage|p2a: Dhelmise|5/100|[from] item: Rocky Helmet|[of] p1a: Spaghetti
|-sideend|p2: Springerk|Stealth Rock|[from] move: Rapid Spin|[of] p2a: Dhelmise
|
|-weather|none
|-damage|p1a: Spaghetti|30/100 tox|[from] psn
|upkeep
|turn|11
|
|t:|1664015133
|move|p2a: Dhelmise|Rest|p2a: Dhelmise
|-status|p2a: Dhelmise|slp|[from] move: Rest
|-heal|p2a: Dhelmise|100/100 slp|[silent]
|move|p1a: Spaghetti|Knock Off|p2a: Dhelmise
|-supereffective|p2a: Dhelmise
|-damage|p2a: Dhelmise|70/100 slp
|
|-damage|p1a: Spaghetti|6/100 tox|[from] psn
|upkeep
|turn|12
|
|t:|1664015147
|switch|p2a: Noivern|Noivern, M|100/100
|switch|p1a: NFE in UU?!|Sneasel, F, shiny|100/100
|-damage|p1a: NFE in UU?!|76/100|[from] Stealth Rock
|
|upkeep
|turn|13
|
|t:|1664015158
|switch|p2a: Slowking|Slowking, F|100/100
|move|p1a: NFE in UU?!|Ice Shard|p2a: Slowking
|-resisted|p2a: Slowking
|-damage|p2a: Slowking|91/100
|
|upkeep
|turn|14
|c|☆KesslerMacGrath|you wanna hear a hilarious RU strat
|c|☆KesslerMacGrath|got me to #68
|c|☆KesslerMacGrath|Focus Punch sneasel OHKO's Incineroar
|inactive|KesslerMacGrath has 120 seconds left.
|
|t:|1664015195
|switch|p1a: Unite Snubbed|Slowking, M, shiny|100/100
|-damage|p1a: Unite Snubbed|88/100|[from] Stealth Rock
|move|p2a: Slowking|Teleport|p2a: Slowking
|c|☆Springerk|oh waw
|c|☆KesslerMacGrath|yep
|c|☆KesslerMacGrath|opponent leads Flygon
|
|t:|1664015206
|switch|p2a: Zarude|Zarude-Dada|100/100|[from]move: Teleport
|
|-heal|p1a: Unite Snubbed|94/100|[from] item: Leftovers
|upkeep
|turn|15
|c|☆KesslerMacGrath|i lead Sneasel
|inactive|KesslerMacGrath has 120 seconds left.
|c|☆KesslerMacGrath|Flygon runs away afraid of ice shard, brings inceroar in
|c|☆KesslerMacGrath|boom
|c|☆KesslerMacGrath|OHKO with focus punch
|c|☆KesslerMacGrath|intimidate doesnt proc cuz inner focus
|
|t:|1664015242
|move|p2a: Zarude|Power Whip|p1a: Unite Snubbed
|-supereffective|p1a: Unite Snubbed
|-crit|p1a: Unite Snubbed
|-damage|p1a: Unite Snubbed|0 fnt
|faint|p1a: Unite Snubbed
|
|upkeep
|c|☆Springerk|fun strat
|
|t:|1664015247
|switch|p1a: Clay|Excadrill, M, shiny|100/100
|-damage|p1a: Clay|97/100|[from] Stealth Rock
|-ability|p1a: Clay|Mold Breaker
|turn|16
|c|☆KesslerMacGrath|im getting my ass beat here
|
|t:|1664015254
|move|p2a: Zarude|Power Whip|p1a: Clay
|-damage|p1a: Clay|0 fnt
|faint|p1a: Clay
|
|upkeep
|
|t:|1664015261
|switch|p1a: Wispy|Cobalion, shiny|43/100
|-damage|p1a: Wispy|40/100|[from] Stealth Rock
|turn|17
|
|t:|1664015271
|switch|p2a: Slowking|Slowking, F|100/100
|move|p1a: Wispy|Thunder Wave|p2a: Slowking
|-status|p2a: Slowking|par
|
|-heal|p1a: Wispy|46/100|[from] item: Leftovers
|upkeep
|turn|18
|
|t:|1664015282
|move|p1a: Wispy|Stealth Rock|p2a: Slowking
|-sidestart|p2: Springerk|move: Stealth Rock
|move|p2a: Slowking|Teleport|p2a: Slowking
|
|t:|1664015286
|switch|p2a: Hippowdon|Hippowdon, M|80/100|[from]move: Teleport
|-damage|p2a: Hippowdon|74/100|[from] Stealth Rock
|-weather|Sandstorm|[from] ability: Sand Stream|[of] p2a: Hippowdon
|
|-weather|Sandstorm|[upkeep]
|-heal|p1a: Wispy|52/100|[from] item: Leftovers
|-heal|p2a: Hippowdon|80/100|[from] item: Leftovers
|upkeep
|turn|19
|
|t:|1664015292
|move|p1a: Wispy|Flash Cannon|p2a: Hippowdon
|-damage|p2a: Hippowdon|60/100
|move|p2a: Hippowdon|Earthquake|p1a: Wispy
|-supereffective|p1a: Wispy
|-crit|p1a: Wispy
|-damage|p1a: Wispy|0 fnt
|faint|p1a: Wispy
|
|-weather|Sandstorm|[upkeep]
|-heal|p2a: Hippowdon|66/100|[from] item: Leftovers
|upkeep
|
|t:|1664015300
|switch|p1a: NFE in UU?!|Sneasel, F, shiny|76/100
|-damage|p1a: NFE in UU?!|51/100|[from] Stealth Rock
|turn|20
|
|t:|1664015327
|move|p1a: NFE in UU?!|Knock Off|p2a: Hippowdon
|-damage|p2a: Hippowdon|22/100
|-enditem|p2a: Hippowdon|Leftovers|[from] move: Knock Off|[of] p1a: NFE in UU?!
|move|p2a: Hippowdon|Slack Off|p2a: Hippowdon
|-heal|p2a: Hippowdon|72/100
|
|-weather|Sandstorm|[upkeep]
|-damage|p1a: NFE in UU?!|45/100|[from] Sandstorm
|upkeep
|turn|21
|
|t:|1664015332
|switch|p1a: Spaghetti|Tangrowth, M, shiny|39/100 tox
|-damage|p1a: Spaghetti|26/100 tox|[from] Stealth Rock
|move|p2a: Hippowdon|Earthquake|p1a: Spaghetti
|-resisted|p1a: Spaghetti
|-damage|p1a: Spaghetti|17/100 tox
|
|-weather|Sandstorm|[upkeep]
|-damage|p1a: Spaghetti|11/100 tox|[from] Sandstorm
|-damage|p1a: Spaghetti|4/100 tox|[from] psn
|upkeep
|turn|22
|c|☆KesslerMacGrath|mfs is healing off the damage in front of my face
|c|☆KesslerMacGrath|the disrespect is immearsuable
|inactive|Springerk has 120 seconds left.
|
|t:|1664015361
|move|p1a: Spaghetti|Sleep Powder|p2a: Hippowdon|[miss]
|-miss|p1a: Spaghetti|p2a: Hippowdon
|move|p2a: Hippowdon|Slack Off|p2a: Hippowdon
|-heal|p2a: Hippowdon|100/100
|
|-weather|none
|-damage|p1a: Spaghetti|0 fnt|[from] psn
|faint|p1a: Spaghetti
|upkeep
|c|☆KesslerMacGrath|LOL
|
|t:|1664015372
|switch|p1a: NFE in UU?!|Sneasel, F, shiny|45/100
|-damage|p1a: NFE in UU?!|20/100|[from] Stealth Rock
|turn|23
|
|t:|1664015380
|switch|p2a: Slowking|Slowking, F|100/100 par
|-damage|p2a: Slowking|88/100 par|[from] Stealth Rock
|move|p1a: NFE in UU?!|Ice Punch|p2a: Slowking
|-resisted|p2a: Slowking
|-crit|p2a: Slowking
|-damage|p2a: Slowking|59/100 par
|
|upkeep
|turn|24
|
|t:|1664015386
|switch|p1a: Lusamine|Nihilego, shiny|100/100
|-damage|p1a: Lusamine|88/100|[from] Stealth Rock
|move|p2a: Slowking|Teleport|p2a: Slowking
|c|☆KesslerMacGrath|i actually cant do anything this is sad
|inactive|Springerk has 120 seconds left.
|
|t:|1664015412
|switch|p2a: Hippowdon|Hippowdon, M|100/100|[from]move: Teleport
|-damage|p2a: Hippowdon|94/100|[from] Stealth Rock
|-weather|Sandstorm|[from] ability: Sand Stream|[of] p2a: Hippowdon
|
|-weather|Sandstorm|[upkeep]
|upkeep
|turn|25
|
|t:|1664015415
|move|p1a: Lusamine|Meteor Beam||[still]
|-prepare|p1a: Lusamine|Meteor Beam
|-boost|p1a: Lusamine|spa|1
|-enditem|p1a: Lusamine|Power Herb
|-anim|p1a: Lusamine|Meteor Beam|p2a: Hippowdon
|-resisted|p2a: Hippowdon
|-damage|p2a: Hippowdon|57/100
|move|p2a: Hippowdon|Earthquake|p1a: Lusamine
|-supereffective|p1a: Lusamine
|-damage|p1a: Lusamine|0 fnt
|faint|p1a: Lusamine
|
|-weather|Sandstorm|[upkeep]
|upkeep
|
|t:|1664015418
|switch|p1a: NFE in UU?!|Sneasel, F, shiny|20/100
|-damage|p1a: NFE in UU?!|0 fnt|[from] Stealth Rock
|faint|p1a: NFE in UU?!
|
|win|Springerk
|raw|KesslerMacGrath's rating: 1400 &rarr; <strong>1390</strong><br />(-10 for losing)
|raw|Springerk's rating: 1581 &rarr; <strong>1591</strong><br />(+10 for winning)
|l|☆KesslerMacGrath
|c|☆Springerk|gg
