|j|☆esqimo589
|j|☆ImDoneThrowing
|t:|1664589516
|gametype|singles
|player|p1|esqimo589|n|1151
|player|p2|ImDoneThrowing|169|1357
|teamsize|p1|6
|teamsize|p2|6
|gen|8
|tier|[Gen 8] UU
|rated|
|rule|Sleep Clause Mod: Limit one foe put to sleep
|rule|Species Clause: Limit one of each Pokémon
|rule|OHKO Clause: OHKO moves are banned
|rule|Evasion Items Clause: Evasion items are banned
|rule|Evasion Moves Clause: Evasion moves are banned
|rule|Endless Battle Clause: Forcing endless battles is banned
|rule|HP Percentage Mod: HP is shown in percentages
|rule|Dynamax Clause: You cannot dynamax
|clearpoke
|poke|p1|Excadrill, F|
|poke|p1|Hydreigon, F|
|poke|p1|Salamence, F|
|poke|p1|Haxorus, M|
|poke|p1|Regidrago|
|poke|p1|Celesteela|
|poke|p2|Primarina, M|
|poke|p2|Jirachi|
|poke|p2|Nidoqueen, F|
|poke|p2|Salamence, F|
|poke|p2|Zarude|
|poke|p2|Scizor, M|
|teampreview
|inactive|Battle timer is ON: inactive players will automatically lose when time's up. (requested by esqimo589)
|
|t:|1664589536
|start
|switch|p1a: Excadrill|Excadrill, F|100/100
|switch|p2a: Zarude|Zarude|100/100
|-ability|p1a: Excadrill|Mold Breaker
|turn|1
|
|t:|1664589543
|move|p2a: Zarude|Power Whip|p1a: Excadrill
|-damage|p1a: Excadrill|22/100
|move|p1a: Excadrill|Rapid Spin|p2a: Zarude
|-damage|p2a: Zarude|82/100
|-boost|p1a: Excadrill|spe|1
|
|upkeep
|turn|2
|
|t:|1664589549
|move|p2a: Zarude|Power Whip|p1a: Excadrill
|-damage|p1a: Excadrill|0 fnt
|faint|p1a: Excadrill
|
|upkeep
|
|t:|1664589556
|switch|p1a: Hydreigon|Hydreigon, F|100/100
|turn|3
|
|t:|1664589571
|switch|p2a: Primarina|Primarina, M|100/100
|move|p1a: Hydreigon|Substitute|p1a: Hydreigon
|-start|p1a: Hydreigon|Substitute
|-damage|p1a: Hydreigon|76/100
|
|upkeep
|turn|4
|
|t:|1664589575
|move|p1a: Hydreigon|Nasty Plot|p1a: Hydreigon
|-boost|p1a: Hydreigon|spa|2
|move|p2a: Primarina|Moonblast|p1a: Hydreigon
|-supereffective|p1a: Hydreigon
|-end|p1a: Hydreigon|Substitute
|
|upkeep
|turn|5
|
|t:|1664589584
|move|p1a: Hydreigon|Substitute|p1a: Hydreigon
|-start|p1a: Hydreigon|Substitute
|-damage|p1a: Hydreigon|51/100
|move|p2a: Primarina|Moonblast|p1a: Hydreigon
|-supereffective|p1a: Hydreigon
|-end|p1a: Hydreigon|Substitute
|
|upkeep
|turn|6
|
|t:|1664589587
|move|p1a: Hydreigon|Substitute|p1a: Hydreigon
|-start|p1a: Hydreigon|Substitute
|-damage|p1a: Hydreigon|26/100
|move|p2a: Primarina|Moonblast|p1a: Hydreigon
|-supereffective|p1a: Hydreigon
|-end|p1a: Hydreigon|Substitute
|
|upkeep
|turn|7
|
|t:|1664589589
|move|p1a: Hydreigon|Substitute|p1a: Hydreigon
|-start|p1a: Hydreigon|Substitute
|-damage|p1a: Hydreigon|1/100
|-enditem|p1a: Hydreigon|Salac Berry|[eat]
|-boost|p1a: Hydreigon|spe|1|[from] item: Salac Berry
|move|p2a: Primarina|Moonblast|p1a: Hydreigon
|-supereffective|p1a: Hydreigon
|-end|p1a: Hydreigon|Substitute
|
|upkeep
|turn|8
|
|t:|1664589592
|move|p1a: Hydreigon|Belch|p2a: Primarina
|-supereffective|p2a: Primarina
|-damage|p2a: Primarina|0 fnt
|faint|p2a: Primarina
|
|upkeep
|
|t:|1664589598
|switch|p2a: Scizor|Scizor, M|100/100
|turn|9
|
|t:|1664589613
|move|p2a: Scizor|Bullet Punch|p1a: Hydreigon
|-damage|p1a: Hydreigon|0 fnt
|faint|p1a: Hydreigon
|
|upkeep
|
|t:|1664589621
|switch|p1a: Salamence|Salamence, F|100/100
|turn|10
|
|t:|1664589636
|switch|p2a: Salamence|Salamence, F|100/100
|-ability|p2a: Salamence|Intimidate|boost
|-unboost|p1a: Salamence|atk|1
|move|p1a: Salamence|Dragon Dance|p1a: Salamence
|-boost|p1a: Salamence|atk|1
|-boost|p1a: Salamence|spe|1
|
|upkeep
|turn|11
|
|t:|1664589645
|move|p1a: Salamence|Outrage|p2a: Salamence
|-supereffective|p2a: Salamence
|-damage|p2a: Salamence|0 fnt
|faint|p2a: Salamence
|-ability|p1a: Salamence|Moxie|boost
|-boost|p1a: Salamence|atk|1
|
|upkeep
|
|t:|1664589658
|switch|p2a: Scizor|Scizor, M|100/100
|turn|12
|
|t:|1664589660
|move|p1a: Salamence|Outrage|p2a: Scizor|[from]lockedmove
|-resisted|p2a: Scizor
|-damage|p2a: Scizor|63/100
|-start|p1a: Salamence|confusion|[fatigue]
|-enditem|p1a: Salamence|Lum Berry|[eat]
|-end|p1a: Salamence|confusion
|move|p2a: Scizor|Knock Off|p1a: Salamence
|-damage|p1a: Salamence|78/100
|
|upkeep
|turn|13
|
|t:|1664589665
|move|p2a: Scizor|Bullet Punch|p1a: Salamence
|-damage|p1a: Salamence|45/100
|move|p1a: Salamence|Fire Blast|p2a: Scizor
|-supereffective|p2a: Scizor
|-damage|p2a: Scizor|0 fnt
|faint|p2a: Scizor
|-ability|p1a: Salamence|Moxie|boost
|-boost|p1a: Salamence|atk|1
|
|upkeep
|
|t:|1664589674
|switch|p2a: Jirachi|Jirachi|100/100
|turn|14
|
|t:|1664589676
|move|p1a: Salamence|Outrage|p2a: Jirachi
|-resisted|p2a: Jirachi
|-damage|p2a: Jirachi|43/100
|move|p2a: Jirachi|Iron Head|p1a: Salamence
|-damage|p1a: Salamence|13/100
|
|-heal|p2a: Jirachi|49/100|[from] item: Leftovers
|upkeep
|turn|15
|
|t:|1664589683
|move|p2a: Jirachi|Protect|p2a: Jirachi
|-singleturn|p2a: Jirachi|Protect
|move|p1a: Salamence|Outrage|p2a: Jirachi|[from]lockedmove
|-activate|p2a: Jirachi|move: Protect
|-start|p1a: Salamence|confusion|[fatigue]
|
|-heal|p2a: Jirachi|55/100|[from] item: Leftovers
|upkeep
|turn|16
|
|t:|1664589687
|-activate|p1a: Salamence|confusion
|-damage|p1a: Salamence|0 fnt|[from] confusion
|faint|p1a: Salamence
|move|p2a: Jirachi|Iron Head|p1: Salamence|[notarget]
|-fail|p2a: Jirachi
|
|-heal|p2a: Jirachi|61/100|[from] item: Leftovers
|upkeep
|
|t:|1664589693
|switch|p1a: Celesteela|Celesteela|100/100
|turn|17
|
|t:|1664589696
|move|p2a: Jirachi|Wish|p2a: Jirachi
|move|p1a: Celesteela|Autotomize|p1a: Celesteela
|-boost|p1a: Celesteela|spe|2
|-start|p1a: Celesteela|Autotomize
|
|-heal|p2a: Jirachi|67/100|[from] item: Leftovers
|upkeep
|turn|18
|
|t:|1664589699
|switch|p2a: Nidoqueen|Nidoqueen, F|100/100
|move|p1a: Celesteela|Autotomize|p1a: Celesteela
|-boost|p1a: Celesteela|spe|2
|-start|p1a: Celesteela|Autotomize
|
|upkeep
|turn|19
|
|t:|1664589703
|move|p1a: Celesteela|Air Slash|p2a: Nidoqueen
|-damage|p2a: Nidoqueen|64/100
|cant|p2a: Nidoqueen|flinch
|
|upkeep
|turn|20
|
|t:|1664589706
|move|p1a: Celesteela|Air Slash|p2a: Nidoqueen
|-damage|p2a: Nidoqueen|26/100
|move|p2a: Nidoqueen|Flamethrower|p1a: Celesteela
|-supereffective|p1a: Celesteela
|-damage|p1a: Celesteela|15/100
|
|upkeep
|turn|21
|
|t:|1664589712
|switch|p2a: Jirachi|Jirachi|67/100
|move|p1a: Celesteela|Air Slash|p2a: Jirachi
|-resisted|p2a: Jirachi
|-damage|p2a: Jirachi|52/100
|
|-heal|p2a: Jirachi|58/100|[from] item: Leftovers
|upkeep
|turn|22
|
|t:|1664589714
|move|p2a: Jirachi|Protect|p2a: Jirachi
|-singleturn|p2a: Jirachi|Protect
|move|p1a: Celesteela|Fire Blast|p2a: Jirachi
|-activate|p2a: Jirachi|move: Protect
|
|-heal|p2a: Jirachi|64/100|[from] item: Leftovers
|upkeep
|turn|23
|
|t:|1664589719
|move|p1a: Celesteela|Fire Blast|p2a: Jirachi
|-supereffective|p2a: Jirachi
|-damage|p2a: Jirachi|11/100
|move|p2a: Jirachi|Iron Head|p1a: Celesteela
|-resisted|p1a: Celesteela
|-damage|p1a: Celesteela|0 fnt
|faint|p1a: Celesteela
|
|-heal|p2a: Jirachi|18/100|[from] item: Leftovers
|upkeep
|
|t:|1664589725
|switch|p1a: Haxorus|Haxorus, M|100/100
|-ability|p1a: Haxorus|Mold Breaker
|turn|24
|
|t:|1664589727
|move|p2a: Jirachi|Iron Head|p1a: Haxorus
|-damage|p1a: Haxorus|63/100
|move|p1a: Haxorus|Dragon Dance|p1a: Haxorus
|-boost|p1a: Haxorus|atk|1
|-boost|p1a: Haxorus|spe|1
|
|-heal|p2a: Jirachi|24/100|[from] item: Leftovers
|upkeep
|turn|25
|
|t:|1664589733
|move|p1a: Haxorus|Outrage|p2a: Jirachi
|-resisted|p2a: Jirachi
|-crit|p2a: Jirachi
|-damage|p2a: Jirachi|0 fnt
|faint|p2a: Jirachi
|
|upkeep
|
|t:|1664589735
|switch|p2a: Zarude|Zarude|82/100
|turn|26
|
|t:|1664589739
|move|p2a: Zarude|Darkest Lariat|p1a: Haxorus
|-damage|p1a: Haxorus|5/100
|move|p1a: Haxorus|Outrage|p2a: Zarude|[from]lockedmove
|-damage|p2a: Zarude|0 fnt
|faint|p2a: Zarude
|-start|p1a: Haxorus|confusion|[fatigue]
|-enditem|p1a: Haxorus|Lum Berry|[eat]
|-end|p1a: Haxorus|confusion
|
|upkeep
|
|t:|1664589741
|switch|p2a: Nidoqueen|Nidoqueen, F|26/100
|turn|27
|c|☆esqimo589|gg
|
|t:|1664589745
|move|p1a: Haxorus|Outrage|p2a: Nidoqueen
|-damage|p2a: Nidoqueen|0 fnt
|faint|p2a: Nidoqueen
|
|win|esqimo589
|raw|esqimo589's rating: 1151 &rarr; <strong>1189</strong><br />(+38 for winning)
|raw|ImDoneThrowing's rating: 1357 &rarr; <strong>1326</strong><br />(-31 for losing)
|l|☆ImDoneThrowing
|l|☆esqimo589
||Ladder isn't responding, score probably updated but might not have (Request timeout).
|j|☆esqimo589
|player|p1|esqimo589|n
