|j|☆big baz
|j|☆radioactivate69
|player|p1|big baz|ltsurge|1556
|player|p2|radioactivate69|skyla|1692
|teamsize|p1|6
|teamsize|p2|6
|gametype|singles
|gen|8
|tier|[Gen 8] UU
|rated|
|clearpoke
|poke|p1|Weezing-Galar, F|
|poke|p1|Umbreon, M|
|poke|p1|Pangoro, M|
|poke|p1|Kyurem|
|poke|p1|Jirachi|
|poke|p1|Keldeo-Resolute|
|poke|p2|Talonflame, F|
|poke|p2|Decidueye, M|
|poke|p2|Golisopod, F|
|poke|p2|Toxicroak, M|
|poke|p2|Mudsdale, F|
|poke|p2|Grimmsnarl, M|
|rule|Sleep Clause Mod: Limit one foe put to sleep
|rule|Species Clause: Limit one of each Pokémon
|rule|OHKO Clause: OHKO moves are banned
|rule|Evasion Moves Clause: Evasion moves are banned
|rule|Endless Battle Clause: Forcing endless battles is banned
|rule|HP Percentage Mod: HP is shown in percentages
|rule|Dynamax Clause: You cannot dynamax
|teampreview
|inactive|Battle timer is ON: inactive players will automatically lose when time's up. (requested by radioactivate69)
|inactive|big baz has 120 seconds left.
|
|start
|switch|p1a: Kyurem|Kyurem|100/100
|switch|p2a: Talonflame|Talonflame, F|100/100
|-ability|p1a: Kyurem|Pressure
|turn|1
|j| mbzzz
|
|move|p2a: Talonflame|Brave Bird|p1a: Kyurem
|-damage|p1a: Kyurem|39/100
|-damage|p2a: Talonflame|70/100|[from] Recoil
|move|p1a: Kyurem|Freeze-Dry|p2a: Talonflame
|-damage|p2a: Talonflame|22/100
|
|-heal|p1a: Kyurem|45/100|[from] item: Leftovers
|upkeep
|turn|2
|
|move|p1a: Kyurem|Protect|p1a: Kyurem
|-singleturn|p1a: Kyurem|Protect
|move|p2a: Talonflame|Brave Bird|p1a: Kyurem
|-activate|p1a: Kyurem|move: Protect
|
|-heal|p1a: Kyurem|51/100|[from] item: Leftovers
|upkeep
|turn|3
|
|switch|p1a: Jirachi|Jirachi|100/100
|move|p2a: Talonflame|Brave Bird|p1a: Jirachi
|-resisted|p1a: Jirachi
|-damage|p1a: Jirachi|60/100
|-damage|p2a: Talonflame|7/100|[from] Recoil
|
|upkeep
|turn|4
|
|move|p1a: Jirachi|U-turn|p2a: Talonflame
|-resisted|p2a: Talonflame
|-damage|p2a: Talonflame|0 fnt
|faint|p2a: Talonflame
|
|switch|p1a: Kyurem|Kyurem|51/100|[from]move: U-turn
|-ability|p1a: Kyurem|Pressure
|
|-heal|p1a: Kyurem|57/100|[from] item: Leftovers
|upkeep
|j| aegis of darkness
|
|switch|p2a: Decidueye|Decidueye, M|100/100
|turn|5
|
|move|p1a: Kyurem|Freeze-Dry|p2a: Decidueye
|-supereffective|p2a: Decidueye
|-damage|p2a: Decidueye|34/100
|move|p2a: Decidueye|Poltergeist|p1a: Kyurem
|-activate|p1a: Kyurem|move: Poltergeist|Leftovers
|-crit|p1a: Kyurem
|-damage|p1a: Kyurem|0 fnt
|-damage|p2a: Decidueye|24/100|[from] item: Life Orb
|faint|p1a: Kyurem
|
|upkeep
|
|switch|p1a: Keldeo|Keldeo-Resolute|100/100
|turn|6
|
|move|p1a: Keldeo|Substitute|p1a: Keldeo
|-start|p1a: Keldeo|Substitute
|-damage|p1a: Keldeo|76/100
|move|p2a: Decidueye|Leaf Blade|p1a: Keldeo
|-supereffective|p1a: Keldeo
|-end|p1a: Keldeo|Substitute
|-damage|p2a: Decidueye|14/100|[from] item: Life Orb
|
|-heal|p1a: Keldeo|82/100|[from] item: Leftovers
|upkeep
|turn|7
|
|switch|p2a: Toxicroak|Toxicroak, M|100/100
|-item|p2a: Toxicroak|Air Balloon
|move|p1a: Keldeo|Scald|p2a: Toxicroak
|-immune|p2a: Toxicroak|[from] ability: Dry Skin
|
|-heal|p1a: Keldeo|88/100|[from] item: Leftovers
|upkeep
|turn|8
|j| Bitconnecticut
|
|switch|p1a: Weezing|Weezing-Galar, F|100/100
|-ability|p1a: Weezing|Neutralizing Gas
|move|p2a: Toxicroak|Bulk Up|p2a: Toxicroak
|-boost|p2a: Toxicroak|atk|1
|-boost|p2a: Toxicroak|def|1
|
|upkeep
|turn|9
|
|move|p2a: Toxicroak|Gunk Shot|p1a: Weezing
|-damage|p1a: Weezing|46/100
|move|p1a: Weezing|Strange Steam|p2a: Toxicroak
|-damage|p2a: Toxicroak|55/100
|-enditem|p2a: Toxicroak|Air Balloon
|
|-heal|p1a: Weezing|52/100|[from] item: Black Sludge
|upkeep
|turn|10
|
|move|p2a: Toxicroak|Gunk Shot|p1a: Weezing|[miss]
|-miss|p2a: Toxicroak|p1a: Weezing
|move|p1a: Weezing|Strange Steam|p2a: Toxicroak
|-damage|p2a: Toxicroak|13/100
|
|-heal|p1a: Weezing|58/100|[from] item: Black Sludge
|upkeep
|turn|11
|
|move|p2a: Toxicroak|Gunk Shot|p1a: Weezing
|-damage|p1a: Weezing|0 fnt
|faint|p1a: Weezing
|
|upkeep
|
|switch|p1a: Keldeo|Keldeo-Resolute|88/100
|turn|12
|
|move|p1a: Keldeo|Secret Sword|p2a: Toxicroak
|-resisted|p2a: Toxicroak
|-damage|p2a: Toxicroak|0 fnt
|faint|p2a: Toxicroak
|
|-heal|p1a: Keldeo|94/100|[from] item: Leftovers
|upkeep
|
|switch|p2a: Grimmsnarl|Grimmsnarl, M|100/100
|turn|13
|
|move|p1a: Keldeo|Scald|p2a: Grimmsnarl
|-damage|p2a: Grimmsnarl|49/100
|move|p2a: Grimmsnarl|Spirit Break|p1a: Keldeo
|-supereffective|p1a: Keldeo
|-damage|p1a: Keldeo|0 fnt
|faint|p1a: Keldeo
|
|-heal|p2a: Grimmsnarl|55/100|[from] item: Leftovers
|upkeep
|
|switch|p1a: Pangoro|Pangoro, M|100/100
|turn|14
|
|switch|p2a: Mudsdale|Mudsdale, F|100/100
|move|p1a: Pangoro|Close Combat|p2a: Mudsdale
|-damage|p2a: Mudsdale|15/100
|-unboost|p1a: Pangoro|def|1
|-unboost|p1a: Pangoro|spd|1
|-ability|p2a: Mudsdale|Stamina|boost
|-boost|p2a: Mudsdale|def|1
|
|upkeep
|turn|15
|
|move|p1a: Pangoro|Close Combat|p2a: Mudsdale
|-damage|p2a: Mudsdale|0 fnt
|-unboost|p1a: Pangoro|def|1
|-unboost|p1a: Pangoro|spd|1
|faint|p2a: Mudsdale
|
|upkeep
|
|switch|p2a: Golisopod|Golisopod, F|100/100
|turn|16
|
|switch|p1a: Umbreon|Umbreon, M|100/100
|move|p2a: Golisopod|First Impression|p1a: Umbreon
|-supereffective|p1a: Umbreon
|-damage|p1a: Umbreon|19/100
|
|-heal|p1a: Umbreon|25/100|[from] item: Leftovers
|upkeep
|turn|17
|
|move|p1a: Umbreon|Foul Play|p2a: Golisopod
|-damage|p2a: Golisopod|61/100
|move|p2a: Golisopod|Liquidation|p1a: Umbreon
|-damage|p1a: Umbreon|0 fnt
|faint|p1a: Umbreon
|
|upkeep
|
|switch|p1a: Pangoro|Pangoro, M|100/100
|turn|18
|
|move|p2a: Golisopod|Aqua Jet|p1a: Pangoro
|-crit|p1a: Pangoro
|-damage|p1a: Pangoro|60/100
|move|p1a: Pangoro|Close Combat|p2a: Golisopod
|-resisted|p2a: Golisopod
|-damage|p2a: Golisopod|22/100
|-unboost|p1a: Pangoro|def|1
|-unboost|p1a: Pangoro|spd|1
|-activate|p2a: Golisopod|ability: Emergency Exit
|
|switch|p2a: Decidueye|Decidueye, M|14/100
|
|upkeep
|turn|19
|
|switch|p1a: Jirachi|Jirachi|60/100
|move|p2a: Decidueye|Brave Bird|p1a: Jirachi
|-resisted|p1a: Jirachi
|-damage|p1a: Jirachi|32/100
|-damage|p2a: Decidueye|4/100|[from] Recoil
|-damage|p2a: Decidueye|0 fnt|[from] item: Life Orb
|faint|p2a: Decidueye
|
|upkeep
|
|switch|p2a: Grimmsnarl|Grimmsnarl, M|55/100
|turn|20
|
|move|p2a: Grimmsnarl|Bulk Up|p2a: Grimmsnarl
|-boost|p2a: Grimmsnarl|atk|1
|-boost|p2a: Grimmsnarl|def|1
|move|p1a: Jirachi|Trick|p2a: Grimmsnarl
|-activate|p1a: Jirachi|move: Trick|[of] p2a: Grimmsnarl
|-item|p2a: Grimmsnarl|Choice Scarf|[from] move: Trick
|-item|p1a: Jirachi|Leftovers|[from] move: Trick
|
|-heal|p1a: Jirachi|39/100|[from] item: Leftovers
|upkeep
|turn|21
|
|move|p1a: Jirachi|Iron Head|p2a: Grimmsnarl
|-supereffective|p2a: Grimmsnarl
|-damage|p2a: Grimmsnarl|4/100
|cant|p2a: Grimmsnarl|flinch
|
|-heal|p1a: Jirachi|45/100|[from] item: Leftovers
|upkeep
|turn|22
|j| wtfray
|
|move|p2a: Grimmsnarl|Sucker Punch|p1a: Jirachi
|-supereffective|p1a: Jirachi
|-damage|p1a: Jirachi|0 fnt
|faint|p1a: Jirachi
|
|upkeep
|
|switch|p1a: Pangoro|Pangoro, M|60/100
|turn|23
|l| wtfray
|
|move|p2a: Grimmsnarl|Sucker Punch|p1a: Pangoro
|-resisted|p1a: Pangoro
|-damage|p1a: Pangoro|42/100
|move|p1a: Pangoro|Knock Off|p2a: Grimmsnarl
|-resisted|p2a: Grimmsnarl
|-damage|p2a: Grimmsnarl|0 fnt
|-enditem|p2a: Grimmsnarl|Choice Scarf|[from] move: Knock Off|[of] p1a: Pangoro
|faint|p2a: Grimmsnarl
|
|upkeep
|
|switch|p2a: Golisopod|Golisopod, F|22/100
|turn|24
|
|move|p2a: Golisopod|First Impression|p1a: Pangoro
|-damage|p1a: Pangoro|0 fnt
|faint|p1a: Pangoro
|
|win|radioactivate69
|raw|big baz's rating: 1556 &rarr; <strong>1544</strong><br />(-12 for losing)
|raw|radioactivate69's rating: 1692 &rarr; <strong>1704</strong><br />(+12 for winning)
|c|☆radioactivate69|gg
|c|☆big baz|gg
|l|☆big baz
|l| mbzzz
|l| aegis of darkness
|l| Bitconnecticut
