|j|☆UUH4 Vibes
|j|☆Blizz'Art33
|player|p1|UUH4 Vibes|selene|1406
|player|p2|Blizz'Art33|222|1334
|teamsize|p1|6
|teamsize|p2|6
|gametype|singles
|gen|8
|tier|[Gen 8] UU
|rated|
|html|<div class="broadcast-blue"><strong>UU is currently suspecting Haxorus! For information on how to participate check out the <a href="https://www.smogon.com/forums/threads/3664575/">suspect thread</a>.</strong></div>
|clearpoke
|poke|p1|Roserade, M|
|poke|p1|Golisopod, M|
|poke|p1|Rhyperior, M|
|poke|p1|Noivern, M|
|poke|p1|Cobalion|
|poke|p1|Incineroar, M|
|poke|p2|Doublade, F|
|poke|p2|Tsareena, F|
|poke|p2|Haxorus, F|
|poke|p2|Cobalion|
|poke|p2|Chandelure, M|
|poke|p2|Blastoise, F|
|rule|Sleep Clause Mod: Limit one foe put to sleep
|rule|Species Clause: Limit one of each Pokémon
|rule|OHKO Clause: OHKO moves are banned
|rule|Evasion Moves Clause: Evasion moves are banned
|rule|Endless Battle Clause: Forcing endless battles is banned
|rule|HP Percentage Mod: HP is shown in percentages
|rule|Dynamax Clause: You cannot dynamax
|teampreview
|inactive|Battle timer is ON: inactive players will automatically lose when time's up. (requested by Blizz'Art33)
|
|start
|switch|p1a: Noivern|Noivern, M|100/100
|switch|p2a: Cobalion|Cobalion|100/100
|turn|1
|
|move|p1a: Noivern|Flamethrower|p2a: Cobalion
|-supereffective|p2a: Cobalion
|-damage|p2a: Cobalion|34/100
|move|p2a: Cobalion|Stealth Rock|p1a: Noivern
|-sidestart|p1: UUH4 Vibes|move: Stealth Rock
|
|upkeep
|turn|2
|
|switch|p2a: Chandelure|Chandelure, M|100/100
|move|p1a: Noivern|Defog|p2a: Chandelure
|-unboost|p2a: Chandelure|evasion|1
|-sideend|p1: UUH4 Vibes|Stealth Rock|[from] move: Defog|[of] p1a: Noivern
|
|upkeep
|turn|3
|
|switch|p1a: Incineroar|Incineroar, M|100/100
|-ability|p1a: Incineroar|Intimidate|boost
|-unboost|p2a: Chandelure|atk|1
|move|p2a: Chandelure|Shadow Ball|p1a: Incineroar
|-resisted|p1a: Incineroar
|-damage|p1a: Incineroar|84/100
|
|upkeep
|turn|4
|
|switch|p2a: Cobalion|Cobalion|34/100
|move|p1a: Incineroar|Toxic|p2a: Cobalion
|-immune|p2a: Cobalion
|
|upkeep
|turn|5
|
|switch|p1a: Noivern|Noivern, M|100/100
|move|p2a: Cobalion|Close Combat|p1a: Noivern
|-resisted|p1a: Noivern
|-damage|p1a: Noivern|73/100
|-unboost|p2a: Cobalion|def|1
|-unboost|p2a: Cobalion|spd|1
|
|upkeep
|turn|6
|
|switch|p2a: Chandelure|Chandelure, M|100/100
|move|p1a: Noivern|Draco Meteor|p2a: Chandelure
|-damage|p2a: Chandelure|35/100
|-unboost|p1a: Noivern|spa|2
|
|upkeep
|turn|7
|
|switch|p1a: Incineroar|Incineroar, M|84/100
|-ability|p1a: Incineroar|Intimidate|boost
|-unboost|p2a: Chandelure|atk|1
|move|p2a: Chandelure|Calm Mind|p2a: Chandelure
|-boost|p2a: Chandelure|spa|1
|-boost|p2a: Chandelure|spd|1
|
|upkeep
|turn|8
|
|move|p2a: Chandelure|Fire Blast|p1a: Incineroar
|-resisted|p1a: Incineroar
|-damage|p1a: Incineroar|51/100
|move|p1a: Incineroar|Knock Off|p2a: Chandelure
|-supereffective|p2a: Chandelure
|-damage|p2a: Chandelure|0 fnt
|-enditem|p2a: Chandelure|Heavy-Duty Boots|[from] move: Knock Off|[of] p1a: Incineroar
|faint|p2a: Chandelure
|
|upkeep
|
|switch|p2a: Cobalion|Cobalion|34/100
|turn|9
|
|move|p2a: Cobalion|Stealth Rock|p1a: Incineroar
|-sidestart|p1: UUH4 Vibes|move: Stealth Rock
|move|p1a: Incineroar|Overheat|p2a: Cobalion
|-supereffective|p2a: Cobalion
|-damage|p2a: Cobalion|0 fnt
|-unboost|p1a: Incineroar|spa|2
|faint|p2a: Cobalion
|
|upkeep
|
|switch|p2a: Blastoise|Blastoise, F|100/100
|turn|10
|
|move|p2a: Blastoise|Shell Smash|p2a: Blastoise
|-unboost|p2a: Blastoise|def|1
|-unboost|p2a: Blastoise|spd|1
|-boost|p2a: Blastoise|atk|2
|-boost|p2a: Blastoise|spa|2
|-boost|p2a: Blastoise|spe|2
|-enditem|p2a: Blastoise|White Herb
|-clearnegativeboost|p2a: Blastoise|[silent]
|move|p1a: Incineroar|Toxic|p2a: Blastoise
|-status|p2a: Blastoise|tox
|
|-damage|p2a: Blastoise|94/100 tox|[from] psn
|upkeep
|turn|11
|
|switch|p1a: Cobalion|Cobalion|100/100
|-damage|p1a: Cobalion|97/100|[from] Stealth Rock
|move|p2a: Blastoise|Surf|p1a: Cobalion
|-damage|p1a: Cobalion|0 fnt
|faint|p1a: Cobalion
|
|-damage|p2a: Blastoise|82/100 tox|[from] psn
|upkeep
|
|switch|p1a: Golisopod|Golisopod, M|100/100
|turn|12
|
|move|p1a: Golisopod|First Impression|p2a: Blastoise
|-crit|p2a: Blastoise
|-damage|p2a: Blastoise|0 fnt
|faint|p2a: Blastoise
|
|upkeep
|j| UUH4 sushi
|
|switch|p2a: Tsareena|Tsareena, F|100/100
|turn|13
|
|move|p2a: Tsareena|Power Whip|p1a: Golisopod
|-damage|p1a: Golisopod|59/100
|move|p1a: Golisopod|Leech Life|p2a: Tsareena
|-supereffective|p2a: Tsareena
|-damage|p2a: Tsareena|0 fnt
|-heal|p1a: Golisopod|100/100|[from] drain|[of] p2a: Tsareena
|faint|p2a: Tsareena
|
|upkeep
|
|switch|p2a: Doublade|Doublade, F|100/100
|turn|14
|
|switch|p1a: Incineroar|Incineroar, M|51/100
|-ability|p1a: Incineroar|Intimidate|boost
|-unboost|p2a: Doublade|atk|1
|move|p2a: Doublade|Swords Dance|p2a: Doublade
|-boost|p2a: Doublade|atk|2
|
|upkeep
|turn|15
|
|move|p1a: Incineroar|Overheat|p2a: Doublade
|-supereffective|p2a: Doublade
|-damage|p2a: Doublade|13/100
|-unboost|p1a: Incineroar|spa|2
|move|p2a: Doublade|Close Combat|p1a: Incineroar
|-supereffective|p1a: Incineroar
|-damage|p1a: Incineroar|0 fnt
|-unboost|p2a: Doublade|def|1
|-unboost|p2a: Doublade|spd|1
|faint|p1a: Incineroar
|
|upkeep
|
|switch|p1a: Golisopod|Golisopod, M|100/100
|turn|16
|
|move|p1a: Golisopod|First Impression|p2a: Doublade
|-resisted|p2a: Doublade
|-damage|p2a: Doublade|4/100
|move|p2a: Doublade|Shadow Sneak|p1a: Golisopod
|-damage|p1a: Golisopod|78/100
|
|upkeep
|turn|17
|
|move|p2a: Doublade|Shadow Sneak|p1a: Golisopod
|-damage|p1a: Golisopod|56/100
|move|p1a: Golisopod|Knock Off|p2a: Doublade
|-supereffective|p2a: Doublade
|-damage|p2a: Doublade|0 fnt
|-enditem|p2a: Doublade|Eviolite|[from] move: Knock Off|[of] p1a: Golisopod
|faint|p2a: Doublade
|
|upkeep
|
|switch|p2a: Haxorus|Haxorus, F|100/100
|-ability|p2a: Haxorus|Mold Breaker
|turn|18
|inactive|UUH4 Vibes has 120 seconds left.
|
|move|p2a: Haxorus|Dragon Dance|p2a: Haxorus
|-boost|p2a: Haxorus|atk|1
|-boost|p2a: Haxorus|spe|1
|move|p1a: Golisopod|Leech Life|p2a: Haxorus
|-damage|p2a: Haxorus|41/100
|-heal|p1a: Golisopod|82/100|[from] drain|[of] p2a: Haxorus
|
|upkeep
|turn|19
|inactive|UUH4 Vibes has 120 seconds left.
|
|move|p2a: Haxorus|Dragon Claw|p1a: Golisopod
|-damage|p1a: Golisopod|26/100
|-activate|p1a: Golisopod|ability: Emergency Exit
|
|switch|p1a: Rhyperior|Rhyperior, M|100/100
|-damage|p1a: Rhyperior|94/100|[from] Stealth Rock
|
|-heal|p1a: Rhyperior|100/100|[from] item: Leftovers
|upkeep
|turn|20
|
|move|p2a: Haxorus|Earthquake|p1a: Rhyperior
|-supereffective|p1a: Rhyperior
|-damage|p1a: Rhyperior|17/100
|move|p1a: Rhyperior|Earthquake|p2a: Haxorus
|-damage|p2a: Haxorus|0 fnt
|faint|p2a: Haxorus
|
|win|UUH4 Vibes
|raw|UUH4 Vibes's rating: 1385 &rarr; <strong>1403</strong><br />(+18 for winning)
|raw|Blizz&apos;Art33's rating: 1355 &rarr; <strong>1337</strong><br />(-18 for losing)
|l|☆Blizz'Art33
|l|☆UUH4 Vibes
