|j|☆Eltoras
|j|☆yaaast
|player|p1|Eltoras|blue|1400
|player|p2|yaaast|124|1430
|teamsize|p1|6
|teamsize|p2|6
|gametype|singles
|gen|8
|tier|[Gen 8] UU
|rated|
|clearpoke
|poke|p1|Incineroar, M|
|poke|p1|Rotom-Wash|
|poke|p1|Escavalier, F|
|poke|p1|Rillaboom, F|
|poke|p1|Gigalith, M|
|poke|p1|Reuniclus, M|
|poke|p2|Raboot, F|
|poke|p2|Rillaboom, M|
|poke|p2|Rotom-Wash|
|poke|p2|Doublade, F|
|poke|p2|Copperajah, M|
|poke|p2|Sylveon, F|
|rule|Sleep Clause Mod: Limit one foe put to sleep
|rule|Species Clause: Limit one of each Pokémon
|rule|OHKO Clause: OHKO moves are banned
|rule|Evasion Moves Clause: Evasion moves are banned
|rule|Endless Battle Clause: Forcing endless battles is banned
|rule|HP Percentage Mod: HP is shown in percentages
|rule|Dynamax Clause: You cannot dynamax
|teampreview
|inactive|Battle timer is ON: inactive players will automatically lose when time's up. (requested by yaaast)
|inactive|Eltoras has 120 seconds left.
|
|start
|switch|p1a: Rillaboom|Rillaboom, F|100/100
|switch|p2a: Raboot|Raboot, F|100/100
|-fieldstart|move: Grassy Terrain|[from] ability: Grassy Surge|[of] p1a: Rillaboom
|turn|1
|
|move|p1a: Rillaboom|U-turn|p2a: Raboot
|-resisted|p2a: Raboot
|-damage|p2a: Raboot|79/100
|
|switch|p1a: Rotom|Rotom-Wash|100/100|[from]move: U-turn
|move|p2a: Raboot|Flare Blitz|p1a: Rotom
|-resisted|p1a: Rotom
|-damage|p1a: Rotom|67/100
|-damage|p2a: Raboot|69/100|[from] Recoil
|
|-heal|p1a: Rotom|73/100|[from] item: Leftovers
|-heal|p2a: Raboot|75/100|[from] Grassy Terrain
|upkeep
|turn|2
|
|switch|p2a: Rotom|Rotom-Wash|100/100
|move|p1a: Rotom|Volt Switch|p2a: Rotom
|-damage|p2a: Rotom|67/100
|
|switch|p1a: Rillaboom|Rillaboom, F|100/100|[from]move: Volt Switch
|
|-heal|p2a: Rotom|73/100|[from] item: Leftovers
|upkeep
|turn|3
|
|switch|p2a: Doublade|Doublade, F|100/100
|move|p1a: Rillaboom|Knock Off|p2a: Doublade
|-supereffective|p2a: Doublade
|-damage|p2a: Doublade|69/100
|-enditem|p2a: Doublade|Eviolite|[from] move: Knock Off|[of] p1a: Rillaboom
|
|-heal|p2a: Doublade|75/100|[from] Grassy Terrain
|upkeep
|turn|4
|
|switch|p1a: Incineroar|Incineroar, M|100/100
|-ability|p1a: Incineroar|Intimidate|boost
|-unboost|p2a: Doublade|atk|1
|move|p2a: Doublade|Swords Dance|p2a: Doublade
|-boost|p2a: Doublade|atk|2
|
|-heal|p2a: Doublade|81/100|[from] Grassy Terrain
|upkeep
|turn|5
|
|move|p1a: Incineroar|Flare Blitz|p2a: Doublade
|-supereffective|p2a: Doublade
|-damage|p2a: Doublade|4/100
|-damage|p1a: Incineroar|80/100|[from] Recoil
|move|p2a: Doublade|Close Combat|p1a: Incineroar
|-supereffective|p1a: Incineroar
|-damage|p1a: Incineroar|0 fnt
|-unboost|p2a: Doublade|def|1
|-unboost|p2a: Doublade|spd|1
|faint|p1a: Incineroar
|
|-heal|p2a: Doublade|10/100|[from] Grassy Terrain
|-fieldend|move: Grassy Terrain
|upkeep
|j| bw tilted
|
|switch|p1a: Rillaboom|Rillaboom, F|100/100
|-fieldstart|move: Grassy Terrain|[from] ability: Grassy Surge|[of] p1a: Rillaboom
|turn|6
|
|move|p2a: Doublade|Shadow Sneak|p1a: Rillaboom
|-damage|p1a: Rillaboom|65/100
|move|p1a: Rillaboom|U-turn|p2a: Doublade
|-resisted|p2a: Doublade
|-damage|p2a: Doublade|3/100
|l| bw tilted
|
|switch|p1a: Rotom|Rotom-Wash|73/100|[from]move: U-turn
|
|-heal|p1a: Rotom|79/100|[from] item: Leftovers
|-heal|p2a: Doublade|9/100|[from] Grassy Terrain
|upkeep
|turn|7
|
|move|p2a: Doublade|Shadow Sneak|p1a: Rotom
|-damage|p1a: Rotom|38/100
|move|p1a: Rotom|Volt Switch|p2a: Doublade
|-damage|p2a: Doublade|0 fnt
|faint|p2a: Doublade
|
|switch|p1a: Rillaboom|Rillaboom, F|65/100|[from]move: Volt Switch
|
|-heal|p1a: Rillaboom|71/100|[from] Grassy Terrain
|upkeep
|
|switch|p2a: Rillaboom|Rillaboom, M|100/100
|turn|8
|
|move|p2a: Rillaboom|Knock Off|p1a: Rillaboom
|-damage|p1a: Rillaboom|35/100
|-enditem|p1a: Rillaboom|Choice Scarf|[from] move: Knock Off|[of] p2a: Rillaboom
|move|p1a: Rillaboom|U-turn|p2a: Rillaboom
|-supereffective|p2a: Rillaboom
|-damage|p2a: Rillaboom|48/100
|
|switch|p1a: Escavalier|Escavalier, F|100/100|[from]move: U-turn
|
|-heal|p2a: Rillaboom|54/100|[from] Grassy Terrain
|upkeep
|turn|9
|
|switch|p2a: Rotom|Rotom-Wash|73/100
|move|p1a: Escavalier|Drill Run|p2a: Rotom
|-immune|p2a: Rotom|[from] ability: Levitate
|
|-heal|p2a: Rotom|79/100|[from] item: Leftovers
|upkeep
|turn|10
|
|move|p2a: Rotom|Volt Switch|p1a: Escavalier
|-damage|p1a: Escavalier|83/100
|
|switch|p2a: Copperajah|Copperajah, M|100/100|[from]move: Volt Switch
|move|p1a: Escavalier|Megahorn|p2a: Copperajah|[miss]
|-miss|p1a: Escavalier|p2a: Copperajah
|
|-heal|p1a: Escavalier|90/100|[from] Grassy Terrain
|-fieldend|move: Grassy Terrain
|upkeep
|turn|11
|
|switch|p2a: Rotom|Rotom-Wash|79/100
|move|p1a: Escavalier|Close Combat|p2a: Rotom
|-damage|p2a: Rotom|36/100
|-unboost|p1a: Escavalier|def|1
|-unboost|p1a: Escavalier|spd|1
|
|-heal|p2a: Rotom|42/100|[from] item: Leftovers
|upkeep
|turn|12
|
|switch|p1a: Rotom|Rotom-Wash|38/100
|move|p2a: Rotom|Hydro Pump|p1a: Rotom
|-resisted|p1a: Rotom
|-damage|p1a: Rotom|10/100
|
|-heal|p1a: Rotom|17/100|[from] item: Leftovers
|-heal|p2a: Rotom|49/100|[from] item: Leftovers
|upkeep
|turn|13
|
|move|p1a: Rotom|Pain Split|p2a: Rotom
|-sethp|p2a: Rotom|31/100|[from] move: Pain Split|[silent]
|-sethp|p1a: Rotom|39/100|[from] move: Pain Split
|move|p2a: Rotom|Volt Switch|p1a: Rotom
|-damage|p1a: Rotom|5/100
|
|switch|p2a: Rillaboom|Rillaboom, M|54/100|[from]move: Volt Switch
|-fieldstart|move: Grassy Terrain|[from] ability: Grassy Surge|[of] p2a: Rillaboom
|
|-heal|p2a: Rillaboom|61/100|[from] Grassy Terrain
|-heal|p1a: Rotom|11/100|[from] item: Leftovers
|upkeep
|turn|14
|
|move|p2a: Rillaboom|U-turn|p1a: Rotom
|-damage|p1a: Rotom|0 fnt
|faint|p1a: Rotom
|
|switch|p2a: Raboot|Raboot, F|75/100|[from]move: U-turn
|
|-heal|p2a: Raboot|81/100|[from] Grassy Terrain
|upkeep
|
|switch|p1a: Gigalith|Gigalith, M|100/100
|-weather|Sandstorm|[from] ability: Sand Stream|[of] p1a: Gigalith
|turn|15
|
|move|p2a: Raboot|U-turn|p1a: Gigalith
|-start|p2a: Raboot|typechange|Bug|[from] ability: Libero
|-damage|p1a: Gigalith|78/100
|
|switch|p2a: Rillaboom|Rillaboom, M|61/100|[from]move: U-turn
|move|p1a: Gigalith|Stealth Rock|p2a: Rillaboom
|-sidestart|p2: yaaast|move: Stealth Rock
|
|-weather|Sandstorm|[upkeep]
|-damage|p2a: Rillaboom|54/100|[from] Sandstorm
|-heal|p2a: Rillaboom|61/100|[from] Grassy Terrain
|-heal|p1a: Gigalith|84/100|[from] item: Leftovers
|-heal|p1a: Gigalith|90/100|[from] Grassy Terrain
|upkeep
|turn|16
|
|switch|p1a: Escavalier|Escavalier, F|90/100
|move|p2a: Rillaboom|Wood Hammer|p1a: Escavalier
|-resisted|p1a: Escavalier
|-damage|p1a: Escavalier|68/100
|-damage|p2a: Rillaboom|54/100|[from] Recoil
|
|-weather|Sandstorm|[upkeep]
|-damage|p2a: Rillaboom|48/100|[from] Sandstorm
|-heal|p2a: Rillaboom|54/100|[from] Grassy Terrain
|-heal|p1a: Escavalier|75/100|[from] Grassy Terrain
|upkeep
|turn|17
|
|switch|p2a: Rotom|Rotom-Wash|31/100
|-damage|p2a: Rotom|18/100|[from] Stealth Rock
|move|p1a: Escavalier|Megahorn|p2a: Rotom
|-damage|p2a: Rotom|0 fnt
|faint|p2a: Rotom
|
|-weather|Sandstorm|[upkeep]
|-heal|p1a: Escavalier|81/100|[from] Grassy Terrain
|-fieldend|move: Grassy Terrain
|upkeep
|
|switch|p2a: Sylveon|Sylveon, F|100/100
|-damage|p2a: Sylveon|88/100|[from] Stealth Rock
|turn|18
|
|move|p2a: Sylveon|Mystical Fire|p1a: Escavalier
|-supereffective|p1a: Escavalier
|-damage|p1a: Escavalier|0 fnt
|faint|p1a: Escavalier
|
|-weather|Sandstorm|[upkeep]
|-damage|p2a: Sylveon|82/100|[from] Sandstorm
|upkeep
|
|switch|p1a: Rillaboom|Rillaboom, F|35/100
|-fieldstart|move: Grassy Terrain|[from] ability: Grassy Surge|[of] p1a: Rillaboom
|turn|19
|
|switch|p2a: Copperajah|Copperajah, M|100/100
|-damage|p2a: Copperajah|94/100|[from] Stealth Rock
|move|p1a: Rillaboom|Wood Hammer|p2a: Copperajah
|-resisted|p2a: Copperajah
|-damage|p2a: Copperajah|51/100
|-damage|p1a: Rillaboom|16/100|[from] Recoil
|
|-weather|none
|-heal|p1a: Rillaboom|22/100|[from] Grassy Terrain
|-heal|p2a: Copperajah|57/100|[from] item: Leftovers
|-heal|p2a: Copperajah|63/100|[from] Grassy Terrain
|upkeep
|turn|20
|
|switch|p2a: Sylveon|Sylveon, F|82/100
|-damage|p2a: Sylveon|70/100|[from] Stealth Rock
|move|p1a: Rillaboom|Wood Hammer|p2a: Sylveon
|-damage|p2a: Sylveon|0 fnt
|-damage|p1a: Rillaboom|0 fnt|[from] Recoil
|faint|p2a: Sylveon
|faint|p1a: Rillaboom
|
|upkeep
|
|switch|p1a: Reuniclus|Reuniclus, M|100/100
|switch|p2a: Copperajah|Copperajah, M|63/100
|-damage|p2a: Copperajah|57/100|[from] Stealth Rock
|-enditem|p1a: Reuniclus|Grassy Seed
|-boost|p1a: Reuniclus|def|1|[from] item: Grassy Seed
|turn|21
|
|move|p2a: Copperajah|Heavy Slam|p1a: Reuniclus
|-damage|p1a: Reuniclus|75/100
|move|p1a: Reuniclus|Calm Mind|p1a: Reuniclus
|-boost|p1a: Reuniclus|spa|1
|-boost|p1a: Reuniclus|spd|1
|
|-heal|p2a: Copperajah|63/100|[from] item: Leftovers
|-heal|p2a: Copperajah|69/100|[from] Grassy Terrain
|-heal|p1a: Reuniclus|81/100|[from] Grassy Terrain
|upkeep
|turn|22
|
|move|p2a: Copperajah|Heavy Slam|p1a: Reuniclus
|-damage|p1a: Reuniclus|57/100
|move|p1a: Reuniclus|Calm Mind|p1a: Reuniclus
|-boost|p1a: Reuniclus|spa|1
|-boost|p1a: Reuniclus|spd|1
|
|-heal|p2a: Copperajah|75/100|[from] item: Leftovers
|-heal|p2a: Copperajah|81/100|[from] Grassy Terrain
|-heal|p1a: Reuniclus|63/100|[from] Grassy Terrain
|upkeep
|turn|23
|
|move|p2a: Copperajah|Heavy Slam|p1a: Reuniclus
|-damage|p1a: Reuniclus|40/100
|move|p1a: Reuniclus|Recover|p1a: Reuniclus
|-heal|p1a: Reuniclus|90/100
|
|-heal|p2a: Copperajah|87/100|[from] item: Leftovers
|-heal|p2a: Copperajah|93/100|[from] Grassy Terrain
|-heal|p1a: Reuniclus|96/100|[from] Grassy Terrain
|-fieldend|move: Grassy Terrain
|upkeep
|turn|24
|
|move|p2a: Copperajah|Heavy Slam|p1a: Reuniclus
|-damage|p1a: Reuniclus|70/100
|move|p1a: Reuniclus|Calm Mind|p1a: Reuniclus
|-boost|p1a: Reuniclus|spa|1
|-boost|p1a: Reuniclus|spd|1
|
|-heal|p2a: Copperajah|99/100|[from] item: Leftovers
|upkeep
|turn|25
|
|move|p2a: Copperajah|Heavy Slam|p1a: Reuniclus
|-damage|p1a: Reuniclus|47/100
|move|p1a: Reuniclus|Recover|p1a: Reuniclus
|-heal|p1a: Reuniclus|97/100
|
|-heal|p2a: Copperajah|100/100|[from] item: Leftovers
|upkeep
|turn|26
|
|move|p2a: Copperajah|Heavy Slam|p1a: Reuniclus
|-damage|p1a: Reuniclus|73/100
|move|p1a: Reuniclus|Calm Mind|p1a: Reuniclus
|-boost|p1a: Reuniclus|spa|1
|-boost|p1a: Reuniclus|spd|1
|
|upkeep
|turn|27
|
|move|p2a: Copperajah|Heavy Slam|p1a: Reuniclus
|-damage|p1a: Reuniclus|48/100
|move|p1a: Reuniclus|Recover|p1a: Reuniclus
|-heal|p1a: Reuniclus|98/100
|
|upkeep
|turn|28
|
|move|p2a: Copperajah|Heavy Slam|p1a: Reuniclus
|-damage|p1a: Reuniclus|74/100
|move|p1a: Reuniclus|Calm Mind|p1a: Reuniclus
|-boost|p1a: Reuniclus|spa|1
|-boost|p1a: Reuniclus|spd|1
|
|upkeep
|turn|29
|
|move|p2a: Copperajah|Heavy Slam|p1a: Reuniclus
|-damage|p1a: Reuniclus|52/100
|move|p1a: Reuniclus|Recover|p1a: Reuniclus
|-heal|p1a: Reuniclus|100/100
|
|upkeep
|turn|30
|
|move|p2a: Copperajah|Heavy Slam|p1a: Reuniclus
|-damage|p1a: Reuniclus|75/100
|move|p1a: Reuniclus|Calm Mind|p1a: Reuniclus
|-boost|p1a: Reuniclus|spa|1
|-boost|p1a: Reuniclus|spd|1
|
|upkeep
|turn|31
|
|move|p2a: Copperajah|Heavy Slam|p1a: Reuniclus
|-damage|p1a: Reuniclus|52/100
|move|p1a: Reuniclus|Recover|p1a: Reuniclus
|-heal|p1a: Reuniclus|100/100
|
|upkeep
|turn|32
|
|move|p2a: Copperajah|Heavy Slam|p1a: Reuniclus
|-crit|p1a: Reuniclus
|-damage|p1a: Reuniclus|49/100
|move|p1a: Reuniclus|Focus Blast|p2a: Copperajah
|-supereffective|p2a: Copperajah
|-damage|p2a: Copperajah|0 fnt
|faint|p2a: Copperajah
|
|upkeep
|
|switch|p2a: Rillaboom|Rillaboom, M|54/100
|-damage|p2a: Rillaboom|42/100|[from] Stealth Rock
|-fieldstart|move: Grassy Terrain|[from] ability: Grassy Surge|[of] p2a: Rillaboom
|turn|33
|
|move|p2a: Rillaboom|Wood Hammer|p1a: Reuniclus
|-damage|p1a: Reuniclus|11/100
|-damage|p2a: Rillaboom|26/100|[from] Recoil
|move|p1a: Reuniclus|Recover|p1a: Reuniclus
|-heal|p1a: Reuniclus|61/100
|
|-heal|p2a: Rillaboom|32/100|[from] Grassy Terrain
|-heal|p1a: Reuniclus|67/100|[from] Grassy Terrain
|upkeep
|turn|34
|
|move|p2a: Rillaboom|Wood Hammer|p1a: Reuniclus
|-damage|p1a: Reuniclus|30/100
|-damage|p2a: Rillaboom|17/100|[from] Recoil
|move|p1a: Reuniclus|Recover|p1a: Reuniclus
|-heal|p1a: Reuniclus|80/100
|
|-heal|p2a: Rillaboom|23/100|[from] Grassy Terrain
|-heal|p1a: Reuniclus|86/100|[from] Grassy Terrain
|upkeep
|turn|35
|
|move|p2a: Rillaboom|Wood Hammer|p1a: Reuniclus
|-damage|p1a: Reuniclus|46/100
|-damage|p2a: Rillaboom|7/100|[from] Recoil
|move|p1a: Reuniclus|Recover|p1a: Reuniclus
|-heal|p1a: Reuniclus|96/100
|
|-heal|p2a: Rillaboom|13/100|[from] Grassy Terrain
|-heal|p1a: Reuniclus|100/100|[from] Grassy Terrain
|upkeep
|turn|36
|
|move|p2a: Rillaboom|Wood Hammer|p1a: Reuniclus
|-damage|p1a: Reuniclus|62/100
|-damage|p2a: Rillaboom|0 fnt|[from] Recoil
|faint|p2a: Rillaboom
|move|p1a: Reuniclus|Recover|p1a: Reuniclus
|-heal|p1a: Reuniclus|100/100
|
|upkeep
|
|switch|p2a: Raboot|Raboot, F|81/100
|turn|37
|
|move|p2a: Raboot|Sucker Punch|p1a: Reuniclus
|-start|p2a: Raboot|typechange|Dark|[from] ability: Libero
|-supereffective|p1a: Reuniclus
|-damage|p1a: Reuniclus|75/100
|move|p1a: Reuniclus|Stored Power|p2a: Raboot
|-immune|p2a: Raboot
|
|-heal|p2a: Raboot|86/100|[from] Grassy Terrain
|-heal|p1a: Reuniclus|81/100|[from] Grassy Terrain
|-fieldend|move: Grassy Terrain
|upkeep
|turn|38
|
|move|p2a: Raboot|U-turn|p1a: Reuniclus
|-start|p2a: Raboot|typechange|Bug|[from] ability: Libero
|-supereffective|p1a: Reuniclus
|-damage|p1a: Reuniclus|54/100
|move|p1a: Reuniclus|Focus Blast|p2a: Raboot|[miss]
|-miss|p1a: Reuniclus|p2a: Raboot
|
|upkeep
|turn|39
|
|move|p2a: Raboot|Sucker Punch||[still]
|-start|p2a: Raboot|typechange|Dark|[from] ability: Libero
|-fail|p2a: Raboot
|move|p1a: Reuniclus|Recover|p1a: Reuniclus
|-heal|p1a: Reuniclus|100/100
|
|upkeep
|turn|40
|
|move|p2a: Raboot|Gunk Shot|p1a: Reuniclus
|-start|p2a: Raboot|typechange|Poison|[from] ability: Libero
|-damage|p1a: Reuniclus|76/100
|move|p1a: Reuniclus|Stored Power|p2a: Raboot
|-supereffective|p2a: Raboot
|-damage|p2a: Raboot|0 fnt
|faint|p2a: Raboot
|
|win|Eltoras
|l|☆yaaast
||Ladder (probably) updated, but score could not be retrieved (Response not received).
