|j|☆skylermaser
|j|☆DDD Reveal
|t:|1600923678
|player|p1|skylermaser|101|
|player|p2|DDD Reveal|karen|
|teamsize|p1|6
|teamsize|p2|6
|gametype|singles
|gen|8
|tier|[Gen 8] UU
|rated|Tournament battle
|html|<div class="broadcast-blue"><strong>UU is currently suspecting Lycanroc-Dusk! For information on how to participate check out the <a href="https://www.smogon.com/forums/threads/3670407/">suspect thread</a>.</strong></div>
|clearpoke
|poke|p1|Gardevoir, F|
|poke|p1|Flygon, F|
|poke|p1|Gigalith, F|
|poke|p1|Doublade, F|
|poke|p1|Golisopod, M|
|poke|p1|Mimikyu, F|
|poke|p2|Mamoswine, F|
|poke|p2|Keldeo-Resolute|
|poke|p2|Rotom-Mow|
|poke|p2|Weezing-Galar, F|
|poke|p2|Noivern, F|
|poke|p2|Copperajah, F|
|rule|Sleep Clause Mod: Limit one foe put to sleep
|rule|Species Clause: Limit one of each Pokémon
|rule|OHKO Clause: OHKO moves are banned
|rule|Evasion Moves Clause: Evasion moves are banned
|rule|Endless Battle Clause: Forcing endless battles is banned
|rule|HP Percentage Mod: HP is shown in percentages
|rule|Dynamax Clause: You cannot dynamax
|teampreview
|j|*Lady Monita
|j| twats
|j| prorick
|j| YxngScxrs
|j| PlazaRayquaza
|j| Ronman5
|
|t:|1600923712
|start
|switch|p1a: Gardevoir|Gardevoir, F|100/100
|switch|p2a: Weezing|Weezing-Galar, F|100/100
|-ability|p1a: Gardevoir|Levitate|[from] ability: Trace|[of] p2a: Weezing
|turn|1
|
|t:|1600923720
|switch|p2a: Copperajah|Copperajah, F|100/100
|move|p1a: Gardevoir|Psychic|p2a: Copperajah
|-resisted|p2a: Copperajah
|-damage|p2a: Copperajah|74/100
|
|-heal|p2a: Copperajah|80/100|[from] item: Leftovers
|upkeep
|turn|2
|
|t:|1600923729
|switch|p1a: Gigalith|Gigalith, F|100/100
|-weather|Sandstorm|[from] ability: Sand Stream|[of] p1a: Gigalith
|move|p2a: Copperajah|Stealth Rock|p1a: Gigalith
|-sidestart|p1: skylermaser|move: Stealth Rock
|
|-weather|Sandstorm|[upkeep]
|-heal|p2a: Copperajah|86/100|[from] item: Leftovers
|upkeep
|turn|3
|
|t:|1600923736
|move|p2a: Copperajah|Power Whip|p1a: Gigalith
|-supereffective|p1a: Gigalith
|-damage|p1a: Gigalith|50/100
|move|p1a: Gigalith|Stealth Rock|p2a: Copperajah
|-sidestart|p2: DDD Reveal|move: Stealth Rock
|
|-weather|Sandstorm|[upkeep]
|-heal|p2a: Copperajah|92/100|[from] item: Leftovers
|-heal|p1a: Gigalith|56/100|[from] item: Leftovers
|upkeep
|turn|4
|j| marshallwu
|
|t:|1600923777
|switch|p2a: Weezing|Weezing-Galar, F|100/100
|-damage|p2a: Weezing|88/100|[from] Stealth Rock
|move|p1a: Gigalith|Earthquake|p2a: Weezing
|-immune|p2a: Weezing|[from] ability: Levitate
|
|-weather|Sandstorm|[upkeep]
|-damage|p2a: Weezing|82/100|[from] Sandstorm
|-heal|p1a: Gigalith|63/100|[from] item: Leftovers
|upkeep
|turn|5
|j| nferab boot
|j| infinitygoat
|
|t:|1600923785
|move|p2a: Weezing|Toxic|p1a: Gigalith
|-status|p1a: Gigalith|tox
|move|p1a: Gigalith|Heavy Slam|p2a: Weezing
|-supereffective|p2a: Weezing
|-damage|p2a: Weezing|30/100
|-damage|p1a: Gigalith|46/100 tox|[from] item: Rocky Helmet|[of] p2a: Weezing
|
|-weather|Sandstorm|[upkeep]
|-damage|p2a: Weezing|24/100|[from] Sandstorm
|-heal|p1a: Gigalith|52/100 tox|[from] item: Leftovers
|-damage|p1a: Gigalith|46/100 tox|[from] psn
|upkeep
|turn|6
|l| nferab boot
|
|t:|1600923816
|move|p2a: Weezing|Strange Steam|p1a: Gigalith
|-damage|p1a: Gigalith|30/100 tox
|move|p1a: Gigalith|Heavy Slam|p2a: Weezing
|-supereffective|p2a: Weezing
|-damage|p2a: Weezing|0 fnt
|-damage|p1a: Gigalith|13/100 tox|[from] item: Rocky Helmet|[of] p2a: Weezing
|faint|p2a: Weezing
|
|-weather|none
|-heal|p1a: Gigalith|19/100 tox|[from] item: Leftovers
|-damage|p1a: Gigalith|7/100 tox|[from] psn
|upkeep
|inactive|Battle timer is ON: inactive players will automatically lose when time's up. (requested by skylermaser)
|
|t:|1600923828
|switch|p2a: Copperajah|Copperajah, F|92/100
|-damage|p2a: Copperajah|86/100|[from] Stealth Rock
|turn|7
|j| Couch of Chaos
|
|t:|1600923834
|move|p2a: Copperajah|Heavy Slam|p1a: Gigalith
|-supereffective|p1a: Gigalith
|-damage|p1a: Gigalith|0 fnt
|faint|p1a: Gigalith
|
|-heal|p2a: Copperajah|92/100|[from] item: Leftovers
|upkeep
|
|t:|1600923839
|switch|p1a: Gardevoir|Gardevoir, F|100/100
|-damage|p1a: Gardevoir|88/100|[from] Stealth Rock
|-ability|p1a: Gardevoir|Heavy Metal|[from] ability: Trace|[of] p2a: Copperajah
|turn|8
|
|t:|1600923844
|move|p1a: Gardevoir|Mystical Fire|p2a: Copperajah
|-supereffective|p2a: Copperajah
|-damage|p2a: Copperajah|34/100
|-unboost|p2a: Copperajah|spa|1
|move|p2a: Copperajah|Heavy Slam|p1a: Gardevoir
|-supereffective|p1a: Gardevoir
|-damage|p1a: Gardevoir|0 fnt
|faint|p1a: Gardevoir
|
|-heal|p2a: Copperajah|40/100|[from] item: Leftovers
|upkeep
|
|t:|1600923855
|switch|p1a: Doublade|Doublade, F|100/100
|-damage|p1a: Doublade|94/100|[from] Stealth Rock
|turn|9
|
|t:|1600923861
|move|p2a: Copperajah|Earthquake|p1a: Doublade
|-supereffective|p1a: Doublade
|-damage|p1a: Doublade|68/100
|move|p1a: Doublade|Swords Dance|p1a: Doublade
|-boost|p1a: Doublade|atk|2
|
|-heal|p2a: Copperajah|46/100|[from] item: Leftovers
|upkeep
|turn|10
|
|t:|1600923868
|move|p2a: Copperajah|Earthquake|p1a: Doublade
|-supereffective|p1a: Doublade
|-damage|p1a: Doublade|41/100
|move|p1a: Doublade|Swords Dance|p1a: Doublade
|-boost|p1a: Doublade|atk|2
|
|-heal|p2a: Copperajah|52/100|[from] item: Leftovers
|upkeep
|turn|11
|
|t:|1600923874
|move|p1a: Doublade|Shadow Sneak|p2a: Copperajah
|-damage|p2a: Copperajah|0 fnt
|faint|p2a: Copperajah
|
|upkeep
|l| YxngScxrs
|
|t:|1600923900
|switch|p2a: Keldeo|Keldeo-Resolute|100/100
|-damage|p2a: Keldeo|94/100|[from] Stealth Rock
|turn|12
|
|t:|1600923904
|move|p1a: Doublade|Shadow Sneak|p2a: Keldeo
|-damage|p2a: Keldeo|24/100
|move|p2a: Keldeo|Hydro Pump|p1a: Doublade
|-damage|p1a: Doublade|0 fnt
|faint|p1a: Doublade
|
|-heal|p2a: Keldeo|31/100|[from] item: Leftovers
|upkeep
|
|t:|1600923914
|switch|p1a: Flygon|Flygon, F|100/100
|-damage|p1a: Flygon|95/100|[from] Stealth Rock
|turn|13
|
|t:|1600923920
|move|p1a: Flygon|Outrage|p2a: Keldeo
|-damage|p2a: Keldeo|0 fnt
|faint|p2a: Keldeo
|
|upkeep
|
|t:|1600923923
|switch|p2a: Mamoswine|Mamoswine, F|100/100
|-damage|p2a: Mamoswine|88/100|[from] Stealth Rock
|turn|14
|
|t:|1600923925
|move|p2a: Mamoswine|Ice Shard|p1a: Flygon
|-supereffective|p1a: Flygon
|-damage|p1a: Flygon|0 fnt
|-damage|p2a: Mamoswine|78/100|[from] item: Life Orb
|faint|p1a: Flygon
|
|upkeep
|
|t:|1600923934
|switch|p1a: Mimikyu|Mimikyu, F, shiny|100/100
|-damage|p1a: Mimikyu|88/100|[from] Stealth Rock
|turn|15
|
|t:|1600923939
|move|p1a: Mimikyu|Wood Hammer|p2a: Mamoswine
|-supereffective|p2a: Mamoswine
|-damage|p2a: Mamoswine|0 fnt
|-damage|p1a: Mimikyu|52/100|[from] Recoil
|-damage|p1a: Mimikyu|42/100|[from] item: Life Orb
|faint|p2a: Mamoswine
|
|upkeep
|
|t:|1600923943
|switch|p2a: Rotom|Rotom-Mow|100/100
|-damage|p2a: Rotom|88/100|[from] Stealth Rock
|turn|16
|
|t:|1600923948
|move|p2a: Rotom|Leaf Storm|p1a: Mimikyu
|-activate|p1a: Mimikyu|ability: Disguise
|-damage|p1a: Mimikyu|42/100
|-unboost|p2a: Rotom|spa|2
|detailschange|p1a: Mimikyu|Mimikyu-Busted, F, shiny
|-damage|p1a: Mimikyu|29/100|[from] pokemon: Mimikyu-Busted
|move|p1a: Mimikyu|Shadow Claw|p2a: Rotom
|-damage|p2a: Rotom|36/100
|-damage|p1a: Mimikyu|20/100|[from] item: Life Orb
|
|upkeep
|turn|17
|
|t:|1600923958
|move|p2a: Rotom|Leaf Storm|p1a: Mimikyu
|-damage|p1a: Mimikyu|0 fnt
|-unboost|p2a: Rotom|spa|2
|faint|p1a: Mimikyu
|
|upkeep
|
|t:|1600923960
|switch|p1a: Golisopod|Golisopod, M|100/100
|turn|18
|c| PlazaRayquaza|I think DDD won this-
|
|t:|1600923965
|move|p1a: Golisopod|First Impression|p2a: Rotom
|-supereffective|p2a: Rotom
|-damage|p2a: Rotom|0 fnt
|faint|p2a: Rotom
|
|upkeep
|
|t:|1600923967
|switch|p2a: Noivern|Noivern, F|100/100
|-item|p1a: Golisopod|Heavy-Duty Boots|[from] ability: Frisk|[of] p2a: Noivern|[identify]
|turn|19
|
|t:|1600923973
|move|p2a: Noivern|Hurricane|p1a: Golisopod|[miss]
|-miss|p2a: Noivern|p1a: Golisopod
|move|p1a: Golisopod|Liquidation|p2a: Noivern
|-resisted|p2a: Noivern
|-damage|p2a: Noivern|74/100
|
|upkeep
|turn|20
|
|t:|1600923978
|move|p2a: Noivern|Hurricane|p1a: Golisopod|[miss]
|-miss|p2a: Noivern|p1a: Golisopod
|move|p1a: Golisopod|Liquidation|p2a: Noivern
|-resisted|p2a: Noivern
|-damage|p2a: Noivern|46/100
|-unboost|p2a: Noivern|def|1
|
|upkeep
|turn|21
|c| PlazaRayquaza|dam
|
|t:|1600923984
|move|p2a: Noivern|Roost|p2a: Noivern
|-heal|p2a: Noivern|96/100
|-singleturn|p2a: Noivern|move: Roost
|move|p1a: Golisopod|Liquidation|p2a: Noivern
|-resisted|p2a: Noivern
|-damage|p2a: Noivern|58/100
|
|upkeep
|turn|22
|
|t:|1600923990
|move|p2a: Noivern|Hurricane|p1a: Golisopod
|-supereffective|p1a: Golisopod
|-damage|p1a: Golisopod|11/100
|move|p1a: Golisopod|Liquidation|p2a: Noivern
|-resisted|p2a: Noivern
|-damage|p2a: Noivern|18/100
|
|upkeep
|turn|23
|
|t:|1600923996
|move|p2a: Noivern|Flamethrower|p1a: Golisopod
|-damage|p1a: Golisopod|0 fnt
|faint|p1a: Golisopod
|
|win|DDD Reveal
