|j|☆naviii 1
|j|☆Boost Swoosh
|t:|1603428884
|player|p1|naviii 1|brendan-gen3rs|1697
|player|p2|Boost Swoosh|teamrocket|1561
|teamsize|p1|6
|teamsize|p2|6
|gametype|singles
|gen|8
|tier|[Gen 8] UU
|rated|
|clearpoke
|poke|p1|Noivern, F|
|poke|p1|Palossand, M|
|poke|p1|Slowbro-Galar, M|
|poke|p1|Rotom-Wash|
|poke|p1|Umbreon, M|
|poke|p1|Pyukumuku, M|
|poke|p2|Celebi|
|poke|p2|Polteageist|
|poke|p2|Druddigon, F|
|poke|p2|Rotom-Wash|
|poke|p2|Talonflame, M|
|poke|p2|Bisharp, F|
|rule|Sleep Clause Mod: Limit one foe put to sleep
|rule|Species Clause: Limit one of each Pokémon
|rule|OHKO Clause: OHKO moves are banned
|rule|Evasion Moves Clause: Evasion moves are banned
|rule|Endless Battle Clause: Forcing endless battles is banned
|rule|HP Percentage Mod: HP is shown in percentages
|rule|Dynamax Clause: You cannot dynamax
|teampreview
|inactive|Battle timer is ON: inactive players will automatically lose when time's up. (requested by naviii 1)
|inactive|Boost Swoosh has 120 seconds left.
|
|t:|1603428933
|start
|switch|p1a: Yogurt|Slowbro-Galar, M|100/100
|switch|p2a: Rotom|Rotom-Wash|100/100
|turn|1
|
|t:|1603428943
|move|p2a: Rotom|Thunder Wave|p1a: Yogurt
|-status|p1a: Yogurt|par
|move|p1a: Yogurt|Sludge Bomb|p2a: Rotom
|-damage|p2a: Rotom|72/100
|
|-heal|p2a: Rotom|78/100|[from] item: Leftovers
|upkeep
|turn|2
|
|t:|1603428951
|move|p2a: Rotom|Volt Switch|p1a: Yogurt
|-damage|p1a: Yogurt|76/100 par
|
|t:|1603428954
|switch|p2a: Bisharp|Bisharp, F|100/100|[from]move: Volt Switch
|move|p1a: Yogurt|Scald|p2a: Bisharp
|-damage|p2a: Bisharp|69/100
|
|upkeep
|turn|3
|
|t:|1603428975
|switch|p1a: motoR|Rotom-Wash|100/100
|move|p2a: Bisharp|Knock Off|p1a: motoR
|-damage|p1a: motoR|69/100
|
|upkeep
|turn|4
|
|t:|1603429002
|switch|p2a: Rotom|Rotom-Wash|78/100
|move|p1a: motoR|Volt Switch|p2a: Rotom
|-damage|p2a: Rotom|56/100
|
|t:|1603429007
|switch|p1a: Yogurt|Slowbro-Galar, M|100/100 par|[from]move: Volt Switch
|
|-heal|p2a: Rotom|62/100|[from] item: Leftovers
|upkeep
|turn|5
|
|t:|1603429018
|move|p2a: Rotom|Volt Switch|p1a: Yogurt
|-damage|p1a: Yogurt|78/100 par
|
|t:|1603429020
|switch|p2a: Druddigon|Druddigon, F|100/100|[from]move: Volt Switch
|move|p1a: Yogurt|Sludge Bomb|p2a: Druddigon
|-damage|p2a: Druddigon|70/100
|-status|p2a: Druddigon|psn
|
|-damage|p2a: Druddigon|58/100 psn|[from] psn
|upkeep
|turn|6
|inactive|naviii 1 has 120 seconds left.
|raw|<div class="broadcast-red"><b>The server is restarting soon.</b><br />Please finish your battles quickly. No new battles can be started until the server resets in a few minutes.</div>
|inactive|staff also wants the timer to be on.
|raw|<div class="broadcast-red"><b>Moderated chat was set to +!</b><br />Only users of rank + and higher can talk.</div>
|inactive|naviii 1 has 90 seconds left.
|
|t:|1603429091
|move|p2a: Druddigon|Stealth Rock|p1a: Yogurt
|-sidestart|p1: naviii 1|move: Stealth Rock
|move|p1a: Yogurt|Sludge Bomb|p2a: Druddigon
|-damage|p2a: Druddigon|23/100 psn
|
|-damage|p2a: Druddigon|10/100 psn|[from] psn
|upkeep
|turn|7
|
|t:|1603429111
|cant|p1a: Yogurt|par
|move|p2a: Druddigon|Dragon Tail|p1a: Yogurt
|-damage|p1a: Yogurt|59/100 par
|drag|p1a: Purp|Noivern, F|100/100
|
|-damage|p2a: Druddigon|0 fnt|[from] psn
|faint|p2a: Druddigon
|upkeep
|
|t:|1603429122
|switch|p2a: Talonflame|Talonflame, M|100/100
|turn|8
|inactive|naviii 1 has 90 seconds left.
|
|t:|1603429155
|switch|p1a: motoR|Rotom-Wash|69/100
|-damage|p1a: motoR|56/100|[from] Stealth Rock
|move|p2a: Talonflame|Brave Bird|p1a: motoR
|-resisted|p1a: motoR
|-damage|p1a: motoR|37/100
|-damage|p2a: Talonflame|94/100|[from] Recoil
|
|upkeep
|turn|9
|
|t:|1603429164
|switch|p2a: Celebi|Celebi|100/100
|move|p1a: motoR|Defog|p2a: Celebi
|-unboost|p2a: Celebi|evasion|1
|-sideend|p1: naviii 1|Stealth Rock|[from] move: Defog|[of] p1a: motoR
|
|upkeep
|turn|10
|
|t:|1603429177
|switch|p1a: Purp|Noivern, F|100/100
|move|p2a: Celebi|Nasty Plot|p2a: Celebi
|-boost|p2a: Celebi|spa|2
|
|upkeep
|turn|11
|
|t:|1603429204
|switch|p2a: Rotom|Rotom-Wash|62/100
|move|p1a: Purp|Flamethrower|p2a: Rotom
|-resisted|p2a: Rotom
|-damage|p2a: Rotom|51/100
|
|-heal|p2a: Rotom|57/100|[from] item: Leftovers
|upkeep
|turn|12
|
|t:|1603429215
|switch|p1a: Yogurt|Slowbro-Galar, M|92/100 par
|move|p2a: Rotom|Volt Switch|p1a: Yogurt
|-damage|p1a: Yogurt|66/100 par
|
|t:|1603429224
|switch|p2a: Bisharp|Bisharp, F|69/100|[from]move: Volt Switch
|
|upkeep
|turn|13
|
|t:|1603429239
|move|p2a: Bisharp|Knock Off|p1a: Yogurt
|-supereffective|p1a: Yogurt
|-enditem|p1a: Yogurt|Colbur Berry|[eat]
|-enditem|p1a: Yogurt|Colbur Berry|[weaken]
|-damage|p1a: Yogurt|23/100 par
|move|p1a: Yogurt|Scald|p2a: Bisharp
|-damage|p2a: Bisharp|39/100
|
|upkeep
|turn|14
|inactive|naviii 1 has 60 seconds left.
|
|t:|1603429281
|switch|p1a: Pile of Sand|Palossand, M|100/100
|move|p2a: Bisharp|Knock Off|p1a: Pile of Sand
|-supereffective|p1a: Pile of Sand
|-enditem|p1a: Pile of Sand|Colbur Berry|[eat]
|-enditem|p1a: Pile of Sand|Colbur Berry|[weaken]
|-damage|p1a: Pile of Sand|64/100
|
|upkeep
|turn|15
|
|t:|1603429292
|switch|p2a: Rotom|Rotom-Wash|57/100
|move|p1a: Pile of Sand|Shore Up|p1a: Pile of Sand
|-heal|p1a: Pile of Sand|100/100
|
|-heal|p2a: Rotom|63/100|[from] item: Leftovers
|upkeep
|turn|16
|inactive|naviii 1 has 30 seconds left.
|
|t:|1603429321
|switch|p1a: Midnight|Umbreon, M|100/100
|move|p2a: Rotom|Hydro Pump|p1a: Midnight|[miss]
|-miss|p2a: Rotom|p1a: Midnight
|
|-heal|p2a: Rotom|70/100|[from] item: Leftovers
|upkeep
|turn|17
|
|t:|1603429333
|move|p2a: Rotom|Thunder Wave|p1a: Midnight
|-status|p1a: Midnight|par
|-activate|p1a: Midnight|ability: Synchronize
|-immune|p2a: Rotom
|cant|p1a: Midnight|par
|
|-heal|p2a: Rotom|76/100|[from] item: Leftovers
|upkeep
|turn|18
|
|t:|1603429339
|move|p2a: Rotom|Volt Switch|p1a: Midnight
|-damage|p1a: Midnight|84/100 par
|
|t:|1603429341
|switch|p2a: Bisharp|Bisharp, F|39/100|[from]move: Volt Switch
|cant|p1a: Midnight|par
|
|upkeep
|turn|19
|
|t:|1603429350
|move|p1a: Midnight|Protect|p1a: Midnight
|-singleturn|p1a: Midnight|Protect
|move|p2a: Bisharp|Knock Off|p1a: Midnight
|-activate|p1a: Midnight|move: Protect
|
|upkeep
|turn|20
|
|t:|1603429378
|switch|p1a: motoR|Rotom-Wash|37/100
|move|p2a: Bisharp|Swords Dance|p2a: Bisharp
|-boost|p2a: Bisharp|atk|2
|
|upkeep
|turn|21
|
|t:|1603429383
|move|p2a: Bisharp|Knock Off|p1a: motoR
|-damage|p1a: motoR|0 fnt
|faint|p1a: motoR
|
|upkeep
|inactive|naviii 1 has 30 seconds left.
|inactive|naviii 1 has 20 seconds left.
|
|t:|1603429414
|switch|p1a: Pyuk|Pyukumuku, M|100/100
|turn|22
|inactive|naviii 1 has 30 seconds left this turn.
|inactive|naviii 1 has 20 seconds left.
|
|t:|1603429428
|switch|p2a: Celebi|Celebi|100/100
|move|p1a: Pyuk|Block|p2a: Celebi
|-activate|p2a: Celebi|trapped
|
|upkeep
|turn|23
|inactive|naviii 1 has 30 seconds left this turn.
|
|t:|1603429436
|switch|p1a: Purp|Noivern, F|100/100
|move|p2a: Celebi|Nasty Plot|p2a: Celebi
|-boost|p2a: Celebi|spa|2
|
|upkeep
|turn|24
|inactive|naviii 1 has 30 seconds left.
|
|t:|1603429445
|switch|p2a: Rotom|Rotom-Wash|76/100
|move|p1a: Purp|Hurricane|p2a: Rotom
|-resisted|p2a: Rotom
|-damage|p2a: Rotom|57/100
|-start|p2a: Rotom|confusion
|
|-heal|p2a: Rotom|64/100|[from] item: Leftovers
|upkeep
|turn|25
|
|t:|1603429454
|switch|p1a: Pile of Sand|Palossand, M|100/100
|-activate|p2a: Rotom|confusion
|move|p2a: Rotom|Volt Switch|p1a: Pile of Sand
|-immune|p1a: Pile of Sand
|
|-heal|p2a: Rotom|70/100|[from] item: Leftovers
|upkeep
|turn|26
|
|t:|1603429464
|switch|p1a: Midnight|Umbreon, M|84/100 par
|-activate|p2a: Rotom|confusion
|move|p2a: Rotom|Hydro Pump|p1a: Midnight
|-damage|p1a: Midnight|58/100 par
|
|-heal|p2a: Rotom|76/100|[from] item: Leftovers
|upkeep
|turn|27
|
|t:|1603429469
|-activate|p2a: Rotom|confusion
|move|p2a: Rotom|Volt Switch|p1a: Midnight
|-damage|p1a: Midnight|42/100 par
|
|t:|1603429474
|switch|p2a: Bisharp|Bisharp, F|39/100|[from]move: Volt Switch
|move|p1a: Midnight|Wish|p1a: Midnight
|
|upkeep
|turn|28
|inactive|naviii 1 has 60 seconds left.
|
|t:|1603429487
|move|p2a: Bisharp|Knock Off|p1a: Midnight
|-resisted|p1a: Midnight
|-damage|p1a: Midnight|26/100 par
|-enditem|p1a: Midnight|Heavy-Duty Boots|[from] move: Knock Off|[of] p2a: Bisharp
|move|p1a: Midnight|Foul Play|p2a: Bisharp
|-resisted|p2a: Bisharp
|-damage|p2a: Bisharp|9/100
|
|-heal|p1a: Midnight|76/100 par|[from] move: Wish|[wisher] Midnight
|upkeep
|turn|29
|
|t:|1603429491
|switch|p1a: Pyuk|Pyukumuku, M|100/100
|move|p2a: Bisharp|Swords Dance|p2a: Bisharp
|-boost|p2a: Bisharp|atk|2
|
|upkeep
|turn|30
|
|t:|1603429508
|switch|p2a: Rotom|Rotom-Wash|76/100
|move|p1a: Pyuk|Block|p2a: Rotom
|-activate|p2a: Rotom|trapped
|
|-heal|p2a: Rotom|82/100|[from] item: Leftovers
|upkeep
|turn|31
|
|t:|1603429520
|switch|p1a: Yogurt|Slowbro-Galar, M|56/100 par
|move|p2a: Rotom|Volt Switch|p1a: Yogurt
|-damage|p1a: Yogurt|30/100 par
|
|t:|1603429526
|switch|p2a: Bisharp|Bisharp, F|9/100|[from]move: Volt Switch
|
|upkeep
|turn|32
|
|t:|1603429531
|switch|p1a: Pyuk|Pyukumuku, M|100/100
|move|p2a: Bisharp|Knock Off|p1a: Pyuk
|-damage|p1a: Pyuk|62/100
|-enditem|p1a: Pyuk|Leftovers|[from] move: Knock Off|[of] p2a: Bisharp
|
|upkeep
|turn|33
|
|t:|1603429540
|switch|p2a: Rotom|Rotom-Wash|82/100
|move|p1a: Pyuk|Recover|p1a: Pyuk
|-heal|p1a: Pyuk|100/100
|
|-heal|p2a: Rotom|89/100|[from] item: Leftovers
|upkeep
|turn|34
|
|t:|1603429546
|switch|p1a: Yogurt|Slowbro-Galar, M|63/100 par
|move|p2a: Rotom|Volt Switch|p1a: Yogurt
|-damage|p1a: Yogurt|40/100 par
|c|☆naviii 1|??
|
|t:|1603429568
|switch|p2a: Celebi|Celebi|100/100|[from]move: Volt Switch
|
|upkeep
|turn|35
|c|☆naviii 1|why are there 12 ppl
|c|☆naviii 1|watching
|c|☆naviii 1|i just noticed
|
|t:|1603429577
|switch|p1a: Purp|Noivern, F|100/100
|move|p2a: Celebi|Psychic|p1a: Purp
|-damage|p1a: Purp|39/100
|-unboost|p1a: Purp|spd|1
|-damage|p2a: Celebi|91/100|[from] item: Life Orb
|
|upkeep
|turn|36
|
|t:|1603429588
|switch|p2a: Rotom|Rotom-Wash|89/100
|move|p1a: Purp|Roost|p1a: Purp
|-heal|p1a: Purp|89/100
|-singleturn|p1a: Purp|move: Roost
|
|-heal|p2a: Rotom|95/100|[from] item: Leftovers
|upkeep
|turn|37
|inactive|naviii 1 has 120 seconds left.
|c|☆naviii 1|oh serv restart
|
|t:|1603429611
|switch|p1a: Yogurt|Slowbro-Galar, M|74/100 par
|move|p2a: Rotom|Volt Switch|p1a: Yogurt
|-damage|p1a: Yogurt|48/100 par
|
|t:|1603429631
|switch|p2a: Celebi|Celebi|91/100|[from]move: Volt Switch
|
|upkeep
|turn|38
|
|t:|1603429649
|move|p2a: Celebi|Nasty Plot|p2a: Celebi
|-boost|p2a: Celebi|spa|2
|cant|p1a: Yogurt|par
|
|upkeep
|turn|39
|
|t:|1603429667
|switch|p1a: Midnight|Umbreon, M|76/100 par
|move|p2a: Celebi|Earth Power|p1a: Midnight
|-damage|p1a: Midnight|30/100 par
|-damage|p2a: Celebi|81/100|[from] item: Life Orb
|
|upkeep
|turn|40
|
|t:|1603429673
|switch|p1a: Pile of Sand|Palossand, M|100/100
|move|p2a: Celebi|Giga Drain|p1a: Pile of Sand
|-supereffective|p1a: Pile of Sand
|-damage|p1a: Pile of Sand|0 fnt
|-heal|p2a: Celebi|100/100|[from] drain|[of] p1a: Pile of Sand
|-damage|p2a: Celebi|91/100|[from] item: Life Orb
|faint|p1a: Pile of Sand
|
|upkeep
|
|t:|1603429676
|switch|p1a: Purp|Noivern, F|89/100
|turn|41
|inactive|naviii 1 has 120 seconds left.
|j|&HoeenHero
|c|☆naviii 1|ok
|c|☆naviii 1|i lose this
|c|☆naviii 1|restart serv p
|c|☆naviii 1|lz
|
|t:|1603429703
|switch|p2a: Bisharp|Bisharp, F|9/100
|move|p1a: Purp|Hurricane|p2a: Bisharp
|-resisted|p2a: Bisharp
|-damage|p2a: Bisharp|0 fnt
|faint|p2a: Bisharp
|
|upkeep
|inactive|Boost Swoosh has 120 seconds left.
|j|+tjay
|
|t:|1603429722
|switch|p2a: Polteageist|Polteageist|100/100
|turn|42
|
|t:|1603429735
|move|p1a: Purp|Hurricane|p2a: Polteageist
|-damage|p2a: Polteageist|50/100
|-start|p2a: Polteageist|confusion
|-activate|p2a: Polteageist|confusion
|move|p2a: Polteageist|Shell Smash|p2a: Polteageist
|-unboost|p2a: Polteageist|def|1
|-unboost|p2a: Polteageist|spd|1
|-boost|p2a: Polteageist|atk|2
|-boost|p2a: Polteageist|spa|2
|-boost|p2a: Polteageist|spe|2
|
|upkeep
|turn|43
|l|☆naviii 1
|inactive|naviii 1 disconnected and has a minute to reconnect!
|player|p1|
|inactive|naviii 1 has 30 seconds to reconnect!
|inactive|naviii 1 has 20 seconds to reconnect!
|inactive|naviii 1 has 15 seconds to reconnect!
|j|☆naviii 1
|inactive|naviii 1 reconnected and has 55 seconds left.
|player|p1|naviii 1|brendan-gen3rs
|j|&The Immortal
|inactive|naviii 1 has 30 seconds left.
|inactive|naviii 1 has 20 seconds left.
|
|t:|1603429838
|-activate|p2a: Polteageist|confusion
|move|p2a: Polteageist|Stored Power|p1a: Purp
|-crit|p1a: Purp
|-damage|p1a: Purp|0 fnt
|faint|p1a: Purp
|
|upkeep
|inactive|naviii 1 has 25 seconds left this turn.
|j|%inactive
|
|t:|1603429841
|switch|p1a: Midnight|Umbreon, M|30/100 par
|turn|44
|inactive|naviii 1 has 30 seconds left.
|c|☆naviii 1|yo restart pls
|
|t:|1603429851
|-activate|p2a: Polteageist|confusion
|move|p2a: Polteageist|Giga Drain|p1a: Midnight
|-crit|p1a: Midnight
|-damage|p1a: Midnight|0 fnt
|-heal|p2a: Polteageist|72/100|[from] drain|[of] p1a: Midnight
|faint|p1a: Midnight
|
|upkeep
|inactive|naviii 1 has 30 seconds left this turn.
|c|&The Immortal|no
|j|+SputnikGT
|c|&HoeenHero|finish the match
|c|☆naviii 1|my elo tho
|inactive|naviii 1 has 20 seconds left.
|c|☆naviii 1|:/
|c|☆Boost Swoosh|idt that lived
|inactive|naviii 1 has 15 seconds left.
|
|t:|1603429868
|switch|p1a: Pyuk|Pyukumuku, M|100/100
|turn|45
|inactive|naviii 1 has 25 seconds left this turn.
|
|t:|1603429874
|-activate|p2a: Polteageist|confusion
|move|p2a: Polteageist|Stored Power|p1a: Pyuk
|-damage|p1a: Pyuk|59/100
|move|p1a: Pyuk|Recover|p1a: Pyuk
|-heal|p1a: Pyuk|100/100
|
|upkeep
|turn|46
|inactive|naviii 1 has 30 seconds left.
|
|t:|1603429883
|-end|p2a: Polteageist|confusion
|move|p2a: Polteageist|Shell Smash|p2a: Polteageist
|-unboost|p2a: Polteageist|def|1
|-unboost|p2a: Polteageist|spd|1
|-boost|p2a: Polteageist|atk|2
|-boost|p2a: Polteageist|spa|2
|-boost|p2a: Polteageist|spe|2
|move|p1a: Pyuk|Recover||[still]
|-fail|p1a: Pyuk|heal
|
|upkeep
|turn|47
|
|t:|1603429888
|move|p2a: Polteageist|Stored Power|p1a: Pyuk
|-damage|p1a: Pyuk|16/100
|move|p1a: Pyuk|Recover|p1a: Pyuk
|-heal|p1a: Pyuk|66/100
|
|upkeep
|turn|48
|
|t:|1603429893
|move|p2a: Polteageist|Stored Power|p1a: Pyuk
|-damage|p1a: Pyuk|0 fnt
|faint|p1a: Pyuk
|
|upkeep
|c|☆naviii 1|sil te plait
|c|☆naviii 1|por favor
|
|t:|1603429901
|switch|p1a: Yogurt|Slowbro-Galar, M|81/100 par
|turn|49
|l|☆naviii 1
|inactive|naviii 1 disconnected and has a minute to reconnect!
|player|p1|
|j|+Ho3nConfirm3d
|j|+Decem
|c|☆Boost Swoosh|hol up why so many people
|c|☆Boost Swoosh|what
|j|+Feen
|c|+Ho3nConfirm3d|server restart soon
|inactive|naviii 1 has 30 seconds left.
|inactive|naviii 1 has 20 seconds left.
|inactive|naviii 1 has 15 seconds left.
|l|+Decem
|inactive|naviii 1 has 10 seconds left.
|inactive|naviii 1 has 5 seconds left.
|l|+Feen
|j|☆naviii 1
|inactive|naviii 1 reconnected and has 5 seconds left.
|player|p1|naviii 1|brendan-gen3rs
|j|+watfor 囧
|-message|naviii 1 lost due to inactivity.
|
|win|Boost Swoosh
|raw|naviii 1's rating: 1697 &rarr; <strong>1669</strong><br />(-28 for losing)
|raw|Boost Swoosh's rating: 1561 &rarr; <strong>1588</strong><br />(+27 for winning)
|c|☆naviii 1|mb
|l|%inactive
|l|&HoeenHero
|l|+SputnikGT
|c|☆naviii 1|internet
|l|&The Immortal
|l|☆naviii 1
|c|☆Boost Swoosh|its ok
|j|+Feen
|c|☆Boost Swoosh|gg
