|j|☆UnstoppableUg
|j|☆Mai Senjougahara
|t:|1664653642
|gametype|singles
|player|p1|UnstoppableUg|n-masters|
|player|p2|Mai Senjougahara|lady-gen4|
|teamsize|p1|6
|teamsize|p2|6
|gen|8
|tier|[Gen 8] UU
|rule|Sleep Clause Mod: Limit one foe put to sleep
|rule|Species Clause: Limit one of each Pokémon
|rule|OHKO Clause: OHKO moves are banned
|rule|Evasion Items Clause: Evasion items are banned
|rule|Evasion Moves Clause: Evasion moves are banned
|rule|Endless Battle Clause: Forcing endless battles is banned
|rule|HP Percentage Mod: HP is shown in percentages
|rule|Dynamax Clause: You cannot dynamax
|clearpoke
|poke|p1|Hippowdon, F|
|poke|p1|Excadrill, M|
|poke|p1|Magneton|
|poke|p1|Tangrowth, M|
|poke|p1|Crobat, F|
|poke|p1|Hydreigon, F|
|poke|p2|Silvally-*|
|poke|p2|Celebi|
|poke|p2|Heracross, F|
|poke|p2|Bewear, M|
|poke|p2|Arcanine, F|
|poke|p2|Porygon2|
|teampreview
|inactive|Battle timer is ON: inactive players will automatically lose when time's up. (requested by UnstoppableUg)
|inactive|Mai Senjougahara also wants the timer to be on.
|c|☆Mai Senjougahara|i just wanna say
|c|☆UnstoppableUg|Bro u loaded up an RU team I just noticed LOL
|c|☆Mai Senjougahara|challing me g1 to uu after seeing my one and only UU team
|c|☆Mai Senjougahara|is very foul
|c|☆UnstoppableUg|😂😂
|inactive|UnstoppableUg has 270 seconds left.
|inactive|Mai Senjougahara has 270 seconds left.
|inactive|UnstoppableUg has 240 seconds left.
|inactive|Mai Senjougahara has 240 seconds left.
|
|t:|1664653723
|start
|switch|p1a: Crobat|Crobat, F|100/100
|switch|p2a: Porygon2|Porygon2|100/100
|turn|1
|
|t:|1664653730
|move|p1a: Crobat|U-turn|p2a: Porygon2
|-damage|p2a: Porygon2|90/100
|c|☆UnstoppableUg|Analytic is insane
|c|☆UnstoppableUg|Ngl
|
|t:|1664653744
|switch|p1a: Magneton|Magneton|100/100|[from]move: U-turn
|move|p2a: Porygon2|Ice Beam|p1a: Magneton
|-resisted|p1a: Magneton
|-damage|p1a: Magneton|62/100
|
|upkeep
|turn|2
|c|☆Mai Senjougahara|i had an analytic p2 on xy back in the day
|c|☆Mai Senjougahara|like legit on console
|inactive|Mai Senjougahara has 270 seconds left.
|c|☆UnstoppableUg|LMAO
|c|☆Mai Senjougahara|id bring it to the 3ds tourneys online
|c|☆Mai Senjougahara|very fun
|
|t:|1664653787
|move|p1a: Magneton|Flash Cannon|p2a: Porygon2
|-damage|p2a: Porygon2|46/100
|move|p2a: Porygon2|Tri Attack|p1a: Magneton
|-resisted|p1a: Magneton
|-damage|p1a: Magneton|14/100
|
|upkeep
|turn|3
|c|☆UnstoppableUg|Sounds epic
|inactive|Mai Senjougahara has 240 seconds left.
|
|t:|1664653838
|move|p1a: Magneton|Flash Cannon|p2a: Porygon2
|-damage|p2a: Porygon2|8/100
|-unboost|p2a: Porygon2|spd|1
|move|p2a: Porygon2|Recover|p2a: Porygon2
|-heal|p2a: Porygon2|58/100
|
|upkeep
|turn|4
|
|t:|1664653854
|switch|p2a: Arcanine|Arcanine, F|100/100
|-ability|p2a: Arcanine|Intimidate|boost
|-unboost|p1a: Magneton|atk|1
|move|p1a: Magneton|Flash Cannon|p2a: Arcanine
|-resisted|p2a: Arcanine
|-damage|p2a: Arcanine|65/100
|
|upkeep
|turn|5
|
|t:|1664653861
|switch|p1a: Hippowdon|Hippowdon, F|100/100
|-weather|Sandstorm|[from] ability: Sand Stream|[of] p1a: Hippowdon
|move|p2a: Arcanine|Burn Up|p1a: Hippowdon
|-damage|p1a: Hippowdon|64/100
|-start|p2a: Arcanine|typechange|???|[from] move: Burn Up
|
|-weather|Sandstorm|[upkeep]
|-damage|p2a: Arcanine|58/100|[from] Sandstorm
|upkeep
|turn|6
|c|☆UnstoppableUg|Burn up???
|c|☆UnstoppableUg|Ur wylin 😭😭
|inactive|Mai Senjougahara has 210 seconds left.
|
|t:|1664653889
|switch|p2a: Celebi|Celebi|100/100
|move|p1a: Hippowdon|Stealth Rock|p2a: Celebi
|-sidestart|p2: Mai Senjougahara|move: Stealth Rock
|
|-weather|Sandstorm|[upkeep]
|-damage|p2a: Celebi|94/100|[from] Sandstorm
|-heal|p2a: Celebi|100/100|[from] item: Leftovers
|upkeep
|turn|7
|
|t:|1664653895
|switch|p1a: Crobat|Crobat, F|100/100
|move|p2a: Celebi|Stealth Rock|p1a: Crobat
|-sidestart|p1: UnstoppableUg|move: Stealth Rock
|
|-weather|Sandstorm|[upkeep]
|-damage|p1a: Crobat|94/100|[from] Sandstorm
|-damage|p2a: Celebi|94/100|[from] Sandstorm
|-heal|p2a: Celebi|100/100|[from] item: Leftovers
|upkeep
|turn|8
|c|☆Mai Senjougahara|this is pretty common actually
|inactive|Mai Senjougahara has 210 seconds left.
|c|☆UnstoppableUg|Is it actually?
|c|☆UnstoppableUg|Why??
|c|☆UnstoppableUg|Wtf
|c|☆UnstoppableUg|That's ass imo
|c|☆UnstoppableUg|U lose the fire typing
|inactive|Mai Senjougahara has 180 seconds left.
|c|☆UnstoppableUg|And u can't even click it again
|inactive|Mai Senjougahara has 150 seconds left.
|
|t:|1664653986
|switch|p2a: Bewear|Bewear, M|100/100
|-damage|p2a: Bewear|94/100|[from] Stealth Rock
|move|p1a: Crobat|U-turn|p2a: Bewear
|-resisted|p2a: Bewear
|-damage|p2a: Bewear|91/100
|
|t:|1664653999
|switch|p1a: Magneton|Magneton|14/100|[from]move: U-turn
|-damage|p1a: Magneton|8/100|[from] Stealth Rock
|
|-weather|Sandstorm|[upkeep]
|-damage|p2a: Bewear|85/100|[from] Sandstorm
|upkeep
|turn|9
|
|t:|1664654012
|switch|p2a: Celebi|Celebi|100/100
|-damage|p2a: Celebi|88/100|[from] Stealth Rock
|move|p1a: Magneton|Thunderbolt|p2a: Celebi
|-resisted|p2a: Celebi
|-damage|p2a: Celebi|56/100
|
|-weather|Sandstorm|[upkeep]
|-damage|p2a: Celebi|50/100|[from] Sandstorm
|-heal|p2a: Celebi|56/100|[from] item: Leftovers
|upkeep
|turn|10
|j| Shooriken
|
|t:|1664654030
|switch|p1a: Crobat|Crobat, F|94/100
|move|p2a: Celebi|Synthesis|p2a: Celebi
|-heal|p2a: Celebi|81/100
|
|-weather|Sandstorm|[upkeep]
|-damage|p1a: Crobat|88/100|[from] Sandstorm
|-damage|p2a: Celebi|75/100|[from] Sandstorm
|-heal|p2a: Celebi|81/100|[from] item: Leftovers
|upkeep
|turn|11
|c|☆UnstoppableUg|?????
|c|☆UnstoppableUg|Bro that thing has recover
|c|☆UnstoppableUg|Why
|c|☆UnstoppableUg|Lmao
|c|☆Mai Senjougahara|oops
|c|☆Mai Senjougahara|i was tryna do too much
|inactive|Mai Senjougahara has 120 seconds left.
|c|☆UnstoppableUg|Indeed
|c|☆UnstoppableUg|Lmao
|
|t:|1664654060
|switch|p2a: Heracross|Heracross, F|100/100
|-damage|p2a: Heracross|88/100|[from] Stealth Rock
|move|p1a: Crobat|U-turn|p2a: Heracross
|-resisted|p2a: Heracross
|-damage|p2a: Heracross|76/100
|
|t:|1664654069
|switch|p1a: Hydreigon|Hydreigon, F|100/100|[from]move: U-turn
|
|-weather|Sandstorm|[upkeep]
|-damage|p2a: Heracross|70/100|[from] Sandstorm
|-damage|p1a: Hydreigon|94/100|[from] Sandstorm
|upkeep
|turn|12
|
|t:|1664654075
|switch|p1a: Crobat|Crobat, F|88/100
|move|p2a: Heracross|Close Combat|p1a: Crobat
|-resisted|p1a: Crobat
|-damage|p1a: Crobat|70/100
|-unboost|p2a: Heracross|def|1
|-unboost|p2a: Heracross|spd|1
|
|-weather|none
|upkeep
|turn|13
|
|t:|1664654083
|switch|p2a: Arcanine|Arcanine, F|58/100
|-ability|p2a: Arcanine|Intimidate|boost
|-fail|p1a: Crobat|unboost|Attack|[from] ability: Inner Focus|[of] p1a: Crobat
|move|p1a: Crobat|Brave Bird|p2a: Arcanine
|-damage|p2a: Arcanine|27/100
|-damage|p1a: Crobat|58/100|[from] Recoil
|
|upkeep
|turn|14
|
|t:|1664654099
|move|p1a: Crobat|Brave Bird|p2a: Arcanine
|-damage|p2a: Arcanine|0 fnt
|faint|p2a: Arcanine
|-damage|p1a: Crobat|47/100|[from] Recoil
|
|upkeep
|
|t:|1664654101
|switch|p2a: Bewear|Bewear, M|85/100
|-damage|p2a: Bewear|78/100|[from] Stealth Rock
|turn|15
|
|t:|1664654104
|move|p1a: Crobat|U-turn|p2a: Bewear
|-resisted|p2a: Bewear
|-damage|p2a: Bewear|74/100
|c| Shooriken|Shiesty game
|
|t:|1664654106
|switch|p1a: Hippowdon|Hippowdon, F|64/100|[from]move: U-turn
|-damage|p1a: Hippowdon|58/100|[from] Stealth Rock
|-weather|Sandstorm|[from] ability: Sand Stream|[of] p1a: Hippowdon
|move|p2a: Bewear|Body Slam|p1a: Hippowdon
|-damage|p1a: Hippowdon|10/100
|
|-weather|Sandstorm|[upkeep]
|-damage|p2a: Bewear|68/100|[from] Sandstorm
|upkeep
|turn|16
|
|t:|1664654112
|switch|p1a: Magneton|Magneton|8/100
|-damage|p1a: Magneton|2/100|[from] Stealth Rock
|move|p2a: Bewear|Body Slam|p1a: Magneton
|-resisted|p1a: Magneton
|-damage|p1a: Magneton|0 fnt
|faint|p1a: Magneton
|
|-weather|Sandstorm|[upkeep]
|-damage|p2a: Bewear|62/100|[from] Sandstorm
|upkeep
|
|t:|1664654116
|switch|p1a: Crobat|Crobat, F|47/100
|turn|17
|
|t:|1664654118
|move|p1a: Crobat|Brave Bird|p2a: Bewear
|-supereffective|p2a: Bewear
|-damage|p2a: Bewear|21/100
|-damage|p1a: Crobat|28/100|[from] Recoil
|move|p2a: Bewear|Body Slam|p1a: Crobat
|-damage|p1a: Crobat|0 fnt
|faint|p1a: Crobat
|
|-weather|Sandstorm|[upkeep]
|-damage|p2a: Bewear|15/100|[from] Sandstorm
|upkeep
|
|t:|1664654128
|switch|p1a: Excadrill|Excadrill, M|100/100
|-damage|p1a: Excadrill|97/100|[from] Stealth Rock
|turn|18
|inactive|Mai Senjougahara has 180 seconds left.
|
|t:|1664654142
|move|p1a: Excadrill|Swords Dance|p1a: Excadrill
|-boost|p1a: Excadrill|atk|2
|move|p2a: Bewear|Body Slam|p1a: Excadrill
|-resisted|p1a: Excadrill
|-damage|p1a: Excadrill|45/100
|-status|p1a: Excadrill|par
|
|-weather|Sandstorm|[upkeep]
|-damage|p2a: Bewear|9/100|[from] Sandstorm
|upkeep
|turn|19
|c|☆UnstoppableUg|Bro.
|inactive|Mai Senjougahara has 180 seconds left.
|c|☆UnstoppableUg|That was game.
|c| Shooriken|U risked it
|c|☆UnstoppableUg|Ofc I did, it was fucking game lmao
|c|☆UnstoppableUg|When else am I gonna be able to set up
|c|☆Mai Senjougahara|yeah it was my only play too though
|inactive|Mai Senjougahara has 150 seconds left.
|c| Shooriken|Thats my point
|c| Shooriken|It was a gamble and it didnt work for you
|c|☆UnstoppableUg|Not a gamble if it's in my favor
|inactive|Mai Senjougahara has 120 seconds left.
|c|☆UnstoppableUg|I should've won
|c| Shooriken|Technically is
|c|☆UnstoppableUg|Like I can't set up on anything else
|c|☆UnstoppableUg|Everything else has a chance to kill me
|c| Shooriken|Body slam para is same chance as scald burn
|inactive|Mai Senjougahara has 90 seconds left.
|c|☆UnstoppableUg|Analytic on Pory
|c| Shooriken|True
|c|☆UnstoppableUg|With freeze chance with beam
|c|☆UnstoppableUg|Hera
|c| Shooriken|Ig you could go for flinch on hera
|inactive|Mai Senjougahara has 60 seconds left.
|c|☆UnstoppableUg|It is what it is
|c| Shooriken|Ye
|
|t:|1664654282
|cant|p1a: Excadrill|par
|move|p2a: Bewear|Body Slam|p1a: Excadrill
|-resisted|p1a: Excadrill
|-damage|p1a: Excadrill|0 fnt
|faint|p1a: Excadrill
|
|-weather|Sandstorm|[upkeep]
|-damage|p2a: Bewear|3/100|[from] Sandstorm
|upkeep
|c| Shooriken|Wp tho
|
|t:|1664654290
|switch|p1a: Hydreigon|Hydreigon, F|94/100
|turn|20
|
|t:|1664654296
|move|p1a: Hydreigon|Dark Pulse|p2a: Bewear
|-resisted|p2a: Bewear
|-damage|p2a: Bewear|0 fnt
|faint|p2a: Bewear
|
|-weather|Sandstorm|[upkeep]
|-damage|p1a: Hydreigon|88/100|[from] Sandstorm
|upkeep
|inactive|Mai Senjougahara has 30 seconds left.
|l| Shooriken
|inactive|Mai Senjougahara has 20 seconds left.
|
|t:|1664654340
|switch|p2a: Heracross|Heracross, F|70/100
|-damage|p2a: Heracross|58/100|[from] Stealth Rock
|turn|21
|inactive|Mai Senjougahara has 30 seconds left this turn.
|
|t:|1664654342
|switch|p1a: Hippowdon|Hippowdon, F|10/100
|-damage|p1a: Hippowdon|4/100|[from] Stealth Rock
|move|p2a: Heracross|Close Combat|p1a: Hippowdon
|-damage|p1a: Hippowdon|0 fnt
|-unboost|p2a: Heracross|def|1
|-unboost|p2a: Heracross|spd|1
|faint|p1a: Hippowdon
|-ability|p2a: Heracross|Moxie|boost
|-boost|p2a: Heracross|atk|1
|
|-weather|Sandstorm|[upkeep]
|-damage|p2a: Heracross|52/100|[from] Sandstorm
|upkeep
|j| Shooriken
|
|t:|1664654344
|switch|p1a: Tangrowth|Tangrowth, M|100/100
|-damage|p1a: Tangrowth|88/100|[from] Stealth Rock
|turn|22
|
|t:|1664654354
|switch|p2a: Silvally|Silvally-Dark|100/100
|-damage|p2a: Silvally|88/100|[from] Stealth Rock
|move|p1a: Tangrowth|Sludge Bomb|p2a: Silvally
|-damage|p2a: Silvally|74/100
|
|-weather|none
|upkeep
|turn|23
|
|t:|1664654358
|move|p2a: Silvally|Toxic|p1a: Tangrowth
|-status|p1a: Tangrowth|tox
|move|p1a: Tangrowth|Focus Blast|p2a: Silvally
|-supereffective|p2a: Silvally
|-damage|p2a: Silvally|37/100
|
|-damage|p1a: Tangrowth|82/100 tox|[from] psn
|upkeep
|turn|24
|
|t:|1664654367
|move|p2a: Silvally|Defog|p1a: Tangrowth
|-unboost|p1a: Tangrowth|evasion|1
|-sideend|p1: UnstoppableUg|Stealth Rock|[from] move: Defog|[of] p2a: Silvally
|-sideend|p2: Mai Senjougahara|Stealth Rock|[from] move: Defog|[of] p2a: Silvally
|move|p1a: Tangrowth|Focus Blast|p2a: Silvally
|-supereffective|p2a: Silvally
|-damage|p2a: Silvally|1/100
|
|-damage|p1a: Tangrowth|70/100 tox|[from] psn
|upkeep
|turn|25
|inactive|Mai Senjougahara has 60 seconds left.
|
|t:|1664654378
|switch|p1a: Hydreigon|Hydreigon, F|88/100
|move|p2a: Silvally|Parting Shot|p1a: Hydreigon
|-unboost|p1a: Hydreigon|atk|1
|-unboost|p1a: Hydreigon|spa|1
|
|t:|1664654380
|switch|p2a: Heracross|Heracross, F|52/100|[from]move: Parting Shot
|
|upkeep
|turn|26
|
|t:|1664654391
|switch|p1a: Tangrowth|Tangrowth, M|100/100 tox
|move|p2a: Heracross|Close Combat|p1a: Tangrowth
|-damage|p1a: Tangrowth|57/100 tox
|-unboost|p2a: Heracross|def|1
|-unboost|p2a: Heracross|spd|1
|
|-damage|p1a: Tangrowth|51/100 tox|[from] psn
|upkeep
|turn|27
|l| Shooriken
|
|t:|1664654396
|switch|p2a: Silvally|Silvally-Dark|1/100
|switch|p1a: Hydreigon|Hydreigon, F|88/100
|
|upkeep
|turn|28
|j| Shooriken
|
|t:|1664654404
|move|p1a: Hydreigon|Dark Pulse|p2a: Silvally
|-resisted|p2a: Silvally
|-damage|p2a: Silvally|0 fnt
|faint|p2a: Silvally
|
|upkeep
|
|t:|1664654411
|switch|p2a: Heracross|Heracross, F|52/100
|turn|29
|
|t:|1664654413
|switch|p1a: Tangrowth|Tangrowth, M|84/100 tox
|move|p2a: Heracross|Close Combat|p1a: Tangrowth
|-damage|p1a: Tangrowth|44/100 tox
|-unboost|p2a: Heracross|def|1
|-unboost|p2a: Heracross|spd|1
|
|-damage|p1a: Tangrowth|38/100 tox|[from] psn
|upkeep
|turn|30
|
|t:|1664654417
|move|p2a: Heracross|Close Combat|p1a: Tangrowth
|-damage|p1a: Tangrowth|0 fnt
|-unboost|p2a: Heracross|def|1
|-unboost|p2a: Heracross|spd|1
|faint|p1a: Tangrowth
|-ability|p2a: Heracross|Moxie|boost
|-boost|p2a: Heracross|atk|1
|
|upkeep
|c|☆UnstoppableUg|Man that's so lame.
|c|☆UnstoppableUg|Welp
|c|☆UnstoppableUg|It is what it is
|-message|UnstoppableUg forfeited.
|
|win|Mai Senjougahara
|c|☆Mai Senjougahara|gg
|c|☆UnstoppableUg|Gg chief
|c|☆Mai Senjougahara|para sucks
|c|☆Mai Senjougahara|id be mad too
|c|☆UnstoppableUg|Ye I can't do anything about it
|c|☆UnstoppableUg|I made the right play
|c|☆UnstoppableUg|And I loselt
|c|☆UnstoppableUg|Lost
|c|☆UnstoppableUg|That's mons lmao
|c|☆Mai Senjougahara|alright where you wanna go g2?
