|raw|<div class="broadcast-blue"><strong>This battle is required to be public due to a player having a name starting with 'uult91w'.</div>
|j|☆UULT91w Adaam
|j|☆UULT91w Micciu
|t:|1652025863
|gametype|singles
|player|p1|UULT91w Adaam|102|1577
|player|p2|UULT91w Micciu|teammagmagruntf-gen3|1524
|teamsize|p1|6
|teamsize|p2|6
|gen|8
|tier|[Gen 8] UU
|rated|
|rule|Sleep Clause Mod: Limit one foe put to sleep
|rule|Species Clause: Limit one of each Pokémon
|rule|OHKO Clause: OHKO moves are banned
|rule|Evasion Moves Clause: Evasion moves are banned
|rule|Endless Battle Clause: Forcing endless battles is banned
|rule|HP Percentage Mod: HP is shown in percentages
|rule|Dynamax Clause: You cannot dynamax
|clearpoke
|poke|p1|Salamence, F|
|poke|p1|Magneton|
|poke|p1|Diggersby, M|
|poke|p1|Zarude-Dada|
|poke|p1|Slowking, M|
|poke|p1|Cobalion|
|poke|p2|Primarina, M|
|poke|p2|Amoonguss, M|
|poke|p2|Conkeldurr, F|
|poke|p2|Rotom-Heat|
|poke|p2|Jirachi|
|poke|p2|Zarude|
|teampreview
|c|☆UULT91w Micciu|hf
|c|☆UULT91w Adaam|u2
|inactive|Battle timer is ON: inactive players will automatically lose when time's up. (requested by UULT91w Adaam)
|
|t:|1652025892
|start
|switch|p1a: Cobalion|Cobalion|100/100
|switch|p2a: Conkeldurr|Conkeldurr, F|100/100
|turn|1
|j| UULT91w Toto
|inactive|UULT91w Micciu has 120 seconds left.
|
|t:|1652025936
|move|p1a: Cobalion|Volt Switch|p2a: Conkeldurr
|-damage|p2a: Conkeldurr|90/100
|
|t:|1652025940
|switch|p1a: Slowking|Slowking, M|100/100|[from]move: Volt Switch
|move|p2a: Conkeldurr|Knock Off|p1a: Slowking
|-supereffective|p1a: Slowking
|-damage|p1a: Slowking|54/100
|-enditem|p1a: Slowking|Eject Button|[from] move: Knock Off|[of] p2a: Conkeldurr
|
|-heal|p2a: Conkeldurr|96/100|[from] item: Leftovers
|upkeep
|turn|2
|inactive|UULT91w Micciu has 120 seconds left.
|
|t:|1652025966
|move|p2a: Conkeldurr|Bulk Up|p2a: Conkeldurr
|-boost|p2a: Conkeldurr|atk|1
|-boost|p2a: Conkeldurr|def|1
|move|p1a: Slowking|Slack Off|p1a: Slowking
|-heal|p1a: Slowking|100/100
|
|-heal|p2a: Conkeldurr|100/100|[from] item: Leftovers
|upkeep
|turn|3
|
|t:|1652025970
|move|p2a: Conkeldurr|Knock Off|p1a: Slowking
|-supereffective|p1a: Slowking
|-damage|p1a: Slowking|57/100
|move|p1a: Slowking|Dragon Tail|p2a: Conkeldurr
|-damage|p2a: Conkeldurr|94/100
|drag|p2a: Jirachi|Jirachi|100/100
|
|upkeep
|turn|4
|j| RLplayer
|j| UULT91w Monky
|inactive|UULT91w Micciu has 120 seconds left.
|l| UULT91w Monky
|
|t:|1652026001
|switch|p2a: Rotom|Rotom-Heat|100/100
|switch|p1a: Cobalion|Cobalion|100/100
|
|upkeep
|turn|5
|j| shook and book
|l| shook and book
|j| bulufan14
|inactive|UULT91w Micciu has 120 seconds left.
|
|t:|1652026015
|move|p1a: Cobalion|Volt Switch|p2a: Rotom
|-resisted|p2a: Rotom
|-damage|p2a: Rotom|93/100
|
|t:|1652026019
|switch|p1a: Slowking|Slowking, M|90/100|[from]move: Volt Switch
|move|p2a: Rotom|Thunder Wave|p1a: Slowking
|-status|p1a: Slowking|par
|
|upkeep
|turn|6
|
|t:|1652026028
|switch|p1a: Diggersby|Diggersby, M|100/100
|move|p2a: Rotom|Volt Switch|p1a: Diggersby
|-immune|p1a: Diggersby
|
|upkeep
|turn|7
|
|t:|1652026033
|switch|p2a: Amoonguss|Amoonguss, M|100/100
|move|p1a: Diggersby|U-turn|p2a: Amoonguss
|-damage|p2a: Amoonguss|77/100
|-damage|p1a: Diggersby|84/100|[from] item: Rocky Helmet|[of] p2a: Amoonguss
|
|t:|1652026039
|switch|p1a: Cobalion|Cobalion|100/100|[from]move: U-turn
|
|upkeep
|turn|8
|
|t:|1652026047
|move|p1a: Cobalion|Stealth Rock|p2a: Amoonguss
|-sidestart|p2: UULT91w Micciu|move: Stealth Rock
|move|p2a: Amoonguss|Spore|p1a: Cobalion
|-status|p1a: Cobalion|slp|[from] move: Spore
|
|upkeep
|turn|9
|
|t:|1652026057
|switch|p2a: Conkeldurr|Conkeldurr, F|94/100
|-damage|p2a: Conkeldurr|88/100|[from] Stealth Rock
|cant|p1a: Cobalion|slp
|
|-heal|p2a: Conkeldurr|94/100|[from] item: Leftovers
|upkeep
|turn|10
|j| career ended
|j| Opela
|
|t:|1652026083
|switch|p1a: Slowking|Slowking, M|100/100 par
|move|p2a: Conkeldurr|Knock Off|p1a: Slowking
|-supereffective|p1a: Slowking
|-damage|p1a: Slowking|68/100 par
|
|-heal|p2a: Conkeldurr|99/100|[from] item: Leftovers
|upkeep
|turn|11
|j| Dunoks
|j| shook and book
|
|t:|1652026093
|move|p2a: Conkeldurr|Knock Off|p1a: Slowking
|-supereffective|p1a: Slowking
|-damage|p1a: Slowking|39/100 par
|cant|p1a: Slowking|par
|
|-heal|p2a: Conkeldurr|100/100|[from] item: Leftovers
|upkeep
|turn|12
|
|t:|1652026103
|move|p2a: Conkeldurr|Knock Off|p1a: Slowking
|-supereffective|p1a: Slowking
|-damage|p1a: Slowking|7/100 par
|move|p1a: Slowking|Slack Off|p1a: Slowking
|-heal|p1a: Slowking|57/100 par
|
|upkeep
|turn|13
|
|t:|1652026109
|move|p2a: Conkeldurr|Knock Off|p1a: Slowking
|-supereffective|p1a: Slowking
|-damage|p1a: Slowking|25/100 par
|move|p1a: Slowking|Dragon Tail|p2a: Conkeldurr
|-damage|p2a: Conkeldurr|90/100
|drag|p2a: Jirachi|Jirachi|100/100
|-damage|p2a: Jirachi|94/100|[from] Stealth Rock
|
|-heal|p2a: Jirachi|100/100|[from] item: Leftovers
|upkeep
|turn|14
|
|t:|1652026120
|switch|p2a: Rotom|Rotom-Heat|93/100
|switch|p1a: magnemite triple|Magneton|100/100
|
|upkeep
|turn|15
|j| UULT91W ASK
|
|t:|1652026136
|switch|p1a: Diggersby|Diggersby, M|84/100
|move|p2a: Rotom|Volt Switch|p1a: Diggersby
|-immune|p1a: Diggersby
|
|upkeep
|turn|16
|j|+mENGy ㋛
|
|t:|1652026146
|switch|p2a: Amoonguss|Amoonguss, M|100/100
|-damage|p2a: Amoonguss|88/100|[from] Stealth Rock
|move|p1a: Diggersby|Knock Off|p2a: Amoonguss
|-damage|p2a: Amoonguss|56/100
|-damage|p1a: Diggersby|68/100|[from] item: Rocky Helmet|[of] p2a: Amoonguss
|-enditem|p2a: Amoonguss|Rocky Helmet|[from] move: Knock Off|[of] p1a: Diggersby
|
|upkeep
|turn|17
|
|t:|1652026153
|switch|p1a: magnemite triple|Magneton|100/100
|switch|p2a: Conkeldurr|Conkeldurr, F|90/100
|-damage|p2a: Conkeldurr|84/100|[from] Stealth Rock
|
|-heal|p2a: Conkeldurr|90/100|[from] item: Leftovers
|upkeep
|turn|18
|
|t:|1652026160
|move|p1a: magnemite triple|Volt Switch|p2a: Conkeldurr
|-damage|p2a: Conkeldurr|48/100
|l| bulufan14
|inactive|UULT91w Adaam has 120 seconds left.
|j| UULT91W Lily
|
|t:|1652026206
|switch|p1a: joey salami|Salamence, F|100/100|[from]move: Volt Switch
|move|p2a: Conkeldurr|Knock Off|p1a: joey salami
|-damage|p1a: joey salami|62/100
|-enditem|p1a: joey salami|Heavy-Duty Boots|[from] move: Knock Off|[of] p2a: Conkeldurr
|
|-heal|p2a: Conkeldurr|54/100|[from] item: Leftovers
|upkeep
|turn|19
|
|t:|1652026221
|switch|p1a: Diggersby|Diggersby, M|68/100
|switch|p2a: Rotom|Rotom-Heat|93/100
|
|upkeep
|turn|20
|inactive|UULT91w Micciu has 120 seconds left.
|
|t:|1652026252
|switch|p2a: Amoonguss|Amoonguss, M|90/100
|-damage|p2a: Amoonguss|77/100|[from] Stealth Rock
|move|p1a: Diggersby|Body Slam|p2a: Amoonguss
|-damage|p2a: Amoonguss|36/100
|
|upkeep
|turn|21
|
|t:|1652026262
|switch|p1a: magnemite triple|Magneton|100/100
|switch|p2a: Rotom|Rotom-Heat|93/100
|
|upkeep
|turn|22
|inactive|UULT91w Adaam has 120 seconds left.
|
|t:|1652026273
|switch|p1a: Slowking|Slowking, M|58/100 par
|move|p2a: Rotom|Volt Switch|p1a: Slowking
|-supereffective|p1a: Slowking
|-damage|p1a: Slowking|17/100 par
|
|t:|1652026275
|switch|p2a: Conkeldurr|Conkeldurr, F|54/100|[from]move: Volt Switch
|-damage|p2a: Conkeldurr|48/100|[from] Stealth Rock
|
|-heal|p2a: Conkeldurr|54/100|[from] item: Leftovers
|upkeep
|turn|23
|j| youke
|
|t:|1652026284
|move|p2a: Conkeldurr|Knock Off|p1a: Slowking
|-supereffective|p1a: Slowking
|-damage|p1a: Slowking|0 fnt
|faint|p1a: Slowking
|
|-heal|p2a: Conkeldurr|60/100|[from] item: Leftovers
|upkeep
|
|t:|1652026286
|switch|p1a: magnemite triple|Magneton|100/100
|turn|24
|
|t:|1652026295
|switch|p2a: Rotom|Rotom-Heat|93/100
|move|p1a: magnemite triple|Volt Switch|p2a: Rotom
|-resisted|p2a: Rotom
|-crit|p2a: Rotom
|-damage|p2a: Rotom|50/100
|
|t:|1652026298
|switch|p1a: Diggersby|Diggersby, M|68/100|[from]move: Volt Switch
|
|upkeep
|turn|25
|l| UULT91w Toto
|
|t:|1652026311
|switch|p2a: Jirachi|Jirachi|100/100
|-damage|p2a: Jirachi|94/100|[from] Stealth Rock
|move|p1a: Diggersby|Body Slam|p2a: Jirachi
|-resisted|p2a: Jirachi
|-damage|p2a: Jirachi|70/100
|
|-heal|p2a: Jirachi|77/100|[from] item: Leftovers
|upkeep
|turn|26
|
|t:|1652026323
|move|p1a: Diggersby|Body Slam|p2a: Jirachi
|-resisted|p2a: Jirachi
|-damage|p2a: Jirachi|54/100
|-status|p2a: Jirachi|par
|move|p2a: Jirachi|Stealth Rock|p1a: Diggersby
|-sidestart|p1: UULT91w Adaam|move: Stealth Rock
|
|-heal|p2a: Jirachi|60/100 par|[from] item: Leftovers
|upkeep
|turn|27
|j| miltank climbers
|c| shook and book|Adaam a few days ago I sat down and I wondered why I had been born. What purpose did I have? And today I realized. I was born to watch you play Pokemon.
|
|t:|1652026347
|switch|p2a: Conkeldurr|Conkeldurr, F|60/100
|-damage|p2a: Conkeldurr|54/100|[from] Stealth Rock
|move|p1a: Diggersby|Body Slam|p2a: Conkeldurr
|-damage|p2a: Conkeldurr|5/100
|
|-heal|p2a: Conkeldurr|11/100|[from] item: Leftovers
|upkeep
|turn|28
|c|+mENGy ㋛|aw :')
|
|t:|1652026375
|switch|p1a: Cobalion|Cobalion|100/100 slp
|-damage|p1a: Cobalion|97/100 slp|[from] Stealth Rock
|move|p2a: Conkeldurr|Drain Punch|p1a: Cobalion
|-supereffective|p1a: Cobalion
|-damage|p1a: Cobalion|42/100 slp
|-heal|p2a: Conkeldurr|32/100|[from] drain|[of] p1a: Cobalion
|-damage|p2a: Conkeldurr|16/100|[from] item: Rocky Helmet|[of] p1a: Cobalion
|
|-heal|p2a: Conkeldurr|22/100|[from] item: Leftovers
|upkeep
|turn|29
|
|t:|1652026388
|-curestatus|p1a: Cobalion|slp|[msg]
|move|p1a: Cobalion|Close Combat|p2a: Conkeldurr
|-damage|p2a: Conkeldurr|0 fnt
|-unboost|p1a: Cobalion|def|1
|-unboost|p1a: Cobalion|spd|1
|faint|p2a: Conkeldurr
|
|upkeep
|
|t:|1652026394
|switch|p2a: Primarina|Primarina, M|100/100
|-damage|p2a: Primarina|88/100|[from] Stealth Rock
|turn|30
|
|t:|1652026399
|move|p1a: Cobalion|Toxic|p2a: Primarina
|-status|p2a: Primarina|tox
|move|p2a: Primarina|Substitute|p2a: Primarina
|-start|p2a: Primarina|Substitute
|-damage|p2a: Primarina|63/100 tox
|
|-heal|p2a: Primarina|69/100 tox|[from] item: Leftovers
|-damage|p2a: Primarina|63/100 tox|[from] psn
|upkeep
|turn|31
|
|t:|1652026406
|move|p1a: Cobalion|Volt Switch|p2a: Primarina
|-supereffective|p2a: Primarina
|-activate|p2a: Primarina|move: Substitute|[damage]
|j| UULT91w Toto
|
|t:|1652026425
|switch|p1a: magnemite triple|Magneton|100/100|[from]move: Volt Switch
|-damage|p1a: magnemite triple|94/100|[from] Stealth Rock
|move|p2a: Primarina|Draining Kiss|p1a: magnemite triple
|-resisted|p1a: magnemite triple
|-damage|p1a: magnemite triple|76/100
|-heal|p2a: Primarina|72/100 tox|[from] drain|[of] p1a: magnemite triple
|
|-heal|p2a: Primarina|78/100 tox|[from] item: Leftovers
|-damage|p2a: Primarina|66/100 tox|[from] psn
|upkeep
|turn|32
|
|t:|1652026432
|move|p1a: magnemite triple|Volt Switch|p2a: Primarina
|-supereffective|p2a: Primarina
|-end|p2a: Primarina|Substitute
|j| ahmber ❤
|
|t:|1652026443
|switch|p1a: Cobalion|Cobalion|42/100|[from]move: Volt Switch
|-damage|p1a: Cobalion|39/100|[from] Stealth Rock
|move|p2a: Primarina|Draining Kiss|p1a: Cobalion
|-damage|p1a: Cobalion|8/100
|-heal|p2a: Primarina|87/100 tox|[from] drain|[of] p1a: Cobalion
|-damage|p2a: Primarina|70/100 tox|[from] item: Rocky Helmet|[of] p1a: Cobalion
|
|-heal|p2a: Primarina|76/100 tox|[from] item: Leftovers
|-damage|p2a: Primarina|58/100 tox|[from] psn
|upkeep
|turn|33
|
|t:|1652026455
|switch|p2a: Amoonguss|Amoonguss, M|69/100
|-damage|p2a: Amoonguss|57/100|[from] Stealth Rock
|move|p1a: Cobalion|Close Combat|p2a: Amoonguss
|-resisted|p2a: Amoonguss
|-damage|p2a: Amoonguss|39/100
|-unboost|p1a: Cobalion|def|1
|-unboost|p1a: Cobalion|spd|1
|
|upkeep
|turn|34
|l| RLplayer
|
|t:|1652026460
|move|p1a: Cobalion|Volt Switch|p2a: Amoonguss
|-resisted|p2a: Amoonguss
|-damage|p2a: Amoonguss|32/100
|
|t:|1652026463
|switch|p1a: Zarude|Zarude-Dada|100/100|[from]move: Volt Switch
|move|p2a: Amoonguss|Spore|p1a: Zarude
|-immune|p1a: Zarude
|
|upkeep
|turn|35
|
|t:|1652026480
|switch|p2a: Jirachi|Jirachi|60/100 par
|-damage|p2a: Jirachi|54/100 par|[from] Stealth Rock
|move|p1a: Zarude|U-turn|p2a: Jirachi
|-damage|p2a: Jirachi|35/100 par
|
|t:|1652026483
|switch|p1a: magnemite triple|Magneton|76/100|[from]move: U-turn
|-damage|p1a: magnemite triple|70/100|[from] Stealth Rock
|
|-heal|p2a: Jirachi|41/100 par|[from] item: Leftovers
|upkeep
|turn|36
|
|t:|1652026487
|move|p1a: magnemite triple|Thunderbolt|p2a: Jirachi
|-damage|p2a: Jirachi|0 fnt
|faint|p2a: Jirachi
|
|upkeep
|
|t:|1652026490
|switch|p2a: Zarude|Zarude|100/100
|-damage|p2a: Zarude|88/100|[from] Stealth Rock
|turn|37
|
|t:|1652026495
|switch|p1a: Cobalion|Cobalion|8/100
|-damage|p1a: Cobalion|5/100|[from] Stealth Rock
|move|p2a: Zarude|Darkest Lariat|p1a: Cobalion
|-resisted|p1a: Cobalion
|-crit|p1a: Cobalion
|-damage|p1a: Cobalion|0 fnt
|-damage|p2a: Zarude|72/100|[from] item: Rocky Helmet|[of] p1a: Cobalion
|faint|p1a: Cobalion
|
|upkeep
|
|t:|1652026500
|switch|p1a: Zarude|Zarude-Dada|100/100
|turn|38
|
|t:|1652026507
|switch|p2a: Amoonguss|Amoonguss, M|65/100
|-damage|p2a: Amoonguss|53/100|[from] Stealth Rock
|move|p1a: Zarude|U-turn|p2a: Amoonguss
|-damage|p2a: Amoonguss|36/100
|
|t:|1652026517
|switch|p1a: Diggersby|Diggersby, M|68/100|[from]move: U-turn
|-damage|p1a: Diggersby|62/100|[from] Stealth Rock
|
|upkeep
|turn|39
|
|t:|1652026544
|switch|p2a: Primarina|Primarina, M|58/100 tox
|-damage|p2a: Primarina|46/100 tox|[from] Stealth Rock
|move|p1a: Diggersby|Body Slam|p2a: Primarina
|-damage|p2a: Primarina|0 fnt
|faint|p2a: Primarina
|
|upkeep
|
|t:|1652026550
|switch|p2a: Amoonguss|Amoonguss, M|69/100
|-damage|p2a: Amoonguss|56/100|[from] Stealth Rock
|turn|40
|inactive|UULT91w Micciu has 120 seconds left.
|
|t:|1652026585
|move|p1a: Diggersby|Body Slam|p2a: Amoonguss
|-damage|p2a: Amoonguss|16/100
|move|p2a: Amoonguss|Sludge Bomb|p1a: Diggersby
|-resisted|p1a: Diggersby
|-damage|p1a: Diggersby|43/100
|
|upkeep
|turn|41
|
|t:|1652026592
|switch|p2a: Rotom|Rotom-Heat|50/100
|move|p1a: Diggersby|Body Slam|p2a: Rotom
|-damage|p2a: Rotom|0 fnt
|faint|p2a: Rotom
|
|upkeep
|
|t:|1652026594
|switch|p2a: Zarude|Zarude|72/100
|-damage|p2a: Zarude|59/100|[from] Stealth Rock
|turn|42
|
|t:|1652026597
|move|p1a: Diggersby|Body Slam|p2a: Zarude
|-damage|p2a: Zarude|6/100
|move|p2a: Zarude|Darkest Lariat|p1a: Diggersby
|-damage|p1a: Diggersby|0 fnt
|faint|p1a: Diggersby
|
|upkeep
|j| TOP 10 ON MAIN?
|
|t:|1652026602
|switch|p1a: Zarude|Zarude-Dada|100/100
|turn|43
|
|t:|1652026604
|move|p2a: Zarude|Darkest Lariat|p1a: Zarude
|-resisted|p1a: Zarude
|-crit|p1a: Zarude
|-damage|p1a: Zarude|54/100
|move|p1a: Zarude|U-turn|p2a: Zarude
|-supereffective|p2a: Zarude
|-damage|p2a: Zarude|0 fnt
|faint|p2a: Zarude
|
|t:|1652026606
|switch|p1a: magnemite triple|Magneton|70/100|[from]move: U-turn
|-damage|p1a: magnemite triple|64/100|[from] Stealth Rock
|
|upkeep
|c|☆UULT91w Micciu|gg
|c|☆UULT91w Adaam|gg
|
|t:|1652026608
|switch|p2a: Amoonguss|Amoonguss, M|49/100
|-damage|p2a: Amoonguss|37/100|[from] Stealth Rock
|turn|44
|
|t:|1652026610
|move|p1a: magnemite triple|Flash Cannon|p2a: Amoonguss
|-damage|p2a: Amoonguss|0 fnt
|faint|p2a: Amoonguss
|
|win|UULT91w Adaam
|raw|UULT91w Adaam's rating: 1577 &rarr; <strong>1594</strong><br />(+17 for winning)
|raw|UULT91w Micciu's rating: 1524 &rarr; <strong>1507</strong><br />(-17 for losing)
|l|☆UULT91w Adaam
|l|☆UULT91w Micciu
|l| UULT91W Lily
|l| ahmber ❤
|l| shook and book
|l| UULT91w Toto
|j| Vespin
|l| Vespin
||Ladder isn't responding, score probably updated but might not have (Request timeout).
|l|+mENGy ㋛
|j|+mENGy ㋛
|l| TOP 10 ON MAIN?
|l| career ended
|n|+Mengy ㋛|mengy
|l| Dunoks
