|html|<div class="broadcast-blue"><strong>[Gen 8] UU is currently suspecting Terrakion! For information on how to participate check out the <a href="https://www.smogon.com/forums/threads/np-ss-uu-stage-8-3-rack-city.3678591/">suspect thread</a>.</strong></div>
|j|☆360 No Silph Scope
|j|☆Steveurkle
|t:|1614698311
|player|p1|360 No Silph Scope|ash-alola|1387
|player|p2|Steveurkle|266|1371
|teamsize|p1|6
|teamsize|p2|6
|gametype|singles
|gen|8
|tier|[Gen 8] UU
|rated|
|clearpoke
|poke|p1|Azelf|
|poke|p1|Azumarill, F|
|poke|p1|Conkeldurr, M|
|poke|p1|Lycanroc-Dusk, M|
|poke|p1|Mamoswine, M|
|poke|p1|Zeraora|
|poke|p2|Haxorus, M|
|poke|p2|Terrakion|
|poke|p2|Scizor, F|
|poke|p2|Rotom-Wash|
|poke|p2|Togekiss, M|
|poke|p2|Nidoqueen, F|
|rule|Sleep Clause Mod: Limit one foe put to sleep
|rule|Species Clause: Limit one of each Pokémon
|rule|OHKO Clause: OHKO moves are banned
|rule|Evasion Moves Clause: Evasion moves are banned
|rule|Endless Battle Clause: Forcing endless battles is banned
|rule|HP Percentage Mod: HP is shown in percentages
|rule|Dynamax Clause: You cannot dynamax
|teampreview
|j| weliveinarmourzone
|inactive|Battle timer is ON: inactive players will automatically lose when time's up. (requested by Steveurkle)
|inactive|Steveurkle has 120 seconds left.
|
|t:|1614698358
|start
|switch|p1a: Conkeldurr|Conkeldurr, M|100/100
|switch|p2a: Rotom|Rotom-Wash|100/100
|turn|1
|
|t:|1614698373
|move|p2a: Rotom|Volt Switch|p1a: Conkeldurr
|-damage|p1a: Conkeldurr|72/100
|
|t:|1614698376
|switch|p2a: Togekiss|Togekiss, M|100/100|[from]move: Volt Switch
|move|p1a: Conkeldurr|Drain Punch|p2a: Togekiss
|-resisted|p2a: Togekiss
|-crit|p2a: Togekiss
|-damage|p2a: Togekiss|89/100
|-heal|p1a: Conkeldurr|77/100|[from] drain|[of] p2a: Togekiss
|
|-status|p1a: Conkeldurr|brn|[from] item: Flame Orb
|upkeep
|turn|2
|
|t:|1614698387
|switch|p1a: Lycanroc|Lycanroc-Dusk, M|100/100
|move|p2a: Togekiss|Aura Sphere|p1a: Lycanroc
|-supereffective|p1a: Lycanroc
|-damage|p1a: Lycanroc|32/100
|
|upkeep
|turn|3
|
|t:|1614698408
|switch|p2a: Scizor|Scizor, F|100/100
|move|p1a: Lycanroc|Stealth Rock|p2a: Scizor
|-sidestart|p2: Steveurkle|move: Stealth Rock
|
|upkeep
|turn|4
|
|t:|1614698420
|switch|p1a: Azumarill|Azumarill, F|100/100
|move|p2a: Scizor|Swords Dance|p2a: Scizor
|-boost|p2a: Scizor|atk|2
|
|upkeep
|turn|5
|
|t:|1614698427
|move|p2a: Scizor|Bullet Punch|p1a: Azumarill
|-damage|p1a: Azumarill|31/100
|move|p1a: Azumarill|Liquidation|p2a: Scizor
|-damage|p2a: Scizor|50/100
|-enditem|p2a: Scizor|Sitrus Berry|[eat]
|-heal|p2a: Scizor|75/100|[from] item: Sitrus Berry
|
|upkeep
|turn|6
|
|t:|1614698442
|move|p2a: Scizor|Bullet Punch|p1a: Azumarill
|-damage|p1a: Azumarill|0 fnt
|faint|p1a: Azumarill
|
|upkeep
|
|t:|1614698452
|switch|p1a: Zeraora|Zeraora|100/100
|turn|7
|
|t:|1614698457
|move|p1a: Zeraora|Thunderbolt|p2a: Scizor
|-damage|p2a: Scizor|8/100
|-damage|p1a: Zeraora|91/100|[from] item: Life Orb
|move|p2a: Scizor|U-turn|p1a: Zeraora
|-damage|p1a: Zeraora|0 fnt
|faint|p1a: Zeraora
|inactive|Steveurkle has 120 seconds left.
|
|t:|1614698491
|switch|p2a: Rotom|Rotom-Wash|100/100|[from]move: U-turn
|-damage|p2a: Rotom|88/100|[from] Stealth Rock
|
|-heal|p2a: Rotom|94/100|[from] item: Leftovers
|upkeep
|
|t:|1614698503
|switch|p1a: Lycanroc|Lycanroc-Dusk, M|32/100
|turn|8
|
|t:|1614698518
|move|p1a: Lycanroc|Endeavor|p2a: Rotom
|-damage|p2a: Rotom|31/100
|move|p2a: Rotom|Defog|p1a: Lycanroc
|-unboost|p1a: Lycanroc|evasion|1
|-sideend|p2: Steveurkle|Stealth Rock|[from] move: Defog|[of] p2a: Rotom
|
|-heal|p2a: Rotom|37/100|[from] item: Leftovers
|upkeep
|turn|9
|
|t:|1614698530
|move|p1a: Lycanroc|Stealth Rock|p2a: Rotom
|-sidestart|p2: Steveurkle|move: Stealth Rock
|move|p2a: Rotom|Volt Switch|p1a: Lycanroc
|-damage|p1a: Lycanroc|0 fnt
|faint|p1a: Lycanroc
|inactive|Steveurkle has 120 seconds left.
|
|t:|1614698554
|switch|p2a: Togekiss|Togekiss, M|89/100|[from]move: Volt Switch
|
|upkeep
|
|t:|1614698563
|switch|p1a: Mamoswine|Mamoswine, M|100/100
|turn|10
|inactive|Steveurkle has 120 seconds left.
|
|t:|1614698570
|switch|p2a: Scizor|Scizor, F|8/100
|-damage|p2a: Scizor|0 fnt|[from] Stealth Rock
|faint|p2a: Scizor
|move|p1a: Mamoswine|Icicle Spear|p2: Scizor|[notarget]
|-fail|p1a: Mamoswine
|
|upkeep
|inactive|Steveurkle has 120 seconds left.
|
|t:|1614698580
|switch|p2a: Terrakion|Terrakion|100/100
|-damage|p2a: Terrakion|94/100|[from] Stealth Rock
|turn|11
|
|t:|1614698585
|switch|p1a: Azelf|Azelf|100/100
|move|p2a: Terrakion|Close Combat|p1a: Azelf
|-resisted|p1a: Azelf
|-damage|p1a: Azelf|25/100
|-unboost|p2a: Terrakion|def|1
|-unboost|p2a: Terrakion|spd|1
|
|upkeep
|turn|12
|l|☆Steveurkle
|inactive|Steveurkle disconnected and has a minute to reconnect!
|player|p2|
|j|☆Steveurkle
|inactive|Steveurkle reconnected and has 120 seconds left.
|player|p2|Steveurkle|266
|
|t:|1614698609
|switch|p2a: Rotom|Rotom-Wash|37/100
|-damage|p2a: Rotom|25/100|[from] Stealth Rock
|move|p1a: Azelf|Psychic|p2a: Rotom
|-damage|p2a: Rotom|0 fnt
|faint|p2a: Rotom
|
|upkeep
|inactive|Steveurkle has 120 seconds left.
|inactive|Steveurkle has 90 seconds left.
|
|t:|1614698648
|switch|p2a: Nidoqueen|Nidoqueen, F|100/100
|-damage|p2a: Nidoqueen|94/100|[from] Stealth Rock
|turn|13
|inactive|360 No Silph Scope has 120 seconds left.
|
|t:|1614698703
|move|p1a: Azelf|Psychic|p2a: Nidoqueen
|-supereffective|p2a: Nidoqueen
|-damage|p2a: Nidoqueen|0 fnt
|faint|p2a: Nidoqueen
|
|upkeep
|inactive|Steveurkle has 90 seconds left.
|
|t:|1614698729
|switch|p2a: Haxorus|Haxorus, M|100/100
|-damage|p2a: Haxorus|88/100|[from] Stealth Rock
|-ability|p2a: Haxorus|Mold Breaker
|turn|14
|inactive|360 No Silph Scope has 90 seconds left.
|
|t:|1614698759
|move|p1a: Azelf|Psychic|p2a: Haxorus
|-damage|p2a: Haxorus|0 fnt
|faint|p2a: Haxorus
|
|upkeep
|
|t:|1614698770
|switch|p2a: Togekiss|Togekiss, M|89/100
|turn|15
|
|t:|1614698777
|switch|p2a: Terrakion|Terrakion|94/100
|-damage|p2a: Terrakion|88/100|[from] Stealth Rock
|move|p1a: Azelf|Psychic|p2a: Terrakion
|-supereffective|p2a: Terrakion
|-damage|p2a: Terrakion|0 fnt
|faint|p2a: Terrakion
|
|upkeep
|-message|Steveurkle forfeited.
|
|win|360 No Silph Scope
|l|☆Steveurkle
||Ladder (probably) updated, but score could not be retrieved (Request timeout).
|l|☆360 No Silph Scope
|l| weliveinarmourzone
|j| weliveinarmourzone
