|j|☆blackhulk8
|j|☆big baz
|player|p1|blackhulk8|75|1423
|player|p2|big baz|ltsurge|1536
|teamsize|p1|6
|teamsize|p2|6
|gametype|singles
|gen|8
|tier|[Gen 8] UU
|rated|
|html|<div class="broadcast-red"><strong>UU is currently suspecting Mamoswine! For information on how to participate check out the <a href="https://www.smogon.com/forums/threads/3661513/">suspect thread</a>.</strong></div>
|clearpoke
|poke|p1|Haunter, M|
|poke|p1|Milotic, F|
|poke|p1|Gardevoir, F|
|poke|p1|Gallade, M|
|poke|p1|Steelix, F|
|poke|p1|Roserade, F|
|poke|p2|Golisopod, F|
|poke|p2|Haxorus, M|
|poke|p2|Umbreon, F|
|poke|p2|Weezing-Galar, F|
|poke|p2|Sigilyph, F|
|poke|p2|Chandelure, F|
|rule|Sleep Clause Mod: Limit one foe put to sleep
|rule|Species Clause: Limit one of each Pokémon
|rule|OHKO Clause: OHKO moves are banned
|rule|Evasion Moves Clause: Evasion moves are banned
|rule|Endless Battle Clause: Forcing endless battles is banned
|rule|HP Percentage Mod: HP is shown in percentages
|rule|Dynamax Clause: You cannot dynamax
|teampreview
|c|☆big baz|nice team
|c|☆big baz|am I in uu
|
|start
|switch|p1a: Rosa|Roserade, F|100/100
|switch|p2a: Haxorus|Haxorus, M|100/100
|-ability|p2a: Haxorus|Mold Breaker
|turn|1
|inactive|Battle timer is ON: inactive players will automatically lose when time's up. (requested by blackhulk8)
|
|move|p2a: Haxorus|First Impression|p1a: Rosa
|-damage|p1a: Rosa|33/100
|-status|p2a: Haxorus|psn|[from] ability: Poison Point|[of] p1a: Rosa
|-damage|p2a: Haxorus|91/100 psn|[from] item: Life Orb
|move|p1a: Rosa|Sludge Bomb|p2a: Haxorus
|-damage|p2a: Haxorus|10/100 psn
|
|-damage|p2a: Haxorus|0 fnt|[from] psn
|faint|p2a: Haxorus
|upkeep
|
|switch|p2a: Sigilyph|Sigilyph, F|100/100
|turn|2
|
|move|p2a: Sigilyph|Psychic|p1a: Rosa
|-supereffective|p1a: Rosa
|-damage|p1a: Rosa|0 fnt
|faint|p1a: Rosa
|
|upkeep
|
|switch|p1a: Gallade|Gallade, M, shiny|100/100
|turn|3
|
|switch|p2a: Weezing|Weezing-Galar, F|100/100
|move|p1a: Gallade|Knock Off|p2a: Weezing
|-resisted|p2a: Weezing
|-damage|p2a: Weezing|93/100
|
|upkeep
|turn|4
|
|switch|p2a: Sigilyph|Sigilyph, F|100/100
|move|p1a: Gallade|Zen Headbutt|p2a: Sigilyph
|-resisted|p2a: Sigilyph
|-damage|p2a: Sigilyph|66/100
|
|upkeep
|turn|5
|
|move|p2a: Sigilyph|Air Slash|p1a: Gallade
|-supereffective|p1a: Gallade
|-damage|p1a: Gallade|45/100
|cant|p1a: Gallade|flinch
|
|upkeep
|turn|6
|
|switch|p1a: Lix|Steelix, F|100/100
|move|p2a: Sigilyph|Air Slash|p1a: Lix
|-resisted|p1a: Lix
|-damage|p1a: Lix|70/100
|
|-heal|p1a: Lix|76/100|[from] item: Leftovers
|upkeep
|turn|7
|
|move|p2a: Sigilyph|Energy Ball|p1a: Lix
|-damage|p1a: Lix|32/100
|move|p1a: Lix|Stealth Rock|p2a: Sigilyph
|-sidestart|p2: big baz|move: Stealth Rock
|
|-heal|p1a: Lix|38/100|[from] item: Leftovers
|upkeep
|turn|8
|
|move|p2a: Sigilyph|Energy Ball|p1a: Lix
|-damage|p1a: Lix|0 fnt
|faint|p1a: Lix
|
|upkeep
|
|switch|p1a: Haunter|Haunter, M, shiny|100/100
|turn|9
|
|switch|p2a: Umbreon|Umbreon, F|100/100
|-damage|p2a: Umbreon|88/100|[from] Stealth Rock
|move|p1a: Haunter|Shadow Ball|p2a: Umbreon
|-resisted|p2a: Umbreon
|-damage|p2a: Umbreon|77/100
|-unboost|p2a: Umbreon|spd|1
|
|-heal|p2a: Umbreon|83/100|[from] item: Leftovers
|upkeep
|turn|10
|
|switch|p1a: Mila|Milotic, F|100/100
|move|p2a: Umbreon|Wish|p2a: Umbreon
|
|-heal|p2a: Umbreon|90/100|[from] item: Leftovers
|upkeep
|turn|11
|
|switch|p2a: Sigilyph|Sigilyph, F|66/100
|move|p1a: Mila|Surf|p2a: Sigilyph
|-damage|p2a: Sigilyph|0 fnt
|faint|p2a: Sigilyph
|
|upkeep
|
|switch|p2a: Umbreon|Umbreon, F|90/100
|-damage|p2a: Umbreon|77/100|[from] Stealth Rock
|turn|12
|
|switch|p1a: Gallade|Gallade, M, shiny|45/100
|move|p2a: Umbreon|Foul Play|p1a: Gallade
|-damage|p1a: Gallade|0 fnt
|faint|p1a: Gallade
|
|-heal|p2a: Umbreon|83/100|[from] item: Leftovers
|upkeep
|
|switch|p1a: Visas Marr|Gardevoir, F|100/100
|-ability|p1a: Visas Marr|Synchronize|[from] ability: Trace|[of] p2a: Umbreon
|turn|13
|
|move|p2a: Umbreon|Protect|p2a: Umbreon
|-singleturn|p2a: Umbreon|Protect
|move|p1a: Visas Marr|Psychic|p2a: Umbreon
|-activate|p2a: Umbreon|move: Protect
|
|-heal|p2a: Umbreon|89/100|[from] item: Leftovers
|upkeep
|turn|14
|
|move|p1a: Visas Marr|Moonblast|p2a: Umbreon
|-supereffective|p2a: Umbreon
|-damage|p2a: Umbreon|32/100
|move|p2a: Umbreon|Foul Play|p1a: Visas Marr
|-damage|p1a: Visas Marr|75/100
|
|-heal|p2a: Umbreon|39/100|[from] item: Leftovers
|upkeep
|turn|15
|
|switch|p2a: Weezing|Weezing-Galar, F|93/100
|-damage|p2a: Weezing|80/100|[from] Stealth Rock
|move|p1a: Visas Marr|Psychic|p2a: Weezing
|-supereffective|p2a: Weezing
|-damage|p2a: Weezing|0 fnt
|faint|p2a: Weezing
|
|upkeep
|
|switch|p2a: Chandelure|Chandelure, F|100/100
|-damage|p2a: Chandelure|76/100|[from] Stealth Rock
|turn|16
|
|switch|p1a: Mila|Milotic, F|100/100
|move|p2a: Chandelure|Shadow Ball|p1a: Mila
|-damage|p1a: Mila|68/100
|
|upkeep
|turn|17
|
|switch|p2a: Golisopod|Golisopod, F|100/100
|move|p1a: Mila|Surf|p2a: Golisopod
|-resisted|p2a: Golisopod
|-damage|p2a: Golisopod|66/100
|
|upkeep
|turn|18
|
|move|p2a: Golisopod|First Impression|p1a: Mila
|-damage|p1a: Mila|19/100
|move|p1a: Mila|Surf|p2a: Golisopod
|-resisted|p2a: Golisopod
|-damage|p2a: Golisopod|35/100
|-activate|p2a: Golisopod|ability: Emergency Exit
|
|switch|p2a: Chandelure|Chandelure, F|76/100
|-damage|p2a: Chandelure|51/100|[from] Stealth Rock
|
|upkeep
|turn|19
|
|move|p2a: Chandelure|Shadow Ball|p1a: Mila
|-damage|p1a: Mila|0 fnt
|faint|p1a: Mila
|
|upkeep
|
|switch|p1a: Haunter|Haunter, M, shiny|100/100
|turn|20
|
|switch|p2a: Golisopod|Golisopod, F|35/100
|move|p1a: Haunter|Sludge Wave|p2a: Golisopod
|-damage|p2a: Golisopod|0 fnt
|faint|p2a: Golisopod
|
|upkeep
|
|switch|p2a: Umbreon|Umbreon, F|39/100
|-damage|p2a: Umbreon|26/100|[from] Stealth Rock
|turn|21
|
|switch|p2a: Chandelure|Chandelure, F|51/100
|-damage|p2a: Chandelure|26/100|[from] Stealth Rock
|move|p1a: Haunter|Sludge Wave|p2a: Chandelure
|-resisted|p2a: Chandelure
|-damage|p2a: Chandelure|0 fnt
|faint|p2a: Chandelure
|
|upkeep
|c|☆big baz|is that scarf
|inactive|big baz has 120 seconds left.
|n|!big baz|bigbaz
|-message|big baz forfeited.
|
|win|blackhulk8
|l|!big baz
|raw|blackhulk8's rating: 1423 &rarr; <strong>1450</strong><br />(+27 for winning)
|raw|big baz's rating: 1536 &rarr; <strong>1510</strong><br />(-26 for losing)
