|j|☆Guybackstage
|j|☆HaxxLR
|t:|1654449680
|gametype|singles
|player|p1|Guybackstage|cameraman|1356
|player|p2|HaxxLR|grimsley|1436
|teamsize|p1|6
|teamsize|p2|6
|gen|8
|tier|[Gen 8] UU
|rated|
|rule|Sleep Clause Mod: Limit one foe put to sleep
|rule|Species Clause: Limit one of each Pokémon
|rule|OHKO Clause: OHKO moves are banned
|rule|Evasion Moves Clause: Evasion moves are banned
|rule|Endless Battle Clause: Forcing endless battles is banned
|rule|HP Percentage Mod: HP is shown in percentages
|rule|Dynamax Clause: You cannot dynamax
|clearpoke
|poke|p1|Natu, F|
|poke|p1|Snorlax, M|
|poke|p1|Torkoal, F|
|poke|p1|Slowking, M|
|poke|p1|Whimsicott, F|
|poke|p1|Conkeldurr, F|
|poke|p2|Tornadus, M|
|poke|p2|Mamoswine, M|
|poke|p2|Thundurus-Therian, M|
|poke|p2|Tangrowth, M|
|poke|p2|Cobalion|
|poke|p2|Rotom-Wash|
|teampreview
|inactive|Battle timer is ON: inactive players will automatically lose when time's up. (requested by Guybackstage)
|inactive|HaxxLR has 120 seconds left.
|
|t:|1654449727
|start
|switch|p1a: Natu|Natu, F|100/100
|switch|p2a: Thundurus|Thundurus-Therian, M|100/100
|turn|1
|
|t:|1654449734
|move|p2a: Thundurus|Volt Switch|p1a: Natu
|-supereffective|p1a: Natu
|-enditem|p1a: Natu|Focus Sash
|-damage|p1a: Natu|1/100
|
|t:|1654449744
|switch|p2a: Rotom|Rotom-Wash|100/100|[from]move: Volt Switch
|move|p1a: Natu|Trick Room|p1a: Natu
|-fieldstart|move: Trick Room|[of] p1a: Natu
|
|upkeep
|turn|2
|
|t:|1654449753
|move|p1a: Natu|Psychic|p2a: Rotom
|-damage|p2a: Rotom|62/100
|move|p2a: Rotom|Volt Switch|p1a: Natu
|-supereffective|p1a: Natu
|-damage|p1a: Natu|0 fnt
|faint|p1a: Natu
|
|t:|1654449764
|switch|p2a: Tangrowth|Tangrowth, M|100/100|[from]move: Volt Switch
|
|upkeep
|
|t:|1654449769
|switch|p1a: Torkoal|Torkoal, F|100/100
|-weather|SunnyDay|[from] ability: Drought|[of] p1a: Torkoal
|turn|3
|
|t:|1654449799
|move|p1a: Torkoal|Eruption|p2a: Tangrowth
|-supereffective|p2a: Tangrowth
|-damage|p2a: Tangrowth|0 fnt
|faint|p2a: Tangrowth
|
|-weather|SunnyDay|[upkeep]
|upkeep
|
|t:|1654449804
|switch|p2a: Rotom|Rotom-Wash|62/100
|turn|4
|
|t:|1654449808
|move|p1a: Torkoal|Eruption|p2a: Rotom
|-resisted|p2a: Rotom
|-damage|p2a: Rotom|0 fnt
|faint|p2a: Rotom
|
|-weather|SunnyDay|[upkeep]
|upkeep
|
|t:|1654449822
|switch|p2a: Thundurus|Thundurus-Therian, M|100/100
|turn|5
|
|t:|1654449826
|move|p1a: Torkoal|Eruption|p2a: Thundurus
|-damage|p2a: Thundurus|0 fnt
|faint|p2a: Thundurus
|
|-weather|SunnyDay|[upkeep]
|-fieldend|move: Trick Room
|upkeep
|
|t:|1654449828
|switch|p2a: Mamoswine|Mamoswine, M|100/100
|turn|6
|
|t:|1654449846
|switch|p1a: Whimsicott|Whimsicott, F, shiny|100/100
|move|p2a: Mamoswine|Earthquake|p1a: Whimsicott
|-resisted|p1a: Whimsicott
|-damage|p1a: Whimsicott|70/100
|-damage|p2a: Mamoswine|91/100|[from] item: Life Orb
|
|-weather|SunnyDay|[upkeep]
|-heal|p1a: Whimsicott|76/100|[from] item: Leftovers
|upkeep
|turn|7
|
|t:|1654449856
|switch|p2a: Cobalion|Cobalion|100/100
|move|p1a: Whimsicott|Encore||[still]
|-fail|p1a: Whimsicott
|
|-weather|none
|-heal|p1a: Whimsicott|82/100|[from] item: Leftovers
|upkeep
|turn|8
|
|t:|1654449866
|move|p2a: Cobalion|Volt Switch|p1a: Whimsicott
|-resisted|p1a: Whimsicott
|-damage|p1a: Whimsicott|74/100
|
|t:|1654449871
|switch|p2a: Mamoswine|Mamoswine, M|91/100|[from]move: Volt Switch
|move|p1a: Whimsicott|Trick Room|p1a: Whimsicott
|-fieldstart|move: Trick Room|[of] p1a: Whimsicott
|
|-heal|p1a: Whimsicott|80/100|[from] item: Leftovers
|upkeep
|turn|9
|
|t:|1654449880
|move|p2a: Mamoswine|Ice Shard|p1a: Whimsicott
|-supereffective|p1a: Whimsicott
|-damage|p1a: Whimsicott|29/100
|-damage|p2a: Mamoswine|81/100|[from] item: Life Orb
|move|p1a: Whimsicott|Memento|p2a: Mamoswine
|-unboost|p2a: Mamoswine|atk|2
|-unboost|p2a: Mamoswine|spa|2
|faint|p1a: Whimsicott
|
|upkeep
|
|t:|1654449890
|switch|p1a: Torkoal|Torkoal, F|100/100
|-weather|SunnyDay|[from] ability: Drought|[of] p1a: Torkoal
|turn|10
|
|t:|1654449894
|move|p1a: Torkoal|Eruption|p2a: Mamoswine
|-supereffective|p2a: Mamoswine
|-damage|p2a: Mamoswine|0 fnt
|faint|p2a: Mamoswine
|
|-weather|SunnyDay|[upkeep]
|upkeep
|
|t:|1654449897
|switch|p2a: Tornadus|Tornadus, M|100/100
|turn|11
|
|t:|1654449903
|move|p1a: Torkoal|Eruption|p2a: Tornadus
|-damage|p2a: Tornadus|0 fnt
|faint|p2a: Tornadus
|
|-weather|SunnyDay|[upkeep]
|upkeep
|
|t:|1654449908
|switch|p2a: Cobalion|Cobalion|100/100
|turn|12
|
|t:|1654449912
|move|p1a: Torkoal|Eruption|p2a: Cobalion
|-supereffective|p2a: Cobalion
|-damage|p2a: Cobalion|0 fnt
|faint|p2a: Cobalion
|
|win|Guybackstage
|raw|Guybackstage's rating: 1356 &rarr; <strong>1381</strong><br />(+25 for winning)
|raw|HaxxLR's rating: 1436 &rarr; <strong>1411</strong><br />(-25 for losing)
|l|☆HaxxLR
||Ladder isn't responding, score probably updated but might not have (Request timeout).
