|j|☆Bambb
|j|☆Zephyyyr
|t:|1662163940
|gametype|singles
|player|p1|Bambb|aaron|1316
|player|p2|Zephyyyr|richboy|1554
|teamsize|p1|6
|teamsize|p2|6
|gen|8
|tier|[Gen 8] UU
|rated|
|rule|Sleep Clause Mod: Limit one foe put to sleep
|rule|Species Clause: Limit one of each Pokémon
|rule|OHKO Clause: OHKO moves are banned
|rule|Evasion Items Clause: Evasion items are banned
|rule|Evasion Moves Clause: Evasion moves are banned
|rule|Endless Battle Clause: Forcing endless battles is banned
|rule|HP Percentage Mod: HP is shown in percentages
|rule|Dynamax Clause: You cannot dynamax
|clearpoke
|poke|p1|Conkeldurr, F|
|poke|p1|Rotom-Wash|
|poke|p1|Jirachi|
|poke|p1|Reuniclus, M|
|poke|p1|Zarude-Dada|
|poke|p1|Xurkitree|
|poke|p2|Registeel|
|poke|p2|Tapu Bulu|
|poke|p2|Hippowdon, M|
|poke|p2|Chansey, F|
|poke|p2|Salamence, F|
|poke|p2|Rotom-Heat|
|teampreview
|inactive|Battle timer is ON: inactive players will automatically lose when time's up. (requested by Bambb)
|
|t:|1662163956
|start
|switch|p1a: Conkeldurr|Conkeldurr, F|100/100
|switch|p2a: Tapu Bulu|Tapu Bulu|100/100
|-fieldstart|move: Grassy Terrain|[from] ability: Grassy Surge|[of] p2a: Tapu Bulu
|turn|1
|
|t:|1662163969
|switch|p2a: Salamence|Salamence, F|100/100
|-ability|p2a: Salamence|Intimidate|boost
|-unboost|p1a: Conkeldurr|atk|1
|move|p1a: Conkeldurr|Ice Punch|p2a: Salamence
|-supereffective|p2a: Salamence
|-damage|p2a: Salamence|38/100
|
|-status|p1a: Conkeldurr|brn|[from] item: Flame Orb
|upkeep
|turn|2
|
|t:|1662163982
|switch|p2a: Hippowdon|Hippowdon, M|100/100
|-weather|Sandstorm|[from] ability: Sand Stream|[of] p2a: Hippowdon
|switch|p1a: Rotom|Rotom-Wash|100/100
|
|-weather|Sandstorm|[upkeep]
|-damage|p1a: Rotom|94/100|[from] Sandstorm
|-heal|p1a: Rotom|100/100|[from] item: Leftovers
|upkeep
|turn|3
|
|t:|1662163991
|switch|p2a: Tapu Bulu|Tapu Bulu|100/100
|move|p1a: Rotom|Hydro Pump|p2a: Tapu Bulu|[miss]
|-miss|p1a: Rotom|p2a: Tapu Bulu
|
|-weather|Sandstorm|[upkeep]
|-damage|p2a: Tapu Bulu|94/100|[from] Sandstorm
|-damage|p1a: Rotom|94/100|[from] Sandstorm
|-heal|p2a: Tapu Bulu|100/100|[from] Grassy Terrain
|-heal|p1a: Rotom|100/100|[from] item: Leftovers
|upkeep
|turn|4
|
|t:|1662164007
|switch|p1a: Jirachi|Jirachi|100/100
|move|p2a: Tapu Bulu|Horn Leech|p1a: Jirachi
|-resisted|p1a: Jirachi
|-damage|p1a: Jirachi|77/100
|
|-weather|Sandstorm|[upkeep]
|-damage|p2a: Tapu Bulu|94/100|[from] Sandstorm
|-heal|p2a: Tapu Bulu|100/100|[from] Grassy Terrain
|-heal|p1a: Jirachi|83/100|[from] Grassy Terrain
|-heal|p1a: Jirachi|89/100|[from] item: Leftovers
|upkeep
|turn|5
|
|t:|1662164019
|switch|p2a: Rotom|Rotom-Heat|100/100
|move|p1a: Jirachi|Stealth Rock|p2a: Rotom
|-sidestart|p2: Zephyyyr|move: Stealth Rock
|
|-weather|Sandstorm|[upkeep]
|-damage|p2a: Rotom|94/100|[from] Sandstorm
|-heal|p1a: Jirachi|96/100|[from] Grassy Terrain
|-heal|p1a: Jirachi|100/100|[from] item: Leftovers
|-fieldend|move: Grassy Terrain
|upkeep
|turn|6
|
|t:|1662164033
|switch|p1a: Rotom|Rotom-Wash|100/100
|move|p2a: Rotom|Nasty Plot|p2a: Rotom
|-boost|p2a: Rotom|spa|2
|
|-weather|none
|upkeep
|turn|7
|
|t:|1662164040
|move|p2a: Rotom|Volt Switch|p1a: Rotom
|-damage|p1a: Rotom|48/100
|
|t:|1662164044
|switch|p2a: Tapu Bulu|Tapu Bulu|100/100|[from]move: Volt Switch
|-damage|p2a: Tapu Bulu|88/100|[from] Stealth Rock
|-fieldstart|move: Grassy Terrain|[from] ability: Grassy Surge|[of] p2a: Tapu Bulu
|move|p1a: Rotom|Hydro Pump|p2a: Tapu Bulu|[miss]
|-miss|p1a: Rotom|p2a: Tapu Bulu
|
|-heal|p2a: Tapu Bulu|94/100|[from] Grassy Terrain
|-heal|p1a: Rotom|54/100|[from] item: Leftovers
|upkeep
|turn|8
|
|t:|1662164061
|switch|p1a: Jirachi|Jirachi|100/100
|move|p2a: Tapu Bulu|Horn Leech|p1a: Jirachi
|-resisted|p1a: Jirachi
|-damage|p1a: Jirachi|79/100
|-heal|p2a: Tapu Bulu|100/100|[from] drain|[of] p1a: Jirachi
|
|-heal|p1a: Jirachi|86/100|[from] Grassy Terrain
|-heal|p1a: Jirachi|92/100|[from] item: Leftovers
|upkeep
|turn|9
|j| Maractus-4-UU
|
|t:|1662164073
|switch|p2a: Rotom|Rotom-Heat|94/100
|move|p1a: Jirachi|Toxic|p2a: Rotom
|-status|p2a: Rotom|tox
|
|-heal|p1a: Jirachi|98/100|[from] Grassy Terrain
|-heal|p1a: Jirachi|100/100|[from] item: Leftovers
|-damage|p2a: Rotom|88/100 tox|[from] psn
|upkeep
|turn|10
|j| Moranfy
|
|t:|1662164088
|switch|p1a: Rotom|Rotom-Wash|54/100
|move|p2a: Rotom|Volt Switch|p1a: Rotom
|-damage|p1a: Rotom|25/100
|
|t:|1662164095
|switch|p2a: Tapu Bulu|Tapu Bulu|100/100|[from]move: Volt Switch
|-damage|p2a: Tapu Bulu|88/100|[from] Stealth Rock
|
|-heal|p2a: Tapu Bulu|94/100|[from] Grassy Terrain
|-heal|p1a: Rotom|32/100|[from] item: Leftovers
|upkeep
|turn|11
|
|t:|1662164107
|switch|p1a: Zarude|Zarude-Dada|100/100
|move|p2a: Tapu Bulu|Horn Leech|p1a: Zarude
|-resisted|p1a: Zarude
|-damage|p1a: Zarude|78/100
|-heal|p2a: Tapu Bulu|100/100|[from] drain|[of] p1a: Zarude
|
|-heal|p1a: Zarude|84/100|[from] Grassy Terrain
|-fieldend|move: Grassy Terrain
|upkeep
|turn|12
|
|t:|1662164125
|switch|p2a: Rotom|Rotom-Heat|88/100 tox
|move|p1a: Zarude|U-turn|p2a: Rotom
|-resisted|p2a: Rotom
|-damage|p2a: Rotom|75/100 tox
|
|t:|1662164141
|switch|p1a: Conkeldurr|Conkeldurr, F|100/100 brn|[from]move: U-turn
|
|-damage|p2a: Rotom|69/100 tox|[from] psn
|-damage|p1a: Conkeldurr|94/100 brn|[from] brn
|upkeep
|turn|13
|
|t:|1662164148
|move|p1a: Conkeldurr|Mach Punch|p2a: Rotom
|-damage|p2a: Rotom|32/100 tox
|move|p2a: Rotom|Volt Switch|p1a: Conkeldurr
|-crit|p1a: Conkeldurr
|-damage|p1a: Conkeldurr|49/100 brn
|
|t:|1662164155
|switch|p2a: Salamence|Salamence, F|38/100|[from]move: Volt Switch
|-ability|p2a: Salamence|Intimidate|boost
|-unboost|p1a: Conkeldurr|atk|1
|
|-damage|p1a: Conkeldurr|43/100 brn|[from] brn
|upkeep
|turn|14
|
|t:|1662164167
|switch|p1a: Jirachi|Jirachi|100/100
|move|p2a: Salamence|Roost|p2a: Salamence
|-heal|p2a: Salamence|88/100
|-singleturn|p2a: Salamence|move: Roost
|
|upkeep
|turn|15
|
|t:|1662164178
|switch|p2a: Hippowdon|Hippowdon, M|100/100
|-damage|p2a: Hippowdon|94/100|[from] Stealth Rock
|-weather|Sandstorm|[from] ability: Sand Stream|[of] p2a: Hippowdon
|move|p1a: Jirachi|Toxic|p2a: Hippowdon
|-status|p2a: Hippowdon|tox
|
|-weather|Sandstorm|[upkeep]
|-heal|p2a: Hippowdon|100/100 tox|[from] item: Leftovers
|-damage|p2a: Hippowdon|94/100 tox|[from] psn
|upkeep
|turn|16
|
|t:|1662164200
|switch|p1a: Rotom|Rotom-Wash|32/100
|move|p2a: Hippowdon|Stealth Rock|p1a: Rotom
|-sidestart|p1: Bambb|move: Stealth Rock
|
|-weather|Sandstorm|[upkeep]
|-damage|p1a: Rotom|25/100|[from] Sandstorm
|-heal|p1a: Rotom|32/100|[from] item: Leftovers
|-heal|p2a: Hippowdon|100/100 tox|[from] item: Leftovers
|-damage|p2a: Hippowdon|88/100 tox|[from] psn
|upkeep
|turn|17
|
|t:|1662164211
|switch|p2a: Chansey|Chansey, F|100/100
|-damage|p2a: Chansey|88/100|[from] Stealth Rock
|move|p1a: Rotom|Pain Split|p2a: Chansey
|-sethp|p2a: Chansey|51/100|[from] move: Pain Split|[silent]
|-sethp|p1a: Rotom|100/100|[from] move: Pain Split
|
|-weather|Sandstorm|[upkeep]
|-damage|p1a: Rotom|94/100|[from] Sandstorm
|-damage|p2a: Chansey|45/100|[from] Sandstorm
|-heal|p1a: Rotom|100/100|[from] item: Leftovers
|upkeep
|turn|18
|
|t:|1662164226
|move|p1a: Rotom|Volt Switch|p2a: Chansey
|-damage|p2a: Chansey|37/100
|
|t:|1662164232
|switch|p1a: Jirachi|Jirachi|100/100|[from]move: Volt Switch
|-damage|p1a: Jirachi|94/100|[from] Stealth Rock
|move|p2a: Chansey|Heal Bell|p2a: Chansey
|-activate|p2a: Chansey|move: Heal Bell
|-curestatus|p2: Rotom|tox|[msg]
|-curestatus|p2: Hippowdon|tox|[msg]
|
|-weather|Sandstorm|[upkeep]
|-damage|p2a: Chansey|31/100|[from] Sandstorm
|-heal|p1a: Jirachi|100/100|[from] item: Leftovers
|upkeep
|turn|19
|
|t:|1662164244
|switch|p2a: Registeel|Registeel|100/100
|-damage|p2a: Registeel|94/100|[from] Stealth Rock
|move|p1a: Jirachi|Wish|p1a: Jirachi
|
|-weather|none
|upkeep
|turn|20
|
|t:|1662164250
|switch|p1a: Conkeldurr|Conkeldurr, F|43/100 brn
|-damage|p1a: Conkeldurr|37/100 brn|[from] Stealth Rock
|move|p2a: Registeel|Iron Defense|p2a: Registeel
|-boost|p2a: Registeel|def|2
|
|-heal|p1a: Conkeldurr|86/100 brn|[from] move: Wish|[wisher] Jirachi
|-damage|p1a: Conkeldurr|80/100 brn|[from] brn
|upkeep
|turn|21
|
|t:|1662164260
|move|p2a: Registeel|Iron Defense|p2a: Registeel
|-boost|p2a: Registeel|def|2
|move|p1a: Conkeldurr|Drain Punch|p2a: Registeel
|-supereffective|p2a: Registeel
|-damage|p2a: Registeel|70/100
|-heal|p1a: Conkeldurr|91/100 brn|[from] drain|[of] p2a: Registeel
|
|-damage|p1a: Conkeldurr|85/100 brn|[from] brn
|upkeep
|turn|22
|
|t:|1662164269
|switch|p1a: Xurkitree|Xurkitree|100/100
|-damage|p1a: Xurkitree|88/100|[from] Stealth Rock
|move|p2a: Registeel|Iron Defense|p2a: Registeel
|-boost|p2a: Registeel|def|2
|
|upkeep
|turn|23
|
|t:|1662164280
|move|p1a: Xurkitree|Energy Ball|p2a: Registeel
|-resisted|p2a: Registeel
|-damage|p2a: Registeel|58/100
|move|p2a: Registeel|Amnesia|p2a: Registeel
|-boost|p2a: Registeel|spd|2
|
|upkeep
|turn|24
|
|t:|1662164288
|switch|p1a: Reuniclus|Reuniclus, M|100/100
|move|p2a: Registeel|Amnesia|p2a: Registeel
|-boost|p2a: Registeel|spd|2
|
|upkeep
|turn|25
|
|t:|1662164297
|move|p2a: Registeel|Rest|p2a: Registeel
|-status|p2a: Registeel|slp|[from] move: Rest
|-heal|p2a: Registeel|100/100 slp|[silent]
|-enditem|p2a: Registeel|Chesto Berry|[eat]
|-curestatus|p2a: Registeel|slp|[msg]
|move|p1a: Reuniclus|Acid Armor|p1a: Reuniclus
|-boost|p1a: Reuniclus|def|2
|
|upkeep
|turn|26
|
|t:|1662164305
|move|p2a: Registeel|Body Press|p1a: Reuniclus
|-resisted|p1a: Reuniclus
|-damage|p1a: Reuniclus|78/100
|move|p1a: Reuniclus|Calm Mind|p1a: Reuniclus
|-boost|p1a: Reuniclus|spa|1
|-boost|p1a: Reuniclus|spd|1
|
|-heal|p1a: Reuniclus|84/100|[from] item: Leftovers
|upkeep
|turn|27
|
|t:|1662164316
|move|p2a: Registeel|Amnesia|p2a: Registeel
|-boost|p2a: Registeel|spd|2
|move|p1a: Reuniclus|Calm Mind|p1a: Reuniclus
|-boost|p1a: Reuniclus|spa|1
|-boost|p1a: Reuniclus|spd|1
|
|-heal|p1a: Reuniclus|90/100|[from] item: Leftovers
|upkeep
|turn|28
|
|t:|1662164323
|move|p2a: Registeel|Body Press|p1a: Reuniclus
|-resisted|p1a: Reuniclus
|-damage|p1a: Reuniclus|64/100
|move|p1a: Reuniclus|Acid Armor|p1a: Reuniclus
|-boost|p1a: Reuniclus|def|2
|
|-heal|p1a: Reuniclus|71/100|[from] item: Leftovers
|upkeep
|turn|29
|
|t:|1662164330
|move|p2a: Registeel|Body Press|p1a: Reuniclus
|-resisted|p1a: Reuniclus
|-damage|p1a: Reuniclus|56/100
|move|p1a: Reuniclus|Calm Mind|p1a: Reuniclus
|-boost|p1a: Reuniclus|spa|1
|-boost|p1a: Reuniclus|spd|1
|
|-heal|p1a: Reuniclus|62/100|[from] item: Leftovers
|upkeep
|turn|30
|
|t:|1662164340
|move|p2a: Registeel|Body Press|p1a: Reuniclus
|-resisted|p1a: Reuniclus
|-damage|p1a: Reuniclus|47/100
|move|p1a: Reuniclus|Calm Mind|p1a: Reuniclus
|-boost|p1a: Reuniclus|spa|1
|-boost|p1a: Reuniclus|spd|1
|
|-heal|p1a: Reuniclus|54/100|[from] item: Leftovers
|upkeep
|turn|31
|
|t:|1662164348
|move|p2a: Registeel|Amnesia|p2a: Registeel
|-boost|p2a: Registeel|spd|0
|move|p1a: Reuniclus|Recover|p1a: Reuniclus
|-heal|p1a: Reuniclus|100/100
|
|upkeep
|turn|32
|
|t:|1662164355
|move|p2a: Registeel|Amnesia|p2a: Registeel
|-boost|p2a: Registeel|spd|0
|move|p1a: Reuniclus|Calm Mind|p1a: Reuniclus
|-boost|p1a: Reuniclus|spa|1
|-boost|p1a: Reuniclus|spd|1
|
|upkeep
|turn|33
|
|t:|1662164361
|move|p2a: Registeel|Amnesia|p2a: Registeel
|-boost|p2a: Registeel|spd|0
|move|p1a: Reuniclus|Calm Mind|p1a: Reuniclus
|-boost|p1a: Reuniclus|spa|1
|-boost|p1a: Reuniclus|spd|1
|
|upkeep
|turn|34
|
|t:|1662164368
|move|p2a: Registeel|Body Press|p1a: Reuniclus
|-resisted|p1a: Reuniclus
|-damage|p1a: Reuniclus|84/100
|move|p1a: Reuniclus|Acid Armor|p1a: Reuniclus
|-boost|p1a: Reuniclus|def|2
|
|-heal|p1a: Reuniclus|90/100|[from] item: Leftovers
|upkeep
|turn|35
|
|t:|1662164375
|move|p2a: Registeel|Amnesia|p2a: Registeel
|-boost|p2a: Registeel|spd|0
|move|p1a: Reuniclus|Stored Power|p2a: Registeel
|-resisted|p2a: Registeel
|-damage|p2a: Registeel|47/100
|
|-heal|p1a: Reuniclus|96/100|[from] item: Leftovers
|upkeep
|turn|36
|
|t:|1662164385
|move|p2a: Registeel|Rest|p2a: Registeel
|-status|p2a: Registeel|slp|[from] move: Rest
|-heal|p2a: Registeel|100/100 slp|[silent]
|move|p1a: Reuniclus|Stored Power|p2a: Registeel
|-resisted|p2a: Registeel
|-damage|p2a: Registeel|48/100 slp
|
|-heal|p1a: Reuniclus|100/100|[from] item: Leftovers
|upkeep
|turn|37
|
|t:|1662164393
|cant|p2a: Registeel|slp
|move|p1a: Reuniclus|Stored Power|p2a: Registeel
|-resisted|p2a: Registeel
|-damage|p2a: Registeel|0 fnt
|faint|p2a: Registeel
|
|upkeep
|
|t:|1662164395
|switch|p2a: Tapu Bulu|Tapu Bulu|100/100
|-damage|p2a: Tapu Bulu|88/100|[from] Stealth Rock
|-fieldstart|move: Grassy Terrain|[from] ability: Grassy Surge|[of] p2a: Tapu Bulu
|turn|38
|c| Maractus-4-UU|gg
|
|t:|1662164403
|move|p2a: Tapu Bulu|Darkest Lariat|p1a: Reuniclus
|-supereffective|p1a: Reuniclus
|-damage|p1a: Reuniclus|59/100
|move|p1a: Reuniclus|Stored Power|p2a: Tapu Bulu
|-damage|p2a: Tapu Bulu|0 fnt
|faint|p2a: Tapu Bulu
|
|-heal|p1a: Reuniclus|65/100|[from] Grassy Terrain
|-heal|p1a: Reuniclus|71/100|[from] item: Leftovers
|upkeep
|-message|Zephyyyr forfeited.
|
|win|Bambb
|raw|Bambb's rating: 1316 &rarr; <strong>1348</strong><br />(+32 for winning)
|raw|Zephyyyr's rating: 1554 &rarr; <strong>1522</strong><br />(-32 for losing)
|l|☆Zephyyyr
||Ladder isn't responding, score probably updated but might not have (Request timeout).
