|j|☆Ftaochaphet
|j|☆kerorek
|t:|1665147759
|gametype|singles
|player|p1|Ftaochaphet|cyrus|1338
|player|p2|kerorek|lass-gen4dp|1365
|teamsize|p1|6
|teamsize|p2|6
|gen|8
|tier|[Gen 8] UU
|rated|
|rule|Sleep Clause Mod: Limit one foe put to sleep
|rule|Species Clause: Limit one of each Pokémon
|rule|OHKO Clause: OHKO moves are banned
|rule|Evasion Items Clause: Evasion items are banned
|rule|Evasion Moves Clause: Evasion moves are banned
|rule|Endless Battle Clause: Forcing endless battles is banned
|rule|HP Percentage Mod: HP is shown in percentages
|rule|Dynamax Clause: You cannot dynamax
|clearpoke
|poke|p1|Excadrill, F|
|poke|p1|Diggersby, F|
|poke|p1|Salamence, F|
|poke|p1|Gyarados, F|
|poke|p1|Cobalion|
|poke|p1|Thundurus-Therian, M|
|poke|p2|Hitmontop, M|
|poke|p2|Goodra, F|
|poke|p2|Heliolisk, F|
|poke|p2|Qwilfish, M|
|poke|p2|Avalugg, F|
|poke|p2|Seaking, M|
|teampreview
|inactive|Battle timer is ON: inactive players will automatically lose when time's up. (requested by Ftaochaphet)
|
|t:|1665147767
|start
|switch|p1a: Excadrill|Excadrill, F|100/100
|switch|p2a: Heliolisk|Heliolisk, F|100/100
|-ability|p1a: Excadrill|Mold Breaker
|turn|1
|
|t:|1665147773
|switch|p2a: Avalugg|Avalugg, F|100/100
|move|p1a: Excadrill|Stealth Rock|p2a: Avalugg
|-sidestart|p2: kerorek|move: Stealth Rock
|
|upkeep
|turn|2
|
|t:|1665147776
|move|p1a: Excadrill|Rock Tomb|p2a: Avalugg|[miss]
|-miss|p1a: Excadrill|p2a: Avalugg
|move|p2a: Avalugg|Rapid Spin|p1a: Excadrill
|-resisted|p1a: Excadrill
|-damage|p1a: Excadrill|92/100
|-boost|p2a: Avalugg|spe|1
|-sideend|p2: kerorek|Stealth Rock|[from] move: Rapid Spin|[of] p2a: Avalugg
|
|upkeep
|turn|3
|
|t:|1665147780
|move|p1a: Excadrill|Rock Tomb|p2a: Avalugg
|-supereffective|p2a: Avalugg
|-damage|p2a: Avalugg|81/100
|-unboost|p2a: Avalugg|spe|1
|move|p2a: Avalugg|Body Press|p1a: Excadrill
|-supereffective|p1a: Excadrill
|-damage|p1a: Excadrill|0 fnt
|faint|p1a: Excadrill
|
|upkeep
|
|t:|1665147791
|switch|p1a: Thundurus|Thundurus-Therian, M|100/100
|turn|4
|
|t:|1665147795
|switch|p2a: Seaking|Seaking, M|100/100
|move|p1a: Thundurus|Focus Blast|p2a: Seaking|[miss]
|-miss|p1a: Thundurus|p2a: Seaking
|
|upkeep
|turn|5
|
|t:|1665147802
|move|p1a: Thundurus|Nasty Plot|p1a: Thundurus
|-boost|p1a: Thundurus|spa|2
|move|p2a: Seaking|Flip Turn|p1a: Thundurus
|-damage|p1a: Thundurus|73/100
|
|t:|1665147809
|switch|p2a: Goodra|Goodra, F|100/100|[from]move: Flip Turn
|
|upkeep
|turn|6
|
|t:|1665147812
|move|p2a: Goodra|Draco Meteor|p1a: Thundurus
|-damage|p1a: Thundurus|0 fnt
|-unboost|p2a: Goodra|spa|2
|faint|p1a: Thundurus
|
|upkeep
|
|t:|1665147823
|switch|p1a: Diggersby|Diggersby, F|100/100
|turn|7
|
|t:|1665147826
|switch|p2a: Avalugg|Avalugg, F|81/100
|move|p1a: Diggersby|Swords Dance|p1a: Diggersby
|-boost|p1a: Diggersby|atk|2
|
|upkeep
|turn|8
|
|t:|1665147833
|move|p1a: Diggersby|Fire Punch|p2a: Avalugg
|-supereffective|p2a: Avalugg
|-damage|p2a: Avalugg|14/100
|-damage|p1a: Diggersby|91/100|[from] item: Life Orb
|move|p2a: Avalugg|Body Press|p1a: Diggersby
|-supereffective|p1a: Diggersby
|-damage|p1a: Diggersby|0 fnt
|faint|p1a: Diggersby
|
|upkeep
|
|t:|1665147839
|switch|p1a: Gyarados|Gyarados, F|100/100
|turn|9
|
|t:|1665147842
|move|p1a: Gyarados|Waterfall|p2a: Avalugg
|-damage|p2a: Avalugg|0 fnt
|faint|p2a: Avalugg
|-ability|p1a: Gyarados|Moxie|boost
|-boost|p1a: Gyarados|atk|1
|
|upkeep
|
|t:|1665147847
|switch|p2a: Heliolisk|Heliolisk, F|100/100
|turn|10
|
|t:|1665147851
|switch|p1a: Cobalion|Cobalion|100/100
|move|p2a: Heliolisk|Thunderbolt|p1a: Cobalion
|-damage|p1a: Cobalion|8/100
|
|-heal|p1a: Cobalion|14/100|[from] item: Leftovers
|upkeep
|turn|11
|
|t:|1665147857
|move|p2a: Heliolisk|Thunderbolt|p1a: Cobalion
|-damage|p1a: Cobalion|0 fnt
|faint|p1a: Cobalion
|
|upkeep
|
|t:|1665147860
|switch|p1a: Salamence|Salamence, F|100/100
|turn|12
|
|t:|1665147870
|move|p2a: Heliolisk|Thunderbolt|p1a: Salamence
|-damage|p1a: Salamence|28/100
|-status|p1a: Salamence|par
|-enditem|p1a: Salamence|Lum Berry|[eat]
|-curestatus|p1a: Salamence|par|[msg]
|move|p1a: Salamence|Dragon Dance|p1a: Salamence
|-boost|p1a: Salamence|atk|1
|-boost|p1a: Salamence|spe|1
|
|upkeep
|turn|13
|inactive|kerorek has 120 seconds left.
|
|t:|1665147906
|switch|p2a: Seaking|Seaking, M|100/100
|move|p1a: Salamence|Earthquake|p2a: Seaking
|-damage|p2a: Seaking|30/100
|
|-heal|p2a: Seaking|36/100|[from] item: Leftovers
|upkeep
|turn|14
|inactive|kerorek has 120 seconds left.
|
|t:|1665147913
|move|p1a: Salamence|Earthquake|p2a: Seaking
|-damage|p2a: Seaking|0 fnt
|faint|p2a: Seaking
|-ability|p1a: Salamence|Moxie|boost
|-boost|p1a: Salamence|atk|1
|
|upkeep
|inactive|kerorek has 120 seconds left.
|
|t:|1665147924
|switch|p2a: Hitmontop|Hitmontop, M|100/100
|turn|15
|
|t:|1665147928
|switch|p2a: Qwilfish|Qwilfish, M|100/100
|-ability|p2a: Qwilfish|Intimidate|boost
|-unboost|p1a: Salamence|atk|1
|move|p1a: Salamence|Dual Wingbeat|p2a: Qwilfish
|-damage|p2a: Qwilfish|74/100
|-damage|p1a: Salamence|11/100|[from] item: Rocky Helmet|[of] p2a: Qwilfish
|-damage|p2a: Qwilfish|47/100
|-damage|p1a: Salamence|0 fnt|[from] item: Rocky Helmet|[of] p2a: Qwilfish
|faint|p1a: Salamence
|-hitcount|p2a: Qwilfish|2
|
|upkeep
|
|t:|1665147932
|switch|p1a: Gyarados|Gyarados, F|100/100
|turn|16
|
|t:|1665147945
|move|p1a: Gyarados|Dragon Dance|p1a: Gyarados
|-boost|p1a: Gyarados|atk|1
|-boost|p1a: Gyarados|spe|1
|move|p2a: Qwilfish|Taunt|p1a: Gyarados
|-start|p1a: Gyarados|move: Taunt
|
|upkeep
|turn|17
|
|t:|1665147959
|move|p1a: Gyarados|Power Whip|p2a: Qwilfish
|-damage|p2a: Qwilfish|0 fnt
|-damage|p1a: Gyarados|84/100|[from] item: Rocky Helmet|[of] p2a: Qwilfish
|faint|p2a: Qwilfish
|-ability|p1a: Gyarados|Moxie|boost
|-boost|p1a: Gyarados|atk|1
|
|upkeep
|
|t:|1665147969
|switch|p2a: Goodra|Goodra, F|100/100
|turn|18
|
|t:|1665147981
|move|p2a: Goodra|Thunderbolt|p1a: Gyarados
|-supereffective|p1a: Gyarados
|-damage|p1a: Gyarados|0 fnt
|faint|p1a: Gyarados
|
|win|kerorek
|raw|Ftaochaphet's rating: 1338 &rarr; <strong>1320</strong><br />(-18 for losing)
|raw|kerorek's rating: 1365 &rarr; <strong>1383</strong><br />(+18 for winning)
|l|☆Ftaochaphet
||Ladder isn't responding, score probably updated but might not have (Request timeout).
|l|☆kerorek
|j|☆kerorek
|player|p2|kerorek|lass-gen4dp
