|j|☆Tempest brute
|j|☆ekless
|t:|1666197110
|gametype|singles
|player|p1|Tempest brute|169|1632
|player|p2|ekless|clerk|1462
|teamsize|p1|6
|teamsize|p2|6
|gen|8
|tier|[Gen 8] UU
|rated|
|rule|Sleep Clause Mod: Limit one foe put to sleep
|rule|Species Clause: Limit one of each Pokémon
|rule|OHKO Clause: OHKO moves are banned
|rule|Evasion Items Clause: Evasion items are banned
|rule|Evasion Moves Clause: Evasion moves are banned
|rule|Endless Battle Clause: Forcing endless battles is banned
|rule|HP Percentage Mod: HP is shown in percentages
|rule|Dynamax Clause: You cannot dynamax
|clearpoke
|poke|p1|Skarmory, M|
|poke|p1|Hydreigon, F|
|poke|p1|Primarina, M|
|poke|p1|Cresselia, F|
|poke|p1|Keldeo-Resolute|
|poke|p1|Thundurus-Therian, M|
|poke|p2|Raikou|
|poke|p2|Tapu Bulu|
|poke|p2|Chansey, F|
|poke|p2|Salamence, F|
|poke|p2|Krookodile, F|
|poke|p2|Conkeldurr, F|
|teampreview
|
|t:|1666197117
|start
|switch|p1a: Keldeo|Keldeo-Resolute|100/100
|switch|p2a: Tapu Bulu|Tapu Bulu|100/100
|-fieldstart|move: Grassy Terrain|[from] ability: Grassy Surge|[of] p2a: Tapu Bulu
|turn|1
|
|t:|1666197125
|switch|p1a: Skarmory|Skarmory, M|100/100
|move|p2a: Tapu Bulu|Horn Leech|p1a: Skarmory
|-resisted|p1a: Skarmory
|-damage|p1a: Skarmory|94/100
|
|-heal|p1a: Skarmory|99/100|[from] item: Leftovers
|upkeep
|turn|2
|
|t:|1666197136
|move|p2a: Tapu Bulu|Taunt|p1a: Skarmory
|-start|p1a: Skarmory|move: Taunt
|cant|p1a: Skarmory|move: Taunt|Spikes
|
|-heal|p1a: Skarmory|100/100|[from] item: Leftovers
|upkeep
|turn|3
|
|t:|1666197142
|switch|p2a: Conkeldurr|Conkeldurr, F|100/100
|move|p1a: Skarmory|Body Press|p2a: Conkeldurr
|-damage|p2a: Conkeldurr|72/100
|
|-heal|p2a: Conkeldurr|78/100|[from] Grassy Terrain
|-status|p2a: Conkeldurr|brn|[from] item: Flame Orb
|upkeep
|turn|4
|
|t:|1666197152
|switch|p1a: Cresselia|Cresselia, F|100/100
|move|p2a: Conkeldurr|Close Combat|p1a: Cresselia
|-resisted|p1a: Cresselia
|-damage|p1a: Cresselia|71/100
|-unboost|p2a: Conkeldurr|def|1
|-unboost|p2a: Conkeldurr|spd|1
|
|-heal|p1a: Cresselia|77/100|[from] item: Leftovers
|-heal|p2a: Conkeldurr|84/100 brn|[from] Grassy Terrain
|-damage|p2a: Conkeldurr|78/100 brn|[from] brn
|upkeep
|turn|5
|
|t:|1666197164
|switch|p2a: Krookodile|Krookodile, F|100/100
|-ability|p2a: Krookodile|Intimidate|boost
|-unboost|p1a: Cresselia|atk|1
|move|p1a: Cresselia|Psyshock|p2a: Krookodile
|-immune|p2a: Krookodile
|
|-heal|p1a: Cresselia|83/100|[from] item: Leftovers
|-fieldend|move: Grassy Terrain
|upkeep
|turn|6
|
|t:|1666197179
|switch|p1a: Keldeo|Keldeo-Resolute|100/100
|move|p2a: Krookodile|Stealth Rock|p1a: Keldeo
|-sidestart|p1: Tempest brute|move: Stealth Rock
|
|upkeep
|turn|7
|
|t:|1666197203
|switch|p2a: Salamence|Salamence, F|100/100
|-ability|p2a: Salamence|Intimidate|boost
|-unboost|p1a: Keldeo|atk|1
|move|p1a: Keldeo|Toxic|p2a: Salamence
|-status|p2a: Salamence|tox
|
|-damage|p2a: Salamence|94/100 tox|[from] psn
|upkeep
|turn|8
|
|t:|1666197212
|switch|p1a: Primarina|Primarina, M|100/100
|-damage|p1a: Primarina|88/100|[from] Stealth Rock
|move|p2a: Salamence|Dual Wingbeat|p1a: Primarina
|-damage|p1a: Primarina|70/100
|-damage|p1a: Primarina|53/100
|-hitcount|p1a: Primarina|2
|
|-heal|p1a: Primarina|59/100|[from] item: Leftovers
|-damage|p2a: Salamence|82/100 tox|[from] psn
|upkeep
|turn|9
|
|t:|1666197228
|switch|p2a: Chansey|Chansey, F|100/100
|move|p1a: Primarina|Moonblast|p2a: Chansey
|-damage|p2a: Chansey|88/100
|-unboost|p2a: Chansey|spa|1
|
|-heal|p1a: Primarina|65/100|[from] item: Leftovers
|upkeep
|turn|10
|
|t:|1666197239
|switch|p1a: Skarmory|Skarmory, M|100/100
|-damage|p1a: Skarmory|88/100|[from] Stealth Rock
|move|p2a: Chansey|Thunder Wave|p1a: Skarmory
|-status|p1a: Skarmory|par
|
|-heal|p1a: Skarmory|94/100 par|[from] item: Leftovers
|upkeep
|turn|11
|
|t:|1666197249
|cant|p1a: Skarmory|par
|move|p2a: Chansey|Teleport|p2a: Chansey
|
|t:|1666197252
|switch|p2a: Conkeldurr|Conkeldurr, F|78/100 brn|[from]move: Teleport
|
|-heal|p1a: Skarmory|99/100 par|[from] item: Leftovers
|-damage|p2a: Conkeldurr|72/100 brn|[from] brn
|upkeep
|turn|12
|
|t:|1666197260
|move|p2a: Conkeldurr|Close Combat|p1a: Skarmory
|-damage|p1a: Skarmory|32/100 par
|-unboost|p2a: Conkeldurr|def|1
|-unboost|p2a: Conkeldurr|spd|1
|move|p1a: Skarmory|Spikes|p2a: Conkeldurr
|-sidestart|p2: ekless|Spikes
|
|-heal|p1a: Skarmory|38/100 par|[from] item: Leftovers
|-damage|p2a: Conkeldurr|66/100 brn|[from] brn
|upkeep
|turn|13
|
|t:|1666197270
|move|p2a: Conkeldurr|Close Combat|p1a: Skarmory
|-damage|p1a: Skarmory|0 fnt
|-unboost|p2a: Conkeldurr|def|1
|-unboost|p2a: Conkeldurr|spd|1
|faint|p1a: Skarmory
|
|-damage|p2a: Conkeldurr|60/100 brn|[from] brn
|upkeep
|
|t:|1666197275
|switch|p1a: Thundurus|Thundurus-Therian, M|100/100
|turn|14
|
|t:|1666197284
|switch|p2a: Chansey|Chansey, F|88/100
|-damage|p2a: Chansey|76/100|[from] Spikes
|move|p1a: Thundurus|Psychic|p2a: Chansey
|-damage|p2a: Chansey|65/100
|
|upkeep
|turn|15
|
|t:|1666197295
|move|p1a: Thundurus|Nasty Plot|p1a: Thundurus
|-boost|p1a: Thundurus|spa|2
|move|p2a: Chansey|Thunder Wave|p1a: Thundurus
|-immune|p1a: Thundurus|[from] ability: Volt Absorb
|
|upkeep
|turn|16
|
|t:|1666197301
|move|p1a: Thundurus|Focus Blast|p2a: Chansey|[miss]
|-miss|p1a: Thundurus|p2a: Chansey
|move|p2a: Chansey|Seismic Toss|p1a: Thundurus
|-damage|p1a: Thundurus|67/100
|
|upkeep
|turn|17
|
|t:|1666197310
|move|p1a: Thundurus|Focus Blast|p2a: Chansey
|-supereffective|p2a: Chansey
|-damage|p2a: Chansey|12/100
|move|p2a: Chansey|Soft-Boiled|p2a: Chansey
|-heal|p2a: Chansey|62/100
|
|upkeep
|turn|18
|
|t:|1666197316
|move|p1a: Thundurus|Nasty Plot|p1a: Thundurus
|-boost|p1a: Thundurus|spa|2
|move|p2a: Chansey|Soft-Boiled|p2a: Chansey
|-heal|p2a: Chansey|100/100
|
|upkeep
|turn|19
|
|t:|1666197322
|move|p1a: Thundurus|Focus Blast|p2a: Chansey
|-supereffective|p2a: Chansey
|-damage|p2a: Chansey|23/100
|-unboost|p2a: Chansey|spd|1
|move|p2a: Chansey|Seismic Toss|p1a: Thundurus
|-damage|p1a: Thundurus|34/100
|
|upkeep
|turn|20
|
|t:|1666197330
|move|p1a: Thundurus|Thunderbolt|p2a: Chansey
|-damage|p2a: Chansey|0 fnt
|faint|p2a: Chansey
|
|upkeep
|
|t:|1666197335
|switch|p2a: Raikou|Raikou|100/100
|-damage|p2a: Raikou|88/100|[from] Spikes
|turn|21
|
|t:|1666197340
|move|p2a: Raikou|Scald|p1a: Thundurus
|-damage|p1a: Thundurus|0 fnt
|faint|p1a: Thundurus
|
|-heal|p2a: Raikou|94/100|[from] item: Leftovers
|upkeep
|
|t:|1666197345
|switch|p1a: Hydreigon|Hydreigon, F|100/100
|-damage|p1a: Hydreigon|88/100|[from] Stealth Rock
|turn|22
|
|t:|1666197350
|switch|p2a: Tapu Bulu|Tapu Bulu|100/100
|-damage|p2a: Tapu Bulu|88/100|[from] Spikes
|-fieldstart|move: Grassy Terrain|[from] ability: Grassy Surge|[of] p2a: Tapu Bulu
|move|p1a: Hydreigon|Dark Pulse|p2a: Tapu Bulu
|-resisted|p2a: Tapu Bulu
|-damage|p2a: Tapu Bulu|69/100
|
|-heal|p1a: Hydreigon|94/100|[from] item: Leftovers
|-heal|p2a: Tapu Bulu|75/100|[from] Grassy Terrain
|upkeep
|turn|23
|
|t:|1666197362
|move|p1a: Hydreigon|Thunder Wave|p2a: Tapu Bulu
|-status|p2a: Tapu Bulu|par
|move|p2a: Tapu Bulu|Toxic|p1a: Hydreigon|[miss]
|-miss|p2a: Tapu Bulu|p1a: Hydreigon
|
|-heal|p1a: Hydreigon|100/100|[from] item: Leftovers
|-heal|p2a: Tapu Bulu|82/100 par|[from] Grassy Terrain
|upkeep
|turn|24
|
|t:|1666197373
|switch|p1a: Primarina|Primarina, M|65/100
|-damage|p1a: Primarina|53/100|[from] Stealth Rock
|cant|p2a: Tapu Bulu|par
|
|-heal|p1a: Primarina|59/100|[from] Grassy Terrain
|-heal|p1a: Primarina|65/100|[from] item: Leftovers
|-heal|p2a: Tapu Bulu|88/100 par|[from] Grassy Terrain
|upkeep
|turn|25
|
|t:|1666197383
|switch|p1a: Hydreigon|Hydreigon, F|100/100
|-damage|p1a: Hydreigon|88/100|[from] Stealth Rock
|move|p2a: Tapu Bulu|Horn Leech|p1a: Hydreigon
|-resisted|p1a: Hydreigon
|-damage|p1a: Hydreigon|68/100
|-heal|p2a: Tapu Bulu|99/100 par|[from] drain|[of] p1a: Hydreigon
|
|-heal|p1a: Hydreigon|74/100|[from] item: Leftovers
|-heal|p2a: Tapu Bulu|100/100 par|[from] Grassy Terrain
|upkeep
|turn|26
|
|t:|1666197393
|switch|p1a: Primarina|Primarina, M|65/100
|-damage|p1a: Primarina|52/100|[from] Stealth Rock
|cant|p2a: Tapu Bulu|par
|
|-heal|p1a: Primarina|58/100|[from] Grassy Terrain
|-heal|p1a: Primarina|65/100|[from] item: Leftovers
|-fieldend|move: Grassy Terrain
|upkeep
|turn|27
|
|t:|1666197401
|move|p1a: Primarina|Moonblast|p2a: Tapu Bulu
|-damage|p2a: Tapu Bulu|58/100 par
|move|p2a: Tapu Bulu|Horn Leech|p1a: Primarina
|-supereffective|p1a: Primarina
|-damage|p1a: Primarina|0 fnt
|-heal|p2a: Tapu Bulu|92/100 par|[from] drain|[of] p1a: Primarina
|faint|p1a: Primarina
|
|upkeep
|
|t:|1666197408
|switch|p1a: Cresselia|Cresselia, F|83/100
|-damage|p1a: Cresselia|71/100|[from] Stealth Rock
|turn|28
|
|t:|1666197412
|move|p1a: Cresselia|Ice Beam|p2a: Tapu Bulu
|-supereffective|p2a: Tapu Bulu
|-damage|p2a: Tapu Bulu|52/100 par
|move|p2a: Tapu Bulu|Toxic|p1a: Cresselia
|-status|p1a: Cresselia|tox
|
|-heal|p1a: Cresselia|77/100 tox|[from] item: Leftovers
|-damage|p1a: Cresselia|71/100 tox|[from] psn
|upkeep
|turn|29
|
|t:|1666197422
|move|p1a: Cresselia|Ice Beam|p2a: Tapu Bulu
|-supereffective|p2a: Tapu Bulu
|-damage|p2a: Tapu Bulu|14/100 par
|cant|p2a: Tapu Bulu|par
|
|-heal|p1a: Cresselia|77/100 tox|[from] item: Leftovers
|-damage|p1a: Cresselia|64/100 tox|[from] psn
|upkeep
|turn|30
|
|t:|1666197430
|move|p1a: Cresselia|Psyshock|p2a: Tapu Bulu
|-damage|p2a: Tapu Bulu|0 fnt
|faint|p2a: Tapu Bulu
|
|-heal|p1a: Cresselia|71/100 tox|[from] item: Leftovers
|-damage|p1a: Cresselia|52/100 tox|[from] psn
|upkeep
|
|t:|1666197439
|switch|p2a: Krookodile|Krookodile, F|100/100
|-damage|p2a: Krookodile|88/100|[from] Spikes
|-ability|p2a: Krookodile|Intimidate|boost
|-unboost|p1a: Cresselia|atk|1
|turn|31
|
|t:|1666197444
|switch|p1a: Keldeo|Keldeo-Resolute|100/100
|-damage|p1a: Keldeo|94/100|[from] Stealth Rock
|move|p2a: Krookodile|Knock Off|p1a: Keldeo
|-resisted|p1a: Keldeo
|-damage|p1a: Keldeo|75/100
|-ability|p1a: Keldeo|Justified|boost
|-boost|p1a: Keldeo|atk|1
|-enditem|p1a: Keldeo|Leftovers|[from] move: Knock Off|[of] p2a: Krookodile
|
|-heal|p2a: Krookodile|94/100|[from] item: Leftovers
|upkeep
|turn|32
|
|t:|1666197469
|switch|p2a: Salamence|Salamence, F|82/100 tox
|-ability|p2a: Salamence|Intimidate|boost
|-unboost|p1a: Keldeo|atk|1
|move|p1a: Keldeo|Scald|p2a: Salamence
|-resisted|p2a: Salamence
|-crit|p2a: Salamence
|-damage|p2a: Salamence|48/100 tox
|
|-damage|p2a: Salamence|42/100 tox|[from] psn
|upkeep
|turn|33
|
|t:|1666197478
|switch|p1a: Cresselia|Cresselia, F|52/100 tox
|-damage|p1a: Cresselia|40/100 tox|[from] Stealth Rock
|move|p2a: Salamence|Dual Wingbeat|p1a: Cresselia
|-damage|p1a: Cresselia|30/100 tox
|-crit|p1a: Cresselia
|-damage|p1a: Cresselia|16/100 tox
|-hitcount|p1a: Cresselia|2
|
|-heal|p1a: Cresselia|23/100 tox|[from] item: Leftovers
|-damage|p2a: Salamence|30/100 tox|[from] psn
|-damage|p1a: Cresselia|16/100 tox|[from] psn
|upkeep
|turn|34
|
|t:|1666197489
|move|p2a: Salamence|Dual Wingbeat|p1a: Cresselia
|-damage|p1a: Cresselia|7/100 tox
|-damage|p1a: Cresselia|0 fnt
|faint|p1a: Cresselia
|-hitcount|p1: Cresselia|2
|
|-damage|p2a: Salamence|11/100 tox|[from] psn
|upkeep
|
|t:|1666197492
|switch|p1a: Hydreigon|Hydreigon, F|74/100
|-damage|p1a: Hydreigon|62/100|[from] Stealth Rock
|turn|35
|
|t:|1666197500
|move|p2a: Salamence|Dual Wingbeat|p1a: Hydreigon
|-damage|p1a: Hydreigon|45/100
|-damage|p1a: Hydreigon|27/100
|-hitcount|p1a: Hydreigon|2
|move|p1a: Hydreigon|Roost|p1a: Hydreigon
|-heal|p1a: Hydreigon|77/100
|-singleturn|p1a: Hydreigon|move: Roost
|
|-heal|p1a: Hydreigon|83/100|[from] item: Leftovers
|-damage|p2a: Salamence|0 fnt|[from] psn
|faint|p2a: Salamence
|upkeep
|
|t:|1666197510
|switch|p2a: Conkeldurr|Conkeldurr, F|60/100 brn
|-damage|p2a: Conkeldurr|47/100 brn|[from] Spikes
|turn|36
|
|t:|1666197515
|move|p2a: Conkeldurr|Mach Punch|p1a: Hydreigon
|-supereffective|p1a: Hydreigon
|-damage|p1a: Hydreigon|15/100
|move|p1a: Hydreigon|Dark Pulse|p2a: Conkeldurr
|-resisted|p2a: Conkeldurr
|-damage|p2a: Conkeldurr|24/100 brn
|
|-heal|p1a: Hydreigon|21/100|[from] item: Leftovers
|-damage|p2a: Conkeldurr|18/100 brn|[from] brn
|upkeep
|turn|37
|
|t:|1666197523
|move|p2a: Conkeldurr|Mach Punch|p1a: Hydreigon
|-supereffective|p1a: Hydreigon
|-damage|p1a: Hydreigon|0 fnt
|faint|p1a: Hydreigon
|
|-damage|p2a: Conkeldurr|12/100 brn|[from] brn
|upkeep
|
|t:|1666197525
|switch|p1a: Keldeo|Keldeo-Resolute|75/100
|-damage|p1a: Keldeo|69/100|[from] Stealth Rock
|turn|38
|c|☆ekless|gg
|
|t:|1666197531
|move|p2a: Conkeldurr|Mach Punch|p1a: Keldeo
|-damage|p1a: Keldeo|43/100
|move|p1a: Keldeo|Secret Sword|p2a: Conkeldurr
|-damage|p2a: Conkeldurr|0 fnt
|faint|p2a: Conkeldurr
|
|upkeep
|c|☆ekless|wath the repart hydreiigon
|
|t:|1666197549
|switch|p2a: Raikou|Raikou|94/100
|-damage|p2a: Raikou|82/100|[from] Spikes
|turn|39
|
|t:|1666197554
|move|p2a: Raikou|Thunderbolt|p1a: Keldeo
|-supereffective|p1a: Keldeo
|-damage|p1a: Keldeo|0 fnt
|faint|p1a: Keldeo
|
|win|ekless
|raw|Tempest brute's rating: 1632 &rarr; <strong>1603</strong><br />(-29 for losing)
|raw|ekless's rating: 1462 &rarr; <strong>1491</strong><br />(+29 for winning)
|c|☆Tempest brute|what?
|c|☆Tempest brute|!showset 2
|c| Tempest brute|/raw <div class="infobox">Hydreigon @ Leftovers  <br />Ability: Levitate  <br />EVs: 252 HP &#x2f; 4 Def &#x2f; 252 SpD  <br />Calm Nature  <br />IVs: 0 Atk  <br />- Thunder Wave  <br />- Nasty Plot  <br />- Dark Pulse  <br />- Roost  <br /><br /></div>
|c|☆ekless|the ev hydreigon
|c|☆ekless|thanks
|c|☆ekless|is too coul
|c|☆ekless|i dont know the set
||Ladder isn't responding, score probably updated but might not have (Request timeout).
|j| Osake
|j| OUTD Bordeaux
|l| OUTD Bordeaux
|l| Osake
