|j|☆vive macron
|j|☆oligier
|t:|1613252131
|player|p1|vive macron|red|1448
|player|p2|oligier|46|1431
|teamsize|p1|6
|teamsize|p2|6
|gametype|singles
|gen|8
|tier|[Gen 8] UU
|rated|
|clearpoke
|poke|p1|Thwackey, M|
|poke|p1|Nihilego|
|poke|p1|Thundurus, M|
|poke|p1|Slowking, F|
|poke|p1|Salamence, F|
|poke|p1|Krookodile, F|
|poke|p2|Slowking, F|
|poke|p2|Conkeldurr, F|
|poke|p2|Nidoqueen, F|
|poke|p2|Rotom-Heat|
|poke|p2|Skarmory, F|
|poke|p2|Xurkitree|
|rule|Sleep Clause Mod: Limit one foe put to sleep
|rule|Species Clause: Limit one of each Pokémon
|rule|OHKO Clause: OHKO moves are banned
|rule|Evasion Moves Clause: Evasion moves are banned
|rule|Endless Battle Clause: Forcing endless battles is banned
|rule|HP Percentage Mod: HP is shown in percentages
|rule|Dynamax Clause: You cannot dynamax
|teampreview
|c|☆oligier|hf
|
|t:|1613252151
|start
|switch|p1a: Krookodile|Krookodile, F|100/100
|switch|p2a: Xurkitree|Xurkitree|100/100
|-ability|p1a: Krookodile|Intimidate|boost
|-unboost|p2a: Xurkitree|atk|1
|turn|1
|
|t:|1613252165
|move|p1a: Krookodile|Knock Off|p2a: Xurkitree
|-damage|p2a: Xurkitree|29/100
|-enditem|p2a: Xurkitree|Choice Scarf|[from] move: Knock Off|[of] p1a: Krookodile
|move|p2a: Xurkitree|Energy Ball|p1a: Krookodile
|-supereffective|p1a: Krookodile
|-damage|p1a: Krookodile|0 fnt
|faint|p1a: Krookodile
|-ability|p2a: Xurkitree|Beast Boost|boost
|-boost|p2a: Xurkitree|spa|1
|
|upkeep
|
|t:|1613252189
|switch|p1a: Thundurus|Thundurus, M|100/100
|turn|2
|
|t:|1613252205
|switch|p2a: Rotom|Rotom-Heat|100/100
|move|p1a: Thundurus|Thunderbolt|p2a: Rotom
|-resisted|p2a: Rotom
|-damage|p2a: Rotom|74/100
|
|upkeep
|turn|3
|
|t:|1613252228
|switch|p1a: Slowking|Slowking, F|100/100
|move|p2a: Rotom|Toxic|p1a: Slowking
|-status|p1a: Slowking|tox
|
|-damage|p1a: Slowking|94/100 tox|[from] psn
|upkeep
|turn|4
|
|t:|1613252235
|move|p2a: Rotom|Volt Switch|p1a: Slowking
|-supereffective|p1a: Slowking
|-damage|p1a: Slowking|57/100 tox
|
|t:|1613252239
|switch|p2a: Slowking|Slowking, F|100/100|[from]move: Volt Switch
|move|p1a: Slowking|Future Sight|p2a: Slowking
|-start|p1a: Slowking|move: Future Sight
|
|-damage|p1a: Slowking|45/100 tox|[from] psn
|upkeep
|turn|5
|
|t:|1613252246
|switch|p1a: Thundurus|Thundurus, M|100/100
|move|p2a: Slowking|Future Sight|p1a: Thundurus
|-start|p2a: Slowking|move: Future Sight
|
|upkeep
|turn|6
|
|t:|1613252253
|switch|p2a: Rotom|Rotom-Heat|74/100
|move|p1a: Thundurus|Volt Switch|p2a: Rotom
|-resisted|p2a: Rotom
|-damage|p2a: Rotom|55/100
|
|t:|1613252262
|switch|p1a: Thwackey|Thwackey, M|100/100|[from]move: Volt Switch
|-fieldstart|move: Grassy Terrain|[from] ability: Grassy Surge|[of] p1a: Thwackey
|
|-end|p2a: Rotom|move: Future Sight
|-damage|p2a: Rotom|20/100
|upkeep
|turn|7
|
|t:|1613252270
|move|p2a: Rotom|Volt Switch|p1a: Thwackey
|-resisted|p1a: Thwackey
|-damage|p1a: Thwackey|87/100
|
|t:|1613252274
|switch|p2a: Skarmory|Skarmory, F|100/100|[from]move: Volt Switch
|move|p1a: Thwackey|Knock Off|p2a: Skarmory
|-damage|p2a: Skarmory|83/100
|-enditem|p2a: Skarmory|Leftovers|[from] move: Knock Off|[of] p1a: Thwackey
|
|-end|p1a: Thwackey|move: Future Sight
|-damage|p1a: Thwackey|28/100
|-heal|p1a: Thwackey|34/100|[from] Grassy Terrain
|upkeep
|turn|8
|
|t:|1613252286
|switch|p2a: Xurkitree|Xurkitree|29/100
|move|p1a: Thwackey|U-turn|p2a: Xurkitree
|-damage|p2a: Xurkitree|0 fnt
|faint|p2a: Xurkitree
|
|t:|1613252299
|switch|p1a: Nihilego|Nihilego|100/100|[from]move: U-turn
|
|upkeep
|
|t:|1613252303
|switch|p2a: Nidoqueen|Nidoqueen, F|100/100
|turn|9
|
|t:|1613252307
|move|p1a: Nihilego|Meteor Beam||[still]
|-prepare|p1a: Nihilego|Meteor Beam
|-boost|p1a: Nihilego|spa|1
|-enditem|p1a: Nihilego|Power Herb
|-anim|p1a: Nihilego|Meteor Beam|p2a: Nidoqueen
|-resisted|p2a: Nidoqueen
|-damage|p2a: Nidoqueen|60/100
|move|p2a: Nidoqueen|Earthquake|p1a: Nihilego
|-supereffective|p1a: Nihilego
|-crit|p1a: Nihilego
|-damage|p1a: Nihilego|0 fnt
|faint|p1a: Nihilego
|
|-heal|p2a: Nidoqueen|66/100|[from] Grassy Terrain
|-heal|p2a: Nidoqueen|72/100|[from] item: Black Sludge
|upkeep
|
|t:|1613252319
|switch|p1a: Salamence|Salamence, F|100/100
|-ability|p1a: Salamence|Intimidate|boost
|-unboost|p2a: Nidoqueen|atk|1
|turn|10
|
|t:|1613252328
|move|p1a: Salamence|Draco Meteor|p2a: Nidoqueen
|-damage|p2a: Nidoqueen|0 fnt
|-unboost|p1a: Salamence|spa|2
|faint|p2a: Nidoqueen
|
|-fieldend|move: Grassy Terrain
|upkeep
|
|t:|1613252332
|switch|p2a: Slowking|Slowking, F|100/100
|turn|11
|
|t:|1613252337
|switch|p1a: Thundurus|Thundurus, M|100/100
|move|p2a: Slowking|Future Sight|p1a: Thundurus
|-start|p2a: Slowking|move: Future Sight
|
|upkeep
|turn|12
|
|t:|1613252343
|switch|p2a: Rotom|Rotom-Heat|20/100
|move|p1a: Thundurus|Thunderbolt|p2a: Rotom
|-resisted|p2a: Rotom
|-damage|p2a: Rotom|0 fnt
|faint|p2a: Rotom
|
|upkeep
|
|t:|1613252354
|switch|p2a: Conkeldurr|Conkeldurr, F|100/100
|turn|13
|
|t:|1613252363
|switch|p1a: Salamence|Salamence, F|100/100
|-ability|p1a: Salamence|Intimidate|boost
|-unboost|p2a: Conkeldurr|atk|1
|move|p2a: Conkeldurr|Knock Off|p1a: Salamence
|-damage|p1a: Salamence|74/100
|-enditem|p1a: Salamence|Heavy-Duty Boots|[from] move: Knock Off|[of] p2a: Conkeldurr
|
|-end|p1a: Salamence|move: Future Sight
|-damage|p1a: Salamence|12/100
|-status|p2a: Conkeldurr|brn|[from] item: Flame Orb
|upkeep
|turn|14
|
|t:|1613252375
|switch|p2a: Skarmory|Skarmory, F|83/100
|move|p1a: Salamence|Draco Meteor|p2a: Skarmory
|-resisted|p2a: Skarmory
|-crit|p2a: Skarmory
|-damage|p2a: Skarmory|15/100
|-unboost|p1a: Salamence|spa|2
|
|upkeep
|turn|15
|
|t:|1613252385
|move|p1a: Salamence|Flamethrower|p2a: Skarmory
|-supereffective|p2a: Skarmory
|-damage|p2a: Skarmory|0 fnt
|faint|p2a: Skarmory
|
|upkeep
|
|t:|1613252389
|switch|p2a: Conkeldurr|Conkeldurr, F|100/100 brn
|turn|16
|
|t:|1613252401
|switch|p1a: Thwackey|Thwackey, M|34/100
|-fieldstart|move: Grassy Terrain|[from] ability: Grassy Surge|[of] p1a: Thwackey
|move|p2a: Conkeldurr|Mach Punch|p1a: Thwackey
|-damage|p1a: Thwackey|3/100
|
|-heal|p1a: Thwackey|9/100|[from] Grassy Terrain
|-damage|p2a: Conkeldurr|94/100 brn|[from] brn
|upkeep
|turn|17
|
|t:|1613252412
|move|p1a: Thwackey|Grassy Glide|p2a: Conkeldurr
|-damage|p2a: Conkeldurr|61/100 brn
|move|p2a: Conkeldurr|Mach Punch|p1a: Thwackey
|-damage|p1a: Thwackey|0 fnt
|faint|p1a: Thwackey
|
|-heal|p2a: Conkeldurr|67/100 brn|[from] Grassy Terrain
|-damage|p2a: Conkeldurr|61/100 brn|[from] brn
|upkeep
|
|t:|1613252421
|switch|p1a: Thundurus|Thundurus, M|100/100
|turn|18
|
|t:|1613252425
|move|p1a: Thundurus|Thunderbolt|p2a: Conkeldurr
|-damage|p2a: Conkeldurr|0 fnt
|faint|p2a: Conkeldurr
|
|upkeep
|
|t:|1613252428
|switch|p2a: Slowking|Slowking, F|100/100
|turn|19
|
|t:|1613252432
|move|p1a: Thundurus|Thunderbolt|p2a: Slowking
|-supereffective|p2a: Slowking
|-damage|p2a: Slowking|0 fnt
|faint|p2a: Slowking
|
|win|vive macron
|l|☆oligier
|c|☆vive macron|gg
||Ladder (probably) updated, but score could not be retrieved (Request timeout).
