|j|☆UUBF5 detour
|j|☆Kunpulanti
|t:|1617455413
|gametype|singles
|player|p1|UUBF5 detour|maid-gen4|1097
|player|p2|Kunpulanti|ethan|1000
|teamsize|p1|6
|teamsize|p2|6
|gen|8
|tier|[Gen 8] UU
|rated|
|clearpoke
|poke|p1|Weezing-Galar, F|
|poke|p1|Pyukumuku, F|
|poke|p1|Chansey, F|
|poke|p1|Mew|
|poke|p1|Salamence, F|
|poke|p1|Amoonguss, F|
|poke|p2|Keldeo-Resolute|
|poke|p2|Celesteela|
|poke|p2|Rotom-Wash|
|poke|p2|Amoonguss, F|
|poke|p2|Thundurus, M|
|poke|p2|Krookodile, F|
|rule|Sleep Clause Mod: Limit one foe put to sleep
|rule|Species Clause: Limit one of each Pokémon
|rule|OHKO Clause: OHKO moves are banned
|rule|Evasion Moves Clause: Evasion moves are banned
|rule|Endless Battle Clause: Forcing endless battles is banned
|rule|HP Percentage Mod: HP is shown in percentages
|rule|Dynamax Clause: You cannot dynamax
|teampreview
|
|t:|1617455423
|start
|switch|p1a: Chansey|Chansey, F|100/100
|switch|p2a: Rotom|Rotom-Wash|100/100
|turn|1
|
|t:|1617455426
|move|p2a: Rotom|Volt Switch|p1a: Chansey
|-damage|p1a: Chansey|92/100
|
|t:|1617455429
|switch|p2a: Krookodile|Krookodile, F|100/100|[from]move: Volt Switch
|-ability|p2a: Krookodile|Intimidate|boost
|-unboost|p1a: Chansey|atk|1
|move|p1a: Chansey|Stealth Rock|p2a: Krookodile
|-sidestart|p2: Kunpulanti|move: Stealth Rock
|
|upkeep
|turn|2
|
|t:|1617455436
|switch|p1a: Amoonguss|Amoonguss, F|100/100
|move|p2a: Krookodile|Stealth Rock|p1a: Amoonguss
|-sidestart|p1: UUBF5 detour|move: Stealth Rock
|
|upkeep
|turn|3
|
|t:|1617455441
|switch|p2a: Amoonguss|Amoonguss, F|100/100
|-damage|p2a: Amoonguss|88/100|[from] Stealth Rock
|move|p1a: Amoonguss|Giga Drain|p2a: Amoonguss
|-resisted|p2a: Amoonguss
|-damage|p2a: Amoonguss|82/100
|
|-heal|p2a: Amoonguss|89/100|[from] item: Black Sludge
|upkeep
|turn|4
|
|t:|1617455444
|move|p2a: Amoonguss|Sludge Bomb|p1a: Amoonguss
|-damage|p1a: Amoonguss|78/100
|move|p1a: Amoonguss|Sludge Bomb|p2a: Amoonguss
|-damage|p2a: Amoonguss|64/100
|
|-heal|p2a: Amoonguss|70/100|[from] item: Black Sludge
|upkeep
|turn|5
|
|t:|1617455453
|move|p1a: Amoonguss|Sludge Bomb|p2a: Amoonguss
|-damage|p2a: Amoonguss|43/100
|move|p2a: Amoonguss|Sludge Bomb|p1a: Amoonguss
|-crit|p1a: Amoonguss
|-damage|p1a: Amoonguss|44/100
|
|-heal|p2a: Amoonguss|50/100|[from] item: Black Sludge
|upkeep
|turn|6
|
|t:|1617455464
|move|p2a: Amoonguss|Sludge Bomb|p1a: Amoonguss
|-crit|p1a: Amoonguss
|-damage|p1a: Amoonguss|9/100
|move|p1a: Amoonguss|Synthesis|p1a: Amoonguss
|-heal|p1a: Amoonguss|59/100
|
|-heal|p2a: Amoonguss|56/100|[from] item: Black Sludge
|upkeep
|turn|7
|
|t:|1617455471
|switch|p2a: Celesteela|Celesteela|100/100
|-damage|p2a: Celesteela|88/100|[from] Stealth Rock
|move|p1a: Amoonguss|Synthesis|p1a: Amoonguss
|-heal|p1a: Amoonguss|100/100
|
|-heal|p2a: Celesteela|94/100|[from] item: Leftovers
|upkeep
|turn|8
|
|t:|1617455478
|switch|p1a: Mew|Mew|100/100
|-damage|p1a: Mew|88/100|[from] Stealth Rock
|move|p2a: Celesteela|Protect||[still]
|-fail|p2a: Celesteela
|
|-heal|p1a: Mew|94/100|[from] item: Leftovers
|-heal|p2a: Celesteela|99/100|[from] item: Leftovers
|upkeep
|turn|9
|
|t:|1617455493
|move|p1a: Mew|Knock Off|p2a: Celesteela
|-damage|p2a: Celesteela|83/100
|-enditem|p2a: Celesteela|Leftovers|[from] move: Knock Off|[of] p1a: Mew
|move|p2a: Celesteela|Leech Seed|p1a: Mew
|-start|p1a: Mew|move: Leech Seed
|
|-heal|p1a: Mew|100/100|[from] item: Leftovers
|-damage|p1a: Mew|88/100|[from] Leech Seed|[of] p2a: Celesteela
|-heal|p2a: Celesteela|95/100|[silent]
|upkeep
|turn|10
|
|t:|1617455501
|switch|p1a: Salamence|Salamence, F|100/100
|-ability|p1a: Salamence|Intimidate|boost
|-unboost|p2a: Celesteela|atk|1
|switch|p2a: Keldeo|Keldeo-Resolute|100/100
|-damage|p2a: Keldeo|94/100|[from] Stealth Rock
|
|upkeep
|turn|11
|
|t:|1617455507
|switch|p2a: Rotom|Rotom-Wash|100/100
|-damage|p2a: Rotom|88/100|[from] Stealth Rock
|switch|p1a: Amoonguss|Amoonguss, F|100/100
|
|-heal|p2a: Rotom|94/100|[from] item: Leftovers
|upkeep
|turn|12
|
|t:|1617455511
|move|p2a: Rotom|Will-O-Wisp|p1a: Amoonguss
|-status|p1a: Amoonguss|brn
|move|p1a: Amoonguss|Giga Drain|p2a: Rotom
|-supereffective|p2a: Rotom
|-damage|p2a: Rotom|48/100
|
|-heal|p2a: Rotom|54/100|[from] item: Leftovers
|-damage|p1a: Amoonguss|94/100 brn|[from] brn
|upkeep
|turn|13
|
|t:|1617455519
|move|p2a: Rotom|Pain Split|p1a: Amoonguss
|-sethp|p1a: Amoonguss|66/100 brn|[from] move: Pain Split|[silent]
|-sethp|p2a: Rotom|94/100|[from] move: Pain Split
|move|p1a: Amoonguss|Giga Drain|p2a: Rotom
|-supereffective|p2a: Rotom
|-damage|p2a: Rotom|44/100
|-heal|p1a: Amoonguss|84/100 brn|[from] drain|[of] p2a: Rotom
|
|-heal|p2a: Rotom|50/100|[from] item: Leftovers
|-damage|p1a: Amoonguss|78/100 brn|[from] brn
|upkeep
|turn|14
|
|t:|1617455529
|move|p2a: Rotom|Pain Split|p1a: Amoonguss
|-sethp|p1a: Amoonguss|57/100 brn|[from] move: Pain Split|[silent]
|-sethp|p2a: Rotom|80/100|[from] move: Pain Split
|move|p1a: Amoonguss|Giga Drain|p2a: Rotom
|-supereffective|p2a: Rotom
|-damage|p2a: Rotom|33/100
|-heal|p1a: Amoonguss|73/100 brn|[from] drain|[of] p2a: Rotom
|
|-heal|p2a: Rotom|39/100|[from] item: Leftovers
|-damage|p1a: Amoonguss|67/100 brn|[from] brn
|upkeep
|turn|15
|
|t:|1617455535
|move|p2a: Rotom|Volt Switch|p1a: Amoonguss
|-resisted|p1a: Amoonguss
|-damage|p1a: Amoonguss|56/100 brn
|
|t:|1617455537
|switch|p2a: Amoonguss|Amoonguss, F|89/100|[from]move: Volt Switch
|-damage|p2a: Amoonguss|77/100|[from] Stealth Rock
|move|p1a: Amoonguss|Giga Drain|p2a: Amoonguss
|-resisted|p2a: Amoonguss
|-damage|p2a: Amoonguss|71/100
|-heal|p1a: Amoonguss|58/100 brn|[from] drain|[of] p2a: Amoonguss
|
|-heal|p2a: Amoonguss|78/100|[from] item: Black Sludge
|-damage|p1a: Amoonguss|52/100 brn|[from] brn
|upkeep
|turn|16
|
|t:|1617455542
|switch|p1a: Chansey|Chansey, F|92/100
|-damage|p1a: Chansey|79/100|[from] Stealth Rock
|move|p2a: Amoonguss|Sludge Bomb|p1a: Chansey
|-damage|p1a: Chansey|71/100
|
|-heal|p2a: Amoonguss|84/100|[from] item: Black Sludge
|upkeep
|turn|17
|
|t:|1617455547
|move|p1a: Chansey|Soft-Boiled|p1a: Chansey
|-heal|p1a: Chansey|100/100
|move|p2a: Amoonguss|Spore|p1a: Chansey
|-status|p1a: Chansey|slp|[from] move: Spore
|
|-heal|p2a: Amoonguss|90/100|[from] item: Black Sludge
|upkeep
|turn|18
|
|t:|1617455551
|switch|p1a: Amoonguss|Amoonguss, F|85/100 brn
|switch|p2a: Rotom|Rotom-Wash|39/100
|-damage|p2a: Rotom|26/100|[from] Stealth Rock
|
|-heal|p2a: Rotom|33/100|[from] item: Leftovers
|-damage|p1a: Amoonguss|79/100 brn|[from] brn
|upkeep
|turn|19
|
|t:|1617455555
|move|p2a: Rotom|Pain Split|p1a: Amoonguss
|-sethp|p1a: Amoonguss|51/100 brn|[from] move: Pain Split|[silent]
|-sethp|p2a: Rotom|73/100|[from] move: Pain Split
|move|p1a: Amoonguss|Giga Drain|p2a: Rotom
|-supereffective|p2a: Rotom
|-damage|p2a: Rotom|25/100
|-heal|p1a: Amoonguss|68/100 brn|[from] drain|[of] p2a: Rotom
|
|-heal|p2a: Rotom|31/100|[from] item: Leftovers
|-damage|p1a: Amoonguss|62/100 brn|[from] brn
|upkeep
|turn|20
|
|t:|1617455562
|move|p2a: Rotom|Volt Switch|p1a: Amoonguss
|-resisted|p1a: Amoonguss
|-damage|p1a: Amoonguss|50/100 brn
|
|t:|1617455563
|switch|p2a: Amoonguss|Amoonguss, F|100/100|[from]move: Volt Switch
|-damage|p2a: Amoonguss|88/100|[from] Stealth Rock
|move|p1a: Amoonguss|Sludge Bomb|p2a: Amoonguss
|-damage|p2a: Amoonguss|63/100
|
|-heal|p2a: Amoonguss|69/100|[from] item: Black Sludge
|-damage|p1a: Amoonguss|44/100 brn|[from] brn
|upkeep
|turn|21
|
|t:|1617455567
|switch|p2a: Krookodile|Krookodile, F|100/100
|-damage|p2a: Krookodile|94/100|[from] Stealth Rock
|-ability|p2a: Krookodile|Intimidate|boost
|-unboost|p1a: Amoonguss|atk|1
|move|p1a: Amoonguss|Synthesis|p1a: Amoonguss
|-heal|p1a: Amoonguss|94/100 brn
|
|-damage|p1a: Amoonguss|88/100 brn|[from] brn
|upkeep
|turn|22
|
|t:|1617455570
|switch|p2a: Amoonguss|Amoonguss, F|100/100
|-damage|p2a: Amoonguss|88/100|[from] Stealth Rock
|move|p1a: Amoonguss|Giga Drain|p2a: Amoonguss
|-resisted|p2a: Amoonguss
|-damage|p2a: Amoonguss|83/100
|-heal|p1a: Amoonguss|90/100 brn|[from] drain|[of] p2a: Amoonguss
|
|-heal|p2a: Amoonguss|89/100|[from] item: Black Sludge
|-damage|p1a: Amoonguss|84/100 brn|[from] brn
|upkeep
|turn|23
|
|t:|1617455580
|switch|p1a: Chansey|Chansey, F|100/100
|-damage|p1a: Chansey|88/100|[from] Stealth Rock
|move|p2a: Amoonguss|Sludge Bomb|p1a: Chansey
|-damage|p1a: Chansey|79/100
|
|-heal|p2a: Amoonguss|96/100|[from] item: Black Sludge
|upkeep
|turn|24
|
|t:|1617455586
|switch|p2a: Krookodile|Krookodile, F|94/100
|-damage|p2a: Krookodile|88/100|[from] Stealth Rock
|-ability|p2a: Krookodile|Intimidate|boost
|-unboost|p1a: Chansey|atk|1
|move|p1a: Chansey|Heal Bell|p1a: Chansey
|-activate|p1a: Chansey|move: Heal Bell
|-curestatus|p1: Amoonguss|brn|[msg]
|
|upkeep
|turn|25
|
|t:|1617455593
|switch|p1a: Amoonguss|Amoonguss, F|100/100
|move|p2a: Krookodile|Knock Off|p1a: Amoonguss
|-damage|p1a: Amoonguss|68/100
|-enditem|p1a: Amoonguss|Heavy-Duty Boots|[from] move: Knock Off|[of] p2a: Krookodile
|
|upkeep
|turn|26
|
|t:|1617455602
|switch|p2a: Amoonguss|Amoonguss, F|100/100
|-damage|p2a: Amoonguss|88/100|[from] Stealth Rock
|move|p1a: Amoonguss|Sludge Bomb|p2a: Amoonguss
|-damage|p2a: Amoonguss|63/100
|
|-heal|p2a: Amoonguss|69/100|[from] item: Black Sludge
|upkeep
|turn|27
|
|t:|1617455611
|switch|p2a: Celesteela|Celesteela|95/100
|-damage|p2a: Celesteela|83/100|[from] Stealth Rock
|move|p1a: Amoonguss|Sludge Bomb|p2a: Celesteela
|-immune|p2a: Celesteela
|
|upkeep
|turn|28
|
|t:|1617455616
|switch|p1a: Mew|Mew|88/100
|-damage|p1a: Mew|76/100|[from] Stealth Rock
|move|p2a: Celesteela|Protect||[still]
|-fail|p2a: Celesteela
|
|-heal|p1a: Mew|82/100|[from] item: Leftovers
|upkeep
|turn|29
|
|t:|1617455622
|move|p1a: Mew|Spikes|p2a: Celesteela
|-sidestart|p2: Kunpulanti|Spikes
|move|p2a: Celesteela|Heavy Slam|p1a: Mew
|-damage|p1a: Mew|53/100
|
|-heal|p1a: Mew|59/100|[from] item: Leftovers
|upkeep
|turn|30
|-message|Kunpulanti forfeited.
|
|win|UUBF5 detour
|raw|UUBF5 detour's rating: 1097 &rarr; <strong>1116</strong><br />(+19 for winning)
|raw|Kunpulanti's rating: 1000 &rarr; <strong>1000</strong><br />(+0 for losing)
|l|☆Kunpulanti
