|j|☆The NP sweep
|j|☆the ulkman
|t:|1668190731
|gametype|singles
|player|p1|The NP sweep|red|1579
|player|p2|the ulkman|maid|1603
|teamsize|p1|6
|teamsize|p2|6
|gen|8
|tier|[Gen 8] UU
|rated|
|rule|Sleep Clause Mod: Limit one foe put to sleep
|rule|Species Clause: Limit one of each Pokémon
|rule|OHKO Clause: OHKO moves are banned
|rule|Evasion Items Clause: Evasion items are banned
|rule|Evasion Moves Clause: Evasion moves are banned
|rule|Endless Battle Clause: Forcing endless battles is banned
|rule|HP Percentage Mod: HP is shown in percentages
|rule|Dynamax Clause: You cannot dynamax
|clearpoke
|poke|p1|Hydreigon, F|
|poke|p1|Cobalion|
|poke|p1|Hippowdon, F|
|poke|p1|Salamence, F|
|poke|p1|Scizor, F|
|poke|p1|Tangrowth, F|
|poke|p2|Mamoswine, F|
|poke|p2|Zarude-Dada|
|poke|p2|Slowking, F|
|poke|p2|Nihilego|
|poke|p2|Salamence, F|
|poke|p2|Cobalion|
|teampreview
|inactive|Battle timer is ON: inactive players will automatically lose when time's up. (requested by The NP sweep)
|
|t:|1668190753
|start
|switch|p1a: Scizor|Scizor, F|100/100
|switch|p2a: Zarude|Zarude-Dada|100/100
|turn|1
|
|t:|1668190758
|move|p2a: Zarude|U-turn|p1a: Scizor
|-resisted|p1a: Scizor
|-damage|p1a: Scizor|86/100
|
|t:|1668190772
|switch|p2a: Cobalion|Cobalion|100/100|[from]move: U-turn
|move|p1a: Scizor|U-turn|p2a: Cobalion
|-resisted|p2a: Cobalion
|-damage|p2a: Cobalion|88/100
|-damage|p1a: Scizor|69/100|[from] item: Rocky Helmet|[of] p2a: Cobalion
|
|t:|1668190785
|switch|p1a: Hydreigon|Hydreigon, F|100/100|[from]move: U-turn
|
|upkeep
|turn|2
|
|t:|1668190792
|switch|p2a: Slowking|Slowking, F|100/100
|move|p1a: Hydreigon|U-turn|p2a: Slowking
|-supereffective|p2a: Slowking
|-damage|p2a: Slowking|78/100
|
|t:|1668190795
|switch|p1a: Scizor|Scizor, F|69/100|[from]move: U-turn
|
|upkeep
|turn|3
|
|t:|1668190798
|switch|p2a: Cobalion|Cobalion|88/100
|move|p1a: Scizor|Superpower|p2a: Cobalion
|-supereffective|p2a: Cobalion
|-damage|p2a: Cobalion|0 fnt
|-unboost|p1a: Scizor|atk|1
|-unboost|p1a: Scizor|def|1
|-damage|p1a: Scizor|53/100|[from] item: Rocky Helmet|[of] p2a: Cobalion
|faint|p2a: Cobalion
|
|upkeep
|
|t:|1668190804
|switch|p2a: Mamoswine|Mamoswine, F|100/100
|turn|4
|
|t:|1668190808
|switch|p1a: Tangrowth|Tangrowth, F|100/100
|move|p2a: Mamoswine|Icicle Crash|p1a: Tangrowth
|-supereffective|p1a: Tangrowth
|-damage|p1a: Tangrowth|8/100
|
|upkeep
|turn|5
|
|t:|1668190813
|switch|p2a: Slowking|Slowking, F|100/100
|switch|p1a: Cobalion|Cobalion|100/100
|
|upkeep
|turn|6
|
|t:|1668190817
|switch|p1a: Hydreigon|Hydreigon, F|100/100
|move|p2a: Slowking|Scald|p1a: Hydreigon
|-resisted|p1a: Hydreigon
|-damage|p1a: Hydreigon|85/100
|-status|p1a: Hydreigon|brn
|
|-damage|p1a: Hydreigon|79/100 brn|[from] brn
|upkeep
|turn|7
|
|t:|1668190824
|move|p1a: Hydreigon|Dark Pulse|p2a: Slowking
|-supereffective|p2a: Slowking
|-enditem|p2a: Slowking|Colbur Berry|[eat]
|-enditem|p2a: Slowking|Colbur Berry|[weaken]
|-damage|p2a: Slowking|70/100
|move|p2a: Slowking|Teleport|p2a: Slowking
|
|t:|1668190827
|switch|p2a: Zarude|Zarude-Dada|100/100|[from]move: Teleport
|
|-damage|p1a: Hydreigon|73/100 brn|[from] brn
|upkeep
|turn|8
|
|t:|1668190837
|switch|p1a: Hippowdon|Hippowdon, F|100/100
|-weather|Sandstorm|[from] ability: Sand Stream|[of] p1a: Hippowdon
|move|p2a: Zarude|U-turn|p1a: Hippowdon
|-damage|p1a: Hippowdon|85/100
|
|t:|1668190843
|switch|p2a: Mamoswine|Mamoswine, F|100/100|[from]move: U-turn
|
|-weather|Sandstorm|[upkeep]
|-heal|p1a: Hippowdon|91/100|[from] item: Leftovers
|upkeep
|turn|9
|
|t:|1668190846
|switch|p1a: Cobalion|Cobalion|100/100
|move|p2a: Mamoswine|Icicle Crash|p1a: Cobalion
|-resisted|p1a: Cobalion
|-damage|p1a: Cobalion|72/100
|
|-weather|Sandstorm|[upkeep]
|-heal|p1a: Cobalion|78/100|[from] item: Leftovers
|upkeep
|turn|10
|
|t:|1668190849
|switch|p2a: Slowking|Slowking, F|100/100
|move|p1a: Cobalion|Swords Dance|p1a: Cobalion
|-boost|p1a: Cobalion|atk|2
|
|-weather|Sandstorm|[upkeep]
|-damage|p2a: Slowking|94/100|[from] Sandstorm
|-heal|p1a: Cobalion|84/100|[from] item: Leftovers
|upkeep
|turn|11
|
|t:|1668190851
|move|p1a: Cobalion|Megahorn|p2a: Slowking|[miss]
|-miss|p1a: Cobalion|p2a: Slowking
|move|p2a: Slowking|Scald|p1a: Cobalion
|-crit|p1a: Cobalion
|-damage|p1a: Cobalion|28/100
|-status|p1a: Cobalion|brn
|
|-weather|Sandstorm|[upkeep]
|-damage|p2a: Slowking|88/100|[from] Sandstorm
|-heal|p1a: Cobalion|34/100 brn|[from] item: Leftovers
|-damage|p1a: Cobalion|28/100 brn|[from] brn
|upkeep
|turn|12
|c|☆The NP sweep|Lol
|
|t:|1668190863
|switch|p1a: Tangrowth|Tangrowth, F|41/100
|switch|p2a: Salamence|Salamence, F|100/100
|-ability|p2a: Salamence|Intimidate|boost
|-unboost|p1a: Tangrowth|atk|1
|
|-weather|none
|upkeep
|turn|13
|
|t:|1668190874
|switch|p1a: Hippowdon|Hippowdon, F|91/100
|-weather|Sandstorm|[from] ability: Sand Stream|[of] p1a: Hippowdon
|move|p2a: Salamence|Flamethrower|p1a: Hippowdon
|-damage|p1a: Hippowdon|66/100
|
|-weather|Sandstorm|[upkeep]
|-damage|p2a: Salamence|94/100|[from] Sandstorm
|-heal|p1a: Hippowdon|73/100|[from] item: Leftovers
|upkeep
|turn|14
|
|t:|1668190876
|switch|p2a: Mamoswine|Mamoswine, F|100/100
|move|p1a: Hippowdon|Stealth Rock|p2a: Mamoswine
|-sidestart|p2: the ulkman|move: Stealth Rock
|
|-weather|Sandstorm|[upkeep]
|-heal|p1a: Hippowdon|79/100|[from] item: Leftovers
|upkeep
|turn|15
|
|t:|1668190881
|switch|p1a: Cobalion|Cobalion|28/100 brn
|move|p2a: Mamoswine|Icicle Crash|p1a: Cobalion
|-resisted|p1a: Cobalion
|-damage|p1a: Cobalion|0 fnt
|faint|p1a: Cobalion
|
|-weather|Sandstorm|[upkeep]
|upkeep
|
|t:|1668190882
|switch|p1a: Scizor|Scizor, F|53/100
|turn|16
|
|t:|1668190885
|switch|p2a: Salamence|Salamence, F|94/100
|-ability|p2a: Salamence|Intimidate|boost
|-unboost|p1a: Scizor|atk|1
|move|p1a: Scizor|U-turn|p2a: Salamence
|-resisted|p2a: Salamence
|-damage|p2a: Salamence|68/100
|
|t:|1668190887
|switch|p1a: Hydreigon|Hydreigon, F|73/100 brn|[from]move: U-turn
|
|-weather|Sandstorm|[upkeep]
|-damage|p1a: Hydreigon|67/100 brn|[from] Sandstorm
|-damage|p2a: Salamence|62/100|[from] Sandstorm
|-damage|p1a: Hydreigon|61/100 brn|[from] brn
|upkeep
|turn|17
|
|t:|1668190903
|switch|p2a: Slowking|Slowking, F|100/100
|-damage|p2a: Slowking|88/100|[from] Stealth Rock
|move|p1a: Hydreigon|U-turn|p2a: Slowking
|-supereffective|p2a: Slowking
|-damage|p2a: Slowking|76/100
|c|☆The NP sweep|Coba just won right there
|
|t:|1668190913
|switch|p1a: Scizor|Scizor, F|53/100|[from]move: U-turn
|
|-weather|none
|upkeep
|turn|18
|
|t:|1668190925
|switch|p2a: Salamence|Salamence, F|62/100
|-ability|p2a: Salamence|Intimidate|boost
|-unboost|p1a: Scizor|atk|1
|move|p1a: Scizor|U-turn|p2a: Salamence
|-resisted|p2a: Salamence
|-damage|p2a: Salamence|35/100
|
|t:|1668190928
|switch|p1a: Hydreigon|Hydreigon, F|61/100 brn|[from]move: U-turn
|
|-damage|p1a: Hydreigon|55/100 brn|[from] brn
|upkeep
|turn|19
|
|t:|1668190937
|switch|p2a: Slowking|Slowking, F|100/100
|-damage|p2a: Slowking|88/100|[from] Stealth Rock
|move|p1a: Hydreigon|Draco Meteor|p2a: Slowking
|-damage|p2a: Slowking|39/100
|-unboost|p1a: Hydreigon|spa|2
|
|-damage|p1a: Hydreigon|48/100 brn|[from] brn
|upkeep
|turn|20
|
|t:|1668190943
|switch|p1a: Scizor|Scizor, F|53/100
|move|p2a: Slowking|Teleport|p2a: Slowking
|
|t:|1668190946
|switch|p2a: Zarude|Zarude-Dada|100/100|[from]move: Teleport
|-damage|p2a: Zarude|88/100|[from] Stealth Rock
|
|upkeep
|turn|21
|
|t:|1668190952
|switch|p1a: Salamence|Salamence, F|100/100
|-ability|p1a: Salamence|Intimidate|boost
|-unboost|p2a: Zarude|atk|1
|move|p2a: Zarude|U-turn|p1a: Salamence
|-resisted|p1a: Salamence
|-damage|p1a: Salamence|94/100
|
|t:|1668190955
|switch|p2a: Nihilego|Nihilego|100/100|[from]move: U-turn
|-damage|p2a: Nihilego|88/100|[from] Stealth Rock
|
|upkeep
|turn|22
|
|t:|1668190960
|switch|p1a: Hippowdon|Hippowdon, F|79/100
|-weather|Sandstorm|[from] ability: Sand Stream|[of] p1a: Hippowdon
|move|p2a: Nihilego|Meteor Beam||[still]
|-prepare|p2a: Nihilego|Meteor Beam
|-boost|p2a: Nihilego|spa|1
|-enditem|p2a: Nihilego|Power Herb
|-anim|p2a: Nihilego|Meteor Beam|p1a: Hippowdon
|-resisted|p1a: Hippowdon
|-damage|p1a: Hippowdon|43/100
|
|-weather|Sandstorm|[upkeep]
|-heal|p1a: Hippowdon|50/100|[from] item: Leftovers
|upkeep
|turn|23
|
|t:|1668190962
|switch|p1a: Scizor|Scizor, F|53/100
|move|p2a: Nihilego|Grass Knot|p1a: Scizor
|-resisted|p1a: Scizor
|-damage|p1a: Scizor|35/100
|
|-weather|Sandstorm|[upkeep]
|upkeep
|turn|24
|
|t:|1668190966
|switch|p2a: Slowking|Slowking, F|72/100
|-damage|p2a: Slowking|60/100|[from] Stealth Rock
|move|p1a: Scizor|Bullet Punch|p2a: Slowking
|-resisted|p2a: Slowking
|-damage|p2a: Slowking|41/100
|
|-weather|Sandstorm|[upkeep]
|-damage|p2a: Slowking|35/100|[from] Sandstorm
|upkeep
|turn|25
|
|t:|1668190971
|switch|p1a: Hydreigon|Hydreigon, F|48/100 brn
|move|p2a: Slowking|Teleport|p2a: Slowking
|
|t:|1668190973
|switch|p2a: Zarude|Zarude-Dada|88/100|[from]move: Teleport
|-damage|p2a: Zarude|76/100|[from] Stealth Rock
|
|-weather|Sandstorm|[upkeep]
|-damage|p2a: Zarude|70/100|[from] Sandstorm
|-damage|p1a: Hydreigon|42/100 brn|[from] Sandstorm
|-damage|p1a: Hydreigon|36/100 brn|[from] brn
|upkeep
|turn|26
|
|t:|1668190977
|switch|p1a: Salamence|Salamence, F|94/100
|-ability|p1a: Salamence|Intimidate|boost
|-unboost|p2a: Zarude|atk|1
|move|p2a: Zarude|U-turn|p1a: Salamence
|-resisted|p1a: Salamence
|-crit|p1a: Salamence
|-damage|p1a: Salamence|81/100
|
|t:|1668190984
|switch|p2a: Salamence|Salamence, F|35/100|[from]move: U-turn
|-ability|p2a: Salamence|Intimidate|boost
|-unboost|p1a: Salamence|atk|1
|
|-weather|none
|upkeep
|turn|27
|
|t:|1668190988
|switch|p1a: Hydreigon|Hydreigon, F|36/100 brn
|move|p2a: Salamence|Draco Meteor|p1a: Hydreigon
|-supereffective|p1a: Hydreigon
|-damage|p1a: Hydreigon|0 fnt
|-unboost|p2a: Salamence|spa|2
|faint|p1a: Hydreigon
|
|upkeep
|
|t:|1668190990
|switch|p1a: Scizor|Scizor, F|35/100
|turn|28
|
|t:|1668190997
|switch|p2a: Slowking|Slowking, F|68/100
|-damage|p2a: Slowking|55/100|[from] Stealth Rock
|move|p1a: Scizor|U-turn|p2a: Slowking
|-supereffective|p2a: Slowking
|-damage|p2a: Slowking|0 fnt
|faint|p2a: Slowking
|
|t:|1668191001
|switch|p1a: Salamence|Salamence, F|81/100|[from]move: U-turn
|
|upkeep
|
|t:|1668191004
|switch|p2a: Mamoswine|Mamoswine, F|100/100
|-damage|p2a: Mamoswine|88/100|[from] Stealth Rock
|turn|29
|
|t:|1668191008
|switch|p1a: Hippowdon|Hippowdon, F|50/100
|-weather|Sandstorm|[from] ability: Sand Stream|[of] p1a: Hippowdon
|move|p2a: Mamoswine|Ice Shard|p1a: Hippowdon
|-supereffective|p1a: Hippowdon
|-damage|p1a: Hippowdon|4/100
|
|-weather|Sandstorm|[upkeep]
|-heal|p1a: Hippowdon|11/100|[from] item: Leftovers
|upkeep
|turn|30
|
|t:|1668191012
|move|p2a: Mamoswine|Ice Shard|p1a: Hippowdon
|-supereffective|p1a: Hippowdon
|-damage|p1a: Hippowdon|0 fnt
|faint|p1a: Hippowdon
|
|-weather|Sandstorm|[upkeep]
|upkeep
|
|t:|1668191014
|switch|p1a: Scizor|Scizor, F|35/100
|turn|31
|
|t:|1668191017
|switch|p2a: Salamence|Salamence, F|35/100
|-ability|p2a: Salamence|Intimidate|boost
|-unboost|p1a: Scizor|atk|1
|move|p1a: Scizor|Bullet Punch|p2a: Salamence
|-damage|p2a: Salamence|0 fnt
|faint|p2a: Salamence
|
|-weather|Sandstorm|[upkeep]
|upkeep
|
|t:|1668191020
|switch|p2a: Zarude|Zarude-Dada|70/100
|-damage|p2a: Zarude|58/100|[from] Stealth Rock
|turn|32
|
|t:|1668191023
|switch|p1a: Salamence|Salamence, F|81/100
|-ability|p1a: Salamence|Intimidate|boost
|-unboost|p2a: Zarude|atk|1
|move|p2a: Zarude|U-turn|p1a: Salamence
|-resisted|p1a: Salamence
|-damage|p1a: Salamence|75/100
|
|t:|1668191025
|switch|p2a: Mamoswine|Mamoswine, F|88/100|[from]move: U-turn
|-damage|p2a: Mamoswine|76/100|[from] Stealth Rock
|
|-weather|Sandstorm|[upkeep]
|-damage|p1a: Salamence|69/100|[from] Sandstorm
|upkeep
|turn|33
|
|t:|1668191027
|move|p2a: Mamoswine|Ice Shard|p1a: Salamence
|-supereffective|p1a: Salamence
|-damage|p1a: Salamence|0 fnt
|faint|p1a: Salamence
|
|-weather|none
|upkeep
|
|t:|1668191029
|switch|p1a: Scizor|Scizor, F|35/100
|turn|34
|
|t:|1668191032
|switch|p2a: Nihilego|Nihilego|88/100
|-damage|p2a: Nihilego|76/100|[from] Stealth Rock
|move|p1a: Scizor|Bullet Punch|p2a: Nihilego
|-supereffective|p2a: Nihilego
|-damage|p2a: Nihilego|0 fnt
|faint|p2a: Nihilego
|
|upkeep
|
|t:|1668191034
|switch|p2a: Zarude|Zarude-Dada|58/100
|-damage|p2a: Zarude|46/100|[from] Stealth Rock
|turn|35
|
|t:|1668191039
|switch|p1a: Tangrowth|Tangrowth, F|74/100
|move|p2a: Zarude|Darkest Lariat|p1a: Tangrowth
|-damage|p1a: Tangrowth|44/100
|
|upkeep
|turn|36
|
|t:|1668191046
|move|p2a: Zarude|Darkest Lariat|p1a: Tangrowth
|-damage|p1a: Tangrowth|15/100
|move|p1a: Tangrowth|Focus Blast|p2a: Zarude|[miss]
|-miss|p1a: Tangrowth|p2a: Zarude
|
|upkeep
|turn|37
|
|t:|1668191051
|move|p2a: Zarude|Darkest Lariat|p1a: Tangrowth
|-damage|p1a: Tangrowth|0 fnt
|faint|p1a: Tangrowth
|
|upkeep
|
|t:|1668191052
|switch|p1a: Scizor|Scizor, F|35/100
|turn|38
|
|t:|1668191058
|move|p1a: Scizor|Bullet Punch|p2a: Zarude
|-damage|p2a: Zarude|0 fnt
|faint|p2a: Zarude
|
|upkeep
|
|t:|1668191060
|switch|p2a: Mamoswine|Mamoswine, F|76/100
|-damage|p2a: Mamoswine|63/100|[from] Stealth Rock
|turn|39
|
|t:|1668191063
|move|p2a: Mamoswine|Ice Shard|p1a: Scizor
|-resisted|p1a: Scizor
|-damage|p1a: Scizor|14/100
|move|p1a: Scizor|Bullet Punch|p2a: Mamoswine
|-supereffective|p2a: Mamoswine
|-damage|p2a: Mamoswine|0 fnt
|faint|p2a: Mamoswine
|
|win|The NP sweep
|raw|The NP sweep's rating: 1579 &rarr; <strong>1601</strong><br />(+22 for winning)
|raw|the ulkman's rating: 1612 &rarr; <strong>1590</strong><br />(-22 for losing)
|c|☆the ulkman|Gg
|c|☆The NP sweep|gg
|l|☆the ulkman
