|j|☆Bobertrah
|j|☆GryphonEx
|t:|1665326902
|gametype|singles
|player|p1|Bobertrah|cyclist-gen4|1335
|player|p2|GryphonEx|gardenia|1450
|teamsize|p1|6
|teamsize|p2|6
|gen|8
|tier|[Gen 8] UU
|rated|
|rule|Sleep Clause Mod: Limit one foe put to sleep
|rule|Species Clause: Limit one of each Pokémon
|rule|OHKO Clause: OHKO moves are banned
|rule|Evasion Items Clause: Evasion items are banned
|rule|Evasion Moves Clause: Evasion moves are banned
|rule|Endless Battle Clause: Forcing endless battles is banned
|rule|HP Percentage Mod: HP is shown in percentages
|rule|Dynamax Clause: You cannot dynamax
|clearpoke
|poke|p1|Cobalion|
|poke|p1|Durant, M|
|poke|p1|Krookodile, M|
|poke|p1|Lycanroc-Dusk, F|
|poke|p1|Primarina, M|
|poke|p1|Slowbro-Galar, M|
|poke|p2|Hydreigon, M|
|poke|p2|Primarina, F|
|poke|p2|Zarude|
|poke|p2|Salamence, F|
|poke|p2|Chansey, F|
|poke|p2|Corsola-Galar, M|
|teampreview
|
|t:|1665326913
|start
|switch|p1a: Lycanroc|Lycanroc-Dusk, F|100/100
|switch|p2a: Corsola|Corsola-Galar, M|100/100
|turn|1
|
|t:|1665326916
|move|p1a: Lycanroc|Swords Dance|p1a: Lycanroc
|-boost|p1a: Lycanroc|atk|2
|move|p2a: Corsola|Will-O-Wisp|p1a: Lycanroc|[miss]
|-miss|p2a: Corsola|p1a: Lycanroc
|
|upkeep
|turn|2
|
|t:|1665326920
|move|p1a: Lycanroc|Crunch|p2a: Corsola
|-supereffective|p2a: Corsola
|-damage|p2a: Corsola|13/100
|move|p2a: Corsola|Will-O-Wisp|p1a: Lycanroc|[miss]
|-miss|p2a: Corsola|p1a: Lycanroc
|
|upkeep
|turn|3
|c|☆GryphonEx|Really
|c|☆Bobertrah|Pog
|l|☆GryphonEx
|player|p2|
|j|☆GryphonEx
|player|p2|GryphonEx|gardenia
|
|t:|1665326937
|move|p1a: Lycanroc|Crunch|p2a: Corsola
|-supereffective|p2a: Corsola
|-damage|p2a: Corsola|0 fnt
|faint|p2a: Corsola
|
|upkeep
|
|t:|1665326943
|switch|p2a: Primarina|Primarina, F|100/100
|turn|4
|
|t:|1665326948
|move|p1a: Lycanroc|Swords Dance|p1a: Lycanroc
|-boost|p1a: Lycanroc|atk|2
|move|p2a: Primarina|Scald|p1a: Lycanroc
|-supereffective|p1a: Lycanroc
|-enditem|p1a: Lycanroc|Focus Sash
|-damage|p1a: Lycanroc|1/100
|-status|p1a: Lycanroc|brn
|
|-damage|p1a: Lycanroc|0 fnt|[from] brn
|faint|p1a: Lycanroc
|upkeep
|c|☆Bobertrah|Well tneres your burn
|
|t:|1665326964
|switch|p1a: Slowbro|Slowbro-Galar, M|100/100
|turn|5
|
|t:|1665326968
|switch|p2a: Chansey|Chansey, F|100/100
|move|p1a: Slowbro|Nasty Plot|p1a: Slowbro
|-boost|p1a: Slowbro|spa|2
|
|upkeep
|turn|6
|-activate|p1a: Slowbro|ability: Quick Draw
|
|t:|1665326974
|move|p1a: Slowbro|Shell Side Arm|p2a: Chansey|[anim] Shell Side Arm Special
|-damage|p2a: Chansey|73/100
|-hint|Special Shell Side Arm
|move|p2a: Chansey|Thunder Wave|p1a: Slowbro
|-status|p1a: Slowbro|par
|
|upkeep
|turn|7
|
|t:|1665326982
|move|p2a: Chansey|Seismic Toss|p1a: Slowbro
|-damage|p1a: Slowbro|70/100 par
|move|p1a: Slowbro|Shell Side Arm|p2a: Chansey|[anim] Shell Side Arm Special
|-damage|p2a: Chansey|47/100
|-hint|Special Shell Side Arm
|-heal|p1a: Slowbro|77/100 par|[from] item: Shell Bell|[of] p2a: Chansey
|
|upkeep
|turn|8
|
|t:|1665326988
|move|p2a: Chansey|Soft-Boiled|p2a: Chansey
|-heal|p2a: Chansey|98/100
|move|p1a: Slowbro|Shell Side Arm|p2a: Chansey|[anim] Shell Side Arm Special
|-damage|p2a: Chansey|72/100
|-hint|Special Shell Side Arm
|-heal|p1a: Slowbro|84/100 par|[from] item: Shell Bell|[of] p2a: Chansey
|
|upkeep
|turn|9
|
|t:|1665326990
|move|p1a: Slowbro|Nasty Plot|p1a: Slowbro
|-boost|p1a: Slowbro|spa|2
|move|p2a: Chansey|Teleport|p2a: Chansey
|
|t:|1665326994
|switch|p2a: Hydreigon|Hydreigon, M|100/100|[from]move: Teleport
|
|upkeep
|turn|10
|-activate|p1a: Slowbro|ability: Quick Draw
|
|t:|1665326997
|move|p1a: Slowbro|Shell Side Arm|p2a: Hydreigon|[anim] Shell Side Arm Special
|-damage|p2a: Hydreigon|0 fnt
|-hint|Special Shell Side Arm
|faint|p2a: Hydreigon
|-heal|p1a: Slowbro|96/100 par|[from] item: Shell Bell|[of] p2: Hydreigon
|
|upkeep
|
|t:|1665327008
|switch|p2a: Zarude|Zarude|100/100
|turn|11
|-activate|p1a: Slowbro|ability: Quick Draw
|
|t:|1665327010
|cant|p1a: Slowbro|par
|move|p2a: Zarude|Darkest Lariat|p1a: Slowbro
|-supereffective|p1a: Slowbro
|-damage|p1a: Slowbro|0 fnt
|faint|p1a: Slowbro
|
|upkeep
|c|☆Bobertrah|Noooooo
|
|t:|1665327018
|switch|p1a: Krookodile|Krookodile, M|100/100
|turn|12
|
|t:|1665327022
|switch|p2a: Primarina|Primarina, F|100/100
|move|p1a: Krookodile|Knock Off|p2a: Primarina
|-resisted|p2a: Primarina
|-crit|p2a: Primarina
|-damage|p2a: Primarina|56/100
|-enditem|p2a: Primarina|Leftovers|[from] move: Knock Off|[of] p1a: Krookodile
|
|upkeep
|turn|13
|
|t:|1665327029
|switch|p2a: Salamence|Salamence, F|100/100
|-ability|p2a: Salamence|Intimidate|boost
|-unboost|p1a: Krookodile|atk|1
|move|p1a: Krookodile|Earthquake|p2a: Salamence
|-immune|p2a: Salamence
|
|upkeep
|turn|14
|
|t:|1665327036
|move|p1a: Krookodile|Scale Shot|p2a: Salamence
|-supereffective|p2a: Salamence
|-damage|p2a: Salamence|93/100
|-supereffective|p2a: Salamence
|-damage|p2a: Salamence|84/100
|-supereffective|p2a: Salamence
|-damage|p2a: Salamence|76/100
|-supereffective|p2a: Salamence
|-damage|p2a: Salamence|68/100
|-supereffective|p2a: Salamence
|-damage|p2a: Salamence|60/100
|-hitcount|p2a: Salamence|5
|-unboost|p1a: Krookodile|def|1
|-boost|p1a: Krookodile|spe|1
|move|p2a: Salamence|Dual Wingbeat|p1a: Krookodile
|-damage|p1a: Krookodile|69/100
|-damage|p1a: Krookodile|39/100
|-hitcount|p1a: Krookodile|2
|
|upkeep
|turn|15
|
|t:|1665327049
|move|p1a: Krookodile|Stone Edge|p2a: Salamence
|-supereffective|p2a: Salamence
|-damage|p2a: Salamence|30/100
|move|p2a: Salamence|Roost|p2a: Salamence
|-heal|p2a: Salamence|80/100
|-singleturn|p2a: Salamence|move: Roost
|
|upkeep
|turn|16
|
|t:|1665327059
|move|p1a: Krookodile|Knock Off|p2a: Salamence
|-damage|p2a: Salamence|58/100
|-enditem|p2a: Salamence|Heavy-Duty Boots|[from] move: Knock Off|[of] p1a: Krookodile
|move|p2a: Salamence|Dual Wingbeat|p1a: Krookodile
|-damage|p1a: Krookodile|8/100
|-damage|p1a: Krookodile|0 fnt
|faint|p1a: Krookodile
|-hitcount|p1: Krookodile|2
|
|upkeep
|
|t:|1665327065
|switch|p1a: Durant|Durant, M|100/100
|turn|17
|
|t:|1665327071
|switch|p2a: Chansey|Chansey, F|72/100
|move|p1a: Durant|Hone Claws|p1a: Durant
|-boost|p1a: Durant|atk|1
|-boost|p1a: Durant|accuracy|1
|
|upkeep
|turn|18
|
|t:|1665327079
|move|p1a: Durant|Iron Head|p2a: Chansey
|-damage|p2a: Chansey|22/100
|move|p2a: Chansey|Thunder Wave|p1a: Durant
|-status|p1a: Durant|par
|
|upkeep
|turn|19
|
|t:|1665327083
|cant|p1a: Durant|par
|move|p2a: Chansey|Teleport|p2a: Chansey
|
|t:|1665327087
|switch|p2a: Salamence|Salamence, F|58/100|[from]move: Teleport
|-ability|p2a: Salamence|Intimidate|boost
|-unboost|p1a: Durant|atk|1
|
|upkeep
|turn|20
|
|t:|1665327090
|move|p2a: Salamence|Roost|p2a: Salamence
|-heal|p2a: Salamence|100/100
|-singleturn|p2a: Salamence|move: Roost
|move|p1a: Durant|Iron Head|p2a: Salamence
|-damage|p2a: Salamence|58/100
|
|upkeep
|turn|21
|
|t:|1665327097
|move|p2a: Salamence|Roost|p2a: Salamence
|-heal|p2a: Salamence|100/100
|-singleturn|p2a: Salamence|move: Roost
|cant|p1a: Durant|par
|
|upkeep
|turn|22
|
|t:|1665327102
|move|p2a: Salamence|Fire Fang|p1a: Durant
|-supereffective|p1a: Durant
|-damage|p1a: Durant|30/100 par
|move|p1a: Durant|Hone Claws|p1a: Durant
|-boost|p1a: Durant|atk|1
|-boost|p1a: Durant|accuracy|1
|
|upkeep
|turn|23
|
|t:|1665327108
|move|p2a: Salamence|Dual Wingbeat|p1a: Durant|[miss]
|-miss|p2a: Salamence|p1a: Durant
|move|p1a: Durant|Iron Head|p2a: Salamence
|-damage|p2a: Salamence|40/100
|
|upkeep
|turn|24
|
|t:|1665327113
|move|p2a: Salamence|Roost|p2a: Salamence
|-heal|p2a: Salamence|90/100
|-singleturn|p2a: Salamence|move: Roost
|cant|p1a: Durant|par
|
|upkeep
|turn|25
|
|t:|1665327118
|move|p2a: Salamence|Fire Fang|p1a: Durant
|-supereffective|p1a: Durant
|-damage|p1a: Durant|0 fnt
|faint|p1a: Durant
|
|upkeep
|
|t:|1665327120
|switch|p1a: Primarina|Primarina, M|100/100
|turn|26
|
|t:|1665327125
|switch|p2a: Chansey|Chansey, F|22/100
|move|p1a: Primarina|Moonblast|p2a: Chansey
|-damage|p2a: Chansey|7/100
|
|upkeep
|turn|27
|
|t:|1665327130
|move|p1a: Primarina|Moonblast|p2a: Chansey
|-damage|p2a: Chansey|0 fnt
|faint|p2a: Chansey
|
|upkeep
|
|t:|1665327133
|switch|p2a: Primarina|Primarina, F|56/100
|turn|28
|
|t:|1665327135
|move|p2a: Primarina|Calm Mind|p2a: Primarina
|-boost|p2a: Primarina|spa|1
|-boost|p2a: Primarina|spd|1
|move|p1a: Primarina|Energy Ball|p2a: Primarina
|-supereffective|p2a: Primarina
|-damage|p2a: Primarina|16/100
|
|upkeep
|turn|29
|-activate|p1a: Primarina|item: Quick Claw
|
|t:|1665327159
|move|p1a: Primarina|Energy Ball|p2a: Primarina
|-supereffective|p2a: Primarina
|-damage|p2a: Primarina|0 fnt
|faint|p2a: Primarina
|
|upkeep
|
|t:|1665327164
|switch|p2a: Zarude|Zarude|100/100
|turn|30
|-activate|p1a: Primarina|item: Quick Claw
|
|t:|1665327174
|move|p1a: Primarina|Moonblast|p2a: Zarude
|-supereffective|p2a: Zarude
|-damage|p2a: Zarude|0 fnt
|faint|p2a: Zarude
|
|upkeep
|c|☆Bobertrah|Yoooooooo
|
|t:|1665327180
|switch|p2a: Salamence|Salamence, F|90/100
|-ability|p2a: Salamence|Intimidate|boost
|-unboost|p1a: Primarina|atk|1
|turn|31
|-activate|p1a: Primarina|item: Quick Claw
|
|t:|1665327184
|move|p1a: Primarina|Ice Beam|p2a: Salamence
|-supereffective|p2a: Salamence
|-damage|p2a: Salamence|0 fnt
|faint|p2a: Salamence
|
|win|Bobertrah
|raw|Bobertrah's rating: 1335 &rarr; <strong>1361</strong><br />(+26 for winning)
|raw|GryphonEx's rating: 1450 &rarr; <strong>1424</strong><br />(-26 for losing)
|c|☆Bobertrah|No way!
|c|☆GryphonEx|2 times in a row is unfunny
|c|☆GryphonEx|3 times is hilarious
|c|☆GryphonEx|gg
|c|☆Bobertrah|Gg
||Ladder isn't responding, score probably updated but might not have (Request timeout).
|c|☆Bobertrah|In anotner battle i got it 3 times in 4 turns
|c|☆Bobertrah|https://replay.pokemonshowdown.com/gen8ubers-1681245156
