|j|☆You Are A Vernt
|j|☆SeanGlaceon
|t:|1662321071
|gametype|singles
|player|p1|You Are A Vernt|hexmaniac-gen6|1436
|player|p2|SeanGlaceon|101|1390
|teamsize|p1|6
|teamsize|p2|6
|gen|8
|tier|[Gen 8] UU
|rated|
|rule|Sleep Clause Mod: Limit one foe put to sleep
|rule|Species Clause: Limit one of each Pokémon
|rule|OHKO Clause: OHKO moves are banned
|rule|Evasion Items Clause: Evasion items are banned
|rule|Evasion Moves Clause: Evasion moves are banned
|rule|Endless Battle Clause: Forcing endless battles is banned
|rule|HP Percentage Mod: HP is shown in percentages
|rule|Dynamax Clause: You cannot dynamax
|clearpoke
|poke|p1|Scizor, M|
|poke|p1|Tapu Bulu|
|poke|p1|Rotom-Wash|
|poke|p1|Skarmory, F|
|poke|p1|Chansey, F|
|poke|p1|Mandibuzz, F|
|poke|p2|Primarina, F|
|poke|p2|Rotom-Heat|
|poke|p2|Krookodile, M|
|poke|p2|Togekiss, M|
|poke|p2|Hippowdon, F|
|poke|p2|Amoonguss, M|
|teampreview
|
|t:|1662321087
|start
|switch|p1a: Rotom|Rotom-Wash|100/100
|switch|p2a: Rotom|Rotom-Heat|100/100
|turn|1
|
|t:|1662321092
|switch|p2a: Amoonguss|Amoonguss, M|100/100
|move|p1a: Rotom|Volt Switch|p2a: Amoonguss
|-resisted|p2a: Amoonguss
|-damage|p2a: Amoonguss|93/100
|
|t:|1662321100
|switch|p1a: Mandibuzz|Mandibuzz, F|100/100|[from]move: Volt Switch
|
|-heal|p2a: Amoonguss|99/100|[from] item: Black Sludge
|upkeep
|turn|2
|
|t:|1662321112
|move|p1a: Mandibuzz|Brave Bird|p2a: Amoonguss
|-supereffective|p2a: Amoonguss
|-damage|p2a: Amoonguss|42/100
|-damage|p1a: Mandibuzz|81/100|[from] Recoil
|move|p2a: Amoonguss|Toxic|p1a: Mandibuzz
|-status|p1a: Mandibuzz|tox
|
|-heal|p2a: Amoonguss|48/100|[from] item: Black Sludge
|-damage|p1a: Mandibuzz|75/100 tox|[from] psn
|upkeep
|turn|3
|
|t:|1662321136
|switch|p1a: Chansey|Chansey, F|100/100
|switch|p2a: Togekiss|Togekiss, M|100/100
|
|upkeep
|turn|4
|
|t:|1662321145
|move|p2a: Togekiss|Wish|p2a: Togekiss
|move|p1a: Chansey|Stealth Rock|p2a: Togekiss
|-sidestart|p2: SeanGlaceon|move: Stealth Rock
|
|upkeep
|turn|5
|
|t:|1662321154
|switch|p2a: Krookodile|Krookodile, M|100/100
|-damage|p2a: Krookodile|94/100|[from] Stealth Rock
|-ability|p2a: Krookodile|Intimidate|boost
|-unboost|p1a: Chansey|atk|1
|move|p1a: Chansey|Toxic|p2a: Krookodile|[miss]
|-miss|p1a: Chansey|p2a: Krookodile
|
|-heal|p2a: Krookodile|100/100|[from] move: Wish|[wisher] Togekiss
|upkeep
|turn|6
|
|t:|1662321164
|switch|p1a: Skarmory|Skarmory, F|100/100
|move|p2a: Krookodile|Knock Off|p1a: Skarmory
|-damage|p1a: Skarmory|74/100
|-damage|p2a: Krookodile|84/100|[from] item: Rocky Helmet|[of] p1a: Skarmory
|-enditem|p1a: Skarmory|Rocky Helmet|[from] move: Knock Off|[of] p2a: Krookodile
|
|-heal|p2a: Krookodile|90/100|[from] item: Leftovers
|upkeep
|turn|7
|
|t:|1662321175
|switch|p1a: Rotom|Rotom-Wash|100/100
|move|p2a: Krookodile|Taunt|p1a: Rotom
|-start|p1a: Rotom|move: Taunt
|
|-heal|p2a: Krookodile|96/100|[from] item: Leftovers
|upkeep
|turn|8
|
|t:|1662321182
|switch|p1a: Skarmory|Skarmory, F|74/100
|switch|p2a: Amoonguss|Amoonguss, M|82/100
|-damage|p2a: Amoonguss|69/100|[from] Stealth Rock
|
|-heal|p2a: Amoonguss|75/100|[from] item: Black Sludge
|upkeep
|turn|9
|
|t:|1662321190
|switch|p1a: Chansey|Chansey, F|100/100
|switch|p2a: Rotom|Rotom-Heat|100/100
|
|upkeep
|turn|10
|
|t:|1662321198
|move|p2a: Rotom|Defog|p1a: Chansey
|-unboost|p1a: Chansey|evasion|1
|-sideend|p2: SeanGlaceon|Stealth Rock|[from] move: Defog|[of] p2a: Rotom
|move|p1a: Chansey|Toxic|p2a: Rotom
|-status|p2a: Rotom|tox
|
|-damage|p2a: Rotom|94/100 tox|[from] psn
|upkeep
|turn|11
|
|t:|1662321203
|move|p2a: Rotom|Volt Switch|p1a: Chansey
|-damage|p1a: Chansey|91/100
|
|t:|1662321206
|switch|p2a: Krookodile|Krookodile, M|96/100|[from]move: Volt Switch
|-ability|p2a: Krookodile|Intimidate|boost
|-unboost|p1a: Chansey|atk|1
|move|p1a: Chansey|Stealth Rock|p2a: Krookodile
|-sidestart|p2: SeanGlaceon|move: Stealth Rock
|
|-heal|p2a: Krookodile|100/100|[from] item: Leftovers
|upkeep
|turn|12
|
|t:|1662321213
|switch|p1a: Skarmory|Skarmory, F|74/100
|move|p2a: Krookodile|Stealth Rock|p1a: Skarmory
|-sidestart|p1: You Are A Vernt|move: Stealth Rock
|
|upkeep
|turn|13
|
|t:|1662321221
|switch|p2a: Togekiss|Togekiss, M|100/100
|move|p1a: Skarmory|Body Press|p2a: Togekiss
|-resisted|p2a: Togekiss
|-damage|p2a: Togekiss|94/100
|
|upkeep
|turn|14
|
|t:|1662321228
|switch|p1a: Rotom|Rotom-Wash|100/100
|-damage|p1a: Rotom|88/100|[from] Stealth Rock
|move|p2a: Togekiss|Flamethrower|p1a: Rotom
|-resisted|p1a: Rotom
|-damage|p1a: Rotom|76/100
|
|-heal|p1a: Rotom|82/100|[from] item: Leftovers
|upkeep
|turn|15
|
|t:|1662321237
|move|p2a: Togekiss|Air Slash|p1a: Rotom
|-resisted|p1a: Rotom
|-damage|p1a: Rotom|67/100
|move|p1a: Rotom|Will-O-Wisp|p2a: Togekiss
|-status|p2a: Togekiss|brn
|
|-heal|p1a: Rotom|72/100|[from] item: Leftovers
|-damage|p2a: Togekiss|87/100 brn|[from] brn
|upkeep
|turn|16
|
|t:|1662321244
|move|p2a: Togekiss|Air Slash|p1a: Rotom
|-resisted|p1a: Rotom
|-damage|p1a: Rotom|56/100
|cant|p1a: Rotom|flinch
|
|-heal|p1a: Rotom|62/100|[from] item: Leftovers
|-damage|p2a: Togekiss|81/100 brn|[from] brn
|upkeep
|turn|17
|
|t:|1662321251
|switch|p2a: Amoonguss|Amoonguss, M|100/100
|-damage|p2a: Amoonguss|88/100|[from] Stealth Rock
|move|p1a: Rotom|Pain Split|p2a: Amoonguss
|-sethp|p2a: Amoonguss|66/100|[from] move: Pain Split|[silent]
|-sethp|p1a: Rotom|93/100|[from] move: Pain Split
|
|-heal|p1a: Rotom|99/100|[from] item: Leftovers
|-heal|p2a: Amoonguss|72/100|[from] item: Black Sludge
|upkeep
|turn|18
|
|t:|1662321264
|move|p1a: Rotom|Volt Switch|p2a: Amoonguss
|-resisted|p2a: Amoonguss
|-damage|p2a: Amoonguss|63/100
|
|t:|1662321265
|switch|p1a: Chansey|Chansey, F|91/100|[from]move: Volt Switch
|-damage|p1a: Chansey|79/100|[from] Stealth Rock
|move|p2a: Amoonguss|Spore|p1a: Chansey
|-status|p1a: Chansey|slp|[from] move: Spore
|
|-heal|p2a: Amoonguss|69/100|[from] item: Black Sludge
|upkeep
|turn|19
|
|t:|1662321274
|switch|p2a: Primarina|Primarina, F|100/100
|-damage|p2a: Primarina|88/100|[from] Stealth Rock
|cant|p1a: Chansey|slp
|
|upkeep
|turn|20
|
|t:|1662321285
|move|p2a: Primarina|Moonblast|p1a: Chansey
|-damage|p1a: Chansey|55/100 slp
|-unboost|p1a: Chansey|spa|1
|cant|p1a: Chansey|slp
|
|upkeep
|turn|21
|
|t:|1662321290
|move|p2a: Primarina|Moonblast|p1a: Chansey
|-damage|p1a: Chansey|31/100 slp
|cant|p1a: Chansey|slp
|
|upkeep
|turn|22
|
|t:|1662321296
|move|p2a: Primarina|Moonblast|p1a: Chansey
|-damage|p1a: Chansey|7/100 slp
|-curestatus|p1a: Chansey|slp|[msg]
|move|p1a: Chansey|Soft-Boiled|p1a: Chansey
|-heal|p1a: Chansey|57/100
|
|upkeep
|turn|23
|
|t:|1662321305
|move|p2a: Primarina|Moonblast|p1a: Chansey
|-damage|p1a: Chansey|30/100
|-unboost|p1a: Chansey|spa|1
|move|p1a: Chansey|Soft-Boiled|p1a: Chansey
|-heal|p1a: Chansey|80/100
|
|upkeep
|turn|24
|c|☆SeanGlaceon|omg..
|
|t:|1662321315
|switch|p2a: Rotom|Rotom-Heat|94/100 tox
|move|p1a: Chansey|Toxic|p2a: Rotom|[miss]
|-miss|p1a: Chansey|p2a: Rotom
|
|-damage|p2a: Rotom|88/100 tox|[from] psn
|upkeep
|turn|25
|
|t:|1662321321
|move|p2a: Rotom|Volt Switch|p1a: Chansey
|-damage|p1a: Chansey|70/100
|
|t:|1662321331
|switch|p2a: Togekiss|Togekiss, M|81/100 brn|[from]move: Volt Switch
|move|p1a: Chansey|Seismic Toss|p2a: Togekiss
|-damage|p2a: Togekiss|54/100 brn
|
|-damage|p2a: Togekiss|48/100 brn|[from] brn
|upkeep
|turn|26
|
|t:|1662321337
|move|p2a: Togekiss|Roost|p2a: Togekiss
|-heal|p2a: Togekiss|98/100 brn
|-singleturn|p2a: Togekiss|move: Roost
|move|p1a: Chansey|Soft-Boiled|p1a: Chansey
|-heal|p1a: Chansey|100/100
|
|-damage|p2a: Togekiss|92/100 brn|[from] brn
|upkeep
|turn|27
|
|t:|1662321345
|switch|p1a: Rotom|Rotom-Wash|99/100
|-damage|p1a: Rotom|87/100|[from] Stealth Rock
|move|p2a: Togekiss|Wish|p2a: Togekiss
|
|-heal|p1a: Rotom|93/100|[from] item: Leftovers
|-damage|p2a: Togekiss|86/100 brn|[from] brn
|upkeep
|turn|28
|
|t:|1662321352
|move|p2a: Togekiss|Air Slash|p1a: Rotom
|-resisted|p1a: Rotom
|-damage|p1a: Rotom|75/100
|cant|p1a: Rotom|flinch
|
|-heal|p2a: Togekiss|100/100 brn|[from] move: Wish|[wisher] Togekiss
|-heal|p1a: Rotom|81/100|[from] item: Leftovers
|-damage|p2a: Togekiss|94/100 brn|[from] brn
|upkeep
|turn|29
|
|t:|1662321365
|switch|p2a: Amoonguss|Amoonguss, M|100/100
|-damage|p2a: Amoonguss|88/100|[from] Stealth Rock
|move|p1a: Rotom|Volt Switch|p2a: Amoonguss
|-resisted|p2a: Amoonguss
|-damage|p2a: Amoonguss|80/100
|
|t:|1662321368
|switch|p1a: Scizor|Scizor, M|100/100|[from]move: Volt Switch
|-damage|p1a: Scizor|88/100|[from] Stealth Rock
|
|-heal|p2a: Amoonguss|86/100|[from] item: Black Sludge
|upkeep
|turn|30
|
|t:|1662321373
|move|p1a: Scizor|U-turn|p2a: Amoonguss
|-damage|p2a: Amoonguss|27/100
|
|t:|1662321375
|switch|p1a: Mandibuzz|Mandibuzz, F|75/100 tox|[from]move: U-turn
|move|p2a: Amoonguss|Spore|p1a: Mandibuzz
|-immune|p1a: Mandibuzz|[from] ability: Overcoat
|
|-heal|p2a: Amoonguss|34/100|[from] item: Black Sludge
|-damage|p1a: Mandibuzz|69/100 tox|[from] psn
|upkeep
|turn|31
|
|t:|1662321381
|switch|p1a: Rotom|Rotom-Wash|81/100
|-damage|p1a: Rotom|69/100|[from] Stealth Rock
|switch|p2a: Primarina|Primarina, F|88/100
|-damage|p2a: Primarina|76/100|[from] Stealth Rock
|
|-heal|p1a: Rotom|75/100|[from] item: Leftovers
|upkeep
|turn|32
|
|t:|1662321393
|switch|p2a: Hippowdon|Hippowdon, F|100/100
|-damage|p2a: Hippowdon|94/100|[from] Stealth Rock
|-weather|Sandstorm|[from] ability: Sand Stream|[of] p2a: Hippowdon
|move|p1a: Rotom|Volt Switch|p2a: Hippowdon
|-immune|p2a: Hippowdon
|
|-weather|Sandstorm|[upkeep]
|-damage|p1a: Rotom|69/100|[from] Sandstorm
|-heal|p1a: Rotom|75/100|[from] item: Leftovers
|-heal|p2a: Hippowdon|100/100|[from] item: Leftovers
|upkeep
|turn|33
|
|t:|1662321408
|switch|p1a: Skarmory|Skarmory, F|74/100
|-damage|p1a: Skarmory|62/100|[from] Stealth Rock
|move|p2a: Hippowdon|Toxic|p1a: Skarmory
|-immune|p1a: Skarmory
|
|-weather|Sandstorm|[upkeep]
|upkeep
|turn|34
|
|t:|1662321414
|move|p1a: Skarmory|Spikes|p2a: Hippowdon
|-sidestart|p2: SeanGlaceon|Spikes
|move|p2a: Hippowdon|Stone Edge|p1a: Skarmory
|-damage|p1a: Skarmory|47/100
|
|-weather|Sandstorm|[upkeep]
|upkeep
|turn|35
|
|t:|1662321420
|switch|p2a: Rotom|Rotom-Heat|88/100 tox
|move|p1a: Skarmory|Roost|p1a: Skarmory
|-heal|p1a: Skarmory|97/100
|-singleturn|p1a: Skarmory|move: Roost
|
|-weather|Sandstorm|[upkeep]
|-damage|p2a: Rotom|82/100 tox|[from] Sandstorm
|-damage|p2a: Rotom|76/100 tox|[from] psn
|upkeep
|turn|36
|j| wooot
|
|t:|1662321426
|switch|p1a: Chansey|Chansey, F|100/100
|-damage|p1a: Chansey|88/100|[from] Stealth Rock
|move|p2a: Rotom|Defog|p1a: Chansey
|-unboost|p1a: Chansey|evasion|1
|-sideend|p1: You Are A Vernt|Stealth Rock|[from] move: Defog|[of] p2a: Rotom
|-sideend|p2: SeanGlaceon|Spikes|[from] move: Defog|[of] p2a: Rotom
|-sideend|p2: SeanGlaceon|Stealth Rock|[from] move: Defog|[of] p2a: Rotom
|
|-weather|none
|-damage|p2a: Rotom|63/100 tox|[from] psn
|upkeep
|turn|37
|
|t:|1662321435
|move|p2a: Rotom|Volt Switch|p1a: Chansey
|-damage|p1a: Chansey|77/100
|
|t:|1662321439
|switch|p2a: Amoonguss|Amoonguss, M|67/100|[from]move: Volt Switch
|move|p1a: Chansey|Stealth Rock|p2a: Amoonguss
|-sidestart|p2: SeanGlaceon|move: Stealth Rock
|
|-heal|p2a: Amoonguss|73/100|[from] item: Black Sludge
|upkeep
|turn|38
|
|t:|1662321456
|switch|p2a: Togekiss|Togekiss, M|94/100 brn
|move|p1a: Chansey|Seismic Toss|p2a: Togekiss
|-damage|p2a: Togekiss|68/100 brn
|
|-damage|p2a: Togekiss|61/100 brn|[from] brn
|upkeep
|turn|39
|
|t:|1662321467
|move|p2a: Togekiss|Wish|p2a: Togekiss
|move|p1a: Chansey|Seismic Toss|p2a: Togekiss
|-damage|p2a: Togekiss|35/100 brn
|
|-damage|p2a: Togekiss|28/100 brn|[from] brn
|upkeep
|turn|40
|
|t:|1662321483
|switch|p2a: Krookodile|Krookodile, M|100/100
|-damage|p2a: Krookodile|94/100|[from] Stealth Rock
|-ability|p2a: Krookodile|Intimidate|boost
|-unboost|p1a: Chansey|atk|1
|move|p1a: Chansey|Seismic Toss|p2a: Krookodile
|-damage|p2a: Krookodile|69/100
|
|-heal|p2a: Krookodile|100/100|[from] move: Wish|[wisher] Togekiss
|upkeep
|turn|41
|
|t:|1662321493
|switch|p1a: Skarmory|Skarmory, F|97/100
|move|p2a: Krookodile|Taunt|p1a: Skarmory
|-start|p1a: Skarmory|move: Taunt
|
|upkeep
|turn|42
|
|t:|1662321499
|move|p2a: Krookodile|Stealth Rock|p1a: Skarmory
|-sidestart|p1: You Are A Vernt|move: Stealth Rock
|move|p1a: Skarmory|Body Press|p2a: Krookodile
|-supereffective|p2a: Krookodile
|-damage|p2a: Krookodile|58/100
|
|-heal|p2a: Krookodile|64/100|[from] item: Leftovers
|upkeep
|turn|43
|
|t:|1662321510
|switch|p2a: Rotom|Rotom-Heat|63/100 tox
|move|p1a: Skarmory|Body Press|p2a: Rotom
|-damage|p2a: Rotom|25/100 tox
|
|-damage|p2a: Rotom|19/100 tox|[from] psn
|-end|p1a: Skarmory|move: Taunt
|upkeep
|turn|44
|
|t:|1662321518
|switch|p1a: Chansey|Chansey, F|77/100
|-damage|p1a: Chansey|65/100|[from] Stealth Rock
|move|p2a: Rotom|Pain Split|p1a: Chansey
|-sethp|p1a: Chansey|36/100|[from] move: Pain Split|[silent]
|-sethp|p2a: Rotom|100/100 tox|[from] move: Pain Split
|
|-damage|p2a: Rotom|88/100 tox|[from] psn
|upkeep
|turn|45
|
|t:|1662321529
|move|p2a: Rotom|Overheat|p1a: Chansey
|-damage|p1a: Chansey|18/100
|-unboost|p2a: Rotom|spa|2
|move|p1a: Chansey|Soft-Boiled|p1a: Chansey
|-heal|p1a: Chansey|68/100
|
|-damage|p2a: Rotom|69/100 tox|[from] psn
|upkeep
|turn|46
|
|t:|1662321539
|move|p2a: Rotom|Volt Switch|p1a: Chansey
|-damage|p1a: Chansey|63/100
|
|t:|1662321544
|switch|p2a: Togekiss|Togekiss, M|28/100 brn|[from]move: Volt Switch
|move|p1a: Chansey|Seismic Toss|p2a: Togekiss
|-damage|p2a: Togekiss|2/100 brn
|
|-damage|p2a: Togekiss|0 fnt|[from] brn
|faint|p2a: Togekiss
|upkeep
|
|t:|1662321550
|switch|p2a: Primarina|Primarina, F|76/100
|-damage|p2a: Primarina|64/100|[from] Stealth Rock
|turn|47
|
|t:|1662321558
|move|p2a: Primarina|Sparkling Aria|p1a: Chansey
|-damage|p1a: Chansey|41/100
|move|p1a: Chansey|Soft-Boiled|p1a: Chansey
|-heal|p1a: Chansey|91/100
|
|upkeep
|turn|48
|
|t:|1662321562
|move|p2a: Primarina|Sparkling Aria|p1a: Chansey
|-damage|p1a: Chansey|67/100
|move|p1a: Chansey|Seismic Toss|p2a: Primarina
|-damage|p2a: Primarina|32/100
|
|upkeep
|turn|49
|-message|SeanGlaceon forfeited.
|
|win|You Are A Vernt
|raw|You Are A Vernt's rating: 1436 &rarr; <strong>1453</strong><br />(+17 for winning)
|raw|SeanGlaceon's rating: 1390 &rarr; <strong>1373</strong><br />(-17 for losing)
|l|☆SeanGlaceon
|c|☆You Are A Vernt|gg
