|j|☆Retired Aggron
|j|☆ok now i see ya
|t:|1599193972
|player|p1|Retired Aggron|janitor|1688
|player|p2|ok now i see ya|brendan-gen3rs|1500
|teamsize|p1|6
|teamsize|p2|6
|gametype|singles
|gen|8
|tier|[Gen 8] UU
|rated|
|clearpoke
|poke|p1|Zarude|
|poke|p1|Marowak-Alola, F|
|poke|p1|Bewear, M|
|poke|p1|Slowking, M|
|poke|p1|Gardevoir, F|
|poke|p1|Rotom-Wash|
|poke|p2|Froslass, F|
|poke|p2|Cobalion|
|poke|p2|Mimikyu, M|
|poke|p2|Sharpedo, M|
|poke|p2|Bisharp, M|
|poke|p2|Polteageist-Antique|
|rule|Sleep Clause Mod: Limit one foe put to sleep
|rule|Species Clause: Limit one of each Pokémon
|rule|OHKO Clause: OHKO moves are banned
|rule|Evasion Moves Clause: Evasion moves are banned
|rule|Endless Battle Clause: Forcing endless battles is banned
|rule|HP Percentage Mod: HP is shown in percentages
|rule|Dynamax Clause: You cannot dynamax
|teampreview
|inactive|Battle timer is ON: inactive players will automatically lose when time's up. (requested by ok now i see ya)
|c|☆Retired Aggron|hf
|inactive|Retired Aggron has 120 seconds left.
|
|t:|1599194008
|start
|switch|p1a: Rotom|Rotom-Wash|100/100
|switch|p2a: Iced Up|Froslass, F|100/100
|turn|1
|
|t:|1599194038
|move|p2a: Iced Up|Spikes|p1a: Rotom
|-sidestart|p1: Retired Aggron|Spikes
|move|p1a: Rotom|Volt Switch|p2a: Iced Up
|-damage|p2a: Iced Up|62/100
|inactive|Retired Aggron has 120 seconds left.
|
|t:|1599194050
|switch|p1a: Gardevoir|Gardevoir, F|100/100|[from]move: Volt Switch
|-damage|p1a: Gardevoir|88/100|[from] Spikes
|-ability|p1a: Gardevoir|Cursed Body|[from] ability: Trace|[of] p2a: Iced Up
|
|upkeep
|turn|2
|
|t:|1599194071
|move|p1a: Gardevoir|Moonblast|p2a: Iced Up
|-damage|p2a: Iced Up|0 fnt
|faint|p2a: Iced Up
|
|upkeep
|inactive|ok now i see ya has 120 seconds left.
|inactive|ok now i see ya has 90 seconds left.
|
|t:|1599194131
|switch|p2a: Fears|Mimikyu, M|100/100
|turn|3
|inactive|Retired Aggron has 120 seconds left.
|
|t:|1599194165
|switch|p1a: Rotom|Rotom-Wash|100/100
|move|p2a: Fears|Play Rough|p1a: Rotom
|-damage|p1a: Rotom|63/100
|-damage|p2a: Fears|91/100|[from] item: Life Orb
|
|upkeep
|turn|4
|inactive|Retired Aggron has 120 seconds left.
|inactive|Retired Aggron has 90 seconds left.
|
|t:|1599194209
|switch|p2a: Guillotine|Bisharp, M|100/100
|move|p1a: Rotom|Volt Switch|p2a: Guillotine
|-damage|p2a: Guillotine|56/100
|inactive|Retired Aggron has 90 seconds left.
|
|t:|1599194235
|switch|p1a: Gardevoir|Gardevoir, F|88/100|[from]move: Volt Switch
|-damage|p1a: Gardevoir|76/100|[from] Spikes
|-ability|p1a: Gardevoir|Defiant|[from] ability: Trace|[of] p2a: Guillotine
|
|upkeep
|turn|5
|inactive|ok now i see ya has 60 seconds left.
|
|t:|1599194278
|switch|p1a: Zarude|Zarude|100/100
|-damage|p1a: Zarude|88/100|[from] Spikes
|move|p2a: Guillotine|Sucker Punch||[still]
|-fail|p2a: Guillotine
|
|upkeep
|turn|6
|
|t:|1599194303
|move|p2a: Guillotine|Sucker Punch|p1a: Zarude
|-resisted|p1a: Zarude
|-damage|p1a: Zarude|65/100
|move|p1a: Zarude|Power Whip|p2a: Guillotine
|-resisted|p2a: Guillotine
|-damage|p2a: Guillotine|6/100
|-damage|p1a: Zarude|55/100|[from] item: Life Orb
|
|upkeep
|turn|7
|
|t:|1599194309
|move|p1a: Zarude|Synthesis|p1a: Zarude
|-heal|p1a: Zarude|100/100
|move|p2a: Guillotine|Knock Off|p1a: Zarude
|-resisted|p1a: Zarude
|-damage|p1a: Zarude|71/100
|-enditem|p1a: Zarude|Life Orb|[from] move: Knock Off|[of] p2a: Guillotine
|
|upkeep
|turn|8
|
|t:|1599194316
|switch|p2a: Koba Leon|Cobalion|100/100
|move|p1a: Zarude|Throat Chop|p2a: Koba Leon
|-resisted|p2a: Koba Leon
|-damage|p2a: Koba Leon|84/100
|-start|p2a: Koba Leon|Throat Chop|[silent]
|-ability|p2a: Koba Leon|Justified|boost
|-boost|p2a: Koba Leon|atk|1
|
|upkeep
|turn|9
|inactive|Retired Aggron has 90 seconds left.
|
|t:|1599194326
|switch|p1a: Slowking|Slowking, M, shiny|100/100
|-damage|p1a: Slowking|88/100|[from] Spikes
|move|p2a: Koba Leon|Close Combat|p1a: Slowking
|-resisted|p1a: Slowking
|-damage|p1a: Slowking|52/100
|-unboost|p2a: Koba Leon|def|1
|-unboost|p2a: Koba Leon|spd|1
|
|-heal|p1a: Slowking|58/100|[from] item: Leftovers
|-end|p2a: Koba Leon|Throat Chop|[silent]
|upkeep
|turn|10
|inactive|Retired Aggron has 90 seconds left.
|
|t:|1599194362
|move|p2a: Koba Leon|Stealth Rock|p1a: Slowking
|-sidestart|p1: Retired Aggron|move: Stealth Rock
|move|p1a: Slowking|Trick Room|p1a: Slowking
|-fieldstart|move: Trick Room|[of] p1a: Slowking
|
|-heal|p1a: Slowking|64/100|[from] item: Leftovers
|upkeep
|turn|11
|inactive|ok now i see ya has 60 seconds left.
|
|t:|1599194376
|move|p2a: Koba Leon|Taunt|p1a: Slowking
|-start|p1a: Slowking|move: Taunt
|cant|p1a: Slowking|move: Taunt|Teleport
|
|-heal|p1a: Slowking|70/100|[from] item: Leftovers
|upkeep
|turn|12
|
|t:|1599194390
|switch|p1a: Rotom|Rotom-Wash|63/100
|-damage|p1a: Rotom|50/100|[from] Stealth Rock
|-enditem|p1a: Rotom|Sitrus Berry|[eat]
|-heal|p1a: Rotom|75/100|[from] item: Sitrus Berry
|move|p2a: Koba Leon|Iron Head|p1a: Rotom
|-resisted|p1a: Rotom
|-damage|p1a: Rotom|65/100
|
|upkeep
|turn|13
|
|t:|1599194397
|move|p1a: Rotom|Defog|p2a: Koba Leon
|-unboost|p2a: Koba Leon|evasion|1
|-sideend|p1: Retired Aggron|Spikes|[from] move: Defog|[of] p1a: Rotom
|-sideend|p1: Retired Aggron|Stealth Rock|[from] move: Defog|[of] p1a: Rotom
|move|p2a: Koba Leon|Stealth Rock|p1a: Rotom
|-sidestart|p1: Retired Aggron|move: Stealth Rock
|
|upkeep
|turn|14
|
|t:|1599194403
|move|p1a: Rotom|Will-O-Wisp|p2a: Koba Leon
|-status|p2a: Koba Leon|brn
|move|p2a: Koba Leon|Stealth Rock||[still]
|-fail|p2a: Koba Leon
|
|-damage|p2a: Koba Leon|78/100 brn|[from] brn
|-fieldend|move: Trick Room
|upkeep
|turn|15
|
|t:|1599194408
|move|p2a: Koba Leon|Close Combat|p1a: Rotom
|-damage|p1a: Rotom|31/100
|-unboost|p2a: Koba Leon|def|1
|-unboost|p2a: Koba Leon|spd|1
|move|p1a: Rotom|Defog|p2a: Koba Leon
|-unboost|p2a: Koba Leon|evasion|1
|-sideend|p1: Retired Aggron|Stealth Rock|[from] move: Defog|[of] p1a: Rotom
|
|-damage|p2a: Koba Leon|71/100 brn|[from] brn
|upkeep
|turn|16
|
|t:|1599194412
|move|p2a: Koba Leon|Stealth Rock|p1a: Rotom
|-sidestart|p1: Retired Aggron|move: Stealth Rock
|move|p1a: Rotom|Hydro Pump|p2a: Koba Leon
|-damage|p2a: Koba Leon|0 fnt
|faint|p2a: Koba Leon
|
|upkeep
|inactive|ok now i see ya has 90 seconds left.
|inactive|ok now i see ya has 60 seconds left.
|
|t:|1599194454
|switch|p2a: Jaws|Sharpedo, M|100/100
|turn|17
|
|t:|1599194459
|move|p2a: Jaws|Dark Pulse|p1a: Rotom
|-damage|p1a: Rotom|0 fnt
|-damage|p2a: Jaws|91/100|[from] item: Life Orb
|faint|p1a: Rotom
|
|-ability|p2a: Jaws|Speed Boost|boost
|-boost|p2a: Jaws|spe|1
|upkeep
|
|t:|1599194468
|switch|p1a: Gardevoir|Gardevoir, F|76/100
|-damage|p1a: Gardevoir|64/100|[from] Stealth Rock
|-ability|p1a: Gardevoir|Speed Boost|[from] ability: Trace|[of] p2a: Jaws
|turn|18
|
|t:|1599194472
|move|p2a: Jaws|Protect|p2a: Jaws
|-singleturn|p2a: Jaws|Protect
|move|p1a: Gardevoir|Moonblast|p2a: Jaws
|-activate|p2a: Jaws|move: Protect
|
|-ability|p2a: Jaws|Speed Boost|boost
|-boost|p2a: Jaws|spe|1
|-ability|p1a: Gardevoir|Speed Boost|boost
|-boost|p1a: Gardevoir|spe|1
|upkeep
|turn|19
|inactive|ok now i see ya has 60 seconds left.
|
|t:|1599194509
|move|p1a: Gardevoir|Moonblast|p2a: Jaws
|-supereffective|p2a: Jaws
|-damage|p2a: Jaws|0 fnt
|faint|p2a: Jaws
|
|-ability|p1a: Gardevoir|Speed Boost|boost
|-boost|p1a: Gardevoir|spe|1
|upkeep
|inactive|ok now i see ya has 30 seconds left.
|inactive|ok now i see ya has 20 seconds left.
|
|t:|1599194554
|switch|p2a: Fears|Mimikyu, M|91/100
|turn|20
|inactive|ok now i see ya has 30 seconds left this turn.
|
|t:|1599194563
|move|p1a: Gardevoir|Moonblast|p2a: Fears
|-activate|p2a: Fears|ability: Disguise
|-damage|p2a: Fears|91/100
|detailschange|p2a: Fears|Mimikyu-Busted, M
|-damage|p2a: Fears|78/100|[from] pokemon: Mimikyu-Busted
|move|p2a: Fears|Swords Dance|p2a: Fears
|-boost|p2a: Fears|atk|2
|
|-ability|p1a: Gardevoir|Speed Boost|boost
|-boost|p1a: Gardevoir|spe|1
|upkeep
|turn|21
|
|t:|1599194571
|switch|p1a: Zarude|Zarude|71/100
|-damage|p1a: Zarude|59/100|[from] Stealth Rock
|move|p2a: Fears|Shadow Claw|p1a: Zarude
|-resisted|p1a: Zarude
|-damage|p1a: Zarude|25/100
|-damage|p2a: Fears|68/100|[from] item: Life Orb
|
|upkeep
|turn|22
|j| Sebilin1125
|
|t:|1599194582
|move|p1a: Zarude|Throat Chop|p2a: Fears
|-damage|p2a: Fears|4/100
|-start|p2a: Fears|Throat Chop|[silent]
|move|p2a: Fears|Play Rough|p1a: Zarude
|-supereffective|p1a: Zarude
|-damage|p1a: Zarude|0 fnt
|-damage|p2a: Fears|0 fnt|[from] item: Life Orb
|faint|p1a: Zarude
|faint|p2a: Fears
|
|upkeep
|
|t:|1599194595
|switch|p1a: Slowking|Slowking, M, shiny|100/100
|switch|p2a: Guillotine|Bisharp, M|6/100
|-damage|p1a: Slowking|88/100|[from] Stealth Rock
|turn|23
|
|t:|1599194622
|switch|p1a: Marowak|Marowak-Alola, F|100/100
|-damage|p1a: Marowak|76/100|[from] Stealth Rock
|move|p2a: Guillotine|Knock Off|p1a: Marowak
|-supereffective|p1a: Marowak
|-damage|p1a: Marowak|0 fnt
|-enditem|p1a: Marowak|Thick Club|[from] move: Knock Off|[of] p2a: Guillotine
|faint|p1a: Marowak
|
|upkeep
|
|t:|1599194625
|switch|p1a: Don't Care|Bewear, M|100/100
|-damage|p1a: Don't Care|94/100|[from] Stealth Rock
|turn|24
|
|t:|1599194628
|move|p2a: Guillotine|Knock Off|p1a: Don't Care
|-resisted|p1a: Don't Care
|-damage|p1a: Don't Care|84/100
|-enditem|p1a: Don't Care|Leftovers|[from] move: Knock Off|[of] p2a: Guillotine
|move|p1a: Don't Care|Darkest Lariat|p2a: Guillotine
|-resisted|p2a: Guillotine
|-damage|p2a: Guillotine|0 fnt
|faint|p2a: Guillotine
|
|upkeep
|
|t:|1599194630
|switch|p2a: Spill the tea|Polteageist-Antique|100/100
|turn|25
|
|t:|1599194633
|move|p2a: Spill the tea|Shell Smash|p2a: Spill the tea
|-unboost|p2a: Spill the tea|def|1
|-unboost|p2a: Spill the tea|spd|1
|-boost|p2a: Spill the tea|atk|2
|-boost|p2a: Spill the tea|spa|2
|-boost|p2a: Spill the tea|spe|2
|move|p1a: Don't Care|Darkest Lariat|p2a: Spill the tea
|-supereffective|p2a: Spill the tea
|-damage|p2a: Spill the tea|14/100
|-ability|p2a: Spill the tea|Weak Armor|boost
|-unboost|p2a: Spill the tea|def|1
|-boost|p2a: Spill the tea|spe|2
|
|upkeep
|turn|26
|
|t:|1599194636
|move|p2a: Spill the tea|Stored Power|p1a: Don't Care
|-supereffective|p1a: Don't Care
|-damage|p1a: Don't Care|0 fnt
|faint|p1a: Don't Care
|
|upkeep
|
|t:|1599194645
|switch|p1a: Gardevoir|Gardevoir, F|64/100
|-damage|p1a: Gardevoir|51/100|[from] Stealth Rock
|-ability|p1a: Gardevoir|Weak Armor|[from] ability: Trace|[of] p2a: Spill the tea
|turn|27
|
|t:|1599194647
|move|p2a: Spill the tea|Shadow Ball|p1a: Gardevoir
|-supereffective|p1a: Gardevoir
|-damage|p1a: Gardevoir|0 fnt
|faint|p1a: Gardevoir
|
|upkeep
|
|t:|1599194649
|switch|p1a: Slowking|Slowking, M, shiny|100/100
|-damage|p1a: Slowking|88/100|[from] Stealth Rock
|turn|28
|inactive|ok now i see ya has 120 seconds left.
|
|t:|1599194667
|move|p2a: Spill the tea|Shadow Ball|p1a: Slowking
|-supereffective|p1a: Slowking
|-damage|p1a: Slowking|0 fnt
|faint|p1a: Slowking
|
|win|ok now i see ya
|l|☆Retired Aggron
|raw|Retired Aggron's rating: 1688 &rarr; <strong>1659</strong><br />(-29 for losing)
|raw|ok now i see ya's rating: 1500 &rarr; <strong>1530</strong><br />(+30 for winning)
|l| Sebilin1125
|j| Sebilin1125
