|raw|<div class="broadcast-blue"><strong>This battle is required to be public due to a player having a name starting with 'uult91w'.</div>
|j|☆UULT91W TT
|j|☆Jelly cookie
|t:|1651665924
|gametype|singles
|player|p1|UULT91W TT|leon-tower|1285
|player|p2|Jelly cookie|fisherman-gen4|1338
|teamsize|p1|6
|teamsize|p2|6
|gen|8
|tier|[Gen 8] UU
|rated|
|rule|Sleep Clause Mod: Limit one foe put to sleep
|rule|Species Clause: Limit one of each Pokémon
|rule|OHKO Clause: OHKO moves are banned
|rule|Evasion Moves Clause: Evasion moves are banned
|rule|Endless Battle Clause: Forcing endless battles is banned
|rule|HP Percentage Mod: HP is shown in percentages
|rule|Dynamax Clause: You cannot dynamax
|clearpoke
|poke|p1|Hippowdon, F|
|poke|p1|Skarmory, F|
|poke|p1|Zarude-Dada|
|poke|p1|Slowking, M|
|poke|p1|Thundurus-Therian, M|
|poke|p1|Noivern, F|
|poke|p2|Azumarill, M|
|poke|p2|Salamence, F|
|poke|p2|Umbreon, F|
|poke|p2|Scizor, F|
|poke|p2|Amoonguss, F|
|poke|p2|Nidoking, M|
|teampreview
|inactive|Battle timer is ON: inactive players will automatically lose when time's up. (requested by Jelly cookie)
|
|t:|1651665939
|start
|switch|p1a: Thundurus|Thundurus-Therian, M|100/100
|switch|p2a: Nidoking|Nidoking, M, shiny|100/100
|turn|1
|
|t:|1651665963
|switch|p1a: Slowking|Slowking, M|100/100
|move|p2a: Nidoking|Sludge Wave|p1a: Slowking
|-damage|p1a: Slowking|55/100
|
|upkeep
|turn|2
|
|t:|1651665970
|move|p2a: Nidoking|Sludge Wave|p1a: Slowking
|-damage|p1a: Slowking|7/100
|move|p1a: Slowking|Scald|p2a: Nidoking
|-supereffective|p2a: Nidoking
|-damage|p2a: Nidoking|26/100
|-status|p2a: Nidoking|brn
|
|-damage|p2a: Nidoking|20/100 brn|[from] brn
|upkeep
|turn|3
|
|t:|1651665987
|switch|p1a: Hippowdon|Hippowdon, F|100/100
|-weather|Sandstorm|[from] ability: Sand Stream|[of] p1a: Hippowdon
|move|p2a: Nidoking|Stealth Rock|p1a: Hippowdon
|-sidestart|p1: UULT91W TT|move: Stealth Rock
|
|-weather|Sandstorm|[upkeep]
|-damage|p2a: Nidoking|14/100 brn|[from] brn
|upkeep
|turn|4
|
|t:|1651665993
|move|p2a: Nidoking|Earth Power|p1a: Hippowdon
|-damage|p1a: Hippowdon|50/100
|move|p1a: Hippowdon|Stealth Rock|p2a: Nidoking
|-sidestart|p2: Jelly cookie|move: Stealth Rock
|
|-weather|Sandstorm|[upkeep]
|-damage|p2a: Nidoking|8/100 brn|[from] brn
|upkeep
|turn|5
|
|t:|1651666005
|move|p2a: Nidoking|Sludge Wave|p1a: Hippowdon
|-resisted|p1a: Hippowdon
|-damage|p1a: Hippowdon|24/100
|move|p1a: Hippowdon|Earthquake|p2a: Nidoking
|-supereffective|p2a: Nidoking
|-damage|p2a: Nidoking|0 fnt
|faint|p2a: Nidoking
|
|-weather|Sandstorm|[upkeep]
|upkeep
|
|t:|1651666020
|switch|p2a: Scizor|Scizor, F|100/100
|-damage|p2a: Scizor|88/100|[from] Stealth Rock
|turn|6
|
|t:|1651666023
|move|p2a: Scizor|Knock Off|p1a: Hippowdon
|-damage|p1a: Hippowdon|0 fnt
|-damage|p2a: Scizor|72/100|[from] item: Rocky Helmet|[of] p1a: Hippowdon
|-enditem|p1a: Hippowdon|Rocky Helmet|[from] move: Knock Off|[of] p2a: Scizor
|faint|p1a: Hippowdon
|
|-weather|Sandstorm|[upkeep]
|upkeep
|
|t:|1651666026
|switch|p1a: Thundurus|Thundurus-Therian, M|100/100
|turn|7
|
|t:|1651666029
|move|p1a: Thundurus|Volt Switch|p2a: Scizor
|-damage|p2a: Scizor|23/100
|
|t:|1651666031
|switch|p1a: Skarmory|Skarmory, F|100/100|[from]move: Volt Switch
|-damage|p1a: Skarmory|88/100|[from] Stealth Rock
|move|p2a: Scizor|Knock Off|p1a: Skarmory
|-damage|p1a: Skarmory|56/100
|-damage|p2a: Scizor|6/100|[from] item: Rocky Helmet|[of] p1a: Skarmory
|-enditem|p1a: Skarmory|Rocky Helmet|[from] move: Knock Off|[of] p2a: Scizor
|
|-weather|none
|upkeep
|turn|8
|
|t:|1651666041
|move|p1a: Skarmory|Roost|p1a: Skarmory
|-heal|p1a: Skarmory|100/100
|-singleturn|p1a: Skarmory|move: Roost
|move|p2a: Scizor|Knock Off|p1a: Skarmory
|-damage|p1a: Skarmory|78/100
|
|upkeep
|turn|9
|
|t:|1651666044
|switch|p2a: Umbreon|Umbreon, F, shiny|100/100
|-damage|p2a: Umbreon|88/100|[from] Stealth Rock
|move|p1a: Skarmory|Spikes|p2a: Umbreon
|-sidestart|p2: Jelly cookie|Spikes
|
|-heal|p2a: Umbreon|94/100|[from] item: Leftovers
|upkeep
|turn|10
|
|t:|1651666053
|move|p1a: Skarmory|Iron Defense|p1a: Skarmory
|-boost|p1a: Skarmory|def|2
|move|p2a: Umbreon|Wish|p2a: Umbreon
|
|-heal|p2a: Umbreon|100/100|[from] item: Leftovers
|upkeep
|turn|11
|
|t:|1651666059
|switch|p2a: Azumarill|Azumarill, M, shiny|100/100
|-damage|p2a: Azumarill|88/100|[from] Stealth Rock
|-damage|p2a: Azumarill|76/100|[from] Spikes
|move|p1a: Skarmory|Spikes|p2a: Azumarill
|-sidestart|p2: Jelly cookie|Spikes
|
|-heal|p2a: Azumarill|100/100|[from] move: Wish|[wisher] Umbreon
|upkeep
|turn|12
|
|t:|1651666064
|move|p1a: Skarmory|Body Press|p2a: Azumarill
|-resisted|p2a: Azumarill
|-damage|p2a: Azumarill|67/100
|move|p2a: Azumarill|Belly Drum|p2a: Azumarill
|-damage|p2a: Azumarill|17/100
|-setboost|p2a: Azumarill|atk|6|[from] move: Belly Drum
|-enditem|p2a: Azumarill|Sitrus Berry|[eat]
|-heal|p2a: Azumarill|42/100|[from] item: Sitrus Berry
|
|upkeep
|turn|13
|inactive|UULT91W TT has 120 seconds left.
|inactive|UULT91W TT has 90 seconds left.
|
|t:|1651666130
|move|p1a: Skarmory|Body Press|p2a: Azumarill
|-resisted|p2a: Azumarill
|-damage|p2a: Azumarill|7/100
|move|p2a: Azumarill|Ice Punch|p1a: Skarmory
|-damage|p1a: Skarmory|43/100
|
|upkeep
|turn|14
|
|t:|1651666137
|move|p2a: Azumarill|Aqua Jet|p1a: Skarmory
|-damage|p1a: Skarmory|14/100
|move|p1a: Skarmory|Roost|p1a: Skarmory
|-heal|p1a: Skarmory|64/100
|-singleturn|p1a: Skarmory|move: Roost
|
|upkeep
|turn|15
|
|t:|1651666141
|move|p2a: Azumarill|Aqua Jet|p1a: Skarmory
|-damage|p1a: Skarmory|30/100
|move|p1a: Skarmory|Roost|p1a: Skarmory
|-heal|p1a: Skarmory|80/100
|-singleturn|p1a: Skarmory|move: Roost
|
|upkeep
|turn|16
|
|t:|1651666144
|move|p2a: Azumarill|Aqua Jet|p1a: Skarmory
|-crit|p1a: Skarmory
|-damage|p1a: Skarmory|0 fnt
|faint|p1a: Skarmory
|
|upkeep
|c|☆UULT91W TT|omg
|
|t:|1651666156
|switch|p1a: Zarude|Zarude-Dada|100/100
|turn|17
|
|t:|1651666162
|move|p2a: Azumarill|Aqua Jet|p1a: Zarude
|-resisted|p1a: Zarude
|-damage|p1a: Zarude|57/100
|move|p1a: Zarude|U-turn|p2a: Azumarill
|-resisted|p2a: Azumarill
|-damage|p2a: Azumarill|0 fnt
|faint|p2a: Azumarill
|inactive|UULT91W TT has 120 seconds left.
|
|t:|1651666169
|switch|p1a: Noivern|Noivern, F|100/100|[from]move: U-turn
|
|upkeep
|
|t:|1651666176
|switch|p2a: Amoonguss|Amoonguss, F|100/100
|-damage|p2a: Amoonguss|84/100|[from] Spikes
|-damage|p2a: Amoonguss|72/100|[from] Stealth Rock
|turn|18
|
|t:|1651666181
|move|p1a: Noivern|Flamethrower|p2a: Amoonguss
|-supereffective|p2a: Amoonguss
|-crit|p2a: Amoonguss
|-damage|p2a: Amoonguss|11/100
|move|p2a: Amoonguss|Toxic|p1a: Noivern
|-status|p1a: Noivern|tox
|
|-damage|p1a: Noivern|94/100 tox|[from] psn
|upkeep
|turn|19
|
|t:|1651666186
|switch|p2a: Umbreon|Umbreon, F, shiny|100/100
|-damage|p2a: Umbreon|84/100|[from] Spikes
|-damage|p2a: Umbreon|72/100|[from] Stealth Rock
|move|p1a: Noivern|U-turn|p2a: Umbreon
|-supereffective|p2a: Umbreon
|-damage|p2a: Umbreon|57/100
|
|t:|1651666188
|switch|p1a: Slowking|Slowking, M|40/100|[from]move: U-turn
|-damage|p1a: Slowking|27/100|[from] Stealth Rock
|
|-heal|p2a: Umbreon|63/100|[from] item: Leftovers
|upkeep
|turn|20
|
|t:|1651666192
|move|p2a: Umbreon|Foul Play|p1a: Slowking
|-supereffective|p1a: Slowking
|-enditem|p1a: Slowking|Colbur Berry|[eat]
|-enditem|p1a: Slowking|Colbur Berry|[weaken]
|-damage|p1a: Slowking|8/100
|move|p1a: Slowking|Slack Off|p1a: Slowking
|-heal|p1a: Slowking|58/100
|
|-heal|p2a: Umbreon|69/100|[from] item: Leftovers
|upkeep
|turn|21
|
|t:|1651666197
|move|p2a: Umbreon|Wish|p2a: Umbreon
|move|p1a: Slowking|Slack Off|p1a: Slowking
|-heal|p1a: Slowking|100/100
|
|-heal|p2a: Umbreon|75/100|[from] item: Leftovers
|upkeep
|turn|22
|
|t:|1651666200
|move|p2a: Umbreon|Foul Play|p1a: Slowking
|-supereffective|p1a: Slowking
|-damage|p1a: Slowking|62/100
|move|p1a: Slowking|Teleport|p1a: Slowking
|
|t:|1651666204
|switch|p1a: Zarude|Zarude-Dada|57/100|[from]move: Teleport
|
|-heal|p2a: Umbreon|100/100|[from] move: Wish|[wisher] Umbreon
|upkeep
|turn|23
|
|t:|1651666209
|move|p1a: Zarude|Power Whip|p2a: Umbreon
|-damage|p2a: Umbreon|62/100
|move|p2a: Umbreon|Wish|p2a: Umbreon
|
|-heal|p2a: Umbreon|69/100|[from] item: Leftovers
|upkeep
|turn|24
|
|t:|1651666214
|switch|p2a: Amoonguss|Amoonguss, F|44/100
|-damage|p2a: Amoonguss|28/100|[from] Spikes
|-damage|p2a: Amoonguss|16/100|[from] Stealth Rock
|move|p1a: Zarude|Jungle Healing|p1a: Zarude
|-heal|p1a: Zarude|82/100
|
|-heal|p2a: Amoonguss|64/100|[from] move: Wish|[wisher] Umbreon
|upkeep
|turn|25
|
|t:|1651666222
|move|p1a: Zarude|U-turn|p2a: Amoonguss
|-damage|p2a: Amoonguss|45/100
|-damage|p1a: Zarude|65/100|[from] item: Rocky Helmet|[of] p2a: Amoonguss
|
|t:|1651666226
|switch|p1a: Noivern|Noivern, F|94/100 tox|[from]move: U-turn
|move|p2a: Amoonguss|Sludge Bomb|p1a: Noivern
|-damage|p1a: Noivern|55/100 tox
|
|-damage|p1a: Noivern|49/100 tox|[from] psn
|upkeep
|turn|26
|
|t:|1651666238
|switch|p2a: Scizor|Scizor, F|6/100
|-damage|p2a: Scizor|0 fnt|[from] Spikes
|faint|p2a: Scizor
|move|p1a: Noivern|Flamethrower|p2: Scizor|[notarget]
|-fail|p1a: Noivern
|
|-damage|p1a: Noivern|37/100 tox|[from] psn
|upkeep
|
|t:|1651666243
|switch|p2a: Umbreon|Umbreon, F, shiny|69/100
|-damage|p2a: Umbreon|56/100|[from] Stealth Rock
|-damage|p2a: Umbreon|40/100|[from] Spikes
|turn|27
|
|t:|1651666249
|move|p1a: Noivern|Roost|p1a: Noivern
|-heal|p1a: Noivern|87/100 tox
|-singleturn|p1a: Noivern|move: Roost
|move|p2a: Umbreon|Wish|p2a: Umbreon
|
|-heal|p2a: Umbreon|46/100|[from] item: Leftovers
|-damage|p1a: Noivern|69/100 tox|[from] psn
|upkeep
|turn|28
|
|t:|1651666253
|switch|p1a: Slowking|Slowking, M|96/100
|-damage|p1a: Slowking|83/100|[from] Stealth Rock
|move|p2a: Umbreon|Foul Play|p1a: Slowking
|-supereffective|p1a: Slowking
|-damage|p1a: Slowking|45/100
|
|-heal|p2a: Umbreon|96/100|[from] move: Wish|[wisher] Umbreon
|-heal|p2a: Umbreon|100/100|[from] item: Leftovers
|upkeep
|turn|29
|
|t:|1651666256
|move|p2a: Umbreon|Foul Play|p1a: Slowking
|-supereffective|p1a: Slowking
|-damage|p1a: Slowking|9/100
|move|p1a: Slowking|Slack Off|p1a: Slowking
|-heal|p1a: Slowking|59/100
|
|upkeep
|turn|30
|
|t:|1651666258
|move|p2a: Umbreon|Wish|p2a: Umbreon
|move|p1a: Slowking|Slack Off|p1a: Slowking
|-heal|p1a: Slowking|100/100
|
|upkeep
|turn|31
|
|t:|1651666263
|switch|p2a: Salamence|Salamence, F|100/100
|move|p1a: Slowking|Future Sight|p2a: Salamence
|-start|p1a: Slowking|move: Future Sight
|
|upkeep
|turn|32
|
|t:|1651666269
|switch|p2a: Umbreon|Umbreon, F, shiny|100/100
|-damage|p2a: Umbreon|88/100|[from] Stealth Rock
|-damage|p2a: Umbreon|72/100|[from] Spikes
|move|p1a: Slowking|Scald|p2a: Umbreon
|-damage|p2a: Umbreon|53/100
|
|-heal|p2a: Umbreon|59/100|[from] item: Leftovers
|upkeep
|turn|33
|
|t:|1651666275
|move|p2a: Umbreon|Foul Play|p1a: Slowking
|-supereffective|p1a: Slowking
|-damage|p1a: Slowking|65/100
|move|p1a: Slowking|Teleport|p1a: Slowking
|
|t:|1651666277
|switch|p1a: Zarude|Zarude-Dada|65/100|[from]move: Teleport
|
|-end|p2a: Umbreon|move: Future Sight
|-immune|p2a: Umbreon
|-heal|p2a: Umbreon|66/100|[from] item: Leftovers
|upkeep
|turn|34
|
|t:|1651666279
|switch|p2a: Salamence|Salamence, F|100/100
|move|p1a: Zarude|Jungle Healing|p1a: Zarude
|-heal|p1a: Zarude|90/100
|
|upkeep
|turn|35
|
|t:|1651666282
|move|p1a: Zarude|Darkest Lariat|p2a: Salamence
|-damage|p2a: Salamence|46/100
|move|p2a: Salamence|Dragon Dance|p2a: Salamence
|-boost|p2a: Salamence|atk|1
|-boost|p2a: Salamence|spe|1
|
|upkeep
|turn|36
|
|t:|1651666291
|switch|p1a: Thundurus|Thundurus-Therian, M|100/100
|move|p2a: Salamence|Dual Wingbeat|p1a: Thundurus
|-resisted|p1a: Thundurus
|-damage|p1a: Thundurus|73/100
|-resisted|p1a: Thundurus
|-damage|p1a: Thundurus|45/100
|-hitcount|p1a: Thundurus|2
|
|upkeep
|turn|37
|
|t:|1651666301
|move|p2a: Salamence|Dragon Claw|p1a: Thundurus
|-damage|p1a: Thundurus|0 fnt
|faint|p1a: Thundurus
|-ability|p2a: Salamence|Moxie|boost
|-boost|p2a: Salamence|atk|1
|
|upkeep
|
|t:|1651666303
|switch|p1a: Slowking|Slowking, M|98/100
|-damage|p1a: Slowking|86/100|[from] Stealth Rock
|turn|38
|
|t:|1651666306
|move|p2a: Salamence|Dragon Claw|p1a: Slowking
|-damage|p1a: Slowking|6/100
|move|p1a: Slowking|Future Sight|p2a: Salamence
|-start|p1a: Slowking|move: Future Sight
|
|upkeep
|turn|39
|
|t:|1651666315
|switch|p1a: Noivern|Noivern, F|69/100 tox
|move|p2a: Salamence|Dragon Claw|p1a: Noivern
|-supereffective|p1a: Noivern
|-damage|p1a: Noivern|0 fnt
|faint|p1a: Noivern
|-ability|p2a: Salamence|Moxie|boost
|-boost|p2a: Salamence|atk|1
|
|upkeep
|
|t:|1651666317
|switch|p1a: Zarude|Zarude-Dada|90/100
|turn|40
|
|t:|1651666322
|switch|p1a: Slowking|Slowking, M|40/100
|-damage|p1a: Slowking|27/100|[from] Stealth Rock
|move|p2a: Salamence|Dragon Claw|p1a: Slowking
|-damage|p1a: Slowking|0 fnt
|faint|p1a: Slowking
|-ability|p2a: Salamence|Moxie|boost
|-boost|p2a: Salamence|atk|1
|
|-end|p2a: Salamence|move: Future Sight
|-damage|p2a: Salamence|0 fnt
|faint|p2a: Salamence
|upkeep
|
|t:|1651666327
|switch|p2a: Amoonguss|Amoonguss, F|78/100
|switch|p1a: Zarude|Zarude-Dada|90/100
|-damage|p2a: Amoonguss|61/100|[from] Spikes
|-damage|p2a: Amoonguss|49/100|[from] Stealth Rock
|turn|41
|
|t:|1651666331
|move|p1a: Zarude|Darkest Lariat|p2a: Amoonguss
|-damage|p2a: Amoonguss|16/100
|-damage|p1a: Zarude|74/100|[from] item: Rocky Helmet|[of] p2a: Amoonguss
|move|p2a: Amoonguss|Sludge Bomb|p1a: Zarude
|-supereffective|p1a: Zarude
|-damage|p1a: Zarude|22/100
|
|upkeep
|turn|42
|
|t:|1651666337
|move|p1a: Zarude|Darkest Lariat|p2a: Amoonguss
|-damage|p2a: Amoonguss|0 fnt
|-damage|p1a: Zarude|6/100|[from] item: Rocky Helmet|[of] p2a: Amoonguss
|faint|p2a: Amoonguss
|
|upkeep
|
|t:|1651666339
|switch|p2a: Umbreon|Umbreon, F, shiny|66/100
|-damage|p2a: Umbreon|53/100|[from] Stealth Rock
|-damage|p2a: Umbreon|37/100|[from] Spikes
|turn|43
|
|t:|1651666342
|move|p1a: Zarude|Jungle Healing|p1a: Zarude
|-heal|p1a: Zarude|31/100
|move|p2a: Umbreon|Wish|p2a: Umbreon
|
|-heal|p2a: Umbreon|43/100|[from] item: Leftovers
|upkeep
|turn|44
|
|t:|1651666346
|move|p1a: Zarude|Jungle Healing|p1a: Zarude
|-heal|p1a: Zarude|56/100
|move|p2a: Umbreon|Foul Play|p1a: Zarude
|-resisted|p1a: Zarude
|-damage|p1a: Zarude|35/100
|
|-heal|p2a: Umbreon|93/100|[from] move: Wish|[wisher] Umbreon
|-heal|p2a: Umbreon|99/100|[from] item: Leftovers
|upkeep
|turn|45
|
|t:|1651666349
|move|p1a: Zarude|Jungle Healing|p1a: Zarude
|-heal|p1a: Zarude|60/100
|move|p2a: Umbreon|Foul Play|p1a: Zarude
|-resisted|p1a: Zarude
|-damage|p1a: Zarude|38/100
|
|-heal|p2a: Umbreon|100/100|[from] item: Leftovers
|upkeep
|turn|46
|
|t:|1651666355
|move|p1a: Zarude|Jungle Healing|p1a: Zarude
|-heal|p1a: Zarude|63/100
|move|p2a: Umbreon|Foul Play|p1a: Zarude
|-resisted|p1a: Zarude
|-damage|p1a: Zarude|42/100
|
|upkeep
|turn|47
|
|t:|1651666357
|move|p1a: Zarude|Power Whip|p2a: Umbreon
|-damage|p2a: Umbreon|63/100
|move|p2a: Umbreon|Foul Play|p1a: Zarude
|-resisted|p1a: Zarude
|-damage|p1a: Zarude|19/100
|
|-heal|p2a: Umbreon|69/100|[from] item: Leftovers
|upkeep
|turn|48
|
|t:|1651666362
|move|p1a: Zarude|Jungle Healing|p1a: Zarude
|-heal|p1a: Zarude|44/100
|move|p2a: Umbreon|Foul Play|p1a: Zarude
|-resisted|p1a: Zarude
|-damage|p1a: Zarude|22/100
|
|-heal|p2a: Umbreon|75/100|[from] item: Leftovers
|upkeep
|turn|49
|
|t:|1651666366
|move|p1a: Zarude|Jungle Healing|p1a: Zarude
|-heal|p1a: Zarude|48/100
|move|p2a: Umbreon|Foul Play|p1a: Zarude
|-resisted|p1a: Zarude
|-damage|p1a: Zarude|26/100
|
|-heal|p2a: Umbreon|81/100|[from] item: Leftovers
|upkeep
|turn|50
|
|t:|1651666370
|move|p1a: Zarude|Power Whip|p2a: Umbreon
|-damage|p2a: Umbreon|41/100
|move|p2a: Umbreon|Foul Play|p1a: Zarude
|-resisted|p1a: Zarude
|-damage|p1a: Zarude|3/100
|
|-heal|p2a: Umbreon|47/100|[from] item: Leftovers
|upkeep
|turn|51
|
|t:|1651666373
|move|p1a: Zarude|Jungle Healing|p1a: Zarude
|-heal|p1a: Zarude|28/100
|move|p2a: Umbreon|Foul Play|p1a: Zarude
|-resisted|p1a: Zarude
|-damage|p1a: Zarude|5/100
|
|-heal|p2a: Umbreon|53/100|[from] item: Leftovers
|upkeep
|turn|52
|
|t:|1651666376
|move|p1a: Zarude|Jungle Healing|p1a: Zarude
|-heal|p1a: Zarude|30/100
|move|p2a: Umbreon|Foul Play|p1a: Zarude
|-resisted|p1a: Zarude
|-damage|p1a: Zarude|8/100
|
|-heal|p2a: Umbreon|60/100|[from] item: Leftovers
|upkeep
|turn|53
|
|t:|1651666378
|move|p1a: Zarude|Jungle Healing|p1a: Zarude
|-heal|p1a: Zarude|34/100
|move|p2a: Umbreon|Foul Play|p1a: Zarude
|-resisted|p1a: Zarude
|-damage|p1a: Zarude|13/100
|
|-heal|p2a: Umbreon|66/100|[from] item: Leftovers
|upkeep
|turn|54
|
|t:|1651666380
|move|p1a: Zarude|Jungle Healing|p1a: Zarude
|-heal|p1a: Zarude|38/100
|move|p2a: Umbreon|Foul Play|p1a: Zarude
|-resisted|p1a: Zarude
|-damage|p1a: Zarude|15/100
|
|-heal|p2a: Umbreon|72/100|[from] item: Leftovers
|upkeep
|turn|55
|
|t:|1651666382
|move|p1a: Zarude|Jungle Healing|p1a: Zarude
|-heal|p1a: Zarude|40/100
|move|p2a: Umbreon|Foul Play|p1a: Zarude
|-resisted|p1a: Zarude
|-damage|p1a: Zarude|17/100
|
|-heal|p2a: Umbreon|78/100|[from] item: Leftovers
|upkeep
|turn|56
|
|t:|1651666384
|move|p1a: Zarude|Jungle Healing|p1a: Zarude
|-heal|p1a: Zarude|42/100
|move|p2a: Umbreon|Foul Play|p1a: Zarude
|-resisted|p1a: Zarude
|-damage|p1a: Zarude|22/100
|
|-heal|p2a: Umbreon|84/100|[from] item: Leftovers
|upkeep
|turn|57
|
|t:|1651666388
|move|p1a: Zarude|Power Whip|p2a: Umbreon
|-damage|p2a: Umbreon|49/100
|move|p2a: Umbreon|Foul Play|p1a: Zarude
|-resisted|p1a: Zarude
|-damage|p1a: Zarude|1/100
|
|-heal|p2a: Umbreon|55/100|[from] item: Leftovers
|upkeep
|turn|58
|
|t:|1651666394
|move|p1a: Zarude|Power Whip|p2a: Umbreon
|-damage|p2a: Umbreon|17/100
|move|p2a: Umbreon|Foul Play|p1a: Zarude
|-resisted|p1a: Zarude
|-damage|p1a: Zarude|0 fnt
|faint|p1a: Zarude
|
|win|Jelly cookie
|raw|UULT91W TT's rating: 1285 &rarr; <strong>1264</strong><br />(-21 for losing)
|raw|Jelly cookie's rating: 1338 &rarr; <strong>1355</strong><br />(+17 for winning)
|c|☆Jelly cookie|Gg
|c|☆UULT91W TT|... that crit
||Ladder isn't responding, score probably updated but might not have (Request timeout).
