|j|☆SSRW26 Swoosh
|j|☆Hydreigon > Latias
|t:|1610082398
|player|p1|SSRW26 Swoosh|korrina|
|player|p2|Hydreigon > Latias|cynthia|
|teamsize|p1|6
|teamsize|p2|6
|gametype|singles
|gen|8
|tier|[Gen 8] UU
|rated|Tournament battle
|clearpoke
|poke|p1|Thundurus, M|
|poke|p1|Scizor, M|
|poke|p1|Hatterene, F|
|poke|p1|Seismitoad, F|
|poke|p1|Zarude-Dada|
|poke|p1|Victini|
|poke|p2|Victini|
|poke|p2|Tapu Bulu|
|poke|p2|Latias, F|
|poke|p2|Chansey, F|
|poke|p2|Skarmory, M|
|poke|p2|Zeraora|
|rule|Sleep Clause Mod: Limit one foe put to sleep
|rule|Species Clause: Limit one of each Pokémon
|rule|OHKO Clause: OHKO moves are banned
|rule|Evasion Moves Clause: Evasion moves are banned
|rule|Endless Battle Clause: Forcing endless battles is banned
|rule|HP Percentage Mod: HP is shown in percentages
|rule|Dynamax Clause: You cannot dynamax
|teampreview
|j| Totem skarm
|j| BigFatMantis
|inactive|Battle timer is ON: inactive players will automatically lose when time's up. (requested by SSRW26 Swoosh)
|j|@CoolStoryBrobat
|j| Spenderoftime
|raw|<div class="broadcast-red"><strong>Moderated chat was set to +!</strong><br />Only users of rank + and higher can talk.</div>
|inactive|Hydreigon > Latias has 120 seconds left.
|
|t:|1610082440
|start
|switch|p1a: Victini|Victini|100/100
|switch|p2a: Victini|Victini|100/100
|turn|1
|
|t:|1610082455
|move|p1a: Victini|U-turn|p2a: Victini
|-damage|p2a: Victini|81/100
|
|t:|1610082457
|switch|p1a: Seismitoad|Seismitoad, F, shiny|100/100|[from]move: U-turn
|move|p2a: Victini|Blue Flare|p1a: Seismitoad
|-resisted|p1a: Seismitoad
|-damage|p1a: Seismitoad|70/100
|
|-heal|p1a: Seismitoad|76/100|[from] item: Leftovers
|upkeep
|turn|2
|
|t:|1610082468
|switch|p1a: Zarude|Zarude-Dada|100/100
|move|p2a: Victini|U-turn|p1a: Zarude
|-supereffective|p1a: Zarude
|-damage|p1a: Zarude|44/100
|
|t:|1610082475
|switch|p2a: Latias|Latias, F|100/100|[from]move: U-turn
|
|-heal|p1a: Zarude|50/100|[from] item: Leftovers
|upkeep
|turn|3
|
|t:|1610082481
|switch|p1a: Hatterene|Hatterene, F, shiny|100/100
|move|p2a: Latias|Mystical Fire|p1a: Hatterene
|-damage|p1a: Hatterene|71/100
|-unboost|p1a: Hatterene|spa|1
|-damage|p2a: Latias|91/100|[from] item: Life Orb
|
|-heal|p1a: Hatterene|77/100|[from] item: Leftovers
|upkeep
|turn|4
|
|t:|1610082493
|switch|p1a: Victini|Victini|100/100
|move|p2a: Latias|Mystical Fire|p1a: Victini
|-resisted|p1a: Victini
|-damage|p1a: Victini|84/100
|-unboost|p1a: Victini|spa|1
|-damage|p2a: Latias|81/100|[from] item: Life Orb
|
|upkeep
|turn|5
|
|t:|1610082500
|move|p1a: Victini|U-turn|p2a: Latias
|-supereffective|p2a: Latias
|-damage|p2a: Latias|31/100
|
|t:|1610082504
|switch|p1a: Hatterene|Hatterene, F, shiny|77/100|[from]move: U-turn
|move|p2a: Latias|Roost|p2a: Latias
|-heal|p2a: Latias|81/100
|-singleturn|p2a: Latias|move: Roost
|
|-heal|p1a: Hatterene|83/100|[from] item: Leftovers
|upkeep
|turn|6
|
|t:|1610082516
|switch|p1a: Seismitoad|Seismitoad, F, shiny|76/100
|move|p2a: Latias|Mystical Fire|p1a: Seismitoad
|-resisted|p1a: Seismitoad
|-damage|p1a: Seismitoad|59/100
|-unboost|p1a: Seismitoad|spa|1
|-damage|p2a: Latias|71/100|[from] item: Life Orb
|
|-heal|p1a: Seismitoad|65/100|[from] item: Leftovers
|upkeep
|turn|7
|
|t:|1610082521
|switch|p1a: Hatterene|Hatterene, F, shiny|83/100
|move|p2a: Latias|Draco Meteor|p1a: Hatterene
|-immune|p1a: Hatterene
|
|-heal|p1a: Hatterene|89/100|[from] item: Leftovers
|upkeep
|turn|8
|
|t:|1610082533
|move|p2a: Latias|Mystical Fire|p1a: Hatterene
|-damage|p1a: Hatterene|58/100
|-unboost|p1a: Hatterene|spa|1
|-damage|p2a: Latias|61/100|[from] item: Life Orb
|move|p1a: Hatterene|Draining Kiss|p2a: Latias
|-supereffective|p2a: Latias
|-damage|p2a: Latias|33/100
|-heal|p1a: Hatterene|78/100|[from] drain|[of] p2a: Latias
|
|-heal|p1a: Hatterene|84/100|[from] item: Leftovers
|upkeep
|turn|9
|
|t:|1610082545
|move|p2a: Latias|Roost|p2a: Latias
|-heal|p2a: Latias|83/100
|-singleturn|p2a: Latias|move: Roost
|move|p1a: Hatterene|Calm Mind|p1a: Hatterene
|-boost|p1a: Hatterene|spa|1
|-boost|p1a: Hatterene|spd|1
|
|-heal|p1a: Hatterene|90/100|[from] item: Leftovers
|upkeep
|turn|10
|
|t:|1610082551
|move|p2a: Latias|Mystical Fire|p1a: Hatterene
|-crit|p1a: Hatterene
|-damage|p1a: Hatterene|44/100
|-unboost|p1a: Hatterene|spa|1
|-damage|p2a: Latias|73/100|[from] item: Life Orb
|move|p1a: Hatterene|Mystical Fire|p2a: Latias
|-resisted|p2a: Latias
|-damage|p2a: Latias|66/100
|-unboost|p2a: Latias|spa|1
|
|-heal|p1a: Hatterene|50/100|[from] item: Leftovers
|upkeep
|turn|11
|
|t:|1610082558
|switch|p2a: Victini|Victini|81/100
|move|p1a: Hatterene|Draining Kiss|p2a: Victini
|-resisted|p2a: Victini
|-damage|p2a: Victini|74/100
|-heal|p1a: Hatterene|56/100|[from] drain|[of] p2a: Victini
|
|-heal|p1a: Hatterene|62/100|[from] item: Leftovers
|upkeep
|turn|12
|inactive|SSRW26 Swoosh has 120 seconds left.
|
|t:|1610082609
|switch|p1a: Zarude|Zarude-Dada|50/100
|move|p2a: Victini|Blue Flare|p1a: Zarude
|-supereffective|p1a: Zarude
|-damage|p1a: Zarude|0 fnt
|faint|p1a: Zarude
|
|upkeep
|
|t:|1610082621
|switch|p1a: Seismitoad|Seismitoad, F, shiny|65/100
|turn|13
|
|t:|1610082632
|move|p2a: Victini|U-turn|p1a: Seismitoad
|-damage|p1a: Seismitoad|55/100
|
|t:|1610082634
|switch|p2a: Chansey|Chansey, F|100/100|[from]move: U-turn
|move|p1a: Seismitoad|Knock Off|p2a: Chansey
|-damage|p2a: Chansey|87/100
|-enditem|p2a: Chansey|Eviolite|[from] move: Knock Off|[of] p1a: Seismitoad
|
|-heal|p1a: Seismitoad|61/100|[from] item: Leftovers
|upkeep
|turn|14
|
|t:|1610082651
|switch|p1a: Scizor|Scizor, M|100/100
|move|p2a: Chansey|Stealth Rock|p1a: Scizor
|-sidestart|p1: SSRW26 Swoosh|move: Stealth Rock
|
|upkeep
|turn|15
|
|t:|1610082658
|switch|p2a: Skarmory|Skarmory, M|100/100
|move|p1a: Scizor|Defog|p2a: Skarmory
|-unboost|p2a: Skarmory|evasion|1
|-sideend|p1: SSRW26 Swoosh|Stealth Rock|[from] move: Defog|[of] p1a: Scizor
|
|upkeep
|turn|16
|
|t:|1610082667
|switch|p1a: Hatterene|Hatterene, F, shiny|62/100
|move|p2a: Skarmory|Brave Bird|p1a: Hatterene
|-damage|p1a: Hatterene|31/100
|-damage|p2a: Skarmory|91/100|[from] Recoil
|
|-heal|p1a: Hatterene|37/100|[from] item: Leftovers
|upkeep
|turn|17
|
|t:|1610082676
|switch|p2a: Victini|Victini|74/100
|switch|p1a: Seismitoad|Seismitoad, F, shiny|61/100
|
|-heal|p1a: Seismitoad|67/100|[from] item: Leftovers
|upkeep
|turn|18
|
|t:|1610082680
|move|p2a: Victini|Energy Ball|p1a: Seismitoad
|-supereffective|p1a: Seismitoad
|-damage|p1a: Seismitoad|0 fnt
|faint|p1a: Seismitoad
|
|upkeep
|inactive|SSRW26 Swoosh has 120 seconds left.
|
|t:|1610082699
|switch|p1a: Victini|Victini|84/100
|turn|19
|
|t:|1610082719
|switch|p2a: Latias|Latias, F|66/100
|move|p1a: Victini|V-create|p2a: Latias
|-resisted|p2a: Latias
|-damage|p2a: Latias|20/100
|-unboost|p1a: Victini|spe|1
|-unboost|p1a: Victini|def|1
|-unboost|p1a: Victini|spd|1
|
|upkeep
|turn|20
|
|t:|1610082725
|switch|p1a: Scizor|Scizor, M|100/100
|move|p2a: Latias|Roost|p2a: Latias
|-heal|p2a: Latias|71/100
|-singleturn|p2a: Latias|move: Roost
|
|upkeep
|turn|21
|
|t:|1610082731
|switch|p1a: Victini|Victini|84/100
|move|p2a: Latias|Mystical Fire|p1a: Victini
|-resisted|p1a: Victini
|-damage|p1a: Victini|68/100
|-unboost|p1a: Victini|spa|1
|-damage|p2a: Latias|61/100|[from] item: Life Orb
|
|upkeep
|turn|22
|inactive|SSRW26 Swoosh has 120 seconds left.
|
|t:|1610082750
|move|p1a: Victini|U-turn|p2a: Latias
|-supereffective|p2a: Latias
|-damage|p2a: Latias|13/100
|
|t:|1610082756
|switch|p1a: Hatterene|Hatterene, F, shiny|37/100|[from]move: U-turn
|move|p2a: Latias|Roost|p2a: Latias
|-heal|p2a: Latias|64/100
|-singleturn|p2a: Latias|move: Roost
|
|-heal|p1a: Hatterene|43/100|[from] item: Leftovers
|upkeep
|turn|23
|
|t:|1610082765
|move|p2a: Latias|Mystical Fire|p1a: Hatterene
|-damage|p1a: Hatterene|12/100
|-unboost|p1a: Hatterene|spa|1
|-damage|p2a: Latias|54/100|[from] item: Life Orb
|move|p1a: Hatterene|Draining Kiss|p2a: Latias
|-supereffective|p2a: Latias
|-damage|p2a: Latias|27/100
|-heal|p1a: Hatterene|31/100|[from] drain|[of] p2a: Latias
|
|-heal|p1a: Hatterene|37/100|[from] item: Leftovers
|upkeep
|turn|24
|inactive|SSRW26 Swoosh has 120 seconds left.
|
|t:|1610082772
|switch|p1a: Victini|Victini|68/100
|move|p2a: Latias|Roost|p2a: Latias
|-heal|p2a: Latias|77/100
|-singleturn|p2a: Latias|move: Roost
|
|upkeep
|turn|25
|
|t:|1610082780
|move|p1a: Victini|V-create|p2a: Latias
|-resisted|p2a: Latias
|-damage|p2a: Latias|29/100
|-unboost|p1a: Victini|spe|1
|-unboost|p1a: Victini|def|1
|-unboost|p1a: Victini|spd|1
|move|p2a: Latias|Roost|p2a: Latias
|-heal|p2a: Latias|80/100
|-singleturn|p2a: Latias|move: Roost
|
|upkeep
|turn|26
|
|t:|1610082785
|switch|p1a: Hatterene|Hatterene, F, shiny|37/100
|move|p2a: Latias|Psyshock|p1a: Hatterene
|-resisted|p1a: Hatterene
|-damage|p1a: Hatterene|16/100
|-damage|p2a: Latias|70/100|[from] item: Life Orb
|
|-heal|p1a: Hatterene|22/100|[from] item: Leftovers
|upkeep
|turn|27
|
|t:|1610082791
|switch|p1a: Victini|Victini|68/100
|move|p2a: Latias|Mystical Fire|p1a: Victini
|-resisted|p1a: Victini
|-damage|p1a: Victini|54/100
|-unboost|p1a: Victini|spa|1
|-damage|p2a: Latias|60/100|[from] item: Life Orb
|
|upkeep
|turn|28
|
|t:|1610082798
|move|p1a: Victini|U-turn|p2a: Latias
|-supereffective|p2a: Latias
|-damage|p2a: Latias|5/100
|
|t:|1610082800
|switch|p1a: Hatterene|Hatterene, F, shiny|22/100|[from]move: U-turn
|move|p2a: Latias|Roost|p2a: Latias
|-heal|p2a: Latias|55/100
|-singleturn|p2a: Latias|move: Roost
|
|-heal|p1a: Hatterene|28/100|[from] item: Leftovers
|upkeep
|turn|29
|
|t:|1610082804
|switch|p2a: Victini|Victini|74/100
|switch|p1a: Victini|Victini|54/100
|
|upkeep
|turn|30
|
|t:|1610082827
|move|p1a: Victini|V-create|p2a: Victini
|-resisted|p2a: Victini
|-damage|p2a: Victini|36/100
|-unboost|p1a: Victini|spe|1
|-unboost|p1a: Victini|def|1
|-unboost|p1a: Victini|spd|1
|move|p2a: Victini|Blue Flare|p1a: Victini
|-resisted|p1a: Victini
|-damage|p1a: Victini|11/100
|
|upkeep
|turn|31
|
|t:|1610082833
|switch|p2a: Latias|Latias, F|55/100
|move|p1a: Victini|V-create|p2a: Latias
|-resisted|p2a: Latias
|-damage|p2a: Latias|4/100
|-unboost|p1a: Victini|spe|1
|-unboost|p1a: Victini|def|1
|-unboost|p1a: Victini|spd|1
|
|upkeep
|turn|32
|
|t:|1610082837
|switch|p1a: Scizor|Scizor, M|100/100
|move|p2a: Latias|Roost|p2a: Latias
|-heal|p2a: Latias|55/100
|-singleturn|p2a: Latias|move: Roost
|
|upkeep
|turn|33
|
|t:|1610082841
|move|p1a: Scizor|Bullet Punch|p2a: Latias
|-damage|p2a: Latias|0 fnt
|faint|p2a: Latias
|
|upkeep
|
|t:|1610082848
|switch|p2a: Zeraora|Zeraora|100/100
|turn|34
|
|t:|1610082865
|switch|p1a: Hatterene|Hatterene, F, shiny|28/100
|move|p2a: Zeraora|Plasma Fists|p1a: Hatterene
|-damage|p1a: Hatterene|0 fnt
|-fieldactivate|move: Ion Deluge
|faint|p1a: Hatterene
|
|upkeep
|inactive|SSRW26 Swoosh has 120 seconds left.
|
|t:|1610082895
|switch|p1a: Scizor|Scizor, M|100/100
|turn|35
|inactive|SSRW26 Swoosh has 120 seconds left.
|
|t:|1610082903
|move|p2a: Zeraora|Plasma Fists|p1a: Scizor
|-crit|p1a: Scizor
|-damage|p1a: Scizor|30/100
|-fieldactivate|move: Ion Deluge
|move|p1a: Scizor|U-turn|p2a: Zeraora
|-damage|p2a: Zeraora|25/100
|inactive|SSRW26 Swoosh has 120 seconds left.
|
|t:|1610082910
|switch|p1a: Victini|Victini|11/100|[from]move: U-turn
|
|upkeep
|turn|36
|
|t:|1610082920
|switch|p2a: Skarmory|Skarmory, M|91/100
|move|p1a: Victini|U-turn|p2a: Skarmory
|-resisted|p2a: Skarmory
|-damage|p2a: Skarmory|88/100
|-damage|p1a: Victini|0 fnt|[from] item: Rocky Helmet|[of] p2a: Skarmory
|faint|p1a: Victini
|
|upkeep
|
|t:|1610082927
|switch|p1a: Thundurus|Thundurus, M, shiny|100/100
|turn|37
|
|t:|1610082931
|switch|p2a: Chansey|Chansey, F|87/100
|move|p1a: Thundurus|Nasty Plot|p1a: Thundurus
|-boost|p1a: Thundurus|spa|2
|
|upkeep
|turn|38
|
|t:|1610082934
|move|p1a: Thundurus|Focus Blast|p2a: Chansey|[miss]
|-miss|p1a: Thundurus|p2a: Chansey
|move|p2a: Chansey|Seismic Toss|p1a: Thundurus
|-damage|p1a: Thundurus|67/100
|
|upkeep
|turn|39
|
|t:|1610082945
|move|p1a: Thundurus|Focus Blast|p2a: Chansey|[miss]
|-miss|p1a: Thundurus|p2a: Chansey
|move|p2a: Chansey|Seismic Toss|p1a: Thundurus
|-damage|p1a: Thundurus|34/100
|
|upkeep
|turn|40
|-message|SSRW26 Swoosh forfeited.
|
|win|Hydreigon > Latias
|n|☆SSRW26 Swoosh|ssrw26swoosh
|n|☆Hydreigon > Latias|hydreigonlatias
|n|+CoolStoryBrobat|coolstorybrobat
|l|☆SSRW26 Swoosh
|l|+CoolStoryBrobat
|l|☆Hydreigon > Latias
