|j|☆CinnabarCyndaquil
|j|☆Yuiis
|t:|1600118832
|player|p1|CinnabarCyndaquil|192|1156
|player|p2|Yuiis|thorton|1175
|teamsize|p1|6
|teamsize|p2|6
|gametype|singles
|gen|8
|tier|[Gen 8] UU
|rated|
|html|<div class="broadcast-blue"><strong>UU is currently suspecting Lycanroc-Dusk! For information on how to participate check out the <a href="https://www.smogon.com/forums/threads/3670407/">suspect thread</a>.</strong></div>
|clearpoke
|poke|p1|Obstagoon, F|
|poke|p1|Doublade, M|
|poke|p1|Sylveon, M|
|poke|p1|Rotom-Wash|
|poke|p1|Celebi|
|poke|p1|Talonflame, F|
|poke|p2|Reuniclus, F|
|poke|p2|Mienshao, F|
|poke|p2|Bisharp, F|
|poke|p2|Starmie|
|poke|p2|Palossand, F|
|poke|p2|Scyther, M|
|rule|Sleep Clause Mod: Limit one foe put to sleep
|rule|Species Clause: Limit one of each Pokémon
|rule|OHKO Clause: OHKO moves are banned
|rule|Evasion Moves Clause: Evasion moves are banned
|rule|Endless Battle Clause: Forcing endless battles is banned
|rule|HP Percentage Mod: HP is shown in percentages
|rule|Dynamax Clause: You cannot dynamax
|teampreview
|
|t:|1600118885
|start
|switch|p1a: Talonflame|Talonflame, F|100/100
|switch|p2a: Palossand|Palossand, F|100/100
|turn|1
|
|t:|1600118892
|move|p1a: Talonflame|U-turn|p2a: Palossand
|-resisted|p2a: Palossand
|-damage|p2a: Palossand|95/100
|
|t:|1600118897
|switch|p1a: Rotom|Rotom-Wash|100/100|[from]move: U-turn
|move|p2a: Palossand|Stealth Rock|p1a: Rotom
|-sidestart|p1: CinnabarCyndaquil|move: Stealth Rock
|
|upkeep
|turn|2
|
|t:|1600118914
|switch|p2a: Reuniclus|Reuniclus, F|100/100
|move|p1a: Rotom|Hydro Pump|p2a: Reuniclus|[miss]
|-miss|p1a: Rotom|p2a: Reuniclus
|
|upkeep
|turn|3
|
|t:|1600118926
|move|p1a: Rotom|Volt Switch|p2a: Reuniclus
|-damage|p2a: Reuniclus|84/100
|
|t:|1600118939
|switch|p1a: Doublade|Doublade, M|100/100|[from]move: Volt Switch
|-damage|p1a: Doublade|94/100|[from] Stealth Rock
|move|p2a: Reuniclus|Focus Blast|p1a: Doublade
|-immune|p1a: Doublade
|
|upkeep
|turn|4
|
|t:|1600118953
|move|p2a: Reuniclus|Knock Off|p1a: Doublade
|-supereffective|p1a: Doublade
|-damage|p1a: Doublade|79/100
|-enditem|p1a: Doublade|Eviolite|[from] move: Knock Off|[of] p2a: Reuniclus
|move|p1a: Doublade|Swords Dance|p1a: Doublade
|-boost|p1a: Doublade|atk|2
|
|upkeep
|turn|5
|c|☆CinnabarCyndaquil|!data reuniclus
|raw|<div class="message"><ul class="utilichart"><li class="result"><span class="col numcol">RUBL</span> <span class="col iconcol"><psicon pokemon="reuniclus"/></span> <span class="col pokemonnamecol" style="white-space:nowrap"><a href="https://dex.pokemonshowdown.com/pokemon/reuniclus" target="_blank">Reuniclus</a></span> <span class="col typecol"><img src="https://play.pokemonshowdown.com/sprites/types/Psychic.png" alt="Psychic" height="14" width="32"></span> <span style="float:left;min-height:26px"><span class="col twoabilitycol">Overcoat<br />Magic Guard</span><span class="col abilitycol"><em>Regenerator</em></span></span><span style="float:left;min-height:26px"><span class="col statcol"><em>HP</em><br />110</span> <span class="col statcol"><em>Atk</em><br />65</span> <span class="col statcol"><em>Def</em><br />75</span> <span class="col statcol"><em>SpA</em><br />125</span> <span class="col statcol"><em>SpD</em><br />85</span> <span class="col statcol"><em>Spe</em><br />30</span> <span class="col bstcol"><em>BST<br />490</em></span> </span></li><li style="clear:both"></li></ul></div>

|
|t:|1600118968
|switch|p2a: Bisharp|Bisharp, F|100/100
|move|p1a: Doublade|Shadow Sneak|p2a: Bisharp
|-resisted|p2a: Bisharp
|-damage|p2a: Bisharp|77/100
|
|upkeep
|turn|6
|
|t:|1600119028
|move|p2a: Bisharp|Knock Off|p1a: Doublade
|-supereffective|p1a: Doublade
|-damage|p1a: Doublade|14/100
|move|p1a: Doublade|Close Combat|p2a: Bisharp
|-supereffective|p2a: Bisharp
|-damage|p2a: Bisharp|0 fnt
|-unboost|p1a: Doublade|def|1
|-unboost|p1a: Doublade|spd|1
|faint|p2a: Bisharp
|
|upkeep
|
|t:|1600119050
|switch|p2a: Mienshao|Mienshao, F|100/100
|turn|7
|
|t:|1600119052
|move|p1a: Doublade|Shadow Sneak|p2a: Mienshao
|-damage|p2a: Mienshao|29/100
|move|p2a: Mienshao|Knock Off|p1a: Doublade
|-supereffective|p1a: Doublade
|-damage|p1a: Doublade|0 fnt
|-damage|p2a: Mienshao|19/100|[from] item: Life Orb
|faint|p1a: Doublade
|
|upkeep
|
|t:|1600119066
|switch|p1a: Talonflame|Talonflame, F|100/100
|turn|8
|
|t:|1600119097
|switch|p2a: Palossand|Palossand, F|95/100
|move|p1a: Talonflame|Brave Bird|p2a: Palossand
|-damage|p2a: Palossand|67/100
|-damage|p1a: Talonflame|89/100|[from] Recoil
|
|upkeep
|turn|9
|
|t:|1600119111
|move|p1a: Talonflame|U-turn|p2a: Palossand
|-resisted|p2a: Palossand
|-damage|p2a: Palossand|61/100
|
|t:|1600119115
|switch|p1a: Rotom|Rotom-Wash|100/100|[from]move: U-turn
|-damage|p1a: Rotom|88/100|[from] Stealth Rock
|move|p2a: Palossand|Toxic|p1a: Rotom
|-status|p1a: Rotom|tox
|
|-heal|p1a: Rotom|94/100 tox|[from] item: Leftovers
|-damage|p1a: Rotom|88/100 tox|[from] psn
|upkeep
|turn|10
|
|t:|1600119147
|switch|p2a: Reuniclus|Reuniclus, F|100/100
|move|p1a: Rotom|Defog|p2a: Reuniclus
|-unboost|p2a: Reuniclus|evasion|1
|-sideend|p1: CinnabarCyndaquil|Stealth Rock|[from] move: Defog|[of] p1a: Rotom
|
|-heal|p1a: Rotom|94/100 tox|[from] item: Leftovers
|-damage|p1a: Rotom|82/100 tox|[from] psn
|upkeep
|turn|11
|
|t:|1600119161
|move|p1a: Rotom|Volt Switch|p2a: Reuniclus
|-damage|p2a: Reuniclus|83/100
|
|t:|1600119164
|switch|p1a: Sylveon|Sylveon, M|100/100|[from]move: Volt Switch
|move|p2a: Reuniclus|Future Sight|p1a: Sylveon
|-start|p2a: Reuniclus|move: Future Sight
|
|upkeep
|turn|12
|
|t:|1600119183
|move|p1a: Sylveon|Hyper Voice|p2a: Reuniclus
|-damage|p2a: Reuniclus|57/100
|move|p2a: Reuniclus|Focus Blast|p1a: Sylveon
|-resisted|p1a: Sylveon
|-damage|p1a: Sylveon|87/100
|
|-heal|p1a: Sylveon|93/100|[from] item: Leftovers
|upkeep
|turn|13
|
|t:|1600119191
|move|p1a: Sylveon|Hyper Voice|p2a: Reuniclus
|-damage|p2a: Reuniclus|28/100
|move|p2a: Reuniclus|Knock Off|p1a: Sylveon
|-resisted|p1a: Sylveon
|-damage|p1a: Sylveon|83/100
|-enditem|p1a: Sylveon|Leftovers|[from] move: Knock Off|[of] p2a: Reuniclus
|
|-end|p1a: Sylveon|move: Future Sight
|-damage|p1a: Sylveon|48/100
|upkeep
|turn|14
|
|t:|1600119207
|switch|p2a: Scyther|Scyther, M|100/100
|move|p1a: Sylveon|Hyper Voice|p2a: Scyther
|-damage|p2a: Scyther|35/100
|
|upkeep
|turn|15
|
|t:|1600119215
|move|p1a: Sylveon|Protect|p1a: Sylveon
|-singleturn|p1a: Sylveon|Protect
|move|p2a: Scyther|Dual Wingbeat|p1a: Sylveon
|-activate|p1a: Sylveon|move: Protect
|
|upkeep
|turn|16
|
|t:|1600119222
|switch|p1a: Rotom|Rotom-Wash|82/100 tox
|move|p2a: Scyther|Dual Wingbeat|p1a: Rotom
|-resisted|p1a: Rotom
|-damage|p1a: Rotom|66/100 tox
|-resisted|p1a: Rotom
|-damage|p1a: Rotom|52/100 tox
|-hitcount|p1a: Rotom|2
|
|-heal|p1a: Rotom|59/100 tox|[from] item: Leftovers
|-damage|p1a: Rotom|52/100 tox|[from] psn
|upkeep
|turn|17
|
|t:|1600119243
|switch|p2a: Reuniclus|Reuniclus, F|62/100
|move|p1a: Rotom|Hydro Pump|p2a: Reuniclus|[miss]
|-miss|p1a: Rotom|p2a: Reuniclus
|
|-heal|p1a: Rotom|59/100 tox|[from] item: Leftovers
|-damage|p1a: Rotom|46/100 tox|[from] psn
|upkeep
|turn|18
|
|t:|1600119252
|move|p1a: Rotom|Volt Switch|p2a: Reuniclus
|-damage|p2a: Reuniclus|46/100
|
|t:|1600119255
|switch|p1a: Sylveon|Sylveon, M|48/100|[from]move: Volt Switch
|move|p2a: Reuniclus|Future Sight|p1a: Sylveon
|-start|p2a: Reuniclus|move: Future Sight
|
|upkeep
|turn|19
|
|t:|1600119273
|switch|p2a: Scyther|Scyther, M|35/100
|move|p1a: Sylveon|Wish|p1a: Sylveon
|
|upkeep
|turn|20
|
|t:|1600119281
|move|p1a: Sylveon|Protect|p1a: Sylveon
|-singleturn|p1a: Sylveon|Protect
|move|p2a: Scyther|Swords Dance|p2a: Scyther
|-boost|p2a: Scyther|atk|2
|
|-end|p1a: Sylveon|move: Future Sight
|-damage|p1a: Sylveon|9/100
|-heal|p1a: Sylveon|59/100|[from] move: Wish|[wisher] Sylveon
|upkeep
|turn|21
|
|t:|1600119305
|switch|p1a: Rotom|Rotom-Wash|46/100 tox
|move|p2a: Scyther|Dual Wingbeat|p1a: Rotom
|-resisted|p1a: Rotom
|-damage|p1a: Rotom|14/100 tox
|-resisted|p1a: Rotom
|-damage|p1a: Rotom|0 fnt
|-hitcount|p1a: Rotom|2
|faint|p1a: Rotom
|
|upkeep
|
|t:|1600119313
|switch|p1a: Talonflame|Talonflame, F|89/100
|turn|22
|
|t:|1600119345
|switch|p2a: Palossand|Palossand, F|61/100
|move|p1a: Talonflame|Brave Bird|p2a: Palossand
|-crit|p2a: Palossand
|-damage|p2a: Palossand|17/100
|-damage|p1a: Talonflame|71/100|[from] Recoil
|
|upkeep
|turn|23
|
|t:|1600119353
|move|p1a: Talonflame|Brave Bird|p2a: Palossand
|-damage|p2a: Palossand|0 fnt
|-damage|p1a: Talonflame|64/100|[from] Recoil
|faint|p2a: Palossand
|
|upkeep
|
|t:|1600119360
|switch|p2a: Starmie|Starmie|100/100
|turn|24
|
|t:|1600119368
|switch|p1a: Celebi|Celebi|100/100
|move|p2a: Starmie|Thunderbolt|p1a: Celebi
|-resisted|p1a: Celebi
|-damage|p1a: Celebi|87/100
|
|-heal|p1a: Celebi|93/100|[from] item: Leftovers
|upkeep
|turn|25
|
|t:|1600119377
|switch|p2a: Reuniclus|Reuniclus, F|79/100
|move|p1a: Celebi|Giga Drain|p2a: Reuniclus
|-damage|p2a: Reuniclus|65/100
|-heal|p1a: Celebi|100/100|[from] drain|[of] p2a: Reuniclus
|
|upkeep
|turn|26
|
|t:|1600119388
|switch|p1a: Sylveon|Sylveon, M|59/100
|move|p2a: Reuniclus|Future Sight|p1a: Sylveon
|-start|p2a: Reuniclus|move: Future Sight
|
|upkeep
|turn|27
|
|t:|1600119392
|move|p1a: Sylveon|Wish|p1a: Sylveon
|move|p2a: Reuniclus|Psychic|p1a: Sylveon
|-damage|p1a: Sylveon|31/100
|
|upkeep
|turn|28
|
|t:|1600119407
|move|p1a: Sylveon|Hyper Voice|p2a: Reuniclus
|-damage|p2a: Reuniclus|36/100
|move|p2a: Reuniclus|Psychic|p1a: Sylveon
|-damage|p1a: Sylveon|4/100
|-unboost|p1a: Sylveon|spd|1
|
|-end|p1a: Sylveon|move: Future Sight
|-damage|p1a: Sylveon|0 fnt
|upkeep
|faint|p1a: Sylveon
|
|t:|1600119419
|switch|p1a: Obstagoon|Obstagoon, F, shiny|100/100
|turn|29
|
|t:|1600119437
|move|p1a: Obstagoon|Knock Off|p2a: Reuniclus
|-supereffective|p2a: Reuniclus
|-damage|p2a: Reuniclus|0 fnt
|-enditem|p2a: Reuniclus|Assault Vest|[from] move: Knock Off|[of] p1a: Obstagoon
|faint|p2a: Reuniclus
|
|-status|p1a: Obstagoon|brn|[from] item: Flame Orb
|upkeep
|
|t:|1600119443
|switch|p2a: Mienshao|Mienshao, F|52/100
|turn|30
|
|t:|1600119464
|move|p2a: Mienshao|Close Combat|p1a: Obstagoon
|-supereffective|p1a: Obstagoon
|-damage|p1a: Obstagoon|0 fnt
|-unboost|p2a: Mienshao|def|1
|-unboost|p2a: Mienshao|spd|1
|-damage|p2a: Mienshao|42/100|[from] item: Life Orb
|faint|p1a: Obstagoon
|
|upkeep
|
|t:|1600119469
|switch|p1a: Talonflame|Talonflame, F|64/100
|turn|31
|
|t:|1600119482
|move|p1a: Talonflame|Brave Bird|p2a: Mienshao
|-supereffective|p2a: Mienshao
|-damage|p2a: Mienshao|0 fnt
|-damage|p1a: Talonflame|51/100|[from] Recoil
|faint|p2a: Mienshao
|
|upkeep
|
|t:|1600119492
|switch|p2a: Starmie|Starmie|100/100
|turn|32
|
|t:|1600119497
|switch|p1a: Celebi|Celebi|100/100
|switch|p2a: Scyther|Scyther, M|35/100
|
|upkeep
|turn|33
|
|t:|1600119506
|switch|p1a: Talonflame|Talonflame, F|51/100
|move|p2a: Scyther|Dual Wingbeat|p1a: Talonflame
|-damage|p1a: Talonflame|11/100
|-damage|p1a: Talonflame|0 fnt
|-status|p2a: Scyther|brn|[from] ability: Flame Body|[of] p1a: Talonflame
|-hitcount|p1a: Talonflame|2
|faint|p1a: Talonflame
|
|-damage|p2a: Scyther|29/100 brn|[from] brn
|upkeep
|
|t:|1600119515
|switch|p1a: Celebi|Celebi|100/100
|turn|34
|
|t:|1600119526
|move|p2a: Scyther|Dual Wingbeat|p1a: Celebi
|-supereffective|p1a: Celebi
|-damage|p1a: Celebi|81/100
|-supereffective|p1a: Celebi
|-damage|p1a: Celebi|63/100
|-hitcount|p1a: Celebi|2
|move|p1a: Celebi|Psychic|p2a: Scyther
|-damage|p2a: Scyther|0 fnt
|faint|p2a: Scyther
|
|-heal|p1a: Celebi|69/100|[from] item: Leftovers
|upkeep
|
|t:|1600119530
|switch|p2a: Starmie|Starmie|100/100
|turn|35
|c|☆Yuiis|I'm a bit tilted
|c|☆Yuiis|Who the fck play Flame body talonflame
|c|☆CinnabarCyndaquil|:)
|c|☆CinnabarCyndaquil|i do
|c|☆Yuiis|Anyway you win cause of it so it should be great
|c|☆CinnabarCyndaquil|feels super great
|c|☆CinnabarCyndaquil|very proud at myself
|c|☆CinnabarCyndaquil|for this skill
|c|☆Yuiis|I would not say skill
|c|☆Yuiis|But let's say good luck
|c|☆CinnabarCyndaquil|nah, its big brain play, playing flame body talon
|c|☆CinnabarCyndaquil|big brain
|c|☆Yuiis|After all it's pokemon who the fck care , every option is luck
|c|☆CinnabarCyndaquil|exactly
|c|☆CinnabarCyndaquil|I missed 2 hydros
|c|☆CinnabarCyndaquil|and you crit
|c|☆Yuiis|I'm such a sad person jeez
|c|☆CinnabarCyndaquil|lmao
|c|☆Yuiis|FOr real xD
|c|☆Yuiis|Wanna talk about the crit brave bird on palo ?
|c|☆CinnabarCyndaquil|2 bbirds crit
|c|☆CinnabarCyndaquil|bc no lefties
|c|☆CinnabarCyndaquil|killed* not crit
|
|t:|1600119664
|move|p2a: Starmie|Thunderbolt|p1a: Celebi
|-resisted|p1a: Celebi
|-damage|p1a: Celebi|57/100
|move|p1a: Celebi|Giga Drain|p2a: Starmie
|-supereffective|p2a: Starmie
|-damage|p2a: Starmie|27/100
|-heal|p1a: Celebi|81/100|[from] drain|[of] p2a: Starmie
|
|-heal|p1a: Celebi|87/100|[from] item: Leftovers
|upkeep
|turn|36
|
|t:|1600119672
|move|p2a: Starmie|Rapid Spin|p1a: Celebi
|-damage|p1a: Celebi|82/100
|-boost|p2a: Starmie|spe|1
|move|p1a: Celebi|Giga Drain|p2a: Starmie
|-supereffective|p2a: Starmie
|-damage|p2a: Starmie|0 fnt
|-heal|p1a: Celebi|91/100|[from] drain|[of] p2a: Starmie
|faint|p2a: Starmie
|
|win|CinnabarCyndaquil
|c|☆Yuiis|Yeah have a nice day
|c|☆Yuiis|I hate my life
|l|☆Yuiis
|c|☆CinnabarCyndaquil|gg
|raw|CinnabarCyndaquil's rating: 1175 &rarr; <strong>1198</strong><br />(+23 for winning)
|raw|Yuiis's rating: 1151 &rarr; <strong>1127</strong><br />(-24 for losing)
