|html|<div class="broadcast-blue"><strong>[Gen 8] UU is currently suspecting Thundurus! For information on how to participate check out the <a href="https://www.smogon.com/forums/threads/np-ss-uu-stage-9-1-king-of-the-clouds.3689570/">suspect thread</a>.</strong></div>
|j|☆Wigglytoptier
|j|☆CervixBasher
|t:|1630445666
|gametype|singles
|player|p1|Wigglytoptier|pokemaniac|1043
|player|p2|CervixBasher|169|1000
|teamsize|p1|6
|teamsize|p2|6
|gen|8
|tier|[Gen 8] UU
|rated|
|rule|Sleep Clause Mod: Limit one foe put to sleep
|rule|Species Clause: Limit one of each Pokémon
|rule|OHKO Clause: OHKO moves are banned
|rule|Evasion Moves Clause: Evasion moves are banned
|rule|Endless Battle Clause: Forcing endless battles is banned
|rule|HP Percentage Mod: HP is shown in percentages
|rule|Dynamax Clause: You cannot dynamax
|clearpoke
|poke|p1|Polteageist|
|poke|p1|Galvantula, F|
|poke|p1|Slowbro-Galar, F|
|poke|p1|Indeedee, M|
|poke|p1|Obstagoon, F|
|poke|p1|Clawitzer, F|
|poke|p2|Chansey, F|
|poke|p2|Aegislash, M|
|poke|p2|Grimmsnarl, M|
|poke|p2|Crawdaunt, M|
|poke|p2|Moltres|
|poke|p2|Jirachi|
|teampreview
|inactive|Battle timer is ON: inactive players will automatically lose when time's up. (requested by CervixBasher)
|
|t:|1630445698
|start
|switch|p1a: Clawitzer|Clawitzer, F|100/100
|switch|p2a: Crawdaunt|Crawdaunt, M|100/100
|turn|1
|
|t:|1630445712
|move|p1a: Clawitzer|Aura Sphere|p2a: Crawdaunt
|-supereffective|p2a: Crawdaunt
|-damage|p2a: Crawdaunt|0 fnt
|faint|p2a: Crawdaunt
|
|upkeep
|
|t:|1630445719
|switch|p2a: Aegislash|Aegislash, M|100/100
|turn|2
|
|t:|1630445739
|switch|p1a: Obstagoon|Obstagoon, F|100/100
|move|p2a: Aegislash|Iron Defense|p2a: Aegislash
|-boost|p2a: Aegislash|def|2
|
|-status|p1a: Obstagoon|brn|[from] item: Flame Orb
|upkeep
|turn|3
|inactive|Wigglytoptier has 120 seconds left.
|
|t:|1630445769
|move|p1a: Obstagoon|Knock Off|p2a: Aegislash
|-supereffective|p2a: Aegislash
|-damage|p2a: Aegislash|55/100
|-damage|p1a: Obstagoon|84/100 brn|[from] item: Rocky Helmet|[of] p2a: Aegislash
|-enditem|p2a: Aegislash|Rocky Helmet|[from] move: Knock Off|[of] p1a: Obstagoon
|move|p2a: Aegislash|Iron Defense|p2a: Aegislash
|-boost|p2a: Aegislash|def|2
|
|-damage|p1a: Obstagoon|78/100 brn|[from] brn
|upkeep
|turn|4
|inactive|Wigglytoptier has 120 seconds left.
|
|t:|1630445789
|switch|p1a: Polteageist|Polteageist, shiny|100/100
|move|p2a: Aegislash|King's Shield||[still]
|-fail|p2a: Aegislash
|
|upkeep
|turn|5
|inactive|Wigglytoptier has 90 seconds left.
|
|t:|1630445840
|-formechange|p2a: Aegislash|Aegislash-Blade||[from] ability: Stance Change
|move|p2a: Aegislash|Shadow Sneak|p1a: Polteageist
|-supereffective|p1a: Polteageist
|-damage|p1a: Polteageist|35/100
|-ability|p1a: Polteageist|Weak Armor|boost
|-unboost|p1a: Polteageist|def|1
|-boost|p1a: Polteageist|spe|2
|move|p1a: Polteageist|Shell Smash|p1a: Polteageist
|-unboost|p1a: Polteageist|def|1
|-unboost|p1a: Polteageist|spd|1
|-boost|p1a: Polteageist|atk|2
|-boost|p1a: Polteageist|spa|2
|-boost|p1a: Polteageist|spe|2
|
|upkeep
|turn|6
|inactive|Wigglytoptier has 60 seconds left.
|inactive|Wigglytoptier has 30 seconds left.
|
|t:|1630445895
|switch|p1a: Indeedee|Indeedee, M, shiny|100/100
|-fieldstart|move: Psychic Terrain|[from] ability: Psychic Surge|[of] p1a: Indeedee
|move|p2a: Aegislash|Shadow Sneak|p1a: Indeedee
|-activate|p1a: Indeedee|move: Psychic Terrain
|
|upkeep
|turn|7
|inactive|Wigglytoptier has 30 seconds left.
|
|t:|1630445904
|switch|p1a: Slowbro|Slowbro-Galar, F|100/100
|-formechange|p2a: Aegislash|Aegislash||[from] ability: Stance Change
|move|p2a: Aegislash|King's Shield||[still]
|-fail|p2a: Aegislash
|
|upkeep
|turn|8
|inactive|Wigglytoptier has 30 seconds left.
|
|t:|1630445915
|move|p2a: Aegislash|King's Shield|p2a: Aegislash
|-singleturn|p2a: Aegislash|Protect
|move|p1a: Slowbro|Nasty Plot|p1a: Slowbro
|-boost|p1a: Slowbro|spa|2
|
|upkeep
|turn|9
|inactive|Wigglytoptier has 30 seconds left.
|
|t:|1630445930
|switch|p2a: Grimmsnarl|Grimmsnarl, M|100/100
|move|p1a: Slowbro|Nasty Plot|p1a: Slowbro
|-boost|p1a: Slowbro|spa|2
|
|upkeep
|turn|10
|inactive|Wigglytoptier has 30 seconds left.
|
|t:|1630445943
|move|p2a: Grimmsnarl|Foul Play|p1a: Slowbro
|-supereffective|p1a: Slowbro
|-damage|p1a: Slowbro|55/100
|move|p1a: Slowbro|Sludge Bomb|p2a: Grimmsnarl
|-supereffective|p2a: Grimmsnarl
|-damage|p2a: Grimmsnarl|0 fnt
|faint|p2a: Grimmsnarl
|
|upkeep
|
|t:|1630445951
|switch|p2a: Moltres|Moltres|100/100
|turn|11
|-activate|p1a: Slowbro|ability: Quick Draw
|
|t:|1630445955
|move|p1a: Slowbro|Expanding Force|p2a: Moltres
|-damage|p2a: Moltres|0 fnt
|faint|p2a: Moltres
|
|upkeep
|-message|CervixBasher forfeited.
|
|win|Wigglytoptier
|raw|Wigglytoptier's rating: 1043 &rarr; <strong>1072</strong><br />(+29 for winning)
|raw|CervixBasher's rating: 1000 &rarr; <strong>1000</strong><br />(+0 for losing)
|l|☆CervixBasher
