|j|☆vincent234
|j|☆UUBF5 detour
|t:|1617538386
|gametype|singles
|player|p1|vincent234|2|1111
|player|p2|UUBF5 detour|maid-gen4|1399
|teamsize|p1|6
|teamsize|p2|6
|gen|8
|tier|[Gen 8] UU
|rated|
|clearpoke
|poke|p1|Rotom-Wash|
|poke|p1|Scizor, F|
|poke|p1|Tapu Bulu|
|poke|p1|Thundurus-Therian, M|
|poke|p1|Jirachi|
|poke|p1|Mamoswine, M|
|poke|p2|Weezing-Galar, F|
|poke|p2|Pyukumuku, F|
|poke|p2|Chansey, F|
|poke|p2|Mew|
|poke|p2|Salamence, F|
|poke|p2|Amoonguss, M|
|rule|Sleep Clause Mod: Limit one foe put to sleep
|rule|Species Clause: Limit one of each Pokémon
|rule|OHKO Clause: OHKO moves are banned
|rule|Evasion Moves Clause: Evasion moves are banned
|rule|Endless Battle Clause: Forcing endless battles is banned
|rule|HP Percentage Mod: HP is shown in percentages
|rule|Dynamax Clause: You cannot dynamax
|teampreview
|inactive|Battle timer is ON: inactive players will automatically lose when time's up. (requested by vincent234)
|
|t:|1617538397
|start
|switch|p1a: Jirachi|Jirachi|100/100
|switch|p2a: Chansey|Chansey, F|100/100
|turn|1
|
|t:|1617538408
|move|p1a: Jirachi|U-turn|p2a: Chansey
|-damage|p2a: Chansey|88/100
|
|t:|1617538412
|switch|p1a: Scizor|Scizor, F|100/100|[from]move: U-turn
|move|p2a: Chansey|Stealth Rock|p1a: Scizor
|-sidestart|p1: vincent234|move: Stealth Rock
|
|upkeep
|turn|2
|
|t:|1617538420
|switch|p2a: Salamence|Salamence, F|100/100
|-ability|p2a: Salamence|Intimidate|boost
|-unboost|p1a: Scizor|atk|1
|move|p1a: Scizor|Superpower|p2a: Salamence
|-resisted|p2a: Salamence
|-damage|p2a: Salamence|85/100
|-unboost|p1a: Scizor|atk|1
|-unboost|p1a: Scizor|def|1
|
|upkeep
|turn|3
|
|t:|1617538429
|switch|p1a: Thundurus|Thundurus-Therian, M|100/100
|-damage|p1a: Thundurus|76/100|[from] Stealth Rock
|move|p2a: Salamence|Toxic|p1a: Thundurus
|-status|p1a: Thundurus|tox
|
|-heal|p1a: Thundurus|82/100 tox|[from] item: Leftovers
|-damage|p1a: Thundurus|76/100 tox|[from] psn
|upkeep
|turn|4
|
|t:|1617538441
|switch|p2a: Chansey|Chansey, F|88/100
|move|p1a: Thundurus|Defog|p2a: Chansey
|-unboost|p2a: Chansey|evasion|1
|-sideend|p1: vincent234|Stealth Rock|[from] move: Defog|[of] p1a: Thundurus
|
|-heal|p1a: Thundurus|82/100 tox|[from] item: Leftovers
|-damage|p1a: Thundurus|70/100 tox|[from] psn
|upkeep
|turn|5
|
|t:|1617538451
|switch|p1a: Scizor|Scizor, F|100/100
|move|p2a: Chansey|Stealth Rock|p1a: Scizor
|-sidestart|p1: vincent234|move: Stealth Rock
|
|upkeep
|turn|6
|
|t:|1617538456
|switch|p2a: Salamence|Salamence, F|85/100
|-ability|p2a: Salamence|Intimidate|boost
|-unboost|p1a: Scizor|atk|1
|move|p1a: Scizor|U-turn|p2a: Salamence
|-resisted|p2a: Salamence
|-damage|p2a: Salamence|71/100
|
|t:|1617538462
|switch|p1a: Mamoswine|Mamoswine, M|100/100|[from]move: U-turn
|-damage|p1a: Mamoswine|88/100|[from] Stealth Rock
|
|upkeep
|turn|7
|
|t:|1617538469
|switch|p2a: Pyukumuku|Pyukumuku, F|100/100
|move|p1a: Mamoswine|Ice Shard|p2a: Pyukumuku
|-resisted|p2a: Pyukumuku
|-crit|p2a: Pyukumuku
|-damage|p2a: Pyukumuku|87/100
|-damage|p1a: Mamoswine|78/100|[from] item: Life Orb
|
|upkeep
|turn|8
|
|t:|1617538479
|switch|p1a: Rotom|Rotom-Wash|100/100
|-damage|p1a: Rotom|88/100|[from] Stealth Rock
|move|p2a: Pyukumuku|Recover|p2a: Pyukumuku
|-heal|p2a: Pyukumuku|100/100
|
|-heal|p1a: Rotom|94/100|[from] item: Leftovers
|upkeep
|turn|9
|
|t:|1617538488
|switch|p2a: Amoonguss|Amoonguss, M|100/100
|move|p1a: Rotom|Volt Switch|p2a: Amoonguss
|-resisted|p2a: Amoonguss
|-damage|p2a: Amoonguss|88/100
|
|t:|1617538504
|switch|p1a: Mamoswine|Mamoswine, M|78/100|[from]move: Volt Switch
|-damage|p1a: Mamoswine|66/100|[from] Stealth Rock
|
|upkeep
|turn|10
|
|t:|1617538509
|switch|p2a: Pyukumuku|Pyukumuku, F|100/100
|move|p1a: Mamoswine|Icicle Crash|p2a: Pyukumuku
|-resisted|p2a: Pyukumuku
|-damage|p2a: Pyukumuku|79/100
|-damage|p1a: Mamoswine|56/100|[from] item: Life Orb
|
|upkeep
|turn|11
|
|t:|1617538516
|move|p1a: Mamoswine|Earthquake|p2a: Pyukumuku
|-crit|p2a: Pyukumuku
|-damage|p2a: Pyukumuku|0 fnt
|-damage|p1a: Mamoswine|46/100|[from] item: Life Orb
|faint|p2a: Pyukumuku
|
|upkeep
|
|t:|1617538520
|switch|p2a: Mew|Mew|100/100
|turn|12
|
|t:|1617538528
|switch|p1a: Scizor|Scizor, F|100/100
|-damage|p1a: Scizor|88/100|[from] Stealth Rock
|move|p2a: Mew|Will-O-Wisp|p1a: Scizor
|-status|p1a: Scizor|brn
|
|-damage|p1a: Scizor|82/100 brn|[from] brn
|upkeep
|turn|13
|
|t:|1617538541
|switch|p2a: Amoonguss|Amoonguss, M|100/100
|move|p1a: Scizor|Knock Off|p2a: Amoonguss
|-damage|p2a: Amoonguss|79/100
|-enditem|p2a: Amoonguss|Heavy-Duty Boots|[from] move: Knock Off|[of] p1a: Scizor
|
|-damage|p1a: Scizor|76/100 brn|[from] brn
|upkeep
|turn|14
|
|t:|1617538560
|switch|p1a: Thundurus|Thundurus-Therian, M|70/100 tox
|-damage|p1a: Thundurus|45/100 tox|[from] Stealth Rock
|move|p2a: Amoonguss|Foul Play|p1a: Thundurus
|-damage|p1a: Thundurus|17/100 tox
|
|-heal|p1a: Thundurus|23/100 tox|[from] item: Leftovers
|-damage|p1a: Thundurus|17/100 tox|[from] psn
|upkeep
|turn|15
|
|t:|1617538571
|switch|p2a: Chansey|Chansey, F|88/100
|move|p1a: Thundurus|Psychic|p2a: Chansey
|-damage|p2a: Chansey|78/100
|
|-heal|p1a: Thundurus|23/100 tox|[from] item: Leftovers
|-damage|p1a: Thundurus|11/100 tox|[from] psn
|upkeep
|turn|16
|
|t:|1617538578
|move|p1a: Thundurus|Defog|p2a: Chansey
|-unboost|p2a: Chansey|evasion|1
|-sideend|p1: vincent234|Stealth Rock|[from] move: Defog|[of] p1a: Thundurus
|move|p2a: Chansey|Stealth Rock|p1a: Thundurus
|-sidestart|p1: vincent234|move: Stealth Rock
|
|-heal|p1a: Thundurus|17/100 tox|[from] item: Leftovers
|-damage|p1a: Thundurus|0 fnt|[from] psn
|faint|p1a: Thundurus
|upkeep
|
|t:|1617538589
|switch|p1a: Tapu Bulu|Tapu Bulu|100/100
|-damage|p1a: Tapu Bulu|88/100|[from] Stealth Rock
|-fieldstart|move: Grassy Terrain|[from] ability: Grassy Surge|[of] p1a: Tapu Bulu
|turn|17
|
|t:|1617538596
|switch|p2a: Salamence|Salamence, F|71/100
|-ability|p2a: Salamence|Intimidate|boost
|-unboost|p1a: Tapu Bulu|atk|1
|move|p1a: Tapu Bulu|Swords Dance|p1a: Tapu Bulu
|-boost|p1a: Tapu Bulu|atk|2
|
|-heal|p1a: Tapu Bulu|94/100|[from] Grassy Terrain
|-heal|p1a: Tapu Bulu|100/100|[from] item: Leftovers
|upkeep
|turn|18
|
|t:|1617538606
|move|p2a: Salamence|Flamethrower|p1a: Tapu Bulu
|-supereffective|p1a: Tapu Bulu
|-crit|p1a: Tapu Bulu
|-damage|p1a: Tapu Bulu|48/100
|move|p1a: Tapu Bulu|Horn Leech|p2a: Salamence
|-resisted|p2a: Salamence
|-damage|p2a: Salamence|60/100
|-heal|p1a: Tapu Bulu|54/100|[from] drain|[of] p2a: Salamence
|
|-heal|p1a: Tapu Bulu|61/100|[from] Grassy Terrain
|-heal|p1a: Tapu Bulu|67/100|[from] item: Leftovers
|upkeep
|turn|19
|
|t:|1617538616
|switch|p1a: Rotom|Rotom-Wash|94/100
|-damage|p1a: Rotom|82/100|[from] Stealth Rock
|move|p2a: Salamence|Roost|p2a: Salamence
|-heal|p2a: Salamence|100/100
|-singleturn|p2a: Salamence|move: Roost
|
|-heal|p1a: Rotom|88/100|[from] item: Leftovers
|upkeep
|turn|20
|
|t:|1617538627
|switch|p2a: Amoonguss|Amoonguss, M|100/100
|move|p1a: Rotom|Volt Switch|p2a: Amoonguss
|-resisted|p2a: Amoonguss
|-damage|p2a: Amoonguss|88/100
|
|t:|1617538634
|switch|p1a: Jirachi|Jirachi|100/100|[from]move: Volt Switch
|-damage|p1a: Jirachi|94/100|[from] Stealth Rock
|
|-heal|p1a: Jirachi|100/100|[from] Grassy Terrain
|-heal|p2a: Amoonguss|95/100|[from] Grassy Terrain
|upkeep
|turn|21
|
|t:|1617538641
|move|p1a: Jirachi|U-turn|p2a: Amoonguss
|-damage|p2a: Amoonguss|79/100
|
|t:|1617538645
|switch|p1a: Mamoswine|Mamoswine, M|46/100|[from]move: U-turn
|-damage|p1a: Mamoswine|33/100|[from] Stealth Rock
|move|p2a: Amoonguss|Foul Play|p1a: Mamoswine
|-damage|p1a: Mamoswine|0 fnt
|faint|p1a: Mamoswine
|
|-heal|p2a: Amoonguss|85/100|[from] Grassy Terrain
|-fieldend|move: Grassy Terrain
|upkeep
|
|t:|1617538656
|switch|p1a: Scizor|Scizor, F|76/100 brn
|-damage|p1a: Scizor|63/100 brn|[from] Stealth Rock
|turn|22
|
|t:|1617538663
|move|p1a: Scizor|U-turn|p2a: Amoonguss
|-damage|p2a: Amoonguss|62/100
|
|t:|1617538666
|switch|p1a: Tapu Bulu|Tapu Bulu|67/100|[from]move: U-turn
|-damage|p1a: Tapu Bulu|54/100|[from] Stealth Rock
|-fieldstart|move: Grassy Terrain|[from] ability: Grassy Surge|[of] p1a: Tapu Bulu
|move|p2a: Amoonguss|Foul Play|p1a: Tapu Bulu
|-resisted|p1a: Tapu Bulu
|-damage|p1a: Tapu Bulu|42/100
|
|-heal|p1a: Tapu Bulu|49/100|[from] Grassy Terrain
|-heal|p1a: Tapu Bulu|55/100|[from] item: Leftovers
|-heal|p2a: Amoonguss|68/100|[from] Grassy Terrain
|upkeep
|turn|23
|
|t:|1617538679
|switch|p1a: Jirachi|Jirachi|100/100
|-damage|p1a: Jirachi|94/100|[from] Stealth Rock
|move|p2a: Amoonguss|Sludge Bomb|p1a: Jirachi
|-immune|p1a: Jirachi
|
|-heal|p1a: Jirachi|100/100|[from] Grassy Terrain
|-heal|p2a: Amoonguss|75/100|[from] Grassy Terrain
|upkeep
|turn|24
|
|t:|1617538690
|move|p1a: Jirachi|Fire Punch|p2a: Amoonguss
|-supereffective|p2a: Amoonguss
|-damage|p2a: Amoonguss|41/100
|move|p2a: Amoonguss|Foul Play|p1a: Jirachi
|-supereffective|p1a: Jirachi
|-damage|p1a: Jirachi|46/100
|
|-heal|p1a: Jirachi|52/100|[from] Grassy Terrain
|-heal|p2a: Amoonguss|47/100|[from] Grassy Terrain
|upkeep
|turn|25
|
|t:|1617538699
|move|p1a: Jirachi|Fire Punch|p2a: Amoonguss
|-supereffective|p2a: Amoonguss
|-damage|p2a: Amoonguss|16/100
|-status|p2a: Amoonguss|brn
|move|p2a: Amoonguss|Synthesis|p2a: Amoonguss
|-heal|p2a: Amoonguss|66/100 brn
|
|-heal|p1a: Jirachi|58/100|[from] Grassy Terrain
|-heal|p2a: Amoonguss|72/100 brn|[from] Grassy Terrain
|-damage|p2a: Amoonguss|66/100 brn|[from] brn
|upkeep
|turn|26
|
|t:|1617538709
|move|p1a: Jirachi|Fire Punch|p2a: Amoonguss
|-supereffective|p2a: Amoonguss
|-damage|p2a: Amoonguss|32/100 brn
|move|p2a: Amoonguss|Synthesis|p2a: Amoonguss
|-heal|p2a: Amoonguss|82/100 brn
|
|-heal|p1a: Jirachi|64/100|[from] Grassy Terrain
|-heal|p2a: Amoonguss|88/100 brn|[from] Grassy Terrain
|-fieldend|move: Grassy Terrain
|-damage|p2a: Amoonguss|82/100 brn|[from] brn
|upkeep
|turn|27
|
|t:|1617538723
|switch|p2a: Salamence|Salamence, F|100/100
|-ability|p2a: Salamence|Intimidate|boost
|-unboost|p1a: Jirachi|atk|1
|move|p1a: Jirachi|Fire Punch|p2a: Salamence
|-resisted|p2a: Salamence
|-damage|p2a: Salamence|95/100
|
|upkeep
|turn|28
|
|t:|1617538732
|switch|p1a: Rotom|Rotom-Wash|88/100
|-damage|p1a: Rotom|75/100|[from] Stealth Rock
|move|p2a: Salamence|Toxic|p1a: Rotom
|-status|p1a: Rotom|tox
|
|-heal|p1a: Rotom|82/100 tox|[from] item: Leftovers
|-damage|p1a: Rotom|75/100 tox|[from] psn
|upkeep
|turn|29
|
|t:|1617538740
|switch|p2a: Amoonguss|Amoonguss, M|100/100 brn
|move|p1a: Rotom|Discharge|p2a: Amoonguss
|-resisted|p2a: Amoonguss
|-damage|p2a: Amoonguss|88/100 brn
|
|-heal|p1a: Rotom|82/100 tox|[from] item: Leftovers
|-damage|p1a: Rotom|69/100 tox|[from] psn
|-damage|p2a: Amoonguss|82/100 brn|[from] brn
|upkeep
|turn|30
|
|t:|1617538749
|move|p1a: Rotom|Volt Switch|p2a: Amoonguss
|-resisted|p2a: Amoonguss
|-damage|p2a: Amoonguss|71/100 brn
|
|t:|1617538755
|switch|p1a: Scizor|Scizor, F|63/100 brn|[from]move: Volt Switch
|-damage|p1a: Scizor|51/100 brn|[from] Stealth Rock
|move|p2a: Amoonguss|Foul Play|p1a: Scizor
|-damage|p1a: Scizor|31/100 brn
|
|-damage|p1a: Scizor|25/100 brn|[from] brn
|-damage|p2a: Amoonguss|64/100 brn|[from] brn
|upkeep
|turn|31
|
|t:|1617538766
|move|p1a: Scizor|Bullet Punch|p2a: Amoonguss
|-damage|p2a: Amoonguss|46/100 brn
|move|p2a: Amoonguss|Synthesis|p2a: Amoonguss
|-heal|p2a: Amoonguss|96/100 brn
|
|-damage|p1a: Scizor|19/100 brn|[from] brn
|-damage|p2a: Amoonguss|90/100 brn|[from] brn
|upkeep
|turn|32
|-message|vincent234 forfeited.
|
|win|UUBF5 detour
|raw|vincent234's rating: 1111 &rarr; <strong>1103</strong><br />(-8 for losing)
|raw|UUBF5 detour's rating: 1399 &rarr; <strong>1405</strong><br />(+6 for winning)
|l|☆vincent234
