|j|☆Puppyvolcano
|j|☆BewearHugger
|player|p1|Puppyvolcano|102|1661
|player|p2|BewearHugger|pokemaniac-gen3rs|1570
|teamsize|p1|6
|teamsize|p2|6
|gametype|singles
|gen|8
|tier|[Gen 8] UU
|rated|
|clearpoke
|poke|p1|Barraskewda, F|
|poke|p1|Toxtricity-Low-Key, F|
|poke|p1|Scyther, M|
|poke|p1|Krookodile, F|
|poke|p1|Cloyster, M|
|poke|p1|Heracross, M|
|poke|p2|Bewear, F|
|poke|p2|Grimmsnarl, M|
|poke|p2|Krookodile, M|
|poke|p2|Scolipede, M|
|poke|p2|Porygon-Z|
|poke|p2|Necrozma|
|rule|Sleep Clause Mod: Limit one foe put to sleep
|rule|Species Clause: Limit one of each Pokémon
|rule|OHKO Clause: OHKO moves are banned
|rule|Evasion Moves Clause: Evasion moves are banned
|rule|Endless Battle Clause: Forcing endless battles is banned
|rule|HP Percentage Mod: HP is shown in percentages
|rule|Dynamax Clause: You cannot dynamax
|teampreview
|j| Luna Rox ❤
|inactive|Battle timer is ON: inactive players will automatically lose when time's up. (requested by BewearHugger)
|
|start
|switch|p1a: Barraskewda|Barraskewda, F|100/100
|switch|p2a: Krookodile|Krookodile, M|100/100
|-ability|p2a: Krookodile|Intimidate|boost
|-unboost|p1a: Barraskewda|atk|1
|turn|1
|j| Arbre et Buisson
|
|move|p1a: Barraskewda|Flip Turn|p2a: Krookodile
|-supereffective|p2a: Krookodile
|-damage|p2a: Krookodile|13/100
|
|switch|p1a: Heracross|Heracross, M|100/100|[from]move: Flip Turn
|move|p2a: Krookodile|Stealth Rock|p1a: Heracross
|-sidestart|p1: Puppyvolcano|move: Stealth Rock
|
|upkeep
|turn|2
|
|move|p1a: Heracross|Earthquake|p2a: Krookodile
|-damage|p2a: Krookodile|0 fnt
|faint|p2a: Krookodile
|-ability|p1a: Heracross|Moxie|boost
|-boost|p1a: Heracross|atk|1
|
|upkeep
|
|switch|p2a: Grimmsnarl|Grimmsnarl, M|100/100
|turn|3
|
|move|p2a: Grimmsnarl|Reflect|p2a: Grimmsnarl
|-sidestart|p2: BewearHugger|Reflect
|move|p1a: Heracross|Earthquake|p2a: Grimmsnarl
|-damage|p2a: Grimmsnarl|66/100
|
|upkeep
|turn|4
|
|switch|p1a: Krookodile|Krookodile, F|100/100
|-damage|p1a: Krookodile|94/100|[from] Stealth Rock
|-ability|p1a: Krookodile|Intimidate|boost
|-unboost|p2a: Grimmsnarl|atk|1
|move|p2a: Grimmsnarl|Light Screen|p2a: Grimmsnarl
|-sidestart|p2: BewearHugger|move: Light Screen
|
|upkeep
|turn|5
|
|switch|p1a: Scyther|Scyther, M|100/100
|move|p2a: Grimmsnarl|Spirit Break|p1a: Scyther
|-damage|p1a: Scyther|59/100
|-unboost|p1a: Scyther|spa|1
|
|upkeep
|turn|6
|
|move|p2a: Grimmsnarl|Taunt|p1a: Scyther
|-start|p1a: Scyther|move: Taunt
|cant|p1a: Scyther|move: Taunt|Defog
|
|upkeep
|turn|7
|
|switch|p1a: Toxtricity|Toxtricity-Low-Key, F|100/100
|-damage|p1a: Toxtricity|88/100|[from] Stealth Rock
|switch|p2a: Bewear|Bewear, F|100/100
|
|upkeep
|turn|8
|
|move|p1a: Toxtricity|Volt Switch|p2a: Bewear
|-damage|p2a: Bewear|63/100
|j| BlondeSasukeUchiha
|
|switch|p1a: Krookodile|Krookodile, F|94/100|[from]move: Volt Switch
|-damage|p1a: Krookodile|88/100|[from] Stealth Rock
|-ability|p1a: Krookodile|Intimidate|boost
|-unboost|p2a: Bewear|atk|1
|move|p2a: Bewear|Double-Edge|p1a: Krookodile
|-damage|p1a: Krookodile|18/100
|-damage|p2a: Bewear|43/100|[from] Recoil
|
|upkeep
|turn|9
|
|move|p1a: Krookodile|Earthquake|p2a: Bewear
|-damage|p2a: Bewear|20/100
|move|p2a: Bewear|Double-Edge|p1a: Krookodile
|-damage|p1a: Krookodile|0 fnt
|-damage|p2a: Bewear|15/100|[from] Recoil
|faint|p1a: Krookodile
|
|upkeep
|
|switch|p1a: Scyther|Scyther, M|59/100
|turn|10
|
|move|p1a: Scyther|Defog|p2a: Bewear
|-unboost|p2a: Bewear|evasion|1
|-sideend|p2: BewearHugger|Reflect
|-sideend|p2: BewearHugger|move: Light Screen
|-sideend|p1: Puppyvolcano|Stealth Rock|[from] move: Defog|[of] p1a: Scyther
|move|p2a: Bewear|Double-Edge|p1a: Scyther
|-damage|p1a: Scyther|0 fnt
|-damage|p2a: Bewear|1/100|[from] Recoil
|faint|p1a: Scyther
|
|upkeep
|
|switch|p1a: Heracross|Heracross, M|100/100
|turn|11
|
|move|p1a: Heracross|Earthquake|p2a: Bewear
|-damage|p2a: Bewear|0 fnt
|faint|p2a: Bewear
|-ability|p1a: Heracross|Moxie|boost
|-boost|p1a: Heracross|atk|1
|
|upkeep
|
|switch|p2a: Grimmsnarl|Grimmsnarl, M|66/100
|turn|12
|
|move|p2a: Grimmsnarl|Reflect|p2a: Grimmsnarl
|-sidestart|p2: BewearHugger|Reflect
|move|p1a: Heracross|Earthquake|p2a: Grimmsnarl
|-damage|p2a: Grimmsnarl|33/100
|
|upkeep
|turn|13
|
|move|p1a: Heracross|Earthquake|p2a: Grimmsnarl
|-damage|p2a: Grimmsnarl|0 fnt
|faint|p2a: Grimmsnarl
|-ability|p1a: Heracross|Moxie|boost
|-boost|p1a: Heracross|atk|1
|
|upkeep
|
|switch|p2a: Necrozma|Necrozma|100/100
|turn|14
|
|move|p1a: Heracross|Earthquake|p2a: Necrozma
|-damage|p2a: Necrozma|67/100
|move|p2a: Necrozma|Autotomize|p2a: Necrozma
|-boost|p2a: Necrozma|spe|2
|-start|p2a: Necrozma|Autotomize
|
|upkeep
|turn|15
|
|move|p2a: Necrozma|Calm Mind|p2a: Necrozma
|-boost|p2a: Necrozma|spa|1
|-boost|p2a: Necrozma|spd|1
|move|p1a: Heracross|Earthquake|p2a: Necrozma
|-damage|p2a: Necrozma|34/100
|
|upkeep
|turn|16
|j| colbur gabin
|
|switch|p1a: Toxtricity|Toxtricity-Low-Key, F|88/100
|move|p2a: Necrozma|Photon Geyser|p1a: Toxtricity
|-supereffective|p1a: Toxtricity
|-damage|p1a: Toxtricity|0 fnt
|faint|p1a: Toxtricity
|
|upkeep
|
|switch|p1a: Cloyster|Cloyster, M|100/100
|turn|17
|
|move|p1a: Cloyster|Ice Shard|p2a: Necrozma
|-damage|p2a: Necrozma|24/100
|cant|p2a: Necrozma|flinch
|
|upkeep
|turn|18
|c| Luna Rox ❤|=/
|
|move|p1a: Cloyster|Ice Shard|p2a: Necrozma
|-damage|p2a: Necrozma|15/100
|move|p2a: Necrozma|Photon Geyser|p1a: Cloyster
|-damage|p1a: Cloyster|0 fnt
|faint|p1a: Cloyster
|
|upkeep
|
|switch|p1a: Barraskewda|Barraskewda, F|100/100
|turn|19
|
|move|p2a: Necrozma|Photon Geyser|p1a: Barraskewda
|-damage|p1a: Barraskewda|0 fnt
|faint|p1a: Barraskewda
|
|-sideend|p2: BewearHugger|Reflect
|upkeep
|c|☆Puppyvolcano|hh
|c|☆Puppyvolcano|gg
|c|☆BewearHugger|gg
|-message|Puppyvolcano forfeited.
|
|win|BewearHugger
|l|☆Puppyvolcano
|l| BlondeSasukeUchiha
|l|☆BewearHugger
|l| Luna Rox ❤
