|j|☆CacturneRencarnado
|j|☆DarkHorse344
|t:|1667523995
|gametype|singles
|player|p1|CacturneRencarnado|policeman-gen4|1387
|player|p2|DarkHorse344|brendan-gen3rs|1410
|teamsize|p1|6
|teamsize|p2|6
|gen|8
|tier|[Gen 8] UU
|rated|
|rule|Sleep Clause Mod: Limit one foe put to sleep
|rule|Species Clause: Limit one of each Pokémon
|rule|OHKO Clause: OHKO moves are banned
|rule|Evasion Items Clause: Evasion items are banned
|rule|Evasion Moves Clause: Evasion moves are banned
|rule|Endless Battle Clause: Forcing endless battles is banned
|rule|HP Percentage Mod: HP is shown in percentages
|rule|Dynamax Clause: You cannot dynamax
|clearpoke
|poke|p1|Rotom-Mow|
|poke|p1|Hydreigon, F|
|poke|p1|Gallade, M|
|poke|p1|Accelgor, F|
|poke|p1|Gyarados, M|
|poke|p1|Absol, F|
|poke|p2|Politoed, M|
|poke|p2|Kingdra, F|
|poke|p2|Salamence, F|
|poke|p2|Amoonguss, F|
|poke|p2|Kabutops, F|
|poke|p2|Registeel|
|teampreview
|inactive|Battle timer is ON: inactive players will automatically lose when time's up. (requested by CacturneRencarnado)
|
|t:|1667524044
|start
|switch|p1a: Accelgor|Accelgor, F|100/100
|switch|p2a: Politoed|Politoed, M|100/100
|-weather|RainDance|[from] ability: Drizzle|[of] p2a: Politoed
|turn|1
|
|t:|1667524053
|switch|p2a: Amoonguss|Amoonguss, F|100/100
|move|p1a: Accelgor|Final Gambit|p2a: Amoonguss
|-damage|p2a: Amoonguss|16/100
|faint|p1a: Accelgor
|-enditem|p2a: Amoonguss|Eject Button
|
|t:|1667524063
|switch|p2a: Kingdra|Kingdra, F|100/100
|
|-weather|RainDance|[upkeep]
|upkeep
|
|t:|1667524073
|switch|p1a: Absoluto|Absol, F|100/100
|turn|2
|
|t:|1667524079
|move|p2a: Kingdra|Flip Turn|p1a: Absoluto
|-crit|p1a: Absoluto
|-damage|p1a: Absoluto|22/100
|
|t:|1667524083
|switch|p2a: Amoonguss|Amoonguss, F|50/100|[from]move: Flip Turn
|move|p1a: Absoluto|Play Rough|p2a: Amoonguss
|-resisted|p2a: Amoonguss
|-damage|p2a: Amoonguss|38/100
|
|-weather|RainDance|[upkeep]
|upkeep
|turn|3
|
|t:|1667524090
|switch|p2a: Salamence|Salamence, F|100/100
|-ability|p2a: Salamence|Intimidate|boost
|-unboost|p1a: Absoluto|atk|1
|move|p1a: Absoluto|Knock Off|p2a: Salamence
|-damage|p2a: Salamence|59/100
|-enditem|p2a: Salamence|Heavy-Duty Boots|[from] move: Knock Off|[of] p1a: Absoluto
|
|-weather|RainDance|[upkeep]
|upkeep
|turn|4
|
|t:|1667524095
|switch|p1a: Rotom|Rotom-Mow|100/100
|move|p2a: Salamence|Hurricane|p1a: Rotom
|-crit|p1a: Rotom
|-damage|p1a: Rotom|55/100
|-start|p1a: Rotom|confusion
|
|-weather|RainDance|[upkeep]
|upkeep
|turn|5
|
|t:|1667524100
|move|p2a: Salamence|Roost|p2a: Salamence
|-heal|p2a: Salamence|100/100
|-singleturn|p2a: Salamence|move: Roost
|-activate|p1a: Rotom|confusion
|move|p1a: Rotom|Thunder Wave|p2a: Salamence
|-status|p2a: Salamence|par
|
|-weather|RainDance|[upkeep]
|upkeep
|turn|6
|
|t:|1667524105
|-activate|p1a: Rotom|confusion
|-damage|p1a: Rotom|50/100|[from] confusion
|move|p2a: Salamence|Draco Meteor|p1a: Rotom
|-damage|p1a: Rotom|12/100
|-unboost|p2a: Salamence|spa|2
|
|-weather|RainDance|[upkeep]
|upkeep
|turn|7
|
|t:|1667524124
|switch|p2a: Amoonguss|Amoonguss, F|71/100
|-activate|p1a: Rotom|confusion
|move|p1a: Rotom|Thunder Wave|p2a: Amoonguss
|-status|p2a: Amoonguss|par
|
|-weather|RainDance|[upkeep]
|upkeep
|turn|8
|
|t:|1667524132
|-activate|p1a: Rotom|confusion
|move|p1a: Rotom|Defog|p2a: Amoonguss
|-unboost|p2a: Amoonguss|evasion|1
|move|p2a: Amoonguss|Sludge Bomb|p1a: Rotom
|-supereffective|p1a: Rotom
|-crit|p1a: Rotom
|-damage|p1a: Rotom|0 fnt
|faint|p1a: Rotom
|
|-weather|none
|upkeep
|
|t:|1667524137
|switch|p1a: Giratinas|Gyarados, M|100/100
|turn|9
|
|t:|1667524164
|move|p1a: Giratinas|Substitute|p1a: Giratinas
|-start|p1a: Giratinas|Substitute
|-damage|p1a: Giratinas|76/100
|move|p2a: Amoonguss|Sludge Bomb|p1a: Giratinas
|-end|p1a: Giratinas|Substitute
|
|-heal|p1a: Giratinas|82/100|[from] item: Leftovers
|upkeep
|turn|10
|
|t:|1667524180
|switch|p2a: Politoed|Politoed, M|100/100
|-weather|RainDance|[from] ability: Drizzle|[of] p2a: Politoed
|move|p1a: Giratinas|Dragon Dance|p1a: Giratinas
|-boost|p1a: Giratinas|atk|1
|-boost|p1a: Giratinas|spe|1
|
|-weather|RainDance|[upkeep]
|-heal|p1a: Giratinas|88/100|[from] item: Leftovers
|upkeep
|turn|11
|
|t:|1667524186
|move|p1a: Giratinas|Dragon Dance|p1a: Giratinas
|-boost|p1a: Giratinas|atk|1
|-boost|p1a: Giratinas|spe|1
|move|p2a: Politoed|Encore|p1a: Giratinas
|-start|p1a: Giratinas|Encore
|
|-weather|RainDance|[upkeep]
|-heal|p1a: Giratinas|94/100|[from] item: Leftovers
|upkeep
|turn|12
|
|t:|1667524195
|switch|p1a: Absoluto|Absol, F|22/100
|switch|p2a: Kingdra|Kingdra, F|100/100
|
|-weather|RainDance|[upkeep]
|upkeep
|turn|13
|
|t:|1667524201
|move|p2a: Kingdra|Flip Turn|p1a: Absoluto
|-damage|p1a: Absoluto|0 fnt
|faint|p1a: Absoluto
|
|t:|1667524209
|switch|p2a: Kabutops|Kabutops, F|100/100|[from]move: Flip Turn
|
|-weather|RainDance|[upkeep]
|upkeep
|
|t:|1667524213
|switch|p1a: Hydreigon|Hydreigon, F|100/100
|turn|14
|
|t:|1667524225
|move|p2a: Kabutops|Stone Edge|p1a: Hydreigon
|-damage|p1a: Hydreigon|21/100
|-damage|p2a: Kabutops|91/100|[from] item: Life Orb
|move|p1a: Hydreigon|Dark Pulse|p2a: Kabutops
|-damage|p2a: Kabutops|13/100
|
|-weather|RainDance|[upkeep]
|upkeep
|turn|15
|
|t:|1667524247
|move|p2a: Kabutops|Liquidation|p1a: Hydreigon
|-resisted|p1a: Hydreigon
|-damage|p1a: Hydreigon|0 fnt
|faint|p1a: Hydreigon
|-damage|p2a: Kabutops|3/100|[from] item: Life Orb
|
|-weather|RainDance|[upkeep]
|upkeep
|
|t:|1667524248
|switch|p1a: Gallardo|Gallade, M|100/100
|turn|16
|
|t:|1667524253
|move|p1a: Gallardo|Shadow Sneak|p2a: Kabutops
|-damage|p2a: Kabutops|0 fnt
|faint|p2a: Kabutops
|
|-weather|RainDance|[upkeep]
|upkeep
|
|t:|1667524263
|switch|p2a: Kingdra|Kingdra, F|100/100
|turn|17
|
|t:|1667524272
|move|p2a: Kingdra|Hurricane|p1a: Gallardo
|-supereffective|p1a: Gallardo
|-damage|p1a: Gallardo|0 fnt
|faint|p1a: Gallardo
|
|-weather|none
|upkeep
|
|t:|1667524275
|switch|p1a: Giratinas|Gyarados, M|94/100
|turn|18
|
|t:|1667524281
|switch|p2a: Politoed|Politoed, M|100/100
|-weather|RainDance|[from] ability: Drizzle|[of] p2a: Politoed
|move|p1a: Giratinas|Dragon Dance|p1a: Giratinas
|-boost|p1a: Giratinas|atk|1
|-boost|p1a: Giratinas|spe|1
|
|-weather|RainDance|[upkeep]
|-heal|p1a: Giratinas|99/100|[from] item: Leftovers
|upkeep
|turn|19
|
|t:|1667524285
|move|p1a: Giratinas|Bounce||[still]
|-prepare|p1a: Giratinas|Bounce
|move|p2a: Politoed|Encore|p1a: Giratinas|[miss]
|-miss|p2a: Politoed|p1a: Giratinas
|
|-weather|RainDance|[upkeep]
|-heal|p1a: Giratinas|100/100|[from] item: Leftovers
|upkeep
|turn|20
|
|t:|1667524292
|move|p1a: Giratinas|Bounce|p2a: Politoed|[from]lockedmove
|-damage|p2a: Politoed|45/100
|move|p2a: Politoed|Encore|p1a: Giratinas
|-start|p1a: Giratinas|Encore
|
|-weather|RainDance|[upkeep]
|upkeep
|turn|21
|
|t:|1667524304
|switch|p2a: Registeel|Registeel|100/100
|move|p1a: Giratinas|Bounce||[still]
|-prepare|p1a: Giratinas|Bounce
|
|-weather|RainDance|[upkeep]
|upkeep
|turn|22
|
|t:|1667524306
|move|p1a: Giratinas|Bounce|p2a: Registeel|[from]lockedmove
|-resisted|p2a: Registeel
|-damage|p2a: Registeel|83/100
|move|p2a: Registeel|Iron Defense|p2a: Registeel
|-boost|p2a: Registeel|def|2
|
|-weather|RainDance|[upkeep]
|-heal|p2a: Registeel|89/100|[from] item: Leftovers
|upkeep
|turn|23
|
|t:|1667524308
|move|p1a: Giratinas|Bounce||[still]
|-prepare|p1a: Giratinas|Bounce
|move|p2a: Registeel|Iron Defense|p2a: Registeel
|-boost|p2a: Registeel|def|2
|
|-weather|RainDance|[upkeep]
|-heal|p2a: Registeel|95/100|[from] item: Leftovers
|-end|p1a: Giratinas|Encore
|upkeep
|turn|24
|
|t:|1667524311
|move|p1a: Giratinas|Bounce|p2a: Registeel|[from]lockedmove
|-resisted|p2a: Registeel
|-damage|p2a: Registeel|89/100
|move|p2a: Registeel|Iron Defense|p2a: Registeel
|-boost|p2a: Registeel|def|2
|
|-weather|RainDance|[upkeep]
|-heal|p2a: Registeel|95/100|[from] item: Leftovers
|upkeep
|turn|25
|
|t:|1667524314
|move|p1a: Giratinas|Waterfall|p2a: Registeel
|-damage|p2a: Registeel|82/100
|move|p2a: Registeel|Body Press|p1a: Giratinas
|-resisted|p1a: Giratinas
|-damage|p1a: Giratinas|21/100
|
|-weather|none
|-heal|p1a: Giratinas|27/100|[from] item: Leftovers
|-heal|p2a: Registeel|88/100|[from] item: Leftovers
|upkeep
|turn|26
|
|t:|1667524316
|move|p1a: Giratinas|Waterfall|p2a: Registeel
|-damage|p2a: Registeel|79/100
|move|p2a: Registeel|Body Press|p1a: Giratinas
|-resisted|p1a: Giratinas
|-damage|p1a: Giratinas|0 fnt
|faint|p1a: Giratinas
|
|win|DarkHorse344
|raw|CacturneRencarnado's rating: 1387 &rarr; <strong>1367</strong><br />(-20 for losing)
|raw|DarkHorse344's rating: 1387 &rarr; <strong>1407</strong><br />(+20 for winning)
|l|☆CacturneRencarnado
