|j|☆ah sahm
|j|☆EliotEnRetar
|t:|1619381310
|gametype|singles
|player|p1|ah sahm|siebold|1543
|player|p2|EliotEnRetar|falkner|1554
|teamsize|p1|6
|teamsize|p2|6
|gen|8
|tier|[Gen 8] UU
|rated|
|clearpoke
|poke|p1|Suicune|
|poke|p1|Cresselia, F|
|poke|p1|Dragalge, F|
|poke|p1|Celesteela|
|poke|p1|Scizor, M|
|poke|p1|Rhyperior, M|
|poke|p2|Porygon-Z|
|poke|p2|Krookodile, M|
|poke|p2|Rotom-Wash|
|poke|p2|Scizor, F|
|poke|p2|Talonflame, F|
|poke|p2|Sylveon, F|
|rule|Sleep Clause Mod: Limit one foe put to sleep
|rule|Species Clause: Limit one of each Pokémon
|rule|OHKO Clause: OHKO moves are banned
|rule|Evasion Moves Clause: Evasion moves are banned
|rule|Endless Battle Clause: Forcing endless battles is banned
|rule|HP Percentage Mod: HP is shown in percentages
|rule|Dynamax Clause: You cannot dynamax
|teampreview
|inactive|Battle timer is ON: inactive players will automatically lose when time's up. (requested by EliotEnRetar)
|
|t:|1619381362
|start
|switch|p1a: Scizor|Scizor, M|100/100
|switch|p2a: Krookodile|Krookodile, M|100/100
|-ability|p2a: Krookodile|Intimidate|boost
|-unboost|p1a: Scizor|atk|1
|turn|1
|
|t:|1619381369
|move|p2a: Krookodile|Knock Off|p1a: Scizor
|-damage|p1a: Scizor|44/100
|-enditem|p1a: Scizor|Choice Band|[from] move: Knock Off|[of] p2a: Krookodile
|move|p1a: Scizor|U-turn|p2a: Krookodile
|-supereffective|p2a: Krookodile
|-damage|p2a: Krookodile|35/100
|
|t:|1619381375
|switch|p1a: Rhyperior|Rhyperior, M|100/100|[from]move: U-turn
|
|upkeep
|turn|2
|j| lolorigolo
|
|t:|1619381379
|switch|p2a: CauetBurger|Rotom-Wash|100/100
|move|p1a: Rhyperior|Stealth Rock|p2a: CauetBurger
|-sidestart|p2: EliotEnRetar|move: Stealth Rock
|
|upkeep
|turn|3
|
|t:|1619381383
|switch|p1a: Dragalge|Dragalge, F|100/100
|move|p2a: CauetBurger|Defog|p1a: Dragalge
|-unboost|p1a: Dragalge|evasion|1
|-sideend|p2: EliotEnRetar|Stealth Rock|[from] move: Defog|[of] p2a: CauetBurger
|
|upkeep
|turn|4
|
|t:|1619381386
|move|p2a: CauetBurger|Volt Switch|p1a: Dragalge
|-resisted|p1a: Dragalge
|-damage|p1a: Dragalge|89/100
|
|t:|1619381392
|switch|p2a: Schlass|Scizor, F|100/100|[from]move: Volt Switch
|move|p1a: Dragalge|Toxic Spikes|p2a: Schlass
|-sidestart|p2: EliotEnRetar|move: Toxic Spikes
|
|upkeep
|turn|5
|
|t:|1619381415
|switch|p1a: Rhyperior|Rhyperior, M|100/100
|move|p2a: Schlass|U-turn|p1a: Rhyperior
|-damage|p1a: Rhyperior|76/100
|
|t:|1619381420
|switch|p2a: CauetBurger|Rotom-Wash|100/100|[from]move: U-turn
|
|upkeep
|turn|6
|
|t:|1619381427
|switch|p1a: Cresselia|Cresselia, F|100/100
|move|p2a: CauetBurger|Defog|p1a: Cresselia
|-unboost|p1a: Cresselia|evasion|1
|-sideend|p2: EliotEnRetar|Toxic Spikes|[from] move: Defog|[of] p2a: CauetBurger
|
|upkeep
|turn|7
|
|t:|1619381430
|move|p2a: CauetBurger|Volt Switch|p1a: Cresselia
|-damage|p1a: Cresselia|83/100
|
|t:|1619381433
|switch|p2a: Porygon-NUBL|Porygon-Z|100/100|[from]move: Volt Switch
|move|p1a: Cresselia|Trick|p2a: Porygon-NUBL
|-activate|p1a: Cresselia|move: Trick|[of] p2a: Porygon-NUBL
|-item|p2a: Porygon-NUBL|Choice Specs|[from] move: Trick
|-item|p1a: Cresselia|Choice Specs|[from] move: Trick
|
|upkeep
|turn|8
|c|☆EliotEnRetar|nice te
|c|☆EliotEnRetar|trade
|
|t:|1619381446
|move|p2a: Porygon-NUBL|Tri Attack|p1a: Cresselia
|-damage|p1a: Cresselia|27/100
|move|p1a: Cresselia|Thunder Wave|p2a: Porygon-NUBL|[miss]
|-miss|p1a: Cresselia|p2a: Porygon-NUBL
|
|upkeep
|turn|9
|c|☆ah sahm|we love those
|c|☆ah sahm|not that
|
|t:|1619381455
|switch|p1a: Celesteela|Celesteela|100/100
|move|p2a: Porygon-NUBL|Tri Attack|p1a: Celesteela
|-resisted|p1a: Celesteela
|-damage|p1a: Celesteela|76/100
|
|-heal|p1a: Celesteela|82/100|[from] item: Leftovers
|upkeep
|turn|10
|
|t:|1619381462
|switch|p2a: CauetBurger|Rotom-Wash|100/100
|switch|p1a: Dragalge|Dragalge, F|89/100
|
|upkeep
|turn|11
|
|t:|1619381474
|move|p2a: CauetBurger|Volt Switch|p1a: Dragalge
|-resisted|p1a: Dragalge
|-damage|p1a: Dragalge|77/100
|
|t:|1619381477
|switch|p2a: Schlass|Scizor, F|100/100|[from]move: Volt Switch
|move|p1a: Dragalge|Draco Meteor|p2a: Schlass
|-resisted|p2a: Schlass
|-crit|p2a: Schlass
|-damage|p2a: Schlass|33/100
|-unboost|p1a: Dragalge|spa|2
|
|upkeep
|turn|12
|
|t:|1619381482
|switch|p1a: Celesteela|Celesteela|82/100
|move|p2a: Schlass|U-turn|p1a: Celesteela
|-resisted|p1a: Celesteela
|-damage|p1a: Celesteela|74/100
|
|t:|1619381491
|switch|p2a: BizouJeManvol|Talonflame, F|100/100|[from]move: U-turn
|
|-heal|p1a: Celesteela|80/100|[from] item: Leftovers
|upkeep
|turn|13
|
|t:|1619381496
|move|p2a: BizouJeManvol|Flare Blitz|p1a: Celesteela
|-supereffective|p1a: Celesteela
|-damage|p1a: Celesteela|0 fnt
|-damage|p2a: BizouJeManvol|65/100|[from] Recoil
|faint|p1a: Celesteela
|
|upkeep
|
|t:|1619381500
|switch|p1a: Suicune|Suicune|100/100
|-ability|p1a: Suicune|Pressure
|turn|14
|
|t:|1619381504
|move|p2a: BizouJeManvol|U-turn|p1a: Suicune
|-damage|p1a: Suicune|87/100
|
|t:|1619381506
|switch|p2a: Porygon-NUBL|Porygon-Z|100/100|[from]move: U-turn
|move|p1a: Suicune|Substitute|p1a: Suicune
|-start|p1a: Suicune|Substitute
|-damage|p1a: Suicune|62/100
|
|-heal|p1a: Suicune|68/100|[from] item: Leftovers
|upkeep
|turn|15
|
|t:|1619381509
|move|p1a: Suicune|Protect|p1a: Suicune
|-singleturn|p1a: Suicune|Protect
|move|p2a: Porygon-NUBL|Tri Attack|p1a: Suicune
|-activate|p1a: Suicune|move: Protect
|
|-heal|p1a: Suicune|74/100|[from] item: Leftovers
|upkeep
|turn|16
|
|t:|1619381514
|move|p2a: Porygon-NUBL|Tri Attack|p1a: Suicune
|-end|p1a: Suicune|Substitute
|move|p1a: Suicune|Substitute|p1a: Suicune
|-start|p1a: Suicune|Substitute
|-damage|p1a: Suicune|49/100
|
|-heal|p1a: Suicune|55/100|[from] item: Leftovers
|upkeep
|turn|17
|
|t:|1619381516
|move|p1a: Suicune|Protect|p1a: Suicune
|-singleturn|p1a: Suicune|Protect
|move|p2a: Porygon-NUBL|Tri Attack|p1a: Suicune
|-activate|p1a: Suicune|move: Protect
|
|-heal|p1a: Suicune|61/100|[from] item: Leftovers
|upkeep
|turn|18
|
|t:|1619381519
|move|p2a: Porygon-NUBL|Tri Attack|p1a: Suicune
|-end|p1a: Suicune|Substitute
|move|p1a: Suicune|Calm Mind|p1a: Suicune
|-boost|p1a: Suicune|spa|1
|-boost|p1a: Suicune|spd|1
|
|-heal|p1a: Suicune|68/100|[from] item: Leftovers
|upkeep
|turn|19
|
|t:|1619381524
|move|p2a: Porygon-NUBL|Tri Attack|p1a: Suicune
|-damage|p1a: Suicune|28/100
|move|p1a: Suicune|Substitute|p1a: Suicune
|-start|p1a: Suicune|Substitute
|-damage|p1a: Suicune|3/100
|
|-heal|p1a: Suicune|10/100|[from] item: Leftovers
|upkeep
|turn|20
|
|t:|1619381529
|switch|p2a: Ouais|Sylveon, F|100/100
|move|p1a: Suicune|Protect||[still]
|-fail|p1a: Suicune
|
|-heal|p1a: Suicune|16/100|[from] item: Leftovers
|upkeep
|turn|21
|
|t:|1619381532
|move|p1a: Suicune|Protect|p1a: Suicune
|-singleturn|p1a: Suicune|Protect
|move|p2a: Ouais|Hyper Voice|p1a: Suicune
|-activate|p1a: Suicune|move: Protect
|
|-heal|p1a: Suicune|22/100|[from] item: Leftovers
|upkeep
|turn|22
|
|t:|1619381534
|move|p1a: Suicune|Calm Mind|p1a: Suicune
|-boost|p1a: Suicune|spa|1
|-boost|p1a: Suicune|spd|1
|move|p2a: Ouais|Hyper Voice|p1a: Suicune
|-damage|p1a: Suicune|7/100
|
|-heal|p1a: Suicune|13/100|[from] item: Leftovers
|upkeep
|turn|23
|
|t:|1619381539
|switch|p2a: CauetBurger|Rotom-Wash|100/100
|move|p1a: Suicune|Protect||[still]
|-fail|p1a: Suicune
|
|-heal|p1a: Suicune|19/100|[from] item: Leftovers
|upkeep
|turn|24
|
|t:|1619381542
|move|p1a: Suicune|Protect|p1a: Suicune
|-singleturn|p1a: Suicune|Protect
|move|p2a: CauetBurger|Volt Switch|p1a: Suicune
|-activate|p1a: Suicune|move: Protect
|
|-heal|p1a: Suicune|25/100|[from] item: Leftovers
|upkeep
|turn|25
|
|t:|1619381548
|move|p1a: Suicune|Calm Mind|p1a: Suicune
|-boost|p1a: Suicune|spa|1
|-boost|p1a: Suicune|spd|1
|move|p2a: CauetBurger|Volt Switch|p1a: Suicune
|-supereffective|p1a: Suicune
|-activate|p1a: Suicune|move: Substitute|[damage]
|
|t:|1619381554
|switch|p2a: BizouJeManvol|Talonflame, F|65/100|[from]move: Volt Switch
|
|-heal|p1a: Suicune|32/100|[from] item: Leftovers
|upkeep
|turn|26
|
|t:|1619381560
|move|p1a: Suicune|Protect|p1a: Suicune
|-singleturn|p1a: Suicune|Protect
|move|p2a: BizouJeManvol|U-turn|p1a: Suicune
|-activate|p1a: Suicune|move: Protect
|
|-heal|p1a: Suicune|38/100|[from] item: Leftovers
|upkeep
|turn|27
|
|t:|1619381563
|move|p2a: BizouJeManvol|U-turn|p1a: Suicune
|-end|p1a: Suicune|Substitute
|
|t:|1619381565
|switch|p2a: CauetBurger|Rotom-Wash|100/100|[from]move: U-turn
|move|p1a: Suicune|Substitute|p1a: Suicune
|-start|p1a: Suicune|Substitute
|-damage|p1a: Suicune|13/100
|
|-heal|p1a: Suicune|19/100|[from] item: Leftovers
|upkeep
|turn|28
|
|t:|1619381567
|move|p1a: Suicune|Scald|p2a: CauetBurger
|-resisted|p2a: CauetBurger
|-damage|p2a: CauetBurger|67/100
|move|p2a: CauetBurger|Volt Switch|p1a: Suicune
|-supereffective|p1a: Suicune
|-activate|p1a: Suicune|move: Substitute|[damage]
|
|t:|1619381571
|switch|p2a: BizouJeManvol|Talonflame, F|65/100|[from]move: Volt Switch
|
|-heal|p1a: Suicune|25/100|[from] item: Leftovers
|upkeep
|turn|29
|
|t:|1619381574
|move|p1a: Suicune|Protect|p1a: Suicune
|-singleturn|p1a: Suicune|Protect
|move|p2a: BizouJeManvol|U-turn|p1a: Suicune
|-activate|p1a: Suicune|move: Protect
|
|-heal|p1a: Suicune|31/100|[from] item: Leftovers
|upkeep
|turn|30
|
|t:|1619381580
|move|p2a: BizouJeManvol|U-turn|p1a: Suicune
|-end|p1a: Suicune|Substitute
|
|t:|1619381582
|switch|p2a: CauetBurger|Rotom-Wash|67/100|[from]move: U-turn
|move|p1a: Suicune|Substitute|p1a: Suicune
|-start|p1a: Suicune|Substitute
|-damage|p1a: Suicune|6/100
|
|-heal|p1a: Suicune|13/100|[from] item: Leftovers
|-heal|p2a: CauetBurger|73/100|[from] item: Leftovers
|upkeep
|turn|31
|
|t:|1619381584
|move|p1a: Suicune|Protect|p1a: Suicune
|-singleturn|p1a: Suicune|Protect
|move|p2a: CauetBurger|Volt Switch|p1a: Suicune
|-activate|p1a: Suicune|move: Protect
|
|-heal|p1a: Suicune|19/100|[from] item: Leftovers
|-heal|p2a: CauetBurger|79/100|[from] item: Leftovers
|upkeep
|turn|32
|
|t:|1619381587
|move|p1a: Suicune|Calm Mind|p1a: Suicune
|-boost|p1a: Suicune|spa|1
|-boost|p1a: Suicune|spd|1
|move|p2a: CauetBurger|Volt Switch|p1a: Suicune
|-supereffective|p1a: Suicune
|-activate|p1a: Suicune|move: Substitute|[damage]
|
|t:|1619381593
|switch|p2a: BizouJeManvol|Talonflame, F|65/100|[from]move: Volt Switch
|
|-heal|p1a: Suicune|25/100|[from] item: Leftovers
|upkeep
|turn|33
|
|t:|1619381599
|move|p1a: Suicune|Protect|p1a: Suicune
|-singleturn|p1a: Suicune|Protect
|move|p2a: BizouJeManvol|U-turn|p1a: Suicune
|-activate|p1a: Suicune|move: Protect
|
|-heal|p1a: Suicune|31/100|[from] item: Leftovers
|upkeep
|turn|34
|
|t:|1619381608
|move|p2a: BizouJeManvol|U-turn|p1a: Suicune
|-end|p1a: Suicune|Substitute
|
|t:|1619381612
|switch|p2a: CauetBurger|Rotom-Wash|79/100|[from]move: U-turn
|move|p1a: Suicune|Scald|p2a: CauetBurger
|-resisted|p2a: CauetBurger
|-damage|p2a: CauetBurger|41/100
|
|-heal|p1a: Suicune|37/100|[from] item: Leftovers
|-heal|p2a: CauetBurger|48/100|[from] item: Leftovers
|upkeep
|turn|35
|
|t:|1619381615
|move|p1a: Suicune|Substitute|p1a: Suicune
|-start|p1a: Suicune|Substitute
|-damage|p1a: Suicune|12/100
|move|p2a: CauetBurger|Volt Switch|p1a: Suicune
|-supereffective|p1a: Suicune
|-activate|p1a: Suicune|move: Substitute|[damage]
|
|t:|1619381624
|switch|p2a: Porygon-NUBL|Porygon-Z|100/100|[from]move: Volt Switch
|
|-heal|p1a: Suicune|19/100|[from] item: Leftovers
|upkeep
|turn|36
|
|t:|1619381627
|move|p1a: Suicune|Protect|p1a: Suicune
|-singleturn|p1a: Suicune|Protect
|move|p2a: Porygon-NUBL|Tri Attack|p1a: Suicune
|-activate|p1a: Suicune|move: Protect
|
|-heal|p1a: Suicune|25/100|[from] item: Leftovers
|upkeep
|turn|37
|
|t:|1619381632
|move|p2a: Porygon-NUBL|Tri Attack|p1a: Suicune
|-end|p1a: Suicune|Substitute
|move|p1a: Suicune|Calm Mind|p1a: Suicune
|-boost|p1a: Suicune|spa|1
|-boost|p1a: Suicune|spd|1
|
|-heal|p1a: Suicune|31/100|[from] item: Leftovers
|upkeep
|turn|38
|
|t:|1619381642
|switch|p2a: BizouJeManvol|Talonflame, F|65/100
|move|p1a: Suicune|Substitute|p1a: Suicune
|-start|p1a: Suicune|Substitute
|-damage|p1a: Suicune|6/100
|
|-heal|p1a: Suicune|12/100|[from] item: Leftovers
|upkeep
|turn|39
|
|t:|1619381644
|move|p1a: Suicune|Protect|p1a: Suicune
|-singleturn|p1a: Suicune|Protect
|move|p2a: BizouJeManvol|U-turn|p1a: Suicune
|-activate|p1a: Suicune|move: Protect
|
|-heal|p1a: Suicune|18/100|[from] item: Leftovers
|upkeep
|turn|40
|
|t:|1619381647
|move|p2a: BizouJeManvol|U-turn|p1a: Suicune
|-activate|p1a: Suicune|move: Substitute|[damage]
|
|t:|1619381650
|switch|p2a: CauetBurger|Rotom-Wash|48/100|[from]move: U-turn
|move|p1a: Suicune|Scald|p2a: CauetBurger
|-resisted|p2a: CauetBurger
|-damage|p2a: CauetBurger|0 fnt
|faint|p2a: CauetBurger
|
|-heal|p1a: Suicune|25/100|[from] item: Leftovers
|upkeep
|
|t:|1619381654
|switch|p2a: Krookodile|Krookodile, M|35/100
|-ability|p2a: Krookodile|Intimidate|boost
|-immune|p1a: Suicune
|turn|41
|
|t:|1619381657
|move|p1a: Suicune|Protect|p1a: Suicune
|-singleturn|p1a: Suicune|Protect
|move|p2a: Krookodile|Earthquake|p1a: Suicune
|-activate|p1a: Suicune|move: Protect
|
|-heal|p1a: Suicune|31/100|[from] item: Leftovers
|upkeep
|turn|42
|
|t:|1619381660
|move|p2a: Krookodile|Earthquake|p1a: Suicune
|-end|p1a: Suicune|Substitute
|move|p1a: Suicune|Scald|p2a: Krookodile
|-supereffective|p2a: Krookodile
|-damage|p2a: Krookodile|0 fnt
|faint|p2a: Krookodile
|
|-heal|p1a: Suicune|37/100|[from] item: Leftovers
|upkeep
|
|t:|1619381663
|switch|p2a: BizouJeManvol|Talonflame, F|65/100
|turn|43
|
|t:|1619381665
|move|p1a: Suicune|Protect|p1a: Suicune
|-singleturn|p1a: Suicune|Protect
|move|p2a: BizouJeManvol|Brave Bird|p1a: Suicune
|-activate|p1a: Suicune|move: Protect
|
|-heal|p1a: Suicune|43/100|[from] item: Leftovers
|upkeep
|turn|44
|
|t:|1619381668
|switch|p1a: Rhyperior|Rhyperior, M|76/100
|move|p2a: BizouJeManvol|Brave Bird|p1a: Rhyperior
|-resisted|p1a: Rhyperior
|-damage|p1a: Rhyperior|60/100
|-damage|p2a: BizouJeManvol|57/100|[from] Recoil
|
|upkeep
|turn|45
|
|t:|1619381675
|move|p2a: BizouJeManvol|U-turn|p1a: Rhyperior
|-damage|p1a: Rhyperior|47/100
|
|t:|1619381677
|switch|p2a: Porygon-NUBL|Porygon-Z|100/100|[from]move: U-turn
|move|p1a: Rhyperior|Fire Punch|p2a: Porygon-NUBL
|-damage|p2a: Porygon-NUBL|60/100
|
|upkeep
|turn|46
|
|t:|1619381684
|switch|p1a: Scizor|Scizor, M|44/100
|move|p2a: Porygon-NUBL|Ice Beam|p1a: Scizor
|-resisted|p1a: Scizor
|-damage|p1a: Scizor|9/100
|
|upkeep
|turn|47
|
|t:|1619381691
|move|p2a: Porygon-NUBL|Ice Beam|p1a: Scizor
|-resisted|p1a: Scizor
|-damage|p1a: Scizor|0 fnt
|faint|p1a: Scizor
|
|upkeep
|
|t:|1619381693
|switch|p1a: Suicune|Suicune|43/100
|-ability|p1a: Suicune|Pressure
|turn|48
|
|t:|1619381698
|switch|p2a: Ouais|Sylveon, F|100/100
|move|p1a: Suicune|Scald|p2a: Ouais
|-damage|p2a: Ouais|85/100
|-status|p2a: Ouais|brn
|
|-heal|p1a: Suicune|49/100|[from] item: Leftovers
|-heal|p2a: Ouais|91/100 brn|[from] item: Leftovers
|-damage|p2a: Ouais|85/100 brn|[from] brn
|upkeep
|turn|49
|
|t:|1619381701
|move|p1a: Suicune|Protect|p1a: Suicune
|-singleturn|p1a: Suicune|Protect
|move|p2a: Ouais|Hyper Voice|p1a: Suicune
|-activate|p1a: Suicune|move: Protect
|
|-heal|p1a: Suicune|55/100|[from] item: Leftovers
|-heal|p2a: Ouais|91/100 brn|[from] item: Leftovers
|-damage|p2a: Ouais|85/100 brn|[from] brn
|upkeep
|turn|50
|
|t:|1619381703
|move|p1a: Suicune|Calm Mind|p1a: Suicune
|-boost|p1a: Suicune|spa|1
|-boost|p1a: Suicune|spd|1
|move|p2a: Ouais|Hyper Voice|p1a: Suicune
|-damage|p1a: Suicune|37/100
|
|-heal|p1a: Suicune|43/100|[from] item: Leftovers
|-heal|p2a: Ouais|91/100 brn|[from] item: Leftovers
|-damage|p2a: Ouais|85/100 brn|[from] brn
|upkeep
|turn|51
|
|t:|1619381706
|move|p1a: Suicune|Protect|p1a: Suicune
|-singleturn|p1a: Suicune|Protect
|move|p2a: Ouais|Yawn|p1a: Suicune
|-activate|p1a: Suicune|move: Protect
|
|-heal|p1a: Suicune|49/100|[from] item: Leftovers
|-heal|p2a: Ouais|91/100 brn|[from] item: Leftovers
|-damage|p2a: Ouais|85/100 brn|[from] brn
|upkeep
|turn|52
|
|t:|1619381710
|switch|p2a: Porygon-NUBL|Porygon-Z|60/100
|move|p1a: Suicune|Substitute|p1a: Suicune
|-start|p1a: Suicune|Substitute
|-damage|p1a: Suicune|24/100
|
|-heal|p1a: Suicune|30/100|[from] item: Leftovers
|upkeep
|turn|53
|
|t:|1619381712
|move|p2a: Porygon-NUBL|Thunderbolt|p1a: Suicune
|-supereffective|p1a: Suicune
|-end|p1a: Suicune|Substitute
|move|p1a: Suicune|Scald|p2a: Porygon-NUBL
|-damage|p2a: Porygon-NUBL|5/100
|
|-heal|p1a: Suicune|36/100|[from] item: Leftovers
|upkeep
|turn|54
|
|t:|1619381715
|switch|p1a: Rhyperior|Rhyperior, M|47/100
|move|p2a: Porygon-NUBL|Thunderbolt|p1a: Rhyperior
|-immune|p1a: Rhyperior
|
|upkeep
|turn|55
|
|t:|1619381719
|switch|p2a: Schlass|Scizor, F|33/100
|move|p1a: Rhyperior|Stealth Rock|p2a: Schlass
|-sidestart|p2: EliotEnRetar|move: Stealth Rock
|
|upkeep
|turn|56
|
|t:|1619381724
|move|p2a: Schlass|Swords Dance|p2a: Schlass
|-boost|p2a: Schlass|atk|2
|move|p1a: Rhyperior|Fire Punch|p2a: Schlass
|-supereffective|p2a: Schlass
|-damage|p2a: Schlass|0 fnt
|faint|p2a: Schlass
|
|upkeep
|
|t:|1619381731
|switch|p2a: Ouais|Sylveon, F|85/100 brn
|-damage|p2a: Ouais|73/100 brn|[from] Stealth Rock
|turn|57
|
|t:|1619381740
|switch|p1a: Dragalge|Dragalge, F|77/100
|move|p2a: Ouais|Hyper Voice|p1a: Dragalge
|-damage|p1a: Dragalge|42/100
|
|-heal|p2a: Ouais|79/100 brn|[from] item: Leftovers
|-damage|p2a: Ouais|73/100 brn|[from] brn
|upkeep
|turn|58
|
|t:|1619381757
|move|p1a: Dragalge|Sludge Bomb|p2a: Ouais
|-supereffective|p2a: Ouais
|-damage|p2a: Ouais|15/100 brn
|move|p2a: Ouais|Hyper Voice|p1a: Dragalge
|-damage|p1a: Dragalge|8/100
|
|-heal|p2a: Ouais|21/100 brn|[from] item: Leftovers
|-damage|p2a: Ouais|15/100 brn|[from] brn
|upkeep
|turn|59
|
|t:|1619381767
|switch|p2a: Porygon-NUBL|Porygon-Z|5/100
|-damage|p2a: Porygon-NUBL|0 fnt|[from] Stealth Rock
|faint|p2a: Porygon-NUBL
|move|p1a: Dragalge|Sludge Bomb|p2: Porygon-NUBL|[notarget]
|-fail|p1a: Dragalge
|
|upkeep
|
|t:|1619381771
|switch|p2a: BizouJeManvol|Talonflame, F|57/100
|turn|60
|
|t:|1619381779
|move|p2a: BizouJeManvol|U-turn|p1a: Dragalge
|-resisted|p1a: Dragalge
|-damage|p1a: Dragalge|0 fnt
|faint|p1a: Dragalge
|
|t:|1619381781
|switch|p2a: Ouais|Sylveon, F|15/100 brn|[from]move: U-turn
|-damage|p2a: Ouais|3/100 brn|[from] Stealth Rock
|
|-heal|p2a: Ouais|9/100 brn|[from] item: Leftovers
|-damage|p2a: Ouais|3/100 brn|[from] brn
|upkeep
|
|t:|1619381787
|switch|p1a: Suicune|Suicune|36/100
|-ability|p1a: Suicune|Pressure
|turn|61
|
|t:|1619381791
|move|p1a: Suicune|Scald|p2a: Ouais
|-damage|p2a: Ouais|0 fnt
|faint|p2a: Ouais
|
|-heal|p1a: Suicune|43/100|[from] item: Leftovers
|upkeep
|
|t:|1619381794
|switch|p2a: BizouJeManvol|Talonflame, F|57/100
|turn|62
|
|t:|1619381798
|move|p2a: BizouJeManvol|Brave Bird|p1a: Suicune
|-damage|p1a: Suicune|2/100
|-damage|p2a: BizouJeManvol|39/100|[from] Recoil
|move|p1a: Suicune|Scald|p2a: BizouJeManvol
|-supereffective|p2a: BizouJeManvol
|-damage|p2a: BizouJeManvol|0 fnt
|faint|p2a: BizouJeManvol
|
|win|ah sahm
|raw|ah sahm's rating: 1543 &rarr; <strong>1564</strong><br />(+21 for winning)
|raw|EliotEnRetar's rating: 1554 &rarr; <strong>1533</strong><br />(-21 for losing)
|j| elmonster
|c|☆ah sahm|gg
|l|☆EliotEnRetar
|l|☆ah sahm
||Ladder isn't responding, score probably updated but might not have (Request timeout).
