|html|<div class="broadcast-blue"><strong>[Gen 8] UU is currently suspecting Scizor! For information on how to participate check out the <a href="https://www.smogon.com/forums/threads/ss-uu-stage-12-2-spider-dance.3704866/">suspect thread</a>.</strong></div>
|j|☆BossManSwag
|j|☆skierdude101
|t:|1658367830
|gametype|singles
|player|p1|BossManSwag|101|1418
|player|p2|skierdude101|lucas|1384
|teamsize|p1|6
|teamsize|p2|6
|gen|8
|tier|[Gen 8] UU
|rated|
|rule|Sleep Clause Mod: Limit one foe put to sleep
|rule|Species Clause: Limit one of each Pokémon
|rule|OHKO Clause: OHKO moves are banned
|rule|Evasion Moves Clause: Evasion moves are banned
|rule|Endless Battle Clause: Forcing endless battles is banned
|rule|HP Percentage Mod: HP is shown in percentages
|rule|Dynamax Clause: You cannot dynamax
|clearpoke
|poke|p1|Chansey, F|
|poke|p1|Amoonguss, M|
|poke|p1|Primarina, M|
|poke|p1|Krookodile, F|
|poke|p1|Reuniclus, M|
|poke|p1|Scizor, M|
|poke|p2|Golurk|
|poke|p2|Cobalion|
|poke|p2|Chansey, F|
|poke|p2|Salamence, F|
|poke|p2|Tangrowth, F|
|poke|p2|Rotom-Wash|
|teampreview
|inactive|Battle timer is ON: inactive players will automatically lose when time's up. (requested by skierdude101)
|inactive|skierdude101 has 120 seconds left.
|
|t:|1658367869
|start
|switch|p1a: Scizor|Scizor, M|100/100
|switch|p2a: Tangrowth|Tangrowth, F|100/100
|turn|1
|inactive|BossManSwag has 120 seconds left.
|
|t:|1658367917
|move|p1a: Scizor|U-turn|p2a: Tangrowth
|-supereffective|p2a: Tangrowth
|-damage|p2a: Tangrowth|67/100
|-damage|p1a: Scizor|84/100|[from] item: Rocky Helmet|[of] p2a: Tangrowth
|
|t:|1658367922
|switch|p1a: Amoonguss|Amoonguss, M, shiny|100/100|[from]move: U-turn
|move|p2a: Tangrowth|Knock Off|p1a: Amoonguss
|-damage|p1a: Amoonguss|85/100
|-damage|p2a: Tangrowth|51/100|[from] item: Rocky Helmet|[of] p1a: Amoonguss
|-enditem|p1a: Amoonguss|Rocky Helmet|[from] move: Knock Off|[of] p2a: Tangrowth
|
|upkeep
|turn|2
|
|t:|1658367951
|switch|p2a: Cobalion|Cobalion|100/100
|move|p1a: Amoonguss|Spore|p2a: Cobalion
|-status|p2a: Cobalion|slp|[from] move: Spore
|
|upkeep
|turn|3
|inactive|BossManSwag has 120 seconds left.
|
|t:|1658367978
|switch|p1a: Krookodile|Krookodile, F, shiny|100/100
|cant|p2a: Cobalion|slp
|
|upkeep
|turn|4
|
|t:|1658367991
|switch|p2a: Tangrowth|Tangrowth, F|84/100
|move|p1a: Krookodile|Earthquake|p2a: Tangrowth
|-resisted|p2a: Tangrowth
|-damage|p2a: Tangrowth|71/100
|
|upkeep
|turn|5
|
|t:|1658367999
|switch|p1a: Amoonguss|Amoonguss, M, shiny|100/100
|move|p2a: Tangrowth|Giga Drain|p1a: Amoonguss
|-resisted|p1a: Amoonguss
|-damage|p1a: Amoonguss|94/100
|-heal|p2a: Tangrowth|74/100|[from] drain|[of] p1a: Amoonguss
|
|upkeep
|turn|6
|
|t:|1658368006
|switch|p2a: Cobalion|Cobalion|100/100 slp
|move|p1a: Amoonguss|Sludge Bomb|p2a: Cobalion
|-immune|p2a: Cobalion
|
|upkeep
|turn|7
|
|t:|1658368015
|switch|p1a: Krookodile|Krookodile, F, shiny|100/100
|-curestatus|p2a: Cobalion|slp|[msg]
|move|p2a: Cobalion|Stealth Rock|p1a: Krookodile
|-sidestart|p1: BossManSwag|move: Stealth Rock
|
|upkeep
|turn|8
|
|t:|1658368023
|switch|p1a: Amoonguss|Amoonguss, M, shiny|100/100
|-damage|p1a: Amoonguss|88/100|[from] Stealth Rock
|switch|p2a: Salamence|Salamence, F|100/100
|-ability|p2a: Salamence|Intimidate|boost
|-unboost|p1a: Amoonguss|atk|1
|
|upkeep
|turn|9
|
|t:|1658368033
|move|p2a: Salamence|Flamethrower|p1a: Amoonguss
|-supereffective|p1a: Amoonguss
|-damage|p1a: Amoonguss|50/100
|move|p1a: Amoonguss|Spore|p2a: Salamence
|-status|p2a: Salamence|slp|[from] move: Spore
|
|upkeep
|turn|10
|
|t:|1658368042
|switch|p1a: Reuniclus|Reuniclus, M, shiny|100/100
|cant|p2a: Salamence|slp
|
|upkeep
|turn|11
|
|t:|1658368057
|switch|p2a: Rotom|Rotom-Wash|100/100
|move|p1a: Reuniclus|Acid Armor|p1a: Reuniclus
|-boost|p1a: Reuniclus|def|2
|
|upkeep
|turn|12
|
|t:|1658368062
|move|p2a: Rotom|Trick|p1a: Reuniclus
|-activate|p2a: Rotom|move: Trick|[of] p1a: Reuniclus
|-item|p1a: Reuniclus|Choice Scarf|[from] move: Trick
|-item|p2a: Rotom|Kasib Berry|[from] move: Trick
|move|p1a: Reuniclus|Calm Mind|p1a: Reuniclus
|-boost|p1a: Reuniclus|spa|1
|-boost|p1a: Reuniclus|spd|1
|
|upkeep
|turn|13
|
|t:|1658368070
|switch|p1a: Krookodile|Krookodile, F, shiny|100/100
|-damage|p1a: Krookodile|94/100|[from] Stealth Rock
|move|p2a: Rotom|Volt Switch|p1a: Krookodile
|-immune|p1a: Krookodile
|
|upkeep
|turn|14
|
|t:|1658368077
|switch|p1a: Amoonguss|Amoonguss, M, shiny|84/100
|-damage|p1a: Amoonguss|71/100|[from] Stealth Rock
|switch|p2a: Tangrowth|Tangrowth, F|100/100
|
|upkeep
|turn|15
|
|t:|1658368088
|switch|p2a: Cobalion|Cobalion|100/100
|switch|p1a: Primarina|Primarina, M, shiny|100/100
|-damage|p1a: Primarina|88/100|[from] Stealth Rock
|
|-heal|p1a: Primarina|94/100|[from] item: Leftovers
|upkeep
|turn|16
|
|t:|1658368096
|move|p2a: Cobalion|Volt Switch|p1a: Primarina
|-supereffective|p1a: Primarina
|-crit|p1a: Primarina
|-damage|p1a: Primarina|58/100
|
|t:|1658368103
|switch|p2a: Rotom|Rotom-Wash|100/100|[from]move: Volt Switch
|move|p1a: Primarina|Calm Mind|p1a: Primarina
|-boost|p1a: Primarina|spa|1
|-boost|p1a: Primarina|spd|1
|
|-heal|p1a: Primarina|65/100|[from] item: Leftovers
|upkeep
|turn|17
|
|t:|1658368109
|move|p2a: Rotom|Volt Switch|p1a: Primarina
|-supereffective|p1a: Primarina
|-damage|p1a: Primarina|38/100
|
|t:|1658368118
|switch|p2a: Cobalion|Cobalion|100/100|[from]move: Volt Switch
|move|p1a: Primarina|Draining Kiss|p2a: Cobalion
|-damage|p2a: Cobalion|60/100
|-heal|p1a: Primarina|65/100|[from] drain|[of] p2a: Cobalion
|-damage|p1a: Primarina|49/100|[from] item: Rocky Helmet|[of] p2a: Cobalion
|
|-heal|p1a: Primarina|55/100|[from] item: Leftovers
|upkeep
|turn|18
|
|t:|1658368135
|move|p2a: Cobalion|Iron Head|p1a: Primarina
|-damage|p1a: Primarina|29/100
|cant|p1a: Primarina|flinch
|
|-heal|p1a: Primarina|35/100|[from] item: Leftovers
|upkeep
|turn|19
|-message|BossManSwag forfeited.
|
|win|skierdude101
|raw|BossManSwag's rating: 1418 &rarr; <strong>1396</strong><br />(-22 for losing)
|raw|skierdude101's rating: 1384 &rarr; <strong>1406</strong><br />(+22 for winning)
|l|☆BossManSwag
||Ladder isn't responding, score probably updated but might not have (Request timeout).
