|j|☆Springerk
|j|☆uult91w Quartos
|t:|1651617499
|gametype|singles
|player|p1|Springerk|tuberf|1313
|player|p2|uult91w Quartos|drayden|1405
|teamsize|p1|6
|teamsize|p2|6
|gen|8
|tier|[Gen 8] UU
|rated|
|rule|Sleep Clause Mod: Limit one foe put to sleep
|rule|Species Clause: Limit one of each Pokémon
|rule|OHKO Clause: OHKO moves are banned
|rule|Evasion Moves Clause: Evasion moves are banned
|rule|Endless Battle Clause: Forcing endless battles is banned
|rule|HP Percentage Mod: HP is shown in percentages
|rule|Dynamax Clause: You cannot dynamax
|clearpoke
|poke|p1|Weezing-Galar, M|
|poke|p1|Hitmonlee, M|
|poke|p1|Necrozma|
|poke|p1|Keldeo-Resolute|
|poke|p1|Nihilego|
|poke|p1|Virizion|
|poke|p2|Registeel|
|poke|p2|Suicune|
|poke|p2|Salamence, F|
|poke|p2|Hippowdon, M|
|poke|p2|Umbreon, M|
|poke|p2|Tangrowth, F|
|teampreview
|inactive|Battle timer is ON: inactive players will automatically lose when time's up. (requested by Springerk)
|c|☆Springerk|gl hf
|inactive|uult91w Quartos has 120 seconds left.
|c|☆uult91w Quartos|hf
|
|t:|1651617572
|start
|switch|p1a: Weezing|Weezing-Galar, M|100/100
|switch|p2a: Basa Pour toi|Suicune|100/100
|-ability|p2a: Basa Pour toi|Pressure
|-fieldstart|move: Misty Terrain|[from] ability: Misty Surge|[of] p1a: Weezing
|turn|1
|
|t:|1651617586
|move|p2a: Basa Pour toi|Substitute|p2a: Basa Pour toi
|-start|p2a: Basa Pour toi|Substitute
|-damage|p2a: Basa Pour toi|75/100
|move|p1a: Weezing|Taunt|p2a: Basa Pour toi
|-start|p2a: Basa Pour toi|move: Taunt
|
|-heal|p2a: Basa Pour toi|82/100|[from] item: Leftovers
|upkeep
|turn|2
|
|t:|1651617611
|switch|p1a: Keldeo|Keldeo-Resolute|100/100
|move|p2a: Basa Pour toi|Scald|p1a: Keldeo
|-resisted|p1a: Keldeo
|-damage|p1a: Keldeo|85/100
|
|-heal|p1a: Keldeo|91/100|[from] item: Leftovers
|-heal|p2a: Basa Pour toi|88/100|[from] item: Leftovers
|upkeep
|turn|3
|
|t:|1651617617
|switch|p2a: Mimilucha|Salamence, F|100/100
|-ability|p2a: Mimilucha|Intimidate|boost
|-unboost|p1a: Keldeo|atk|1
|move|p1a: Keldeo|Calm Mind|p1a: Keldeo
|-boost|p1a: Keldeo|spa|1
|-boost|p1a: Keldeo|spd|1
|
|-heal|p1a: Keldeo|97/100|[from] item: Leftovers
|upkeep
|turn|4
|
|t:|1651617624
|move|p1a: Keldeo|Air Slash|p2a: Mimilucha
|-damage|p2a: Mimilucha|56/100
|move|p2a: Mimilucha|Hurricane|p1a: Keldeo
|-supereffective|p1a: Keldeo
|-damage|p1a: Keldeo|34/100
|
|-heal|p1a: Keldeo|40/100|[from] item: Leftovers
|upkeep
|turn|5
|
|t:|1651617632
|move|p1a: Keldeo|Air Slash|p2a: Mimilucha|[miss]
|-miss|p1a: Keldeo|p2a: Mimilucha
|move|p2a: Mimilucha|Hurricane|p1a: Keldeo
|-supereffective|p1a: Keldeo
|-damage|p1a: Keldeo|0 fnt
|faint|p1a: Keldeo
|
|upkeep
|
|t:|1651617646
|switch|p1a: Nihilego|Nihilego|100/100
|turn|6
|
|t:|1651617654
|switch|p1a: Virizion|Virizion|100/100
|switch|p2a: Congelo/pif|Registeel|100/100
|
|upkeep
|turn|7
|
|t:|1651617664
|move|p1a: Virizion|Swords Dance|p1a: Virizion
|-boost|p1a: Virizion|atk|2
|move|p2a: Congelo/pif|Iron Defense|p2a: Congelo/pif
|-boost|p2a: Congelo/pif|def|2
|
|upkeep
|turn|8
|
|t:|1651617672
|move|p1a: Virizion|Close Combat|p2a: Congelo/pif
|-supereffective|p2a: Congelo/pif
|-damage|p2a: Congelo/pif|38/100
|-unboost|p1a: Virizion|def|1
|-unboost|p1a: Virizion|spd|1
|-damage|p1a: Virizion|91/100|[from] item: Life Orb
|move|p2a: Congelo/pif|Iron Defense|p2a: Congelo/pif
|-boost|p2a: Congelo/pif|def|2
|
|-fieldend|Misty Terrain
|upkeep
|turn|9
|
|t:|1651617679
|move|p1a: Virizion|Close Combat|p2a: Congelo/pif
|-supereffective|p2a: Congelo/pif
|-damage|p2a: Congelo/pif|0 fnt
|-unboost|p1a: Virizion|def|1
|-unboost|p1a: Virizion|spd|1
|faint|p2a: Congelo/pif
|-damage|p1a: Virizion|81/100|[from] item: Life Orb
|
|upkeep
|
|t:|1651617685
|switch|p2a: Inder Le Cover|Tangrowth, F|100/100
|turn|10
|
|t:|1651617689
|switch|p1a: Weezing|Weezing-Galar, M|100/100
|-fieldstart|move: Misty Terrain|[from] ability: Misty Surge|[of] p1a: Weezing
|move|p2a: Inder Le Cover|Sludge Bomb|p1a: Weezing
|-damage|p1a: Weezing|71/100
|
|upkeep
|turn|11
|inactive|Springerk has 120 seconds left.
|
|t:|1651617739
|switch|p1a: Hitmonlee|Hitmonlee, M|100/100
|-enditem|p1a: Hitmonlee|Misty Seed
|-boost|p1a: Hitmonlee|spd|1|[from] item: Misty Seed
|switch|p2a: AzZoCcX|Hippowdon, M|100/100
|-weather|Sandstorm|[from] ability: Sand Stream|[of] p2a: AzZoCcX
|
|-weather|Sandstorm|[upkeep]
|-damage|p1a: Hitmonlee|95/100|[from] Sandstorm
|upkeep
|turn|12
|
|t:|1651617760
|move|p1a: Hitmonlee|Bulk Up|p1a: Hitmonlee
|-boost|p1a: Hitmonlee|atk|1
|-boost|p1a: Hitmonlee|def|1
|move|p2a: AzZoCcX|Earthquake|p1a: Hitmonlee
|-damage|p1a: Hitmonlee|41/100
|
|-weather|Sandstorm|[upkeep]
|-damage|p1a: Hitmonlee|35/100|[from] Sandstorm
|upkeep
|turn|13
|
|t:|1651617772
|move|p1a: Hitmonlee|Close Combat|p2a: AzZoCcX
|-damage|p2a: AzZoCcX|30/100
|-unboost|p1a: Hitmonlee|def|1
|-unboost|p1a: Hitmonlee|spd|1
|move|p2a: AzZoCcX|Earthquake|p1a: Hitmonlee
|-damage|p1a: Hitmonlee|0 fnt
|faint|p1a: Hitmonlee
|
|-weather|Sandstorm|[upkeep]
|-heal|p2a: AzZoCcX|36/100|[from] item: Leftovers
|upkeep
|
|t:|1651617782
|switch|p1a: Virizion|Virizion|81/100
|turn|14
|
|t:|1651617791
|switch|p2a: Inder Le Cover|Tangrowth, F|100/100
|move|p1a: Virizion|Swords Dance|p1a: Virizion
|-boost|p1a: Virizion|atk|2
|
|-weather|Sandstorm|[upkeep]
|-damage|p1a: Virizion|74/100|[from] Sandstorm
|-damage|p2a: Inder Le Cover|94/100|[from] Sandstorm
|upkeep
|turn|15
|
|t:|1651617800
|switch|p2a: Mimilucha|Salamence, F|56/100
|-ability|p2a: Mimilucha|Intimidate|boost
|-unboost|p1a: Virizion|atk|1
|move|p1a: Virizion|Close Combat|p2a: Mimilucha
|-resisted|p2a: Mimilucha
|-damage|p2a: Mimilucha|10/100
|-unboost|p1a: Virizion|def|1
|-unboost|p1a: Virizion|spd|1
|-damage|p1a: Virizion|65/100|[from] item: Life Orb
|
|-weather|none
|upkeep
|turn|16
|
|t:|1651617814
|move|p1a: Virizion|Close Combat|p2a: Mimilucha
|-resisted|p2a: Mimilucha
|-damage|p2a: Mimilucha|0 fnt
|-unboost|p1a: Virizion|def|1
|-unboost|p1a: Virizion|spd|1
|faint|p2a: Mimilucha
|-damage|p1a: Virizion|55/100|[from] item: Life Orb
|
|upkeep
|
|t:|1651617818
|switch|p2a: Inder Le Cover|Tangrowth, F|100/100
|turn|17
|inactive|Springerk has 120 seconds left.
|
|t:|1651617846
|switch|p1a: Nihilego|Nihilego|100/100
|move|p2a: Inder Le Cover|Sludge Bomb|p1a: Nihilego
|-resisted|p1a: Nihilego
|-damage|p1a: Nihilego|97/100
|
|-fieldend|Misty Terrain
|upkeep
|turn|18
|
|t:|1651617857
|switch|p2a: Basa Pour toi|Suicune|88/100
|-ability|p2a: Basa Pour toi|Pressure
|move|p1a: Nihilego|Sludge Wave|p2a: Basa Pour toi
|-damage|p2a: Basa Pour toi|52/100
|-status|p2a: Basa Pour toi|psn
|
|-heal|p2a: Basa Pour toi|58/100 psn|[from] item: Leftovers
|-damage|p2a: Basa Pour toi|46/100 psn|[from] psn
|upkeep
|turn|19
|
|t:|1651617875
|move|p1a: Nihilego|Meteor Beam||[still]
|-prepare|p1a: Nihilego|Meteor Beam
|-boost|p1a: Nihilego|spa|1
|-enditem|p1a: Nihilego|Power Herb
|-anim|p1a: Nihilego|Meteor Beam|p2a: Basa Pour toi
|-damage|p2a: Basa Pour toi|0 fnt
|faint|p2a: Basa Pour toi
|-ability|p1a: Nihilego|Beast Boost|boost
|-boost|p1a: Nihilego|spe|1
|
|upkeep
|
|t:|1651617879
|switch|p2a: Otaku|Umbreon, M|100/100
|turn|20
|
|t:|1651617889
|move|p1a: Nihilego|Meteor Beam||[still]
|-prepare|p1a: Nihilego|Meteor Beam
|-boost|p1a: Nihilego|spa|1
|move|p2a: Otaku|Wish|p2a: Otaku
|
|upkeep
|turn|21
|
|t:|1651617898
|switch|p2a: AzZoCcX|Hippowdon, M|36/100
|-weather|Sandstorm|[from] ability: Sand Stream|[of] p2a: AzZoCcX
|move|p1a: Nihilego|Meteor Beam|p2a: AzZoCcX|[from]lockedmove
|-resisted|p2a: AzZoCcX
|-damage|p2a: AzZoCcX|0 fnt
|faint|p2a: AzZoCcX
|-ability|p1a: Nihilego|Beast Boost|boost
|-boost|p1a: Nihilego|spe|1
|
|-weather|Sandstorm|[upkeep]
|upkeep
|-message|uult91w Quartos forfeited.
|
|win|Springerk
|raw|Springerk's rating: 1313 &rarr; <strong>1339</strong><br />(+26 for winning)
|raw|uult91w Quartos's rating: 1419 &rarr; <strong>1393</strong><br />(-26 for losing)
|l|☆uult91w Quartos
|c|☆Springerk|ggs
