|html|<div class="broadcast-blue"><strong>[Gen 8] UU is currently suspecting Moltres-Galar! For information on how to participate check out the <a href="https://www.smogon.com/forums/threads/np-ss-uu-stage-12-get-lucky.3700621/">suspect thread</a>.</strong></div>
|j|☆EliotEnRetar
|j|☆DarkHorse384
|t:|1650648163
|gametype|singles
|player|p1|EliotEnRetar|falkner|1399
|player|p2|DarkHorse384|brendan-gen3rs|1326
|teamsize|p1|6
|teamsize|p2|6
|gen|8
|tier|[Gen 8] UU
|rated|
|rule|Sleep Clause Mod: Limit one foe put to sleep
|rule|Species Clause: Limit one of each Pokémon
|rule|OHKO Clause: OHKO moves are banned
|rule|Evasion Moves Clause: Evasion moves are banned
|rule|Endless Battle Clause: Forcing endless battles is banned
|rule|HP Percentage Mod: HP is shown in percentages
|rule|Dynamax Clause: You cannot dynamax
|clearpoke
|poke|p1|Darmanitan, M|
|poke|p1|Zygarde-10%|
|poke|p1|Rotom-Wash|
|poke|p1|Jirachi|
|poke|p1|Drapion, F|
|poke|p1|Tapu Bulu|
|poke|p2|Torkoal, M|
|poke|p2|Darmanitan, M|
|poke|p2|Venusaur, M|
|poke|p2|Chansey, F|
|poke|p2|Zygarde-10%|
|poke|p2|Celesteela|
|teampreview
|j| Nojo773
|inactive|Battle timer is ON: inactive players will automatically lose when time's up. (requested by EliotEnRetar)
|
|t:|1650648177
|start
|switch|p1a: Fabriste Yoghurt|Zygarde-10%|100/100
|switch|p2a: Torkoal|Torkoal, M|100/100
|-ability|p1a: Fabriste Yoghurt|Aura Break
|-weather|SunnyDay|[from] ability: Drought|[of] p2a: Torkoal
|turn|1
|
|t:|1650648190
|move|p1a: Fabriste Yoghurt|Thousand Arrows|p2a: Torkoal
|-supereffective|p2a: Torkoal
|-damage|p2a: Torkoal|32/100
|move|p2a: Torkoal|Yawn|p1a: Fabriste Yoghurt
|-start|p1a: Fabriste Yoghurt|move: Yawn|[of] p2a: Torkoal
|
|-weather|SunnyDay|[upkeep]
|upkeep
|turn|2
|
|t:|1650648202
|switch|p1a: Kool Monke|Darmanitan, M|100/100
|move|p2a: Torkoal|Stealth Rock|p1a: Kool Monke
|-sidestart|p1: EliotEnRetar|move: Stealth Rock
|
|-weather|SunnyDay|[upkeep]
|upkeep
|turn|3
|inactive|DarkHorse384 has 120 seconds left.
|l| Nojo773
|
|t:|1650648252
|switch|p2a: Chansey|Chansey, F|100/100
|move|p1a: Kool Monke|Flare Blitz|p2a: Chansey
|-damage|p2a: Chansey|0 fnt
|faint|p2a: Chansey
|-damage|p1a: Kool Monke|34/100|[from] Recoil
|
|-weather|SunnyDay|[upkeep]
|upkeep
|
|t:|1650648259
|switch|p2a: Darmanitan|Darmanitan, M|100/100
|turn|4
|
|t:|1650648274
|move|p2a: Darmanitan|Flare Blitz|p1a: Kool Monke
|-resisted|p1a: Kool Monke
|-damage|p1a: Kool Monke|0 fnt
|faint|p1a: Kool Monke
|-damage|p2a: Darmanitan|89/100|[from] Recoil
|
|-weather|SunnyDay|[upkeep]
|upkeep
|
|t:|1650648280
|switch|p1a: Cauet Burger|Rotom-Wash|100/100
|-damage|p1a: Cauet Burger|88/100|[from] Stealth Rock
|turn|5
|
|t:|1650648287
|switch|p2a: Zygarde|Zygarde-10%|100/100
|-ability|p2a: Zygarde|Aura Break
|move|p1a: Cauet Burger|Volt Switch|p2a: Zygarde
|-immune|p2a: Zygarde
|
|-weather|SunnyDay|[upkeep]
|-heal|p1a: Cauet Burger|94/100|[from] item: Leftovers
|upkeep
|turn|6
|inactive|DarkHorse384 has 120 seconds left.
|
|t:|1650648305
|switch|p2a: Darmanitan|Darmanitan, M|89/100
|switch|p1a: Tapu Bulu|Tapu Bulu|100/100
|-damage|p1a: Tapu Bulu|88/100|[from] Stealth Rock
|-fieldstart|move: Grassy Terrain|[from] ability: Grassy Surge|[of] p1a: Tapu Bulu
|
|-weather|SunnyDay|[upkeep]
|-heal|p2a: Darmanitan|95/100|[from] Grassy Terrain
|-heal|p1a: Tapu Bulu|94/100|[from] Grassy Terrain
|upkeep
|turn|7
|
|t:|1650648318
|switch|p1a: Cauet Burger|Rotom-Wash|94/100
|-damage|p1a: Cauet Burger|82/100|[from] Stealth Rock
|move|p2a: Darmanitan|Flare Blitz|p1a: Cauet Burger
|-resisted|p1a: Cauet Burger
|-damage|p1a: Cauet Burger|30/100
|-damage|p2a: Darmanitan|81/100|[from] Recoil
|
|-weather|SunnyDay|[upkeep]
|-heal|p2a: Darmanitan|87/100|[from] Grassy Terrain
|-heal|p1a: Cauet Burger|37/100|[from] item: Leftovers
|upkeep
|turn|8
|
|t:|1650648321
|move|p2a: Darmanitan|Flare Blitz|p1a: Cauet Burger
|-resisted|p1a: Cauet Burger
|-damage|p1a: Cauet Burger|0 fnt
|faint|p1a: Cauet Burger
|-damage|p2a: Darmanitan|77/100|[from] Recoil
|
|-weather|none
|-heal|p2a: Darmanitan|83/100|[from] Grassy Terrain
|upkeep
|
|t:|1650648324
|switch|p1a: Fabriste Yoghurt|Zygarde-10%|100/100
|-damage|p1a: Fabriste Yoghurt|94/100|[from] Stealth Rock
|-ability|p1a: Fabriste Yoghurt|Aura Break
|turn|9
|
|t:|1650648329
|switch|p2a: Torkoal|Torkoal, M|32/100
|-weather|SunnyDay|[from] ability: Drought|[of] p2a: Torkoal
|move|p1a: Fabriste Yoghurt|Thousand Arrows|p2a: Torkoal
|-supereffective|p2a: Torkoal
|-damage|p2a: Torkoal|0 fnt
|faint|p2a: Torkoal
|
|-weather|SunnyDay|[upkeep]
|-heal|p1a: Fabriste Yoghurt|100/100|[from] Grassy Terrain
|upkeep
|
|t:|1650648340
|switch|p2a: Darmanitan|Darmanitan, M|83/100
|turn|10
|
|t:|1650648344
|switch|p1a: Tapu Bulu|Tapu Bulu|94/100
|-damage|p1a: Tapu Bulu|82/100|[from] Stealth Rock
|move|p2a: Darmanitan|Flare Blitz|p1a: Tapu Bulu
|-supereffective|p1a: Tapu Bulu
|-damage|p1a: Tapu Bulu|0 fnt
|-damage|p2a: Darmanitan|66/100|[from] item: Rocky Helmet|[of] p1a: Tapu Bulu
|faint|p1a: Tapu Bulu
|-damage|p2a: Darmanitan|40/100|[from] Recoil
|
|-weather|SunnyDay|[upkeep]
|-heal|p2a: Darmanitan|46/100|[from] Grassy Terrain
|-fieldend|move: Grassy Terrain
|upkeep
|
|t:|1650648356
|switch|p1a: Jirachi|Jirachi|100/100
|-damage|p1a: Jirachi|94/100|[from] Stealth Rock
|turn|11
|
|t:|1650648366
|move|p1a: Jirachi|Zen Headbutt|p2a: Darmanitan|[miss]
|-miss|p1a: Jirachi|p2a: Darmanitan
|move|p2a: Darmanitan|Flare Blitz|p1a: Jirachi
|-supereffective|p1a: Jirachi
|-damage|p1a: Jirachi|0 fnt
|faint|p1a: Jirachi
|-damage|p2a: Darmanitan|16/100|[from] Recoil
|
|-weather|SunnyDay|[upkeep]
|upkeep
|-message|EliotEnRetar forfeited.
|
|win|DarkHorse384
|raw|EliotEnRetar's rating: 1399 &rarr; <strong>1375</strong><br />(-24 for losing)
|raw|DarkHorse384's rating: 1326 &rarr; <strong>1350</strong><br />(+24 for winning)
|l|☆EliotEnRetar
|j| lolorigolo
