|j|☆TheFlawlessWin
|j|☆uult81x lily
|t:|1621607959
|gametype|singles
|player|p1|TheFlawlessWin|lance|1705
|player|p2|uult81x lily|unknownf|1732
|teamsize|p1|6
|teamsize|p2|6
|gen|8
|tier|[Gen 8] UU
|rated|
|rule|Sleep Clause Mod: Limit one foe put to sleep
|rule|Species Clause: Limit one of each Pokémon
|rule|OHKO Clause: OHKO moves are banned
|rule|Evasion Moves Clause: Evasion moves are banned
|rule|Endless Battle Clause: Forcing endless battles is banned
|rule|HP Percentage Mod: HP is shown in percentages
|rule|Dynamax Clause: You cannot dynamax
|clearpoke
|poke|p1|Tentacruel, M|
|poke|p1|Zarude|
|poke|p1|Kommo-o, M|
|poke|p1|Rotom-Heat|
|poke|p1|Aegislash, F|
|poke|p1|Mamoswine, M|
|poke|p2|Lycanroc-Dusk, M|
|poke|p2|Mew|
|poke|p2|Aegislash, M|
|poke|p2|Zarude-Dada|
|poke|p2|Moltres|
|poke|p2|Nihilego|
|teampreview
|j| Adaam
|j|+estarossa
|j| uu8 abc
|c| Adaam|its over lily gg
|c|☆uult81x lily|down to 1690 i go
|c|+estarossa|hype mu
|
|t:|1621607997
|start
|switch|p1a: Aegislash|Aegislash, F|100/100
|switch|p2a: Mew|Mew|100/100
|turn|1
|
|t:|1621608004
|move|p2a: Mew|Will-O-Wisp|p1a: Aegislash
|-status|p1a: Aegislash|brn
|-formechange|p1a: Aegislash|Aegislash-Blade||[from] ability: Stance Change
|move|p1a: Aegislash|Shadow Ball|p2a: Mew
|-supereffective|p2a: Mew
|-damage|p2a: Mew|32/100
|
|-damage|p1a: Aegislash|94/100 brn|[from] brn
|upkeep
|turn|2
|j| Can'tFight
|j| NastyPlotAmoongus
|
|t:|1621608015
|switch|p2a: Zarude|Zarude-Dada|100/100
|switch|p1a: Kommo-o|Kommo-o, M|100/100
|
|upkeep
|turn|3
|
|t:|1621608027
|switch|p2a: Mew|Mew|32/100
|move|p1a: Kommo-o|Stealth Rock|p2a: Mew
|-sidestart|p2: uult81x lily|move: Stealth Rock
|
|upkeep
|turn|4
|
|t:|1621608038
|move|p2a: Mew|Will-O-Wisp|p1a: Kommo-o
|-status|p1a: Kommo-o|brn
|move|p1a: Kommo-o|Toxic||[still]
|-status|p2a: Mew|tox
|-activate|p2a: Mew|ability: Synchronize
|-fail|p2a: Mew
|
|-damage|p2a: Mew|25/100 tox|[from] psn
|-damage|p1a: Kommo-o|94/100 brn|[from] brn
|upkeep
|turn|5
|j| UULT81x Lolo
|
|t:|1621608047
|switch|p1a: Zarude|Zarude|100/100
|move|p2a: Mew|Soft-Boiled|p2a: Mew
|-heal|p2a: Mew|75/100 tox
|
|-damage|p2a: Mew|63/100 tox|[from] psn
|upkeep
|turn|6
|
|t:|1621608054
|switch|p1a: Rotom|Rotom-Heat|100/100
|switch|p2a: Moltres|Moltres|100/100
|
|upkeep
|turn|7
|
|t:|1621608064
|switch|p2a: Nihilego|Nihilego|100/100
|-damage|p2a: Nihilego|88/100|[from] Stealth Rock
|move|p1a: Rotom|Volt Switch|p2a: Nihilego
|-damage|p2a: Nihilego|68/100
|j| impactx
|
|t:|1621608077
|switch|p1a: Mamoswine|Mamoswine, M|100/100|[from]move: Volt Switch
|
|-heal|p2a: Nihilego|74/100|[from] item: Black Sludge
|upkeep
|turn|8
|
|t:|1621608083
|move|p2a: Nihilego|Protect|p2a: Nihilego
|-singleturn|p2a: Nihilego|Protect
|move|p1a: Mamoswine|Icicle Crash|p2a: Nihilego
|-activate|p2a: Nihilego|move: Protect
|
|-heal|p2a: Nihilego|80/100|[from] item: Black Sludge
|upkeep
|turn|9
|
|t:|1621608092
|switch|p2a: Mew|Mew|63/100 tox
|move|p1a: Mamoswine|Icicle Crash|p2a: Mew
|-damage|p2a: Mew|12/100 tox
|-damage|p1a: Mamoswine|91/100|[from] item: Life Orb
|
|-damage|p2a: Mew|6/100 tox|[from] psn
|upkeep
|turn|10
|
|t:|1621608101
|switch|p2a: Moltres|Moltres|100/100
|move|p1a: Mamoswine|Ice Shard|p2a: Moltres
|-damage|p2a: Moltres|63/100
|-damage|p1a: Mamoswine|81/100|[from] item: Life Orb
|
|upkeep
|turn|11
|
|t:|1621608107
|switch|p1a: Rotom|Rotom-Heat|100/100
|move|p2a: Moltres|Hurricane|p1a: Rotom
|-resisted|p1a: Rotom
|-damage|p1a: Rotom|70/100
|
|upkeep
|turn|12
|
|t:|1621608114
|move|p2a: Moltres|Roost|p2a: Moltres
|-heal|p2a: Moltres|100/100
|-singleturn|p2a: Moltres|move: Roost
|move|p1a: Rotom|Toxic|p2a: Moltres
|-status|p2a: Moltres|tox
|
|-damage|p2a: Moltres|94/100 tox|[from] psn
|upkeep
|turn|13
|l| Adaam
|
|t:|1621608124
|move|p2a: Moltres|Defog|p1a: Rotom
|-unboost|p1a: Rotom|evasion|1
|-sideend|p2: uult81x lily|Stealth Rock|[from] move: Defog|[of] p2a: Moltres
|move|p1a: Rotom|Volt Switch|p2a: Moltres
|-supereffective|p2a: Moltres
|-damage|p2a: Moltres|32/100 tox
|j| UULT81x ramo
|
|t:|1621608137
|switch|p1a: Tentacruel|Tentacruel, M|100/100|[from]move: Volt Switch
|
|-damage|p2a: Moltres|20/100 tox|[from] psn
|upkeep
|turn|14
|
|t:|1621608148
|switch|p1a: Mamoswine|Mamoswine, M|81/100
|switch|p2a: Aegislash|Aegislash, M|100/100
|
|upkeep
|turn|15
|c| UULT81x ramo|tfw sign for uult
|
|t:|1621608163
|switch|p2a: Mew|Mew|6/100 tox
|move|p1a: Mamoswine|Earthquake|p2a: Mew
|-damage|p2a: Mew|0 fnt
|faint|p2a: Mew
|-damage|p1a: Mamoswine|71/100|[from] item: Life Orb
|
|upkeep
|
|t:|1621608170
|switch|p2a: Lycanroc|Lycanroc-Dusk, M|100/100
|turn|16
|c|☆TheFlawlessWin|how does it work again
|c|☆uult81x lily|you ladder on an acc with this prefix
|c|☆uult81x lily|sign up on a smogon post
|c|☆uult81x lily|and if you're top 4 uult accs at the end of the week you qualify for playoffs
|c| UULT81x ramo|u post on smogon that u r in and u ladder with uult alt
|c| UULT81x ramo|fuck u lily
|
|t:|1621608202
|switch|p1a: Aegislash|Aegislash, F|94/100 brn
|move|p2a: Lycanroc|Stone Edge|p1a: Aegislash|[miss]
|-miss|p2a: Lycanroc|p1a: Aegislash
|
|-heal|p1a: Aegislash|100/100 brn|[from] item: Leftovers
|-damage|p1a: Aegislash|94/100 brn|[from] brn
|upkeep
|turn|17
|c| UULT81x ramo|focus on your game u r getting owned
|j| Adaam
|c|☆TheFlawlessWin|there are multiple qualifying weeks right?
|c| UULT81x ramo|4 weeks
|c|☆uult81x lily|4 of them yea
|
|t:|1621608232
|switch|p2a: Zarude|Zarude-Dada|100/100
|-formechange|p1a: Aegislash|Aegislash-Blade||[from] ability: Stance Change
|move|p1a: Aegislash|Shadow Ball|p2a: Zarude
|-resisted|p2a: Zarude
|-damage|p2a: Zarude|75/100
|
|-heal|p1a: Aegislash|100/100 brn|[from] item: Leftovers
|-damage|p1a: Aegislash|94/100 brn|[from] brn
|upkeep
|turn|18
|c| UULT81x ramo|4 person per week
|c|☆TheFlawlessWin|maybe I'll sign up for next week
|
|t:|1621608243
|switch|p1a: Kommo-o|Kommo-o, M|94/100 brn
|move|p2a: Zarude|U-turn|p1a: Kommo-o
|-resisted|p1a: Kommo-o
|-damage|p1a: Kommo-o|87/100 brn
|-damage|p2a: Zarude|58/100|[from] item: Rocky Helmet|[of] p1a: Kommo-o
|c| UULT81x ramo|woo
|
|t:|1621608254
|switch|p2a: Moltres|Moltres|20/100 tox|[from]move: U-turn
|
|-damage|p2a: Moltres|13/100 tox|[from] psn
|-damage|p1a: Kommo-o|81/100 brn|[from] brn
|upkeep
|turn|19
|j| laevin
|
|t:|1621608262
|switch|p2a: Nihilego|Nihilego|80/100
|switch|p1a: Rotom|Rotom-Heat|70/100
|
|-heal|p2a: Nihilego|86/100|[from] item: Black Sludge
|upkeep
|turn|20
|
|t:|1621608269
|switch|p1a: Aegislash|Aegislash, F|94/100 brn
|move|p2a: Nihilego|Stealth Rock|p1a: Aegislash
|-sidestart|p1: TheFlawlessWin|move: Stealth Rock
|
|-heal|p2a: Nihilego|92/100|[from] item: Black Sludge
|-heal|p1a: Aegislash|100/100 brn|[from] item: Leftovers
|-damage|p1a: Aegislash|94/100 brn|[from] brn
|upkeep
|turn|21
|
|t:|1621608274
|move|p2a: Nihilego|Protect|p2a: Nihilego
|-singleturn|p2a: Nihilego|Protect
|-formechange|p1a: Aegislash|Aegislash-Blade||[from] ability: Stance Change
|move|p1a: Aegislash|Shadow Ball|p2a: Nihilego
|-activate|p2a: Nihilego|move: Protect
|
|-heal|p2a: Nihilego|99/100|[from] item: Black Sludge
|-heal|p1a: Aegislash|100/100 brn|[from] item: Leftovers
|-damage|p1a: Aegislash|94/100 brn|[from] brn
|upkeep
|turn|22
|
|t:|1621608277
|move|p2a: Nihilego|Power Gem|p1a: Aegislash
|-resisted|p1a: Aegislash
|-damage|p1a: Aegislash|54/100 brn
|move|p1a: Aegislash|Shadow Ball|p2a: Nihilego
|-damage|p2a: Nihilego|65/100
|
|-heal|p2a: Nihilego|71/100|[from] item: Black Sludge
|-heal|p1a: Aegislash|60/100 brn|[from] item: Leftovers
|-damage|p1a: Aegislash|54/100 brn|[from] brn
|upkeep
|turn|23
|j| SturdyShedinja292
|c|☆TheFlawlessWin|ow
|
|t:|1621608287
|-formechange|p1a: Aegislash|Aegislash||[from] ability: Stance Change
|move|p1a: Aegislash|King's Shield|p1a: Aegislash
|-singleturn|p1a: Aegislash|Protect
|move|p2a: Nihilego|Power Gem|p1a: Aegislash
|-activate|p1a: Aegislash|move: Protect
|
|-heal|p2a: Nihilego|77/100|[from] item: Black Sludge
|-heal|p1a: Aegislash|60/100 brn|[from] item: Leftovers
|-damage|p1a: Aegislash|54/100 brn|[from] brn
|upkeep
|turn|24
|l| SturdyShedinja292
|
|t:|1621608294
|move|p2a: Nihilego|Protect|p2a: Nihilego
|-singleturn|p2a: Nihilego|Protect
|move|p1a: Aegislash|King's Shield||[still]
|-fail|p1a: Aegislash
|
|-heal|p2a: Nihilego|83/100|[from] item: Black Sludge
|-heal|p1a: Aegislash|60/100 brn|[from] item: Leftovers
|-damage|p1a: Aegislash|54/100 brn|[from] brn
|upkeep
|turn|25
|
|t:|1621608299
|switch|p2a: Zarude|Zarude-Dada|58/100
|-formechange|p1a: Aegislash|Aegislash-Blade||[from] ability: Stance Change
|move|p1a: Aegislash|Shadow Ball|p2a: Zarude
|-resisted|p2a: Zarude
|-damage|p2a: Zarude|33/100
|
|-heal|p1a: Aegislash|60/100 brn|[from] item: Leftovers
|-damage|p1a: Aegislash|54/100 brn|[from] brn
|upkeep
|turn|26
|
|t:|1621608308
|switch|p1a: Kommo-o|Kommo-o, M|81/100 brn
|-damage|p1a: Kommo-o|75/100 brn|[from] Stealth Rock
|move|p2a: Zarude|Jungle Healing|p2a: Zarude
|-heal|p2a: Zarude|58/100
|
|-damage|p1a: Kommo-o|68/100 brn|[from] brn
|upkeep
|turn|27
|n| ramolost|uult81xramo
|
|t:|1621608316
|switch|p2a: Aegislash|Aegislash, M|100/100
|move|p1a: Kommo-o|Stealth Rock|p2a: Aegislash
|-sidestart|p2: uult81x lily|move: Stealth Rock
|
|-damage|p1a: Kommo-o|62/100 brn|[from] brn
|upkeep
|turn|28
|
|t:|1621608337
|switch|p1a: Rotom|Rotom-Heat|70/100
|-formechange|p2a: Aegislash|Aegislash-Blade||[from] ability: Stance Change
|move|p2a: Aegislash|Flash Cannon|p1a: Rotom
|-resisted|p1a: Rotom
|-damage|p1a: Rotom|61/100
|
|upkeep
|turn|29
|
|t:|1621608344
|-formechange|p2a: Aegislash|Aegislash||[from] ability: Stance Change
|move|p2a: Aegislash|King's Shield|p2a: Aegislash
|-singleturn|p2a: Aegislash|Protect
|move|p1a: Rotom|Volt Switch|p2a: Aegislash
|-activate|p2a: Aegislash|move: Protect
|
|upkeep
|turn|30
|
|t:|1621608350
|move|p1a: Rotom|Overheat|p2a: Aegislash
|-supereffective|p2a: Aegislash
|-damage|p2a: Aegislash|45/100
|-unboost|p1a: Rotom|spa|2
|move|p2a: Aegislash|Toxic|p1a: Rotom
|-status|p1a: Rotom|tox
|
|-heal|p2a: Aegislash|51/100|[from] item: Leftovers
|-damage|p1a: Rotom|55/100 tox|[from] psn
|upkeep
|turn|31
|c|☆TheFlawlessWin|what is the abomination of a set
|c|☆TheFlawlessWin|why did that barely do half
|c|☆uult81x lily|it's so good
|c|☆uult81x lily|LMFAO
|
|t:|1621608373
|switch|p1a: Zarude|Zarude|100/100
|-damage|p1a: Zarude|88/100|[from] Stealth Rock
|-formechange|p2a: Aegislash|Aegislash-Blade||[from] ability: Stance Change
|move|p2a: Aegislash|Shadow Ball|p1a: Zarude
|-resisted|p1a: Zarude
|-damage|p1a: Zarude|70/100
|
|-heal|p2a: Aegislash|57/100|[from] item: Leftovers
|upkeep
|turn|32
|c|☆uult81x lily|mr eat
|c| Adaam|55?
|
|t:|1621608383
|switch|p1a: Mamoswine|Mamoswine, M|71/100
|-damage|p1a: Mamoswine|58/100|[from] Stealth Rock
|switch|p2a: Moltres|Moltres|13/100 tox
|
|-damage|p2a: Moltres|7/100 tox|[from] psn
|upkeep
|turn|33
|
|t:|1621608389
|move|p1a: Mamoswine|Ice Shard|p2a: Moltres
|-damage|p2a: Moltres|0 fnt
|faint|p2a: Moltres
|-damage|p1a: Mamoswine|48/100|[from] item: Life Orb
|
|upkeep
|
|t:|1621608399
|switch|p2a: Nihilego|Nihilego|83/100
|-damage|p2a: Nihilego|71/100|[from] Stealth Rock
|turn|34
|j| Mellow1004
|
|t:|1621608416
|switch|p1a: Aegislash|Aegislash, F|54/100 brn
|-damage|p1a: Aegislash|48/100 brn|[from] Stealth Rock
|move|p2a: Nihilego|Power Gem|p1a: Aegislash
|-resisted|p1a: Aegislash
|-damage|p1a: Aegislash|32/100 brn
|
|-heal|p2a: Nihilego|77/100|[from] item: Black Sludge
|-heal|p1a: Aegislash|39/100 brn|[from] item: Leftovers
|-damage|p1a: Aegislash|32/100 brn|[from] brn
|upkeep
|turn|35
|l| Adaam
|
|t:|1621608424
|move|p2a: Nihilego|Power Gem|p1a: Aegislash
|-resisted|p1a: Aegislash
|-damage|p1a: Aegislash|16/100 brn
|-formechange|p1a: Aegislash|Aegislash-Blade||[from] ability: Stance Change
|move|p1a: Aegislash|Shadow Ball|p2a: Nihilego
|-damage|p2a: Nihilego|39/100
|
|-heal|p2a: Nihilego|45/100|[from] item: Black Sludge
|-heal|p1a: Aegislash|22/100 brn|[from] item: Leftovers
|-damage|p1a: Aegislash|16/100 brn|[from] brn
|upkeep
|turn|36
|j| UULT81x pif
|l| Mellow1004
|
|t:|1621608436
|move|p1a: Aegislash|Shadow Sneak|p2a: Nihilego
|-damage|p2a: Nihilego|28/100
|move|p2a: Nihilego|Power Gem|p1a: Aegislash
|-resisted|p1a: Aegislash
|-damage|p1a: Aegislash|0 fnt
|faint|p1a: Aegislash
|-ability|p2a: Nihilego|Beast Boost|boost
|-boost|p2a: Nihilego|spa|1
|
|-heal|p2a: Nihilego|34/100|[from] item: Black Sludge
|upkeep
|
|t:|1621608441
|switch|p1a: Zarude|Zarude|70/100
|-damage|p1a: Zarude|58/100|[from] Stealth Rock
|turn|37
|
|t:|1621608445
|move|p2a: Nihilego|Protect|p2a: Nihilego
|-singleturn|p2a: Nihilego|Protect
|move|p1a: Zarude|Darkest Lariat|p2a: Nihilego
|-activate|p2a: Nihilego|move: Protect
|
|-heal|p2a: Nihilego|41/100|[from] item: Black Sludge
|upkeep
|turn|38
|
|t:|1621608447
|switch|p2a: Zarude|Zarude-Dada|58/100
|move|p1a: Zarude|Darkest Lariat|p2a: Zarude
|-resisted|p2a: Zarude
|-damage|p2a: Zarude|37/100
|
|upkeep
|turn|39
|l| Can'tFight
|
|t:|1621608451
|switch|p1a: Kommo-o|Kommo-o, M|62/100 brn
|-damage|p1a: Kommo-o|56/100 brn|[from] Stealth Rock
|move|p2a: Zarude|Jungle Healing|p2a: Zarude
|-heal|p2a: Zarude|62/100
|
|-damage|p1a: Kommo-o|50/100 brn|[from] brn
|upkeep
|turn|40
|
|t:|1621608460
|switch|p2a: Aegislash|Aegislash, M|57/100
|-damage|p2a: Aegislash|51/100|[from] Stealth Rock
|move|p1a: Kommo-o|Earthquake|p2a: Aegislash
|-supereffective|p2a: Aegislash
|-damage|p2a: Aegislash|32/100
|
|-heal|p2a: Aegislash|38/100|[from] item: Leftovers
|-damage|p1a: Kommo-o|44/100 brn|[from] brn
|upkeep
|turn|41
|j| uult81x sh
|
|t:|1621608473
|switch|p1a: Tentacruel|Tentacruel, M|100/100
|-damage|p1a: Tentacruel|88/100|[from] Stealth Rock
|move|p2a: Aegislash|King's Shield||[still]
|-fail|p2a: Aegislash
|
|-heal|p1a: Tentacruel|94/100|[from] item: Black Sludge
|-heal|p2a: Aegislash|44/100|[from] item: Leftovers
|upkeep
|turn|42
|
|t:|1621608484
|move|p2a: Aegislash|King's Shield|p2a: Aegislash
|-singleturn|p2a: Aegislash|Protect
|move|p1a: Tentacruel|Scald|p2a: Aegislash
|-activate|p2a: Aegislash|move: Protect
|
|-heal|p1a: Tentacruel|99/100|[from] item: Black Sludge
|-heal|p2a: Aegislash|50/100|[from] item: Leftovers
|upkeep
|turn|43
|
|t:|1621608486
|move|p1a: Tentacruel|Scald|p2a: Aegislash
|-damage|p2a: Aegislash|36/100
|-status|p2a: Aegislash|brn
|-formechange|p2a: Aegislash|Aegislash-Blade||[from] ability: Stance Change
|move|p2a: Aegislash|Shadow Ball|p1a: Tentacruel
|-damage|p1a: Tentacruel|71/100
|
|-heal|p1a: Tentacruel|77/100|[from] item: Black Sludge
|-heal|p2a: Aegislash|42/100 brn|[from] item: Leftovers
|-damage|p2a: Aegislash|36/100 brn|[from] brn
|upkeep
|turn|44
|j| Can'tFight
|
|t:|1621608506
|-formechange|p2a: Aegislash|Aegislash||[from] ability: Stance Change
|move|p2a: Aegislash|King's Shield|p2a: Aegislash
|-singleturn|p2a: Aegislash|Protect
|move|p1a: Tentacruel|Toxic Spikes|p2a: Aegislash
|-sidestart|p2: uult81x lily|move: Toxic Spikes
|
|-heal|p1a: Tentacruel|83/100|[from] item: Black Sludge
|-heal|p2a: Aegislash|42/100 brn|[from] item: Leftovers
|-damage|p2a: Aegislash|36/100 brn|[from] brn
|upkeep
|turn|45
|
|t:|1621608512
|move|p1a: Tentacruel|Scald|p2a: Aegislash
|-damage|p2a: Aegislash|23/100 brn
|-formechange|p2a: Aegislash|Aegislash-Blade||[from] ability: Stance Change
|move|p2a: Aegislash|Shadow Ball|p1a: Tentacruel
|-damage|p1a: Tentacruel|56/100
|-unboost|p1a: Tentacruel|spd|1
|
|-heal|p1a: Tentacruel|62/100|[from] item: Black Sludge
|-heal|p2a: Aegislash|29/100 brn|[from] item: Leftovers
|-damage|p2a: Aegislash|23/100 brn|[from] brn
|upkeep
|turn|46
|
|t:|1621608524
|-formechange|p2a: Aegislash|Aegislash||[from] ability: Stance Change
|move|p2a: Aegislash|King's Shield|p2a: Aegislash
|-singleturn|p2a: Aegislash|Protect
|move|p1a: Tentacruel|Scald|p2a: Aegislash
|-activate|p2a: Aegislash|move: Protect
|
|-heal|p1a: Tentacruel|68/100|[from] item: Black Sludge
|-heal|p2a: Aegislash|29/100 brn|[from] item: Leftovers
|-damage|p2a: Aegislash|23/100 brn|[from] brn
|upkeep
|turn|47
|
|t:|1621608557
|move|p1a: Tentacruel|Scald|p2a: Aegislash
|-damage|p2a: Aegislash|9/100 brn
|-formechange|p2a: Aegislash|Aegislash-Blade||[from] ability: Stance Change
|move|p2a: Aegislash|Shadow Ball|p1a: Tentacruel
|-damage|p1a: Tentacruel|22/100
|
|-heal|p1a: Tentacruel|29/100|[from] item: Black Sludge
|-heal|p2a: Aegislash|15/100 brn|[from] item: Leftovers
|-damage|p2a: Aegislash|9/100 brn|[from] brn
|upkeep
|turn|48
|
|t:|1621608564
|switch|p2a: Zarude|Zarude-Dada|62/100
|move|p1a: Tentacruel|Scald|p2a: Zarude
|-resisted|p2a: Zarude
|-damage|p2a: Zarude|51/100
|
|-heal|p1a: Tentacruel|35/100|[from] item: Black Sludge
|upkeep
|turn|49
|
|t:|1621608572
|switch|p1a: Kommo-o|Kommo-o, M|44/100 brn
|-damage|p1a: Kommo-o|38/100 brn|[from] Stealth Rock
|move|p2a: Zarude|U-turn|p1a: Kommo-o
|-resisted|p1a: Kommo-o
|-damage|p1a: Kommo-o|31/100 brn
|-damage|p2a: Zarude|35/100|[from] item: Rocky Helmet|[of] p1a: Kommo-o
|
|t:|1621608576
|switch|p2a: Nihilego|Nihilego|41/100|[from]move: U-turn
|-damage|p2a: Nihilego|28/100|[from] Stealth Rock
|-sideend|p2: uult81x lily|move: Toxic Spikes|[of] p2a: Nihilego
|
|-heal|p2a: Nihilego|34/100|[from] item: Black Sludge
|-damage|p1a: Kommo-o|25/100 brn|[from] brn
|upkeep
|turn|50
|
|t:|1621608593
|switch|p1a: Mamoswine|Mamoswine, M|48/100
|-damage|p1a: Mamoswine|36/100|[from] Stealth Rock
|move|p2a: Nihilego|Sludge Wave|p1a: Mamoswine
|-resisted|p1a: Mamoswine
|-damage|p1a: Mamoswine|2/100
|
|-heal|p2a: Nihilego|41/100|[from] item: Black Sludge
|upkeep
|turn|51
|
|t:|1621608599
|move|p2a: Nihilego|Protect|p2a: Nihilego
|-singleturn|p2a: Nihilego|Protect
|move|p1a: Mamoswine|Ice Shard|p2a: Nihilego
|-activate|p2a: Nihilego|move: Protect
|
|-heal|p2a: Nihilego|47/100|[from] item: Black Sludge
|upkeep
|turn|52
|
|t:|1621608609
|switch|p2a: Aegislash|Aegislash, M|9/100 brn
|-damage|p2a: Aegislash|3/100 brn|[from] Stealth Rock
|move|p1a: Mamoswine|Ice Shard|p2a: Aegislash
|-resisted|p2a: Aegislash
|-crit|p2a: Aegislash
|-damage|p2a: Aegislash|0 fnt
|faint|p2a: Aegislash
|-damage|p1a: Mamoswine|0 fnt|[from] item: Life Orb
|faint|p1a: Mamoswine
|
|upkeep
|
|t:|1621608620
|switch|p1a: Zarude|Zarude|58/100
|switch|p2a: Nihilego|Nihilego|47/100
|-damage|p1a: Zarude|46/100|[from] Stealth Rock
|-damage|p2a: Nihilego|34/100|[from] Stealth Rock
|turn|53
|
|t:|1621608629
|move|p2a: Nihilego|Protect|p2a: Nihilego
|-singleturn|p2a: Nihilego|Protect
|move|p1a: Zarude|Darkest Lariat|p2a: Nihilego
|-activate|p2a: Nihilego|move: Protect
|
|-heal|p2a: Nihilego|41/100|[from] item: Black Sludge
|upkeep
|turn|54
|
|t:|1621608649
|move|p1a: Zarude|Darkest Lariat|p2a: Nihilego
|-damage|p2a: Nihilego|0 fnt
|faint|p2a: Nihilego
|
|upkeep
|
|t:|1621608651
|switch|p2a: Zarude|Zarude-Dada|35/100
|turn|55
|
|t:|1621608688
|switch|p1a: Kommo-o|Kommo-o, M|25/100 brn
|-damage|p1a: Kommo-o|19/100 brn|[from] Stealth Rock
|move|p2a: Zarude|Jungle Healing|p2a: Zarude
|-heal|p2a: Zarude|60/100
|
|-damage|p1a: Kommo-o|13/100 brn|[from] brn
|upkeep
|turn|56
|
|t:|1621608715
|move|p2a: Zarude|Power Whip|p1a: Kommo-o
|-resisted|p1a: Kommo-o
|-damage|p1a: Kommo-o|0 fnt
|-damage|p2a: Zarude|44/100|[from] item: Rocky Helmet|[of] p1a: Kommo-o
|faint|p1a: Kommo-o
|
|upkeep
|
|t:|1621608721
|switch|p1a: Rotom|Rotom-Heat|55/100 tox
|turn|57
|j| nt62t dani
|
|t:|1621608748
|move|p2a: Zarude|U-turn|p1a: Rotom
|-resisted|p1a: Rotom
|-damage|p1a: Rotom|43/100 tox
|
|t:|1621608749
|switch|p2a: Lycanroc|Lycanroc-Dusk, M|100/100|[from]move: U-turn
|-damage|p2a: Lycanroc|88/100|[from] Stealth Rock
|move|p1a: Rotom|Overheat|p2a: Lycanroc
|-resisted|p2a: Lycanroc
|-damage|p2a: Lycanroc|50/100
|-unboost|p1a: Rotom|spa|2
|
|-damage|p1a: Rotom|37/100 tox|[from] psn
|upkeep
|turn|58
|j| Rampaging Rhydon
|l| UULT81x Lolo
|
|t:|1621608774
|switch|p1a: Tentacruel|Tentacruel, M|35/100
|-damage|p1a: Tentacruel|22/100|[from] Stealth Rock
|move|p2a: Lycanroc|Close Combat|p1a: Tentacruel
|-resisted|p1a: Tentacruel
|-damage|p1a: Tentacruel|0 fnt
|-unboost|p2a: Lycanroc|def|1
|-unboost|p2a: Lycanroc|spd|1
|faint|p1a: Tentacruel
|-damage|p2a: Lycanroc|40/100|[from] item: Life Orb
|
|upkeep
|
|t:|1621608777
|switch|p1a: Rotom|Rotom-Heat|37/100 tox
|turn|59
|j| SturdyShedinja292
|c| UULT81x pif|good counter
|c| UULT81x pif|how does lily do it...
|
|t:|1621608831
|move|p2a: Lycanroc|Accelerock|p1a: Rotom
|-supereffective|p1a: Rotom
|-damage|p1a: Rotom|0 fnt
|faint|p1a: Rotom
|-damage|p2a: Lycanroc|30/100|[from] item: Life Orb
|
|upkeep
|c|☆TheFlawlessWin|alright
|c|☆TheFlawlessWin|252 Atk Life Orb Tough Claws Lycanroc-Dusk Accelerock vs. 0 HP / 0 Def Zarude: 99-118 (28.2 - 33.6%) -- 0.2% chance to 3HKO
|c|☆TheFlawlessWin|can he get the roll
|c| UULT81x pif|oh
|
|t:|1621608854
|switch|p1a: Zarude|Zarude|46/100
|-damage|p1a: Zarude|34/100|[from] Stealth Rock
|turn|60
|c|☆uult81x lily|please lycanroc
|c|☆uult81x lily|i love u
|
|t:|1621608863
|move|p2a: Lycanroc|Accelerock|p1a: Zarude
|-damage|p1a: Zarude|5/100
|-damage|p2a: Lycanroc|20/100|[from] item: Life Orb
|move|p1a: Zarude|U-turn|p2a: Lycanroc
|-damage|p2a: Lycanroc|0 fnt
|faint|p2a: Lycanroc
|
|upkeep
|c| UULT81x pif|its adamant lycanroc
|c|☆uult81x lily|alas
|c|☆uult81x lily|gg
|
|t:|1621608867
|switch|p2a: Zarude|Zarude-Dada|44/100
|turn|61
|c|☆TheFlawlessWin|gg
|c|☆TheFlawlessWin|excellent game
|c| ramolost|lol owned
|c|☆TheFlawlessWin|very close
|c| ramolost|lily
|c|☆uult81x lily|yea this was rlly good
|
|t:|1621608876
|move|p1a: Zarude|U-turn|p2a: Zarude
|-supereffective|p2a: Zarude
|-damage|p2a: Zarude|0 fnt
|faint|p2a: Zarude
|
|win|TheFlawlessWin
|raw|TheFlawlessWin's rating: 1705 &rarr; <strong>1727</strong><br />(+22 for winning)
|raw|uult81x lily's rating: 1732 &rarr; <strong>1710</strong><br />(-22 for losing)
|l| impactx
|c| Rampaging Rhydon|Bl
|l|☆uult81x lily
|l| Rampaging Rhydon
|l| Can'tFight
|l|+estarossa
|j| Can'tFight
||Ladder isn't responding, score probably updated but might not have (Request timeout).
