|j|☆jaekuzu
|j|☆CynthiaBlueheart
|t:|1664476929
|gametype|singles
|player|p1|jaekuzu|marley|1247
|player|p2|CynthiaBlueheart|clair|1353
|teamsize|p1|6
|teamsize|p2|6
|gen|8
|tier|[Gen 8] UU
|rated|
|rule|Sleep Clause Mod: Limit one foe put to sleep
|rule|Species Clause: Limit one of each Pokémon
|rule|OHKO Clause: OHKO moves are banned
|rule|Evasion Items Clause: Evasion items are banned
|rule|Evasion Moves Clause: Evasion moves are banned
|rule|Endless Battle Clause: Forcing endless battles is banned
|rule|HP Percentage Mod: HP is shown in percentages
|rule|Dynamax Clause: You cannot dynamax
|clearpoke
|poke|p1|Slowking, M|
|poke|p1|Thundurus-Therian, M|
|poke|p1|Amoonguss, M|
|poke|p1|Excadrill, M|
|poke|p1|Darmanitan, F|
|poke|p1|Mamoswine, F|
|poke|p2|Amoonguss, M|
|poke|p2|Slowking, F|
|poke|p2|Tangrowth, M|
|poke|p2|Excadrill, M|
|poke|p2|Skarmory, F|
|poke|p2|Scizor, M|
|teampreview
|inactive|Battle timer is ON: inactive players will automatically lose when time's up. (requested by CynthiaBlueheart)
|
|t:|1664476935
|start
|switch|p1a: Excadrill|Excadrill, M|100/100
|switch|p2a: Slowking|Slowking, F|100/100
|-ability|p1a: Excadrill|Mold Breaker
|-item|p1a: Excadrill|Air Balloon
|turn|1
|
|t:|1664476944
|switch|p1a: Amoonguss|Amoonguss, M, shiny|100/100
|move|p2a: Slowking|Scald|p1a: Amoonguss
|-resisted|p1a: Amoonguss
|-crit|p1a: Amoonguss
|-damage|p1a: Amoonguss|80/100
|
|-heal|p1a: Amoonguss|87/100|[from] item: Black Sludge
|upkeep
|turn|2
|
|t:|1664476949
|switch|p2a: Amoonguss|Amoonguss, M|100/100
|move|p1a: Amoonguss|Spore|p2a: Amoonguss
|-immune|p2a: Amoonguss
|
|-heal|p1a: Amoonguss|93/100|[from] item: Black Sludge
|upkeep
|turn|3
|
|t:|1664476957
|move|p2a: Amoonguss|Toxic|p1a: Amoonguss
|-immune|p1a: Amoonguss
|move|p1a: Amoonguss|Sludge Bomb|p2a: Amoonguss
|-damage|p2a: Amoonguss|82/100
|
|-heal|p2a: Amoonguss|88/100|[from] item: Black Sludge
|-heal|p1a: Amoonguss|99/100|[from] item: Black Sludge
|upkeep
|turn|4
|
|t:|1664476962
|move|p2a: Amoonguss|Spore|p1a: Amoonguss
|-immune|p1a: Amoonguss
|move|p1a: Amoonguss|Sludge Bomb|p2a: Amoonguss
|-damage|p2a: Amoonguss|70/100
|
|-heal|p1a: Amoonguss|100/100|[from] item: Black Sludge
|-heal|p2a: Amoonguss|77/100|[from] item: Black Sludge
|upkeep
|turn|5
|
|t:|1664476964
|move|p2a: Amoonguss|Spore|p1a: Amoonguss
|-immune|p1a: Amoonguss
|move|p1a: Amoonguss|Sludge Bomb|p2a: Amoonguss
|-damage|p2a: Amoonguss|59/100
|
|-heal|p2a: Amoonguss|65/100|[from] item: Black Sludge
|upkeep
|turn|6
|
|t:|1664476967
|move|p2a: Amoonguss|Spore|p1a: Amoonguss
|-immune|p1a: Amoonguss
|move|p1a: Amoonguss|Sludge Bomb|p2a: Amoonguss
|-damage|p2a: Amoonguss|47/100
|
|-heal|p2a: Amoonguss|53/100|[from] item: Black Sludge
|upkeep
|turn|7
|
|t:|1664476970
|move|p2a: Amoonguss|Spore|p1a: Amoonguss
|-immune|p1a: Amoonguss
|move|p1a: Amoonguss|Foul Play|p2a: Amoonguss
|-damage|p2a: Amoonguss|37/100
|
|-heal|p2a: Amoonguss|43/100|[from] item: Black Sludge
|upkeep
|turn|8
|
|t:|1664476974
|move|p1a: Amoonguss|Sludge Bomb|p2a: Amoonguss
|-crit|p2a: Amoonguss
|-damage|p2a: Amoonguss|16/100
|move|p2a: Amoonguss|Synthesis|p2a: Amoonguss
|-heal|p2a: Amoonguss|66/100
|
|-heal|p2a: Amoonguss|72/100|[from] item: Black Sludge
|upkeep
|turn|9
|
|t:|1664476979
|move|p2a: Amoonguss|Synthesis|p2a: Amoonguss
|-heal|p2a: Amoonguss|100/100
|move|p1a: Amoonguss|Sludge Bomb|p2a: Amoonguss
|-damage|p2a: Amoonguss|83/100
|
|-heal|p2a: Amoonguss|89/100|[from] item: Black Sludge
|upkeep
|turn|10
|
|t:|1664476986
|move|p2a: Amoonguss|Spore|p1a: Amoonguss
|-immune|p1a: Amoonguss
|move|p1a: Amoonguss|Foul Play|p2a: Amoonguss
|-damage|p2a: Amoonguss|74/100
|
|-heal|p2a: Amoonguss|80/100|[from] item: Black Sludge
|upkeep
|turn|11
|
|t:|1664476994
|move|p2a: Amoonguss|Spore|p1a: Amoonguss
|-immune|p1a: Amoonguss
|move|p1a: Amoonguss|Foul Play|p2a: Amoonguss
|-damage|p2a: Amoonguss|62/100
|
|-heal|p2a: Amoonguss|68/100|[from] item: Black Sludge
|upkeep
|turn|12
|
|t:|1664477001
|move|p2a: Amoonguss|Spore|p1a: Amoonguss
|-immune|p1a: Amoonguss
|move|p1a: Amoonguss|Sludge Bomb|p2a: Amoonguss
|-damage|p2a: Amoonguss|50/100
|
|-heal|p2a: Amoonguss|56/100|[from] item: Black Sludge
|upkeep
|turn|13
|
|t:|1664477011
|move|p2a: Amoonguss|Toxic|p1a: Amoonguss
|-immune|p1a: Amoonguss
|move|p1a: Amoonguss|Sludge Bomb|p2a: Amoonguss
|-damage|p2a: Amoonguss|37/100
|
|-heal|p2a: Amoonguss|43/100|[from] item: Black Sludge
|upkeep
|turn|14
|
|t:|1664477015
|move|p1a: Amoonguss|Sludge Bomb|p2a: Amoonguss
|-damage|p2a: Amoonguss|25/100
|move|p2a: Amoonguss|Spore|p1a: Amoonguss
|-immune|p1a: Amoonguss
|
|-heal|p2a: Amoonguss|31/100|[from] item: Black Sludge
|upkeep
|turn|15
|
|t:|1664477018
|move|p1a: Amoonguss|Sludge Bomb|p2a: Amoonguss
|-damage|p2a: Amoonguss|14/100
|move|p2a: Amoonguss|Synthesis|p2a: Amoonguss
|-heal|p2a: Amoonguss|64/100
|
|-heal|p2a: Amoonguss|70/100|[from] item: Black Sludge
|upkeep
|turn|16
|
|t:|1664477021
|move|p1a: Amoonguss|Sludge Bomb|p2a: Amoonguss
|-damage|p2a: Amoonguss|52/100
|move|p2a: Amoonguss|Spore|p1a: Amoonguss
|-immune|p1a: Amoonguss
|
|-heal|p2a: Amoonguss|58/100|[from] item: Black Sludge
|upkeep
|turn|17
|
|t:|1664477023
|switch|p2a: Scizor|Scizor, M|100/100
|move|p1a: Amoonguss|Sludge Bomb|p2a: Scizor
|-immune|p2a: Scizor
|
|upkeep
|turn|18
|
|t:|1664477028
|move|p2a: Scizor|U-turn|p1a: Amoonguss
|-damage|p1a: Amoonguss|76/100
|
|t:|1664477030
|switch|p2a: Amoonguss|Amoonguss, M|91/100|[from]move: U-turn
|move|p1a: Amoonguss|Foul Play|p2a: Amoonguss
|-damage|p2a: Amoonguss|74/100
|
|-heal|p1a: Amoonguss|82/100|[from] item: Black Sludge
|-heal|p2a: Amoonguss|81/100|[from] item: Black Sludge
|upkeep
|turn|19
|
|t:|1664477035
|move|p2a: Amoonguss|Toxic|p1a: Amoonguss
|-immune|p1a: Amoonguss
|move|p1a: Amoonguss|Sludge Bomb|p2a: Amoonguss
|-damage|p2a: Amoonguss|63/100
|
|-heal|p1a: Amoonguss|88/100|[from] item: Black Sludge
|-heal|p2a: Amoonguss|69/100|[from] item: Black Sludge
|upkeep
|turn|20
|
|t:|1664477043
|switch|p1a: Excadrill|Excadrill, M|100/100
|-ability|p1a: Excadrill|Mold Breaker
|-item|p1a: Excadrill|Air Balloon
|switch|p2a: Skarmory|Skarmory, F|100/100
|
|upkeep
|turn|21
|
|t:|1664477048
|move|p1a: Excadrill|Stealth Rock|p2a: Skarmory
|-sidestart|p2: CynthiaBlueheart|move: Stealth Rock
|move|p2a: Skarmory|Body Press|p1a: Excadrill
|-supereffective|p1a: Excadrill
|-damage|p1a: Excadrill|7/100
|-enditem|p1a: Excadrill|Air Balloon
|
|upkeep
|turn|22
|
|t:|1664477057
|switch|p1a: Amoonguss|Amoonguss, M, shiny|100/100
|move|p2a: Skarmory|Spikes|p1a: Amoonguss
|-sidestart|p1: jaekuzu|Spikes
|
|upkeep
|turn|23
|
|t:|1664477062
|switch|p2a: Amoonguss|Amoonguss, M|100/100
|-damage|p2a: Amoonguss|88/100|[from] Stealth Rock
|move|p1a: Amoonguss|Foul Play|p2a: Amoonguss
|-damage|p2a: Amoonguss|70/100
|
|-heal|p2a: Amoonguss|76/100|[from] item: Black Sludge
|upkeep
|turn|24
|
|t:|1664477068
|move|p1a: Amoonguss|Foul Play|p2a: Amoonguss
|-damage|p2a: Amoonguss|59/100
|move|p2a: Amoonguss|Spore|p1a: Amoonguss
|-immune|p1a: Amoonguss
|
|-heal|p2a: Amoonguss|65/100|[from] item: Black Sludge
|upkeep
|turn|25
|
|t:|1664477075
|switch|p2a: Excadrill|Excadrill, M|100/100
|-damage|p2a: Excadrill|97/100|[from] Stealth Rock
|-ability|p2a: Excadrill|Mold Breaker
|move|p1a: Amoonguss|Foul Play|p2a: Excadrill
|-damage|p2a: Excadrill|69/100
|
|-heal|p2a: Excadrill|75/100|[from] item: Leftovers
|upkeep
|turn|26
|
|t:|1664477079
|move|p2a: Excadrill|Rapid Spin|p1a: Amoonguss
|-damage|p1a: Amoonguss|89/100
|-boost|p2a: Excadrill|spe|1
|-sideend|p2: CynthiaBlueheart|Stealth Rock|[from] move: Rapid Spin|[of] p2a: Excadrill
|move|p1a: Amoonguss|Spore|p2a: Excadrill
|-status|p2a: Excadrill|slp|[from] move: Spore
|
|-heal|p2a: Excadrill|81/100 slp|[from] item: Leftovers
|-heal|p1a: Amoonguss|95/100|[from] item: Black Sludge
|upkeep
|turn|27
|
|t:|1664477099
|switch|p1a: Mamoswine|Mamoswine, F|100/100
|-damage|p1a: Mamoswine|88/100|[from] Spikes
|cant|p2a: Excadrill|slp
|
|-heal|p2a: Excadrill|87/100 slp|[from] item: Leftovers
|upkeep
|turn|28
|
|t:|1664477106
|switch|p2a: Tangrowth|Tangrowth, M|100/100
|move|p1a: Mamoswine|Knock Off|p2a: Tangrowth
|-damage|p2a: Tangrowth|82/100
|-damage|p1a: Mamoswine|71/100|[from] item: Rocky Helmet|[of] p2a: Tangrowth
|-enditem|p2a: Tangrowth|Rocky Helmet|[from] move: Knock Off|[of] p1a: Mamoswine
|
|upkeep
|turn|29
|
|t:|1664477109
|switch|p1a: Amoonguss|Amoonguss, M, shiny|100/100
|-damage|p1a: Amoonguss|88/100|[from] Spikes
|move|p2a: Tangrowth|Giga Drain|p1a: Amoonguss
|-resisted|p1a: Amoonguss
|-damage|p1a: Amoonguss|82/100
|-heal|p2a: Tangrowth|85/100|[from] drain|[of] p1a: Amoonguss
|
|-heal|p1a: Amoonguss|88/100|[from] item: Black Sludge
|upkeep
|turn|30
|
|t:|1664477114
|switch|p2a: Amoonguss|Amoonguss, M|98/100
|move|p1a: Amoonguss|Sludge Bomb|p2a: Amoonguss
|-damage|p2a: Amoonguss|81/100
|
|-heal|p2a: Amoonguss|87/100|[from] item: Black Sludge
|-heal|p1a: Amoonguss|94/100|[from] item: Black Sludge
|upkeep
|turn|31
|
|t:|1664477121
|move|p2a: Amoonguss|Spore|p1a: Amoonguss
|-immune|p1a: Amoonguss
|move|p1a: Amoonguss|Foul Play|p2a: Amoonguss
|-damage|p2a: Amoonguss|71/100
|
|-heal|p2a: Amoonguss|78/100|[from] item: Black Sludge
|-heal|p1a: Amoonguss|100/100|[from] item: Black Sludge
|upkeep
|turn|32
|
|t:|1664477130
|switch|p1a: Thundurus|Thundurus-Therian, M|100/100
|move|p2a: Amoonguss|Spore|p1a: Thundurus
|-status|p1a: Thundurus|slp|[from] move: Spore
|
|-heal|p2a: Amoonguss|84/100|[from] item: Black Sludge
|upkeep
|turn|33
|
|t:|1664477137
|switch|p2a: Excadrill|Excadrill, M|87/100 slp
|-ability|p2a: Excadrill|Mold Breaker
|cant|p1a: Thundurus|slp
|
|-heal|p2a: Excadrill|93/100 slp|[from] item: Leftovers
|upkeep
|turn|34
|
|t:|1664477144
|switch|p1a: Mamoswine|Mamoswine, F|71/100
|-damage|p1a: Mamoswine|59/100|[from] Spikes
|-curestatus|p2a: Excadrill|slp|[msg]
|move|p2a: Excadrill|Stealth Rock|p1a: Mamoswine
|-sidestart|p1: jaekuzu|move: Stealth Rock
|
|-heal|p2a: Excadrill|99/100|[from] item: Leftovers
|upkeep
|turn|35
|
|t:|1664477150
|switch|p2a: Slowking|Slowking, F|100/100
|move|p1a: Mamoswine|Earthquake|p2a: Slowking
|-damage|p2a: Slowking|51/100
|
|-heal|p2a: Slowking|57/100|[from] item: Leftovers
|upkeep
|turn|36
|
|t:|1664477155
|move|p1a: Mamoswine|Knock Off|p2a: Slowking
|-supereffective|p2a: Slowking
|-damage|p2a: Slowking|0 fnt
|-enditem|p2a: Slowking|Leftovers|[from] move: Knock Off|[of] p1a: Mamoswine
|faint|p2a: Slowking
|
|upkeep
|
|t:|1664477158
|switch|p2a: Skarmory|Skarmory, F|100/100
|turn|37
|
|t:|1664477163
|move|p1a: Mamoswine|Knock Off|p2a: Skarmory
|-damage|p2a: Skarmory|82/100
|-enditem|p2a: Skarmory|Leftovers|[from] move: Knock Off|[of] p1a: Mamoswine
|move|p2a: Skarmory|Spikes|p1a: Mamoswine
|-sidestart|p1: jaekuzu|Spikes
|
|upkeep
|turn|38
|
|t:|1664477166
|move|p1a: Mamoswine|Ice Shard|p2a: Skarmory
|-damage|p2a: Skarmory|71/100
|move|p2a: Skarmory|Spikes|p1a: Mamoswine
|-sidestart|p1: jaekuzu|Spikes
|
|upkeep
|turn|39
|
|t:|1664477168
|move|p1a: Mamoswine|Stealth Rock|p2a: Skarmory
|-sidestart|p2: CynthiaBlueheart|move: Stealth Rock
|move|p2a: Skarmory|Roost|p2a: Skarmory
|-heal|p2a: Skarmory|100/100
|-singleturn|p2a: Skarmory|move: Roost
|
|upkeep
|turn|40
|
|t:|1664477181
|move|p1a: Mamoswine|Ice Shard|p2a: Skarmory
|-damage|p2a: Skarmory|88/100
|move|p2a: Skarmory|Whirlwind|p1a: Mamoswine
|drag|p1a: Thundurus|Thundurus-Therian, M|100/100 slp
|-damage|p1a: Thundurus|76/100 slp|[from] Stealth Rock
|
|upkeep
|turn|41
|
|t:|1664477188
|cant|p1a: Thundurus|slp
|move|p2a: Skarmory|Whirlwind|p1a: Thundurus
|drag|p1a: Darmanitan|Darmanitan, F|100/100
|-damage|p1a: Darmanitan|76/100|[from] Spikes
|-damage|p1a: Darmanitan|51/100|[from] Stealth Rock
|
|upkeep
|turn|42
|
|t:|1664477194
|switch|p2a: Excadrill|Excadrill, M|99/100
|-damage|p2a: Excadrill|96/100|[from] Stealth Rock
|-ability|p2a: Excadrill|Mold Breaker
|move|p1a: Darmanitan|Flare Blitz|p2a: Excadrill
|-supereffective|p2a: Excadrill
|-damage|p2a: Excadrill|0 fnt
|faint|p2a: Excadrill
|-damage|p1a: Darmanitan|18/100|[from] Recoil
|
|upkeep
|
|t:|1664477198
|switch|p2a: Scizor|Scizor, M|100/100
|-damage|p2a: Scizor|88/100|[from] Stealth Rock
|turn|43
|
|t:|1664477200
|move|p2a: Scizor|Bullet Punch|p1a: Darmanitan
|-resisted|p1a: Darmanitan
|-damage|p1a: Darmanitan|0 fnt
|faint|p1a: Darmanitan
|
|-heal|p2a: Scizor|94/100|[from] item: Leftovers
|upkeep
|
|t:|1664477204
|switch|p1a: Slowking|Slowking, M, shiny|100/100
|turn|44
|
|t:|1664477207
|move|p2a: Scizor|Knock Off|p1a: Slowking
|-supereffective|p1a: Slowking
|-damage|p1a: Slowking|38/100
|-enditem|p1a: Slowking|Heavy-Duty Boots|[from] move: Knock Off|[of] p2a: Scizor
|move|p1a: Slowking|Flamethrower|p2a: Scizor
|-supereffective|p2a: Scizor
|-damage|p2a: Scizor|0 fnt
|faint|p2a: Scizor
|
|upkeep
|
|t:|1664477214
|switch|p2a: Tangrowth|Tangrowth, M|100/100
|-damage|p2a: Tangrowth|88/100|[from] Stealth Rock
|turn|45
|
|t:|1664477219
|switch|p1a: Thundurus|Thundurus-Therian, M|76/100 slp
|-damage|p1a: Thundurus|51/100 slp|[from] Stealth Rock
|move|p2a: Tangrowth|Giga Drain|p1a: Thundurus
|-resisted|p1a: Thundurus
|-damage|p1a: Thundurus|33/100 slp
|-heal|p2a: Tangrowth|95/100|[from] drain|[of] p1a: Thundurus
|
|upkeep
|turn|46
|
|t:|1664477223
|cant|p1a: Thundurus|slp
|move|p2a: Tangrowth|Knock Off|p1a: Thundurus
|-damage|p1a: Thundurus|0 fnt
|-enditem|p1a: Thundurus|Choice Scarf|[from] move: Knock Off|[of] p2a: Tangrowth
|faint|p1a: Thundurus
|
|upkeep
|
|t:|1664477231
|switch|p1a: Slowking|Slowking, M, shiny|71/100
|-damage|p1a: Slowking|46/100|[from] Spikes
|-damage|p1a: Slowking|34/100|[from] Stealth Rock
|turn|47
|
|t:|1664477234
|switch|p1a: Amoonguss|Amoonguss, M, shiny|100/100
|-damage|p1a: Amoonguss|75/100|[from] Spikes
|-damage|p1a: Amoonguss|63/100|[from] Stealth Rock
|move|p2a: Tangrowth|Giga Drain|p1a: Amoonguss
|-resisted|p1a: Amoonguss
|-damage|p1a: Amoonguss|57/100
|-heal|p2a: Tangrowth|98/100|[from] drain|[of] p1a: Amoonguss
|
|-heal|p1a: Amoonguss|63/100|[from] item: Black Sludge
|upkeep
|turn|48
|
|t:|1664477241
|switch|p2a: Amoonguss|Amoonguss, M|100/100
|-damage|p2a: Amoonguss|88/100|[from] Stealth Rock
|move|p1a: Amoonguss|Sludge Bomb|p2a: Amoonguss
|-damage|p2a: Amoonguss|71/100
|
|-heal|p2a: Amoonguss|77/100|[from] item: Black Sludge
|-heal|p1a: Amoonguss|69/100|[from] item: Black Sludge
|upkeep
|turn|49
|
|t:|1664477245
|move|p2a: Amoonguss|Toxic|p1a: Amoonguss
|-immune|p1a: Amoonguss
|move|p1a: Amoonguss|Synthesis|p1a: Amoonguss
|-heal|p1a: Amoonguss|100/100
|
|-heal|p2a: Amoonguss|84/100|[from] item: Black Sludge
|upkeep
|turn|50
|
|t:|1664477251
|move|p2a: Amoonguss|Spore|p1a: Amoonguss
|-immune|p1a: Amoonguss
|move|p1a: Amoonguss|Sludge Bomb|p2a: Amoonguss
|-damage|p2a: Amoonguss|66/100
|
|-heal|p2a: Amoonguss|72/100|[from] item: Black Sludge
|upkeep
|turn|51
|
|t:|1664477262
|move|p2a: Amoonguss|Spore|p1a: Amoonguss
|-immune|p1a: Amoonguss
|move|p1a: Amoonguss|Foul Play|p2a: Amoonguss
|-damage|p2a: Amoonguss|56/100
|
|-heal|p2a: Amoonguss|62/100|[from] item: Black Sludge
|upkeep
|turn|52
|
|t:|1664477288
|switch|p2a: Tangrowth|Tangrowth, M|100/100
|-damage|p2a: Tangrowth|88/100|[from] Stealth Rock
|move|p1a: Amoonguss|Foul Play|p2a: Tangrowth
|-damage|p2a: Tangrowth|75/100
|
|upkeep
|turn|53
|
|t:|1664477294
|move|p2a: Tangrowth|Knock Off|p1a: Amoonguss
|-damage|p1a: Amoonguss|84/100
|-enditem|p1a: Amoonguss|Black Sludge|[from] move: Knock Off|[of] p2a: Tangrowth
|move|p1a: Amoonguss|Foul Play|p2a: Tangrowth
|-damage|p2a: Tangrowth|61/100
|
|upkeep
|turn|54
|
|t:|1664477299
|move|p2a: Tangrowth|Giga Drain|p1a: Amoonguss
|-resisted|p1a: Amoonguss
|-damage|p1a: Amoonguss|78/100
|-heal|p2a: Tangrowth|65/100|[from] drain|[of] p1a: Amoonguss
|move|p1a: Amoonguss|Foul Play|p2a: Tangrowth
|-damage|p2a: Tangrowth|52/100
|
|upkeep
|turn|55
|
|t:|1664477304
|move|p2a: Tangrowth|Synthesis|p2a: Tangrowth
|-heal|p2a: Tangrowth|100/100
|move|p1a: Amoonguss|Foul Play|p2a: Tangrowth
|-damage|p2a: Tangrowth|88/100
|
|upkeep
|turn|56
|
|t:|1664477313
|switch|p1a: Slowking|Slowking, M, shiny|67/100
|-damage|p1a: Slowking|42/100|[from] Spikes
|-damage|p1a: Slowking|30/100|[from] Stealth Rock
|move|p2a: Tangrowth|Knock Off|p1a: Slowking
|-supereffective|p1a: Slowking
|-damage|p1a: Slowking|0 fnt
|faint|p1a: Slowking
|
|upkeep
|-message|jaekuzu forfeited.
|
|win|CynthiaBlueheart
|raw|jaekuzu's rating: 1247 &rarr; <strong>1229</strong><br />(-18 for losing)
|raw|CynthiaBlueheart's rating: 1353 &rarr; <strong>1367</strong><br />(+14 for winning)
|l|☆jaekuzu
|l|☆CynthiaBlueheart
|j|☆CynthiaBlueheart
|player|p2|CynthiaBlueheart|clair
