|j|☆S3tanta7
|j|☆pif
|t:|1648674487
|gametype|singles
|player|p1|S3tanta7|bugsy|1267
|player|p2|pif|#uutrio2ladder|1591
|teamsize|p1|6
|teamsize|p2|6
|gen|8
|tier|[Gen 8] UU
|rated|
|rule|Sleep Clause Mod: Limit one foe put to sleep
|rule|Species Clause: Limit one of each Pokémon
|rule|OHKO Clause: OHKO moves are banned
|rule|Evasion Moves Clause: Evasion moves are banned
|rule|Endless Battle Clause: Forcing endless battles is banned
|rule|HP Percentage Mod: HP is shown in percentages
|rule|Dynamax Clause: You cannot dynamax
|clearpoke
|poke|p1|Moltres|
|poke|p1|Tapu Bulu|
|poke|p1|Rotom-Wash|
|poke|p1|Nihilego|
|poke|p1|Mandibuzz, F|
|poke|p1|Nidoking, M|
|poke|p2|Amoonguss, F|
|poke|p2|Necrozma|
|poke|p2|Togekiss, F|
|poke|p2|Swampert, M|
|poke|p2|Zygarde-10%|
|poke|p2|Crobat, M|
|teampreview
|c|☆S3tanta7|hf
|c|☆pif|same
|
|t:|1648674559
|start
|switch|p1a: Rotom|Rotom-Wash|100/100
|switch|p2a: Swampert|Swampert, M|100/100
|turn|1
|
|t:|1648674580
|switch|p1a: Tapu Bulu|Tapu Bulu|100/100
|-fieldstart|move: Grassy Terrain|[from] ability: Grassy Surge|[of] p1a: Tapu Bulu
|move|p2a: Swampert|Stealth Rock|p1a: Tapu Bulu
|-sidestart|p1: S3tanta7|move: Stealth Rock
|
|upkeep
|turn|2
|j| KironSurvivor9
|
|t:|1648674599
|switch|p2a: shroom of doom|Amoonguss, F|100/100
|move|p1a: Tapu Bulu|Zen Headbutt|p2a: shroom of doom
|-supereffective|p2a: shroom of doom
|-damage|p2a: shroom of doom|43/100
|-damage|p1a: Tapu Bulu|84/100|[from] item: Rocky Helmet|[of] p2a: shroom of doom
|-damage|p1a: Tapu Bulu|74/100|[from] item: Life Orb
|
|-heal|p1a: Tapu Bulu|80/100|[from] Grassy Terrain
|-heal|p2a: shroom of doom|49/100|[from] Grassy Terrain
|upkeep
|turn|3
|
|t:|1648674611
|switch|p2a: dead head|Necrozma|100/100
|move|p1a: Tapu Bulu|Zen Headbutt|p2a: dead head
|-resisted|p2a: dead head
|-damage|p2a: dead head|88/100
|-damage|p1a: Tapu Bulu|70/100|[from] item: Life Orb
|
|-heal|p2a: dead head|94/100|[from] Grassy Terrain
|-heal|p2a: dead head|99/100|[from] item: Leftovers
|-heal|p1a: Tapu Bulu|76/100|[from] Grassy Terrain
|upkeep
|turn|4
|j| esqimo589
|
|t:|1648674644
|move|p2a: dead head|Calm Mind|p2a: dead head
|-boost|p2a: dead head|spa|1
|-boost|p2a: dead head|spd|1
|move|p1a: Tapu Bulu|Horn Leech|p2a: dead head
|-damage|p2a: dead head|56/100
|-heal|p1a: Tapu Bulu|100/100|[from] drain|[of] p2a: dead head
|-damage|p1a: Tapu Bulu|91/100|[from] item: Life Orb
|
|-heal|p2a: dead head|62/100|[from] Grassy Terrain
|-heal|p2a: dead head|68/100|[from] item: Leftovers
|-heal|p1a: Tapu Bulu|97/100|[from] Grassy Terrain
|upkeep
|turn|5
|
|t:|1648674665
|switch|p1a: Moltres|Moltres|100/100
|move|p2a: dead head|Heat Wave|p1a: Moltres
|-resisted|p1a: Moltres
|-damage|p1a: Moltres|79/100
|
|-heal|p2a: dead head|74/100|[from] Grassy Terrain
|-heal|p2a: dead head|81/100|[from] item: Leftovers
|-fieldend|move: Grassy Terrain
|upkeep
|turn|6
|
|t:|1648674679
|move|p1a: Moltres|U-turn|p2a: dead head
|-supereffective|p2a: dead head
|-damage|p2a: dead head|67/100
|l| esqimo589
|
|t:|1648674690
|switch|p1a: Nidoking|Nidoking, M|100/100|[from]move: U-turn
|-damage|p1a: Nidoking|95/100|[from] Stealth Rock
|move|p2a: dead head|Photon Geyser|p1a: Nidoking
|-supereffective|p1a: Nidoking
|-damage|p1a: Nidoking|0 fnt
|faint|p1a: Nidoking
|
|-heal|p2a: dead head|74/100|[from] item: Leftovers
|upkeep
|
|t:|1648674698
|switch|p1a: Mandibuzz|Mandibuzz, F|100/100
|turn|7
|
|t:|1648674704
|move|p2a: dead head|Calm Mind|p2a: dead head
|-boost|p2a: dead head|spa|1
|-boost|p2a: dead head|spd|1
|move|p1a: Mandibuzz|Foul Play|p2a: dead head
|-supereffective|p2a: dead head
|-damage|p2a: dead head|42/100
|
|-heal|p2a: dead head|48/100|[from] item: Leftovers
|upkeep
|turn|8
|
|t:|1648674707
|move|p2a: dead head|Moonlight|p2a: dead head
|-heal|p2a: dead head|98/100
|move|p1a: Mandibuzz|Foul Play|p2a: dead head
|-supereffective|p2a: dead head
|-damage|p2a: dead head|67/100
|
|-heal|p2a: dead head|73/100|[from] item: Leftovers
|upkeep
|turn|9
|
|t:|1648674712
|move|p2a: dead head|Calm Mind|p2a: dead head
|-boost|p2a: dead head|spa|1
|-boost|p2a: dead head|spd|1
|move|p1a: Mandibuzz|Foul Play|p2a: dead head
|-supereffective|p2a: dead head
|-damage|p2a: dead head|40/100
|
|-heal|p2a: dead head|46/100|[from] item: Leftovers
|upkeep
|turn|10
|
|t:|1648674714
|move|p2a: dead head|Moonlight|p2a: dead head
|-heal|p2a: dead head|96/100
|move|p1a: Mandibuzz|Foul Play|p2a: dead head
|-supereffective|p2a: dead head
|-damage|p2a: dead head|66/100
|
|-heal|p2a: dead head|72/100|[from] item: Leftovers
|upkeep
|turn|11
|
|t:|1648674716
|move|p2a: dead head|Calm Mind|p2a: dead head
|-boost|p2a: dead head|spa|1
|-boost|p2a: dead head|spd|1
|move|p1a: Mandibuzz|Foul Play|p2a: dead head
|-supereffective|p2a: dead head
|-damage|p2a: dead head|43/100
|
|-heal|p2a: dead head|49/100|[from] item: Leftovers
|upkeep
|turn|12
|
|t:|1648674719
|move|p2a: dead head|Moonlight|p2a: dead head
|-heal|p2a: dead head|99/100
|move|p1a: Mandibuzz|Foul Play|p2a: dead head
|-supereffective|p2a: dead head
|-damage|p2a: dead head|67/100
|
|-heal|p2a: dead head|74/100|[from] item: Leftovers
|upkeep
|turn|13
|
|t:|1648674729
|move|p2a: dead head|Heat Wave|p1a: Mandibuzz
|-damage|p1a: Mandibuzz|31/100
|move|p1a: Mandibuzz|Foul Play|p2a: dead head
|-supereffective|p2a: dead head
|-damage|p2a: dead head|44/100
|
|-heal|p2a: dead head|50/100|[from] item: Leftovers
|upkeep
|turn|14
|
|t:|1648674733
|move|p2a: dead head|Moonlight|p2a: dead head
|-heal|p2a: dead head|100/100
|move|p1a: Mandibuzz|Foul Play|p2a: dead head
|-supereffective|p2a: dead head
|-damage|p2a: dead head|71/100
|
|-heal|p2a: dead head|78/100|[from] item: Leftovers
|upkeep
|turn|15
|
|t:|1648674736
|move|p2a: dead head|Heat Wave|p1a: Mandibuzz
|-damage|p1a: Mandibuzz|0 fnt
|faint|p1a: Mandibuzz
|
|-heal|p2a: dead head|84/100|[from] item: Leftovers
|upkeep
|-message|S3tanta7 forfeited.
|
|win|pif
|raw|S3tanta7's rating: 1267 &rarr; <strong>1260</strong><br />(-7 for losing)
|raw|pif's rating: 1591 &rarr; <strong>1596</strong><br />(+5 for winning)
|c|☆pif|gg
|c|☆S3tanta7|i need toxic
|c|☆S3tanta7|gg
|c|☆pif|yeah
|c|☆pif|or trick
|c|☆S3tanta7|tru
|l|☆pif
