|j|☆IndeedeIsKing
|j|☆Liz Angeles
|t:|1666119627
|gametype|singles
|player|p1|IndeedeIsKing|doctor-gen8|
|player|p2|Liz Angeles|marley|
|teamsize|p1|6
|teamsize|p2|6
|gen|8
|tier|[Gen 8] UU
|rule|Sleep Clause Mod: Limit one foe put to sleep
|rule|Species Clause: Limit one of each Pokémon
|rule|OHKO Clause: OHKO moves are banned
|rule|Evasion Items Clause: Evasion items are banned
|rule|Evasion Moves Clause: Evasion moves are banned
|rule|Endless Battle Clause: Forcing endless battles is banned
|rule|HP Percentage Mod: HP is shown in percentages
|rule|Dynamax Clause: You cannot dynamax
|clearpoke
|poke|p1|Cofagrigus, F|
|poke|p1|Primarina, M|
|poke|p1|Chansey, F|
|poke|p1|Scizor, M|
|poke|p1|Salamence, M|
|poke|p1|Hippowdon, F|
|poke|p2|Chansey, F|
|poke|p2|Tapu Bulu|
|poke|p2|Tentacruel, M|
|poke|p2|Skarmory, M|
|poke|p2|Hippowdon, F|
|poke|p2|Cofagrigus, M|
|teampreview
|inactive|Battle timer is ON: inactive players will automatically lose when time's up. (requested by IndeedeIsKing)
|c|☆IndeedeIsKing|Glhf
|inactive|IndeedeIsKing has 270 seconds left.
|
|t:|1666119660
|start
|switch|p1a: Hippowdon|Hippowdon, F|100/100
|switch|p2a: Cofagrigus|Cofagrigus, M|100/100
|-weather|Sandstorm|[from] ability: Sand Stream|[of] p1a: Hippowdon
|turn|1
|
|t:|1666119673
|move|p1a: Hippowdon|Toxic|p2a: Cofagrigus
|-status|p2a: Cofagrigus|tox
|move|p2a: Cofagrigus|Will-O-Wisp|p1a: Hippowdon
|-status|p1a: Hippowdon|brn
|
|-weather|Sandstorm|[upkeep]
|-damage|p2a: Cofagrigus|95/100 tox|[from] Sandstorm
|-damage|p2a: Cofagrigus|89/100 tox|[from] psn
|-damage|p1a: Hippowdon|94/100 brn|[from] brn
|upkeep
|turn|2
|
|t:|1666119676
|switch|p1a: Chansey|Chansey, F|100/100
|move|p2a: Cofagrigus|Knock Off|p1a: Chansey
|-damage|p1a: Chansey|93/100
|-enditem|p1a: Chansey|Eviolite|[from] move: Knock Off|[of] p2a: Cofagrigus
|
|-weather|Sandstorm|[upkeep]
|-damage|p1a: Chansey|87/100|[from] Sandstorm
|-damage|p2a: Cofagrigus|83/100 tox|[from] Sandstorm
|-damage|p2a: Cofagrigus|71/100 tox|[from] psn
|upkeep
|turn|3
|
|t:|1666119680
|move|p1a: Chansey|Heal Bell|p1a: Chansey
|-activate|p1a: Chansey|move: Heal Bell
|-curestatus|p1: Hippowdon|brn|[msg]
|move|p2a: Cofagrigus|Body Press|p1a: Chansey
|-supereffective|p1a: Chansey
|-damage|p1a: Chansey|22/100
|
|-weather|Sandstorm|[upkeep]
|-damage|p1a: Chansey|16/100|[from] Sandstorm
|-damage|p2a: Cofagrigus|65/100 tox|[from] Sandstorm
|-damage|p2a: Cofagrigus|47/100 tox|[from] psn
|upkeep
|turn|4
|c|☆IndeedeIsKing|Oh yeah right
|
|t:|1666119708
|move|p1a: Chansey|Soft-Boiled|p1a: Chansey
|-heal|p1a: Chansey|66/100
|move|p2a: Cofagrigus|Rest|p2a: Cofagrigus
|-status|p2a: Cofagrigus|slp|[from] move: Rest
|-heal|p2a: Cofagrigus|100/100 slp|[silent]
|
|-weather|Sandstorm|[upkeep]
|-damage|p1a: Chansey|59/100|[from] Sandstorm
|-damage|p2a: Cofagrigus|95/100 slp|[from] Sandstorm
|upkeep
|turn|5
|
|t:|1666119712
|switch|p2a: Skarmory|Skarmory, M|100/100
|move|p1a: Chansey|Soft-Boiled|p1a: Chansey
|-heal|p1a: Chansey|100/100
|
|-weather|none
|upkeep
|turn|6
|
|t:|1666119714
|switch|p1a: Salamence|Salamence, M|100/100
|-ability|p1a: Salamence|Intimidate|boost
|-unboost|p2a: Skarmory|atk|1
|move|p2a: Skarmory|Spikes|p1a: Salamence
|-sidestart|p1: IndeedeIsKing|Spikes
|
|upkeep
|turn|7
|
|t:|1666119727
|switch|p2a: Tentacruel|Tentacruel, M|100/100
|move|p1a: Salamence|Defog|p2a: Tentacruel
|-unboost|p2a: Tentacruel|evasion|1
|-sideend|p1: IndeedeIsKing|Spikes|[from] move: Defog|[of] p1a: Salamence
|
|upkeep
|turn|8
|c|☆IndeedeIsKing|Wait doesn't demon cofag just 6-0 you
|
|t:|1666119746
|switch|p1a: Hippowdon|Hippowdon, F|94/100
|-weather|Sandstorm|[from] ability: Sand Stream|[of] p1a: Hippowdon
|move|p2a: Tentacruel|Sludge Bomb|p1a: Hippowdon
|-resisted|p1a: Hippowdon
|-damage|p1a: Hippowdon|85/100
|-status|p1a: Hippowdon|psn
|
|-weather|Sandstorm|[upkeep]
|-damage|p2a: Tentacruel|94/100|[from] Sandstorm
|-heal|p2a: Tentacruel|100/100|[from] item: Black Sludge
|-heal|p1a: Hippowdon|91/100 psn|[from] item: Leftovers
|-damage|p1a: Hippowdon|78/100 psn|[from] psn
|upkeep
|turn|9
|
|t:|1666119761
|move|p2a: Tentacruel|Scald|p1a: Hippowdon
|-supereffective|p1a: Hippowdon
|-damage|p1a: Hippowdon|42/100 psn
|move|p1a: Hippowdon|Earthquake|p2a: Tentacruel
|-supereffective|p2a: Tentacruel
|-damage|p2a: Tentacruel|19/100
|
|-weather|Sandstorm|[upkeep]
|-damage|p2a: Tentacruel|13/100|[from] Sandstorm
|-heal|p2a: Tentacruel|19/100|[from] item: Black Sludge
|-heal|p1a: Hippowdon|48/100 psn|[from] item: Leftovers
|-damage|p1a: Hippowdon|36/100 psn|[from] psn
|upkeep
|turn|10
|
|t:|1666119781
|switch|p1a: Chansey|Chansey, F|100/100
|move|p2a: Tentacruel|Scald|p1a: Chansey
|-damage|p1a: Chansey|90/100
|
|-weather|Sandstorm|[upkeep]
|-damage|p2a: Tentacruel|13/100|[from] Sandstorm
|-damage|p1a: Chansey|84/100|[from] Sandstorm
|-heal|p2a: Tentacruel|19/100|[from] item: Black Sludge
|upkeep
|turn|11
|
|t:|1666119785
|switch|p2a: Cofagrigus|Cofagrigus, M|95/100 slp
|move|p1a: Chansey|Wish|p1a: Chansey
|
|-weather|Sandstorm|[upkeep]
|-damage|p1a: Chansey|77/100|[from] Sandstorm
|-damage|p2a: Cofagrigus|89/100 slp|[from] Sandstorm
|upkeep
|turn|12
|
|t:|1666119792
|move|p1a: Chansey|Heal Bell|p1a: Chansey
|-activate|p1a: Chansey|move: Heal Bell
|-curestatus|p1: Hippowdon|psn|[msg]
|cant|p2a: Cofagrigus|slp
|
|-weather|none
|-heal|p1a: Chansey|100/100|[from] move: Wish|[wisher] Chansey
|upkeep
|turn|13
|
|t:|1666119796
|switch|p1a: Cofagrigus|Cofagrigus, F|100/100
|cant|p2a: Cofagrigus|slp
|
|upkeep
|turn|14
|
|t:|1666119800
|move|p1a: Cofagrigus|Iron Defense|p1a: Cofagrigus
|-boost|p1a: Cofagrigus|def|2
|-curestatus|p2a: Cofagrigus|slp|[msg]
|move|p2a: Cofagrigus|Knock Off|p1a: Cofagrigus
|-supereffective|p1a: Cofagrigus
|-damage|p1a: Cofagrigus|94/100
|-enditem|p1a: Cofagrigus|Chesto Berry|[from] move: Knock Off|[of] p2a: Cofagrigus
|
|upkeep
|turn|15
|
|t:|1666119803
|switch|p2a: Tapu Bulu|Tapu Bulu|100/100
|-fieldstart|move: Grassy Terrain|[from] ability: Grassy Surge|[of] p2a: Tapu Bulu
|move|p1a: Cofagrigus|Iron Defense|p1a: Cofagrigus
|-boost|p1a: Cofagrigus|def|2
|
|-heal|p1a: Cofagrigus|99/100|[from] Grassy Terrain
|upkeep
|turn|16
|
|t:|1666119811
|switch|p1a: Salamence|Salamence, M|100/100
|-ability|p1a: Salamence|Intimidate|boost
|-unboost|p2a: Tapu Bulu|atk|1
|move|p2a: Tapu Bulu|Bulk Up|p2a: Tapu Bulu
|-boost|p2a: Tapu Bulu|atk|1
|-boost|p2a: Tapu Bulu|def|1
|
|upkeep
|turn|17
|
|t:|1666119818
|switch|p2a: Tentacruel|Tentacruel, M|19/100
|move|p1a: Salamence|Flamethrower|p2a: Tentacruel
|-resisted|p2a: Tentacruel
|-damage|p2a: Tentacruel|11/100
|
|-heal|p2a: Tentacruel|17/100|[from] Grassy Terrain
|-heal|p2a: Tentacruel|23/100|[from] item: Black Sludge
|upkeep
|turn|18
|
|t:|1666119827
|switch|p2a: Skarmory|Skarmory, M|100/100
|move|p1a: Salamence|Dual Wingbeat|p2a: Skarmory
|-resisted|p2a: Skarmory
|-damage|p2a: Skarmory|95/100
|-damage|p1a: Salamence|84/100|[from] item: Rocky Helmet|[of] p2a: Skarmory
|-resisted|p2a: Skarmory
|-damage|p2a: Skarmory|89/100
|-damage|p1a: Salamence|68/100|[from] item: Rocky Helmet|[of] p2a: Skarmory
|-hitcount|p2a: Skarmory|2
|
|upkeep
|turn|19
|
|t:|1666119831
|switch|p2a: Tentacruel|Tentacruel, M|23/100
|move|p1a: Salamence|Dual Wingbeat|p2a: Tentacruel
|-damage|p2a: Tentacruel|2/100
|-damage|p2a: Tentacruel|0 fnt
|faint|p2a: Tentacruel
|-hitcount|p2: Tentacruel|2
|
|-fieldend|move: Grassy Terrain
|upkeep
|c|☆Liz Angeles|who acc plays like this
|c|☆IndeedeIsKing|Me
|c|☆IndeedeIsKing|Also that was obvious
|
|t:|1666119854
|switch|p2a: Hippowdon|Hippowdon, F|100/100
|-weather|Sandstorm|[from] ability: Sand Stream|[of] p2a: Hippowdon
|turn|20
|
|t:|1666119858
|switch|p1a: Primarina|Primarina, M|100/100
|move|p2a: Hippowdon|Stealth Rock|p1a: Primarina
|-sidestart|p1: IndeedeIsKing|move: Stealth Rock
|
|-weather|Sandstorm|[upkeep]
|-damage|p1a: Primarina|95/100|[from] Sandstorm
|upkeep
|turn|21
|
|t:|1666119865
|switch|p1a: Scizor|Scizor, M|100/100
|switch|p2a: Chansey|Chansey, F|100/100
|
|-weather|Sandstorm|[upkeep]
|-damage|p2a: Chansey|94/100|[from] Sandstorm
|upkeep
|turn|22
|
|t:|1666119869
|switch|p2a: Skarmory|Skarmory, M|89/100
|move|p1a: Scizor|Knock Off|p2a: Skarmory
|-damage|p2a: Skarmory|68/100
|-damage|p1a: Scizor|84/100|[from] item: Rocky Helmet|[of] p2a: Skarmory
|-enditem|p2a: Skarmory|Rocky Helmet|[from] move: Knock Off|[of] p1a: Scizor
|
|-weather|Sandstorm|[upkeep]
|upkeep
|turn|23
|
|t:|1666119880
|move|p2a: Skarmory|Roost|p2a: Skarmory
|-heal|p2a: Skarmory|100/100
|-singleturn|p2a: Skarmory|move: Roost
|move|p1a: Scizor|U-turn|p2a: Skarmory
|-resisted|p2a: Skarmory
|-damage|p2a: Skarmory|90/100
|
|t:|1666119882
|switch|p1a: Salamence|Salamence, M|68/100|[from]move: U-turn
|-ability|p1a: Salamence|Intimidate|boost
|-unboost|p2a: Skarmory|atk|1
|
|-weather|Sandstorm|[upkeep]
|-damage|p1a: Salamence|61/100|[from] Sandstorm
|upkeep
|turn|24
|
|t:|1666119887
|switch|p2a: Chansey|Chansey, F|94/100
|move|p1a: Salamence|Defog|p2a: Chansey
|-unboost|p2a: Chansey|evasion|1
|-sideend|p1: IndeedeIsKing|Stealth Rock|[from] move: Defog|[of] p1a: Salamence
|
|-weather|none
|upkeep
|turn|25
|
|t:|1666119894
|switch|p1a: Scizor|Scizor, M|84/100
|switch|p2a: Cofagrigus|Cofagrigus, M|89/100
|
|upkeep
|turn|26
|
|t:|1666119904
|move|p1a: Scizor|U-turn|p2a: Cofagrigus
|-resisted|p2a: Cofagrigus
|-damage|p2a: Cofagrigus|78/100
|-activate|p2a: Cofagrigus|ability: Mummy|Technician|[of] p1a: Scizor
|
|t:|1666119906
|switch|p1a: Primarina|Primarina, M|95/100|[from]move: U-turn
|move|p2a: Cofagrigus|Will-O-Wisp|p1a: Primarina
|-status|p1a: Primarina|brn
|
|-damage|p1a: Primarina|89/100 brn|[from] brn
|upkeep
|turn|27
|
|t:|1666119916
|switch|p1a: Hippowdon|Hippowdon, F|36/100
|-weather|Sandstorm|[from] ability: Sand Stream|[of] p1a: Hippowdon
|switch|p2a: Chansey|Chansey, F|94/100
|
|-weather|Sandstorm|[upkeep]
|-damage|p2a: Chansey|88/100|[from] Sandstorm
|-heal|p1a: Hippowdon|42/100|[from] item: Leftovers
|upkeep
|turn|28
|
|t:|1666119918
|move|p2a: Chansey|Toxic|p1a: Hippowdon
|-status|p1a: Hippowdon|tox
|move|p1a: Hippowdon|Stealth Rock|p2a: Chansey
|-sidestart|p2: Liz Angeles|move: Stealth Rock
|
|-weather|Sandstorm|[upkeep]
|-damage|p2a: Chansey|82/100|[from] Sandstorm
|-heal|p1a: Hippowdon|48/100 tox|[from] item: Leftovers
|-damage|p1a: Hippowdon|42/100 tox|[from] psn
|upkeep
|turn|29
|
|t:|1666119922
|move|p2a: Chansey|Seismic Toss|p1a: Hippowdon
|-damage|p1a: Hippowdon|18/100 tox
|move|p1a: Hippowdon|Slack Off|p1a: Hippowdon
|-heal|p1a: Hippowdon|68/100 tox
|
|-weather|Sandstorm|[upkeep]
|-damage|p2a: Chansey|76/100|[from] Sandstorm
|-heal|p1a: Hippowdon|75/100 tox|[from] item: Leftovers
|-damage|p1a: Hippowdon|62/100 tox|[from] psn
|upkeep
|turn|30
|
|t:|1666119931
|switch|p2a: Hippowdon|Hippowdon, F|100/100
|-damage|p2a: Hippowdon|94/100|[from] Stealth Rock
|switch|p1a: Chansey|Chansey, F|100/100
|
|-weather|Sandstorm|[upkeep]
|-damage|p1a: Chansey|94/100|[from] Sandstorm
|-heal|p2a: Hippowdon|100/100|[from] item: Leftovers
|upkeep
|turn|31
|
|t:|1666119936
|move|p1a: Chansey|Heal Bell|p1a: Chansey
|-activate|p1a: Chansey|move: Heal Bell
|-curestatus|p1: Primarina|brn|[msg]
|-curestatus|p1: Hippowdon|tox|[msg]
|move|p2a: Hippowdon|Stealth Rock|p1a: Chansey
|-sidestart|p1: IndeedeIsKing|move: Stealth Rock
|
|-weather|none
|upkeep
|turn|32
|
|t:|1666119942
|move|p1a: Chansey|Wish|p1a: Chansey
|move|p2a: Hippowdon|High Horsepower|p1a: Chansey
|-damage|p1a: Chansey|61/100
|
|upkeep
|turn|33
|
|t:|1666119947
|move|p1a: Chansey|Seismic Toss|p2a: Hippowdon
|-damage|p2a: Hippowdon|77/100
|move|p2a: Hippowdon|Toxic|p1a: Chansey
|-status|p1a: Chansey|tox
|
|-heal|p1a: Chansey|100/100 tox|[from] move: Wish|[wisher] Chansey
|-heal|p2a: Hippowdon|83/100|[from] item: Leftovers
|-damage|p1a: Chansey|94/100 tox|[from] psn
|upkeep
|turn|34
|
|t:|1666119961
|-curestatus|p1a: Chansey|tox|[from] ability: Natural Cure
|switch|p1a: Scizor|Scizor, M|84/100
|move|p2a: Hippowdon|Toxic|p1a: Scizor
|-immune|p1a: Scizor
|
|-heal|p2a: Hippowdon|89/100|[from] item: Leftovers
|upkeep
|turn|35
|
|t:|1666119967
|switch|p2a: Skarmory|Skarmory, M|90/100
|-damage|p2a: Skarmory|78/100|[from] Stealth Rock
|move|p1a: Scizor|Knock Off|p2a: Skarmory
|-damage|p2a: Skarmory|64/100
|
|upkeep
|turn|36
|
|t:|1666119970
|move|p2a: Skarmory|Roost|p2a: Skarmory
|-heal|p2a: Skarmory|100/100
|-singleturn|p2a: Skarmory|move: Roost
|move|p1a: Scizor|U-turn|p2a: Skarmory
|-resisted|p2a: Skarmory
|-damage|p2a: Skarmory|90/100
|
|t:|1666119971
|switch|p1a: Salamence|Salamence, M|61/100|[from]move: U-turn
|-ability|p1a: Salamence|Intimidate|boost
|-unboost|p2a: Skarmory|atk|1
|
|upkeep
|turn|37
|
|t:|1666119978
|switch|p1a: Scizor|Scizor, M|84/100
|switch|p2a: Chansey|Chansey, F|76/100
|-damage|p2a: Chansey|64/100|[from] Stealth Rock
|
|upkeep
|turn|38
|
|t:|1666119984
|switch|p2a: Skarmory|Skarmory, M|90/100
|-damage|p2a: Skarmory|78/100|[from] Stealth Rock
|move|p1a: Scizor|U-turn|p2a: Skarmory
|-resisted|p2a: Skarmory
|-damage|p2a: Skarmory|73/100
|
|t:|1666119986
|switch|p1a: Salamence|Salamence, M|61/100|[from]move: U-turn
|-ability|p1a: Salamence|Intimidate|boost
|-unboost|p2a: Skarmory|atk|1
|
|upkeep
|turn|39
|
|t:|1666119988
|switch|p1a: Scizor|Scizor, M|84/100
|switch|p2a: Chansey|Chansey, F|64/100
|-damage|p2a: Chansey|51/100|[from] Stealth Rock
|
|upkeep
|turn|40
|
|t:|1666119991
|switch|p2a: Skarmory|Skarmory, M|73/100
|-damage|p2a: Skarmory|60/100|[from] Stealth Rock
|move|p1a: Scizor|U-turn|p2a: Skarmory
|-resisted|p2a: Skarmory
|-damage|p2a: Skarmory|55/100
|
|t:|1666119994
|switch|p1a: Salamence|Salamence, M|61/100|[from]move: U-turn
|-ability|p1a: Salamence|Intimidate|boost
|-unboost|p2a: Skarmory|atk|1
|
|upkeep
|turn|41
|
|t:|1666119997
|switch|p1a: Scizor|Scizor, M|84/100
|switch|p2a: Cofagrigus|Cofagrigus, M|78/100
|-damage|p2a: Cofagrigus|65/100|[from] Stealth Rock
|
|upkeep
|turn|42
|
|t:|1666120004
|move|p1a: Scizor|Knock Off|p2a: Cofagrigus
|-supereffective|p2a: Cofagrigus
|-enditem|p2a: Cofagrigus|Colbur Berry|[eat]
|-enditem|p2a: Cofagrigus|Colbur Berry|[weaken]
|-damage|p2a: Cofagrigus|48/100
|-activate|p2a: Cofagrigus|ability: Mummy|Technician|[of] p1a: Scizor
|move|p2a: Cofagrigus|Will-O-Wisp|p1a: Scizor
|-status|p1a: Scizor|brn
|
|-damage|p1a: Scizor|78/100 brn|[from] brn
|upkeep
|turn|43
|
|t:|1666120014
|move|p1a: Scizor|U-turn|p2a: Cofagrigus
|-resisted|p2a: Cofagrigus
|-damage|p2a: Cofagrigus|43/100
|
|t:|1666120016
|switch|p1a: Primarina|Primarina, M|89/100|[from]move: U-turn
|-damage|p1a: Primarina|76/100|[from] Stealth Rock
|move|p2a: Cofagrigus|Knock Off|p1a: Primarina
|-resisted|p1a: Primarina
|-damage|p1a: Primarina|68/100
|-enditem|p1a: Primarina|Choice Specs|[from] move: Knock Off|[of] p2a: Cofagrigus
|
|upkeep
|turn|44
|
|t:|1666120023
|switch|p2a: Chansey|Chansey, F|51/100
|-damage|p2a: Chansey|39/100|[from] Stealth Rock
|move|p1a: Primarina|Moonblast|p2a: Chansey
|-damage|p2a: Chansey|21/100
|
|upkeep
|turn|45
|
|t:|1666120029
|move|p1a: Primarina|Hydro Pump|p2a: Chansey
|-damage|p2a: Chansey|1/100
|move|p2a: Chansey|Soft-Boiled|p2a: Chansey
|-heal|p2a: Chansey|51/100
|
|upkeep
|turn|46
|c|☆IndeedeIsKing|That was so sad
|
|t:|1666120042
|switch|p1a: Chansey|Chansey, F|94/100
|-damage|p1a: Chansey|82/100|[from] Stealth Rock
|move|p2a: Chansey|Soft-Boiled|p2a: Chansey
|-heal|p2a: Chansey|100/100
|
|upkeep
|turn|47
|
|t:|1666120046
|switch|p2a: Cofagrigus|Cofagrigus, M|43/100
|-damage|p2a: Cofagrigus|30/100|[from] Stealth Rock
|move|p1a: Chansey|Heal Bell|p1a: Chansey
|-activate|p1a: Chansey|move: Heal Bell
|-curestatus|p1: Scizor|brn|[msg]
|
|upkeep
|turn|48
|
|t:|1666120051
|switch|p1a: Primarina|Primarina, M|68/100
|-damage|p1a: Primarina|56/100|[from] Stealth Rock
|move|p2a: Cofagrigus|Rest|p2a: Cofagrigus
|-status|p2a: Cofagrigus|slp|[from] move: Rest
|-heal|p2a: Cofagrigus|100/100 slp|[silent]
|
|upkeep
|turn|49
|
|t:|1666120059
|switch|p1a: Hippowdon|Hippowdon, F|62/100
|-damage|p1a: Hippowdon|56/100|[from] Stealth Rock
|-weather|Sandstorm|[from] ability: Sand Stream|[of] p1a: Hippowdon
|switch|p2a: Chansey|Chansey, F|100/100
|-damage|p2a: Chansey|88/100|[from] Stealth Rock
|
|-weather|Sandstorm|[upkeep]
|-damage|p2a: Chansey|82/100|[from] Sandstorm
|-heal|p1a: Hippowdon|62/100|[from] item: Leftovers
|upkeep
|turn|50
|
|t:|1666120064
|switch|p2a: Skarmory|Skarmory, M|55/100
|-damage|p2a: Skarmory|42/100|[from] Stealth Rock
|switch|p1a: Scizor|Scizor, M|78/100
|
|-weather|Sandstorm|[upkeep]
|upkeep
|turn|51
|
|t:|1666120068
|move|p2a: Skarmory|Roost|p2a: Skarmory
|-heal|p2a: Skarmory|92/100
|-singleturn|p2a: Skarmory|move: Roost
|move|p1a: Scizor|U-turn|p2a: Skarmory
|-resisted|p2a: Skarmory
|-damage|p2a: Skarmory|82/100
|
|t:|1666120074
|switch|p1a: Cofagrigus|Cofagrigus, F|99/100|[from]move: U-turn
|-damage|p1a: Cofagrigus|87/100|[from] Stealth Rock
|
|-weather|Sandstorm|[upkeep]
|-damage|p1a: Cofagrigus|81/100|[from] Sandstorm
|upkeep
|turn|52
|
|t:|1666120079
|move|p2a: Skarmory|Spikes|p1a: Cofagrigus
|-sidestart|p1: IndeedeIsKing|Spikes
|move|p1a: Cofagrigus|Shadow Ball|p2a: Skarmory
|-damage|p2a: Skarmory|46/100
|
|-weather|Sandstorm|[upkeep]
|-damage|p1a: Cofagrigus|75/100|[from] Sandstorm
|upkeep
|turn|53
|
|t:|1666120088
|move|p2a: Skarmory|Roost|p2a: Skarmory
|-heal|p2a: Skarmory|96/100
|-singleturn|p2a: Skarmory|move: Roost
|move|p1a: Cofagrigus|Iron Defense|p1a: Cofagrigus
|-boost|p1a: Cofagrigus|def|2
|
|-weather|none
|upkeep
|turn|54
|
|t:|1666120091
|switch|p2a: Tapu Bulu|Tapu Bulu|100/100
|-damage|p2a: Tapu Bulu|88/100|[from] Stealth Rock
|-fieldstart|move: Grassy Terrain|[from] ability: Grassy Surge|[of] p2a: Tapu Bulu
|move|p1a: Cofagrigus|Shadow Ball|p2a: Tapu Bulu
|-damage|p2a: Tapu Bulu|62/100
|
|-heal|p2a: Tapu Bulu|68/100|[from] Grassy Terrain
|-heal|p2a: Tapu Bulu|74/100|[from] item: Leftovers
|-heal|p1a: Cofagrigus|81/100|[from] Grassy Terrain
|upkeep
|turn|55
|
|t:|1666120099
|switch|p1a: Salamence|Salamence, M|61/100
|-ability|p1a: Salamence|Intimidate|boost
|-unboost|p2a: Tapu Bulu|atk|1
|move|p2a: Tapu Bulu|Darkest Lariat|p1a: Salamence
|-damage|p1a: Salamence|49/100
|
|-heal|p2a: Tapu Bulu|80/100|[from] Grassy Terrain
|-heal|p2a: Tapu Bulu|87/100|[from] item: Leftovers
|upkeep
|turn|56
|
|t:|1666120107
|switch|p2a: Chansey|Chansey, F|82/100
|-damage|p2a: Chansey|70/100|[from] Stealth Rock
|move|p1a: Salamence|Roost|p1a: Salamence
|-heal|p1a: Salamence|99/100
|-singleturn|p1a: Salamence|move: Roost
|
|-heal|p1a: Salamence|100/100|[from] Grassy Terrain
|-heal|p2a: Chansey|76/100|[from] Grassy Terrain
|upkeep
|turn|57
|
|t:|1666120111
|move|p1a: Salamence|Defog|p2a: Chansey
|-unboost|p2a: Chansey|evasion|1
|-sideend|p2: Liz Angeles|Stealth Rock|[from] move: Defog|[of] p1a: Salamence
|-sideend|p1: IndeedeIsKing|Spikes|[from] move: Defog|[of] p1a: Salamence
|-sideend|p1: IndeedeIsKing|Stealth Rock|[from] move: Defog|[of] p1a: Salamence
|-fieldend|move: Grassy Terrain
|move|p2a: Chansey|Toxic|p1a: Salamence
|-status|p1a: Salamence|tox
|
|-damage|p1a: Salamence|94/100 tox|[from] psn
|upkeep
|turn|58
|
|t:|1666120118
|switch|p1a: Scizor|Scizor, M|78/100
|move|p2a: Chansey|Soft-Boiled|p2a: Chansey
|-heal|p2a: Chansey|100/100
|
|upkeep
|turn|59
|
|t:|1666120130
|switch|p2a: Skarmory|Skarmory, M|96/100
|move|p1a: Scizor|U-turn|p2a: Skarmory
|-resisted|p2a: Skarmory
|-damage|p2a: Skarmory|91/100
|
|t:|1666120133
|switch|p1a: Primarina|Primarina, M|56/100|[from]move: U-turn
|
|upkeep
|turn|60
|
|t:|1666120141
|switch|p1a: Cofagrigus|Cofagrigus, F|81/100
|move|p2a: Skarmory|Spikes|p1a: Cofagrigus
|-sidestart|p1: IndeedeIsKing|Spikes
|
|upkeep
|turn|61
|
|t:|1666120147
|switch|p2a: Tapu Bulu|Tapu Bulu|87/100
|-fieldstart|move: Grassy Terrain|[from] ability: Grassy Surge|[of] p2a: Tapu Bulu
|move|p1a: Cofagrigus|Shadow Ball|p2a: Tapu Bulu
|-damage|p2a: Tapu Bulu|58/100
|-unboost|p2a: Tapu Bulu|spd|1
|
|-heal|p2a: Tapu Bulu|64/100|[from] Grassy Terrain
|-heal|p2a: Tapu Bulu|70/100|[from] item: Leftovers
|-heal|p1a: Cofagrigus|87/100|[from] Grassy Terrain
|upkeep
|turn|62
|
|t:|1666120156
|switch|p2a: Chansey|Chansey, F|100/100
|move|p1a: Cofagrigus|Shadow Ball|p2a: Chansey
|-immune|p2a: Chansey
|
|-heal|p1a: Cofagrigus|94/100|[from] Grassy Terrain
|upkeep
|turn|63
|
|t:|1666120160
|switch|p2a: Tapu Bulu|Tapu Bulu|70/100
|move|p1a: Cofagrigus|Iron Defense|p1a: Cofagrigus
|-boost|p1a: Cofagrigus|def|2
|
|-heal|p2a: Tapu Bulu|76/100|[from] Grassy Terrain
|-heal|p2a: Tapu Bulu|82/100|[from] item: Leftovers
|-heal|p1a: Cofagrigus|99/100|[from] Grassy Terrain
|upkeep
|turn|64
|
|t:|1666120169
|switch|p1a: Salamence|Salamence, M|94/100 tox
|-ability|p1a: Salamence|Intimidate|boost
|-unboost|p2a: Tapu Bulu|atk|1
|move|p2a: Tapu Bulu|Bulk Up|p2a: Tapu Bulu
|-boost|p2a: Tapu Bulu|atk|1
|-boost|p2a: Tapu Bulu|def|1
|
|-heal|p2a: Tapu Bulu|88/100|[from] Grassy Terrain
|-heal|p2a: Tapu Bulu|94/100|[from] item: Leftovers
|-damage|p1a: Salamence|88/100 tox|[from] psn
|upkeep
|turn|65
|
|t:|1666120171
|move|p1a: Salamence|Flamethrower|p2a: Tapu Bulu
|-supereffective|p2a: Tapu Bulu
|-damage|p2a: Tapu Bulu|49/100
|move|p2a: Tapu Bulu|Bulk Up|p2a: Tapu Bulu
|-boost|p2a: Tapu Bulu|atk|1
|-boost|p2a: Tapu Bulu|def|1
|
|-heal|p2a: Tapu Bulu|56/100|[from] Grassy Terrain
|-heal|p2a: Tapu Bulu|62/100|[from] item: Leftovers
|-damage|p1a: Salamence|76/100 tox|[from] psn
|-fieldend|move: Grassy Terrain
|upkeep
|turn|66
|
|t:|1666120178
|move|p1a: Salamence|Flamethrower|p2a: Tapu Bulu
|-supereffective|p2a: Tapu Bulu
|-damage|p2a: Tapu Bulu|23/100
|move|p2a: Tapu Bulu|Synthesis|p2a: Tapu Bulu
|-heal|p2a: Tapu Bulu|73/100
|
|-heal|p2a: Tapu Bulu|79/100|[from] item: Leftovers
|-damage|p1a: Salamence|58/100 tox|[from] psn
|upkeep
|turn|67
|
|t:|1666120188
|switch|p1a: Chansey|Chansey, F|82/100
|-damage|p1a: Chansey|69/100|[from] Spikes
|move|p2a: Tapu Bulu|Synthesis|p2a: Tapu Bulu
|-heal|p2a: Tapu Bulu|100/100
|
|upkeep
|turn|68
|
|t:|1666120190
|move|p2a: Tapu Bulu|Horn Leech|p1a: Chansey
|-damage|p1a: Chansey|21/100
|move|p1a: Chansey|Heal Bell|p1a: Chansey
|-activate|p1a: Chansey|move: Heal Bell
|-curestatus|p1: Salamence|tox|[msg]
|
|upkeep
|turn|69
|
|t:|1666120194
|switch|p1a: Salamence|Salamence, M|58/100
|-ability|p1a: Salamence|Intimidate|boost
|-unboost|p2a: Tapu Bulu|atk|1
|move|p2a: Tapu Bulu|Darkest Lariat|p1a: Salamence
|-damage|p1a: Salamence|40/100
|
|upkeep
|turn|70
|
|t:|1666120199
|switch|p2a: Chansey|Chansey, F|100/100
|move|p1a: Salamence|Roost|p1a: Salamence
|-heal|p1a: Salamence|90/100
|-singleturn|p1a: Salamence|move: Roost
|
|upkeep
|turn|71
|
|t:|1666120206
|switch|p1a: Scizor|Scizor, M|78/100
|move|p2a: Chansey|Toxic|p1a: Scizor
|-immune|p1a: Scizor
|
|upkeep
|turn|72
|
|t:|1666120210
|switch|p2a: Skarmory|Skarmory, M|91/100
|move|p1a: Scizor|U-turn|p2a: Skarmory
|-resisted|p2a: Skarmory
|-damage|p2a: Skarmory|85/100
|
|t:|1666120216
|switch|p1a: Salamence|Salamence, M|90/100|[from]move: U-turn
|-ability|p1a: Salamence|Intimidate|boost
|-unboost|p2a: Skarmory|atk|1
|
|upkeep
|turn|73
|
|t:|1666120221
|switch|p1a: Scizor|Scizor, M|78/100
|switch|p2a: Chansey|Chansey, F|100/100
|
|upkeep
|turn|74
|
|t:|1666120226
|switch|p2a: Skarmory|Skarmory, M|85/100
|move|p1a: Scizor|U-turn|p2a: Skarmory
|-resisted|p2a: Skarmory
|-damage|p2a: Skarmory|80/100
|
|t:|1666120228
|switch|p1a: Salamence|Salamence, M|90/100|[from]move: U-turn
|-ability|p1a: Salamence|Intimidate|boost
|-unboost|p2a: Skarmory|atk|1
|
|upkeep
|turn|75
|
|t:|1666120233
|switch|p1a: Chansey|Chansey, F|21/100
|-damage|p1a: Chansey|9/100|[from] Spikes
|switch|p2a: Hippowdon|Hippowdon, F|89/100
|-weather|Sandstorm|[from] ability: Sand Stream|[of] p2a: Hippowdon
|
|-weather|Sandstorm|[upkeep]
|-damage|p1a: Chansey|3/100|[from] Sandstorm
|-heal|p2a: Hippowdon|95/100|[from] item: Leftovers
|upkeep
|turn|76
|
|t:|1666120239
|move|p1a: Chansey|Soft-Boiled|p1a: Chansey
|-heal|p1a: Chansey|53/100
|move|p2a: Hippowdon|Stealth Rock|p1a: Chansey
|-sidestart|p1: IndeedeIsKing|move: Stealth Rock
|
|-weather|Sandstorm|[upkeep]
|-damage|p1a: Chansey|46/100|[from] Sandstorm
|-heal|p2a: Hippowdon|100/100|[from] item: Leftovers
|upkeep
|turn|77
|
|t:|1666120242
|move|p1a: Chansey|Soft-Boiled|p1a: Chansey
|-heal|p1a: Chansey|96/100
|move|p2a: Hippowdon|Toxic|p1a: Chansey
|-status|p1a: Chansey|tox
|
|-weather|Sandstorm|[upkeep]
|-damage|p1a: Chansey|90/100 tox|[from] Sandstorm
|-damage|p1a: Chansey|84/100 tox|[from] psn
|upkeep
|turn|78
|
|t:|1666120249
|-curestatus|p1a: Chansey|tox|[from] ability: Natural Cure
|switch|p1a: Cofagrigus|Cofagrigus, F|99/100
|-damage|p1a: Cofagrigus|87/100|[from] Spikes
|-damage|p1a: Cofagrigus|75/100|[from] Stealth Rock
|move|p2a: Hippowdon|High Horsepower|p1a: Cofagrigus
|-damage|p1a: Cofagrigus|53/100
|-activate|p1a: Cofagrigus|ability: Mummy|Sand Stream|[of] p2a: Hippowdon
|
|-weather|Sandstorm|[upkeep]
|-damage|p1a: Cofagrigus|47/100|[from] Sandstorm
|upkeep
|turn|79
|
|t:|1666120255
|switch|p2a: Tapu Bulu|Tapu Bulu|100/100
|-fieldstart|move: Grassy Terrain|[from] ability: Grassy Surge|[of] p2a: Tapu Bulu
|move|p1a: Cofagrigus|Rest|p1a: Cofagrigus
|-status|p1a: Cofagrigus|slp|[from] move: Rest
|-heal|p1a: Cofagrigus|100/100 slp|[silent]
|
|-weather|none
|upkeep
|turn|80
|
|t:|1666120270
|switch|p2a: Chansey|Chansey, F|100/100
|switch|p1a: Salamence|Salamence, M|90/100
|-ability|p1a: Salamence|Intimidate|boost
|-unboost|p2a: Chansey|atk|1
|
|upkeep
|turn|81
|
|t:|1666120278
|move|p1a: Salamence|Defog|p2a: Chansey
|-unboost|p2a: Chansey|evasion|1
|-sideend|p1: IndeedeIsKing|Spikes|[from] move: Defog|[of] p1a: Salamence
|-sideend|p1: IndeedeIsKing|Stealth Rock|[from] move: Defog|[of] p1a: Salamence
|-fieldend|move: Grassy Terrain
|move|p2a: Chansey|Toxic|p1a: Salamence
|-status|p1a: Salamence|tox
|
|-damage|p1a: Salamence|84/100 tox|[from] psn
|upkeep
|turn|82
|
|t:|1666120290
|switch|p1a: Chansey|Chansey, F|84/100
|switch|p2a: Skarmory|Skarmory, M|80/100
|
|upkeep
|turn|83
|
|t:|1666120302
|move|p2a: Skarmory|Spikes|p1a: Chansey
|-sidestart|p1: IndeedeIsKing|Spikes
|move|p1a: Chansey|Heal Bell|p1a: Chansey
|-activate|p1a: Chansey|move: Heal Bell
|-curestatus|p1: Salamence|tox|[msg]
|-curestatus|p1: Cofagrigus|slp|[msg]
|
|upkeep
|turn|84
|
|t:|1666120308
|switch|p2a: Hippowdon|Hippowdon, F|100/100
|-weather|Sandstorm|[from] ability: Sand Stream|[of] p2a: Hippowdon
|switch|p1a: Salamence|Salamence, M|84/100
|-ability|p1a: Salamence|Intimidate|boost
|-unboost|p2a: Hippowdon|atk|1
|
|-weather|Sandstorm|[upkeep]
|-damage|p1a: Salamence|78/100|[from] Sandstorm
|upkeep
|turn|85
|
|t:|1666120315
|switch|p1a: Scizor|Scizor, M|78/100
|move|p2a: Hippowdon|Stealth Rock|p1a: Scizor
|-sidestart|p1: IndeedeIsKing|move: Stealth Rock
|
|-weather|Sandstorm|[upkeep]
|upkeep
|turn|86
|
|t:|1666120323
|move|p1a: Scizor|U-turn|p2a: Hippowdon
|-damage|p2a: Hippowdon|80/100
|
|t:|1666120327
|switch|p1a: Cofagrigus|Cofagrigus, F|100/100|[from]move: U-turn
|-damage|p1a: Cofagrigus|88/100|[from] Spikes
|-damage|p1a: Cofagrigus|75/100|[from] Stealth Rock
|move|p2a: Hippowdon|Toxic|p1a: Cofagrigus
|-status|p1a: Cofagrigus|tox
|
|-weather|Sandstorm|[upkeep]
|-damage|p1a: Cofagrigus|69/100 tox|[from] Sandstorm
|-heal|p2a: Hippowdon|86/100|[from] item: Leftovers
|-damage|p1a: Cofagrigus|63/100 tox|[from] psn
|upkeep
|turn|87
|
|t:|1666120335
|switch|p2a: Tapu Bulu|Tapu Bulu|100/100
|-fieldstart|move: Grassy Terrain|[from] ability: Grassy Surge|[of] p2a: Tapu Bulu
|move|p1a: Cofagrigus|Rest|p1a: Cofagrigus
|-status|p1a: Cofagrigus|slp|[from] move: Rest
|-heal|p1a: Cofagrigus|100/100 slp|[silent]
|
|-weather|Sandstorm|[upkeep]
|-damage|p2a: Tapu Bulu|94/100|[from] Sandstorm
|-damage|p1a: Cofagrigus|94/100 slp|[from] Sandstorm
|-heal|p2a: Tapu Bulu|100/100|[from] Grassy Terrain
|-heal|p1a: Cofagrigus|100/100 slp|[from] Grassy Terrain
|upkeep
|turn|88
|
|t:|1666120344
|switch|p2a: Hippowdon|Hippowdon, F|86/100
|switch|p1a: Salamence|Salamence, M|78/100
|-ability|p1a: Salamence|Intimidate|boost
|-unboost|p2a: Hippowdon|atk|1
|
|-weather|none
|-heal|p2a: Hippowdon|92/100|[from] Grassy Terrain
|-heal|p2a: Hippowdon|98/100|[from] item: Leftovers
|upkeep
|turn|89
|
|t:|1666120347
|switch|p1a: Cofagrigus|Cofagrigus, F|100/100 slp
|-damage|p1a: Cofagrigus|88/100 slp|[from] Spikes
|-damage|p1a: Cofagrigus|75/100 slp|[from] Stealth Rock
|move|p2a: Hippowdon|Toxic||[still]
|-fail|p2a: Hippowdon
|
|-heal|p2a: Hippowdon|100/100|[from] Grassy Terrain
|-heal|p1a: Cofagrigus|82/100 slp|[from] Grassy Terrain
|upkeep
|turn|90
|
|t:|1666120357
|switch|p2a: Cofagrigus|Cofagrigus, M|100/100 slp
|cant|p1a: Cofagrigus|slp
|
|-heal|p1a: Cofagrigus|88/100 slp|[from] Grassy Terrain
|upkeep
|turn|91
|
|t:|1666120361
|cant|p1a: Cofagrigus|slp
|cant|p2a: Cofagrigus|slp
|
|-heal|p1a: Cofagrigus|94/100 slp|[from] Grassy Terrain
|-fieldend|move: Grassy Terrain
|upkeep
|turn|92
|
|t:|1666120364
|switch|p2a: Tapu Bulu|Tapu Bulu|100/100
|-fieldstart|move: Grassy Terrain|[from] ability: Grassy Surge|[of] p2a: Tapu Bulu
|-curestatus|p1a: Cofagrigus|slp|[msg]
|move|p1a: Cofagrigus|Iron Defense|p1a: Cofagrigus
|-boost|p1a: Cofagrigus|def|2
|
|-heal|p1a: Cofagrigus|100/100|[from] Grassy Terrain
|upkeep
|turn|93
|
|t:|1666120368
|switch|p1a: Salamence|Salamence, M|78/100
|-ability|p1a: Salamence|Intimidate|boost
|-unboost|p2a: Tapu Bulu|atk|1
|move|p2a: Tapu Bulu|Bulk Up|p2a: Tapu Bulu
|-boost|p2a: Tapu Bulu|atk|1
|-boost|p2a: Tapu Bulu|def|1
|
|upkeep
|turn|94
|
|t:|1666120370
|move|p1a: Salamence|Defog|p2a: Tapu Bulu
|-unboost|p2a: Tapu Bulu|evasion|1
|-sideend|p1: IndeedeIsKing|Spikes|[from] move: Defog|[of] p1a: Salamence
|-sideend|p1: IndeedeIsKing|Stealth Rock|[from] move: Defog|[of] p1a: Salamence
|-fieldend|move: Grassy Terrain
|move|p2a: Tapu Bulu|Bulk Up|p2a: Tapu Bulu
|-boost|p2a: Tapu Bulu|atk|1
|-boost|p2a: Tapu Bulu|def|1
|
|upkeep
|turn|95
|
|t:|1666120372
|move|p1a: Salamence|Flamethrower|p2a: Tapu Bulu
|-supereffective|p2a: Tapu Bulu
|-damage|p2a: Tapu Bulu|56/100
|move|p2a: Tapu Bulu|Darkest Lariat|p1a: Salamence
|-damage|p1a: Salamence|49/100
|
|-heal|p2a: Tapu Bulu|62/100|[from] item: Leftovers
|upkeep
|turn|96
|
|t:|1666120379
|move|p1a: Salamence|Flamethrower|p2a: Tapu Bulu
|-supereffective|p2a: Tapu Bulu
|-damage|p2a: Tapu Bulu|22/100
|move|p2a: Tapu Bulu|Synthesis|p2a: Tapu Bulu
|-heal|p2a: Tapu Bulu|72/100
|
|-heal|p2a: Tapu Bulu|78/100|[from] item: Leftovers
|upkeep
|turn|97
|
|t:|1666120384
|switch|p2a: Chansey|Chansey, F|100/100
|move|p1a: Salamence|Flamethrower|p2a: Chansey
|-damage|p2a: Chansey|94/100
|
|upkeep
|turn|98
|
|t:|1666120393
|switch|p1a: Scizor|Scizor, M|78/100
|switch|p2a: Skarmory|Skarmory, M|80/100
|
|upkeep
|turn|99
|
|t:|1666120396
|move|p2a: Skarmory|Spikes|p1a: Scizor
|-sidestart|p1: IndeedeIsKing|Spikes
|move|p1a: Scizor|U-turn|p2a: Skarmory
|-resisted|p2a: Skarmory
|-damage|p2a: Skarmory|75/100
|
|t:|1666120399
|switch|p1a: Salamence|Salamence, M|49/100|[from]move: U-turn
|-ability|p1a: Salamence|Intimidate|boost
|-unboost|p2a: Skarmory|atk|1
|
|upkeep
|turn|100
|
|t:|1666120405
|switch|p2a: Hippowdon|Hippowdon, F|100/100
|-weather|Sandstorm|[from] ability: Sand Stream|[of] p2a: Hippowdon
|move|p1a: Salamence|Defog|p2a: Hippowdon
|-unboost|p2a: Hippowdon|evasion|1
|-sideend|p1: IndeedeIsKing|Spikes|[from] move: Defog|[of] p1a: Salamence
|
|-weather|Sandstorm|[upkeep]
|-damage|p1a: Salamence|43/100|[from] Sandstorm
|upkeep
|turn|101
|
|t:|1666120418
|switch|p1a: Primarina|Primarina, M|56/100
|move|p2a: Hippowdon|Toxic|p1a: Primarina
|-status|p1a: Primarina|tox
|
|-weather|Sandstorm|[upkeep]
|-damage|p1a: Primarina|50/100 tox|[from] Sandstorm
|-damage|p1a: Primarina|44/100 tox|[from] psn
|upkeep
|turn|102
|
|t:|1666120425
|switch|p1a: Chansey|Chansey, F|84/100
|switch|p2a: Chansey|Chansey, F|94/100
|
|-weather|Sandstorm|[upkeep]
|-damage|p2a: Chansey|88/100|[from] Sandstorm
|-damage|p1a: Chansey|78/100|[from] Sandstorm
|upkeep
|turn|103
|
|t:|1666120429
|switch|p2a: Cofagrigus|Cofagrigus, M|100/100 slp
|move|p1a: Chansey|Wish|p1a: Chansey
|
|-weather|Sandstorm|[upkeep]
|-damage|p1a: Chansey|71/100|[from] Sandstorm
|-damage|p2a: Cofagrigus|95/100 slp|[from] Sandstorm
|upkeep
|turn|104
|
|t:|1666120439
|switch|p1a: Salamence|Salamence, M|43/100
|-ability|p1a: Salamence|Intimidate|boost
|-unboost|p2a: Cofagrigus|atk|1
|cant|p2a: Cofagrigus|slp
|
|-weather|none
|-heal|p1a: Salamence|100/100|[from] move: Wish|[wisher] Chansey
|upkeep
|turn|105
|
|t:|1666120444
|switch|p1a: Cofagrigus|Cofagrigus, F|100/100
|-curestatus|p2a: Cofagrigus|slp|[msg]
|move|p2a: Cofagrigus|Knock Off|p1a: Cofagrigus
|-supereffective|p1a: Cofagrigus
|-damage|p1a: Cofagrigus|94/100
|
|upkeep
|turn|106
|
|t:|1666120456
|move|p1a: Cofagrigus|Shadow Ball|p2a: Cofagrigus
|-supereffective|p2a: Cofagrigus
|-damage|p2a: Cofagrigus|42/100
|move|p2a: Cofagrigus|Will-O-Wisp|p1a: Cofagrigus
|-status|p1a: Cofagrigus|brn
|
|-damage|p1a: Cofagrigus|87/100 brn|[from] brn
|upkeep
|turn|107
|
|t:|1666120465
|switch|p2a: Chansey|Chansey, F|88/100
|move|p1a: Cofagrigus|Shadow Ball|p2a: Chansey
|-immune|p2a: Chansey
|
|-damage|p1a: Cofagrigus|81/100 brn|[from] brn
|upkeep
|turn|108
|
|t:|1666120469
|move|p2a: Chansey|Wish|p2a: Chansey
|move|p1a: Cofagrigus|Rest|p1a: Cofagrigus
|-status|p1a: Cofagrigus|slp|[from] move: Rest
|-heal|p1a: Cofagrigus|100/100 slp|[silent]
|
|upkeep
|turn|109
|
|t:|1666120476
|switch|p2a: Cofagrigus|Cofagrigus, M|42/100
|switch|p1a: Hippowdon|Hippowdon, F|62/100
|-weather|Sandstorm|[from] ability: Sand Stream|[of] p1a: Hippowdon
|
|-weather|Sandstorm|[upkeep]
|-damage|p2a: Cofagrigus|36/100|[from] Sandstorm
|-heal|p2a: Cofagrigus|100/100|[from] move: Wish|[wisher] Chansey
|-heal|p1a: Hippowdon|68/100|[from] item: Leftovers
|upkeep
|turn|110
|
|t:|1666120484
|move|p1a: Hippowdon|Stealth Rock|p2a: Cofagrigus
|-sidestart|p2: Liz Angeles|move: Stealth Rock
|move|p2a: Cofagrigus|Knock Off|p1a: Hippowdon
|-damage|p1a: Hippowdon|60/100
|-enditem|p1a: Hippowdon|Leftovers|[from] move: Knock Off|[of] p2a: Cofagrigus
|
|-weather|Sandstorm|[upkeep]
|-damage|p2a: Cofagrigus|95/100|[from] Sandstorm
|upkeep
|turn|111
|
|t:|1666120506
|switch|p1a: Salamence|Salamence, M|100/100
|-ability|p1a: Salamence|Intimidate|boost
|-unboost|p2a: Cofagrigus|atk|1
|switch|p2a: Skarmory|Skarmory, M|75/100
|-damage|p2a: Skarmory|63/100|[from] Stealth Rock
|
|-weather|Sandstorm|[upkeep]
|-damage|p1a: Salamence|94/100|[from] Sandstorm
|upkeep
|turn|112
|
|t:|1666120514
|switch|p2a: Hippowdon|Hippowdon, F|100/100
|-damage|p2a: Hippowdon|94/100|[from] Stealth Rock
|move|p1a: Salamence|Flamethrower|p2a: Hippowdon
|-damage|p2a: Hippowdon|76/100
|
|-weather|Sandstorm|[upkeep]
|-damage|p1a: Salamence|88/100|[from] Sandstorm
|-heal|p2a: Hippowdon|83/100|[from] item: Leftovers
|upkeep
|turn|113
|
|t:|1666120520
|switch|p1a: Cofagrigus|Cofagrigus, F|100/100 slp
|move|p2a: Hippowdon|Stealth Rock|p1a: Cofagrigus
|-sidestart|p1: IndeedeIsKing|move: Stealth Rock
|
|-weather|none
|-heal|p2a: Hippowdon|89/100|[from] item: Leftovers
|upkeep
|turn|114
|
|t:|1666120533
|switch|p2a: Tapu Bulu|Tapu Bulu|78/100
|-damage|p2a: Tapu Bulu|66/100|[from] Stealth Rock
|-fieldstart|move: Grassy Terrain|[from] ability: Grassy Surge|[of] p2a: Tapu Bulu
|cant|p1a: Cofagrigus|slp
|
|-heal|p2a: Tapu Bulu|72/100|[from] Grassy Terrain
|-heal|p2a: Tapu Bulu|78/100|[from] item: Leftovers
|upkeep
|turn|115
|
|t:|1666120541
|switch|p2a: Cofagrigus|Cofagrigus, M|95/100
|-damage|p2a: Cofagrigus|82/100|[from] Stealth Rock
|switch|p1a: Salamence|Salamence, M|88/100
|-ability|p1a: Salamence|Intimidate|boost
|-unboost|p2a: Cofagrigus|atk|1
|
|-heal|p2a: Cofagrigus|88/100|[from] Grassy Terrain
|upkeep
|turn|116
|
|t:|1666120554
|switch|p1a: Cofagrigus|Cofagrigus, F|100/100 slp
|-damage|p1a: Cofagrigus|88/100 slp|[from] Stealth Rock
|move|p2a: Cofagrigus|Knock Off|p1a: Cofagrigus
|-supereffective|p1a: Cofagrigus
|-damage|p1a: Cofagrigus|82/100 slp
|
|-heal|p1a: Cofagrigus|88/100 slp|[from] Grassy Terrain
|-heal|p2a: Cofagrigus|94/100|[from] Grassy Terrain
|upkeep
|turn|117
|
|t:|1666120557
|switch|p2a: Skarmory|Skarmory, M|63/100
|-damage|p2a: Skarmory|51/100|[from] Stealth Rock
|cant|p1a: Cofagrigus|slp
|
|-heal|p1a: Cofagrigus|94/100 slp|[from] Grassy Terrain
|upkeep
|turn|118
|
|t:|1666120560
|move|p2a: Skarmory|Roost|p2a: Skarmory
|-heal|p2a: Skarmory|100/100
|-singleturn|p2a: Skarmory|move: Roost
|-curestatus|p1a: Cofagrigus|slp|[msg]
|move|p1a: Cofagrigus|Iron Defense|p1a: Cofagrigus
|-boost|p1a: Cofagrigus|def|2
|
|-heal|p1a: Cofagrigus|100/100|[from] Grassy Terrain
|-fieldend|move: Grassy Terrain
|upkeep
|turn|119
|
|t:|1666120563
|switch|p2a: Tapu Bulu|Tapu Bulu|78/100
|-damage|p2a: Tapu Bulu|66/100|[from] Stealth Rock
|-fieldstart|move: Grassy Terrain|[from] ability: Grassy Surge|[of] p2a: Tapu Bulu
|move|p1a: Cofagrigus|Iron Defense|p1a: Cofagrigus
|-boost|p1a: Cofagrigus|def|2
|
|-heal|p2a: Tapu Bulu|72/100|[from] Grassy Terrain
|-heal|p2a: Tapu Bulu|78/100|[from] item: Leftovers
|upkeep
|turn|120
|
|t:|1666120567
|move|p2a: Tapu Bulu|Bulk Up|p2a: Tapu Bulu
|-boost|p2a: Tapu Bulu|atk|1
|-boost|p2a: Tapu Bulu|def|1
|move|p1a: Cofagrigus|Body Press|p2a: Tapu Bulu
|-resisted|p2a: Tapu Bulu
|-damage|p2a: Tapu Bulu|55/100
|
|-heal|p2a: Tapu Bulu|61/100|[from] Grassy Terrain
|-heal|p2a: Tapu Bulu|68/100|[from] item: Leftovers
|upkeep
|turn|121
|
|t:|1666120576
|switch|p1a: Salamence|Salamence, M|88/100
|-ability|p1a: Salamence|Intimidate|boost
|-unboost|p2a: Tapu Bulu|atk|1
|move|p2a: Tapu Bulu|Bulk Up|p2a: Tapu Bulu
|-boost|p2a: Tapu Bulu|atk|1
|-boost|p2a: Tapu Bulu|def|1
|
|-heal|p2a: Tapu Bulu|74/100|[from] Grassy Terrain
|-heal|p2a: Tapu Bulu|80/100|[from] item: Leftovers
|upkeep
|turn|122
|
|t:|1666120579
|move|p1a: Salamence|Flamethrower|p2a: Tapu Bulu
|-supereffective|p2a: Tapu Bulu
|-damage|p2a: Tapu Bulu|37/100
|move|p2a: Tapu Bulu|Bulk Up|p2a: Tapu Bulu
|-boost|p2a: Tapu Bulu|atk|1
|-boost|p2a: Tapu Bulu|def|1
|
|-heal|p2a: Tapu Bulu|43/100|[from] Grassy Terrain
|-heal|p2a: Tapu Bulu|49/100|[from] item: Leftovers
|upkeep
|turn|123
|
|t:|1666120584
|move|p1a: Salamence|Flamethrower|p2a: Tapu Bulu
|-supereffective|p2a: Tapu Bulu
|-damage|p2a: Tapu Bulu|5/100
|move|p2a: Tapu Bulu|Synthesis|p2a: Tapu Bulu
|-heal|p2a: Tapu Bulu|55/100
|
|-heal|p2a: Tapu Bulu|61/100|[from] Grassy Terrain
|-heal|p2a: Tapu Bulu|67/100|[from] item: Leftovers
|-fieldend|move: Grassy Terrain
|upkeep
|turn|124
|
|t:|1666120589
|move|p1a: Salamence|Flamethrower|p2a: Tapu Bulu
|-supereffective|p2a: Tapu Bulu
|-damage|p2a: Tapu Bulu|29/100
|move|p2a: Tapu Bulu|Synthesis|p2a: Tapu Bulu
|-heal|p2a: Tapu Bulu|79/100
|
|-heal|p2a: Tapu Bulu|85/100|[from] item: Leftovers
|upkeep
|turn|125
|
|t:|1666120592
|move|p1a: Salamence|Flamethrower|p2a: Tapu Bulu
|-supereffective|p2a: Tapu Bulu
|-damage|p2a: Tapu Bulu|40/100
|move|p2a: Tapu Bulu|Darkest Lariat|p1a: Salamence
|-damage|p1a: Salamence|47/100
|
|-heal|p2a: Tapu Bulu|46/100|[from] item: Leftovers
|upkeep
|turn|126
|
|t:|1666120602
|switch|p2a: Hippowdon|Hippowdon, F|89/100
|-damage|p2a: Hippowdon|83/100|[from] Stealth Rock
|-weather|Sandstorm|[from] ability: Sand Stream|[of] p2a: Hippowdon
|move|p1a: Salamence|Flamethrower|p2a: Hippowdon
|-damage|p2a: Hippowdon|65/100
|-status|p2a: Hippowdon|brn
|
|-weather|Sandstorm|[upkeep]
|-damage|p1a: Salamence|41/100|[from] Sandstorm
|-heal|p2a: Hippowdon|71/100 brn|[from] item: Leftovers
|-damage|p2a: Hippowdon|65/100 brn|[from] brn
|upkeep
|turn|127
|
|t:|1666120623
|switch|p1a: Scizor|Scizor, M|78/100
|switch|p2a: Chansey|Chansey, F|88/100
|-damage|p2a: Chansey|76/100|[from] Stealth Rock
|
|-weather|Sandstorm|[upkeep]
|-damage|p2a: Chansey|69/100|[from] Sandstorm
|upkeep
|turn|128
|
|t:|1666120629
|switch|p2a: Skarmory|Skarmory, M|100/100
|-damage|p2a: Skarmory|88/100|[from] Stealth Rock
|move|p1a: Scizor|U-turn|p2a: Skarmory
|-resisted|p2a: Skarmory
|-damage|p2a: Skarmory|83/100
|
|t:|1666120631
|switch|p1a: Salamence|Salamence, M|41/100|[from]move: U-turn
|-ability|p1a: Salamence|Intimidate|boost
|-unboost|p2a: Skarmory|atk|1
|
|-weather|Sandstorm|[upkeep]
|-damage|p1a: Salamence|35/100|[from] Sandstorm
|upkeep
|turn|129
|
|t:|1666120635
|move|p1a: Salamence|Roost|p1a: Salamence
|-heal|p1a: Salamence|85/100
|-singleturn|p1a: Salamence|move: Roost
|move|p2a: Skarmory|Spikes|p1a: Salamence
|-sidestart|p1: IndeedeIsKing|Spikes
|
|-weather|Sandstorm|[upkeep]
|-damage|p1a: Salamence|79/100|[from] Sandstorm
|upkeep
|turn|130
|
|t:|1666120640
|switch|p2a: Chansey|Chansey, F|69/100
|-damage|p2a: Chansey|57/100|[from] Stealth Rock
|move|p1a: Salamence|Defog|p2a: Chansey
|-unboost|p2a: Chansey|evasion|1
|-sideend|p2: Liz Angeles|Stealth Rock|[from] move: Defog|[of] p1a: Salamence
|-sideend|p1: IndeedeIsKing|Spikes|[from] move: Defog|[of] p1a: Salamence
|-sideend|p1: IndeedeIsKing|Stealth Rock|[from] move: Defog|[of] p1a: Salamence
|
|-weather|none
|upkeep
|turn|131
|
|t:|1666120644
|switch|p1a: Scizor|Scizor, M|78/100
|move|p2a: Chansey|Soft-Boiled|p2a: Chansey
|-heal|p2a: Chansey|100/100
|
|upkeep
|turn|132
|
|t:|1666120648
|switch|p2a: Skarmory|Skarmory, M|83/100
|move|p1a: Scizor|U-turn|p2a: Skarmory
|-resisted|p2a: Skarmory
|-damage|p2a: Skarmory|78/100
|
|t:|1666120653
|switch|p1a: Salamence|Salamence, M|79/100|[from]move: U-turn
|-ability|p1a: Salamence|Intimidate|boost
|-unboost|p2a: Skarmory|atk|1
|
|upkeep
|turn|133
|
|t:|1666120656
|switch|p1a: Cofagrigus|Cofagrigus, F|100/100
|switch|p2a: Chansey|Chansey, F|100/100
|
|upkeep
|turn|134
|
|t:|1666120659
|switch|p2a: Tapu Bulu|Tapu Bulu|46/100
|-fieldstart|move: Grassy Terrain|[from] ability: Grassy Surge|[of] p2a: Tapu Bulu
|move|p1a: Cofagrigus|Shadow Ball|p2a: Tapu Bulu
|-damage|p2a: Tapu Bulu|16/100
|
|-heal|p2a: Tapu Bulu|22/100|[from] Grassy Terrain
|-heal|p2a: Tapu Bulu|28/100|[from] item: Leftovers
|upkeep
|turn|135
|
|t:|1666120664
|move|p2a: Tapu Bulu|Horn Leech|p1a: Cofagrigus
|-damage|p1a: Cofagrigus|74/100
|-heal|p2a: Tapu Bulu|41/100|[from] drain|[of] p1a: Cofagrigus
|-activate|p1a: Cofagrigus|ability: Mummy|Grassy Surge|[of] p2a: Tapu Bulu
|move|p1a: Cofagrigus|Shadow Ball|p2a: Tapu Bulu
|-damage|p2a: Tapu Bulu|11/100
|-unboost|p2a: Tapu Bulu|spd|1
|
|-heal|p2a: Tapu Bulu|17/100|[from] Grassy Terrain
|-heal|p2a: Tapu Bulu|23/100|[from] item: Leftovers
|-heal|p1a: Cofagrigus|80/100|[from] Grassy Terrain
|upkeep
|turn|136
|
|t:|1666120675
|move|p2a: Tapu Bulu|Synthesis|p2a: Tapu Bulu
|-heal|p2a: Tapu Bulu|73/100
|move|p1a: Cofagrigus|Iron Defense|p1a: Cofagrigus
|-boost|p1a: Cofagrigus|def|2
|
|-heal|p2a: Tapu Bulu|79/100|[from] Grassy Terrain
|-heal|p2a: Tapu Bulu|85/100|[from] item: Leftovers
|-heal|p1a: Cofagrigus|86/100|[from] Grassy Terrain
|upkeep
|turn|137
|
|t:|1666120684
|switch|p2a: Skarmory|Skarmory, M|78/100
|move|p1a: Cofagrigus|Shadow Ball|p2a: Skarmory
|-damage|p2a: Skarmory|41/100
|
|-heal|p1a: Cofagrigus|93/100|[from] Grassy Terrain
|upkeep
|turn|138
|
|t:|1666120688
|move|p2a: Skarmory|Roost|p2a: Skarmory
|-heal|p2a: Skarmory|91/100
|-singleturn|p2a: Skarmory|move: Roost
|move|p1a: Cofagrigus|Shadow Ball|p2a: Skarmory
|-crit|p2a: Skarmory
|-damage|p2a: Skarmory|29/100
|
|-heal|p2a: Skarmory|36/100|[from] Grassy Terrain
|-heal|p1a: Cofagrigus|99/100|[from] Grassy Terrain
|-fieldend|move: Grassy Terrain
|upkeep
|turn|139
|
|t:|1666120692
|switch|p2a: Tapu Bulu|Tapu Bulu|85/100
|-fieldstart|move: Grassy Terrain|[from] ability: Grassy Surge|[of] p2a: Tapu Bulu
|move|p1a: Cofagrigus|Iron Defense|p1a: Cofagrigus
|-boost|p1a: Cofagrigus|def|2
|
|-heal|p2a: Tapu Bulu|91/100|[from] Grassy Terrain
|-heal|p2a: Tapu Bulu|98/100|[from] item: Leftovers
|-heal|p1a: Cofagrigus|100/100|[from] Grassy Terrain
|upkeep
|turn|140
|
|t:|1666120699
|switch|p1a: Salamence|Salamence, M|79/100
|-ability|p1a: Salamence|Intimidate|boost
|-unboost|p2a: Tapu Bulu|atk|1
|move|p2a: Tapu Bulu|Bulk Up|p2a: Tapu Bulu
|-boost|p2a: Tapu Bulu|atk|1
|-boost|p2a: Tapu Bulu|def|1
|
|-heal|p2a: Tapu Bulu|100/100|[from] Grassy Terrain
|upkeep
|turn|141
|
|t:|1666120705
|switch|p2a: Chansey|Chansey, F|100/100
|move|p1a: Salamence|Flamethrower|p2a: Chansey
|-damage|p2a: Chansey|94/100
|
|-heal|p2a: Chansey|99/100|[from] Grassy Terrain
|upkeep
|turn|142
|
|t:|1666120708
|switch|p1a: Cofagrigus|Cofagrigus, F|100/100
|move|p2a: Chansey|Wish|p2a: Chansey
|
|-heal|p2a: Chansey|100/100|[from] Grassy Terrain
|upkeep
|turn|143
|
|t:|1666120718
|move|p2a: Chansey|Toxic|p1a: Cofagrigus
|-status|p1a: Cofagrigus|tox
|move|p1a: Cofagrigus|Shadow Ball|p2a: Chansey
|-immune|p2a: Chansey
|
|-damage|p1a: Cofagrigus|94/100 tox|[from] psn
|-fieldend|move: Grassy Terrain
|upkeep
|turn|144
|
|t:|1666120723
|switch|p2a: Tapu Bulu|Tapu Bulu|100/100
|-fieldstart|move: Grassy Terrain|[from] ability: Grassy Surge|[of] p2a: Tapu Bulu
|move|p1a: Cofagrigus|Rest|p1a: Cofagrigus
|-status|p1a: Cofagrigus|slp|[from] move: Rest
|-heal|p1a: Cofagrigus|100/100 slp|[silent]
|
|upkeep
|turn|145
|
|t:|1666120735
|switch|p2a: Hippowdon|Hippowdon, F|65/100 brn
|-weather|Sandstorm|[from] ability: Sand Stream|[of] p2a: Hippowdon
|switch|p1a: Salamence|Salamence, M|79/100
|-ability|p1a: Salamence|Intimidate|boost
|-unboost|p2a: Hippowdon|atk|1
|
|-weather|Sandstorm|[upkeep]
|-damage|p1a: Salamence|73/100|[from] Sandstorm
|-heal|p2a: Hippowdon|71/100 brn|[from] Grassy Terrain
|-heal|p2a: Hippowdon|78/100 brn|[from] item: Leftovers
|-damage|p2a: Hippowdon|71/100 brn|[from] brn
|upkeep
|turn|146
|
|t:|1666120739
|switch|p1a: Hippowdon|Hippowdon, F|60/100
|move|p2a: Hippowdon|Stealth Rock|p1a: Hippowdon
|-sidestart|p1: IndeedeIsKing|move: Stealth Rock
|
|-weather|Sandstorm|[upkeep]
|-heal|p2a: Hippowdon|78/100 brn|[from] Grassy Terrain
|-heal|p1a: Hippowdon|67/100|[from] Grassy Terrain
|-heal|p2a: Hippowdon|84/100 brn|[from] item: Leftovers
|-damage|p2a: Hippowdon|78/100 brn|[from] brn
|upkeep
|turn|147
|
|t:|1666120747
|switch|p1a: Scizor|Scizor, M|78/100
|move|p2a: Hippowdon|Toxic|p1a: Scizor
|-immune|p1a: Scizor
|
|-weather|Sandstorm|[upkeep]
|-heal|p1a: Scizor|84/100|[from] Grassy Terrain
|-heal|p2a: Hippowdon|84/100 brn|[from] Grassy Terrain
|-heal|p2a: Hippowdon|90/100 brn|[from] item: Leftovers
|-damage|p2a: Hippowdon|84/100 brn|[from] brn
|upkeep
|turn|148
|
|t:|1666120749
|switch|p2a: Skarmory|Skarmory, M|36/100
|move|p1a: Scizor|U-turn|p2a: Skarmory
|-resisted|p2a: Skarmory
|-damage|p2a: Skarmory|31/100
|
|t:|1666120754
|switch|p1a: Salamence|Salamence, M|73/100|[from]move: U-turn
|-ability|p1a: Salamence|Intimidate|boost
|-unboost|p2a: Skarmory|atk|1
|
|-weather|Sandstorm|[upkeep]
|-damage|p1a: Salamence|66/100|[from] Sandstorm
|-fieldend|move: Grassy Terrain
|upkeep
|turn|149
|
|t:|1666120765
|switch|p2a: Hippowdon|Hippowdon, F|84/100 brn
|move|p1a: Salamence|Defog|p2a: Hippowdon
|-unboost|p2a: Hippowdon|evasion|1
|-sideend|p1: IndeedeIsKing|Stealth Rock|[from] move: Defog|[of] p1a: Salamence
|
|-weather|none
|-heal|p2a: Hippowdon|90/100 brn|[from] item: Leftovers
|-damage|p2a: Hippowdon|84/100 brn|[from] brn
|upkeep
|turn|150
|
|t:|1666120772
|switch|p1a: Scizor|Scizor, M|84/100
|move|p2a: Hippowdon|Stealth Rock|p1a: Scizor
|-sidestart|p1: IndeedeIsKing|move: Stealth Rock
|
|-heal|p2a: Hippowdon|90/100 brn|[from] item: Leftovers
|-damage|p2a: Hippowdon|84/100 brn|[from] brn
|upkeep
|turn|151
|
|t:|1666120782
|move|p1a: Scizor|Knock Off|p2a: Hippowdon
|-damage|p2a: Hippowdon|65/100 brn
|-enditem|p2a: Hippowdon|Leftovers|[from] move: Knock Off|[of] p1a: Scizor
|move|p2a: Hippowdon|Toxic|p1a: Scizor
|-immune|p1a: Scizor
|
|-damage|p2a: Hippowdon|58/100 brn|[from] brn
|upkeep
|turn|152
|
|t:|1666120790
|move|p1a: Scizor|U-turn|p2a: Hippowdon
|-damage|p2a: Hippowdon|37/100 brn
|
|t:|1666120794
|switch|p1a: Cofagrigus|Cofagrigus, F|100/100 slp|[from]move: U-turn
|-damage|p1a: Cofagrigus|88/100 slp|[from] Stealth Rock
|move|p2a: Hippowdon|Slack Off|p2a: Hippowdon
|-heal|p2a: Hippowdon|87/100 brn
|
|-damage|p2a: Hippowdon|81/100 brn|[from] brn
|upkeep
|turn|153
|
|t:|1666120799
|switch|p2a: Skarmory|Skarmory, M|31/100
|switch|p1a: Salamence|Salamence, M|66/100
|-ability|p1a: Salamence|Intimidate|boost
|-unboost|p2a: Skarmory|atk|1
|
|upkeep
|turn|154
|
|t:|1666120806
|switch|p2a: Chansey|Chansey, F|100/100
|move|p1a: Salamence|Defog|p2a: Chansey
|-unboost|p2a: Chansey|evasion|1
|-sideend|p1: IndeedeIsKing|Stealth Rock|[from] move: Defog|[of] p1a: Salamence
|
|upkeep
|turn|155
|
|t:|1666120813
|switch|p1a: Scizor|Scizor, M|84/100
|move|p2a: Chansey|Wish|p2a: Chansey
|
|upkeep
|turn|156
|
|t:|1666120816
|switch|p2a: Skarmory|Skarmory, M|31/100
|move|p1a: Scizor|U-turn|p2a: Skarmory
|-resisted|p2a: Skarmory
|-damage|p2a: Skarmory|26/100
|
|t:|1666120818
|switch|p1a: Salamence|Salamence, M|66/100|[from]move: U-turn
|-ability|p1a: Salamence|Intimidate|boost
|-unboost|p2a: Skarmory|atk|1
|
|-heal|p2a: Skarmory|100/100|[from] move: Wish|[wisher] Chansey
|upkeep
|turn|157
|
|t:|1666120825
|switch|p1a: Hippowdon|Hippowdon, F|67/100
|-weather|Sandstorm|[from] ability: Sand Stream|[of] p1a: Hippowdon
|switch|p2a: Hippowdon|Hippowdon, F|81/100 brn
|
|-weather|Sandstorm|[upkeep]
|-damage|p2a: Hippowdon|75/100 brn|[from] brn
|upkeep
|turn|158
|
|t:|1666120828
|move|p2a: Hippowdon|Stealth Rock|p1a: Hippowdon
|-sidestart|p1: IndeedeIsKing|move: Stealth Rock
|move|p1a: Hippowdon|Stealth Rock|p2a: Hippowdon
|-sidestart|p2: Liz Angeles|move: Stealth Rock
|
|-weather|Sandstorm|[upkeep]
|-damage|p2a: Hippowdon|68/100 brn|[from] brn
|upkeep
|turn|159
|
|t:|1666120832
|switch|p1a: Scizor|Scizor, M|84/100
|switch|p2a: Skarmory|Skarmory, M|100/100
|-damage|p2a: Skarmory|88/100|[from] Stealth Rock
|
|-weather|Sandstorm|[upkeep]
|upkeep
|turn|160
|
|t:|1666120836
|move|p2a: Skarmory|Spikes|p1a: Scizor
|-sidestart|p1: IndeedeIsKing|Spikes
|move|p1a: Scizor|Knock Off|p2a: Skarmory
|-damage|p2a: Skarmory|75/100
|
|-weather|Sandstorm|[upkeep]
|upkeep
|turn|161
|
|t:|1666120840
|move|p2a: Skarmory|Spikes|p1a: Scizor
|-sidestart|p1: IndeedeIsKing|Spikes
|move|p1a: Scizor|U-turn|p2a: Skarmory
|-resisted|p2a: Skarmory
|-damage|p2a: Skarmory|70/100
|
|t:|1666120842
|switch|p1a: Salamence|Salamence, M|66/100|[from]move: U-turn
|-ability|p1a: Salamence|Intimidate|boost
|-unboost|p2a: Skarmory|atk|1
|
|-weather|none
|upkeep
|turn|162
|
|t:|1666120845
|switch|p2a: Hippowdon|Hippowdon, F|68/100 brn
|-damage|p2a: Hippowdon|62/100 brn|[from] Stealth Rock
|-weather|Sandstorm|[from] ability: Sand Stream|[of] p2a: Hippowdon
|move|p1a: Salamence|Defog|p2a: Hippowdon
|-unboost|p2a: Hippowdon|evasion|1
|-sideend|p2: Liz Angeles|Stealth Rock|[from] move: Defog|[of] p1a: Salamence
|-sideend|p1: IndeedeIsKing|Spikes|[from] move: Defog|[of] p1a: Salamence
|-sideend|p1: IndeedeIsKing|Stealth Rock|[from] move: Defog|[of] p1a: Salamence
|
|-weather|Sandstorm|[upkeep]
|-damage|p1a: Salamence|60/100|[from] Sandstorm
|-damage|p2a: Hippowdon|56/100 brn|[from] brn
|upkeep
|turn|163
|
|t:|1666120849
|switch|p1a: Scizor|Scizor, M|84/100
|move|p2a: Hippowdon|Stealth Rock|p1a: Scizor
|-sidestart|p1: IndeedeIsKing|move: Stealth Rock
|
|-weather|Sandstorm|[upkeep]
|-damage|p2a: Hippowdon|50/100 brn|[from] brn
|upkeep
|turn|164
|
|t:|1666120851
|move|p1a: Scizor|U-turn|p2a: Hippowdon
|-damage|p2a: Hippowdon|30/100 brn
|
|t:|1666120855
|switch|p1a: Cofagrigus|Cofagrigus, F|88/100 slp|[from]move: U-turn
|-damage|p1a: Cofagrigus|75/100 slp|[from] Stealth Rock
|move|p2a: Hippowdon|Slack Off|p2a: Hippowdon
|-heal|p2a: Hippowdon|80/100 brn
|
|-weather|Sandstorm|[upkeep]
|-damage|p1a: Cofagrigus|69/100 slp|[from] Sandstorm
|-damage|p2a: Hippowdon|74/100 brn|[from] brn
|upkeep
|turn|165
|
|t:|1666120863
|switch|p2a: Tapu Bulu|Tapu Bulu|100/100
|-fieldstart|move: Grassy Terrain|[from] ability: Grassy Surge|[of] p2a: Tapu Bulu
|cant|p1a: Cofagrigus|slp
|
|-weather|Sandstorm|[upkeep]
|-damage|p2a: Tapu Bulu|94/100|[from] Sandstorm
|-damage|p1a: Cofagrigus|63/100 slp|[from] Sandstorm
|-heal|p2a: Tapu Bulu|100/100|[from] Grassy Terrain
|-heal|p1a: Cofagrigus|69/100 slp|[from] Grassy Terrain
|upkeep
|turn|166
|
|t:|1666120869
|switch|p1a: Salamence|Salamence, M|60/100
|-ability|p1a: Salamence|Intimidate|boost
|-unboost|p2a: Tapu Bulu|atk|1
|move|p2a: Tapu Bulu|Darkest Lariat|p1a: Salamence
|-damage|p1a: Salamence|47/100
|
|-weather|none
|upkeep
|turn|167
|
|t:|1666120872
|switch|p2a: Hippowdon|Hippowdon, F|74/100 brn
|-weather|Sandstorm|[from] ability: Sand Stream|[of] p2a: Hippowdon
|move|p1a: Salamence|Roost|p1a: Salamence
|-heal|p1a: Salamence|97/100
|-singleturn|p1a: Salamence|move: Roost
|
|-weather|Sandstorm|[upkeep]
|-damage|p1a: Salamence|91/100|[from] Sandstorm
|-heal|p1a: Salamence|97/100|[from] Grassy Terrain
|-heal|p2a: Hippowdon|80/100 brn|[from] Grassy Terrain
|-damage|p2a: Hippowdon|74/100 brn|[from] brn
|upkeep
|turn|168
|
|t:|1666120877
|switch|p1a: Scizor|Scizor, M|84/100
|switch|p2a: Skarmory|Skarmory, M|70/100
|
|-weather|Sandstorm|[upkeep]
|-heal|p1a: Scizor|90/100|[from] Grassy Terrain
|upkeep
|turn|169
|
|t:|1666120884
|switch|p2a: Cofagrigus|Cofagrigus, M|94/100
|move|p1a: Scizor|U-turn|p2a: Cofagrigus
|-resisted|p2a: Cofagrigus
|-damage|p2a: Cofagrigus|85/100
|-activate|p2a: Cofagrigus|ability: Mummy|Technician|[of] p1a: Scizor
|
|t:|1666120890
|switch|p1a: Cofagrigus|Cofagrigus, F|69/100 slp|[from]move: U-turn
|-damage|p1a: Cofagrigus|57/100 slp|[from] Stealth Rock
|
|-weather|Sandstorm|[upkeep]
|-damage|p1a: Cofagrigus|50/100 slp|[from] Sandstorm
|-damage|p2a: Cofagrigus|79/100|[from] Sandstorm
|-heal|p1a: Cofagrigus|57/100 slp|[from] Grassy Terrain
|-heal|p2a: Cofagrigus|85/100|[from] Grassy Terrain
|-fieldend|move: Grassy Terrain
|upkeep
|turn|170
|
|t:|1666120905
|cant|p1a: Cofagrigus|slp
|move|p2a: Cofagrigus|Knock Off|p1a: Cofagrigus
|-supereffective|p1a: Cofagrigus
|-damage|p1a: Cofagrigus|47/100 slp
|
|-weather|Sandstorm|[upkeep]
|-damage|p1a: Cofagrigus|41/100 slp|[from] Sandstorm
|-damage|p2a: Cofagrigus|79/100|[from] Sandstorm
|upkeep
|turn|171
|
|t:|1666120909
|switch|p2a: Tapu Bulu|Tapu Bulu|100/100
|-fieldstart|move: Grassy Terrain|[from] ability: Grassy Surge|[of] p2a: Tapu Bulu
|-curestatus|p1a: Cofagrigus|slp|[msg]
|move|p1a: Cofagrigus|Rest|p1a: Cofagrigus
|-status|p1a: Cofagrigus|slp|[from] move: Rest
|-heal|p1a: Cofagrigus|100/100 slp|[silent]
|
|-weather|none
|upkeep
|turn|172
|
|t:|1666120920
|switch|p2a: Chansey|Chansey, F|100/100
|switch|p1a: Scizor|Scizor, M|90/100
|
|-heal|p1a: Scizor|96/100|[from] Grassy Terrain
|upkeep
|turn|173
|
|t:|1666120924
|switch|p2a: Skarmory|Skarmory, M|70/100
|move|p1a: Scizor|U-turn|p2a: Skarmory
|-resisted|p2a: Skarmory
|-damage|p2a: Skarmory|65/100
|
|t:|1666120928
|switch|p1a: Salamence|Salamence, M|97/100|[from]move: U-turn
|-ability|p1a: Salamence|Intimidate|boost
|-unboost|p2a: Skarmory|atk|1
|
|upkeep
|turn|174
|
|t:|1666120936
|switch|p1a: Cofagrigus|Cofagrigus, F|100/100 slp
|-damage|p1a: Cofagrigus|88/100 slp|[from] Stealth Rock
|switch|p2a: Hippowdon|Hippowdon, F|74/100 brn
|-weather|Sandstorm|[from] ability: Sand Stream|[of] p2a: Hippowdon
|
|-weather|Sandstorm|[upkeep]
|-damage|p1a: Cofagrigus|82/100 slp|[from] Sandstorm
|-heal|p2a: Hippowdon|80/100 brn|[from] Grassy Terrain
|-heal|p1a: Cofagrigus|88/100 slp|[from] Grassy Terrain
|-damage|p2a: Hippowdon|74/100 brn|[from] brn
|upkeep
|turn|175
|
|t:|1666120949
|switch|p2a: Skarmory|Skarmory, M|65/100
|cant|p1a: Cofagrigus|slp
|
|-weather|Sandstorm|[upkeep]
|-damage|p1a: Cofagrigus|82/100 slp|[from] Sandstorm
|-heal|p1a: Cofagrigus|88/100 slp|[from] Grassy Terrain
|-fieldend|move: Grassy Terrain
|upkeep
|turn|176
|
|t:|1666120951
|switch|p1a: Salamence|Salamence, M|97/100
|-ability|p1a: Salamence|Intimidate|boost
|-unboost|p2a: Skarmory|atk|1
|move|p2a: Skarmory|Spikes|p1a: Salamence
|-sidestart|p1: IndeedeIsKing|Spikes
|
|-weather|Sandstorm|[upkeep]
|-damage|p1a: Salamence|91/100|[from] Sandstorm
|upkeep
|turn|177
|
|t:|1666120959
|switch|p2a: Cofagrigus|Cofagrigus, M|79/100
|move|p1a: Salamence|Defog|p2a: Cofagrigus
|-unboost|p2a: Cofagrigus|evasion|1
|-sideend|p1: IndeedeIsKing|Spikes|[from] move: Defog|[of] p1a: Salamence
|-sideend|p1: IndeedeIsKing|Stealth Rock|[from] move: Defog|[of] p1a: Salamence
|
|-weather|Sandstorm|[upkeep]
|-damage|p1a: Salamence|85/100|[from] Sandstorm
|-damage|p2a: Cofagrigus|73/100|[from] Sandstorm
|upkeep
|turn|178
|
|t:|1666120975
|switch|p1a: Cofagrigus|Cofagrigus, F|88/100 slp
|switch|p2a: Hippowdon|Hippowdon, F|74/100 brn
|
|-weather|none
|-damage|p2a: Hippowdon|68/100 brn|[from] brn
|upkeep
|turn|179
|
|t:|1666120980
|move|p2a: Hippowdon|Stealth Rock|p1a: Cofagrigus
|-sidestart|p1: IndeedeIsKing|move: Stealth Rock
|cant|p1a: Cofagrigus|slp
|
|-damage|p2a: Hippowdon|62/100 brn|[from] brn
|upkeep
|turn|180
|
|t:|1666120987
|switch|p2a: Tapu Bulu|Tapu Bulu|100/100
|-fieldstart|move: Grassy Terrain|[from] ability: Grassy Surge|[of] p2a: Tapu Bulu
|-curestatus|p1a: Cofagrigus|slp|[msg]
|move|p1a: Cofagrigus|Shadow Ball|p2a: Tapu Bulu
|-damage|p2a: Tapu Bulu|71/100
|-unboost|p2a: Tapu Bulu|spd|1
|
|-heal|p2a: Tapu Bulu|77/100|[from] Grassy Terrain
|-heal|p2a: Tapu Bulu|84/100|[from] item: Leftovers
|-heal|p1a: Cofagrigus|94/100|[from] Grassy Terrain
|upkeep
|turn|181
|
|t:|1666120993
|switch|p2a: Chansey|Chansey, F|100/100
|move|p1a: Cofagrigus|Shadow Ball|p2a: Chansey
|-immune|p2a: Chansey
|
|-heal|p1a: Cofagrigus|100/100|[from] Grassy Terrain
|upkeep
|turn|182
|
|t:|1666120996
|switch|p2a: Tapu Bulu|Tapu Bulu|84/100
|move|p1a: Cofagrigus|Shadow Ball|p2a: Tapu Bulu
|-damage|p2a: Tapu Bulu|56/100
|
|-heal|p2a: Tapu Bulu|62/100|[from] Grassy Terrain
|-heal|p2a: Tapu Bulu|68/100|[from] item: Leftovers
|upkeep
|turn|183
|
|t:|1666121009
|move|p2a: Tapu Bulu|Bulk Up|p2a: Tapu Bulu
|-boost|p2a: Tapu Bulu|atk|1
|-boost|p2a: Tapu Bulu|def|1
|move|p1a: Cofagrigus|Shadow Ball|p2a: Tapu Bulu
|-damage|p2a: Tapu Bulu|43/100
|
|-heal|p2a: Tapu Bulu|49/100|[from] Grassy Terrain
|-heal|p2a: Tapu Bulu|55/100|[from] item: Leftovers
|upkeep
|turn|184
|
|t:|1666121018
|switch|p2a: Chansey|Chansey, F|100/100
|switch|p1a: Salamence|Salamence, M|85/100
|-ability|p1a: Salamence|Intimidate|boost
|-unboost|p2a: Chansey|atk|1
|
|-fieldend|move: Grassy Terrain
|upkeep
|turn|185
|
|t:|1666121024
|switch|p1a: Cofagrigus|Cofagrigus, F|100/100
|-damage|p1a: Cofagrigus|88/100|[from] Stealth Rock
|switch|p2a: Skarmory|Skarmory, M|65/100
|
|upkeep
|turn|186
|
|t:|1666121030
|switch|p2a: Chansey|Chansey, F|100/100
|move|p1a: Cofagrigus|Iron Defense|p1a: Cofagrigus
|-boost|p1a: Cofagrigus|def|2
|
|upkeep
|turn|187
|
|t:|1666121036
|switch|p2a: Cofagrigus|Cofagrigus, M|73/100
|move|p1a: Cofagrigus|Body Press|p2a: Cofagrigus
|-immune|p2a: Cofagrigus
|
|upkeep
|turn|188
|
|t:|1666121041
|switch|p2a: Tapu Bulu|Tapu Bulu|55/100
|-fieldstart|move: Grassy Terrain|[from] ability: Grassy Surge|[of] p2a: Tapu Bulu
|move|p1a: Cofagrigus|Iron Defense|p1a: Cofagrigus
|-boost|p1a: Cofagrigus|def|2
|
|-heal|p2a: Tapu Bulu|61/100|[from] Grassy Terrain
|-heal|p2a: Tapu Bulu|68/100|[from] item: Leftovers
|-heal|p1a: Cofagrigus|94/100|[from] Grassy Terrain
|upkeep
|turn|189
|
|t:|1666121045
|move|p2a: Tapu Bulu|Bulk Up|p2a: Tapu Bulu
|-boost|p2a: Tapu Bulu|atk|1
|-boost|p2a: Tapu Bulu|def|1
|move|p1a: Cofagrigus|Shadow Ball|p2a: Tapu Bulu
|-damage|p2a: Tapu Bulu|40/100
|
|-heal|p2a: Tapu Bulu|47/100|[from] Grassy Terrain
|-heal|p2a: Tapu Bulu|53/100|[from] item: Leftovers
|-heal|p1a: Cofagrigus|100/100|[from] Grassy Terrain
|upkeep
|turn|190
|
|t:|1666121055
|switch|p1a: Salamence|Salamence, M|85/100
|-ability|p1a: Salamence|Intimidate|boost
|-unboost|p2a: Tapu Bulu|atk|1
|move|p2a: Tapu Bulu|Bulk Up|p2a: Tapu Bulu
|-boost|p2a: Tapu Bulu|atk|1
|-boost|p2a: Tapu Bulu|def|1
|
|-heal|p2a: Tapu Bulu|59/100|[from] Grassy Terrain
|-heal|p2a: Tapu Bulu|65/100|[from] item: Leftovers
|upkeep
|turn|191
|
|t:|1666121061
|move|p1a: Salamence|Flamethrower|p2a: Tapu Bulu
|-supereffective|p2a: Tapu Bulu
|-damage|p2a: Tapu Bulu|24/100
|move|p2a: Tapu Bulu|Darkest Lariat|p1a: Salamence
|-damage|p1a: Salamence|57/100
|
|-heal|p2a: Tapu Bulu|30/100|[from] Grassy Terrain
|-heal|p2a: Tapu Bulu|36/100|[from] item: Leftovers
|upkeep
|turn|192
|
|t:|1666121069
|switch|p2a: Hippowdon|Hippowdon, F|62/100 brn
|-weather|Sandstorm|[from] ability: Sand Stream|[of] p2a: Hippowdon
|move|p1a: Salamence|Flamethrower|p2a: Hippowdon
|-damage|p2a: Hippowdon|46/100 brn
|
|-weather|Sandstorm|[upkeep]
|-damage|p1a: Salamence|51/100|[from] Sandstorm
|-heal|p2a: Hippowdon|52/100 brn|[from] Grassy Terrain
|-damage|p2a: Hippowdon|46/100 brn|[from] brn
|-fieldend|move: Grassy Terrain
|upkeep
|turn|193
|
|t:|1666121074
|switch|p1a: Cofagrigus|Cofagrigus, F|100/100
|-damage|p1a: Cofagrigus|88/100|[from] Stealth Rock
|move|p2a: Hippowdon|Slack Off|p2a: Hippowdon
|-heal|p2a: Hippowdon|96/100 brn
|
|-weather|Sandstorm|[upkeep]
|-damage|p1a: Cofagrigus|82/100|[from] Sandstorm
|-damage|p2a: Hippowdon|90/100 brn|[from] brn
|upkeep
|turn|194
|
|t:|1666121077
|move|p2a: Hippowdon|Toxic|p1a: Cofagrigus
|-status|p1a: Cofagrigus|tox
|move|p1a: Cofagrigus|Iron Defense|p1a: Cofagrigus
|-boost|p1a: Cofagrigus|def|2
|
|-weather|Sandstorm|[upkeep]
|-damage|p1a: Cofagrigus|75/100 tox|[from] Sandstorm
|-damage|p1a: Cofagrigus|69/100 tox|[from] psn
|-damage|p2a: Hippowdon|84/100 brn|[from] brn
|upkeep
|turn|195
|
|t:|1666121090
|move|p2a: Hippowdon|High Horsepower|p1a: Cofagrigus
|-damage|p1a: Cofagrigus|64/100 tox
|-activate|p1a: Cofagrigus|ability: Mummy|Sand Stream|[of] p2a: Hippowdon
|move|p1a: Cofagrigus|Body Press|p2a: Hippowdon
|-damage|p2a: Hippowdon|44/100 brn
|
|-weather|Sandstorm|[upkeep]
|-damage|p1a: Cofagrigus|58/100 tox|[from] Sandstorm
|-damage|p1a: Cofagrigus|45/100 tox|[from] psn
|-damage|p2a: Hippowdon|38/100 brn|[from] brn
|upkeep
|turn|196
|
|t:|1666121098
|move|p2a: Hippowdon|Slack Off|p2a: Hippowdon
|-heal|p2a: Hippowdon|88/100 brn
|move|p1a: Cofagrigus|Rest|p1a: Cofagrigus
|-status|p1a: Cofagrigus|slp|[from] move: Rest
|-heal|p1a: Cofagrigus|100/100 slp|[silent]
|
|-weather|none
|-damage|p2a: Hippowdon|81/100 brn|[from] brn
|upkeep
|turn|197
|
|t:|1666121101
|switch|p2a: Tapu Bulu|Tapu Bulu|36/100
|-fieldstart|move: Grassy Terrain|[from] ability: Grassy Surge|[of] p2a: Tapu Bulu
|cant|p1a: Cofagrigus|slp
|
|-heal|p2a: Tapu Bulu|42/100|[from] Grassy Terrain
|-heal|p2a: Tapu Bulu|49/100|[from] item: Leftovers
|upkeep
|turn|198
|
|t:|1666121111
|switch|p2a: Chansey|Chansey, F|100/100
|switch|p1a: Salamence|Salamence, M|51/100
|-ability|p1a: Salamence|Intimidate|boost
|-unboost|p2a: Chansey|atk|1
|
|upkeep
|turn|199
|
|t:|1666121115
|switch|p1a: Cofagrigus|Cofagrigus, F|100/100 slp
|-damage|p1a: Cofagrigus|88/100 slp|[from] Stealth Rock
|move|p2a: Chansey|Wish|p2a: Chansey
|
|-heal|p1a: Cofagrigus|94/100 slp|[from] Grassy Terrain
|upkeep
|turn|200
|
|t:|1666121117
|switch|p2a: Tapu Bulu|Tapu Bulu|49/100
|cant|p1a: Cofagrigus|slp
|
|-heal|p2a: Tapu Bulu|100/100|[from] move: Wish|[wisher] Chansey
|-heal|p1a: Cofagrigus|100/100 slp|[from] Grassy Terrain
|upkeep
|turn|201
|
|t:|1666121132
|switch|p1a: Salamence|Salamence, M|51/100
|-ability|p1a: Salamence|Intimidate|boost
|-unboost|p2a: Tapu Bulu|atk|1
|move|p2a: Tapu Bulu|Bulk Up|p2a: Tapu Bulu
|-boost|p2a: Tapu Bulu|atk|1
|-boost|p2a: Tapu Bulu|def|1
|
|-fieldend|move: Grassy Terrain
|upkeep
|turn|202
|
|t:|1666121143
|switch|p2a: Chansey|Chansey, F|100/100
|move|p1a: Salamence|Roost|p1a: Salamence
|-heal|p1a: Salamence|100/100
|-singleturn|p1a: Salamence|move: Roost
|
|upkeep
|turn|203
|
|t:|1666121159
|switch|p1a: Chansey|Chansey, F|71/100
|-damage|p1a: Chansey|59/100|[from] Stealth Rock
|switch|p2a: Skarmory|Skarmory, M|65/100
|
|upkeep
|turn|204
|
|t:|1666121164
|switch|p1a: Salamence|Salamence, M|100/100
|-ability|p1a: Salamence|Intimidate|boost
|-unboost|p2a: Skarmory|atk|1
|move|p2a: Skarmory|Spikes|p1a: Salamence
|-sidestart|p1: IndeedeIsKing|Spikes
|
|upkeep
|turn|205
|
|t:|1666121168
|switch|p2a: Hippowdon|Hippowdon, F|81/100 brn
|-weather|Sandstorm|[from] ability: Sand Stream|[of] p2a: Hippowdon
|move|p1a: Salamence|Defog|p2a: Hippowdon
|-unboost|p2a: Hippowdon|evasion|1
|-sideend|p1: IndeedeIsKing|Spikes|[from] move: Defog|[of] p1a: Salamence
|-sideend|p1: IndeedeIsKing|Stealth Rock|[from] move: Defog|[of] p1a: Salamence
|
|-weather|Sandstorm|[upkeep]
|-damage|p1a: Salamence|94/100|[from] Sandstorm
|-damage|p2a: Hippowdon|75/100 brn|[from] brn
|upkeep
|turn|206
|
|t:|1666121173
|switch|p1a: Chansey|Chansey, F|59/100
|move|p2a: Hippowdon|Stealth Rock|p1a: Chansey
|-sidestart|p1: IndeedeIsKing|move: Stealth Rock
|
|-weather|Sandstorm|[upkeep]
|-damage|p1a: Chansey|53/100|[from] Sandstorm
|-damage|p2a: Hippowdon|69/100 brn|[from] brn
|upkeep
|turn|207
|
|t:|1666121176
|switch|p2a: Skarmory|Skarmory, M|65/100
|move|p1a: Chansey|Wish|p1a: Chansey
|
|-weather|Sandstorm|[upkeep]
|-damage|p1a: Chansey|46/100|[from] Sandstorm
|upkeep
|turn|208
|
|t:|1666121180
|switch|p1a: Primarina|Primarina, M|44/100 tox
|-damage|p1a: Primarina|32/100 tox|[from] Stealth Rock
|move|p2a: Skarmory|Spikes|p1a: Primarina
|-sidestart|p1: IndeedeIsKing|Spikes
|
|-weather|Sandstorm|[upkeep]
|-damage|p1a: Primarina|26/100 tox|[from] Sandstorm
|-heal|p1a: Primarina|100/100 tox|[from] move: Wish|[wisher] Chansey
|-damage|p1a: Primarina|95/100 tox|[from] psn
|upkeep
|turn|209
|
|t:|1666121184
|switch|p1a: Salamence|Salamence, M|94/100
|-ability|p1a: Salamence|Intimidate|boost
|-unboost|p2a: Skarmory|atk|1
|switch|p2a: Chansey|Chansey, F|100/100
|
|-weather|none
|upkeep
|turn|210
|
|t:|1666121186
|move|p1a: Salamence|Defog|p2a: Chansey
|-unboost|p2a: Chansey|evasion|1
|-sideend|p1: IndeedeIsKing|Spikes|[from] move: Defog|[of] p1a: Salamence
|-sideend|p1: IndeedeIsKing|Stealth Rock|[from] move: Defog|[of] p1a: Salamence
|move|p2a: Chansey|Toxic|p1a: Salamence
|-status|p1a: Salamence|tox
|
|-damage|p1a: Salamence|88/100 tox|[from] psn
|upkeep
|turn|211
|
|t:|1666121194
|switch|p1a: Scizor|Scizor, M|96/100
|switch|p2a: Skarmory|Skarmory, M|65/100
|
|upkeep
|turn|212
|
|t:|1666121199
|move|p2a: Skarmory|Spikes|p1a: Scizor
|-sidestart|p1: IndeedeIsKing|Spikes
|move|p1a: Scizor|U-turn|p2a: Skarmory
|-resisted|p2a: Skarmory
|-damage|p2a: Skarmory|60/100
|
|t:|1666121200
|switch|p1a: Salamence|Salamence, M|88/100 tox|[from]move: U-turn
|-ability|p1a: Salamence|Intimidate|boost
|-unboost|p2a: Skarmory|atk|1
|
|-damage|p1a: Salamence|82/100 tox|[from] psn
|upkeep
|turn|213
|
|t:|1666121206
|switch|p1a: Chansey|Chansey, F|46/100
|-damage|p1a: Chansey|34/100|[from] Spikes
|switch|p2a: Chansey|Chansey, F|100/100
|
|upkeep
|turn|214
|
|t:|1666121221
|switch|p2a: Skarmory|Skarmory, M|60/100
|move|p1a: Chansey|Heal Bell|p1a: Chansey
|-activate|p1a: Chansey|move: Heal Bell
|-curestatus|p1: Primarina|tox|[msg]
|-curestatus|p1: Salamence|tox|[msg]
|-curestatus|p1: Cofagrigus|slp|[msg]
|
|upkeep
|turn|215
|
|t:|1666121230
|switch|p2a: Hippowdon|Hippowdon, F|69/100 brn
|-weather|Sandstorm|[from] ability: Sand Stream|[of] p2a: Hippowdon
|switch|p1a: Salamence|Salamence, M|82/100
|-ability|p1a: Salamence|Intimidate|boost
|-unboost|p2a: Hippowdon|atk|1
|
|-weather|Sandstorm|[upkeep]
|-damage|p1a: Salamence|76/100|[from] Sandstorm
|-damage|p2a: Hippowdon|63/100 brn|[from] brn
|upkeep
|turn|216
|
|t:|1666121234
|switch|p1a: Scizor|Scizor, M|96/100
|move|p2a: Hippowdon|Stealth Rock|p1a: Scizor
|-sidestart|p1: IndeedeIsKing|move: Stealth Rock
|
|-weather|Sandstorm|[upkeep]
|-damage|p2a: Hippowdon|57/100 brn|[from] brn
|upkeep
|turn|217
|
|t:|1666121238
|switch|p2a: Cofagrigus|Cofagrigus, M|73/100
|move|p1a: Scizor|U-turn|p2a: Cofagrigus
|-resisted|p2a: Cofagrigus
|-damage|p2a: Cofagrigus|64/100
|-activate|p2a: Cofagrigus|ability: Mummy|Technician|[of] p1a: Scizor
|
|t:|1666121241
|switch|p1a: Primarina|Primarina, M|95/100|[from]move: U-turn
|-damage|p1a: Primarina|82/100|[from] Spikes
|-damage|p1a: Primarina|70/100|[from] Stealth Rock
|
|-weather|Sandstorm|[upkeep]
|-damage|p1a: Primarina|64/100|[from] Sandstorm
|-damage|p2a: Cofagrigus|58/100|[from] Sandstorm
|upkeep
|turn|218
|
|t:|1666121247
|switch|p2a: Chansey|Chansey, F|100/100
|move|p1a: Primarina|Moonblast|p2a: Chansey
|-damage|p2a: Chansey|85/100
|
|-weather|Sandstorm|[upkeep]
|-damage|p1a: Primarina|58/100|[from] Sandstorm
|-damage|p2a: Chansey|78/100|[from] Sandstorm
|upkeep
|turn|219
|
|t:|1666121263
|switch|p1a: Scizor|Scizor, M|96/100
|switch|p2a: Tapu Bulu|Tapu Bulu|100/100
|-fieldstart|move: Grassy Terrain|[from] ability: Grassy Surge|[of] p2a: Tapu Bulu
|
|-weather|none
|-heal|p1a: Scizor|100/100|[from] Grassy Terrain
|upkeep
|turn|220
|c|☆IndeedeIsKing|Turn 219
|
|t:|1666121283
|switch|p2a: Skarmory|Skarmory, M|60/100
|move|p1a: Scizor|Knock Off|p2a: Skarmory
|-damage|p2a: Skarmory|46/100
|
|upkeep
|turn|221
|
|t:|1666121287
|move|p2a: Skarmory|Roost|p2a: Skarmory
|-heal|p2a: Skarmory|96/100
|-singleturn|p2a: Skarmory|move: Roost
|move|p1a: Scizor|U-turn|p2a: Skarmory
|-resisted|p2a: Skarmory
|-damage|p2a: Skarmory|85/100
|
|t:|1666121291
|switch|p1a: Salamence|Salamence, M|76/100|[from]move: U-turn
|-ability|p1a: Salamence|Intimidate|boost
|-unboost|p2a: Skarmory|atk|1
|
|-heal|p2a: Skarmory|91/100|[from] Grassy Terrain
|upkeep
|turn|222
|
|t:|1666121298
|switch|p2a: Hippowdon|Hippowdon, F|57/100 brn
|-weather|Sandstorm|[from] ability: Sand Stream|[of] p2a: Hippowdon
|move|p1a: Salamence|Defog|p2a: Hippowdon
|-unboost|p2a: Hippowdon|evasion|1
|-sideend|p1: IndeedeIsKing|Spikes|[from] move: Defog|[of] p1a: Salamence
|-sideend|p1: IndeedeIsKing|Stealth Rock|[from] move: Defog|[of] p1a: Salamence
|-fieldend|move: Grassy Terrain
|
|-weather|Sandstorm|[upkeep]
|-damage|p1a: Salamence|70/100|[from] Sandstorm
|-damage|p2a: Hippowdon|50/100 brn|[from] brn
|upkeep
|turn|223
|
|t:|1666121304
|switch|p1a: Scizor|Scizor, M|100/100
|move|p2a: Hippowdon|Stealth Rock|p1a: Scizor
|-sidestart|p1: IndeedeIsKing|move: Stealth Rock
|
|-weather|Sandstorm|[upkeep]
|-damage|p2a: Hippowdon|44/100 brn|[from] brn
|upkeep
|turn|224
|
|t:|1666121309
|move|p1a: Scizor|Bullet Punch|p2a: Hippowdon
|-damage|p2a: Hippowdon|27/100 brn
|move|p2a: Hippowdon|Slack Off|p2a: Hippowdon
|-heal|p2a: Hippowdon|77/100 brn
|
|-weather|Sandstorm|[upkeep]
|-damage|p2a: Hippowdon|71/100 brn|[from] brn
|upkeep
|turn|225
|
|t:|1666121317
|switch|p2a: Skarmory|Skarmory, M|91/100
|move|p1a: Scizor|U-turn|p2a: Skarmory
|-resisted|p2a: Skarmory
|-damage|p2a: Skarmory|86/100
|
|t:|1666121319
|switch|p1a: Primarina|Primarina, M|58/100|[from]move: U-turn
|-damage|p1a: Primarina|46/100|[from] Stealth Rock
|
|-weather|Sandstorm|[upkeep]
|-damage|p1a: Primarina|40/100|[from] Sandstorm
|upkeep
|turn|226
|
|t:|1666121322
|switch|p2a: Chansey|Chansey, F|78/100
|move|p1a: Primarina|Scald|p2a: Chansey
|-damage|p2a: Chansey|64/100
|
|-weather|none
|upkeep
|turn|227
|
|t:|1666121334
|switch|p1a: Cofagrigus|Cofagrigus, F|100/100
|-damage|p1a: Cofagrigus|88/100|[from] Stealth Rock
|move|p2a: Chansey|Soft-Boiled|p2a: Chansey
|-heal|p2a: Chansey|100/100
|
|upkeep
|turn|228
|
|t:|1666121338
|move|p2a: Chansey|Toxic|p1a: Cofagrigus
|-status|p1a: Cofagrigus|tox
|move|p1a: Cofagrigus|Body Press|p2a: Chansey
|-supereffective|p2a: Chansey
|-damage|p2a: Chansey|57/100
|
|-damage|p1a: Cofagrigus|82/100 tox|[from] psn
|upkeep
|turn|229
|
|t:|1666121346
|switch|p2a: Skarmory|Skarmory, M|86/100
|move|p1a: Cofagrigus|Body Press|p2a: Skarmory
|-damage|p2a: Skarmory|66/100
|
|-damage|p1a: Cofagrigus|69/100 tox|[from] psn
|upkeep
|turn|230
|
|t:|1666121351
|move|p2a: Skarmory|Spikes|p1a: Cofagrigus
|-sidestart|p1: IndeedeIsKing|Spikes
|move|p1a: Cofagrigus|Rest|p1a: Cofagrigus
|-status|p1a: Cofagrigus|slp|[from] move: Rest
|-heal|p1a: Cofagrigus|100/100 slp|[silent]
|
|upkeep
|turn|231
|
|t:|1666121361
|switch|p2a: Chansey|Chansey, F|57/100
|cant|p1a: Cofagrigus|slp
|
|upkeep
|turn|232
|
|t:|1666121363
|move|p2a: Chansey|Wish|p2a: Chansey
|cant|p1a: Cofagrigus|slp
|
|upkeep
|turn|233
|
|t:|1666121369
|switch|p2a: Tapu Bulu|Tapu Bulu|100/100
|-fieldstart|move: Grassy Terrain|[from] ability: Grassy Surge|[of] p2a: Tapu Bulu
|-curestatus|p1a: Cofagrigus|slp|[msg]
|move|p1a: Cofagrigus|Body Press|p2a: Tapu Bulu
|-resisted|p2a: Tapu Bulu
|-damage|p2a: Tapu Bulu|90/100
|
|-heal|p2a: Tapu Bulu|100/100|[from] move: Wish|[wisher] Chansey
|upkeep
|turn|234
|
|t:|1666121373
|switch|p1a: Salamence|Salamence, M|70/100
|-ability|p1a: Salamence|Intimidate|boost
|-unboost|p2a: Tapu Bulu|atk|1
|move|p2a: Tapu Bulu|Bulk Up|p2a: Tapu Bulu
|-boost|p2a: Tapu Bulu|atk|1
|-boost|p2a: Tapu Bulu|def|1
|
|upkeep
|turn|235
|
|t:|1666121379
|switch|p2a: Chansey|Chansey, F|57/100
|move|p1a: Salamence|Defog|p2a: Chansey
|-unboost|p2a: Chansey|evasion|1
|-sideend|p1: IndeedeIsKing|Spikes|[from] move: Defog|[of] p1a: Salamence
|-sideend|p1: IndeedeIsKing|Stealth Rock|[from] move: Defog|[of] p1a: Salamence
|-fieldend|move: Grassy Terrain
|
|upkeep
|turn|236
|
|t:|1666121387
|switch|p1a: Scizor|Scizor, M|100/100
|move|p2a: Chansey|Wish|p2a: Chansey
|
|upkeep
|turn|237
|
|t:|1666121393
|switch|p2a: Cofagrigus|Cofagrigus, M|58/100
|move|p1a: Scizor|U-turn|p2a: Cofagrigus
|-resisted|p2a: Cofagrigus
|-damage|p2a: Cofagrigus|47/100
|-activate|p2a: Cofagrigus|ability: Mummy|Technician|[of] p1a: Scizor
|
|t:|1666121397
|switch|p1a: Hippowdon|Hippowdon, F|67/100|[from]move: U-turn
|-weather|Sandstorm|[from] ability: Sand Stream|[of] p1a: Hippowdon
|
|-weather|Sandstorm|[upkeep]
|-damage|p2a: Cofagrigus|41/100|[from] Sandstorm
|-heal|p2a: Cofagrigus|100/100|[from] move: Wish|[wisher] Chansey
|upkeep
|turn|238
|
|t:|1666121401
|move|p1a: Hippowdon|Stealth Rock|p2a: Cofagrigus
|-sidestart|p2: Liz Angeles|move: Stealth Rock
|move|p2a: Cofagrigus|Will-O-Wisp|p1a: Hippowdon
|-status|p1a: Hippowdon|brn
|
|-weather|Sandstorm|[upkeep]
|-damage|p2a: Cofagrigus|95/100|[from] Sandstorm
|-damage|p1a: Hippowdon|60/100 brn|[from] brn
|upkeep
|turn|239
|
|t:|1666121409
|switch|p1a: Scizor|Scizor, M|100/100
|switch|p2a: Hippowdon|Hippowdon, F|71/100 brn
|-damage|p2a: Hippowdon|65/100 brn|[from] Stealth Rock
|
|-weather|Sandstorm|[upkeep]
|-damage|p2a: Hippowdon|58/100 brn|[from] brn
|upkeep
|turn|240
|
|t:|1666121412
|move|p1a: Scizor|U-turn|p2a: Hippowdon
|-damage|p2a: Hippowdon|37/100 brn
|
|t:|1666121416
|switch|p1a: Salamence|Salamence, M|70/100|[from]move: U-turn
|-ability|p1a: Salamence|Intimidate|boost
|-unboost|p2a: Hippowdon|atk|1
|move|p2a: Hippowdon|Slack Off|p2a: Hippowdon
|-heal|p2a: Hippowdon|87/100 brn
|
|-weather|Sandstorm|[upkeep]
|-damage|p1a: Salamence|64/100|[from] Sandstorm
|-damage|p2a: Hippowdon|81/100 brn|[from] brn
|upkeep
|turn|241
|
|t:|1666121419
|move|p1a: Salamence|Dual Wingbeat|p2a: Hippowdon
|-crit|p2a: Hippowdon
|-damage|p2a: Hippowdon|64/100 brn
|-damage|p2a: Hippowdon|53/100 brn
|-hitcount|p2a: Hippowdon|2
|move|p2a: Hippowdon|Stealth Rock|p1a: Salamence
|-sidestart|p1: IndeedeIsKing|move: Stealth Rock
|
|-weather|none
|-damage|p2a: Hippowdon|47/100 brn|[from] brn
|upkeep
|turn|242
|
|t:|1666121425
|switch|p1a: Cofagrigus|Cofagrigus, F|100/100
|-damage|p1a: Cofagrigus|88/100|[from] Stealth Rock
|move|p2a: Hippowdon|Slack Off|p2a: Hippowdon
|-heal|p2a: Hippowdon|97/100 brn
|
|-damage|p2a: Hippowdon|90/100 brn|[from] brn
|upkeep
|turn|243
|
|t:|1666121431
|switch|p1a: Chansey|Chansey, F|34/100
|-damage|p1a: Chansey|21/100|[from] Stealth Rock
|move|p2a: Hippowdon|Toxic|p1a: Chansey
|-status|p1a: Chansey|tox
|
|-damage|p1a: Chansey|15/100 tox|[from] psn
|-damage|p2a: Hippowdon|84/100 brn|[from] brn
|upkeep
|turn|244
|
|t:|1666121434
|move|p1a: Chansey|Soft-Boiled|p1a: Chansey
|-heal|p1a: Chansey|65/100 tox
|move|p2a: Hippowdon|High Horsepower|p1a: Chansey
|-damage|p1a: Chansey|54/100 tox
|
|-damage|p1a: Chansey|42/100 tox|[from] psn
|-damage|p2a: Hippowdon|78/100 brn|[from] brn
|upkeep
|turn|245
|
|t:|1666121438
|switch|p2a: Skarmory|Skarmory, M|66/100
|-damage|p2a: Skarmory|54/100|[from] Stealth Rock
|move|p1a: Chansey|Soft-Boiled|p1a: Chansey
|-heal|p1a: Chansey|92/100 tox
|
|-damage|p1a: Chansey|73/100 tox|[from] psn
|upkeep
|turn|246
|
|t:|1666121443
|-curestatus|p1a: Chansey|tox|[from] ability: Natural Cure
|switch|p1a: Salamence|Salamence, M|64/100
|-ability|p1a: Salamence|Intimidate|boost
|-unboost|p2a: Skarmory|atk|1
|move|p2a: Skarmory|Roost|p2a: Skarmory
|-heal|p2a: Skarmory|100/100
|-singleturn|p2a: Skarmory|move: Roost
|
|upkeep
|turn|247
|
|t:|1666121454
|switch|p1a: Scizor|Scizor, M|100/100
|switch|p2a: Cofagrigus|Cofagrigus, M|95/100
|-damage|p2a: Cofagrigus|82/100|[from] Stealth Rock
|
|upkeep
|turn|248
|
|t:|1666121461
|move|p1a: Scizor|U-turn|p2a: Cofagrigus
|-resisted|p2a: Cofagrigus
|-damage|p2a: Cofagrigus|73/100
|-activate|p2a: Cofagrigus|ability: Mummy|Technician|[of] p1a: Scizor
|
|t:|1666121462
|switch|p1a: Salamence|Salamence, M|64/100|[from]move: U-turn
|-ability|p1a: Salamence|Intimidate|boost
|-unboost|p2a: Cofagrigus|atk|1
|move|p2a: Cofagrigus|Will-O-Wisp|p1a: Salamence
|-status|p1a: Salamence|brn
|
|-damage|p1a: Salamence|58/100 brn|[from] brn
|upkeep
|turn|249
|c|☆IndeedeIsKing|Yes
|
|t:|1666121471
|move|p1a: Salamence|Roost|p1a: Salamence
|-heal|p1a: Salamence|100/100 brn
|-singleturn|p1a: Salamence|move: Roost
|move|p2a: Cofagrigus|Knock Off|p1a: Salamence
|-damage|p1a: Salamence|94/100 brn
|-enditem|p1a: Salamence|Heavy-Duty Boots|[from] move: Knock Off|[of] p2a: Cofagrigus
|
|-damage|p1a: Salamence|88/100 brn|[from] brn
|upkeep
|turn|250
|c|☆Liz Angeles|yes
|c|☆IndeedeIsKing|Oh no
|
|t:|1666121497
|switch|p1a: Scizor|Scizor, M|100/100
|switch|p2a: Chansey|Chansey, F|57/100
|-damage|p2a: Chansey|44/100|[from] Stealth Rock
|
|upkeep
|turn|251
|
|t:|1666121500
|switch|p2a: Skarmory|Skarmory, M|100/100
|-damage|p2a: Skarmory|88/100|[from] Stealth Rock
|move|p1a: Scizor|Knock Off|p2a: Skarmory
|-damage|p2a: Skarmory|75/100
|
|upkeep
|turn|252
|
|t:|1666121503
|move|p2a: Skarmory|Spikes|p1a: Scizor
|-sidestart|p1: IndeedeIsKing|Spikes
|move|p1a: Scizor|U-turn|p2a: Skarmory
|-resisted|p2a: Skarmory
|-damage|p2a: Skarmory|70/100
|
|t:|1666121504
|switch|p1a: Salamence|Salamence, M|88/100 brn|[from]move: U-turn
|-damage|p1a: Salamence|63/100 brn|[from] Stealth Rock
|-ability|p1a: Salamence|Intimidate|boost
|-unboost|p2a: Skarmory|atk|1
|
|-damage|p1a: Salamence|57/100 brn|[from] brn
|upkeep
|turn|253
|
|t:|1666121511
|switch|p2a: Hippowdon|Hippowdon, F|78/100 brn
|-damage|p2a: Hippowdon|72/100 brn|[from] Stealth Rock
|-weather|Sandstorm|[from] ability: Sand Stream|[of] p2a: Hippowdon
|move|p1a: Salamence|Defog|p2a: Hippowdon
|-unboost|p2a: Hippowdon|evasion|1
|-sideend|p2: Liz Angeles|Stealth Rock|[from] move: Defog|[of] p1a: Salamence
|-sideend|p1: IndeedeIsKing|Spikes|[from] move: Defog|[of] p1a: Salamence
|-sideend|p1: IndeedeIsKing|Stealth Rock|[from] move: Defog|[of] p1a: Salamence
|
|-weather|Sandstorm|[upkeep]
|-damage|p1a: Salamence|51/100 brn|[from] Sandstorm
|-damage|p1a: Salamence|45/100 brn|[from] brn
|-damage|p2a: Hippowdon|66/100 brn|[from] brn
|upkeep
|turn|254
|
|t:|1666121516
|switch|p1a: Cofagrigus|Cofagrigus, F|88/100
|move|p2a: Hippowdon|Stealth Rock|p1a: Cofagrigus
|-sidestart|p1: IndeedeIsKing|move: Stealth Rock
|
|-weather|Sandstorm|[upkeep]
|-damage|p1a: Cofagrigus|82/100|[from] Sandstorm
|-damage|p2a: Hippowdon|60/100 brn|[from] brn
|upkeep
|turn|255
|
|t:|1666121518
|switch|p2a: Tapu Bulu|Tapu Bulu|100/100
|-fieldstart|move: Grassy Terrain|[from] ability: Grassy Surge|[of] p2a: Tapu Bulu
|move|p1a: Cofagrigus|Iron Defense|p1a: Cofagrigus
|-boost|p1a: Cofagrigus|def|2
|
|-weather|Sandstorm|[upkeep]
|-damage|p2a: Tapu Bulu|94/100|[from] Sandstorm
|-damage|p1a: Cofagrigus|75/100|[from] Sandstorm
|-heal|p2a: Tapu Bulu|100/100|[from] Grassy Terrain
|-heal|p1a: Cofagrigus|82/100|[from] Grassy Terrain
|upkeep
|turn|256
|c|☆IndeedeIsKing|Okay you know what I'm going for the crit
|
|t:|1666121531
|move|p2a: Tapu Bulu|Bulk Up|p2a: Tapu Bulu
|-boost|p2a: Tapu Bulu|atk|1
|-boost|p2a: Tapu Bulu|def|1
|move|p1a: Cofagrigus|Iron Defense|p1a: Cofagrigus
|-boost|p1a: Cofagrigus|def|2
|
|-weather|Sandstorm|[upkeep]
|-damage|p2a: Tapu Bulu|94/100|[from] Sandstorm
|-damage|p1a: Cofagrigus|75/100|[from] Sandstorm
|-heal|p2a: Tapu Bulu|100/100|[from] Grassy Terrain
|-heal|p1a: Cofagrigus|82/100|[from] Grassy Terrain
|upkeep
|turn|257
|
|t:|1666121534
|move|p2a: Tapu Bulu|Bulk Up|p2a: Tapu Bulu
|-boost|p2a: Tapu Bulu|atk|1
|-boost|p2a: Tapu Bulu|def|1
|move|p1a: Cofagrigus|Iron Defense|p1a: Cofagrigus
|-boost|p1a: Cofagrigus|def|2
|
|-weather|none
|-heal|p1a: Cofagrigus|88/100|[from] Grassy Terrain
|upkeep
|turn|258
|
|t:|1666121537
|move|p2a: Tapu Bulu|Bulk Up|p2a: Tapu Bulu
|-boost|p2a: Tapu Bulu|atk|1
|-boost|p2a: Tapu Bulu|def|1
|move|p1a: Cofagrigus|Body Press|p2a: Tapu Bulu
|-resisted|p2a: Tapu Bulu
|-damage|p2a: Tapu Bulu|83/100
|
|-heal|p2a: Tapu Bulu|89/100|[from] Grassy Terrain
|-heal|p2a: Tapu Bulu|96/100|[from] item: Leftovers
|-heal|p1a: Cofagrigus|94/100|[from] Grassy Terrain
|upkeep
|turn|259
|
|t:|1666121540
|move|p2a: Tapu Bulu|Darkest Lariat|p1a: Cofagrigus
|-supereffective|p1a: Cofagrigus
|-damage|p1a: Cofagrigus|24/100
|-activate|p1a: Cofagrigus|ability: Mummy|Grassy Surge|[of] p2a: Tapu Bulu
|move|p1a: Cofagrigus|Body Press|p2a: Tapu Bulu
|-resisted|p2a: Tapu Bulu
|-damage|p2a: Tapu Bulu|78/100
|
|-heal|p2a: Tapu Bulu|84/100|[from] Grassy Terrain
|-heal|p2a: Tapu Bulu|90/100|[from] item: Leftovers
|-heal|p1a: Cofagrigus|30/100|[from] Grassy Terrain
|-fieldend|move: Grassy Terrain
|upkeep
|turn|260
|
|t:|1666121556
|move|p2a: Tapu Bulu|Darkest Lariat|p1a: Cofagrigus
|-supereffective|p1a: Cofagrigus
|-damage|p1a: Cofagrigus|0 fnt
|faint|p1a: Cofagrigus
|
|-heal|p2a: Tapu Bulu|96/100|[from] item: Leftovers
|upkeep
|c|☆IndeedeIsKing|GG
|c|☆Liz Angeles|gg
|inactive|IndeedeIsKing has 270 seconds left.
|c|☆IndeedeIsKing|I can't Play this match any longer
|
|t:|1666121578
|switch|p1a: Primarina|Primarina, M|40/100
|-damage|p1a: Primarina|28/100|[from] Stealth Rock
|turn|261
|
|t:|1666121589
|move|p1a: Primarina|Ice Beam|p2a: Tapu Bulu
|-supereffective|p2a: Tapu Bulu
|-damage|p2a: Tapu Bulu|28/100
|move|p2a: Tapu Bulu|Horn Leech|p1a: Primarina
|-supereffective|p1a: Primarina
|-damage|p1a: Primarina|0 fnt
|-heal|p2a: Tapu Bulu|40/100|[from] drain|[of] p1a: Primarina
|faint|p1a: Primarina
|
|-heal|p2a: Tapu Bulu|47/100|[from] item: Leftovers
|upkeep
|
|t:|1666121594
|switch|p1a: Hippowdon|Hippowdon, F|60/100 brn
|-damage|p1a: Hippowdon|54/100 brn|[from] Stealth Rock
|-weather|Sandstorm|[from] ability: Sand Stream|[of] p1a: Hippowdon
|turn|262
|
|t:|1666121597
|move|p2a: Tapu Bulu|Horn Leech|p1a: Hippowdon
|-supereffective|p1a: Hippowdon
|-damage|p1a: Hippowdon|0 fnt
|-heal|p2a: Tapu Bulu|80/100|[from] drain|[of] p1a: Hippowdon
|faint|p1a: Hippowdon
|
|-weather|Sandstorm|[upkeep]
|-damage|p2a: Tapu Bulu|73/100|[from] Sandstorm
|-heal|p2a: Tapu Bulu|80/100|[from] item: Leftovers
|upkeep
|
|t:|1666121602
|switch|p1a: Scizor|Scizor, M|100/100
|turn|263
|
|t:|1666121606
|move|p2a: Tapu Bulu|Darkest Lariat|p1a: Scizor
|-damage|p1a: Scizor|50/100
|move|p1a: Scizor|Knock Off|p2a: Tapu Bulu
|-resisted|p2a: Tapu Bulu
|-damage|p2a: Tapu Bulu|75/100
|-activate|p2a: Tapu Bulu|ability: Mummy|Technician|[of] p1a: Scizor
|-enditem|p2a: Tapu Bulu|Leftovers|[from] move: Knock Off|[of] p1a: Scizor
|
|-weather|Sandstorm|[upkeep]
|-damage|p2a: Tapu Bulu|69/100|[from] Sandstorm
|upkeep
|turn|264
|
|t:|1666121614
|move|p1a: Scizor|Bullet Punch|p2a: Tapu Bulu
|-supereffective|p2a: Tapu Bulu
|-damage|p2a: Tapu Bulu|59/100
|move|p2a: Tapu Bulu|Darkest Lariat|p1a: Scizor
|-damage|p1a: Scizor|0 fnt
|faint|p1a: Scizor
|
|-weather|Sandstorm|[upkeep]
|-damage|p2a: Tapu Bulu|52/100|[from] Sandstorm
|upkeep
|
|t:|1666121618
|switch|p1a: Salamence|Salamence, M|45/100 brn
|-damage|p1a: Salamence|20/100 brn|[from] Stealth Rock
|-ability|p1a: Salamence|Intimidate|boost
|-unboost|p2a: Tapu Bulu|atk|1
|turn|265
|
|t:|1666121620
|move|p1a: Salamence|Flamethrower|p2a: Tapu Bulu
|-supereffective|p2a: Tapu Bulu
|-damage|p2a: Tapu Bulu|7/100
|move|p2a: Tapu Bulu|Darkest Lariat|p1a: Salamence
|-damage|p1a: Salamence|0 fnt
|faint|p1a: Salamence
|
|-weather|Sandstorm|[upkeep]
|-damage|p2a: Tapu Bulu|1/100|[from] Sandstorm
|upkeep
|
|t:|1666121623
|switch|p1a: Chansey|Chansey, F|73/100
|-damage|p1a: Chansey|61/100|[from] Stealth Rock
|turn|266
|
|t:|1666121625
|move|p2a: Tapu Bulu|Horn Leech|p1a: Chansey
|-damage|p1a: Chansey|3/100
|-heal|p2a: Tapu Bulu|61/100|[from] drain|[of] p1a: Chansey
|move|p1a: Chansey|Seismic Toss|p2a: Tapu Bulu
|-damage|p2a: Tapu Bulu|31/100
|-activate|p2a: Tapu Bulu|ability: Mummy|Natural Cure|[of] p1a: Chansey
|
|-weather|none
|upkeep
|turn|267
|
|t:|1666121631
|move|p2a: Tapu Bulu|Horn Leech|p1a: Chansey
|-damage|p1a: Chansey|0 fnt
|-heal|p2a: Tapu Bulu|34/100|[from] drain|[of] p1a: Chansey
|faint|p1a: Chansey
|
|win|Liz Angeles
|c|☆Liz Angeles|you already know I'm keeping this replay
