|j|☆Kink
|j|☆Boost Swoosh
|t:|1603678521
|player|p1|Kink|#kinguu|
|player|p2|Boost Swoosh|teamrocket|
|teamsize|p1|6
|teamsize|p2|6
|gametype|singles
|gen|8
|tier|[Gen 8] UU
|rated|Tournament battle
|clearpoke
|poke|p1|Zarude|
|poke|p1|Barbaracle, M|
|poke|p1|Noivern, F|
|poke|p1|Cobalion|
|poke|p1|Chandelure, F|
|poke|p1|Mamoswine, F|
|poke|p2|Celebi|
|poke|p2|Polteageist|
|poke|p2|Druddigon, M|
|poke|p2|Rotom-Wash|
|poke|p2|Talonflame, F|
|poke|p2|Bisharp, F|
|rule|Sleep Clause Mod: Limit one foe put to sleep
|rule|Species Clause: Limit one of each Pokémon
|rule|OHKO Clause: OHKO moves are banned
|rule|Evasion Moves Clause: Evasion moves are banned
|rule|Endless Battle Clause: Forcing endless battles is banned
|rule|HP Percentage Mod: HP is shown in percentages
|rule|Dynamax Clause: You cannot dynamax
|teampreview
|inactive|Battle timer is ON: inactive players will automatically lose when time's up. (requested by Boost Swoosh)
|c|☆Boost Swoosh|hf
|
|t:|1603678548
|start
|switch|p1a: Cobalion|Cobalion|100/100
|switch|p2a: Rotom|Rotom-Wash|100/100
|turn|1
|j| Aridame
|
|t:|1603678555
|move|p1a: Cobalion|Toxic|p2a: Rotom|[miss]
|-miss|p1a: Cobalion|p2a: Rotom
|move|p2a: Rotom|Thunder Wave|p1a: Cobalion
|-status|p1a: Cobalion|par
|
|upkeep
|turn|2
|
|t:|1603678577
|move|p2a: Rotom|Hydro Pump|p1a: Cobalion|[miss]
|-miss|p2a: Rotom|p1a: Cobalion
|move|p1a: Cobalion|Toxic|p2a: Rotom
|-status|p2a: Rotom|tox
|
|-damage|p2a: Rotom|94/100 tox|[from] psn
|upkeep
|turn|3
|
|t:|1603678589
|move|p2a: Rotom|Volt Switch|p1a: Cobalion
|-damage|p1a: Cobalion|73/100 par
|
|t:|1603678595
|switch|p2a: Celebi|Celebi, shiny|100/100|[from]move: Volt Switch
|move|p1a: Cobalion|Stealth Rock|p2a: Celebi
|-sidestart|p2: Boost Swoosh|move: Stealth Rock
|
|-heal|p1a: Cobalion|79/100 par|[from] item: Leftovers
|upkeep
|turn|4
|
|t:|1603678608
|switch|p1a: Zarude|Zarude|100/100
|move|p2a: Celebi|Dazzling Gleam|p1a: Zarude
|-supereffective|p1a: Zarude
|-damage|p1a: Zarude|37/100
|-damage|p2a: Celebi|91/100|[from] item: Life Orb
|
|upkeep
|turn|5
|
|t:|1603678616
|switch|p2a: Druddigon|Druddigon, M|100/100
|-damage|p2a: Druddigon|88/100|[from] Stealth Rock
|move|p1a: Zarude|U-turn|p2a: Druddigon
|-damage|p2a: Druddigon|72/100
|-damage|p1a: Zarude|24/100|[from] ability: Rough Skin|[of] p2a: Druddigon
|-damage|p1a: Zarude|8/100|[from] item: Rocky Helmet|[of] p2a: Druddigon
|
|t:|1603678625
|switch|p1a: Mamoswine|Mamoswine, F|100/100|[from]move: U-turn
|
|upkeep
|turn|6
|
|t:|1603678637
|switch|p2a: Rotom|Rotom-Wash|94/100 tox
|-damage|p2a: Rotom|82/100 tox|[from] Stealth Rock
|move|p1a: Mamoswine|Icicle Crash|p2a: Rotom
|-resisted|p2a: Rotom
|-damage|p2a: Rotom|46/100 tox
|-damage|p1a: Mamoswine|91/100|[from] item: Life Orb
|
|-heal|p2a: Rotom|52/100 tox|[from] item: Leftovers
|-damage|p2a: Rotom|46/100 tox|[from] psn
|upkeep
|turn|7
|
|t:|1603678649
|move|p1a: Mamoswine|Knock Off|p2a: Rotom
|-damage|p2a: Rotom|0 fnt
|-enditem|p2a: Rotom|Leftovers|[from] move: Knock Off|[of] p1a: Mamoswine
|-damage|p1a: Mamoswine|81/100|[from] item: Life Orb
|faint|p2a: Rotom
|
|upkeep
|j| graysun008
|inactive|Boost Swoosh has 120 seconds left.
|
|t:|1603678679
|switch|p2a: Celebi|Celebi, shiny|91/100
|-damage|p2a: Celebi|78/100|[from] Stealth Rock
|turn|8
|
|t:|1603678690
|switch|p1a: Noivern|Noivern, F|100/100
|-item|p2a: Celebi|Life Orb|[from] ability: Frisk|[of] p1a: Noivern|[identify]
|move|p2a: Celebi|Giga Drain|p1a: Noivern
|-resisted|p1a: Noivern
|-damage|p1a: Noivern|89/100
|-heal|p2a: Celebi|85/100|[from] drain|[of] p1a: Noivern
|-damage|p2a: Celebi|75/100|[from] item: Life Orb
|
|upkeep
|turn|9
|
|t:|1603678703
|move|p1a: Noivern|U-turn|p2a: Celebi
|-supereffective|p2a: Celebi
|-damage|p2a: Celebi|32/100
|
|t:|1603678709
|switch|p1a: Cobalion|Cobalion|79/100 par|[from]move: U-turn
|move|p2a: Celebi|Psychic|p1a: Cobalion
|-damage|p1a: Cobalion|28/100 par
|-damage|p2a: Celebi|22/100|[from] item: Life Orb
|
|-heal|p1a: Cobalion|34/100 par|[from] item: Leftovers
|upkeep
|turn|10
|
|t:|1603678718
|move|p2a: Celebi|Dazzling Gleam|p1a: Cobalion
|-damage|p1a: Cobalion|0 fnt
|-damage|p2a: Celebi|13/100|[from] item: Life Orb
|faint|p1a: Cobalion
|
|upkeep
|inactive|Kink has 120 seconds left.
|inactive|Kink has 90 seconds left.
|
|t:|1603678796
|switch|p1a: Zarude|Zarude|8/100
|turn|11
|
|t:|1603678823
|switch|p2a: Druddigon|Druddigon, M|72/100
|-damage|p2a: Druddigon|60/100|[from] Stealth Rock
|move|p1a: Zarude|Jungle Healing|p1a: Zarude
|-heal|p1a: Zarude|33/100
|
|upkeep
|turn|12
|inactive|Kink has 90 seconds left.
|
|t:|1603678833
|move|p1a: Zarude|U-turn|p2a: Druddigon
|-damage|p2a: Druddigon|44/100
|-damage|p1a: Zarude|21/100|[from] ability: Rough Skin|[of] p2a: Druddigon
|-damage|p1a: Zarude|4/100|[from] item: Rocky Helmet|[of] p2a: Druddigon
|
|t:|1603678840
|switch|p1a: Chandelure|Chandelure, F|100/100|[from]move: U-turn
|move|p2a: Druddigon|Stealth Rock|p1a: Chandelure
|-sidestart|p1: Kink|move: Stealth Rock
|
|upkeep
|turn|13
|inactive|Kink has 90 seconds left.
|
|t:|1603678847
|switch|p2a: Celebi|Celebi, shiny|13/100
|-damage|p2a: Celebi|0 fnt|[from] Stealth Rock
|faint|p2a: Celebi
|move|p1a: Chandelure|Substitute|p1a: Chandelure
|-start|p1a: Chandelure|Substitute
|-damage|p1a: Chandelure|76/100
|
|-heal|p1a: Chandelure|82/100|[from] item: Leftovers
|upkeep
|inactive|Boost Swoosh has 120 seconds left.
|
|t:|1603678882
|switch|p2a: Talonflame|Talonflame, F|100/100
|turn|14
|inactive|Kink has 90 seconds left.
|
|t:|1603678910
|move|p2a: Talonflame|Brave Bird|p1a: Chandelure
|-end|p1a: Chandelure|Substitute
|-damage|p2a: Talonflame|92/100|[from] Recoil|[of] p1a: Chandelure
|move|p1a: Chandelure|Calm Mind|p1a: Chandelure
|-boost|p1a: Chandelure|spa|1
|-boost|p1a: Chandelure|spd|1
|
|-heal|p1a: Chandelure|88/100|[from] item: Leftovers
|upkeep
|turn|15
|inactive|Boost Swoosh has 120 seconds left.
|
|t:|1603678920
|move|p2a: Talonflame|Brave Bird|p1a: Chandelure
|-damage|p1a: Chandelure|29/100
|-damage|p2a: Talonflame|72/100|[from] Recoil
|move|p1a: Chandelure|Shadow Ball|p2a: Talonflame
|-damage|p2a: Talonflame|0 fnt
|faint|p2a: Talonflame
|
|-heal|p1a: Chandelure|35/100|[from] item: Leftovers
|upkeep
|
|t:|1603678930
|switch|p2a: Bisharp|Bisharp, F|100/100
|-damage|p2a: Bisharp|95/100|[from] Stealth Rock
|turn|16
|
|t:|1603678947
|move|p2a: Bisharp|Knock Off|p1a: Chandelure
|-supereffective|p1a: Chandelure
|-damage|p1a: Chandelure|0 fnt
|-enditem|p1a: Chandelure|Leftovers|[from] move: Knock Off|[of] p2a: Bisharp
|faint|p1a: Chandelure
|
|upkeep
|
|t:|1603678962
|switch|p1a: Noivern|Noivern, F|89/100
|-item|p2a: Bisharp|Black Glasses|[from] ability: Frisk|[of] p1a: Noivern|[identify]
|turn|17
|
|t:|1603678974
|switch|p2a: Druddigon|Druddigon, M|44/100
|-damage|p2a: Druddigon|31/100|[from] Stealth Rock
|move|p1a: Noivern|Flamethrower|p2a: Druddigon
|-resisted|p2a: Druddigon
|-damage|p2a: Druddigon|21/100
|
|upkeep
|turn|18
|
|t:|1603678989
|switch|p1a: Zarude|Zarude|4/100
|move|p2a: Druddigon|Glare|p1a: Zarude
|-status|p1a: Zarude|par
|
|upkeep
|turn|19
|inactive|Kink has 120 seconds left.
|
|t:|1603679002
|move|p1a: Zarude|Jungle Healing|p1a: Zarude
|-heal|p1a: Zarude|29/100 par
|-curestatus|p1a: Zarude|par|[msg]
|move|p2a: Druddigon|Gunk Shot|p1a: Zarude
|-supereffective|p1a: Zarude
|-damage|p1a: Zarude|0 fnt
|faint|p1a: Zarude
|
|upkeep
|inactive|Kink has 120 seconds left.
|
|t:|1603679009
|switch|p1a: Mamoswine|Mamoswine, F|81/100
|-damage|p1a: Mamoswine|68/100|[from] Stealth Rock
|turn|20
|
|t:|1603679015
|move|p1a: Mamoswine|Ice Shard|p2a: Druddigon
|-supereffective|p2a: Druddigon
|-damage|p2a: Druddigon|0 fnt
|-damage|p1a: Mamoswine|58/100|[from] item: Life Orb
|faint|p2a: Druddigon
|
|upkeep
|
|t:|1603679017
|switch|p2a: Bisharp|Bisharp, F|95/100
|-damage|p2a: Bisharp|89/100|[from] Stealth Rock
|turn|21
|
|t:|1603679031
|switch|p1a: Noivern|Noivern, F|89/100
|-item|p2a: Bisharp|Black Glasses|[from] ability: Frisk|[of] p1a: Noivern|[identify]
|move|p2a: Bisharp|Iron Head|p1a: Noivern
|-damage|p1a: Noivern|48/100
|
|upkeep
|turn|22
|inactive|Boost Swoosh has 120 seconds left.
|j| Based Scythe
|
|t:|1603679063
|switch|p2a: Polteageist|Polteageist, shiny|100/100
|-damage|p2a: Polteageist|88/100|[from] Stealth Rock
|move|p1a: Noivern|Roost|p1a: Noivern
|-heal|p1a: Noivern|98/100
|-singleturn|p1a: Noivern|move: Roost
|
|upkeep
|turn|23
|
|t:|1603679084
|move|p1a: Noivern|U-turn|p2a: Polteageist
|-resisted|p2a: Polteageist
|-damage|p2a: Polteageist|79/100
|
|t:|1603679093
|switch|p1a: Barbaracle|Barbaracle, M|100/100|[from]move: U-turn
|-damage|p1a: Barbaracle|88/100|[from] Stealth Rock
|move|p2a: Polteageist|Shadow Ball|p1a: Barbaracle
|-damage|p1a: Barbaracle|25/100
|-unboost|p1a: Barbaracle|spd|1
|
|upkeep
|turn|24
|
|t:|1603679099
|move|p2a: Polteageist|Shadow Ball|p1a: Barbaracle
|-damage|p1a: Barbaracle|0 fnt
|faint|p1a: Barbaracle
|
|upkeep
|
|t:|1603679102
|switch|p1a: Mamoswine|Mamoswine, F|58/100
|-damage|p1a: Mamoswine|46/100|[from] Stealth Rock
|turn|25
|inactive|Boost Swoosh has 120 seconds left.
|
|t:|1603679136
|switch|p2a: Bisharp|Bisharp, F|89/100
|-damage|p2a: Bisharp|83/100|[from] Stealth Rock
|move|p1a: Mamoswine|Ice Shard|p2a: Bisharp
|-resisted|p2a: Bisharp
|-damage|p2a: Bisharp|64/100
|-damage|p1a: Mamoswine|36/100|[from] item: Life Orb
|
|upkeep
|turn|26
|inactive|Boost Swoosh has 90 seconds left.
|
|t:|1603679153
|switch|p1a: Noivern|Noivern, F|98/100
|-item|p2a: Bisharp|Black Glasses|[from] ability: Frisk|[of] p1a: Noivern|[identify]
|move|p2a: Bisharp|Knock Off|p1a: Noivern
|-damage|p1a: Noivern|30/100
|-enditem|p1a: Noivern|Heavy-Duty Boots|[from] move: Knock Off|[of] p2a: Bisharp
|
|upkeep
|turn|27
|inactive|Boost Swoosh has 90 seconds left.
|inactive|Boost Swoosh has 60 seconds left.
|
|t:|1603679206
|move|p1a: Noivern|Roost|p1a: Noivern
|-heal|p1a: Noivern|80/100
|-singleturn|p1a: Noivern|move: Roost
|move|p2a: Bisharp|Swords Dance|p2a: Bisharp
|-boost|p2a: Bisharp|atk|2
|
|upkeep
|turn|28
|
|t:|1603679213
|move|p2a: Bisharp|Sucker Punch|p1a: Noivern
|-damage|p1a: Noivern|0 fnt
|faint|p1a: Noivern
|
|upkeep
|-message|Kink forfeited.
|
|win|Boost Swoosh
|l|☆Kink
|l| Aridame
