|j|☆Rvp4president
|j|☆Springerk
|t:|1662310480
|gametype|singles
|player|p1|Rvp4president|265|1508
|player|p2|Springerk|lance-masters|1522
|teamsize|p1|6
|teamsize|p2|6
|gen|8
|tier|[Gen 8] UU
|rated|
|rule|Sleep Clause Mod: Limit one foe put to sleep
|rule|Species Clause: Limit one of each Pokémon
|rule|OHKO Clause: OHKO moves are banned
|rule|Evasion Items Clause: Evasion items are banned
|rule|Evasion Moves Clause: Evasion moves are banned
|rule|Endless Battle Clause: Forcing endless battles is banned
|rule|HP Percentage Mod: HP is shown in percentages
|rule|Dynamax Clause: You cannot dynamax
|clearpoke
|poke|p1|Amoonguss, M|
|poke|p1|Chansey, F|
|poke|p1|Keldeo-Resolute|
|poke|p1|Conkeldurr, F|
|poke|p1|Skarmory, M|
|poke|p1|Hydreigon, F|
|poke|p2|Gardevoir, F|
|poke|p2|Celesteela|
|poke|p2|Excadrill, F|
|poke|p2|Gyarados, F|
|poke|p2|Jirachi|
|poke|p2|Hydreigon, F|
|teampreview
|inactive|Battle timer is ON: inactive players will automatically lose when time's up. (requested by Rvp4president)
|
|t:|1662310491
|start
|switch|p1a: Keldeo|Keldeo-Resolute|100/100
|switch|p2a: Gardevoir|Gardevoir, F|100/100
|-ability|p2a: Gardevoir|Justified|[from] ability: Trace|[of] p1a: Keldeo
|turn|1
|
|t:|1662310499
|switch|p1a: Chansey|Chansey, F, shiny|100/100
|move|p2a: Gardevoir|Trick|p1a: Chansey
|-activate|p2a: Gardevoir|move: Trick|[of] p1a: Chansey
|-item|p1a: Chansey|Choice Scarf|[from] move: Trick
|-item|p2a: Gardevoir|Eviolite|[from] move: Trick
|
|upkeep
|turn|2
|
|t:|1662310520
|switch|p2a: Excadrill|Excadrill, F|100/100
|-ability|p2a: Excadrill|Mold Breaker
|move|p1a: Chansey|Stealth Rock|p2a: Excadrill
|-sidestart|p2: Springerk|move: Stealth Rock
|
|upkeep
|turn|3
|
|t:|1662310532
|switch|p1a: Keldeo|Keldeo-Resolute|100/100
|move|p2a: Excadrill|Stealth Rock|p1a: Keldeo
|-sidestart|p1: Rvp4president|move: Stealth Rock
|
|upkeep
|turn|4
|
|t:|1662310536
|move|p1a: Keldeo|Scald|p2a: Excadrill
|-supereffective|p2a: Excadrill
|-enditem|p2a: Excadrill|Focus Sash
|-damage|p2a: Excadrill|1/100
|-status|p2a: Excadrill|brn
|move|p2a: Excadrill|Rapid Spin|p1a: Keldeo
|-crit|p1a: Keldeo
|-damage|p1a: Keldeo|85/100
|-boost|p2a: Excadrill|spe|1
|-sideend|p2: Springerk|Stealth Rock|[from] move: Rapid Spin|[of] p2a: Excadrill
|
|-damage|p2a: Excadrill|0 fnt|[from] brn
|faint|p2a: Excadrill
|upkeep
|
|t:|1662310560
|switch|p2a: Hydreigon|Hydreigon, F|100/100
|turn|5
|
|t:|1662310581
|switch|p1a: Chansey|Chansey, F, shiny|100/100
|-damage|p1a: Chansey|88/100|[from] Stealth Rock
|move|p2a: Hydreigon|Dragon Dance|p2a: Hydreigon
|-boost|p2a: Hydreigon|atk|1
|-boost|p2a: Hydreigon|spe|1
|
|upkeep
|turn|6
|
|t:|1662310587
|move|p2a: Hydreigon|Superpower|p1a: Chansey
|-supereffective|p1a: Chansey
|-damage|p1a: Chansey|0 fnt
|-unboost|p2a: Hydreigon|atk|1
|-unboost|p2a: Hydreigon|def|1
|faint|p1a: Chansey
|-damage|p2a: Hydreigon|91/100|[from] item: Life Orb
|
|upkeep
|
|t:|1662310594
|switch|p1a: Skarmory|Skarmory, M|100/100
|-damage|p1a: Skarmory|88/100|[from] Stealth Rock
|turn|7
|
|t:|1662310598
|switch|p2a: Gardevoir|Gardevoir, F|100/100
|-ability|p2a: Gardevoir|Sturdy|[from] ability: Trace|[of] p1a: Skarmory
|move|p1a: Skarmory|Whirlwind|p2a: Gardevoir
|drag|p2a: Jirachi|Jirachi|100/100
|
|upkeep
|turn|8
|
|t:|1662310606
|switch|p2a: Gardevoir|Gardevoir, F|100/100
|-ability|p2a: Gardevoir|Sturdy|[from] ability: Trace|[of] p1a: Skarmory
|move|p1a: Skarmory|Spikes|p2a: Gardevoir
|-sidestart|p2: Springerk|Spikes
|
|upkeep
|turn|9
|
|t:|1662310616
|move|p2a: Gardevoir|Mystical Fire|p1a: Skarmory
|-supereffective|p1a: Skarmory
|-damage|p1a: Skarmory|20/100
|-unboost|p1a: Skarmory|spa|1
|move|p1a: Skarmory|Roost|p1a: Skarmory
|-heal|p1a: Skarmory|70/100
|-singleturn|p1a: Skarmory|move: Roost
|
|upkeep
|turn|10
|
|t:|1662310623
|switch|p1a: Hydreigon|Hydreigon, F|100/100
|-damage|p1a: Hydreigon|88/100|[from] Stealth Rock
|move|p2a: Gardevoir|Trick|p1a: Hydreigon
|-activate|p2a: Gardevoir|move: Trick|[of] p1a: Hydreigon
|-item|p1a: Hydreigon|Eviolite|[from] move: Trick
|-item|p2a: Gardevoir|Choice Scarf|[from] move: Trick
|
|upkeep
|turn|11
|
|t:|1662310635
|switch|p1a: Amoonguss|Amoonguss, M|100/100
|-damage|p1a: Amoonguss|88/100|[from] Stealth Rock
|move|p2a: Gardevoir|Mystical Fire|p1a: Amoonguss
|-supereffective|p1a: Amoonguss
|-damage|p1a: Amoonguss|36/100
|-unboost|p1a: Amoonguss|spa|1
|
|-heal|p1a: Amoonguss|42/100|[from] item: Black Sludge
|upkeep
|turn|12
|j| isabela000◥▶_◀◤
|
|t:|1662310645
|switch|p1a: Keldeo|Keldeo-Resolute|85/100
|-damage|p1a: Keldeo|79/100|[from] Stealth Rock
|move|p2a: Gardevoir|Mystical Fire|p1a: Keldeo
|-resisted|p1a: Keldeo
|-damage|p1a: Keldeo|64/100
|-unboost|p1a: Keldeo|spa|1
|
|upkeep
|turn|13
|
|t:|1662310671
|switch|p2a: Hydreigon|Hydreigon, F|91/100
|switch|p1a: Hydreigon|Hydreigon, F|88/100
|-damage|p1a: Hydreigon|76/100|[from] Stealth Rock
|
|upkeep
|turn|14
|inactive|Springerk has 120 seconds left.
|
|t:|1662310688
|switch|p2a: Gardevoir|Gardevoir, F|100/100
|-damage|p2a: Gardevoir|88/100|[from] Spikes
|-ability|p2a: Gardevoir|Levitate|[from] ability: Trace|[of] p1a: Hydreigon
|move|p1a: Hydreigon|Draco Meteor|p2a: Gardevoir
|-immune|p2a: Gardevoir
|
|upkeep
|turn|15
|
|t:|1662310698
|move|p2a: Gardevoir|Moonblast|p1a: Hydreigon
|-supereffective|p1a: Hydreigon
|-damage|p1a: Hydreigon|0 fnt
|faint|p1a: Hydreigon
|
|upkeep
|
|t:|1662310702
|switch|p1a: Amoonguss|Amoonguss, M|76/100
|-damage|p1a: Amoonguss|63/100|[from] Stealth Rock
|turn|16
|inactive|Springerk has 120 seconds left.
|
|t:|1662310728
|switch|p2a: Jirachi|Jirachi|100/100
|-damage|p2a: Jirachi|88/100|[from] Spikes
|move|p1a: Amoonguss|Spore|p2a: Jirachi
|-status|p2a: Jirachi|slp|[from] move: Spore
|
|-heal|p1a: Amoonguss|69/100|[from] item: Black Sludge
|upkeep
|turn|17
|inactive|Springerk has 120 seconds left.
|
|t:|1662310743
|switch|p1a: Conkeldurr|Conkeldurr, F|100/100
|-damage|p1a: Conkeldurr|94/100|[from] Stealth Rock
|cant|p2a: Jirachi|slp
|move|p2a: Jirachi|Snore|p1a: Conkeldurr
|-damage|p1a: Conkeldurr|80/100
|
|-status|p1a: Conkeldurr|brn|[from] item: Flame Orb
|upkeep
|turn|18
|
|t:|1662310748
|-curestatus|p2a: Jirachi|slp|[msg]
|move|p2a: Jirachi|Snore||[still]
|-fail|p2a: Jirachi
|move|p1a: Conkeldurr|Knock Off|p2a: Jirachi
|-supereffective|p2a: Jirachi
|-damage|p2a: Jirachi|0 fnt
|-enditem|p2a: Jirachi|Weakness Policy|[from] move: Knock Off|[of] p1a: Conkeldurr
|faint|p2a: Jirachi
|
|-damage|p1a: Conkeldurr|74/100 brn|[from] brn
|upkeep
|
|t:|1662310762
|switch|p2a: Gardevoir|Gardevoir, F|88/100
|-damage|p2a: Gardevoir|76/100|[from] Spikes
|-ability|p2a: Gardevoir|Guts|[from] ability: Trace|[of] p1a: Conkeldurr
|turn|19
|
|t:|1662310767
|switch|p1a: Skarmory|Skarmory, M|70/100
|-damage|p1a: Skarmory|58/100|[from] Stealth Rock
|move|p2a: Gardevoir|Psychic|p1a: Skarmory
|-resisted|p1a: Skarmory
|-damage|p1a: Skarmory|25/100
|
|upkeep
|turn|20
|
|t:|1662310774
|move|p2a: Gardevoir|Psychic|p1a: Skarmory
|-resisted|p1a: Skarmory
|-damage|p1a: Skarmory|0 fnt
|faint|p1a: Skarmory
|
|upkeep
|
|t:|1662310778
|switch|p1a: Amoonguss|Amoonguss, M|100/100
|-damage|p1a: Amoonguss|88/100|[from] Stealth Rock
|turn|21
|
|t:|1662310800
|switch|p2a: Hydreigon|Hydreigon, F|91/100
|move|p1a: Amoonguss|Spore|p2a: Hydreigon
|-status|p2a: Hydreigon|slp|[from] move: Spore
|
|-heal|p1a: Amoonguss|94/100|[from] item: Black Sludge
|upkeep
|turn|22
|
|t:|1662310808
|switch|p2a: Celesteela|Celesteela|100/100
|switch|p1a: Conkeldurr|Conkeldurr, F|74/100 brn
|-damage|p1a: Conkeldurr|68/100 brn|[from] Stealth Rock
|
|-damage|p1a: Conkeldurr|62/100 brn|[from] brn
|upkeep
|turn|23
|
|t:|1662310813
|move|p2a: Celesteela|Air Slash|p1a: Conkeldurr
|-supereffective|p1a: Conkeldurr
|-damage|p1a: Conkeldurr|0 fnt
|faint|p1a: Conkeldurr
|-ability|p2a: Celesteela|Beast Boost|boost
|-boost|p2a: Celesteela|spa|1
|
|upkeep
|
|t:|1662310816
|switch|p1a: Keldeo|Keldeo-Resolute|64/100
|-damage|p1a: Keldeo|58/100|[from] Stealth Rock
|turn|24
|
|t:|1662310823
|move|p1a: Keldeo|Focus Blast|p2a: Celesteela
|-damage|p2a: Celesteela|2/100
|move|p2a: Celesteela|Air Slash|p1a: Keldeo
|-supereffective|p1a: Keldeo
|-crit|p1a: Keldeo
|-damage|p1a: Keldeo|0 fnt
|faint|p1a: Keldeo
|-ability|p2a: Celesteela|Beast Boost|boost
|-boost|p2a: Celesteela|spa|1
|
|upkeep
|
|t:|1662310828
|switch|p1a: Amoonguss|Amoonguss, M|100/100
|-damage|p1a: Amoonguss|88/100|[from] Stealth Rock
|turn|25
|
|t:|1662310832
|move|p2a: Celesteela|Air Slash|p1a: Amoonguss
|-supereffective|p1a: Amoonguss
|-damage|p1a: Amoonguss|0 fnt
|faint|p1a: Amoonguss
|
|win|Springerk
|raw|Rvp4president's rating: 1508 &rarr; <strong>1489</strong><br />(-19 for losing)
|raw|Springerk's rating: 1522 &rarr; <strong>1541</strong><br />(+19 for winning)
|l|☆Rvp4president
||Ladder isn't responding, score probably updated but might not have (Request timeout).
