|j|☆gijion chilli
|j|☆ChampagneSapiTest
|player|p1|gijion chilli|265|1536
|player|p2|ChampagneSapiTest|volkner|1396
|teamsize|p1|6
|teamsize|p2|6
|gametype|singles
|gen|8
|tier|[Gen 8] UU
|rated|
|clearpoke
|poke|p1|Pangoro, F|
|poke|p1|Gardevoir, M|
|poke|p1|Noivern, M|
|poke|p1|Golisopod, M|
|poke|p1|Rhyperior, M|
|poke|p1|Roserade, M|
|poke|p2|Torkoal, M|
|poke|p2|Charizard, M|
|poke|p2|Shiftry, F|
|poke|p2|Heliolisk, F|
|poke|p2|Passimian, F|
|poke|p2|Lucario, M|
|rule|Sleep Clause Mod: Limit one foe put to sleep
|rule|Species Clause: Limit one of each Pokémon
|rule|OHKO Clause: OHKO moves are banned
|rule|Evasion Moves Clause: Evasion moves are banned
|rule|Endless Battle Clause: Forcing endless battles is banned
|rule|HP Percentage Mod: HP is shown in percentages
|rule|Dynamax Clause: You cannot dynamax
|teampreview
|
|start
|switch|p1a: Pangoro|Pangoro, F|100/100
|switch|p2a: Passimian|Passimian, F, shiny|100/100
|turn|1
|
|switch|p1a: Noivern|Noivern, M|100/100
|move|p2a: Passimian|Close Combat|p1a: Noivern
|-resisted|p1a: Noivern
|-damage|p1a: Noivern|70/100
|-unboost|p2a: Passimian|def|1
|-unboost|p2a: Passimian|spd|1
|
|upkeep
|turn|2
|inactive|Battle timer is ON: inactive players will automatically lose when time's up. (requested by ChampagneSapiTest)
|
|switch|p2a: Torkoal|Torkoal, M|100/100
|-weather|SunnyDay|[from] ability: Drought|[of] p2a: Torkoal
|switch|p1a: Pangoro|Pangoro, F|100/100
|
|-weather|SunnyDay|[upkeep]
|upkeep
|turn|3
|
|move|p1a: Pangoro|Swords Dance|p1a: Pangoro
|-boost|p1a: Pangoro|atk|2
|move|p2a: Torkoal|Stealth Rock|p1a: Pangoro
|-sidestart|p1: gijion chilli|move: Stealth Rock
|
|-weather|SunnyDay|[upkeep]
|upkeep
|turn|4
|
|switch|p2a: Lucario|Lucario, M|100/100
|move|p1a: Pangoro|Knock Off|p2a: Lucario
|-resisted|p2a: Lucario
|-damage|p2a: Lucario|20/100
|-ability|p2a: Lucario|Justified|boost
|-boost|p2a: Lucario|atk|1
|-enditem|p2a: Lucario|Life Orb|[from] move: Knock Off|[of] p1a: Pangoro
|
|-weather|SunnyDay|[upkeep]
|upkeep
|turn|5
|
|switch|p1a: Golisopod|Golisopod, M|100/100
|move|p2a: Lucario|Close Combat|p1a: Golisopod
|-resisted|p1a: Golisopod
|-damage|p1a: Golisopod|65/100
|-unboost|p2a: Lucario|def|1
|-unboost|p2a: Lucario|spd|1
|
|-weather|SunnyDay|[upkeep]
|upkeep
|turn|6
|
|move|p2a: Lucario|Extreme Speed|p1a: Golisopod
|-damage|p1a: Golisopod|33/100
|-activate|p1a: Golisopod|ability: Emergency Exit
|
|switch|p1a: Pangoro|Pangoro, F|100/100
|-damage|p1a: Pangoro|94/100|[from] Stealth Rock
|
|-weather|none
|upkeep
|turn|7
|
|move|p2a: Lucario|Extreme Speed|p1a: Pangoro
|-damage|p1a: Pangoro|47/100
|move|p1a: Pangoro|Bullet Punch|p2a: Lucario
|-resisted|p2a: Lucario
|-damage|p2a: Lucario|0 fnt
|faint|p2a: Lucario
|
|upkeep
|inactive|ChampagneSapiTest has 120 seconds left.
|inactive|ChampagneSapiTest has 90 seconds left.
|
|switch|p2a: Passimian|Passimian, F, shiny|100/100
|turn|8
|
|move|p2a: Passimian|U-turn|p1a: Pangoro
|-crit|p1a: Pangoro
|-damage|p1a: Pangoro|1/100
|
|switch|p2a: Torkoal|Torkoal, M|100/100|[from]move: U-turn
|-weather|SunnyDay|[from] ability: Drought|[of] p2a: Torkoal
|move|p1a: Pangoro|Knock Off|p2a: Torkoal
|-damage|p2a: Torkoal|73/100
|-enditem|p2a: Torkoal|Heavy-Duty Boots|[from] move: Knock Off|[of] p1a: Pangoro
|
|-weather|SunnyDay|[upkeep]
|upkeep
|turn|9
|
|switch|p1a: Noivern|Noivern, M|70/100
|move|p2a: Torkoal|Lava Plume|p1a: Noivern
|-resisted|p1a: Noivern
|-damage|p1a: Noivern|51/100
|-status|p1a: Noivern|brn
|
|-weather|SunnyDay|[upkeep]
|-damage|p1a: Noivern|45/100 brn|[from] brn
|upkeep
|turn|10
|
|switch|p2a: Heliolisk|Heliolisk, F|100/100
|move|p1a: Noivern|Roost|p1a: Noivern
|-heal|p1a: Noivern|95/100 brn
|-singleturn|p1a: Noivern|move: Roost
|
|-weather|SunnyDay|[upkeep]
|-damage|p2a: Heliolisk|88/100|[from] ability: Solar Power|[of] p2a: Heliolisk
|-damage|p1a: Noivern|89/100 brn|[from] brn
|upkeep
|turn|11
|
|switch|p1a: Pangoro|Pangoro, F|1/100
|-damage|p1a: Pangoro|0 fnt|[from] Stealth Rock
|faint|p1a: Pangoro
|move|p2a: Heliolisk|Hyper Voice|p1: Pangoro|[notarget]
|-fail|p2a: Heliolisk
|
|-weather|SunnyDay|[upkeep]
|-damage|p2a: Heliolisk|76/100|[from] ability: Solar Power|[of] p2a: Heliolisk
|upkeep
|
|switch|p1a: Gardevoir|Gardevoir, M|100/100
|-damage|p1a: Gardevoir|88/100|[from] Stealth Rock
|-ability|p1a: Gardevoir|Solar Power|[from] ability: Trace|[of] p2a: Heliolisk
|turn|12
|
|move|p1a: Gardevoir|Moonblast|p2a: Heliolisk
|-damage|p2a: Heliolisk|0 fnt
|faint|p2a: Heliolisk
|
|-weather|none
|upkeep
|
|switch|p2a: Charizard|Charizard, M, shiny|100/100
|turn|13
|
|switch|p1a: Rhyperior|Rhyperior, M|100/100
|-damage|p1a: Rhyperior|94/100|[from] Stealth Rock
|switch|p2a: Shiftry|Shiftry, F|100/100
|
|-heal|p1a: Rhyperior|100/100|[from] item: Leftovers
|upkeep
|turn|14
|
|switch|p1a: Noivern|Noivern, M|89/100 brn
|move|p2a: Shiftry|Heat Wave|p1a: Noivern
|-resisted|p1a: Noivern
|-damage|p1a: Noivern|75/100 brn
|-damage|p2a: Shiftry|91/100|[from] item: Life Orb
|
|-damage|p1a: Noivern|69/100 brn|[from] brn
|upkeep
|turn|15
|
|switch|p1a: Roserade|Roserade, M|100/100
|-damage|p1a: Roserade|88/100|[from] Stealth Rock
|switch|p2a: Passimian|Passimian, F, shiny|100/100
|
|upkeep
|turn|16
|
|move|p2a: Passimian|Knock Off|p1a: Roserade
|-damage|p1a: Roserade|25/100
|-enditem|p1a: Roserade|Life Orb|[from] move: Knock Off|[of] p2a: Passimian
|move|p1a: Roserade|Sleep Powder|p2a: Passimian
|-status|p2a: Passimian|slp|[from] move: Sleep Powder
|
|upkeep
|turn|17
|
|cant|p2a: Passimian|slp
|move|p1a: Roserade|Sludge Bomb|p2a: Passimian
|-damage|p2a: Passimian|33/100 slp
|
|upkeep
|turn|18
|
|cant|p2a: Passimian|slp
|move|p1a: Roserade|Sludge Bomb|p2a: Passimian
|-damage|p2a: Passimian|0 fnt
|faint|p2a: Passimian
|
|upkeep
|
|switch|p2a: Torkoal|Torkoal, M|73/100
|-weather|SunnyDay|[from] ability: Drought|[of] p2a: Torkoal
|turn|19
|
|switch|p2a: Shiftry|Shiftry, F|91/100
|move|p1a: Roserade|Sleep Powder|p2a: Shiftry
|-immune|p2a: Shiftry
|
|-weather|SunnyDay|[upkeep]
|upkeep
|turn|20
|
|move|p2a: Shiftry|Leaf Blade|p1a: Roserade
|-resisted|p1a: Roserade
|-damage|p1a: Roserade|0 fnt
|-damage|p2a: Shiftry|81/100|[from] item: Life Orb
|faint|p1a: Roserade
|
|-weather|SunnyDay|[upkeep]
|upkeep
|
|switch|p1a: Golisopod|Golisopod, M|33/100
|turn|21
|
|switch|p2a: Charizard|Charizard, M, shiny|100/100
|move|p1a: Golisopod|First Impression|p2a: Charizard
|-resisted|p2a: Charizard
|-damage|p2a: Charizard|79/100
|
|-weather|SunnyDay|[upkeep]
|-damage|p2a: Charizard|67/100|[from] ability: Solar Power|[of] p2a: Charizard
|upkeep
|turn|22
|
|move|p1a: Golisopod|Aqua Jet|p2a: Charizard
|-supereffective|p2a: Charizard
|-damage|p2a: Charizard|32/100
|move|p2a: Charizard|Air Slash|p1a: Golisopod
|-supereffective|p1a: Golisopod
|-damage|p1a: Golisopod|0 fnt
|faint|p1a: Golisopod
|
|-weather|SunnyDay|[upkeep]
|-damage|p2a: Charizard|20/100|[from] ability: Solar Power|[of] p2a: Charizard
|upkeep
|
|switch|p1a: Noivern|Noivern, M|69/100 brn
|turn|23
|
|move|p1a: Noivern|Flamethrower|p2a: Charizard
|-resisted|p2a: Charizard
|-damage|p2a: Charizard|0 fnt
|faint|p2a: Charizard
|
|-weather|none
|-damage|p1a: Noivern|63/100 brn|[from] brn
|upkeep
|
|switch|p2a: Torkoal|Torkoal, M|73/100
|-weather|SunnyDay|[from] ability: Drought|[of] p2a: Torkoal
|turn|24
|
|move|p1a: Noivern|Flamethrower|p2a: Torkoal
|-resisted|p2a: Torkoal
|-damage|p2a: Torkoal|53/100
|move|p2a: Torkoal|Explosion|p1a: Noivern
|-damage|p1a: Noivern|14/100 brn
|faint|p2a: Torkoal
|
|-weather|SunnyDay|[upkeep]
|-damage|p1a: Noivern|8/100 brn|[from] brn
|upkeep
|
|switch|p2a: Shiftry|Shiftry, F|81/100
|turn|25
|
|switch|p1a: Rhyperior|Rhyperior, M|100/100
|-damage|p1a: Rhyperior|94/100|[from] Stealth Rock
|move|p2a: Shiftry|Leaf Blade|p1a: Rhyperior
|-supereffective|p1a: Rhyperior
|-damage|p1a: Rhyperior|0 fnt
|-damage|p2a: Shiftry|71/100|[from] item: Life Orb
|faint|p1a: Rhyperior
|
|-weather|SunnyDay|[upkeep]
|upkeep
|
|switch|p1a: Gardevoir|Gardevoir, M|88/100
|-damage|p1a: Gardevoir|76/100|[from] Stealth Rock
|-ability|p1a: Gardevoir|Chlorophyll|[from] ability: Trace|[of] p2a: Shiftry
|turn|26
|
|move|p2a: Shiftry|Sucker Punch||[still]
|-fail|p2a: Shiftry
|move|p1a: Gardevoir|Healing Wish|p1a: Gardevoir
|faint|p1a: Gardevoir
|
|-weather|SunnyDay|[upkeep]
|upkeep
|
|switch|p1a: Noivern|Noivern, M|8/100 brn
|-heal|p1a: Noivern|100/100|[from] move: Healing Wish
|turn|27
|c|☆gijion chilli|gg
|
|move|p2a: Shiftry|Leaf Blade|p1a: Noivern
|-resisted|p1a: Noivern
|-damage|p1a: Noivern|87/100
|-damage|p2a: Shiftry|61/100|[from] item: Life Orb
|move|p1a: Noivern|Flamethrower|p2a: Shiftry
|-supereffective|p2a: Shiftry
|-damage|p2a: Shiftry|0 fnt
|faint|p2a: Shiftry
|
|win|gijion chilli
|l|☆ChampagneSapiTest
