|j|☆Ekless
|j|☆b冰葑Bing_Feng
|t:|1666350926
|gametype|singles
|player|p1|Ekless|clerk|1488
|player|p2|b冰葑Bing_Feng|170|1428
|teamsize|p1|6
|teamsize|p2|6
|gen|8
|tier|[Gen 8] UU
|rated|
|rule|Sleep Clause Mod: Limit one foe put to sleep
|rule|Species Clause: Limit one of each Pokémon
|rule|OHKO Clause: OHKO moves are banned
|rule|Evasion Items Clause: Evasion items are banned
|rule|Evasion Moves Clause: Evasion moves are banned
|rule|Endless Battle Clause: Forcing endless battles is banned
|rule|HP Percentage Mod: HP is shown in percentages
|rule|Dynamax Clause: You cannot dynamax
|clearpoke
|poke|p1|Persian-Alola, M|
|poke|p1|Suicune|
|poke|p1|Conkeldurr, F|
|poke|p1|Tapu Bulu|
|poke|p1|Excadrill, M|
|poke|p1|Chansey, F|
|poke|p2|Excadrill, M|
|poke|p2|Celesteela|
|poke|p2|Gyarados, F|
|poke|p2|Scizor, F|
|poke|p2|Azelf|
|poke|p2|Keldeo-Resolute|
|teampreview
|inactive|Battle timer is ON: inactive players will automatically lose when time's up. (requested by b冰葑Bing_Feng)
|
|t:|1666350936
|start
|switch|p1a: Tapu Bulu|Tapu Bulu|100/100
|switch|p2a: Excadrill|Excadrill, M, shiny|100/100
|-ability|p2a: Excadrill|Mold Breaker
|-fieldstart|move: Grassy Terrain|[from] ability: Grassy Surge|[of] p1a: Tapu Bulu
|turn|1
|
|t:|1666350943
|move|p2a: Excadrill|Stealth Rock|p1a: Tapu Bulu
|-sidestart|p1: Ekless|move: Stealth Rock
|move|p1a: Tapu Bulu|Horn Leech|p2a: Excadrill
|-crit|p2a: Excadrill
|-damage|p2a: Excadrill|16/100
|
|-heal|p2a: Excadrill|22/100|[from] Grassy Terrain
|upkeep
|turn|2
|
|t:|1666350950
|move|p2a: Excadrill|Rock Tomb|p1a: Tapu Bulu
|-damage|p1a: Tapu Bulu|87/100
|-unboost|p1a: Tapu Bulu|spe|1
|move|p1a: Tapu Bulu|Horn Leech|p2a: Excadrill
|-damage|p2a: Excadrill|0 fnt
|-heal|p1a: Tapu Bulu|98/100|[from] drain|[of] p2a: Excadrill
|faint|p2a: Excadrill
|
|-heal|p1a: Tapu Bulu|100/100|[from] Grassy Terrain
|upkeep
|
|t:|1666350961
|switch|p2a: Scizor|Scizor, F, shiny|100/100
|turn|3
|
|t:|1666350968
|switch|p1a: Excadrill|Excadrill, M|100/100
|-damage|p1a: Excadrill|97/100|[from] Stealth Rock
|-ability|p1a: Excadrill|Mold Breaker
|move|p2a: Scizor|Swords Dance|p2a: Scizor
|-boost|p2a: Scizor|atk|2
|
|-heal|p1a: Excadrill|100/100|[from] Grassy Terrain
|upkeep
|turn|4
|
|t:|1666350977
|move|p2a: Scizor|Knock Off|p1a: Excadrill
|-damage|p1a: Excadrill|0 fnt
|-enditem|p1a: Excadrill|Leftovers|[from] move: Knock Off|[of] p2a: Scizor
|faint|p1a: Excadrill
|-damage|p2a: Scizor|91/100|[from] item: Life Orb
|
|-heal|p2a: Scizor|97/100|[from] Grassy Terrain
|upkeep
|
|t:|1666350985
|switch|p1a: Persian|Persian-Alola, M|100/100
|-damage|p1a: Persian|88/100|[from] Stealth Rock
|turn|5
|
|t:|1666350989
|move|p2a: Scizor|Bullet Punch|p1a: Persian
|-damage|p1a: Persian|23/100
|-damage|p2a: Scizor|87/100|[from] item: Life Orb
|move|p1a: Persian|Foul Play|p2a: Scizor
|-damage|p2a: Scizor|0 fnt
|faint|p2a: Scizor
|
|-heal|p1a: Persian|29/100|[from] Grassy Terrain
|-fieldend|move: Grassy Terrain
|upkeep
|
|t:|1666350995
|switch|p2a: Azelf|Azelf, shiny|100/100
|turn|6
|
|t:|1666350999
|move|p1a: Persian|Foul Play|p2a: Azelf
|-supereffective|p2a: Azelf
|-damage|p2a: Azelf|3/100
|move|p2a: Azelf|Dazzling Gleam|p1a: Persian
|-supereffective|p1a: Persian
|-damage|p1a: Persian|0 fnt
|faint|p1a: Persian
|
|upkeep
|
|t:|1666351015
|switch|p1a: Conkeldurr|Conkeldurr, F|100/100
|-damage|p1a: Conkeldurr|94/100|[from] Stealth Rock
|turn|7
|
|t:|1666351019
|move|p1a: Conkeldurr|Mach Punch|p2a: Azelf
|-resisted|p2a: Azelf
|-damage|p2a: Azelf|0 fnt
|faint|p2a: Azelf
|
|-status|p1a: Conkeldurr|brn|[from] item: Flame Orb
|upkeep
|
|t:|1666351022
|switch|p2a: Keldeo|Keldeo-Resolute|100/100
|turn|8
|
|t:|1666351035
|move|p2a: Keldeo|Air Slash|p1a: Conkeldurr
|-supereffective|p1a: Conkeldurr
|-damage|p1a: Conkeldurr|24/100 brn
|move|p1a: Conkeldurr|Close Combat|p2a: Keldeo
|-damage|p2a: Keldeo|0 fnt
|-unboost|p1a: Conkeldurr|def|1
|-unboost|p1a: Conkeldurr|spd|1
|faint|p2a: Keldeo
|
|-damage|p1a: Conkeldurr|18/100 brn|[from] brn
|upkeep
|
|t:|1666351044
|switch|p2a: Gyarados|Gyarados, F, shiny|100/100
|turn|9
|
|t:|1666351049
|switch|p1a: Tapu Bulu|Tapu Bulu|100/100
|-damage|p1a: Tapu Bulu|88/100|[from] Stealth Rock
|-fieldstart|move: Grassy Terrain|[from] ability: Grassy Surge|[of] p1a: Tapu Bulu
|move|p2a: Gyarados|Waterfall|p1a: Tapu Bulu
|-resisted|p1a: Tapu Bulu
|-damage|p1a: Tapu Bulu|70/100
|-damage|p2a: Gyarados|84/100|[from] item: Rocky Helmet|[of] p1a: Tapu Bulu
|
|-heal|p1a: Tapu Bulu|76/100|[from] Grassy Terrain
|upkeep
|turn|10
|
|t:|1666351060
|switch|p2a: Celesteela|Celesteela, shiny|100/100
|move|p1a: Tapu Bulu|Horn Leech|p2a: Celesteela
|-resisted|p2a: Celesteela
|-damage|p2a: Celesteela|91/100
|-heal|p1a: Tapu Bulu|81/100|[from] drain|[of] p2a: Celesteela
|
|-heal|p1a: Tapu Bulu|87/100|[from] Grassy Terrain
|upkeep
|turn|11
|
|t:|1666351068
|switch|p1a: Chansey|Chansey, F|100/100
|-damage|p1a: Chansey|88/100|[from] Stealth Rock
|move|p2a: Celesteela|Autotomize|p2a: Celesteela
|-boost|p2a: Celesteela|spe|2
|-start|p2a: Celesteela|Autotomize
|
|-heal|p1a: Chansey|94/100|[from] Grassy Terrain
|upkeep
|turn|12
|
|t:|1666351078
|move|p2a: Celesteela|Meteor Beam||[still]
|-prepare|p2a: Celesteela|Meteor Beam
|-boost|p2a: Celesteela|spa|1
|-enditem|p2a: Celesteela|Power Herb
|-anim|p2a: Celesteela|Meteor Beam|p1a: Chansey
|-damage|p1a: Chansey|75/100
|move|p1a: Chansey|Thunder Wave|p2a: Celesteela
|-status|p2a: Celesteela|par
|
|-heal|p1a: Chansey|81/100|[from] Grassy Terrain
|upkeep
|turn|13
|
|t:|1666351090
|move|p2a: Celesteela|Autotomize|p2a: Celesteela
|-boost|p2a: Celesteela|spe|2
|-start|p2a: Celesteela|Autotomize
|move|p1a: Chansey|Teleport|p1a: Chansey
|
|t:|1666351094
|switch|p1a: Suicune|Suicune|100/100|[from]move: Teleport
|-damage|p1a: Suicune|88/100|[from] Stealth Rock
|-ability|p1a: Suicune|Pressure
|
|-heal|p1a: Suicune|94/100|[from] Grassy Terrain
|-heal|p1a: Suicune|100/100|[from] item: Leftovers
|-fieldend|move: Grassy Terrain
|upkeep
|turn|14
|
|t:|1666351103
|cant|p2a: Celesteela|par
|move|p1a: Suicune|Calm Mind|p1a: Suicune
|-boost|p1a: Suicune|spa|1
|-boost|p1a: Suicune|spd|1
|
|upkeep
|turn|15
|
|t:|1666351110
|move|p2a: Celesteela|Air Slash|p1a: Suicune
|-damage|p1a: Suicune|72/100
|cant|p1a: Suicune|flinch
|
|-heal|p1a: Suicune|78/100|[from] item: Leftovers
|upkeep
|turn|16
|
|t:|1666351116
|cant|p2a: Celesteela|par
|move|p1a: Suicune|Calm Mind|p1a: Suicune
|-boost|p1a: Suicune|spa|1
|-boost|p1a: Suicune|spd|1
|
|-heal|p1a: Suicune|85/100|[from] item: Leftovers
|upkeep
|turn|17
|
|t:|1666351126
|switch|p2a: Gyarados|Gyarados, F, shiny|84/100
|move|p1a: Suicune|Calm Mind|p1a: Suicune
|-boost|p1a: Suicune|spa|1
|-boost|p1a: Suicune|spd|1
|
|-heal|p1a: Suicune|91/100|[from] item: Leftovers
|upkeep
|turn|18
|
|t:|1666351133
|move|p1a: Suicune|Scald|p2a: Gyarados
|-resisted|p2a: Gyarados
|-damage|p2a: Gyarados|50/100
|move|p2a: Gyarados|Dragon Dance|p2a: Gyarados
|-boost|p2a: Gyarados|atk|1
|-boost|p2a: Gyarados|spe|1
|
|-heal|p1a: Suicune|97/100|[from] item: Leftovers
|upkeep
|turn|19
|
|t:|1666351141
|move|p2a: Gyarados|Power Whip|p1a: Suicune
|-supereffective|p1a: Suicune
|-damage|p1a: Suicune|0 fnt
|faint|p1a: Suicune
|-ability|p2a: Gyarados|Moxie|boost
|-boost|p2a: Gyarados|atk|1
|
|upkeep
|
|t:|1666351148
|switch|p1a: Tapu Bulu|Tapu Bulu|87/100
|-damage|p1a: Tapu Bulu|75/100|[from] Stealth Rock
|-fieldstart|move: Grassy Terrain|[from] ability: Grassy Surge|[of] p1a: Tapu Bulu
|turn|20
|
|t:|1666351152
|move|p2a: Gyarados|Ice Fang|p1a: Tapu Bulu
|-supereffective|p1a: Tapu Bulu
|-damage|p1a: Tapu Bulu|13/100
|-damage|p2a: Gyarados|34/100|[from] item: Rocky Helmet|[of] p1a: Tapu Bulu
|move|p1a: Tapu Bulu|Horn Leech|p2a: Gyarados
|-damage|p2a: Gyarados|0 fnt
|-heal|p1a: Tapu Bulu|29/100|[from] drain|[of] p2a: Gyarados
|faint|p2a: Gyarados
|
|-heal|p1a: Tapu Bulu|35/100|[from] Grassy Terrain
|upkeep
|
|t:|1666351155
|switch|p2a: Celesteela|Celesteela, shiny|91/100 par
|turn|21
|
|t:|1666351165
|switch|p1a: Chansey|Chansey, F|81/100
|-damage|p1a: Chansey|69/100|[from] Stealth Rock
|cant|p2a: Celesteela|par
|
|-heal|p1a: Chansey|75/100|[from] Grassy Terrain
|upkeep
|turn|22
|-message|b冰葑Bing_Feng forfeited.
|
|win|Ekless
|raw|Ekless's rating: 1488 &rarr; <strong>1505</strong><br />(+17 for winning)
|raw|b冰葑Bing_Feng's rating: 1428 &rarr; <strong>1411</strong><br />(-17 for losing)
|l|☆b冰葑Bing_Feng
|c|☆Ekless|gg
|j|☆b冰葑Bing_Feng
|player|p2|b冰葑Bing_Feng|170
|l|☆b冰葑Bing_Feng
|player|p2|
||Ladder isn't responding, score probably updated but might not have (Request timeout).
