|j|☆Takatk
|j|☆Goro Yagami 9
|t:|1661809634
|gametype|singles
|player|p1|Takatk|blue-masters|1324
|player|p2|Goro Yagami 9|169|1342
|teamsize|p1|6
|teamsize|p2|6
|gen|8
|tier|[Gen 8] UU
|rated|
|rule|Sleep Clause Mod: Limit one foe put to sleep
|rule|Species Clause: Limit one of each Pokémon
|rule|OHKO Clause: OHKO moves are banned
|rule|Evasion Items Clause: Evasion items are banned
|rule|Evasion Moves Clause: Evasion moves are banned
|rule|Endless Battle Clause: Forcing endless battles is banned
|rule|HP Percentage Mod: HP is shown in percentages
|rule|Dynamax Clause: You cannot dynamax
|clearpoke
|poke|p1|Shuckle, F|
|poke|p1|Thundurus-Therian, M|
|poke|p1|Obstagoon, M|
|poke|p1|Keldeo-Resolute|
|poke|p1|Haxorus, M|
|poke|p1|Chandelure, F|
|poke|p2|Zygarde-10%|
|poke|p2|Chansey, F|
|poke|p2|Cobalion|
|poke|p2|Hydreigon, M|
|poke|p2|Tangrowth, F|
|poke|p2|Salamence, M|
|teampreview
|inactive|Battle timer is ON: inactive players will automatically lose when time's up. (requested by Takatk)
|
|t:|1661809648
|start
|switch|p1a: Shuckle|Shuckle, F|100/100
|switch|p2a: Chansey|Chansey, F|100/100
|turn|1
|
|t:|1661809652
|move|p2a: Chansey|Toxic|p1a: Shuckle
|-status|p1a: Shuckle|tox
|move|p1a: Shuckle|Encore|p2a: Chansey
|-start|p2a: Chansey|Encore
|
|-damage|p1a: Shuckle|94/100 tox|[from] psn
|upkeep
|turn|2
|
|t:|1661809657
|switch|p2a: Cobalion|Cobalion|100/100
|move|p1a: Shuckle|Sticky Web|p2a: Cobalion
|-sidestart|p2: Goro Yagami 9|move: Sticky Web
|
|-damage|p1a: Shuckle|82/100 tox|[from] psn
|upkeep
|turn|3
|
|t:|1661809660
|switch|p2a: Chansey|Chansey, F|100/100
|-activate|p2a: Chansey|move: Sticky Web
|-unboost|p2a: Chansey|spe|1
|move|p1a: Shuckle|Stealth Rock|p2a: Chansey
|-sidestart|p2: Goro Yagami 9|move: Stealth Rock
|
|-damage|p1a: Shuckle|64/100 tox|[from] psn
|upkeep
|turn|4
|
|t:|1661809663
|move|p1a: Shuckle|Final Gambit|p2a: Chansey
|-damage|p2a: Chansey|79/100
|faint|p1a: Shuckle
|move|p2a: Chansey|Teleport|p2a: Chansey
|
|t:|1661809670
|switch|p2a: Hydreigon|Hydreigon, M|100/100|[from]move: Teleport
|-damage|p2a: Hydreigon|88/100|[from] Stealth Rock
|
|upkeep
|
|t:|1661809683
|switch|p1a: Keldeo|Keldeo-Resolute|100/100
|turn|5
|
|t:|1661809689
|move|p2a: Hydreigon|U-turn|p1a: Keldeo
|-resisted|p1a: Keldeo
|-damage|p1a: Keldeo|92/100
|
|t:|1661809691
|switch|p2a: Salamence|Salamence, M|100/100|[from]move: U-turn
|-ability|p2a: Salamence|Intimidate|boost
|-unboost|p1a: Keldeo|atk|1
|move|p1a: Keldeo|Calm Mind|p1a: Keldeo
|-boost|p1a: Keldeo|spa|1
|-boost|p1a: Keldeo|spd|1
|
|-heal|p1a: Keldeo|98/100|[from] item: Leftovers
|upkeep
|turn|6
|
|t:|1661809694
|move|p1a: Keldeo|Air Slash|p2a: Salamence
|-damage|p2a: Salamence|62/100
|cant|p2a: Salamence|flinch
|
|-heal|p1a: Keldeo|100/100|[from] item: Leftovers
|upkeep
|turn|7
|
|t:|1661809698
|move|p1a: Keldeo|Air Slash|p2a: Salamence
|-damage|p2a: Salamence|21/100
|move|p2a: Salamence|Roost|p2a: Salamence
|-heal|p2a: Salamence|71/100
|-singleturn|p2a: Salamence|move: Roost
|
|upkeep
|turn|8
|
|t:|1661809702
|move|p1a: Keldeo|Calm Mind|p1a: Keldeo
|-boost|p1a: Keldeo|spa|1
|-boost|p1a: Keldeo|spd|1
|move|p2a: Salamence|Roost|p2a: Salamence
|-heal|p2a: Salamence|100/100
|-singleturn|p2a: Salamence|move: Roost
|
|upkeep
|turn|9
|
|t:|1661809704
|move|p1a: Keldeo|Air Slash|p2a: Salamence
|-damage|p2a: Salamence|42/100
|move|p2a: Salamence|Defog|p1a: Keldeo
|-unboost|p1a: Keldeo|evasion|1
|-sideend|p2: Goro Yagami 9|Stealth Rock|[from] move: Defog|[of] p2a: Salamence
|-sideend|p2: Goro Yagami 9|Sticky Web|[from] move: Defog|[of] p2a: Salamence
|
|upkeep
|turn|10
|
|t:|1661809707
|switch|p2a: Tangrowth|Tangrowth, F|100/100
|move|p1a: Keldeo|Air Slash|p2a: Tangrowth
|-supereffective|p2a: Tangrowth
|-damage|p2a: Tangrowth|16/100
|
|upkeep
|turn|11
|
|t:|1661809716
|move|p1a: Keldeo|Air Slash|p2a: Tangrowth
|-supereffective|p2a: Tangrowth
|-damage|p2a: Tangrowth|0 fnt
|faint|p2a: Tangrowth
|
|upkeep
|
|t:|1661809726
|switch|p2a: Zygarde|Zygarde-10%|100/100
|-ability|p2a: Zygarde|Aura Break
|turn|12
|
|t:|1661809738
|move|p2a: Zygarde|Outrage|p1a: Keldeo
|-damage|p1a: Keldeo|9/100
|move|p1a: Keldeo|Secret Sword|p2a: Zygarde
|-damage|p2a: Zygarde|0 fnt
|faint|p2a: Zygarde
|
|-heal|p1a: Keldeo|16/100|[from] item: Leftovers
|upkeep
|
|t:|1661809742
|switch|p2a: Hydreigon|Hydreigon, M|88/100
|turn|13
|
|t:|1661809747
|move|p2a: Hydreigon|Draco Meteor|p1a: Keldeo
|-damage|p1a: Keldeo|0 fnt
|-unboost|p2a: Hydreigon|spa|2
|faint|p1a: Keldeo
|
|upkeep
|
|t:|1661809753
|switch|p1a: Chandelure|Chandelure, F|100/100
|turn|14
|
|t:|1661809761
|switch|p2a: Chansey|Chansey, F|79/100
|move|p1a: Chandelure|Substitute|p1a: Chandelure
|-start|p1a: Chandelure|Substitute
|-damage|p1a: Chandelure|76/100
|
|upkeep
|turn|15
|
|t:|1661809763
|move|p1a: Chandelure|Calm Mind|p1a: Chandelure
|-boost|p1a: Chandelure|spa|1
|-boost|p1a: Chandelure|spd|1
|move|p2a: Chansey|Teleport|p2a: Chansey
|
|t:|1661809767
|switch|p2a: Salamence|Salamence, M|42/100|[from]move: Teleport
|-ability|p2a: Salamence|Intimidate|boost
|-immune|p1a: Chandelure
|
|upkeep
|turn|16
|
|t:|1661809769
|move|p1a: Chandelure|Shadow Ball|p2a: Salamence
|-damage|p2a: Salamence|0 fnt
|faint|p2a: Salamence
|
|upkeep
|
|t:|1661809773
|switch|p2a: Hydreigon|Hydreigon, M|88/100
|turn|17
|
|t:|1661809776
|move|p2a: Hydreigon|Dark Pulse|p1a: Chandelure
|-supereffective|p1a: Chandelure
|-end|p1a: Chandelure|Substitute
|move|p1a: Chandelure|Fire Blast|p2a: Hydreigon
|-resisted|p2a: Hydreigon
|-damage|p2a: Hydreigon|36/100
|
|upkeep
|turn|18
|
|t:|1661809779
|switch|p1a: Obstagoon|Obstagoon, M|100/100
|move|p2a: Hydreigon|Dark Pulse|p1a: Obstagoon
|-resisted|p1a: Obstagoon
|-damage|p1a: Obstagoon|78/100
|
|upkeep
|turn|19
|
|t:|1661809786
|switch|p2a: Chansey|Chansey, F|79/100
|move|p1a: Obstagoon|Close Combat|p2a: Chansey
|-supereffective|p2a: Chansey
|-damage|p2a: Chansey|28/100
|-unboost|p1a: Obstagoon|def|1
|-unboost|p1a: Obstagoon|spd|1
|-damage|p1a: Obstagoon|68/100|[from] item: Life Orb
|
|upkeep
|turn|20
|
|t:|1661809792
|move|p1a: Obstagoon|Close Combat|p2a: Chansey
|-supereffective|p2a: Chansey
|-damage|p2a: Chansey|0 fnt
|-unboost|p1a: Obstagoon|def|1
|-unboost|p1a: Obstagoon|spd|1
|faint|p2a: Chansey
|-damage|p1a: Obstagoon|58/100|[from] item: Life Orb
|
|upkeep
|
|t:|1661809794
|switch|p2a: Cobalion|Cobalion|100/100
|turn|21
|
|t:|1661809801
|move|p2a: Cobalion|Swords Dance|p2a: Cobalion
|-boost|p2a: Cobalion|atk|2
|move|p1a: Obstagoon|Close Combat|p2a: Cobalion
|-supereffective|p2a: Cobalion
|-damage|p2a: Cobalion|24/100
|-unboost|p1a: Obstagoon|def|1
|-unboost|p1a: Obstagoon|spd|1
|-damage|p1a: Obstagoon|48/100|[from] item: Life Orb
|
|upkeep
|turn|22
|
|t:|1661809806
|move|p2a: Cobalion|Iron Head|p1a: Obstagoon
|-damage|p1a: Obstagoon|0 fnt
|faint|p1a: Obstagoon
|
|upkeep
|
|t:|1661809809
|switch|p1a: Thundurus|Thundurus-Therian, M|100/100
|turn|23
|
|t:|1661809812
|move|p2a: Cobalion|Close Combat|p1a: Thundurus
|-resisted|p1a: Thundurus
|-damage|p1a: Thundurus|21/100
|-unboost|p2a: Cobalion|def|1
|-unboost|p2a: Cobalion|spd|1
|move|p1a: Thundurus|Thunderbolt|p2a: Cobalion
|-damage|p2a: Cobalion|0 fnt
|faint|p2a: Cobalion
|
|upkeep
|
|t:|1661809814
|switch|p2a: Hydreigon|Hydreigon, M|36/100
|turn|24
|
|t:|1661809817
|move|p2a: Hydreigon|Dark Pulse|p1a: Thundurus
|-damage|p1a: Thundurus|0 fnt
|faint|p1a: Thundurus
|
|upkeep
|
|t:|1661809818
|switch|p1a: Haxorus|Haxorus, M|100/100
|-ability|p1a: Haxorus|Mold Breaker
|turn|25
|
|t:|1661809820
|move|p2a: Hydreigon|Dark Pulse|p1a: Haxorus
|-damage|p1a: Haxorus|39/100
|move|p1a: Haxorus|Close Combat|p2a: Hydreigon
|-supereffective|p2a: Hydreigon
|-damage|p2a: Hydreigon|0 fnt
|-unboost|p1a: Haxorus|def|1
|-unboost|p1a: Haxorus|spd|1
|faint|p2a: Hydreigon
|-damage|p1a: Haxorus|29/100|[from] item: Life Orb
|
|win|Takatk
|raw|Takatk's rating: 1324 &rarr; <strong>1345</strong><br />(+21 for winning)
|raw|Goro Yagami 9's rating: 1342 &rarr; <strong>1321</strong><br />(-21 for losing)
|c|☆Goro Yagami 9|gg
|l|☆Takatk
