|j|☆Corporate Donkey
|j|☆Pok3mon Jake
|t:|1666632401
|gametype|singles
|player|p1|Corporate Donkey|ingo|1427
|player|p2|Pok3mon Jake|unknown|1433
|teamsize|p1|6
|teamsize|p2|6
|gen|8
|tier|[Gen 8] UU
|rated|
|rule|Sleep Clause Mod: Limit one foe put to sleep
|rule|Species Clause: Limit one of each Pokémon
|rule|OHKO Clause: OHKO moves are banned
|rule|Evasion Items Clause: Evasion items are banned
|rule|Evasion Moves Clause: Evasion moves are banned
|rule|Endless Battle Clause: Forcing endless battles is banned
|rule|HP Percentage Mod: HP is shown in percentages
|rule|Dynamax Clause: You cannot dynamax
|clearpoke
|poke|p1|Hippowdon, F|
|poke|p1|Salamence, M|
|poke|p1|Hydreigon, F|
|poke|p1|Scizor, M|
|poke|p1|Slowking, L99, M|
|poke|p1|Tangrowth, M|
|poke|p2|Chandelure, F|
|poke|p2|Cobalion|
|poke|p2|Diggersby, M|
|poke|p2|Primarina, F|
|poke|p2|Amoonguss, M|
|poke|p2|Lycanroc-Dusk, M|
|teampreview
|inactive|Battle timer is ON: inactive players will automatically lose when time's up. (requested by Pok3mon Jake)
|c|☆Corporate Donkey|gl hf
|
|t:|1666632443
|start
|switch|p1a: Hydreigon|Hydreigon, F|100/100
|switch|p2a: Cobalion|Cobalion|100/100
|turn|1
|
|t:|1666632450
|move|p1a: Hydreigon|U-turn|p2a: Cobalion
|-resisted|p2a: Cobalion
|-damage|p2a: Cobalion|97/100
|-damage|p1a: Hydreigon|84/100|[from] item: Rocky Helmet|[of] p2a: Cobalion
|
|t:|1666632453
|switch|p1a: Hippowdon|Hippowdon, F|100/100|[from]move: U-turn
|-weather|Sandstorm|[from] ability: Sand Stream|[of] p1a: Hippowdon
|move|p2a: Cobalion|Close Combat|p1a: Hippowdon
|-damage|p1a: Hippowdon|69/100
|-unboost|p2a: Cobalion|def|1
|-unboost|p2a: Cobalion|spd|1
|
|-weather|Sandstorm|[upkeep]
|-heal|p1a: Hippowdon|75/100|[from] item: Leftovers
|upkeep
|turn|2
|
|t:|1666632461
|switch|p2a: Amoonguss|Amoonguss, M|100/100
|move|p1a: Hippowdon|Stealth Rock|p2a: Amoonguss
|-sidestart|p2: Pok3mon Jake|move: Stealth Rock
|
|-weather|Sandstorm|[upkeep]
|-damage|p2a: Amoonguss|94/100|[from] Sandstorm
|-heal|p1a: Hippowdon|81/100|[from] item: Leftovers
|upkeep
|turn|3
|
|t:|1666632471
|switch|p1a: Scizor|Scizor, M|100/100
|move|p2a: Amoonguss|Stun Spore|p1a: Scizor
|-status|p1a: Scizor|par
|
|-weather|Sandstorm|[upkeep]
|-damage|p2a: Amoonguss|88/100|[from] Sandstorm
|upkeep
|turn|4
|
|t:|1666632478
|switch|p2a: Cobalion|Cobalion|97/100
|-damage|p2a: Cobalion|94/100|[from] Stealth Rock
|move|p1a: Scizor|U-turn|p2a: Cobalion
|-resisted|p2a: Cobalion
|-damage|p2a: Cobalion|87/100
|-damage|p1a: Scizor|84/100 par|[from] item: Rocky Helmet|[of] p2a: Cobalion
|
|t:|1666632489
|switch|p1a: Slowking|Slowking, L99, M|100/100|[from]move: U-turn
|
|-weather|Sandstorm|[upkeep]
|-damage|p1a: Slowking|94/100|[from] Sandstorm
|upkeep
|turn|5
|
|t:|1666632510
|move|p2a: Cobalion|Stealth Rock|p1a: Slowking
|-sidestart|p1: Corporate Donkey|move: Stealth Rock
|move|p1a: Slowking|Future Sight|p2a: Cobalion
|-start|p1a: Slowking|move: Future Sight
|
|-weather|none
|upkeep
|turn|6
|
|t:|1666632519
|move|p2a: Cobalion|Volt Switch|p1a: Slowking
|-supereffective|p1a: Slowking
|-damage|p1a: Slowking|74/100
|
|t:|1666632523
|switch|p2a: Primarina|Primarina, F|100/100|[from]move: Volt Switch
|-damage|p2a: Primarina|88/100|[from] Stealth Rock
|move|p1a: Slowking|Scald|p2a: Primarina
|-resisted|p2a: Primarina
|-damage|p2a: Primarina|80/100
|-status|p2a: Primarina|brn
|
|-heal|p2a: Primarina|86/100 brn|[from] item: Leftovers
|-damage|p2a: Primarina|80/100 brn|[from] brn
|upkeep
|turn|7
|
|t:|1666632543
|switch|p1a: Tangrowth|Tangrowth, M|100/100
|-damage|p1a: Tangrowth|88/100|[from] Stealth Rock
|move|p2a: Primarina|Calm Mind|p2a: Primarina
|-boost|p2a: Primarina|spa|1
|-boost|p2a: Primarina|spd|1
|
|-end|p2a: Primarina|move: Future Sight
|-damage|p2a: Primarina|64/100 brn
|-heal|p2a: Primarina|70/100 brn|[from] item: Leftovers
|-damage|p2a: Primarina|64/100 brn|[from] brn
|upkeep
|turn|8
|
|t:|1666632548
|move|p2a: Primarina|Substitute|p2a: Primarina
|-start|p2a: Primarina|Substitute
|-damage|p2a: Primarina|39/100 brn
|move|p1a: Tangrowth|Power Whip|p2a: Primarina
|-supereffective|p2a: Primarina
|-end|p2a: Primarina|Substitute
|
|-heal|p2a: Primarina|45/100 brn|[from] item: Leftovers
|-damage|p2a: Primarina|39/100 brn|[from] brn
|upkeep
|turn|9
|
|t:|1666632563
|switch|p2a: Amoonguss|Amoonguss, M|100/100
|-damage|p2a: Amoonguss|88/100|[from] Stealth Rock
|move|p1a: Tangrowth|Power Whip|p2a: Amoonguss
|-resisted|p2a: Amoonguss
|-damage|p2a: Amoonguss|80/100
|-damage|p1a: Tangrowth|72/100|[from] item: Rocky Helmet|[of] p2a: Amoonguss
|
|upkeep
|turn|10
|
|t:|1666632580
|switch|p1a: Scizor|Scizor, M|84/100 par
|move|p2a: Amoonguss|Sludge Bomb|p1a: Scizor
|-immune|p1a: Scizor
|
|upkeep
|turn|11
|
|t:|1666632586
|switch|p2a: Cobalion|Cobalion|87/100
|-damage|p2a: Cobalion|84/100|[from] Stealth Rock
|switch|p1a: Salamence|Salamence, M|100/100
|-ability|p1a: Salamence|Intimidate|boost
|-unboost|p2a: Cobalion|atk|1
|
|upkeep
|turn|12
|
|t:|1666632589
|move|p2a: Cobalion|Volt Switch|p1a: Salamence
|-damage|p1a: Salamence|88/100
|
|t:|1666632610
|switch|p2a: Diggersby|Diggersby, M|100/100|[from]move: Volt Switch
|-damage|p2a: Diggersby|94/100|[from] Stealth Rock
|move|p1a: Salamence|Flamethrower|p2a: Diggersby
|-damage|p2a: Diggersby|64/100
|
|upkeep
|turn|13
|
|t:|1666632620
|switch|p1a: Tangrowth|Tangrowth, M|100/100
|-damage|p1a: Tangrowth|88/100|[from] Stealth Rock
|move|p2a: Diggersby|Body Slam|p1a: Tangrowth
|-damage|p1a: Tangrowth|60/100
|-status|p1a: Tangrowth|par
|
|upkeep
|turn|14
|
|t:|1666632639
|switch|p2a: Cobalion|Cobalion|84/100
|-damage|p2a: Cobalion|81/100|[from] Stealth Rock
|cant|p1a: Tangrowth|par
|
|upkeep
|turn|15
|
|t:|1666632644
|move|p2a: Cobalion|Volt Switch|p1a: Tangrowth
|-resisted|p1a: Tangrowth
|-damage|p1a: Tangrowth|55/100 par
|
|t:|1666632648
|switch|p2a: Amoonguss|Amoonguss, M|100/100|[from]move: Volt Switch
|-damage|p2a: Amoonguss|88/100|[from] Stealth Rock
|move|p1a: Tangrowth|Focus Blast|p2a: Amoonguss|[miss]
|-miss|p1a: Tangrowth|p2a: Amoonguss
|
|upkeep
|turn|16
|
|t:|1666632656
|switch|p1a: Scizor|Scizor, M|84/100 par
|move|p2a: Amoonguss|Foul Play|p1a: Scizor
|-damage|p1a: Scizor|59/100 par
|
|upkeep
|turn|17
|
|t:|1666632665
|switch|p2a: Cobalion|Cobalion|81/100
|-damage|p2a: Cobalion|78/100|[from] Stealth Rock
|move|p1a: Scizor|U-turn|p2a: Cobalion
|-resisted|p2a: Cobalion
|-damage|p2a: Cobalion|72/100
|-damage|p1a: Scizor|42/100 par|[from] item: Rocky Helmet|[of] p2a: Cobalion
|
|t:|1666632670
|switch|p1a: Salamence|Salamence, M|88/100|[from]move: U-turn
|-ability|p1a: Salamence|Intimidate|boost
|-unboost|p2a: Cobalion|atk|1
|
|upkeep
|turn|18
|
|t:|1666632673
|move|p2a: Cobalion|Volt Switch|p1a: Salamence
|-damage|p1a: Salamence|73/100
|
|t:|1666632679
|switch|p2a: Lycanroc|Lycanroc-Dusk, M|100/100|[from]move: Volt Switch
|-damage|p2a: Lycanroc|88/100|[from] Stealth Rock
|move|p1a: Salamence|Dual Wingbeat|p2a: Lycanroc
|-resisted|p2a: Lycanroc
|-damage|p2a: Lycanroc|74/100
|-resisted|p2a: Lycanroc
|-damage|p2a: Lycanroc|61/100
|-hitcount|p2a: Lycanroc|2
|
|upkeep
|turn|19
|
|t:|1666632698
|switch|p1a: Hippowdon|Hippowdon, F|81/100
|-damage|p1a: Hippowdon|75/100|[from] Stealth Rock
|-weather|Sandstorm|[from] ability: Sand Stream|[of] p1a: Hippowdon
|move|p2a: Lycanroc|Stone Edge|p1a: Hippowdon|[miss]
|-miss|p2a: Lycanroc|p1a: Hippowdon
|
|-weather|Sandstorm|[upkeep]
|-heal|p1a: Hippowdon|81/100|[from] item: Leftovers
|upkeep
|turn|20
|
|t:|1666632705
|switch|p2a: Amoonguss|Amoonguss, M|100/100
|-damage|p2a: Amoonguss|88/100|[from] Stealth Rock
|move|p1a: Hippowdon|Earthquake|p2a: Amoonguss
|-damage|p2a: Amoonguss|61/100
|
|-weather|Sandstorm|[upkeep]
|-damage|p2a: Amoonguss|55/100|[from] Sandstorm
|-heal|p1a: Hippowdon|87/100|[from] item: Leftovers
|upkeep
|turn|21
|
|t:|1666632714
|switch|p1a: Hydreigon|Hydreigon, F|84/100
|-damage|p1a: Hydreigon|72/100|[from] Stealth Rock
|move|p2a: Amoonguss|Foul Play|p1a: Hydreigon
|-resisted|p1a: Hydreigon
|-damage|p1a: Hydreigon|60/100
|
|-weather|Sandstorm|[upkeep]
|-damage|p1a: Hydreigon|54/100|[from] Sandstorm
|-damage|p2a: Amoonguss|49/100|[from] Sandstorm
|upkeep
|turn|22
|
|t:|1666632720
|switch|p2a: Primarina|Primarina, F|39/100 brn
|-damage|p2a: Primarina|26/100 brn|[from] Stealth Rock
|move|p1a: Hydreigon|Fire Blast|p2a: Primarina|[miss]
|-miss|p1a: Hydreigon|p2a: Primarina
|
|-weather|Sandstorm|[upkeep]
|-damage|p1a: Hydreigon|48/100|[from] Sandstorm
|-damage|p2a: Primarina|20/100 brn|[from] Sandstorm
|-heal|p2a: Primarina|26/100 brn|[from] item: Leftovers
|-damage|p2a: Primarina|20/100 brn|[from] brn
|upkeep
|turn|23
|
|t:|1666632731
|switch|p1a: Scizor|Scizor, M|42/100 par
|move|p2a: Primarina|Scald|p1a: Scizor
|-damage|p1a: Scizor|0 fnt
|faint|p1a: Scizor
|
|-weather|none
|-heal|p2a: Primarina|26/100 brn|[from] item: Leftovers
|-damage|p2a: Primarina|20/100 brn|[from] brn
|upkeep
|
|t:|1666632749
|switch|p1a: Tangrowth|Tangrowth, M|88/100 par
|-damage|p1a: Tangrowth|76/100 par|[from] Stealth Rock
|turn|24
|
|t:|1666632753
|move|p2a: Primarina|Draining Kiss|p1a: Tangrowth
|-damage|p1a: Tangrowth|61/100 par
|-heal|p2a: Primarina|33/100 brn|[from] drain|[of] p1a: Tangrowth
|cant|p1a: Tangrowth|par
|
|-heal|p2a: Primarina|39/100 brn|[from] item: Leftovers
|-damage|p2a: Primarina|33/100 brn|[from] brn
|upkeep
|turn|25
|
|t:|1666632758
|switch|p1a: Slowking|Slowking, L99, M|100/100
|-damage|p1a: Slowking|88/100|[from] Stealth Rock
|move|p2a: Primarina|Draining Kiss|p1a: Slowking
|-damage|p1a: Slowking|72/100
|-heal|p2a: Primarina|46/100 brn|[from] drain|[of] p1a: Slowking
|
|-heal|p2a: Primarina|52/100 brn|[from] item: Leftovers
|-damage|p2a: Primarina|46/100 brn|[from] brn
|upkeep
|turn|26
|
|t:|1666632763
|move|p2a: Primarina|Substitute|p2a: Primarina
|-start|p2a: Primarina|Substitute
|-damage|p2a: Primarina|21/100 brn
|move|p1a: Slowking|Future Sight|p2a: Primarina
|-start|p1a: Slowking|move: Future Sight
|
|-heal|p2a: Primarina|27/100 brn|[from] item: Leftovers
|-damage|p2a: Primarina|21/100 brn|[from] brn
|upkeep
|turn|27
|
|t:|1666632768
|switch|p1a: Tangrowth|Tangrowth, M|94/100 par
|-damage|p1a: Tangrowth|81/100 par|[from] Stealth Rock
|move|p2a: Primarina|Calm Mind|p2a: Primarina
|-boost|p2a: Primarina|spa|1
|-boost|p2a: Primarina|spd|1
|
|-heal|p2a: Primarina|27/100 brn|[from] item: Leftovers
|-damage|p2a: Primarina|21/100 brn|[from] brn
|upkeep
|turn|28
|
|t:|1666632770
|move|p2a: Primarina|Draining Kiss|p1a: Tangrowth
|-damage|p1a: Tangrowth|60/100 par
|-heal|p2a: Primarina|39/100 brn|[from] drain|[of] p1a: Tangrowth
|move|p1a: Tangrowth|Power Whip|p2a: Primarina|[miss]
|-miss|p1a: Tangrowth|p2a: Primarina
|
|-end|p2a: Primarina|move: Future Sight
|-activate|p2a: Primarina|move: Substitute|[damage]
|-heal|p2a: Primarina|45/100 brn|[from] item: Leftovers
|-damage|p2a: Primarina|39/100 brn|[from] brn
|upkeep
|turn|29
|
|t:|1666632775
|move|p2a: Primarina|Draining Kiss|p1a: Tangrowth
|-damage|p1a: Tangrowth|37/100 par
|-heal|p2a: Primarina|58/100 brn|[from] drain|[of] p1a: Tangrowth
|move|p1a: Tangrowth|Power Whip|p2a: Primarina
|-supereffective|p2a: Primarina
|-end|p2a: Primarina|Substitute
|
|-heal|p2a: Primarina|64/100 brn|[from] item: Leftovers
|-damage|p2a: Primarina|58/100 brn|[from] brn
|upkeep
|turn|30
|
|t:|1666632781
|move|p2a: Primarina|Draining Kiss|p1a: Tangrowth
|-damage|p1a: Tangrowth|13/100 par
|-heal|p2a: Primarina|78/100 brn|[from] drain|[of] p1a: Tangrowth
|move|p1a: Tangrowth|Power Whip|p2a: Primarina
|-supereffective|p2a: Primarina
|-damage|p2a: Primarina|0 fnt
|faint|p2a: Primarina
|
|upkeep
|
|t:|1666632787
|switch|p2a: Chandelure|Chandelure, F|100/100
|turn|31
|
|t:|1666632794
|move|p2a: Chandelure|Flamethrower|p1a: Tangrowth
|-supereffective|p1a: Tangrowth
|-damage|p1a: Tangrowth|0 fnt
|faint|p1a: Tangrowth
|
|upkeep
|
|t:|1666632798
|switch|p1a: Slowking|Slowking, L99, M|100/100
|-damage|p1a: Slowking|88/100|[from] Stealth Rock
|turn|32
|
|t:|1666632803
|switch|p1a: Hydreigon|Hydreigon, F|48/100
|-damage|p1a: Hydreigon|35/100|[from] Stealth Rock
|move|p2a: Chandelure|Toxic|p1a: Hydreigon
|-status|p1a: Hydreigon|tox
|
|-damage|p1a: Hydreigon|29/100 tox|[from] psn
|upkeep
|turn|33
|
|t:|1666632813
|switch|p1a: Hippowdon|Hippowdon, F|87/100
|-damage|p1a: Hippowdon|81/100|[from] Stealth Rock
|-weather|Sandstorm|[from] ability: Sand Stream|[of] p1a: Hippowdon
|move|p2a: Chandelure|Protect||[still]
|-fail|p2a: Chandelure
|
|-weather|Sandstorm|[upkeep]
|-damage|p2a: Chandelure|94/100|[from] Sandstorm
|-heal|p1a: Hippowdon|87/100|[from] item: Leftovers
|upkeep
|turn|34
|
|t:|1666632821
|switch|p2a: Amoonguss|Amoonguss, M|82/100
|-damage|p2a: Amoonguss|70/100|[from] Stealth Rock
|switch|p1a: Salamence|Salamence, M|73/100
|-ability|p1a: Salamence|Intimidate|boost
|-unboost|p2a: Amoonguss|atk|1
|
|-weather|Sandstorm|[upkeep]
|-damage|p1a: Salamence|67/100|[from] Sandstorm
|-damage|p2a: Amoonguss|63/100|[from] Sandstorm
|upkeep
|turn|35
|
|t:|1666632830
|switch|p2a: Cobalion|Cobalion|72/100
|-damage|p2a: Cobalion|69/100|[from] Stealth Rock
|move|p1a: Salamence|Flamethrower|p2a: Cobalion
|-supereffective|p2a: Cobalion
|-damage|p2a: Cobalion|14/100
|
|-weather|Sandstorm|[upkeep]
|-damage|p1a: Salamence|61/100|[from] Sandstorm
|upkeep
|turn|36
|
|t:|1666632838
|move|p2a: Cobalion|Iron Head|p1a: Salamence
|-damage|p1a: Salamence|34/100
|cant|p1a: Salamence|flinch
|
|-weather|Sandstorm|[upkeep]
|-damage|p1a: Salamence|28/100|[from] Sandstorm
|upkeep
|turn|37
|
|t:|1666632842
|move|p2a: Cobalion|Iron Head|p1a: Salamence
|-damage|p1a: Salamence|5/100
|cant|p1a: Salamence|flinch
|
|-weather|none
|upkeep
|turn|38
|
|t:|1666632848
|switch|p1a: Slowking|Slowking, L99, M|100/100
|-damage|p1a: Slowking|88/100|[from] Stealth Rock
|move|p2a: Cobalion|Iron Head|p1a: Slowking
|-resisted|p1a: Slowking
|-damage|p1a: Slowking|76/100
|
|upkeep
|turn|39
|
|t:|1666632851
|move|p2a: Cobalion|Volt Switch|p1a: Slowking
|-supereffective|p1a: Slowking
|-damage|p1a: Slowking|54/100
|
|t:|1666632854
|switch|p2a: Amoonguss|Amoonguss, M|97/100|[from]move: Volt Switch
|-damage|p2a: Amoonguss|84/100|[from] Stealth Rock
|move|p1a: Slowking|Future Sight|p2a: Amoonguss
|-start|p1a: Slowking|move: Future Sight
|
|upkeep
|turn|40
|
|t:|1666632868
|move|p2a: Amoonguss|Giga Drain|p1a: Slowking
|-supereffective|p1a: Slowking
|-damage|p1a: Slowking|18/100
|-heal|p2a: Amoonguss|100/100|[from] drain|[of] p1a: Slowking
|move|p1a: Slowking|Teleport|p1a: Slowking
|
|t:|1666632871
|switch|p1a: Salamence|Salamence, M|5/100|[from]move: Teleport
|-ability|p1a: Salamence|Intimidate|boost
|-unboost|p2a: Amoonguss|atk|1
|
|upkeep
|turn|41
|
|t:|1666632881
|switch|p2a: Cobalion|Cobalion|14/100
|-damage|p2a: Cobalion|10/100|[from] Stealth Rock
|move|p1a: Salamence|Roost|p1a: Salamence
|-heal|p1a: Salamence|55/100
|-singleturn|p1a: Salamence|move: Roost
|
|-end|p2a: Cobalion|move: Future Sight
|-damage|p2a: Cobalion|0 fnt
|faint|p2a: Cobalion
|upkeep
|
|t:|1666632883
|switch|p2a: Lycanroc|Lycanroc-Dusk, M|61/100
|-damage|p2a: Lycanroc|49/100|[from] Stealth Rock
|turn|42
|
|t:|1666632889
|switch|p1a: Hippowdon|Hippowdon, F|87/100
|-damage|p1a: Hippowdon|81/100|[from] Stealth Rock
|-weather|Sandstorm|[from] ability: Sand Stream|[of] p1a: Hippowdon
|move|p2a: Lycanroc|Stone Edge|p1a: Hippowdon
|-resisted|p1a: Hippowdon
|-damage|p1a: Hippowdon|59/100
|
|-weather|Sandstorm|[upkeep]
|-heal|p1a: Hippowdon|65/100|[from] item: Leftovers
|upkeep
|turn|43
|
|t:|1666632895
|switch|p2a: Amoonguss|Amoonguss, M|100/100
|-damage|p2a: Amoonguss|88/100|[from] Stealth Rock
|switch|p1a: Salamence|Salamence, M|55/100
|-ability|p1a: Salamence|Intimidate|boost
|-unboost|p2a: Amoonguss|atk|1
|
|-weather|Sandstorm|[upkeep]
|-damage|p1a: Salamence|48/100|[from] Sandstorm
|-damage|p2a: Amoonguss|82/100|[from] Sandstorm
|upkeep
|turn|44
|
|t:|1666632902
|switch|p2a: Diggersby|Diggersby, M|64/100
|-damage|p2a: Diggersby|58/100|[from] Stealth Rock
|move|p1a: Salamence|Roost|p1a: Salamence
|-heal|p1a: Salamence|98/100
|-singleturn|p1a: Salamence|move: Roost
|
|-weather|Sandstorm|[upkeep]
|-damage|p1a: Salamence|92/100|[from] Sandstorm
|upkeep
|turn|45
|
|t:|1666632909
|move|p2a: Diggersby|Body Slam|p1a: Salamence
|-damage|p1a: Salamence|54/100
|move|p1a: Salamence|Dual Wingbeat|p2a: Diggersby
|-damage|p2a: Diggersby|34/100
|-damage|p2a: Diggersby|11/100
|-hitcount|p2a: Diggersby|2
|
|-weather|Sandstorm|[upkeep]
|-damage|p1a: Salamence|48/100|[from] Sandstorm
|upkeep
|turn|46
|
|t:|1666632922
|switch|p1a: Hydreigon|Hydreigon, F|29/100 tox
|-damage|p1a: Hydreigon|17/100 tox|[from] Stealth Rock
|move|p2a: Diggersby|Body Slam|p1a: Hydreigon
|-damage|p1a: Hydreigon|0 fnt
|faint|p1a: Hydreigon
|
|-weather|none
|upkeep
|
|t:|1666632924
|switch|p1a: Salamence|Salamence, M|48/100
|-ability|p1a: Salamence|Intimidate|boost
|-unboost|p2a: Diggersby|atk|1
|turn|47
|
|t:|1666632928
|move|p2a: Diggersby|Body Slam|p1a: Salamence
|-damage|p1a: Salamence|21/100
|move|p1a: Salamence|Roost|p1a: Salamence
|-heal|p1a: Salamence|71/100
|-singleturn|p1a: Salamence|move: Roost
|
|upkeep
|turn|48
|
|t:|1666632933
|switch|p1a: Slowking|Slowking, L99, M|51/100
|-damage|p1a: Slowking|39/100|[from] Stealth Rock
|move|p2a: Diggersby|Body Slam|p1a: Slowking
|-crit|p1a: Slowking
|-damage|p1a: Slowking|0 fnt
|faint|p1a: Slowking
|
|upkeep
|
|t:|1666632937
|switch|p1a: Salamence|Salamence, M|71/100
|-ability|p1a: Salamence|Intimidate|boost
|-unboost|p2a: Diggersby|atk|1
|turn|49
|
|t:|1666632942
|switch|p1a: Hippowdon|Hippowdon, F|65/100
|-damage|p1a: Hippowdon|59/100|[from] Stealth Rock
|-weather|Sandstorm|[from] ability: Sand Stream|[of] p1a: Hippowdon
|move|p2a: Diggersby|Body Slam|p1a: Hippowdon
|-damage|p1a: Hippowdon|44/100
|-status|p1a: Hippowdon|par
|
|-weather|Sandstorm|[upkeep]
|-heal|p1a: Hippowdon|50/100 par|[from] item: Leftovers
|upkeep
|turn|50
|
|t:|1666632944
|move|p2a: Diggersby|Body Slam|p1a: Hippowdon
|-damage|p1a: Hippowdon|34/100 par
|move|p1a: Hippowdon|Slack Off|p1a: Hippowdon
|-heal|p1a: Hippowdon|84/100 par
|
|-weather|Sandstorm|[upkeep]
|-heal|p1a: Hippowdon|90/100 par|[from] item: Leftovers
|upkeep
|turn|51
|
|t:|1666632949
|move|p2a: Diggersby|Body Slam|p1a: Hippowdon
|-damage|p1a: Hippowdon|73/100 par
|move|p1a: Hippowdon|Toxic|p2a: Diggersby
|-status|p2a: Diggersby|tox
|
|-weather|Sandstorm|[upkeep]
|-heal|p1a: Hippowdon|80/100 par|[from] item: Leftovers
|-damage|p2a: Diggersby|5/100 tox|[from] psn
|upkeep
|turn|52
|
|t:|1666632952
|move|p2a: Diggersby|Body Slam|p1a: Hippowdon
|-damage|p1a: Hippowdon|64/100 par
|move|p1a: Hippowdon|Slack Off|p1a: Hippowdon
|-heal|p1a: Hippowdon|100/100 par
|
|-weather|Sandstorm|[upkeep]
|-damage|p2a: Diggersby|0 fnt|[from] psn
|faint|p2a: Diggersby
|upkeep
|
|t:|1666632958
|switch|p2a: Amoonguss|Amoonguss, M|100/100
|-damage|p2a: Amoonguss|88/100|[from] Stealth Rock
|turn|53
|
|t:|1666632960
|switch|p1a: Salamence|Salamence, M|71/100
|-ability|p1a: Salamence|Intimidate|boost
|-unboost|p2a: Amoonguss|atk|1
|move|p2a: Amoonguss|Giga Drain|p1a: Salamence
|-resisted|p1a: Salamence
|-damage|p1a: Salamence|64/100
|-heal|p2a: Amoonguss|91/100|[from] drain|[of] p1a: Salamence
|
|-weather|none
|upkeep
|turn|54
|
|t:|1666632968
|switch|p1a: Hippowdon|Hippowdon, F|100/100 par
|-damage|p1a: Hippowdon|94/100 par|[from] Stealth Rock
|-weather|Sandstorm|[from] ability: Sand Stream|[of] p1a: Hippowdon
|move|p2a: Amoonguss|Stun Spore|p1a: Hippowdon
|-fail|p1a: Hippowdon|par
|
|-weather|Sandstorm|[upkeep]
|-damage|p2a: Amoonguss|85/100|[from] Sandstorm
|-heal|p1a: Hippowdon|100/100 par|[from] item: Leftovers
|upkeep
|turn|55
|
|t:|1666632972
|switch|p1a: Salamence|Salamence, M|64/100
|-ability|p1a: Salamence|Intimidate|boost
|-unboost|p2a: Amoonguss|atk|1
|move|p2a: Amoonguss|Giga Drain|p1a: Salamence
|-resisted|p1a: Salamence
|-damage|p1a: Salamence|59/100
|-heal|p2a: Amoonguss|87/100|[from] drain|[of] p1a: Salamence
|
|-weather|Sandstorm|[upkeep]
|-damage|p1a: Salamence|53/100|[from] Sandstorm
|-damage|p2a: Amoonguss|81/100|[from] Sandstorm
|upkeep
|turn|56
|
|t:|1666632977
|move|p1a: Salamence|Dual Wingbeat|p2a: Amoonguss
|-supereffective|p2a: Amoonguss
|-damage|p2a: Amoonguss|57/100
|-damage|p1a: Salamence|36/100|[from] item: Rocky Helmet|[of] p2a: Amoonguss
|-supereffective|p2a: Amoonguss
|-damage|p2a: Amoonguss|32/100
|-damage|p1a: Salamence|20/100|[from] item: Rocky Helmet|[of] p2a: Amoonguss
|-hitcount|p2a: Amoonguss|2
|move|p2a: Amoonguss|Stun Spore|p1a: Salamence
|-status|p1a: Salamence|par
|
|-weather|Sandstorm|[upkeep]
|-damage|p1a: Salamence|13/100 par|[from] Sandstorm
|-damage|p2a: Amoonguss|26/100|[from] Sandstorm
|upkeep
|turn|57
|
|t:|1666632982
|move|p1a: Salamence|Roost|p1a: Salamence
|-heal|p1a: Salamence|63/100 par
|-singleturn|p1a: Salamence|move: Roost
|move|p2a: Amoonguss|Sludge Bomb|p1a: Salamence
|-crit|p1a: Salamence
|-damage|p1a: Salamence|21/100 par
|
|-weather|Sandstorm|[upkeep]
|-damage|p1a: Salamence|15/100 par|[from] Sandstorm
|-damage|p2a: Amoonguss|19/100|[from] Sandstorm
|upkeep
|turn|58
|
|t:|1666632988
|switch|p2a: Lycanroc|Lycanroc-Dusk, M|49/100
|-damage|p2a: Lycanroc|36/100|[from] Stealth Rock
|move|p1a: Salamence|Dual Wingbeat|p2a: Lycanroc|[miss]
|-miss|p1a: Salamence|p2a: Lycanroc
|
|-weather|none
|upkeep
|turn|59
|
|t:|1666632995
|switch|p1a: Hippowdon|Hippowdon, F|100/100 par
|-damage|p1a: Hippowdon|94/100 par|[from] Stealth Rock
|-weather|Sandstorm|[from] ability: Sand Stream|[of] p1a: Hippowdon
|move|p2a: Lycanroc|Close Combat|p1a: Hippowdon
|-damage|p1a: Hippowdon|46/100 par
|-unboost|p2a: Lycanroc|def|1
|-unboost|p2a: Lycanroc|spd|1
|
|-weather|Sandstorm|[upkeep]
|-heal|p1a: Hippowdon|53/100 par|[from] item: Leftovers
|upkeep
|turn|60
|
|t:|1666633003
|switch|p2a: Amoonguss|Amoonguss, M|53/100
|-damage|p2a: Amoonguss|40/100|[from] Stealth Rock
|move|p1a: Hippowdon|Earthquake|p2a: Amoonguss
|-damage|p2a: Amoonguss|15/100
|
|-weather|Sandstorm|[upkeep]
|-damage|p2a: Amoonguss|8/100|[from] Sandstorm
|-heal|p1a: Hippowdon|59/100 par|[from] item: Leftovers
|upkeep
|turn|61
|
|t:|1666633012
|move|p2a: Amoonguss|Giga Drain|p1a: Hippowdon
|-supereffective|p1a: Hippowdon
|-damage|p1a: Hippowdon|20/100 par
|-heal|p2a: Amoonguss|27/100|[from] drain|[of] p1a: Hippowdon
|move|p1a: Hippowdon|Earthquake|p2a: Amoonguss
|-damage|p2a: Amoonguss|0 fnt
|faint|p2a: Amoonguss
|
|-weather|Sandstorm|[upkeep]
|-heal|p1a: Hippowdon|26/100 par|[from] item: Leftovers
|upkeep
|
|t:|1666633014
|switch|p2a: Chandelure|Chandelure, F|94/100
|turn|62
|j| TJ Too Smooth
|
|t:|1666633019
|move|p2a: Chandelure|Hex|p1a: Hippowdon
|-damage|p1a: Hippowdon|0 fnt
|faint|p1a: Hippowdon
|
|-weather|Sandstorm|[upkeep]
|-damage|p2a: Chandelure|88/100|[from] Sandstorm
|upkeep
|
|t:|1666633021
|switch|p1a: Salamence|Salamence, M|15/100 par
|-ability|p1a: Salamence|Intimidate|boost
|-unboost|p2a: Chandelure|atk|1
|turn|63
|c|☆Corporate Donkey|gg
|
|t:|1666633025
|move|p2a: Chandelure|Hex|p1a: Salamence
|-damage|p1a: Salamence|0 fnt
|faint|p1a: Salamence
|
|win|Pok3mon Jake
|raw|Corporate Donkey's rating: 1427 &rarr; <strong>1407</strong><br />(-20 for losing)
|raw|Pok3mon Jake's rating: 1433 &rarr; <strong>1453</strong><br />(+20 for winning)
|l|☆Corporate Donkey
|l| TJ Too Smooth
|l|☆Pok3mon Jake
|j|☆Pok3mon Jake
|player|p2|Pok3mon Jake|unknown
