|j|☆Exdeath57
|j|☆SSRW26 Swoosh
|t:|1610156172
|player|p1|Exdeath57|169|1439
|player|p2|SSRW26 Swoosh|korrina|1576
|teamsize|p1|6
|teamsize|p2|6
|gametype|singles
|gen|8
|tier|[Gen 8] UU
|rated|
|clearpoke
|poke|p1|Indeedee, M|
|poke|p1|Salamence, M|
|poke|p1|Alakazam, M|
|poke|p1|Mew|
|poke|p1|Hatterene, F|
|poke|p1|Zeraora|
|poke|p2|Thundurus, M|
|poke|p2|Scizor, F|
|poke|p2|Hatterene, F|
|poke|p2|Seismitoad, F|
|poke|p2|Zarude-Dada|
|poke|p2|Victini|
|rule|Sleep Clause Mod: Limit one foe put to sleep
|rule|Species Clause: Limit one of each Pokémon
|rule|OHKO Clause: OHKO moves are banned
|rule|Evasion Moves Clause: Evasion moves are banned
|rule|Endless Battle Clause: Forcing endless battles is banned
|rule|HP Percentage Mod: HP is shown in percentages
|rule|Dynamax Clause: You cannot dynamax
|teampreview
|inactive|Battle timer is ON: inactive players will automatically lose when time's up. (requested by SSRW26 Swoosh)
|
|t:|1610156200
|start
|switch|p1a: Mew|Mew|100/100
|switch|p2a: Victini|Victini|100/100
|turn|1
|
|t:|1610156206
|switch|p2a: Hatterene|Hatterene, F, shiny|100/100
|move|p1a: Mew|Trick|p2a: Hatterene
|-activate|p1a: Mew|move: Trick|[of] p2a: Hatterene
|-item|p2a: Hatterene|Sticky Barb|[from] move: Trick
|-item|p1a: Mew|Leftovers|[from] move: Trick
|
|-damage|p2a: Hatterene|88/100|[from] item: Sticky Barb
|upkeep
|turn|2
|
|t:|1610156226
|switch|p1a: Hatterene|Hatterene, F|100/100
|move|p2a: Hatterene|Draining Kiss|p1a: Hatterene
|-damage|p1a: Hatterene|78/100
|-heal|p2a: Hatterene|100/100|[from] drain|[of] p1a: Hatterene
|
|-heal|p1a: Hatterene|84/100|[from] item: Leftovers
|-damage|p2a: Hatterene|88/100|[from] item: Sticky Barb
|upkeep
|turn|3
|
|t:|1610156243
|switch|p2a: Victini|Victini|100/100
|move|p1a: Hatterene|Nuzzle|p2a: Victini
|-damage|p2a: Victini|96/100
|-status|p2a: Victini|par
|
|-heal|p1a: Hatterene|90/100|[from] item: Leftovers
|upkeep
|turn|4
|
|t:|1610156258
|switch|p1a: Mew|Mew|100/100
|cant|p2a: Victini|par
|
|upkeep
|turn|5
|
|t:|1610156273
|switch|p2a: Hatterene|Hatterene, F, shiny|88/100
|switch|p1a: Salamence|Salamence, M|100/100
|
|-damage|p2a: Hatterene|76/100|[from] item: Sticky Barb
|upkeep
|turn|6
|
|t:|1610156282
|switch|p1a: Hatterene|Hatterene, F|90/100
|switch|p2a: Scizor|Scizor, F|100/100
|
|-heal|p1a: Hatterene|96/100|[from] item: Leftovers
|upkeep
|turn|7
|
|t:|1610156291
|move|p2a: Scizor|U-turn|p1a: Hatterene
|-damage|p1a: Hatterene|52/100
|
|t:|1610156302
|switch|p2a: Victini|Victini|96/100 par|[from]move: U-turn
|move|p1a: Hatterene|Mystical Fire|p2a: Victini
|-resisted|p2a: Victini
|-damage|p2a: Victini|86/100 par
|-unboost|p2a: Victini|spa|1
|
|-heal|p1a: Hatterene|58/100|[from] item: Leftovers
|upkeep
|turn|8
|
|t:|1610156323
|switch|p1a: Salamence|Salamence, M|100/100
|move|p2a: Victini|V-create|p1a: Salamence
|-resisted|p1a: Salamence
|-damage|p1a: Salamence|54/100
|-unboost|p2a: Victini|spe|1
|-unboost|p2a: Victini|def|1
|-unboost|p2a: Victini|spd|1
|
|upkeep
|turn|9
|
|t:|1610156342
|switch|p2a: Scizor|Scizor, F|100/100
|move|p1a: Salamence|Dragon Dance|p1a: Salamence
|-boost|p1a: Salamence|atk|1
|-boost|p1a: Salamence|spe|1
|
|upkeep
|turn|10
|
|t:|1610156346
|move|p2a: Scizor|Bullet Punch|p1a: Salamence
|-damage|p1a: Salamence|0 fnt
|faint|p1a: Salamence
|
|upkeep
|
|t:|1610156350
|switch|p1a: Indeedee|Indeedee, M, shiny|100/100
|-fieldstart|move: Psychic Terrain|[from] ability: Psychic Surge|[of] p1a: Indeedee
|turn|11
|
|t:|1610156372
|switch|p2a: Hatterene|Hatterene, F, shiny|76/100
|move|p1a: Indeedee|Mystical Fire|p2a: Hatterene
|-damage|p2a: Hatterene|53/100
|-unboost|p2a: Hatterene|spa|1
|
|-damage|p2a: Hatterene|41/100|[from] item: Sticky Barb
|upkeep
|turn|12
|
|t:|1610156381
|move|p1a: Indeedee|Mystical Fire|p2a: Hatterene
|-damage|p2a: Hatterene|17/100
|-unboost|p2a: Hatterene|spa|1
|move|p2a: Hatterene|Mystical Fire|p1a: Indeedee
|-damage|p1a: Indeedee|86/100
|-unboost|p1a: Indeedee|spa|1
|
|-damage|p2a: Hatterene|5/100|[from] item: Sticky Barb
|upkeep
|turn|13
|
|t:|1610156393
|switch|p1a: Mew|Mew|100/100
|move|p2a: Hatterene|Mystical Fire|p1a: Mew
|-damage|p1a: Mew|92/100
|-unboost|p1a: Mew|spa|1
|
|-heal|p1a: Mew|98/100|[from] item: Leftovers
|-damage|p2a: Hatterene|0 fnt|[from] item: Sticky Barb
|faint|p2a: Hatterene
|upkeep
|
|t:|1610156405
|switch|p2a: Zarude|Zarude-Dada|100/100
|turn|14
|
|t:|1610156415
|move|p2a: Zarude|Bulk Up|p2a: Zarude
|-boost|p2a: Zarude|atk|1
|-boost|p2a: Zarude|def|1
|move|p1a: Mew|Thunder Wave|p2a: Zarude
|-status|p2a: Zarude|par
|
|-heal|p1a: Mew|100/100|[from] item: Leftovers
|upkeep
|turn|15
|
|t:|1610156422
|move|p1a: Mew|Knock Off|p2a: Zarude
|-resisted|p2a: Zarude
|-damage|p2a: Zarude|94/100 par
|-enditem|p2a: Zarude|Leftovers|[from] move: Knock Off|[of] p1a: Mew
|move|p2a: Zarude|Jungle Healing|p2a: Zarude
|-heal|p2a: Zarude|100/100 par
|-curestatus|p2a: Zarude|par|[msg]
|
|-fieldend|move: Psychic Terrain
|upkeep
|turn|16
|
|t:|1610156433
|switch|p1a: Indeedee|Indeedee, M, shiny|86/100
|-fieldstart|move: Psychic Terrain|[from] ability: Psychic Surge|[of] p1a: Indeedee
|move|p2a: Zarude|Darkest Lariat|p1a: Indeedee
|-supereffective|p1a: Indeedee
|-damage|p1a: Indeedee|0 fnt
|faint|p1a: Indeedee
|
|upkeep
|
|t:|1610156442
|switch|p1a: Alakazam|Alakazam, M|100/100
|turn|17
|inactive|SSRW26 Swoosh has 120 seconds left.
|
|t:|1610156472
|move|p1a: Alakazam|Dazzling Gleam|p2a: Zarude
|-supereffective|p2a: Zarude
|-damage|p2a: Zarude|12/100
|move|p2a: Zarude|Darkest Lariat|p1a: Alakazam
|-supereffective|p1a: Alakazam
|-crit|p1a: Alakazam
|-damage|p1a: Alakazam|0 fnt
|faint|p1a: Alakazam
|
|upkeep
|
|t:|1610156481
|switch|p1a: Zeraora|Zeraora, shiny|100/100
|turn|18
|
|t:|1610156494
|switch|p2a: Seismitoad|Seismitoad, F, shiny|100/100
|move|p1a: Zeraora|Bulk Up|p1a: Zeraora
|-boost|p1a: Zeraora|atk|1
|-boost|p1a: Zeraora|def|1
|
|upkeep
|turn|19
|
|t:|1610156502
|move|p1a: Zeraora|Knock Off|p2a: Seismitoad
|-damage|p2a: Seismitoad|66/100
|-enditem|p2a: Seismitoad|Leftovers|[from] move: Knock Off|[of] p1a: Zeraora
|move|p2a: Seismitoad|Earthquake|p1a: Zeraora
|-supereffective|p1a: Zeraora
|-damage|p1a: Zeraora|49/100
|
|-heal|p1a: Zeraora|56/100|[from] item: Leftovers
|upkeep
|turn|20
|
|t:|1610156511
|move|p1a: Zeraora|Drain Punch|p2a: Seismitoad
|-damage|p2a: Seismitoad|41/100
|-heal|p1a: Zeraora|72/100|[from] drain|[of] p2a: Seismitoad
|move|p2a: Seismitoad|Earthquake|p1a: Zeraora
|-supereffective|p1a: Zeraora
|-damage|p1a: Zeraora|20/100
|
|-heal|p1a: Zeraora|27/100|[from] item: Leftovers
|-fieldend|move: Psychic Terrain
|upkeep
|turn|21
|
|t:|1610156523
|move|p1a: Zeraora|Drain Punch|p2a: Seismitoad
|-damage|p2a: Seismitoad|16/100
|-heal|p1a: Zeraora|43/100|[from] drain|[of] p2a: Seismitoad
|move|p2a: Seismitoad|Earthquake|p1a: Zeraora
|-supereffective|p1a: Zeraora
|-damage|p1a: Zeraora|0 fnt
|faint|p1a: Zeraora
|
|upkeep
|
|t:|1610156531
|switch|p1a: Hatterene|Hatterene, F|58/100
|turn|22
|
|t:|1610156542
|switch|p1a: Mew|Mew|100/100
|move|p2a: Seismitoad|Earthquake|p1a: Mew
|-crit|p1a: Mew
|-damage|p1a: Mew|71/100
|
|-heal|p1a: Mew|77/100|[from] item: Leftovers
|upkeep
|turn|23
|
|t:|1610156550
|move|p1a: Mew|Stealth Rock|p2a: Seismitoad
|-sidestart|p2: SSRW26 Swoosh|move: Stealth Rock
|move|p2a: Seismitoad|Knock Off|p1a: Mew
|-supereffective|p1a: Mew
|-damage|p1a: Mew|49/100
|-enditem|p1a: Mew|Leftovers|[from] move: Knock Off|[of] p2a: Seismitoad
|
|upkeep
|turn|24
|
|t:|1610156558
|move|p1a: Mew|Knock Off|p2a: Seismitoad
|-damage|p2a: Seismitoad|5/100
|move|p2a: Seismitoad|Earthquake|p1a: Mew
|-damage|p1a: Mew|27/100
|
|upkeep
|turn|25
|
|t:|1610156563
|move|p1a: Mew|Knock Off|p2a: Seismitoad
|-damage|p2a: Seismitoad|0 fnt
|faint|p2a: Seismitoad
|
|upkeep
|
|t:|1610156564
|switch|p2a: Thundurus|Thundurus, M, shiny|100/100
|-damage|p2a: Thundurus|76/100|[from] Stealth Rock
|turn|26
|
|t:|1610156570
|move|p2a: Thundurus|Thunderbolt|p1a: Mew
|-damage|p1a: Mew|0 fnt
|-damage|p2a: Thundurus|66/100|[from] item: Life Orb
|faint|p1a: Mew
|
|upkeep
|
|t:|1610156573
|switch|p1a: Hatterene|Hatterene, F|58/100
|turn|27
|
|t:|1610156577
|move|p2a: Thundurus|Thunderbolt|p1a: Hatterene
|-damage|p1a: Hatterene|0 fnt
|-damage|p2a: Thundurus|56/100|[from] item: Life Orb
|faint|p1a: Hatterene
|
|win|SSRW26 Swoosh
|l|☆Exdeath57
|raw|Exdeath57's rating: 1439 &rarr; <strong>1427</strong><br />(-12 for losing)
|raw|SSRW26 Swoosh's rating: 1576 &rarr; <strong>1589</strong><br />(+13 for winning)
