|j|☆haxlolo
|j|☆Permission Slip
|t:|1665103081
|gametype|singles
|player|p1|haxlolo|giovanni-masters|
|player|p2|Permission Slip|morty-masters2|
|teamsize|p1|6
|teamsize|p2|6
|gen|8
|tier|[Gen 8] UU
|rule|Sleep Clause Mod: Limit one foe put to sleep
|rule|Species Clause: Limit one of each Pokémon
|rule|OHKO Clause: OHKO moves are banned
|rule|Evasion Items Clause: Evasion items are banned
|rule|Evasion Moves Clause: Evasion moves are banned
|rule|Endless Battle Clause: Forcing endless battles is banned
|rule|HP Percentage Mod: HP is shown in percentages
|rule|Dynamax Clause: You cannot dynamax
|clearpoke
|poke|p1|Porygon-Z|
|poke|p1|Thundurus-Therian, M|
|poke|p1|Azelf|
|poke|p1|Hydreigon, M|
|poke|p1|Tangrowth, F|
|poke|p1|Cobalion|
|poke|p2|Articuno-Galar|
|poke|p2|Tangrowth, M|
|poke|p2|Registeel|
|poke|p2|Azumarill, F|
|poke|p2|Diggersby, F|
|poke|p2|Salamence, M|
|teampreview
|c|☆haxlolo|ugh
|c|☆haxlolo|you registeel here
|c|☆haxlolo|wow...
|c|☆Permission Slip|i thought about making a porygon z here
|j| amogusroxyrrrr
|j| The SD sweep
|j| Liz Angeles
|j| Queen of Bean ✿
|c|☆Permission Slip|i cant say anything but yes
|j| termotanque55
|c|☆haxlolo|im ngl
|c|☆haxlolo|i was about to
|c|☆haxlolo|maractus you
|c|☆haxlolo|LOL
|c|☆Permission Slip|based LOL
|
|t:|1665103135
|start
|switch|p1a: Porygon-Z|Porygon-Z|100/100
|switch|p2a: Diggersby|Diggersby, F|100/100
|turn|1
|j| spooko-xiv
|j| Luirromen
|c|☆haxlolo|but decided that hoing in an all ur mons match was too bad
|
|t:|1665103150
|switch|p1a: Tangrowth|Tangrowth, F|100/100
|move|p2a: Diggersby|U-turn|p1a: Tangrowth
|-supereffective|p1a: Tangrowth
|-damage|p1a: Tangrowth|67/100
|j| BigFatMantis
|c| amogusroxyrrrr|what about jim
|j| jimmy gible
|c| spooko-xiv|not the registeel
|j| Codename Rae
|
|t:|1665103163
|switch|p2a: Salamence|Salamence, M|100/100|[from]move: U-turn
|-ability|p2a: Salamence|Intimidate|boost
|-unboost|p1a: Tangrowth|atk|1
|
|upkeep
|turn|2
|
|t:|1665103168
|switch|p1a: Thundurus|Thundurus-Therian, M|100/100
|move|p2a: Salamence|Toxic|p1a: Thundurus|[miss]
|-miss|p2a: Salamence|p1a: Thundurus
|
|upkeep
|turn|3
|
|t:|1665103172
|switch|p2a: Tangrowth|Tangrowth, M|100/100
|move|p1a: Thundurus|Knock Off|p2a: Tangrowth
|-damage|p2a: Tangrowth|88/100
|-enditem|p2a: Tangrowth|Assault Vest|[from] move: Knock Off|[of] p1a: Thundurus
|
|upkeep
|turn|4
|
|t:|1665103174
|move|p1a: Thundurus|Volt Switch|p2a: Tangrowth
|-resisted|p2a: Tangrowth
|-crit|p2a: Tangrowth
|-damage|p2a: Tangrowth|52/100
|c| Luirromen|the broken special attackers gang oml
|
|t:|1665103181
|switch|p1a: Hydreigon|Hydreigon, M|100/100|[from]move: Volt Switch
|move|p2a: Tangrowth|Knock Off|p1a: Hydreigon
|-resisted|p1a: Hydreigon
|-damage|p1a: Hydreigon|88/100
|-enditem|p1a: Hydreigon|Choice Scarf|[from] move: Knock Off|[of] p2a: Tangrowth
|
|upkeep
|turn|5
|
|t:|1665103186
|switch|p2a: Azumarill|Azumarill, F|100/100
|move|p1a: Hydreigon|U-turn|p2a: Azumarill
|-resisted|p2a: Azumarill
|-damage|p2a: Azumarill|92/100
|l| Queen of Bean ✿
|
|t:|1665103188
|switch|p1a: Porygon-Z|Porygon-Z|100/100|[from]move: U-turn
|
|upkeep
|turn|6
|c| jimmy gible|this is like the contest of the unmons
|c| spooko-xiv|fr!
|
|t:|1665103205
|switch|p2a: Registeel|Registeel|100/100
|move|p1a: Porygon-Z|Trick|p2a: Registeel
|-activate|p1a: Porygon-Z|move: Trick|[of] p2a: Registeel
|-item|p2a: Registeel|Choice Specs|[from] move: Trick
|-item|p1a: Porygon-Z|Leftovers|[from] move: Trick
|
|upkeep
|turn|7
|c|☆haxlolo|ok thank god
|c|☆Permission Slip|god i shoulda just brought the passimiam team
|c| spooko-xiv|gone
|j| Queen of Bean ✿
|
|t:|1665103212
|switch|p1a: Azelf|Azelf|100/100
|move|p2a: Registeel|Stealth Rock|p1a: Azelf
|-sidestart|p1: haxlolo|move: Stealth Rock
|
|upkeep
|turn|8
|c|☆haxlolo|oh.
|c| spooko-xiv|,
|c| Luirromen|oh its not the demon
|c| spooko-xiv|its
|c|☆Permission Slip|cant believe you thought id do you like that
|c|☆Permission Slip|smh
|
|t:|1665103227
|switch|p2a: Salamence|Salamence, M|100/100
|-ability|p2a: Salamence|Intimidate|boost
|-unboost|p1a: Azelf|atk|1
|move|p1a: Azelf|Psychic|p2a: Salamence
|-damage|p2a: Salamence|55/100
|
|upkeep
|turn|9
|c| Codename Rae|SPECS STEALTH ROCK
|
|t:|1665103230
|move|p1a: Azelf|Psychic|p2a: Salamence
|-damage|p2a: Salamence|10/100
|move|p2a: Salamence|Roost|p2a: Salamence
|-heal|p2a: Salamence|60/100
|-singleturn|p2a: Salamence|move: Roost
|
|upkeep
|turn|10
|c| Codename Rae|LETS GOOOOOO
|
|t:|1665103236
|switch|p2a: Articuno|Articuno-Galar|100/100
|move|p1a: Azelf|U-turn|p2a: Articuno
|-damage|p2a: Articuno|87/100
|c| spooko-xiv|double rocks damage!
|
|t:|1665103244
|switch|p1a: Thundurus|Thundurus-Therian, M|100/100|[from]move: U-turn
|
|upkeep
|turn|11
|
|t:|1665103248
|switch|p2a: Tangrowth|Tangrowth, M|85/100
|move|p1a: Thundurus|Volt Switch|p2a: Tangrowth
|-resisted|p2a: Tangrowth
|-damage|p2a: Tangrowth|65/100
|
|t:|1665103253
|switch|p1a: Porygon-Z|Porygon-Z|100/100|[from]move: Volt Switch
|-damage|p1a: Porygon-Z|88/100|[from] Stealth Rock
|
|-heal|p1a: Porygon-Z|94/100|[from] item: Leftovers
|upkeep
|turn|12
|
|t:|1665103256
|switch|p2a: Registeel|Registeel|100/100
|move|p1a: Porygon-Z|Tri Attack|p2a: Registeel
|-resisted|p2a: Registeel
|-damage|p2a: Registeel|83/100
|
|-heal|p1a: Porygon-Z|100/100|[from] item: Leftovers
|upkeep
|turn|13
|c|☆haxlolo|damaged
|c|☆haxlolo|omg
|
|t:|1665103264
|switch|p1a: Tangrowth|Tangrowth, F|99/100
|-damage|p1a: Tangrowth|88/100|[from] Stealth Rock
|move|p2a: Registeel|Earthquake|p1a: Tangrowth
|-resisted|p1a: Tangrowth
|-damage|p1a: Tangrowth|82/100
|
|upkeep
|turn|14
|c| Luirromen|17
|c| spooko-xiv|chip
|
|t:|1665103271
|switch|p2a: Salamence|Salamence, M|60/100
|-ability|p2a: Salamence|Intimidate|boost
|-unboost|p1a: Tangrowth|atk|1
|move|p1a: Tangrowth|Sludge Bomb|p2a: Salamence
|-damage|p2a: Salamence|37/100
|
|upkeep
|turn|15
|
|t:|1665103273
|switch|p1a: Thundurus|Thundurus-Therian, M|100/100
|move|p2a: Salamence|Roost|p2a: Salamence
|-heal|p2a: Salamence|87/100
|-singleturn|p2a: Salamence|move: Roost
|
|upkeep
|turn|16
|
|t:|1665103276
|switch|p2a: Registeel|Registeel|83/100
|move|p1a: Thundurus|Psychic|p2a: Registeel
|-resisted|p2a: Registeel
|-damage|p2a: Registeel|75/100
|
|upkeep
|turn|17
|j| Cam
|l| Codename Rae
|j| hariyana grande
|c| Luirromen|8
|
|t:|1665103292
|switch|p2a: Tangrowth|Tangrowth, M|98/100
|move|p1a: Thundurus|Volt Switch|p2a: Tangrowth
|-resisted|p2a: Tangrowth
|-damage|p2a: Tangrowth|76/100
|
|t:|1665103300
|switch|p1a: Porygon-Z|Porygon-Z|100/100|[from]move: Volt Switch
|-damage|p1a: Porygon-Z|88/100|[from] Stealth Rock
|
|-heal|p1a: Porygon-Z|94/100|[from] item: Leftovers
|upkeep
|turn|18
|
|t:|1665103303
|switch|p2a: Registeel|Registeel|75/100
|move|p1a: Porygon-Z|Ice Beam|p2a: Registeel
|-resisted|p2a: Registeel
|-damage|p2a: Registeel|66/100
|
|-heal|p1a: Porygon-Z|100/100|[from] item: Leftovers
|upkeep
|turn|19
|j| ibleachyourskin
|
|t:|1665103310
|switch|p1a: Tangrowth|Tangrowth, F|100/100
|-damage|p1a: Tangrowth|88/100|[from] Stealth Rock
|move|p2a: Registeel|Toxic|p1a: Tangrowth
|-status|p1a: Tangrowth|tox
|
|-damage|p1a: Tangrowth|82/100 tox|[from] psn
|upkeep
|turn|20
|
|t:|1665103320
|switch|p1a: Porygon-Z|Porygon-Z|100/100
|-damage|p1a: Porygon-Z|88/100|[from] Stealth Rock
|switch|p2a: Tangrowth|Tangrowth, M|100/100
|
|-heal|p1a: Porygon-Z|94/100|[from] item: Leftovers
|upkeep
|turn|21
|
|t:|1665103326
|switch|p2a: Registeel|Registeel|66/100
|move|p1a: Porygon-Z|Tri Attack|p2a: Registeel
|-resisted|p2a: Registeel
|-damage|p2a: Registeel|50/100
|
|-heal|p1a: Porygon-Z|100/100|[from] item: Leftovers
|upkeep
|turn|22
|
|t:|1665103334
|switch|p1a: Thundurus|Thundurus-Therian, M|100/100
|move|p2a: Registeel|Seismic Toss|p1a: Thundurus
|-damage|p1a: Thundurus|67/100
|
|upkeep
|turn|23
|
|t:|1665103339
|switch|p2a: Diggersby|Diggersby, F|100/100
|move|p1a: Thundurus|Volt Switch|p2a: Diggersby
|-immune|p2a: Diggersby
|
|upkeep
|turn|24
|
|t:|1665103344
|switch|p1a: Cobalion|Cobalion|100/100
|-damage|p1a: Cobalion|97/100|[from] Stealth Rock
|move|p2a: Diggersby|Body Slam|p1a: Cobalion
|-resisted|p1a: Cobalion
|-damage|p1a: Cobalion|75/100
|-damage|p2a: Diggersby|84/100|[from] item: Rocky Helmet|[of] p1a: Cobalion
|
|upkeep
|turn|25
|
|t:|1665103351
|switch|p2a: Salamence|Salamence, M|87/100
|-ability|p2a: Salamence|Intimidate|boost
|-unboost|p1a: Cobalion|atk|1
|move|p1a: Cobalion|Stealth Rock|p2a: Salamence
|-sidestart|p2: Permission Slip|move: Stealth Rock
|
|upkeep
|turn|26
|
|t:|1665103358
|switch|p1a: Porygon-Z|Porygon-Z|100/100
|-damage|p1a: Porygon-Z|88/100|[from] Stealth Rock
|move|p2a: Salamence|Toxic|p1a: Porygon-Z
|-status|p1a: Porygon-Z|tox
|
|-heal|p1a: Porygon-Z|94/100 tox|[from] item: Leftovers
|-damage|p1a: Porygon-Z|88/100 tox|[from] psn
|upkeep
|turn|27
|
|t:|1665103362
|switch|p2a: Registeel|Registeel|50/100
|-damage|p2a: Registeel|44/100|[from] Stealth Rock
|move|p1a: Porygon-Z|Tri Attack|p2a: Registeel
|-resisted|p2a: Registeel
|-damage|p2a: Registeel|29/100
|
|-heal|p1a: Porygon-Z|94/100 tox|[from] item: Leftovers
|-damage|p1a: Porygon-Z|82/100 tox|[from] psn
|upkeep
|turn|28
|c|☆haxlolo|almost gone
|
|t:|1665103369
|switch|p1a: Tangrowth|Tangrowth, F|100/100 tox
|-damage|p1a: Tangrowth|88/100 tox|[from] Stealth Rock
|move|p2a: Registeel|Seismic Toss|p1a: Tangrowth
|-damage|p1a: Tangrowth|63/100 tox
|
|-damage|p1a: Tangrowth|57/100 tox|[from] psn
|upkeep
|turn|29
|
|t:|1665103374
|switch|p2a: Salamence|Salamence, M|87/100
|-ability|p2a: Salamence|Intimidate|boost
|-unboost|p1a: Tangrowth|atk|1
|move|p1a: Tangrowth|Focus Blast|p2a: Salamence
|-resisted|p2a: Salamence
|-damage|p2a: Salamence|72/100
|
|-damage|p1a: Tangrowth|45/100 tox|[from] psn
|upkeep
|turn|30
|
|t:|1665103382
|switch|p1a: Thundurus|Thundurus-Therian, M|67/100
|move|p2a: Salamence|Flamethrower|p1a: Thundurus
|-damage|p1a: Thundurus|40/100
|-status|p1a: Thundurus|brn
|
|-damage|p1a: Thundurus|34/100 brn|[from] brn
|upkeep
|turn|31
|
|t:|1665103387
|switch|p2a: Tangrowth|Tangrowth, M|100/100
|-damage|p2a: Tangrowth|88/100|[from] Stealth Rock
|move|p1a: Thundurus|Volt Switch|p2a: Tangrowth
|-resisted|p2a: Tangrowth
|-damage|p2a: Tangrowth|65/100
|
|t:|1665103389
|switch|p1a: Porygon-Z|Porygon-Z|82/100 tox|[from]move: Volt Switch
|-damage|p1a: Porygon-Z|70/100 tox|[from] Stealth Rock
|
|-heal|p1a: Porygon-Z|76/100 tox|[from] item: Leftovers
|-damage|p1a: Porygon-Z|70/100 tox|[from] psn
|upkeep
|turn|32
|
|t:|1665103401
|switch|p2a: Registeel|Registeel|29/100
|-damage|p2a: Registeel|22/100|[from] Stealth Rock
|move|p1a: Porygon-Z|Tri Attack|p2a: Registeel
|-resisted|p2a: Registeel
|-damage|p2a: Registeel|7/100
|
|-heal|p1a: Porygon-Z|76/100 tox|[from] item: Leftovers
|-damage|p1a: Porygon-Z|64/100 tox|[from] psn
|upkeep
|turn|33
|
|t:|1665103405
|move|p1a: Porygon-Z|Tri Attack|p2a: Registeel
|-resisted|p2a: Registeel
|-crit|p2a: Registeel
|-damage|p2a: Registeel|0 fnt
|faint|p2a: Registeel
|
|-heal|p1a: Porygon-Z|70/100 tox|[from] item: Leftovers
|-damage|p1a: Porygon-Z|52/100 tox|[from] psn
|upkeep
|
|t:|1665103407
|switch|p2a: Diggersby|Diggersby, F|84/100
|-damage|p2a: Diggersby|78/100|[from] Stealth Rock
|turn|34
|
|t:|1665103420
|switch|p1a: Thundurus|Thundurus-Therian, M|34/100 brn
|move|p2a: Diggersby|Fire Punch|p1a: Thundurus
|-crit|p1a: Thundurus
|-damage|p1a: Thundurus|0 fnt
|faint|p1a: Thundurus
|
|upkeep
|
|t:|1665103431
|switch|p1a: Azelf|Azelf|100/100
|turn|35
|
|t:|1665103435
|switch|p2a: Articuno|Articuno-Galar|87/100
|move|p1a: Azelf|Psychic|p2a: Articuno
|-resisted|p2a: Articuno
|-crit|p2a: Articuno
|-damage|p2a: Articuno|51/100
|
|upkeep
|turn|36
|
|t:|1665103438
|move|p1a: Azelf|U-turn|p2a: Articuno
|-damage|p2a: Articuno|31/100
|
|t:|1665103439
|switch|p1a: Hydreigon|Hydreigon, M|88/100|[from]move: U-turn
|-damage|p1a: Hydreigon|76/100|[from] Stealth Rock
|move|p2a: Articuno|Recover|p2a: Articuno
|-heal|p2a: Articuno|81/100
|
|upkeep
|turn|37
|
|t:|1665103446
|switch|p2a: Azumarill|Azumarill, F|92/100
|-damage|p2a: Azumarill|80/100|[from] Stealth Rock
|move|p1a: Hydreigon|U-turn|p2a: Azumarill
|-resisted|p2a: Azumarill
|-damage|p2a: Azumarill|71/100
|
|t:|1665103453
|switch|p1a: Tangrowth|Tangrowth, F|78/100 tox|[from]move: U-turn
|-damage|p1a: Tangrowth|66/100 tox|[from] Stealth Rock
|
|-damage|p1a: Tangrowth|59/100 tox|[from] psn
|upkeep
|turn|38
|
|t:|1665103455
|move|p2a: Azumarill|Ice Punch|p1a: Tangrowth
|-supereffective|p1a: Tangrowth
|-damage|p1a: Tangrowth|4/100 tox
|move|p1a: Tangrowth|Knock Off|p2a: Azumarill
|-resisted|p2a: Azumarill
|-damage|p2a: Azumarill|57/100
|-enditem|p2a: Azumarill|Choice Band|[from] move: Knock Off|[of] p1a: Tangrowth
|
|-damage|p1a: Tangrowth|0 fnt|[from] psn
|faint|p1a: Tangrowth
|upkeep
|c|☆haxlolo|ok that was
|c|☆haxlolo|something
|c| hariyana grande|punched
|c|☆Permission Slip|thought itd kill tbh
|l| Queen of Bean ✿
|j| Queen of Bean ✿
|l| The SD sweep
|j| The SD sweep
|c| termotanque55|Badlolo
|c|☆Permission Slip|hey
|
|t:|1665103544
|switch|p1a: Porygon-Z|Porygon-Z|52/100 tox
|-damage|p1a: Porygon-Z|39/100 tox|[from] Stealth Rock
|turn|39
|j| jade bloom ✿
|c|☆Permission Slip|dont make fun of my friend like that >:^(
|c| spooko-xiv|bit mean innit
|
|t:|1665103583
|switch|p2a: Tangrowth|Tangrowth, M|99/100
|-damage|p2a: Tangrowth|86/100|[from] Stealth Rock
|move|p1a: Porygon-Z|Tri Attack|p2a: Tangrowth
|-damage|p2a: Tangrowth|14/100
|
|-heal|p1a: Porygon-Z|46/100 tox|[from] item: Leftovers
|-damage|p1a: Porygon-Z|39/100 tox|[from] psn
|upkeep
|turn|40
|c|☆haxlolo|damaged
|
|t:|1665103595
|move|p1a: Porygon-Z|Tri Attack|p2a: Tangrowth
|-damage|p2a: Tangrowth|0 fnt
|faint|p2a: Tangrowth
|
|-heal|p1a: Porygon-Z|46/100 tox|[from] item: Leftovers
|-damage|p1a: Porygon-Z|33/100 tox|[from] psn
|upkeep
|
|t:|1665103598
|switch|p2a: Diggersby|Diggersby, F|78/100
|-damage|p2a: Diggersby|72/100|[from] Stealth Rock
|turn|41
|
|t:|1665103609
|switch|p1a: Cobalion|Cobalion|75/100
|-damage|p1a: Cobalion|72/100|[from] Stealth Rock
|move|p2a: Diggersby|U-turn|p1a: Cobalion
|-resisted|p1a: Cobalion
|-damage|p1a: Cobalion|66/100
|-damage|p2a: Diggersby|55/100|[from] item: Rocky Helmet|[of] p1a: Cobalion
|
|t:|1665103615
|switch|p2a: Salamence|Salamence, M|72/100|[from]move: U-turn
|-ability|p2a: Salamence|Intimidate|boost
|-unboost|p1a: Cobalion|atk|1
|
|upkeep
|turn|42
|
|t:|1665103627
|switch|p1a: Hydreigon|Hydreigon, M|76/100
|-damage|p1a: Hydreigon|64/100|[from] Stealth Rock
|move|p2a: Salamence|Toxic|p1a: Hydreigon
|-status|p1a: Hydreigon|tox
|
|-damage|p1a: Hydreigon|58/100 tox|[from] psn
|upkeep
|turn|43
|
|t:|1665103633
|move|p1a: Hydreigon|U-turn|p2a: Salamence
|-resisted|p2a: Salamence
|-damage|p2a: Salamence|65/100
|
|t:|1665103634
|switch|p1a: Porygon-Z|Porygon-Z|33/100 tox|[from]move: U-turn
|-damage|p1a: Porygon-Z|21/100 tox|[from] Stealth Rock
|move|p2a: Salamence|Roost|p2a: Salamence
|-heal|p2a: Salamence|100/100
|-singleturn|p2a: Salamence|move: Roost
|
|-heal|p1a: Porygon-Z|27/100 tox|[from] item: Leftovers
|-damage|p1a: Porygon-Z|21/100 tox|[from] psn
|upkeep
|turn|44
|
|t:|1665103643
|move|p1a: Porygon-Z|Tri Attack|p2a: Salamence
|-damage|p2a: Salamence|36/100
|move|p2a: Salamence|Flamethrower|p1a: Porygon-Z
|-damage|p1a: Porygon-Z|0 fnt
|faint|p1a: Porygon-Z
|
|upkeep
|
|t:|1665103646
|switch|p1a: Azelf|Azelf|100/100
|turn|45
|
|t:|1665103649
|switch|p2a: Articuno|Articuno-Galar|81/100
|move|p1a: Azelf|Psychic|p2a: Articuno
|-resisted|p2a: Articuno
|-damage|p2a: Articuno|58/100
|-unboost|p2a: Articuno|spd|1
|-ability|p2a: Articuno|Competitive
|-boost|p2a: Articuno|spa|2
|
|upkeep
|turn|46
|c|☆haxlolo|oh hell nah
|c|☆Permission Slip|uh oh
|
|t:|1665103659
|move|p1a: Azelf|U-turn|p2a: Articuno
|-damage|p2a: Articuno|35/100
|
|t:|1665103660
|switch|p1a: Hydreigon|Hydreigon, M|58/100 tox|[from]move: U-turn
|-damage|p1a: Hydreigon|45/100 tox|[from] Stealth Rock
|move|p2a: Articuno|Hurricane|p1a: Hydreigon
|-damage|p1a: Hydreigon|0 fnt
|faint|p1a: Hydreigon
|
|upkeep
|
|t:|1665103662
|switch|p1a: Cobalion|Cobalion|66/100
|-damage|p1a: Cobalion|63/100|[from] Stealth Rock
|turn|47
|
|t:|1665103674
|move|p1a: Cobalion|Stone Edge|p2a: Articuno
|-supereffective|p2a: Articuno
|-damage|p2a: Articuno|0 fnt
|faint|p2a: Articuno
|
|upkeep
|
|t:|1665103677
|switch|p2a: Salamence|Salamence, M|36/100
|-ability|p2a: Salamence|Intimidate|boost
|-unboost|p1a: Cobalion|atk|1
|turn|48
|
|t:|1665103687
|switch|p1a: Azelf|Azelf|100/100
|switch|p2a: Diggersby|Diggersby, F|55/100
|-damage|p2a: Diggersby|49/100|[from] Stealth Rock
|
|upkeep
|turn|49
|
|t:|1665103695
|switch|p1a: Cobalion|Cobalion|63/100
|-damage|p1a: Cobalion|60/100|[from] Stealth Rock
|move|p2a: Diggersby|U-turn|p1a: Cobalion
|-resisted|p1a: Cobalion
|-damage|p1a: Cobalion|54/100
|-damage|p2a: Diggersby|33/100|[from] item: Rocky Helmet|[of] p1a: Cobalion
|
|t:|1665103696
|switch|p2a: Salamence|Salamence, M|36/100|[from]move: U-turn
|-ability|p2a: Salamence|Intimidate|boost
|-unboost|p1a: Cobalion|atk|1
|
|upkeep
|turn|50
|
|t:|1665103699
|switch|p1a: Azelf|Azelf|100/100
|move|p2a: Salamence|Flamethrower|p1a: Azelf
|-damage|p1a: Azelf|67/100
|
|upkeep
|turn|51
|
|t:|1665103704
|move|p1a: Azelf|Psychic|p2a: Salamence
|-crit|p2a: Salamence
|-damage|p2a: Salamence|0 fnt
|faint|p2a: Salamence
|
|upkeep
|
|t:|1665103707
|switch|p2a: Diggersby|Diggersby, F|33/100
|-damage|p2a: Diggersby|27/100|[from] Stealth Rock
|turn|52
|
|t:|1665103726
|switch|p1a: Cobalion|Cobalion|54/100
|-damage|p1a: Cobalion|51/100|[from] Stealth Rock
|move|p2a: Diggersby|Fire Punch|p1a: Cobalion
|-supereffective|p1a: Cobalion
|-damage|p1a: Cobalion|0 fnt
|-damage|p2a: Diggersby|10/100|[from] item: Rocky Helmet|[of] p1a: Cobalion
|faint|p1a: Cobalion
|
|upkeep
|
|t:|1665103728
|switch|p1a: Azelf|Azelf|67/100
|turn|53
|c|☆haxlolo|ggs
|
|t:|1665103733
|move|p2a: Diggersby|Fire Punch|p1a: Azelf
|-damage|p1a: Azelf|18/100
|move|p1a: Azelf|Psychic|p2a: Diggersby
|-damage|p2a: Diggersby|0 fnt
|faint|p2a: Diggersby
|
|upkeep
|c|☆Permission Slip|gg
|
|t:|1665103737
|switch|p2a: Azumarill|Azumarill, F|57/100
|-damage|p2a: Azumarill|45/100|[from] Stealth Rock
|turn|54
|
|t:|1665103740
|move|p2a: Azumarill|Aqua Jet|p1a: Azelf
|-damage|p1a: Azelf|0 fnt
|faint|p1a: Azelf
|
|win|Permission Slip
|l| BigFatMantis
|l| jade bloom ✿
|c|☆Permission Slip|that was
|c|☆Permission Slip|a lot of fun
|l| termotanque55
|c|☆Permission Slip|ty for agreeing to this
|l| Luirromen
|c|☆haxlolo|nw
|l|☆haxlolo
|l| spooko-xiv
|l| The SD sweep
|l| Queen of Bean ✿
|l| Cam
|l| Liz Angeles
|j| KM
|l| jimmy gible
|j| Luirromen
|l| Luirromen
|j| romanji ≛
|l| romanji ≛
|l| KM
