|j|☆Goro Yagami 9
|j|☆nabome
|inactive|Battle timer is ON: inactive players will automatically lose when time's up.
|t:|1661543210
|gametype|singles
|player|p1|Goro Yagami 9|102|
|player|p2|nabome|furisodegirl-black|
|teamsize|p1|6
|teamsize|p2|6
|gen|8
|tier|[Gen 8] UU
|rated|Tournament battle
|rule|Sleep Clause Mod: Limit one foe put to sleep
|rule|Species Clause: Limit one of each Pokémon
|rule|OHKO Clause: OHKO moves are banned
|rule|Evasion Items Clause: Evasion items are banned
|rule|Evasion Moves Clause: Evasion moves are banned
|rule|Endless Battle Clause: Forcing endless battles is banned
|rule|HP Percentage Mod: HP is shown in percentages
|rule|Dynamax Clause: You cannot dynamax
|clearpoke
|poke|p1|Malamar, M|
|poke|p1|Weezing-Galar, F|
|poke|p1|Zygarde-10%|
|poke|p1|Rotom-Heat|
|poke|p1|Hippowdon, M|
|poke|p1|Tangrowth, F|
|poke|p2|Hippowdon, F|
|poke|p2|Raikou|
|poke|p2|Mandibuzz, F|
|poke|p2|Amoonguss, M|
|poke|p2|Scizor, F|
|poke|p2|Keldeo-Resolute|
|teampreview
|j|*Lady Monita
|inactive|nabome has 120 seconds left.
|
|t:|1661543241
|start
|switch|p1a: Zygarde|Zygarde-10%|100/100
|switch|p2a: Scizor|Scizor, F|100/100
|-ability|p1a: Zygarde|Aura Break
|turn|1
|
|t:|1661543250
|switch|p1a: Rotom|Rotom-Heat|100/100
|move|p2a: Scizor|Knock Off|p1a: Rotom
|-damage|p1a: Rotom|66/100
|-enditem|p1a: Rotom|Heavy-Duty Boots|[from] move: Knock Off|[of] p2a: Scizor
|
|upkeep
|turn|2
|
|t:|1661543263
|switch|p2a: Hippowdon|Hippowdon, F|100/100
|-weather|Sandstorm|[from] ability: Sand Stream|[of] p2a: Hippowdon
|move|p1a: Rotom|Volt Switch|p2a: Hippowdon
|-immune|p2a: Hippowdon
|
|-weather|Sandstorm|[upkeep]
|-damage|p1a: Rotom|59/100|[from] Sandstorm
|upkeep
|turn|3
|
|t:|1661543276
|switch|p1a: Zygarde|Zygarde-10%|100/100
|-ability|p1a: Zygarde|Aura Break
|move|p2a: Hippowdon|Stealth Rock|p1a: Zygarde
|-sidestart|p1: Goro Yagami 9|move: Stealth Rock
|
|-weather|Sandstorm|[upkeep]
|upkeep
|turn|4
|
|t:|1661543283
|move|p1a: Zygarde|Dragon Dance|p1a: Zygarde
|-boost|p1a: Zygarde|atk|1
|-boost|p1a: Zygarde|spe|1
|move|p2a: Hippowdon|Earthquake|p1a: Zygarde
|-damage|p1a: Zygarde|36/100
|
|-weather|Sandstorm|[upkeep]
|upkeep
|turn|5
|
|t:|1661543284
|move|p1a: Zygarde|Toxic|p2a: Hippowdon
|-status|p2a: Hippowdon|tox
|move|p2a: Hippowdon|Earthquake|p1a: Zygarde
|-damage|p1a: Zygarde|0 fnt
|faint|p1a: Zygarde
|
|-weather|Sandstorm|[upkeep]
|-damage|p2a: Hippowdon|94/100 tox|[from] psn
|upkeep
|
|t:|1661543289
|switch|p1a: Rotom|Rotom-Heat|59/100
|-damage|p1a: Rotom|35/100|[from] Stealth Rock
|turn|6
|
|t:|1661543293
|switch|p2a: Keldeo|Keldeo-Resolute|100/100
|move|p1a: Rotom|Pain Split|p2a: Keldeo
|-sethp|p2a: Keldeo|63/100|[from] move: Pain Split|[silent]
|-sethp|p1a: Rotom|84/100|[from] move: Pain Split
|
|-weather|none
|-heal|p2a: Keldeo|69/100|[from] item: Leftovers
|upkeep
|turn|7
|
|t:|1661543301
|switch|p1a: Tangrowth|Tangrowth, F|100/100
|-damage|p1a: Tangrowth|88/100|[from] Stealth Rock
|move|p2a: Keldeo|Scald|p1a: Tangrowth
|-resisted|p1a: Tangrowth
|-damage|p1a: Tangrowth|72/100
|-status|p1a: Tangrowth|brn
|
|-heal|p2a: Keldeo|75/100|[from] item: Leftovers
|-damage|p1a: Tangrowth|66/100 brn|[from] brn
|upkeep
|turn|8
|
|t:|1661543312
|switch|p2a: Amoonguss|Amoonguss, M|100/100
|switch|p1a: Rotom|Rotom-Heat|84/100
|-damage|p1a: Rotom|59/100|[from] Stealth Rock
|
|upkeep
|turn|9
|
|t:|1661543330
|switch|p2a: Mandibuzz|Mandibuzz, F|100/100
|move|p1a: Rotom|Volt Switch|p2a: Mandibuzz
|-supereffective|p2a: Mandibuzz
|-damage|p2a: Mandibuzz|50/100
|
|t:|1661543340
|switch|p1a: Weezing|Weezing-Galar, F|100/100|[from]move: Volt Switch
|-damage|p1a: Weezing|88/100|[from] Stealth Rock
|
|-heal|p1a: Weezing|94/100|[from] item: Black Sludge
|upkeep
|turn|10
|l|☆nabome
|inactive|nabome disconnected and has a minute to reconnect!
|player|p2|
|j|☆nabome
|inactive|nabome reconnected and has 120 seconds left.
|player|p2|nabome|furisodegirl-black
|
|t:|1661543382
|move|p2a: Mandibuzz|U-turn|p1a: Weezing
|-resisted|p1a: Weezing
|-damage|p1a: Weezing|92/100
|
|t:|1661543385
|switch|p2a: Amoonguss|Amoonguss, M|100/100|[from]move: U-turn
|move|p1a: Weezing|Will-O-Wisp|p2a: Amoonguss
|-status|p2a: Amoonguss|brn
|
|-heal|p1a: Weezing|98/100|[from] item: Black Sludge
|-damage|p2a: Amoonguss|94/100 brn|[from] brn
|upkeep
|turn|11
|inactive|nabome has 120 seconds left.
|inactive|Goro Yagami 9 has 120 seconds left.
|c|☆nabome|test
|
|t:|1661543439
|switch|p1a: Tangrowth|Tangrowth, F|99/100 brn
|-damage|p1a: Tangrowth|86/100 brn|[from] Stealth Rock
|move|p2a: Amoonguss|Spore|p1a: Tangrowth
|-immune|p1a: Tangrowth
|
|-heal|p2a: Amoonguss|100/100 brn|[from] item: Black Sludge
|-damage|p1a: Tangrowth|80/100 brn|[from] brn
|-damage|p2a: Amoonguss|94/100 brn|[from] brn
|upkeep
|turn|12
|c|☆nabome|my internet been bad lol
|
|t:|1661543449
|move|p1a: Tangrowth|Knock Off|p2a: Amoonguss
|-damage|p2a: Amoonguss|86/100 brn
|-enditem|p2a: Amoonguss|Black Sludge|[from] move: Knock Off|[of] p1a: Tangrowth
|move|p2a: Amoonguss|Sludge Bomb|p1a: Tangrowth
|-supereffective|p1a: Tangrowth
|-damage|p1a: Tangrowth|37/100 brn
|
|-damage|p1a: Tangrowth|31/100 brn|[from] brn
|-damage|p2a: Amoonguss|80/100 brn|[from] brn
|upkeep
|turn|13
|
|t:|1661543460
|switch|p1a: PIF Slayer|Malamar, M|100/100
|-damage|p1a: PIF Slayer|88/100|[from] Stealth Rock
|move|p2a: Amoonguss|Spore|p1a: PIF Slayer
|-status|p1a: PIF Slayer|slp|[from] move: Spore
|
|-heal|p1a: PIF Slayer|94/100 slp|[from] item: Leftovers
|-damage|p2a: Amoonguss|74/100 brn|[from] brn
|upkeep
|turn|14
|
|t:|1661543467
|switch|p2a: Scizor|Scizor, F|100/100
|cant|p1a: PIF Slayer|slp
|move|p1a: PIF Slayer|Sleep Talk|p1a: PIF Slayer
|move|p1a: PIF Slayer|Knock Off|p2a: Scizor|[from]move: Sleep Talk
|-damage|p2a: Scizor|76/100
|-enditem|p2a: Scizor|Safety Goggles|[from] move: Knock Off|[of] p1a: PIF Slayer
|
|-heal|p1a: PIF Slayer|99/100 slp|[from] item: Leftovers
|upkeep
|turn|15
|inactive|Goro Yagami 9 has 120 seconds left.
|
|t:|1661543482
|switch|p1a: Hippowdon|Hippowdon, M|100/100
|-damage|p1a: Hippowdon|94/100|[from] Stealth Rock
|-weather|Sandstorm|[from] ability: Sand Stream|[of] p1a: Hippowdon
|move|p2a: Scizor|Knock Off|p1a: Hippowdon
|-damage|p1a: Hippowdon|75/100
|-enditem|p1a: Hippowdon|Leftovers|[from] move: Knock Off|[of] p2a: Scizor
|
|-weather|Sandstorm|[upkeep]
|upkeep
|turn|16
|
|t:|1661543495
|switch|p2a: Hippowdon|Hippowdon, F|94/100 tox
|move|p1a: Hippowdon|Stealth Rock|p2a: Hippowdon
|-sidestart|p2: nabome|move: Stealth Rock
|
|-weather|Sandstorm|[upkeep]
|-damage|p2a: Hippowdon|88/100 tox|[from] psn
|upkeep
|turn|17
|
|t:|1661543501
|switch|p1a: Rotom|Rotom-Heat|59/100
|-damage|p1a: Rotom|35/100|[from] Stealth Rock
|move|p2a: Hippowdon|Toxic|p1a: Rotom|[miss]
|-miss|p2a: Hippowdon|p1a: Rotom
|
|-weather|Sandstorm|[upkeep]
|-damage|p1a: Rotom|28/100|[from] Sandstorm
|-damage|p2a: Hippowdon|76/100 tox|[from] psn
|upkeep
|turn|18
|
|t:|1661543506
|move|p1a: Rotom|Pain Split|p2a: Hippowdon
|-sethp|p2a: Hippowdon|46/100 tox|[from] move: Pain Split|[silent]
|-sethp|p1a: Rotom|80/100|[from] move: Pain Split
|move|p2a: Hippowdon|Toxic|p1a: Rotom
|-status|p1a: Rotom|tox
|
|-weather|Sandstorm|[upkeep]
|-damage|p1a: Rotom|74/100 tox|[from] Sandstorm
|-damage|p1a: Rotom|67/100 tox|[from] psn
|-damage|p2a: Hippowdon|27/100 tox|[from] psn
|upkeep
|turn|19
|
|t:|1661543523
|switch|p1a: Tangrowth|Tangrowth, F|64/100 brn
|-damage|p1a: Tangrowth|52/100 brn|[from] Stealth Rock
|move|p2a: Hippowdon|Slack Off|p2a: Hippowdon
|-heal|p2a: Hippowdon|77/100 tox
|
|-weather|none
|-damage|p2a: Hippowdon|53/100 tox|[from] psn
|-damage|p1a: Tangrowth|46/100 brn|[from] brn
|upkeep
|turn|20
|
|t:|1661543530
|switch|p2a: Amoonguss|Amoonguss, M|100/100 brn
|-damage|p2a: Amoonguss|88/100 brn|[from] Stealth Rock
|switch|p1a: Rotom|Rotom-Heat|67/100 tox
|-damage|p1a: Rotom|42/100 tox|[from] Stealth Rock
|
|-damage|p1a: Rotom|36/100 tox|[from] psn
|-damage|p2a: Amoonguss|82/100 brn|[from] brn
|upkeep
|turn|21
|
|t:|1661543545
|switch|p2a: Hippowdon|Hippowdon, F|53/100 tox
|-damage|p2a: Hippowdon|46/100 tox|[from] Stealth Rock
|-weather|Sandstorm|[from] ability: Sand Stream|[of] p2a: Hippowdon
|move|p1a: Rotom|Pain Split|p2a: Hippowdon
|-sethp|p2a: Hippowdon|34/100 tox|[from] move: Pain Split|[silent]
|-sethp|p1a: Rotom|58/100 tox|[from] move: Pain Split
|
|-weather|Sandstorm|[upkeep]
|-damage|p1a: Rotom|52/100 tox|[from] Sandstorm
|-damage|p1a: Rotom|40/100 tox|[from] psn
|-damage|p2a: Hippowdon|27/100 tox|[from] psn
|upkeep
|turn|22
|
|t:|1661543558
|move|p1a: Rotom|Overheat|p2a: Hippowdon
|-damage|p2a: Hippowdon|0 fnt
|-unboost|p1a: Rotom|spa|2
|faint|p2a: Hippowdon
|
|-weather|Sandstorm|[upkeep]
|-damage|p1a: Rotom|33/100 tox|[from] Sandstorm
|-damage|p1a: Rotom|15/100 tox|[from] psn
|upkeep
|
|t:|1661543563
|switch|p2a: Keldeo|Keldeo-Resolute|75/100
|-damage|p2a: Keldeo|69/100|[from] Stealth Rock
|turn|23
|
|t:|1661543581
|move|p2a: Keldeo|Scald|p1a: Rotom
|-supereffective|p1a: Rotom
|-damage|p1a: Rotom|0 fnt
|faint|p1a: Rotom
|
|-weather|Sandstorm|[upkeep]
|-damage|p2a: Keldeo|63/100|[from] Sandstorm
|-heal|p2a: Keldeo|69/100|[from] item: Leftovers
|upkeep
|
|t:|1661543586
|switch|p1a: Tangrowth|Tangrowth, F|79/100 brn
|-damage|p1a: Tangrowth|66/100 brn|[from] Stealth Rock
|turn|24
|
|t:|1661543595
|switch|p2a: Amoonguss|Amoonguss, M|100/100 brn
|-damage|p2a: Amoonguss|88/100 brn|[from] Stealth Rock
|move|p1a: Tangrowth|Focus Blast|p2a: Amoonguss
|-resisted|p2a: Amoonguss
|-damage|p2a: Amoonguss|74/100 brn
|
|-weather|Sandstorm|[upkeep]
|-damage|p1a: Tangrowth|60/100 brn|[from] Sandstorm
|-damage|p2a: Amoonguss|68/100 brn|[from] Sandstorm
|-damage|p1a: Tangrowth|54/100 brn|[from] brn
|-damage|p2a: Amoonguss|62/100 brn|[from] brn
|upkeep
|turn|25
|
|t:|1661543606
|switch|p1a: Weezing|Weezing-Galar, F|98/100
|-damage|p1a: Weezing|86/100|[from] Stealth Rock
|move|p2a: Amoonguss|Sludge Bomb|p1a: Weezing
|-damage|p1a: Weezing|47/100
|
|-weather|none
|-heal|p1a: Weezing|53/100|[from] item: Black Sludge
|-damage|p2a: Amoonguss|56/100 brn|[from] brn
|upkeep
|turn|26
|
|t:|1661543622
|switch|p2a: Mandibuzz|Mandibuzz, F|50/100
|move|p1a: Weezing|Strange Steam|p2a: Mandibuzz
|-supereffective|p2a: Mandibuzz
|-damage|p2a: Mandibuzz|8/100
|
|-heal|p1a: Weezing|59/100|[from] item: Black Sludge
|upkeep
|turn|27
|
|t:|1661543632
|move|p2a: Mandibuzz|Roost|p2a: Mandibuzz
|-heal|p2a: Mandibuzz|58/100
|-singleturn|p2a: Mandibuzz|move: Roost
|move|p1a: Weezing|Will-O-Wisp|p2a: Mandibuzz
|-status|p2a: Mandibuzz|brn
|
|-heal|p1a: Weezing|65/100|[from] item: Black Sludge
|-damage|p2a: Mandibuzz|52/100 brn|[from] brn
|upkeep
|turn|28
|
|t:|1661543638
|move|p2a: Mandibuzz|Defog|p1a: Weezing
|-unboost|p1a: Weezing|evasion|1
|-sideend|p1: Goro Yagami 9|Stealth Rock|[from] move: Defog|[of] p2a: Mandibuzz
|-sideend|p2: nabome|Stealth Rock|[from] move: Defog|[of] p2a: Mandibuzz
|move|p1a: Weezing|Strange Steam|p2a: Mandibuzz
|-supereffective|p2a: Mandibuzz
|-damage|p2a: Mandibuzz|9/100 brn
|
|-heal|p1a: Weezing|71/100|[from] item: Black Sludge
|-damage|p2a: Mandibuzz|3/100 brn|[from] brn
|upkeep
|turn|29
|
|t:|1661543650
|move|p2a: Mandibuzz|U-turn|p1a: Weezing
|-resisted|p1a: Weezing
|-damage|p1a: Weezing|70/100
|
|t:|1661543659
|switch|p2a: Scizor|Scizor, F|76/100|[from]move: U-turn
|move|p1a: Weezing|Flamethrower|p2a: Scizor
|-supereffective|p2a: Scizor
|-damage|p2a: Scizor|0 fnt
|faint|p2a: Scizor
|
|-heal|p1a: Weezing|76/100|[from] item: Black Sludge
|upkeep
|
|t:|1661543663
|switch|p2a: Raikou|Raikou|100/100
|turn|30
|
|t:|1661543666
|switch|p1a: Hippowdon|Hippowdon, M|75/100
|-weather|Sandstorm|[from] ability: Sand Stream|[of] p1a: Hippowdon
|move|p2a: Raikou|Scald|p1a: Hippowdon
|-supereffective|p1a: Hippowdon
|-damage|p1a: Hippowdon|31/100
|-status|p1a: Hippowdon|brn
|
|-weather|Sandstorm|[upkeep]
|-damage|p2a: Raikou|94/100|[from] Sandstorm
|-damage|p1a: Hippowdon|25/100 brn|[from] brn
|upkeep
|turn|31
|
|t:|1661543673
|move|p2a: Raikou|Scald|p1a: Hippowdon
|-supereffective|p1a: Hippowdon
|-damage|p1a: Hippowdon|0 fnt
|faint|p1a: Hippowdon
|
|-weather|Sandstorm|[upkeep]
|-damage|p2a: Raikou|88/100|[from] Sandstorm
|upkeep
|
|t:|1661543675
|switch|p1a: Tangrowth|Tangrowth, F|87/100 brn
|turn|32
|
|t:|1661543687
|switch|p1a: Weezing|Weezing-Galar, F|76/100
|move|p2a: Raikou|Volt Switch|p1a: Weezing
|-damage|p1a: Weezing|28/100
|
|t:|1661543692
|switch|p2a: Keldeo|Keldeo-Resolute|69/100|[from]move: Volt Switch
|
|-weather|Sandstorm|[upkeep]
|-damage|p2a: Keldeo|63/100|[from] Sandstorm
|-damage|p1a: Weezing|22/100|[from] Sandstorm
|-heal|p2a: Keldeo|69/100|[from] item: Leftovers
|-heal|p1a: Weezing|28/100|[from] item: Black Sludge
|upkeep
|turn|33
|
|t:|1661543697
|switch|p1a: Tangrowth|Tangrowth, F|100/100 brn
|move|p2a: Keldeo|Scald|p1a: Tangrowth
|-resisted|p1a: Tangrowth
|-damage|p1a: Tangrowth|86/100 brn
|
|-weather|Sandstorm|[upkeep]
|-damage|p2a: Keldeo|63/100|[from] Sandstorm
|-damage|p1a: Tangrowth|79/100 brn|[from] Sandstorm
|-heal|p2a: Keldeo|69/100|[from] item: Leftovers
|-damage|p1a: Tangrowth|73/100 brn|[from] brn
|upkeep
|turn|34
|
|t:|1661543702
|switch|p2a: Amoonguss|Amoonguss, M|89/100 brn
|move|p1a: Tangrowth|Power Whip|p2a: Amoonguss
|-resisted|p2a: Amoonguss
|-damage|p2a: Amoonguss|85/100 brn
|
|-weather|none
|-damage|p1a: Tangrowth|67/100 brn|[from] brn
|-damage|p2a: Amoonguss|79/100 brn|[from] brn
|upkeep
|turn|35
|
|t:|1661543704
|switch|p1a: Weezing|Weezing-Galar, F|28/100
|move|p2a: Amoonguss|Sludge Bomb|p1a: Weezing
|-damage|p1a: Weezing|0 fnt
|faint|p1a: Weezing
|
|-damage|p2a: Amoonguss|73/100 brn|[from] brn
|upkeep
|
|t:|1661543708
|switch|p1a: PIF Slayer|Malamar, M|99/100 slp
|turn|36
|
|t:|1661543714
|cant|p1a: PIF Slayer|slp
|move|p1a: PIF Slayer|Sleep Talk|p1a: PIF Slayer
|move|p1a: PIF Slayer|Superpower|p2a: Amoonguss|[from]move: Sleep Talk
|-resisted|p2a: Amoonguss
|-damage|p2a: Amoonguss|63/100 brn
|-boost|p1a: PIF Slayer|atk|1
|-boost|p1a: PIF Slayer|def|1
|move|p2a: Amoonguss|Sludge Bomb|p1a: PIF Slayer
|-damage|p1a: PIF Slayer|78/100 slp
|
|-heal|p1a: PIF Slayer|84/100 slp|[from] item: Leftovers
|-damage|p2a: Amoonguss|56/100 brn|[from] brn
|upkeep
|turn|37
|
|t:|1661543724
|switch|p2a: Mandibuzz|Mandibuzz, F|3/100 brn
|-curestatus|p1a: PIF Slayer|slp|[msg]
|move|p1a: PIF Slayer|Superpower|p2a: Mandibuzz
|-damage|p2a: Mandibuzz|0 fnt
|-boost|p1a: PIF Slayer|atk|1
|-boost|p1a: PIF Slayer|def|1
|faint|p2a: Mandibuzz
|
|-heal|p1a: PIF Slayer|90/100|[from] item: Leftovers
|upkeep
|
|t:|1661543734
|switch|p2a: Raikou|Raikou|88/100
|turn|38
|
|t:|1661543739
|move|p2a: Raikou|Thunderbolt|p1a: PIF Slayer
|-damage|p1a: PIF Slayer|58/100
|move|p1a: PIF Slayer|Knock Off|p2a: Raikou
|-damage|p2a: Raikou|0 fnt
|-enditem|p2a: Raikou|Heavy-Duty Boots|[from] move: Knock Off|[of] p1a: PIF Slayer
|faint|p2a: Raikou
|
|-heal|p1a: PIF Slayer|65/100|[from] item: Leftovers
|upkeep
|
|t:|1661543748
|switch|p2a: Keldeo|Keldeo-Resolute|69/100
|turn|39
|
|t:|1661543752
|move|p2a: Keldeo|Air Slash|p1a: PIF Slayer
|-damage|p1a: PIF Slayer|44/100
|move|p1a: PIF Slayer|Superpower|p2a: Keldeo
|-damage|p2a: Keldeo|11/100
|-boost|p1a: PIF Slayer|atk|1
|-boost|p1a: PIF Slayer|def|1
|
|-heal|p2a: Keldeo|18/100|[from] item: Leftovers
|-heal|p1a: PIF Slayer|50/100|[from] item: Leftovers
|upkeep
|turn|40
|
|t:|1661543764
|move|p2a: Keldeo|Air Slash|p1a: PIF Slayer
|-damage|p1a: PIF Slayer|28/100
|move|p1a: PIF Slayer|Rest|p1a: PIF Slayer
|-status|p1a: PIF Slayer|slp|[from] move: Rest
|-heal|p1a: PIF Slayer|100/100 slp|[silent]
|
|-heal|p2a: Keldeo|24/100|[from] item: Leftovers
|upkeep
|turn|41
|
|t:|1661543769
|move|p2a: Keldeo|Calm Mind|p2a: Keldeo
|-boost|p2a: Keldeo|spa|1
|-boost|p2a: Keldeo|spd|1
|cant|p1a: PIF Slayer|slp
|move|p1a: PIF Slayer|Sleep Talk|p1a: PIF Slayer
|move|p1a: PIF Slayer|Superpower|p2a: Keldeo|[from]move: Sleep Talk
|-damage|p2a: Keldeo|0 fnt
|-boost|p1a: PIF Slayer|atk|1
|-boost|p1a: PIF Slayer|def|1
|faint|p2a: Keldeo
|
|upkeep
|
|t:|1661543774
|switch|p2a: Amoonguss|Amoonguss, M|90/100 brn
|turn|42
|
|t:|1661543780
|cant|p1a: PIF Slayer|slp
|move|p1a: PIF Slayer|Sleep Talk|p1a: PIF Slayer
|move|p1a: PIF Slayer|Rest||[from]move: Sleep Talk|[still]
|-fail|p1a: PIF Slayer
|move|p2a: Amoonguss|Sludge Bomb|p1a: PIF Slayer
|-damage|p1a: PIF Slayer|79/100 slp
|
|-heal|p1a: PIF Slayer|85/100 slp|[from] item: Leftovers
|-damage|p2a: Amoonguss|83/100 brn|[from] brn
|upkeep
|turn|43
|c|☆nabome|gg
|
|t:|1661543794
|-curestatus|p1a: PIF Slayer|slp|[msg]
|move|p1a: PIF Slayer|Knock Off|p2a: Amoonguss
|-damage|p2a: Amoonguss|32/100 brn
|move|p2a: Amoonguss|Foul Play|p1a: PIF Slayer
|-damage|p1a: PIF Slayer|74/100
|
|-heal|p1a: PIF Slayer|81/100|[from] item: Leftovers
|-damage|p2a: Amoonguss|26/100 brn|[from] brn
|upkeep
|turn|44
|c|☆Goro Yagami 9|gg
|-message|nabome forfeited.
|
|win|Goro Yagami 9
|n|☆Goro Yagami 9|goroyagami9
|n|*Lady Monita|ladymonita
|n|☆nabome|nabome
|l|*Lady Monita
|l|☆nabome
