|j|☆Eric Jiang234
|j|☆Eltoras
|player|p1|Eric Jiang234|skier|1474
|player|p2|Eltoras|blue|1363
|teamsize|p1|6
|teamsize|p2|6
|gametype|singles
|gen|8
|tier|[Gen 8] UU
|rated|
|clearpoke
|poke|p1|Klefki, F|
|poke|p1|Rhyperior, F|
|poke|p1|Slowking, F|
|poke|p1|Incineroar, F|
|poke|p1|Sylveon, M|
|poke|p1|Tsareena, F|
|poke|p2|Tyranitar, M|
|poke|p2|Starmie|
|poke|p2|Skarmory, M|
|poke|p2|Weezing-Galar, M|
|poke|p2|Conkeldurr, M|
|poke|p2|Blissey, F|
|rule|Sleep Clause Mod: Limit one foe put to sleep
|rule|Species Clause: Limit one of each Pokémon
|rule|OHKO Clause: OHKO moves are banned
|rule|Evasion Moves Clause: Evasion moves are banned
|rule|Endless Battle Clause: Forcing endless battles is banned
|rule|HP Percentage Mod: HP is shown in percentages
|rule|Dynamax Clause: You cannot dynamax
|teampreview
|inactive|Battle timer is ON: inactive players will automatically lose when time's up. (requested by Eric Jiang234)
|j| uuh4 missplay
|
|start
|switch|p1a: Incineroar|Incineroar, F|100/100
|switch|p2a: Weezing|Weezing-Galar, M|100/100
|-ability|p1a: Incineroar|Intimidate|boost
|-unboost|p2a: Weezing|atk|1
|turn|1
|
|move|p1a: Incineroar|Knock Off|p2a: Weezing
|-resisted|p2a: Weezing
|-damage|p2a: Weezing|88/100
|-enditem|p2a: Weezing|Black Sludge|[from] move: Knock Off|[of] p1a: Incineroar
|move|p2a: Weezing|Dazzling Gleam|p1a: Incineroar
|-damage|p1a: Incineroar|82/100
|
|upkeep
|turn|2
|
|move|p1a: Incineroar|Parting Shot|p2a: Weezing
|-unboost|p2a: Weezing|atk|1
|-unboost|p2a: Weezing|spa|1
|
|switch|p1a: Slowking|Slowking, F|100/100|[from]move: Parting Shot
|move|p2a: Weezing|Toxic Spikes|p1a: Slowking
|-sidestart|p1: Eric Jiang234|move: Toxic Spikes
|
|upkeep
|turn|3
|
|switch|p2a: Blissey|Blissey, F|100/100
|move|p1a: Slowking|Scald|p2a: Blissey
|-damage|p2a: Blissey|86/100
|-status|p2a: Blissey|brn
|
|-damage|p2a: Blissey|80/100 brn|[from] brn
|upkeep
|turn|4
|
|move|p1a: Slowking|Future Sight|p2a: Blissey
|-start|p1a: Slowking|move: Future Sight
|move|p2a: Blissey|Teleport|p2a: Blissey
|
|switch|p2a: Tyranitar|Tyranitar, M|100/100|[from]move: Teleport
|-weather|Sandstorm|[from] ability: Sand Stream|[of] p2a: Tyranitar
|
|-weather|Sandstorm|[upkeep]
|-damage|p1a: Slowking|94/100|[from] Sandstorm
|upkeep
|turn|5
|
|switch|p1a: Klefki|Klefki, F|100/100
|move|p2a: Tyranitar|Earthquake|p1a: Klefki
|-supereffective|p1a: Klefki
|-damage|p1a: Klefki|6/100
|
|-weather|Sandstorm|[upkeep]
|-heal|p1a: Klefki|12/100|[from] item: Leftovers
|upkeep
|turn|6
|
|move|p1a: Klefki|Magnet Rise|p1a: Klefki
|-start|p1a: Klefki|Magnet Rise
|move|p2a: Tyranitar|Earthquake|p1a: Klefki
|-immune|p1a: Klefki
|
|-weather|Sandstorm|[upkeep]
|-end|p2a: Tyranitar|move: Future Sight
|-immune|p2a: Tyranitar
|-heal|p1a: Klefki|18/100|[from] item: Leftovers
|upkeep
|turn|7
|
|switch|p2a: Skarmory|Skarmory, M|100/100
|move|p1a: Klefki|Spikes|p2a: Skarmory
|-sidestart|p2: Eltoras|Spikes
|
|-weather|Sandstorm|[upkeep]
|-heal|p1a: Klefki|24/100|[from] item: Leftovers
|upkeep
|turn|8
|
|switch|p1a: Incineroar|Incineroar, F|82/100
|-ability|p1a: Incineroar|Intimidate|boost
|-unboost|p2a: Skarmory|atk|1
|move|p2a: Skarmory|Body Press|p1a: Incineroar
|-supereffective|p1a: Incineroar
|-damage|p1a: Incineroar|27/100
|
|-weather|none
|upkeep
|turn|9
|
|switch|p2a: Weezing|Weezing-Galar, M|88/100
|switch|p1a: Slowking|Slowking, F|100/100
|-status|p1a: Slowking|psn
|
|-damage|p1a: Slowking|88/100 psn|[from] psn
|upkeep
|turn|10
|
|switch|p2a: Tyranitar|Tyranitar, M|100/100
|-damage|p2a: Tyranitar|88/100|[from] Spikes
|-weather|Sandstorm|[from] ability: Sand Stream|[of] p2a: Tyranitar
|move|p1a: Slowking|Future Sight|p2a: Tyranitar
|-start|p1a: Slowking|move: Future Sight
|
|-weather|Sandstorm|[upkeep]
|-damage|p1a: Slowking|82/100 psn|[from] Sandstorm
|-damage|p1a: Slowking|70/100 psn|[from] psn
|upkeep
|turn|11
|l| uuh4 missplay
|
|switch|p1a: Rhyperior|Rhyperior, F|100/100
|-status|p1a: Rhyperior|psn
|move|p2a: Tyranitar|Crunch|p1a: Rhyperior
|-damage|p1a: Rhyperior|62/100 psn
|
|-weather|Sandstorm|[upkeep]
|-heal|p1a: Rhyperior|68/100 psn|[from] item: Leftovers
|-damage|p1a: Rhyperior|55/100 psn|[from] psn
|upkeep
|turn|12
|
|move|p2a: Tyranitar|Crunch|p1a: Rhyperior
|-damage|p1a: Rhyperior|14/100 psn
|-unboost|p1a: Rhyperior|def|1
|move|p1a: Rhyperior|Earthquake|p2a: Tyranitar
|-supereffective|p2a: Tyranitar
|-damage|p2a: Tyranitar|0 fnt
|faint|p2a: Tyranitar
|
|-weather|Sandstorm|[upkeep]
|-hint|Future Sight did not hit because the target is the user.
|-heal|p1a: Rhyperior|20/100 psn|[from] item: Leftovers
|-damage|p1a: Rhyperior|8/100 psn|[from] psn
|upkeep
|inactive|Eltoras has 120 seconds left.
|
|switch|p2a: Skarmory|Skarmory, M|100/100
|turn|13
|
|switch|p1a: Sylveon|Sylveon, M|100/100
|-status|p1a: Sylveon|psn
|move|p2a: Skarmory|Body Press|p1a: Sylveon
|-resisted|p1a: Sylveon
|-damage|p1a: Sylveon|88/100 psn
|
|-weather|Sandstorm|[upkeep]
|-damage|p1a: Sylveon|82/100 psn|[from] Sandstorm
|-heal|p1a: Sylveon|88/100 psn|[from] item: Leftovers
|-damage|p1a: Sylveon|76/100 psn|[from] psn
|upkeep
|turn|14
|
|move|p2a: Skarmory|Spikes|p1a: Sylveon
|-sidestart|p1: Eric Jiang234|Spikes
|move|p1a: Sylveon|Heal Bell|p1a: Sylveon
|-activate|p1a: Sylveon|move: Heal Bell
|-curestatus|p1a: Sylveon|psn|[msg]
|-curestatus|p1: Slowking|psn|[msg]
|-curestatus|p1: Rhyperior|psn|[msg]
|
|-weather|none
|-heal|p1a: Sylveon|82/100|[from] item: Leftovers
|upkeep
|turn|15
|
|move|p1a: Sylveon|Wish|p1a: Sylveon
|move|p2a: Skarmory|Whirlwind|p1a: Sylveon
|drag|p1a: Slowking|Slowking, F|100/100
|-damage|p1a: Slowking|88/100|[from] Spikes
|-status|p1a: Slowking|psn
|
|-damage|p1a: Slowking|76/100 psn|[from] psn
|upkeep
|turn|16
|
|switch|p2a: Blissey|Blissey, F|80/100
|move|p1a: Slowking|Future Sight|p2a: Blissey
|-start|p1a: Slowking|move: Future Sight
|
|-heal|p1a: Slowking|100/100 psn|[from] move: Wish|[wisher] Sylveon
|-damage|p1a: Slowking|88/100 psn|[from] psn
|upkeep
|turn|17
|
|move|p2a: Blissey|Stealth Rock|p1a: Slowking
|-sidestart|p1: Eric Jiang234|move: Stealth Rock
|move|p1a: Slowking|Scald|p2a: Blissey
|-damage|p2a: Blissey|65/100
|
|-damage|p1a: Slowking|76/100 psn|[from] psn
|upkeep
|turn|18
|
|move|p2a: Blissey|Soft-Boiled|p2a: Blissey
|-heal|p2a: Blissey|100/100
|move|p1a: Slowking|Dragon Tail|p2a: Blissey|[miss]
|-miss|p1a: Slowking|p2a: Blissey
|
|-end|p2a: Blissey|move: Future Sight
|-damage|p2a: Blissey|79/100
|-damage|p1a: Slowking|63/100 psn|[from] psn
|upkeep
|turn|19
|
|switch|p1a: Tsareena|Tsareena, F|100/100
|move|p2a: Blissey|Teleport|p2a: Blissey
|
|switch|p2a: Conkeldurr|Conkeldurr, M|100/100|[from]move: Teleport
|-damage|p2a: Conkeldurr|88/100|[from] Spikes
|
|-status|p2a: Conkeldurr|brn|[from] item: Flame Orb
|upkeep
|turn|20
|
|move|p1a: Tsareena|Rapid Spin|p2a: Conkeldurr
|-damage|p2a: Conkeldurr|70/100 brn
|-boost|p1a: Tsareena|spe|1
|-sideend|p1: Eric Jiang234|Spikes|[from] move: Rapid Spin|[of] p1a: Tsareena
|-sideend|p1: Eric Jiang234|Toxic Spikes|[from] move: Rapid Spin|[of] p1a: Tsareena
|-sideend|p1: Eric Jiang234|Stealth Rock|[from] move: Rapid Spin|[of] p1a: Tsareena
|move|p2a: Conkeldurr|Knock Off|p1a: Tsareena
|-damage|p1a: Tsareena|28/100
|-enditem|p1a: Tsareena|Heavy-Duty Boots|[from] move: Knock Off|[of] p2a: Conkeldurr
|
|-damage|p2a: Conkeldurr|64/100 brn|[from] brn
|upkeep
|turn|21
|
|switch|p2a: Skarmory|Skarmory, M|100/100
|move|p1a: Tsareena|U-turn|p2a: Skarmory
|-resisted|p2a: Skarmory
|-damage|p2a: Skarmory|97/100
|-damage|p1a: Tsareena|11/100|[from] item: Rocky Helmet|[of] p2a: Skarmory
|
|switch|p1a: Klefki|Klefki, F|24/100|[from]move: U-turn
|
|-heal|p1a: Klefki|30/100|[from] item: Leftovers
|upkeep
|turn|22
|
|move|p1a: Klefki|Thunder Wave|p2a: Skarmory
|-status|p2a: Skarmory|par
|move|p2a: Skarmory|Body Press|p1a: Klefki
|-damage|p1a: Klefki|5/100
|
|-heal|p1a: Klefki|11/100|[from] item: Leftovers
|upkeep
|turn|23
|
|switch|p1a: Slowking|Slowking, F|96/100 psn
|move|p2a: Skarmory|Spikes|p1a: Slowking
|-sidestart|p1: Eric Jiang234|Spikes
|
|-damage|p1a: Slowking|84/100 psn|[from] psn
|upkeep
|turn|24
|
|switch|p2a: Blissey|Blissey, F|79/100
|move|p1a: Slowking|Future Sight|p2a: Blissey
|-start|p1a: Slowking|move: Future Sight
|
|-damage|p1a: Slowking|72/100 psn|[from] psn
|upkeep
|turn|25
|
|move|p2a: Blissey|Seismic Toss|p1a: Slowking
|-damage|p1a: Slowking|46/100 psn
|move|p1a: Slowking|Scald|p2a: Blissey
|-damage|p2a: Blissey|65/100
|
|-damage|p1a: Slowking|34/100 psn|[from] psn
|upkeep
|turn|26
|
|switch|p1a: Sylveon|Sylveon, M|82/100
|-damage|p1a: Sylveon|70/100|[from] Spikes
|move|p2a: Blissey|Soft-Boiled|p2a: Blissey
|-heal|p2a: Blissey|100/100
|
|-end|p2a: Blissey|move: Future Sight
|-damage|p2a: Blissey|79/100
|-heal|p1a: Sylveon|76/100|[from] item: Leftovers
|upkeep
|turn|27
|
|move|p1a: Sylveon|Wish|p1a: Sylveon
|move|p2a: Blissey|Stealth Rock|p1a: Sylveon
|-sidestart|p1: Eric Jiang234|move: Stealth Rock
|
|-heal|p1a: Sylveon|82/100|[from] item: Leftovers
|upkeep
|turn|28
|
|move|p1a: Sylveon|Heal Bell|p1a: Sylveon
|-activate|p1a: Sylveon|move: Heal Bell
|-curestatus|p1: Slowking|psn|[msg]
|move|p2a: Blissey|Seismic Toss|p1a: Sylveon
|-damage|p1a: Sylveon|56/100
|
|-heal|p1a: Sylveon|100/100|[from] move: Wish|[wisher] Sylveon
|upkeep
|turn|29
|
|move|p1a: Sylveon|Hyper Voice|p2a: Blissey
|-damage|p2a: Blissey|65/100
|move|p2a: Blissey|Seismic Toss|p1a: Sylveon
|-damage|p1a: Sylveon|75/100
|
|-heal|p1a: Sylveon|81/100|[from] item: Leftovers
|upkeep
|turn|30
|
|move|p1a: Sylveon|Wish|p1a: Sylveon
|move|p2a: Blissey|Soft-Boiled|p2a: Blissey
|-heal|p2a: Blissey|100/100
|
|-heal|p1a: Sylveon|87/100|[from] item: Leftovers
|upkeep
|turn|31
|
|switch|p1a: Slowking|Slowking, F|67/100
|-damage|p1a: Slowking|55/100|[from] Spikes
|-damage|p1a: Slowking|42/100|[from] Stealth Rock
|move|p2a: Blissey|Seismic Toss|p1a: Slowking
|-damage|p1a: Slowking|17/100
|
|-heal|p1a: Slowking|67/100|[from] move: Wish|[wisher] Sylveon
|upkeep
|turn|32
|
|switch|p1a: Sylveon|Sylveon, M|87/100
|-damage|p1a: Sylveon|75/100|[from] Spikes
|-damage|p1a: Sylveon|62/100|[from] Stealth Rock
|move|p2a: Blissey|Seismic Toss|p1a: Sylveon
|-damage|p1a: Sylveon|37/100
|
|-heal|p1a: Sylveon|43/100|[from] item: Leftovers
|upkeep
|turn|33
|
|move|p1a: Sylveon|Wish|p1a: Sylveon
|move|p2a: Blissey|Seismic Toss|p1a: Sylveon
|-damage|p1a: Sylveon|18/100
|
|-heal|p1a: Sylveon|24/100|[from] item: Leftovers
|upkeep
|turn|34
|
|move|p1a: Sylveon|Protect|p1a: Sylveon
|-singleturn|p1a: Sylveon|Protect
|move|p2a: Blissey|Teleport|p2a: Blissey
|
|switch|p2a: Skarmory|Skarmory, M|97/100 par|[from]move: Teleport
|
|-heal|p1a: Sylveon|74/100|[from] move: Wish|[wisher] Sylveon
|-heal|p1a: Sylveon|80/100|[from] item: Leftovers
|upkeep
|turn|35
|
|move|p1a: Sylveon|Wish|p1a: Sylveon
|move|p2a: Skarmory|Spikes|p1a: Sylveon
|-sidestart|p1: Eric Jiang234|Spikes
|
|-heal|p1a: Sylveon|86/100|[from] item: Leftovers
|upkeep
|turn|36
|
|move|p1a: Sylveon|Hyper Voice|p2a: Skarmory
|-resisted|p2a: Skarmory
|-damage|p2a: Skarmory|71/100 par
|move|p2a: Skarmory|Whirlwind|p1a: Sylveon
|drag|p1a: Incineroar|Incineroar, F|27/100
|-ability|p1a: Incineroar|Intimidate|boost
|-unboost|p2a: Skarmory|atk|1
|
|-heal|p1a: Incineroar|77/100|[from] move: Wish|[wisher] Sylveon
|upkeep
|turn|37
|
|switch|p2a: Weezing|Weezing-Galar, M|88/100
|move|p1a: Incineroar|Parting Shot|p2a: Weezing
|-unboost|p2a: Weezing|atk|1
|-unboost|p2a: Weezing|spa|1
|
|switch|p1a: Slowking|Slowking, F|99/100|[from]move: Parting Shot
|-damage|p1a: Slowking|88/100|[from] Stealth Rock
|-damage|p1a: Slowking|71/100|[from] Spikes
|
|upkeep
|turn|38
|
|move|p2a: Weezing|Toxic Spikes|p1a: Slowking
|-sidestart|p1: Eric Jiang234|move: Toxic Spikes
|move|p1a: Slowking|Future Sight|p2a: Weezing
|-start|p1a: Slowking|move: Future Sight
|
|upkeep
|turn|39
|
|switch|p2a: Blissey|Blissey, F|100/100
|move|p1a: Slowking|Scald|p2a: Blissey
|-damage|p2a: Blissey|87/100
|
|upkeep
|turn|40
|
|move|p2a: Blissey|Seismic Toss|p1a: Slowking
|-damage|p1a: Slowking|46/100
|move|p1a: Slowking|Dragon Tail|p2a: Blissey
|-crit|p2a: Blissey
|-damage|p2a: Blissey|73/100
|drag|p2a: Skarmory|Skarmory, M|71/100 par
|
|-end|p2a: Skarmory|move: Future Sight
|-resisted|p2a: Skarmory
|-damage|p2a: Skarmory|31/100 par
|upkeep
|turn|41
|
|move|p1a: Slowking|Scald|p2a: Skarmory
|-damage|p2a: Skarmory|0 fnt
|faint|p2a: Skarmory
|
|upkeep
|
|switch|p2a: Starmie|Starmie|100/100
|-damage|p2a: Starmie|88/100|[from] Spikes
|turn|42
|
|switch|p1a: Rhyperior|Rhyperior, F|8/100
|-damage|p1a: Rhyperior|0 fnt|[from] Spikes
|faint|p1a: Rhyperior
|move|p2a: Starmie|Rapid Spin|p1: Rhyperior|[notarget]
|-fail|p2a: Starmie
|
|upkeep
|
|switch|p1a: Sylveon|Sylveon, M|86/100
|-damage|p1a: Sylveon|70/100|[from] Spikes
|-status|p1a: Sylveon|psn
|-damage|p1a: Sylveon|57/100 psn|[from] Stealth Rock
|turn|43
|
|move|p2a: Starmie|Rapid Spin|p1a: Sylveon
|-damage|p1a: Sylveon|51/100 psn
|-boost|p2a: Starmie|spe|1
|-sideend|p2: Eltoras|Spikes|[from] move: Rapid Spin|[of] p2a: Starmie
|move|p1a: Sylveon|Wish|p1a: Sylveon
|
|-heal|p1a: Sylveon|57/100 psn|[from] item: Leftovers
|-damage|p1a: Sylveon|45/100 psn|[from] psn
|upkeep
|turn|44
|
|move|p2a: Starmie|Surf|p1a: Sylveon
|-damage|p1a: Sylveon|17/100 psn
|move|p1a: Sylveon|Hyper Voice|p2a: Starmie
|-damage|p2a: Starmie|32/100
|
|-heal|p1a: Sylveon|67/100 psn|[from] move: Wish|[wisher] Sylveon
|-heal|p1a: Sylveon|73/100 psn|[from] item: Leftovers
|-damage|p1a: Sylveon|60/100 psn|[from] psn
|upkeep
|turn|45
|
|switch|p2a: Blissey|Blissey, F|73/100
|move|p1a: Sylveon|Wish|p1a: Sylveon
|
|-heal|p1a: Sylveon|66/100 psn|[from] item: Leftovers
|-damage|p1a: Sylveon|54/100 psn|[from] psn
|upkeep
|turn|46
|
|move|p1a: Sylveon|Heal Bell|p1a: Sylveon
|-activate|p1a: Sylveon|move: Heal Bell
|-curestatus|p1a: Sylveon|psn|[msg]
|move|p2a: Blissey|Seismic Toss|p1a: Sylveon
|-damage|p1a: Sylveon|29/100
|
|-heal|p1a: Sylveon|79/100|[from] move: Wish|[wisher] Sylveon
|-heal|p1a: Sylveon|85/100|[from] item: Leftovers
|upkeep
|turn|47
|
|move|p1a: Sylveon|Wish|p1a: Sylveon
|move|p2a: Blissey|Seismic Toss|p1a: Sylveon
|-damage|p1a: Sylveon|59/100
|
|-heal|p1a: Sylveon|65/100|[from] item: Leftovers
|upkeep
|turn|48
|
|move|p1a: Sylveon|Hyper Voice|p2a: Blissey
|-damage|p2a: Blissey|58/100
|move|p2a: Blissey|Seismic Toss|p1a: Sylveon
|-damage|p1a: Sylveon|40/100
|
|-heal|p1a: Sylveon|90/100|[from] move: Wish|[wisher] Sylveon
|-heal|p1a: Sylveon|96/100|[from] item: Leftovers
|upkeep
|turn|49
|
|move|p1a: Sylveon|Wish|p1a: Sylveon
|move|p2a: Blissey|Soft-Boiled|p2a: Blissey
|-heal|p2a: Blissey|100/100
|
|-heal|p1a: Sylveon|100/100|[from] item: Leftovers
|upkeep
|turn|50
|
|switch|p1a: Incineroar|Incineroar, F|77/100
|-ability|p1a: Incineroar|Intimidate|boost
|-unboost|p2a: Blissey|atk|1
|move|p2a: Blissey|Seismic Toss|p1a: Incineroar
|-damage|p1a: Incineroar|51/100
|
|-heal|p1a: Incineroar|100/100|[from] move: Wish|[wisher] Sylveon
|upkeep
|turn|51
|
|switch|p2a: Weezing|Weezing-Galar, M|88/100
|move|p1a: Incineroar|Flare Blitz|p2a: Weezing
|-damage|p2a: Weezing|58/100
|-damage|p1a: Incineroar|92/100|[from] Recoil
|
|upkeep
|turn|52
|
|move|p1a: Incineroar|Flare Blitz|p2a: Weezing
|-damage|p2a: Weezing|29/100
|-damage|p1a: Incineroar|84/100|[from] Recoil
|move|p2a: Weezing|Pain Split|p1a: Incineroar
|-sethp|p1a: Incineroar|54/100|[from] move: Pain Split|[silent]
|-sethp|p2a: Weezing|64/100|[from] move: Pain Split
|
|upkeep
|turn|53
|
|move|p1a: Incineroar|Parting Shot|p2a: Weezing
|-unboost|p2a: Weezing|atk|1
|-unboost|p2a: Weezing|spa|1
|
|switch|p1a: Slowking|Slowking, F|79/100|[from]move: Parting Shot
|-damage|p1a: Slowking|66/100|[from] Stealth Rock
|-damage|p1a: Slowking|50/100|[from] Spikes
|-status|p1a: Slowking|psn
|move|p2a: Weezing|Toxic Spikes|p1a: Slowking
|-sidestart|p1: Eric Jiang234|move: Toxic Spikes
|
|-damage|p1a: Slowking|38/100 psn|[from] psn
|upkeep
|turn|54
|
|switch|p2a: Blissey|Blissey, F|100/100
|move|p1a: Slowking|Future Sight|p2a: Blissey
|-start|p1a: Slowking|move: Future Sight
|
|-damage|p1a: Slowking|25/100 psn|[from] psn
|upkeep
|turn|55
|
|switch|p1a: Sylveon|Sylveon, M|100/100
|-damage|p1a: Sylveon|84/100|[from] Spikes
|-status|p1a: Sylveon|tox
|-damage|p1a: Sylveon|72/100 tox|[from] Stealth Rock
|move|p2a: Blissey|Teleport|p2a: Blissey
|
|switch|p2a: Starmie|Starmie|32/100|[from]move: Teleport
|
|-heal|p1a: Sylveon|78/100 tox|[from] item: Leftovers
|-damage|p1a: Sylveon|72/100 tox|[from] psn
|upkeep
|turn|56
|
|switch|p2a: Blissey|Blissey, F|100/100
|move|p1a: Sylveon|Wish|p1a: Sylveon
|
|-end|p2a: Blissey|move: Future Sight
|-damage|p2a: Blissey|79/100
|-heal|p1a: Sylveon|78/100 tox|[from] item: Leftovers
|-damage|p1a: Sylveon|65/100 tox|[from] psn
|upkeep
|turn|57
|
|switch|p1a: Incineroar|Incineroar, F|54/100
|-ability|p1a: Incineroar|Intimidate|boost
|-unboost|p2a: Blissey|atk|1
|move|p2a: Blissey|Teleport|p2a: Blissey
|
|switch|p2a: Conkeldurr|Conkeldurr, M|64/100 brn|[from]move: Teleport
|
|-heal|p1a: Incineroar|100/100|[from] move: Wish|[wisher] Sylveon
|-damage|p2a: Conkeldurr|58/100 brn|[from] brn
|upkeep
|turn|58
|
|move|p1a: Incineroar|Parting Shot|p2a: Conkeldurr
|-unboost|p2a: Conkeldurr|atk|1
|-unboost|p2a: Conkeldurr|spa|1
|
|switch|p1a: Klefki|Klefki, F|11/100|[from]move: Parting Shot
|-damage|p1a: Klefki|5/100|[from] Stealth Rock
|-damage|p1a: Klefki|0 fnt|[from] Spikes
|faint|p1a: Klefki
|move|p2a: Conkeldurr|Drain Punch|p1: Klefki|[notarget]
|-fail|p2a: Conkeldurr
|
|-damage|p2a: Conkeldurr|52/100 brn|[from] brn
|upkeep
|
|switch|p1a: Tsareena|Tsareena, F|11/100
|-damage|p1a: Tsareena|0 fnt|[from] Spikes
|faint|p1a: Tsareena
|
|switch|p1a: Sylveon|Sylveon, M|65/100 tox
|-damage|p1a: Sylveon|53/100 tox|[from] Stealth Rock
|-damage|p1a: Sylveon|37/100 tox|[from] Spikes
|turn|59
|
|move|p2a: Conkeldurr|Facade|p1a: Sylveon
|-damage|p1a: Sylveon|0 fnt
|faint|p1a: Sylveon
|
|-damage|p2a: Conkeldurr|46/100 brn|[from] brn
|upkeep
|c|☆Eric Jiang234|Gg
|-message|Eric Jiang234 forfeited.
|
|win|Eltoras
|l|☆Eric Jiang234
|c|☆Eltoras|gg
|raw|Eric Jiang234's rating: 1451 &rarr; <strong>1425</strong><br />(-26 for losing)
|raw|Eltoras's rating: 1351 &rarr; <strong>1376</strong><br />(+25 for winning)
