|j|☆5 pia to the top
|j|☆q4231
|t:|1659873663
|gametype|singles
|player|p1|5 pia to the top|#uutrio2ladder|1261
|player|p2|q4231|lass|1072
|teamsize|p1|5
|teamsize|p2|6
|gen|8
|tier|[Gen 8] UU
|rated|
|rule|Sleep Clause Mod: Limit one foe put to sleep
|rule|Species Clause: Limit one of each Pokémon
|rule|OHKO Clause: OHKO moves are banned
|rule|Evasion Items Clause: Evasion items are banned
|rule|Evasion Moves Clause: Evasion moves are banned
|rule|Endless Battle Clause: Forcing endless battles is banned
|rule|HP Percentage Mod: HP is shown in percentages
|rule|Dynamax Clause: You cannot dynamax
|clearpoke
|poke|p1|Salamence, F|
|poke|p1|Chansey, F|
|poke|p1|Umbreon, F|
|poke|p1|Quagsire, M|
|poke|p1|Tangrowth, F|
|poke|p2|Tyrantrum, F|
|poke|p2|Zarude|
|poke|p2|Keldeo-Resolute|
|poke|p2|Silvally-*|
|poke|p2|Regigigas|
|poke|p2|Butterfree, M|
|teampreview
|
|t:|1659873709
|start
|switch|p1a: tang ur wang|Tangrowth, F|100/100
|switch|p2a: Tyrantrum|Tyrantrum, F|100/100
|turn|1
|
|t:|1659873717
|move|p2a: Tyrantrum|Dragon Dance|p2a: Tyrantrum
|-boost|p2a: Tyrantrum|atk|1
|-boost|p2a: Tyrantrum|spe|1
|move|p1a: tang ur wang|Knock Off|p2a: Tyrantrum
|-damage|p2a: Tyrantrum|78/100
|-enditem|p2a: Tyrantrum|Shell Bell|[from] move: Knock Off|[of] p1a: tang ur wang
|
|upkeep
|turn|2
|j|+Mengy ㋛
|c|+Mengy ㋛|thanks for EU streaming
|
|t:|1659873756
|move|p2a: Tyrantrum|Ice Fang|p1a: tang ur wang
|-supereffective|p1a: tang ur wang
|-damage|p1a: tang ur wang|28/100
|cant|p1a: tang ur wang|flinch
|
|upkeep
|turn|3
|
|t:|1659873761
|switch|p1a: poggy froggy|Quagsire, M|100/100
|move|p2a: Tyrantrum|Ice Fang|p1a: poggy froggy
|-damage|p1a: poggy froggy|67/100
|
|-heal|p1a: poggy froggy|73/100|[from] item: Leftovers
|upkeep
|turn|4
|
|t:|1659873767
|switch|p2a: Butterfree|Butterfree, M|100/100
|move|p1a: poggy froggy|Recover|p1a: poggy froggy
|-heal|p1a: poggy froggy|100/100
|
|upkeep
|turn|5
|
|t:|1659873771
|switch|p1a: megan the eggin|Chansey, F|100/100
|move|p2a: Butterfree|Sleep Powder|p1a: megan the eggin
|-status|p1a: megan the eggin|slp|[from] move: Sleep Powder
|
|upkeep
|turn|6
|
|t:|1659873776
|-curestatus|p1a: megan the eggin|slp|[from] ability: Natural Cure
|switch|p1a: tang ur wang|Tangrowth, F|61/100
|move|p2a: Butterfree|U-turn|p1a: tang ur wang
|-supereffective|p1a: tang ur wang
|-crit|p1a: tang ur wang
|-damage|p1a: tang ur wang|35/100
|
|t:|1659873781
|switch|p2a: Zarude|Zarude|100/100|[from]move: U-turn
|
|upkeep
|turn|7
|inactive|Battle timer is ON: inactive players will automatically lose when time's up. (requested by q4231)
|
|t:|1659873847
|switch|p1a: scary airy|Salamence, F|100/100
|-ability|p1a: scary airy|Intimidate|boost
|-unboost|p2a: Zarude|atk|1
|move|p2a: Zarude|U-turn|p1a: scary airy
|-resisted|p1a: scary airy
|-damage|p1a: scary airy|93/100
|-damage|p2a: Zarude|91/100|[from] item: Life Orb
|
|t:|1659873853
|switch|p2a: Silvally|Silvally|100/100|[from]move: U-turn
|
|upkeep
|turn|8
|inactive|5 pia to the top has 120 seconds left.
|
|t:|1659873885
|move|p2a: Silvally|Ice Beam|p1a: scary airy
|-supereffective|p1a: scary airy
|-damage|p1a: scary airy|0 fnt
|faint|p1a: scary airy
|
|upkeep
|
|t:|1659873889
|switch|p1a: megan the eggin|Chansey, F|100/100
|turn|9
|
|t:|1659873893
|move|p2a: Silvally|U-turn|p1a: megan the eggin
|-damage|p1a: megan the eggin|91/100
|
|t:|1659873896
|switch|p2a: Keldeo|Keldeo-Resolute|100/100|[from]move: U-turn
|move|p1a: megan the eggin|Stealth Rock|p2a: Keldeo
|-sidestart|p2: q4231|move: Stealth Rock
|
|upkeep
|turn|10
|
|t:|1659873907
|move|p2a: Keldeo|Secret Sword|p1a: megan the eggin
|-supereffective|p1a: megan the eggin
|-damage|p1a: megan the eggin|35/100
|move|p1a: megan the eggin|Toxic|p2a: Keldeo
|-status|p2a: Keldeo|tox
|
|-damage|p2a: Keldeo|94/100 tox|[from] psn
|upkeep
|turn|11
|
|t:|1659873912
|switch|p1a: tang ur wang|Tangrowth, F|68/100
|move|p2a: Keldeo|Secret Sword|p1a: tang ur wang
|-damage|p1a: tang ur wang|39/100
|
|-damage|p2a: Keldeo|82/100 tox|[from] psn
|upkeep
|turn|12
|
|t:|1659873941
|move|p2a: Keldeo|Air Slash|p1a: tang ur wang
|-supereffective|p1a: tang ur wang
|-damage|p1a: tang ur wang|8/100
|move|p1a: tang ur wang|Power Whip|p2a: Keldeo
|-supereffective|p2a: Keldeo
|-damage|p2a: Keldeo|0 fnt
|faint|p2a: Keldeo
|
|upkeep
|
|t:|1659873949
|switch|p2a: Butterfree|Butterfree, M|100/100
|turn|13
|
|t:|1659873958
|switch|p1a: poggy froggy|Quagsire, M|100/100
|move|p2a: Butterfree|Hurricane|p1a: poggy froggy
|-damage|p1a: poggy froggy|71/100
|
|-heal|p1a: poggy froggy|77/100|[from] item: Leftovers
|upkeep
|turn|14
|
|t:|1659873965
|move|p2a: Butterfree|Sleep Powder|p1a: poggy froggy
|-status|p1a: poggy froggy|slp|[from] move: Sleep Powder
|cant|p1a: poggy froggy|slp
|
|-heal|p1a: poggy froggy|83/100 slp|[from] item: Leftovers
|upkeep
|turn|15
|
|t:|1659873969
|move|p2a: Butterfree|Defog|p1a: poggy froggy
|-unboost|p1a: poggy froggy|evasion|1
|-sideend|p2: q4231|Stealth Rock|[from] move: Defog|[of] p2a: Butterfree
|cant|p1a: poggy froggy|slp
|
|-heal|p1a: poggy froggy|89/100 slp|[from] item: Leftovers
|upkeep
|turn|16
|c|+Mengy ㋛|defog + compoundeyes
|
|t:|1659873985
|switch|p1a: umby wumby|Umbreon, F|100/100
|move|p2a: Butterfree|U-turn|p1a: umby wumby
|-supereffective|p1a: umby wumby
|-damage|p1a: umby wumby|87/100
|c|+Mengy ㋛|can't ever miss
|
|t:|1659873991
|switch|p2a: Regigigas|Regigigas|100/100|[from]move: U-turn
|-start|p2a: Regigigas|ability: Slow Start
|
|-heal|p1a: umby wumby|93/100|[from] item: Leftovers
|upkeep
|turn|17
|
|t:|1659874007
|move|p1a: umby wumby|Foul Play|p2a: Regigigas
|-damage|p2a: Regigigas|50/100
|move|p2a: Regigigas|Drain Punch|p1a: umby wumby
|-supereffective|p1a: umby wumby
|-damage|p1a: umby wumby|74/100
|-heal|p2a: Regigigas|59/100|[from] drain|[of] p1a: umby wumby
|
|-heal|p1a: umby wumby|80/100|[from] item: Leftovers
|upkeep
|turn|18
|
|t:|1659874014
|-end|p2a: Regigigas|Slow Start|[silent]
|switch|p2a: Butterfree|Butterfree, M|100/100
|move|p1a: umby wumby|Foul Play|p2a: Butterfree
|-damage|p2a: Butterfree|73/100
|
|-heal|p1a: umby wumby|87/100|[from] item: Leftovers
|upkeep
|turn|19
|
|t:|1659874018
|move|p1a: umby wumby|Protect|p1a: umby wumby
|-singleturn|p1a: umby wumby|Protect
|move|p2a: Butterfree|U-turn|p1a: umby wumby
|-activate|p1a: umby wumby|move: Protect
|
|-heal|p1a: umby wumby|93/100|[from] item: Leftovers
|upkeep
|turn|20
|
|t:|1659874021
|move|p2a: Butterfree|U-turn|p1a: umby wumby
|-supereffective|p1a: umby wumby
|-damage|p1a: umby wumby|80/100
|
|t:|1659874024
|switch|p2a: Silvally|Silvally|100/100|[from]move: U-turn
|move|p1a: umby wumby|Wish|p1a: umby wumby
|
|-heal|p1a: umby wumby|86/100|[from] item: Leftovers
|upkeep
|turn|21
|
|t:|1659874027
|move|p2a: Silvally|U-turn|p1a: umby wumby
|-supereffective|p1a: umby wumby
|-damage|p1a: umby wumby|70/100
|
|t:|1659874031
|switch|p2a: Zarude|Zarude|91/100|[from]move: U-turn
|move|p1a: umby wumby|Foul Play|p2a: Zarude
|-resisted|p2a: Zarude
|-damage|p2a: Zarude|69/100
|
|-heal|p1a: umby wumby|100/100|[from] move: Wish|[wisher] umby wumby
|upkeep
|turn|22
|
|t:|1659874035
|move|p2a: Zarude|Drain Punch|p1a: umby wumby
|-supereffective|p1a: umby wumby
|-damage|p1a: umby wumby|60/100
|-heal|p2a: Zarude|91/100|[from] drain|[of] p1a: umby wumby
|-damage|p2a: Zarude|81/100|[from] item: Life Orb
|move|p1a: umby wumby|Wish|p1a: umby wumby
|
|-heal|p1a: umby wumby|67/100|[from] item: Leftovers
|upkeep
|turn|23
|
|t:|1659874040
|switch|p2a: Tyrantrum|Tyrantrum, F|78/100
|move|p1a: umby wumby|Foul Play|p2a: Tyrantrum
|-damage|p2a: Tyrantrum|27/100
|
|-heal|p1a: umby wumby|100/100|[from] move: Wish|[wisher] umby wumby
|upkeep
|turn|24
|
|t:|1659874045
|move|p2a: Tyrantrum|Ice Fang|p1a: umby wumby
|-damage|p1a: umby wumby|80/100
|cant|p1a: umby wumby|flinch
|
|-heal|p1a: umby wumby|86/100|[from] item: Leftovers
|upkeep
|turn|25
|c|+Mengy ㋛|I watch you stream but I like watching on ps
|
|t:|1659874050
|move|p1a: umby wumby|Protect|p1a: umby wumby
|-singleturn|p1a: umby wumby|Protect
|move|p2a: Tyrantrum|Ice Fang|p1a: umby wumby
|-activate|p1a: umby wumby|move: Protect
|
|-heal|p1a: umby wumby|92/100|[from] item: Leftovers
|upkeep
|turn|26
|
|t:|1659874053
|move|p2a: Tyrantrum|Ice Fang|p1a: umby wumby
|-damage|p1a: umby wumby|69/100
|move|p1a: umby wumby|Foul Play|p2a: Tyrantrum
|-damage|p2a: Tyrantrum|0 fnt
|faint|p2a: Tyrantrum
|
|-heal|p1a: umby wumby|75/100|[from] item: Leftovers
|upkeep
|c|+Mengy ㋛|but I like seeing your discord etc
|
|t:|1659874063
|switch|p2a: Silvally|Silvally|100/100
|turn|27
|c|+Mengy ㋛|I didn't get to see pif thoughts though
|c|+Mengy ㋛|since that was when I was refreshing stream
|inactive|5 pia to the top has 120 seconds left.
|
|t:|1659874107
|move|p1a: umby wumby|Protect|p1a: umby wumby
|-singleturn|p1a: umby wumby|Protect
|move|p2a: Silvally|Ice Beam|p1a: umby wumby
|-activate|p1a: umby wumby|move: Protect
|
|-heal|p1a: umby wumby|81/100|[from] item: Leftovers
|upkeep
|turn|28
|
|t:|1659874111
|move|p2a: Silvally|Ice Beam|p1a: umby wumby
|-damage|p1a: umby wumby|63/100
|move|p1a: umby wumby|Wish|p1a: umby wumby
|
|-heal|p1a: umby wumby|70/100|[from] item: Leftovers
|upkeep
|turn|29
|
|t:|1659874116
|move|p2a: Silvally|Ice Beam|p1a: umby wumby
|-damage|p1a: umby wumby|52/100
|move|p1a: umby wumby|Foul Play|p2a: Silvally
|-crit|p2a: Silvally
|-damage|p2a: Silvally|53/100
|
|-heal|p1a: umby wumby|100/100|[from] move: Wish|[wisher] umby wumby
|upkeep
|turn|30
|
|t:|1659874127
|move|p2a: Silvally|Ice Beam|p1a: umby wumby
|-damage|p1a: umby wumby|83/100
|move|p1a: umby wumby|Foul Play|p2a: Silvally
|-damage|p2a: Silvally|21/100
|
|-heal|p1a: umby wumby|89/100|[from] item: Leftovers
|upkeep
|turn|31
|c|+Mengy ㋛|aw that's cute I have a whole server for that
|inactive|5 pia to the top has 120 seconds left.
|
|t:|1659874161
|move|p1a: umby wumby|Protect|p1a: umby wumby
|-singleturn|p1a: umby wumby|Protect
|move|p2a: Silvally|U-turn|p1a: umby wumby
|-activate|p1a: umby wumby|move: Protect
|
|-heal|p1a: umby wumby|95/100|[from] item: Leftovers
|upkeep
|turn|32
|c|+Mengy ㋛|it's mostly full of bots that I didn't fully configure
|inactive|5 pia to the top has 120 seconds left.
|
|t:|1659874167
|move|p2a: Silvally|U-turn|p1a: umby wumby
|-supereffective|p1a: umby wumby
|-damage|p1a: umby wumby|77/100
|
|t:|1659874169
|switch|p2a: Butterfree|Butterfree, M|73/100|[from]move: U-turn
|move|p1a: umby wumby|Foul Play|p2a: Butterfree
|-damage|p2a: Butterfree|42/100
|
|-heal|p1a: umby wumby|84/100|[from] item: Leftovers
|upkeep
|turn|33
|
|t:|1659874174
|move|p1a: umby wumby|Protect|p1a: umby wumby
|-singleturn|p1a: umby wumby|Protect
|move|p2a: Butterfree|Hurricane|p1a: umby wumby
|-activate|p1a: umby wumby|move: Protect
|
|-heal|p1a: umby wumby|90/100|[from] item: Leftovers
|upkeep
|turn|34
|
|t:|1659874177
|move|p2a: Butterfree|Hurricane|p1a: umby wumby
|-damage|p1a: umby wumby|65/100
|move|p1a: umby wumby|Wish|p1a: umby wumby
|
|-heal|p1a: umby wumby|71/100|[from] item: Leftovers
|upkeep
|turn|35
|
|t:|1659874182
|move|p2a: Butterfree|Hurricane|p1a: umby wumby
|-damage|p1a: umby wumby|49/100
|move|p1a: umby wumby|Foul Play|p2a: Butterfree
|-damage|p2a: Butterfree|11/100
|
|-heal|p1a: umby wumby|99/100|[from] move: Wish|[wisher] umby wumby
|-heal|p1a: umby wumby|100/100|[from] item: Leftovers
|upkeep
|turn|36
|
|t:|1659874190
|move|p2a: Butterfree|Hurricane|p1a: umby wumby
|-damage|p1a: umby wumby|76/100
|move|p1a: umby wumby|Wish|p1a: umby wumby
|
|-heal|p1a: umby wumby|82/100|[from] item: Leftovers
|upkeep
|turn|37
|
|t:|1659874198
|move|p2a: Butterfree|Hurricane|p1a: umby wumby
|-damage|p1a: umby wumby|56/100
|move|p1a: umby wumby|Foul Play|p2a: Butterfree
|-damage|p2a: Butterfree|0 fnt
|faint|p2a: Butterfree
|
|-heal|p1a: umby wumby|100/100|[from] move: Wish|[wisher] umby wumby
|upkeep
|
|t:|1659874204
|switch|p2a: Regigigas|Regigigas|59/100
|-start|p2a: Regigigas|ability: Slow Start
|turn|38
|c|+Mengy ㋛|that one isn't even my server
|c|+Mengy ㋛|that's fuma's
|
|t:|1659874212
|move|p1a: umby wumby|Foul Play|p2a: Regigigas
|-damage|p2a: Regigigas|13/100
|move|p2a: Regigigas|Drain Punch|p1a: umby wumby
|-supereffective|p1a: umby wumby
|-damage|p1a: umby wumby|80/100
|-heal|p2a: Regigigas|22/100|[from] drain|[of] p1a: umby wumby
|
|-heal|p1a: umby wumby|87/100|[from] item: Leftovers
|upkeep
|turn|39
|c|+Mengy ㋛|I just took it over
|
|t:|1659874224
|move|p1a: umby wumby|Protect|p1a: umby wumby
|-singleturn|p1a: umby wumby|Protect
|move|p2a: Regigigas|Drain Punch|p1a: umby wumby
|-activate|p1a: umby wumby|move: Protect
|
|-heal|p1a: umby wumby|93/100|[from] item: Leftovers
|upkeep
|turn|40
|
|t:|1659874227
|move|p1a: umby wumby|Foul Play|p2a: Regigigas
|-damage|p2a: Regigigas|0 fnt
|faint|p2a: Regigigas
|-end|p2a: Regigigas|Slow Start|[silent]
|
|-heal|p1a: umby wumby|99/100|[from] item: Leftovers
|upkeep
|
|t:|1659874228
|switch|p2a: Zarude|Zarude|81/100
|turn|41
|
|t:|1659874234
|move|p2a: Zarude|Drain Punch|p1a: umby wumby
|-supereffective|p1a: umby wumby
|-damage|p1a: umby wumby|58/100
|-heal|p2a: Zarude|100/100|[from] drain|[of] p1a: umby wumby
|-damage|p2a: Zarude|91/100|[from] item: Life Orb
|move|p1a: umby wumby|Wish|p1a: umby wumby
|
|-heal|p1a: umby wumby|64/100|[from] item: Leftovers
|upkeep
|turn|42
|
|t:|1659874241
|move|p2a: Zarude|Drain Punch|p1a: umby wumby
|-supereffective|p1a: umby wumby
|-damage|p1a: umby wumby|28/100
|-heal|p2a: Zarude|100/100|[from] drain|[of] p1a: umby wumby
|-damage|p2a: Zarude|91/100|[from] item: Life Orb
|move|p1a: umby wumby|Foul Play|p2a: Zarude
|-resisted|p2a: Zarude
|-crit|p2a: Zarude
|-damage|p2a: Zarude|58/100
|
|-heal|p1a: umby wumby|78/100|[from] move: Wish|[wisher] umby wumby
|-heal|p1a: umby wumby|84/100|[from] item: Leftovers
|upkeep
|turn|43
|
|t:|1659874245
|move|p1a: umby wumby|Protect|p1a: umby wumby
|-singleturn|p1a: umby wumby|Protect
|move|p2a: Zarude|Drain Punch|p1a: umby wumby
|-activate|p1a: umby wumby|move: Protect
|
|-heal|p1a: umby wumby|90/100|[from] item: Leftovers
|upkeep
|turn|44
|c|+Mengy ㋛|mengy chat streams are educational
|
|t:|1659874250
|move|p2a: Zarude|Drain Punch|p1a: umby wumby
|-supereffective|p1a: umby wumby
|-damage|p1a: umby wumby|51/100
|-heal|p2a: Zarude|80/100|[from] drain|[of] p1a: umby wumby
|-damage|p2a: Zarude|70/100|[from] item: Life Orb
|move|p1a: umby wumby|Wish|p1a: umby wumby
|
|-heal|p1a: umby wumby|57/100|[from] item: Leftovers
|upkeep
|turn|45
|
|t:|1659874256
|move|p1a: umby wumby|Protect|p1a: umby wumby
|-singleturn|p1a: umby wumby|Protect
|move|p2a: Zarude|Drain Punch|p1a: umby wumby
|-activate|p1a: umby wumby|move: Protect
|
|-heal|p1a: umby wumby|100/100|[from] move: Wish|[wisher] umby wumby
|upkeep
|turn|46
|
|t:|1659874262
|switch|p1a: megan the eggin|Chansey, F|35/100
|move|p2a: Zarude|Drain Punch|p1a: megan the eggin
|-supereffective|p1a: megan the eggin
|-damage|p1a: megan the eggin|0 fnt
|-heal|p2a: Zarude|100/100|[from] drain|[of] p1a: megan the eggin
|faint|p1a: megan the eggin
|-damage|p2a: Zarude|91/100|[from] item: Life Orb
|
|upkeep
|
|t:|1659874264
|switch|p1a: tang ur wang|Tangrowth, F|42/100
|turn|47
|c|+Mengy ㋛|you get to learn about mengy thoughts
|
|t:|1659874267
|switch|p1a: umby wumby|Umbreon, F|100/100
|move|p2a: Zarude|U-turn|p1a: umby wumby
|-supereffective|p1a: umby wumby
|-damage|p1a: umby wumby|65/100
|-damage|p2a: Zarude|81/100|[from] item: Life Orb
|
|t:|1659874269
|switch|p2a: Silvally|Silvally|21/100|[from]move: U-turn
|
|-heal|p1a: umby wumby|71/100|[from] item: Leftovers
|upkeep
|turn|48
|
|t:|1659874273
|move|p1a: umby wumby|Protect|p1a: umby wumby
|-singleturn|p1a: umby wumby|Protect
|move|p2a: Silvally|U-turn|p1a: umby wumby
|-activate|p1a: umby wumby|move: Protect
|
|-heal|p1a: umby wumby|77/100|[from] item: Leftovers
|upkeep
|turn|49
|
|t:|1659874276
|move|p2a: Silvally|U-turn|p1a: umby wumby
|-supereffective|p1a: umby wumby
|-damage|p1a: umby wumby|60/100
|
|t:|1659874278
|switch|p2a: Zarude|Zarude|81/100|[from]move: U-turn
|move|p1a: umby wumby|Wish|p1a: umby wumby
|
|-heal|p1a: umby wumby|66/100|[from] item: Leftovers
|upkeep
|turn|50
|
|t:|1659874281
|move|p1a: umby wumby|Protect|p1a: umby wumby
|-singleturn|p1a: umby wumby|Protect
|move|p2a: Zarude|Drain Punch|p1a: umby wumby
|-activate|p1a: umby wumby|move: Protect
|
|-heal|p1a: umby wumby|100/100|[from] move: Wish|[wisher] umby wumby
|upkeep
|turn|51
|
|t:|1659874284
|move|p2a: Zarude|Drain Punch|p1a: umby wumby
|-supereffective|p1a: umby wumby
|-damage|p1a: umby wumby|58/100
|-heal|p2a: Zarude|100/100|[from] drain|[of] p1a: umby wumby
|-damage|p2a: Zarude|91/100|[from] item: Life Orb
|move|p1a: umby wumby|Wish|p1a: umby wumby
|
|-heal|p1a: umby wumby|65/100|[from] item: Leftovers
|upkeep
|turn|52
|
|t:|1659874289
|switch|p1a: tang ur wang|Tangrowth, F|75/100
|move|p2a: Zarude|Drain Punch|p1a: tang ur wang
|-damage|p1a: tang ur wang|52/100
|-heal|p2a: Zarude|100/100|[from] drain|[of] p1a: tang ur wang
|-damage|p2a: Zarude|91/100|[from] item: Life Orb
|
|-heal|p1a: tang ur wang|100/100|[from] move: Wish|[wisher] umby wumby
|upkeep
|turn|53
|
|t:|1659874292
|move|p2a: Zarude|U-turn|p1a: tang ur wang
|-supereffective|p1a: tang ur wang
|-damage|p1a: tang ur wang|55/100
|-damage|p2a: Zarude|81/100|[from] item: Life Orb
|
|t:|1659874294
|switch|p2a: Silvally|Silvally|21/100|[from]move: U-turn
|move|p1a: tang ur wang|Sludge Bomb|p2a: Silvally
|-damage|p2a: Silvally|5/100
|
|upkeep
|turn|54
|
|t:|1659874300
|switch|p1a: poggy froggy|Quagsire, M|89/100 slp
|move|p2a: Silvally|Ice Beam|p1a: poggy froggy
|-damage|p1a: poggy froggy|67/100 slp
|
|-heal|p1a: poggy froggy|73/100 slp|[from] item: Leftovers
|upkeep
|turn|55
|c|+Mengy ㋛|see that was an educational play
|
|t:|1659874305
|move|p2a: Silvally|U-turn|p1a: poggy froggy
|-damage|p1a: poggy froggy|59/100 slp
|c|+Mengy ㋛|with the chansey sac
|
|t:|1659874307
|switch|p2a: Zarude|Zarude|81/100|[from]move: U-turn
|-curestatus|p1a: poggy froggy|slp|[msg]
|move|p1a: poggy froggy|Scald|p2a: Zarude
|-resisted|p2a: Zarude
|-damage|p2a: Zarude|70/100
|
|-heal|p1a: poggy froggy|65/100|[from] item: Leftovers
|upkeep
|turn|56
|
|t:|1659874311
|switch|p1a: tang ur wang|Tangrowth, F|88/100
|move|p2a: Zarude|Seed Bomb|p1a: tang ur wang
|-resisted|p1a: tang ur wang
|-damage|p1a: tang ur wang|71/100
|-damage|p2a: Zarude|60/100|[from] item: Life Orb
|
|upkeep
|turn|57
|
|t:|1659874317
|move|p2a: Zarude|Drain Punch|p1a: tang ur wang
|-damage|p1a: tang ur wang|47/100
|-heal|p2a: Zarude|74/100|[from] drain|[of] p1a: tang ur wang
|-damage|p2a: Zarude|64/100|[from] item: Life Orb
|move|p1a: tang ur wang|Sludge Bomb|p2a: Zarude
|-supereffective|p2a: Zarude
|-damage|p2a: Zarude|24/100
|-status|p2a: Zarude|psn
|
|-damage|p2a: Zarude|12/100 psn|[from] psn
|upkeep
|turn|58
|
|t:|1659874325
|switch|p1a: poggy froggy|Quagsire, M|65/100
|move|p2a: Zarude|Crunch|p1a: poggy froggy
|-damage|p1a: poggy froggy|14/100
|-unboost|p1a: poggy froggy|def|1
|-damage|p2a: Zarude|2/100 psn|[from] item: Life Orb
|
|-heal|p1a: poggy froggy|20/100|[from] item: Leftovers
|-damage|p2a: Zarude|0 fnt|[from] psn
|faint|p2a: Zarude
|upkeep
|
|t:|1659874326
|switch|p2a: Silvally|Silvally|5/100
|turn|59
|
|t:|1659874329
|move|p2a: Silvally|Ice Beam|p1a: poggy froggy
|-damage|p1a: poggy froggy|0 fnt
|faint|p1a: poggy froggy
|
|upkeep
|
|t:|1659874331
|switch|p1a: tang ur wang|Tangrowth, F|80/100
|turn|60
|
|t:|1659874334
|move|p2a: Silvally|Ice Beam|p1a: tang ur wang
|-supereffective|p1a: tang ur wang
|-damage|p1a: tang ur wang|46/100
|move|p1a: tang ur wang|Earthquake|p2a: Silvally
|-damage|p2a: Silvally|0 fnt
|faint|p2a: Silvally
|
|win|5 pia to the top
|raw|5 pia to the top's rating: 1261 &rarr; <strong>1274</strong><br />(+13 for winning)
|raw|q4231's rating: 1072 &rarr; <strong>1062</strong><br />(-10 for losing)
|l|☆q4231
