|j|☆comfey guy
|j|☆Valiant Hearts
|t:|1619730807
|gametype|singles
|player|p1|comfey guy|janitor|
|player|p2|Valiant Hearts|acetrainerf|
|teamsize|p1|6
|teamsize|p2|6
|gen|8
|tier|[Gen 8] UU
|rated|Tournament battle
|clearpoke
|poke|p1|Tapu Bulu|
|poke|p1|Silvally-*|
|poke|p1|Aegislash, F|
|poke|p1|Rotom-Heat|
|poke|p1|Kommo-o, F|
|poke|p1|Comfey, F|
|poke|p2|Thundurus-Therian, M|
|poke|p2|Slowbro-Galar, M|
|poke|p2|Krookodile, F|
|poke|p2|Kommo-o, F|
|poke|p2|Mantine, M|
|poke|p2|Scizor, F|
|rule|Sleep Clause Mod: Limit one foe put to sleep
|rule|Species Clause: Limit one of each Pokémon
|rule|OHKO Clause: OHKO moves are banned
|rule|Evasion Moves Clause: Evasion moves are banned
|rule|Endless Battle Clause: Forcing endless battles is banned
|rule|HP Percentage Mod: HP is shown in percentages
|rule|Dynamax Clause: You cannot dynamax
|teampreview
|j| JustFranco
|j| Datsplashtho
|c|☆comfey guy|wtf
|c|☆comfey guy|this tier is dope
|l| Datsplashtho
|c|☆comfey guy|i missed it
|
|t:|1619730834
|start
|switch|p1a: Kommo-o|Kommo-o, F|100/100
|switch|p2a: Slowbro|Slowbro-Galar, M|100/100
|turn|1
|
|t:|1619730842
|move|p1a: Kommo-o|Scale Shot|p2a: Slowbro|[miss]
|-miss|p1a: Kommo-o|p2a: Slowbro
|move|p2a: Slowbro|Calm Mind|p2a: Slowbro
|-boost|p2a: Slowbro|spa|1
|-boost|p2a: Slowbro|spd|1
|
|upkeep
|turn|2
|
|t:|1619730853
|move|p1a: Kommo-o|Scale Shot|p2a: Slowbro
|-damage|p2a: Slowbro|93/100
|-damage|p2a: Slowbro|86/100
|-damage|p2a: Slowbro|78/100
|-damage|p2a: Slowbro|69/100
|-damage|p2a: Slowbro|62/100
|-hitcount|p2a: Slowbro|5
|-unboost|p1a: Kommo-o|def|1
|-boost|p1a: Kommo-o|spe|1
|-enditem|p1a: Kommo-o|Eject Pack
|
|t:|1619730859
|switch|p1a: Aegislash|Aegislash, F|100/100
|move|p2a: Slowbro|Flamethrower|p1a: Aegislash
|-supereffective|p1a: Aegislash
|-damage|p1a: Aegislash|45/100
|
|upkeep
|turn|3
|
|t:|1619730870
|switch|p2a: Kommo-o|Kommo-o, F|100/100
|-formechange|p1a: Aegislash|Aegislash-Blade||[from] ability: Stance Change
|move|p1a: Aegislash|Shadow Sneak|p2a: Kommo-o
|-damage|p2a: Kommo-o|88/100
|
|-heal|p2a: Kommo-o|94/100|[from] item: Leftovers
|upkeep
|turn|4
|j| Fuhh666
|j|@ANGER MANAGEMENT
|j|+itsjustdrew☆
|
|t:|1619730880
|switch|p1a: Comfey|Comfey, F|100/100
|move|p2a: Kommo-o|Stealth Rock|p1a: Comfey
|-sidestart|p1: comfey guy|move: Stealth Rock
|
|-heal|p2a: Kommo-o|99/100|[from] item: Leftovers
|upkeep
|turn|5
|
|t:|1619730884
|switch|p2a: Slowbro|Slowbro-Galar, M|95/100
|move|p1a: Comfey|U-turn|p2a: Slowbro
|-damage|p2a: Slowbro|90/100
|
|t:|1619730889
|switch|p1a: Silvally|Silvally-Ground|100/100|[from]move: U-turn
|-damage|p1a: Silvally|94/100|[from] Stealth Rock
|
|upkeep
|turn|6
|j| gglrg
|
|t:|1619730901
|switch|p1a: Tapu Bulu|Tapu Bulu|100/100
|-damage|p1a: Tapu Bulu|88/100|[from] Stealth Rock
|-fieldstart|move: Grassy Terrain|[from] ability: Grassy Surge|[of] p1a: Tapu Bulu
|switch|p2a: Kommo-o|Kommo-o, F|99/100
|
|-heal|p1a: Tapu Bulu|94/100|[from] Grassy Terrain
|-heal|p2a: Kommo-o|100/100|[from] Grassy Terrain
|upkeep
|turn|7
|
|t:|1619730909
|move|p1a: Tapu Bulu|Swords Dance|p1a: Tapu Bulu
|-boost|p1a: Tapu Bulu|atk|2
|move|p2a: Kommo-o|Toxic|p1a: Tapu Bulu
|-status|p1a: Tapu Bulu|tox
|
|-heal|p1a: Tapu Bulu|100/100 tox|[from] Grassy Terrain
|-damage|p1a: Tapu Bulu|94/100 tox|[from] psn
|upkeep
|turn|8
|
|t:|1619730913
|move|p1a: Tapu Bulu|Close Combat|p2a: Kommo-o
|-damage|p2a: Kommo-o|23/100
|-unboost|p1a: Tapu Bulu|def|1
|-unboost|p1a: Tapu Bulu|spd|1
|-damage|p1a: Tapu Bulu|85/100 tox|[from] item: Life Orb
|move|p2a: Kommo-o|Flamethrower|p1a: Tapu Bulu
|-supereffective|p1a: Tapu Bulu
|-damage|p1a: Tapu Bulu|11/100 tox
|
|-heal|p1a: Tapu Bulu|17/100 tox|[from] Grassy Terrain
|-heal|p2a: Kommo-o|29/100|[from] Grassy Terrain
|-heal|p2a: Kommo-o|36/100|[from] item: Leftovers
|-damage|p1a: Tapu Bulu|5/100 tox|[from] psn
|upkeep
|turn|9
|
|t:|1619730918
|switch|p2a: Slowbro|Slowbro-Galar, M|100/100
|move|p1a: Tapu Bulu|Horn Leech|p2a: Slowbro
|-resisted|p2a: Slowbro
|-damage|p2a: Slowbro|53/100
|-heal|p1a: Tapu Bulu|37/100 tox|[from] drain|[of] p2a: Slowbro
|-damage|p1a: Tapu Bulu|27/100 tox|[from] item: Life Orb
|
|-heal|p1a: Tapu Bulu|34/100 tox|[from] Grassy Terrain
|-heal|p2a: Slowbro|59/100|[from] Grassy Terrain
|-damage|p1a: Tapu Bulu|15/100 tox|[from] psn
|upkeep
|turn|10
|
|t:|1619730925
|switch|p2a: Kommo-o|Kommo-o, F|36/100
|move|p1a: Tapu Bulu|Stone Edge|p2a: Kommo-o
|-resisted|p2a: Kommo-o
|-damage|p2a: Kommo-o|3/100
|-damage|p1a: Tapu Bulu|5/100 tox|[from] item: Life Orb
|
|-heal|p1a: Tapu Bulu|12/100 tox|[from] Grassy Terrain
|-heal|p2a: Kommo-o|9/100|[from] Grassy Terrain
|-heal|p2a: Kommo-o|15/100|[from] item: Leftovers
|-damage|p1a: Tapu Bulu|0 fnt|[from] psn
|faint|p1a: Tapu Bulu
|-fieldend|move: Grassy Terrain
|upkeep
|
|t:|1619730947
|switch|p1a: Kommo-o|Kommo-o, F|100/100
|-damage|p1a: Kommo-o|94/100|[from] Stealth Rock
|turn|11
|
|t:|1619730954
|move|p1a: Kommo-o|Close Combat|p2a: Kommo-o
|-damage|p2a: Kommo-o|0 fnt
|-unboost|p1a: Kommo-o|def|1
|-unboost|p1a: Kommo-o|spd|1
|faint|p2a: Kommo-o
|
|upkeep
|
|t:|1619730960
|switch|p2a: Thundurus|Thundurus-Therian, M|100/100
|turn|12
|j| Pablonchattack
|
|t:|1619730978
|switch|p1a: Comfey|Comfey, F|100/100
|-damage|p1a: Comfey|88/100|[from] Stealth Rock
|move|p2a: Thundurus|Psychic|p1a: Comfey
|-damage|p1a: Comfey|52/100
|
|upkeep
|turn|13
|j| SuloTheBoi ㋛
|
|t:|1619730983
|move|p1a: Comfey|Draining Kiss|p2a: Thundurus
|-damage|p2a: Thundurus|64/100
|-heal|p1a: Comfey|79/100|[from] drain|[of] p2a: Thundurus
|move|p2a: Thundurus|Nasty Plot|p2a: Thundurus
|-boost|p2a: Thundurus|spa|2
|
|upkeep
|turn|14
|
|t:|1619730990
|move|p1a: Comfey|Draining Kiss|p2a: Thundurus
|-damage|p2a: Thundurus|28/100
|-heal|p1a: Comfey|100/100|[from] drain|[of] p2a: Thundurus
|move|p2a: Thundurus|Thunderbolt|p1a: Comfey
|-damage|p1a: Comfey|0 fnt
|faint|p1a: Comfey
|
|upkeep
|
|t:|1619730993
|switch|p1a: Aegislash|Aegislash, F|45/100
|-damage|p1a: Aegislash|38/100|[from] Stealth Rock
|turn|15
|j| Can'tFight
|
|t:|1619731002
|move|p2a: Thundurus|Thunderbolt|p1a: Aegislash
|-damage|p1a: Aegislash|0 fnt
|faint|p1a: Aegislash
|
|upkeep
|c|☆comfey guy|gg
|c|☆Valiant Hearts|Gg
|l|+itsjustdrew☆
|j| Frostigar479
|-message|comfey guy forfeited.
|
|win|Valiant Hearts
|n|☆comfey guy|comfeyguy
|n|☆Valiant Hearts|valianthearts
|n| JustFranco|justfranco
|n| Fuhh666|fuhh666
|n| ANGER MANAGEMENT|angermanagement
|n| gglrg|gglrg
|n| Pablonchattack|pablonchattack
|n| SuloTheBoi ㋛|sulotheboi
|n| Can'tFight|cantfight
|n| Frostigar479|frostigar479
