|j|☆dratini1yt
|j|☆udongirl
|inactive|Battle timer is ON: inactive players will automatically lose when time's up.
|t:|1661606080
|gametype|singles
|player|p1|dratini1yt|clair|
|player|p2|udongirl|#bltviiiturtwigs|
|teamsize|p1|6
|teamsize|p2|6
|gen|8
|tier|[Gen 8] UU
|rated|Tournament battle
|rule|Sleep Clause Mod: Limit one foe put to sleep
|rule|Species Clause: Limit one of each Pokémon
|rule|OHKO Clause: OHKO moves are banned
|rule|Evasion Items Clause: Evasion items are banned
|rule|Evasion Moves Clause: Evasion moves are banned
|rule|Endless Battle Clause: Forcing endless battles is banned
|rule|HP Percentage Mod: HP is shown in percentages
|rule|Dynamax Clause: You cannot dynamax
|clearpoke
|poke|p1|Celesteela|
|poke|p1|Hippowdon, M|
|poke|p1|Azumarill, F|
|poke|p1|Haxorus, M|
|poke|p1|Amoonguss, M|
|poke|p1|Rotom-Heat|
|poke|p2|Zygarde-10%|
|poke|p2|Hippowdon, M|
|poke|p2|Primarina, F|
|poke|p2|Moltres|
|poke|p2|Zarude|
|poke|p2|Registeel|
|teampreview
|c|☆dratini1yt|glhf
|c|☆dratini1yt|勝てる気がしない
|
|t:|1661606098
|start
|switch|p1a: Amoonguss|Amoonguss, M|100/100
|switch|p2a: Moltres|Moltres|100/100
|turn|1
|j|@NaM200
|j| EliEnik
|
|t:|1661606106
|switch|p1a: Rotom|Rotom-Heat|100/100
|move|p2a: Moltres|Mystical Fire|p1a: Rotom
|-resisted|p1a: Rotom
|-damage|p1a: Rotom|78/100
|-unboost|p1a: Rotom|spa|1
|
|upkeep
|turn|2
|
|t:|1661606119
|switch|p1a: Amoonguss|Amoonguss, M|100/100
|move|p2a: Moltres|Toxic|p1a: Amoonguss
|-immune|p1a: Amoonguss
|
|upkeep
|turn|3
|c|☆udongirl|Hf
|c| EliEnik|What a battle.
|
|t:|1661606138
|switch|p1a: Azumarill|Azumarill, F|100/100
|move|p2a: Moltres|Mystical Fire|p1a: Azumarill
|-resisted|p1a: Azumarill
|-damage|p1a: Azumarill|81/100
|-unboost|p1a: Azumarill|spa|1
|
|upkeep
|turn|4
|
|t:|1661606150
|switch|p2a: Zarude|Zarude|100/100
|move|p1a: Azumarill|Belly Drum|p1a: Azumarill
|-damage|p1a: Azumarill|31/100
|-setboost|p1a: Azumarill|atk|6|[from] move: Belly Drum
|-enditem|p1a: Azumarill|Sitrus Berry|[eat]
|-heal|p1a: Azumarill|56/100|[from] item: Sitrus Berry
|
|upkeep
|turn|5
|
|t:|1661606162
|move|p1a: Azumarill|Aqua Jet|p2a: Zarude
|-resisted|p2a: Zarude
|-damage|p2a: Zarude|54/100
|move|p2a: Zarude|Power Whip|p1a: Azumarill
|-supereffective|p1a: Azumarill
|-damage|p1a: Azumarill|0 fnt
|faint|p1a: Azumarill
|
|upkeep
|
|t:|1661606170
|switch|p1a: Rotom|Rotom-Heat|78/100
|turn|6
|
|t:|1661606176
|move|p1a: Rotom|Overheat|p2a: Zarude
|-supereffective|p2a: Zarude
|-crit|p2a: Zarude
|-damage|p2a: Zarude|0 fnt
|-unboost|p1a: Rotom|spa|2
|faint|p2a: Zarude
|
|upkeep
|
|t:|1661606180
|switch|p2a: Hippowdon|Hippowdon, M|100/100
|-weather|Sandstorm|[from] ability: Sand Stream|[of] p2a: Hippowdon
|turn|7
|
|t:|1661606186
|switch|p1a: Amoonguss|Amoonguss, M|100/100
|move|p2a: Hippowdon|Stealth Rock|p1a: Amoonguss
|-sidestart|p1: dratini1yt|move: Stealth Rock
|
|-weather|Sandstorm|[upkeep]
|-damage|p1a: Amoonguss|94/100|[from] Sandstorm
|upkeep
|turn|8
|
|t:|1661606193
|move|p2a: Hippowdon|Earthquake|p1a: Amoonguss
|-damage|p1a: Amoonguss|66/100
|move|p1a: Amoonguss|Spore|p2a: Hippowdon
|-status|p2a: Hippowdon|slp|[from] move: Spore
|
|-weather|Sandstorm|[upkeep]
|-damage|p1a: Amoonguss|60/100|[from] Sandstorm
|upkeep
|turn|9
|l| EliEnik
|
|t:|1661606215
|switch|p2a: Registeel|Registeel|100/100
|move|p1a: Amoonguss|Foul Play|p2a: Registeel
|-damage|p2a: Registeel|94/100
|
|-weather|Sandstorm|[upkeep]
|-damage|p1a: Amoonguss|54/100|[from] Sandstorm
|upkeep
|turn|10
|
|t:|1661606230
|switch|p1a: Hippowdon|Hippowdon, M|100/100
|-damage|p1a: Hippowdon|94/100|[from] Stealth Rock
|move|p2a: Registeel|Amnesia|p2a: Registeel
|-boost|p2a: Registeel|spd|2
|
|-weather|Sandstorm|[upkeep]
|-heal|p1a: Hippowdon|100/100|[from] item: Leftovers
|upkeep
|turn|11
|
|t:|1661606241
|move|p2a: Registeel|Iron Defense|p2a: Registeel
|-boost|p2a: Registeel|def|2
|move|p1a: Hippowdon|Stealth Rock|p2a: Registeel
|-sidestart|p2: udongirl|move: Stealth Rock
|
|-weather|none
|upkeep
|turn|12
|inactive|dratini1yt has 120 seconds left.
|
|t:|1661606257
|move|p2a: Registeel|Iron Defense|p2a: Registeel
|-boost|p2a: Registeel|def|2
|move|p1a: Hippowdon|Earthquake|p2a: Registeel
|-supereffective|p2a: Registeel
|-damage|p2a: Registeel|81/100
|
|upkeep
|turn|13
|inactive|dratini1yt has 120 seconds left.
|c|☆dratini1yt|gg
|
|t:|1661606271
|move|p2a: Registeel|Iron Defense|p2a: Registeel
|-boost|p2a: Registeel|def|2
|move|p1a: Hippowdon|Yawn|p2a: Registeel
|-start|p2a: Registeel|move: Yawn|[of] p1a: Hippowdon
|
|upkeep
|turn|14
|
|t:|1661606276
|move|p2a: Registeel|Body Press|p1a: Hippowdon
|-damage|p1a: Hippowdon|24/100
|move|p1a: Hippowdon|Earthquake|p2a: Registeel
|-supereffective|p2a: Registeel
|-damage|p2a: Registeel|70/100
|
|-heal|p1a: Hippowdon|30/100|[from] item: Leftovers
|-end|p2a: Registeel|move: Yawn|[silent]
|-message|Sleep Clause Mod activated.
|upkeep
|turn|15
|-message|dratini1yt forfeited.
|
|win|udongirl
|n|☆dratini1yt|dratini1yt
|n|☆udongirl|udongirl
|n| NaM200|nam200
