|j|☆thegreatestshowman
|j|☆estarossa
|t:|1640209095
|gametype|singles
|player|p1|thegreatestshowman|n|
|player|p2|estarossa|#estarossaxmas|
|teamsize|p1|6
|teamsize|p2|6
|gen|8
|tier|[Gen 8] UU
|rated|Tournament battle
|rule|Sleep Clause Mod: Limit one foe put to sleep
|rule|Species Clause: Limit one of each Pokémon
|rule|OHKO Clause: OHKO moves are banned
|rule|Evasion Moves Clause: Evasion moves are banned
|rule|Endless Battle Clause: Forcing endless battles is banned
|rule|HP Percentage Mod: HP is shown in percentages
|rule|Dynamax Clause: You cannot dynamax
|clearpoke
|poke|p1|Moltres|
|poke|p1|Excadrill, M|
|poke|p1|Celesteela|
|poke|p1|Swampert, F|
|poke|p1|Zarude-Dada|
|poke|p1|Azelf|
|poke|p2|Torkoal, M|
|poke|p2|Venusaur, M|
|poke|p2|Incineroar, F|
|poke|p2|Hatterene, F|
|poke|p2|Chansey, F|
|poke|p2|Celesteela|
|teampreview
|inactive|Battle timer is ON: inactive players will automatically lose when time's up. (requested by thegreatestshowman)
|j| honkifyahappy
|j| Gucci Sand Man☬
|inactive|estarossa has 120 seconds left.
|l| honkifyahappy
|
|t:|1640209135
|start
|switch|p1a: Moltres|Moltres|100/100
|switch|p2a: Torkoal|Torkoal, M|100/100
|-weather|SunnyDay|[from] ability: Drought|[of] p2a: Torkoal
|turn|1
|j|@Juno
|
|t:|1640209141
|move|p1a: Moltres|U-turn|p2a: Torkoal
|-resisted|p2a: Torkoal
|-damage|p2a: Torkoal|96/100
|
|t:|1640209143
|switch|p1a: Swampert|Swampert, F|100/100|[from]move: U-turn
|move|p2a: Torkoal|Stealth Rock|p1a: Swampert
|-sidestart|p1: thegreatestshowman|move: Stealth Rock
|
|-weather|SunnyDay|[upkeep]
|upkeep
|turn|2
|j| torterrax1
|
|t:|1640209148
|switch|p2a: Venusaur|Venusaur, M|100/100
|move|p1a: Swampert|Flip Turn|p2a: Venusaur
|-resisted|p2a: Venusaur
|-damage|p2a: Venusaur|93/100
|
|t:|1640209151
|switch|p1a: Moltres|Moltres|100/100|[from]move: Flip Turn
|
|-weather|SunnyDay|[upkeep]
|upkeep
|turn|3
|
|t:|1640209155
|switch|p2a: Chansey|Chansey, F|100/100
|move|p1a: Moltres|Flamethrower|p2a: Chansey
|-damage|p2a: Chansey|81/100
|
|-weather|SunnyDay|[upkeep]
|upkeep
|turn|4
|
|t:|1640209158
|move|p1a: Moltres|U-turn|p2a: Chansey
|-damage|p2a: Chansey|71/100
|
|t:|1640209160
|switch|p1a: Excadrill|Excadrill, M|100/100|[from]move: U-turn
|-damage|p1a: Excadrill|97/100|[from] Stealth Rock
|-ability|p1a: Excadrill|Mold Breaker
|move|p2a: Chansey|Toxic|p1a: Excadrill|[miss]
|-miss|p2a: Chansey|p1a: Excadrill
|
|-weather|SunnyDay|[upkeep]
|-heal|p1a: Excadrill|100/100|[from] item: Leftovers
|upkeep
|turn|5
|
|t:|1640209170
|switch|p2a: Incineroar|Incineroar, F|100/100
|-ability|p2a: Incineroar|Intimidate|boost
|-unboost|p1a: Excadrill|atk|1
|move|p1a: Excadrill|Rapid Spin|p2a: Incineroar
|-damage|p2a: Incineroar|87/100
|-boost|p1a: Excadrill|spe|1
|-sideend|p1: thegreatestshowman|Stealth Rock|[from] move: Rapid Spin|[of] p1a: Excadrill
|
|-weather|SunnyDay|[upkeep]
|upkeep
|turn|6
|j| Micciu20250
|l| Micciu20250
|
|t:|1640209184
|move|p1a: Excadrill|Earthquake|p2a: Incineroar
|-supereffective|p2a: Incineroar
|-enditem|p2a: Incineroar|Shuca Berry|[eat]
|-enditem|p2a: Incineroar|Shuca Berry|[weaken]
|-damage|p2a: Incineroar|49/100
|move|p2a: Incineroar|Swords Dance|p2a: Incineroar
|-boost|p2a: Incineroar|atk|2
|
|-weather|SunnyDay|[upkeep]
|upkeep
|turn|7
|
|t:|1640209197
|switch|p1a: Moltres|Moltres|100/100
|switch|p2a: Celesteela|Celesteela|100/100
|
|-weather|SunnyDay|[upkeep]
|upkeep
|turn|8
|
|t:|1640209204
|switch|p2a: Chansey|Chansey, F|71/100
|move|p1a: Moltres|Flamethrower|p2a: Chansey
|-damage|p2a: Chansey|50/100
|
|-weather|none
|upkeep
|turn|9
|
|t:|1640209207
|move|p1a: Moltres|U-turn|p2a: Chansey
|-damage|p2a: Chansey|41/100
|
|t:|1640209212
|switch|p1a: Excadrill|Excadrill, M|100/100|[from]move: U-turn
|-ability|p1a: Excadrill|Mold Breaker
|move|p2a: Chansey|Toxic|p1a: Excadrill
|-immune|p1a: Excadrill
|
|upkeep
|turn|10
|
|t:|1640209219
|move|p1a: Excadrill|Swords Dance|p1a: Excadrill
|-boost|p1a: Excadrill|atk|2
|move|p2a: Chansey|Soft-Boiled|p2a: Chansey
|-heal|p2a: Chansey|91/100
|
|upkeep
|turn|11
|
|t:|1640209224
|switch|p2a: Celesteela|Celesteela|100/100
|move|p1a: Excadrill|Iron Head|p2a: Celesteela
|-resisted|p2a: Celesteela
|-damage|p2a: Celesteela|67/100
|
|-heal|p2a: Celesteela|73/100|[from] item: Leftovers
|upkeep
|turn|12
|c| Gucci Sand Man☬|wait how is sun legal
|
|t:|1640209234
|switch|p1a: Swampert|Swampert, F|100/100
|move|p2a: Celesteela|Leech Seed|p1a: Swampert|[miss]
|-miss|p2a: Celesteela|p1a: Swampert
|
|-heal|p2a: Celesteela|79/100|[from] item: Leftovers
|upkeep
|turn|13
|
|t:|1640209239
|switch|p2a: Venusaur|Venusaur, M|93/100
|move|p1a: Swampert|Stealth Rock|p2a: Venusaur
|-sidestart|p2: estarossa|move: Stealth Rock
|
|upkeep
|turn|14
|
|t:|1640209243
|switch|p2a: Torkoal|Torkoal, M|96/100
|-damage|p2a: Torkoal|72/100|[from] Stealth Rock
|-weather|SunnyDay|[from] ability: Drought|[of] p2a: Torkoal
|switch|p1a: Celesteela|Celesteela|100/100
|
|-weather|SunnyDay|[upkeep]
|upkeep
|turn|15
|
|t:|1640209253
|switch|p1a: Swampert|Swampert, F|100/100
|move|p2a: Torkoal|Rapid Spin|p1a: Swampert
|-damage|p1a: Swampert|92/100
|-boost|p2a: Torkoal|spe|1
|-sideend|p2: estarossa|Stealth Rock|[from] move: Rapid Spin|[of] p2a: Torkoal
|
|-weather|SunnyDay|[upkeep]
|-heal|p1a: Swampert|98/100|[from] item: Leftovers
|upkeep
|turn|16
|
|t:|1640209261
|switch|p2a: Venusaur|Venusaur, M|93/100
|move|p1a: Swampert|Flip Turn|p2a: Venusaur
|-resisted|p2a: Venusaur
|-damage|p2a: Venusaur|87/100
|
|t:|1640209264
|switch|p1a: Moltres|Moltres|100/100|[from]move: Flip Turn
|
|-weather|SunnyDay|[upkeep]
|upkeep
|turn|17
|
|t:|1640209270
|switch|p2a: Chansey|Chansey, F|91/100
|move|p1a: Moltres|Flamethrower|p2a: Chansey
|-damage|p2a: Chansey|71/100
|
|-weather|SunnyDay|[upkeep]
|upkeep
|turn|18
|
|t:|1640209274
|move|p1a: Moltres|U-turn|p2a: Chansey
|-damage|p2a: Chansey|62/100
|
|t:|1640209282
|switch|p1a: Excadrill|Excadrill, M|100/100|[from]move: U-turn
|-ability|p1a: Excadrill|Mold Breaker
|move|p2a: Chansey|Teleport|p2a: Chansey
|
|t:|1640209284
|switch|p2a: Venusaur|Venusaur, M|87/100|[from]move: Teleport
|
|-weather|SunnyDay|[upkeep]
|upkeep
|turn|19
|
|t:|1640209301
|move|p2a: Venusaur|Growth|p2a: Venusaur
|-boost|p2a: Venusaur|atk|2
|-boost|p2a: Venusaur|spa|2
|move|p1a: Excadrill|Earthquake|p2a: Venusaur
|-damage|p2a: Venusaur|16/100
|
|-weather|SunnyDay|[upkeep]
|upkeep
|turn|20
|
|t:|1640209305
|switch|p1a: Celesteela|Celesteela|100/100
|move|p2a: Venusaur|Giga Drain|p1a: Celesteela
|-resisted|p1a: Celesteela
|-damage|p1a: Celesteela|87/100
|-heal|p2a: Venusaur|25/100|[from] drain|[of] p1a: Celesteela
|-damage|p2a: Venusaur|15/100|[from] item: Life Orb
|
|-weather|SunnyDay|[upkeep]
|-heal|p1a: Celesteela|93/100|[from] item: Leftovers
|upkeep
|turn|21
|
|t:|1640209310
|switch|p2a: Torkoal|Torkoal, M|72/100
|move|p1a: Celesteela|Protect||[still]
|-fail|p1a: Celesteela
|
|-weather|none
|-heal|p1a: Celesteela|99/100|[from] item: Leftovers
|upkeep
|turn|22
|l|@Juno
|
|t:|1640209317
|switch|p1a: Moltres|Moltres|100/100
|move|p2a: Torkoal|Yawn|p1a: Moltres
|-start|p1a: Moltres|move: Yawn|[of] p2a: Torkoal
|
|upkeep
|turn|23
|
|t:|1640209320
|move|p1a: Moltres|U-turn|p2a: Torkoal
|-resisted|p2a: Torkoal
|-damage|p2a: Torkoal|67/100
|
|t:|1640209325
|switch|p1a: Swampert|Swampert, F|98/100|[from]move: U-turn
|move|p2a: Torkoal|Stealth Rock|p1a: Swampert
|-sidestart|p1: thegreatestshowman|move: Stealth Rock
|
|-heal|p1a: Swampert|100/100|[from] item: Leftovers
|upkeep
|turn|24
|
|t:|1640209330
|switch|p2a: Hatterene|Hatterene, F|100/100
|move|p1a: Swampert|Earthquake|p2a: Hatterene
|-damage|p2a: Hatterene|68/100
|
|-heal|p2a: Hatterene|74/100|[from] item: Leftovers
|upkeep
|turn|25
|
|t:|1640209337
|move|p1a: Swampert|Flip Turn|p2a: Hatterene
|-damage|p2a: Hatterene|55/100
|
|t:|1640209339
|switch|p1a: Excadrill|Excadrill, M|100/100|[from]move: Flip Turn
|-damage|p1a: Excadrill|97/100|[from] Stealth Rock
|-ability|p1a: Excadrill|Mold Breaker
|move|p2a: Hatterene|Draining Kiss|p1a: Excadrill
|-resisted|p1a: Excadrill
|-damage|p1a: Excadrill|81/100
|-heal|p2a: Hatterene|68/100|[from] drain|[of] p1a: Excadrill
|
|-heal|p1a: Excadrill|87/100|[from] item: Leftovers
|-heal|p2a: Hatterene|74/100|[from] item: Leftovers
|upkeep
|turn|26
|
|t:|1640209348
|move|p1a: Excadrill|Iron Head|p2a: Hatterene
|-supereffective|p2a: Hatterene
|-damage|p2a: Hatterene|0 fnt
|faint|p2a: Hatterene
|
|-heal|p1a: Excadrill|93/100|[from] item: Leftovers
|upkeep
|
|t:|1640209351
|switch|p2a: Torkoal|Torkoal, M|67/100
|-weather|SunnyDay|[from] ability: Drought|[of] p2a: Torkoal
|turn|27
|
|t:|1640209356
|move|p1a: Excadrill|Rapid Spin|p2a: Torkoal
|-damage|p2a: Torkoal|57/100
|-boost|p1a: Excadrill|spe|1
|-sideend|p1: thegreatestshowman|Stealth Rock|[from] move: Rapid Spin|[of] p1a: Excadrill
|move|p2a: Torkoal|Lava Plume|p1a: Excadrill
|-supereffective|p1a: Excadrill
|-damage|p1a: Excadrill|0 fnt
|faint|p1a: Excadrill
|
|-weather|SunnyDay|[upkeep]
|upkeep
|
|t:|1640209363
|switch|p1a: Swampert|Swampert, F|100/100
|turn|28
|
|t:|1640209371
|move|p1a: Swampert|Earthquake|p2a: Torkoal
|-supereffective|p2a: Torkoal
|-damage|p2a: Torkoal|17/100
|move|p2a: Torkoal|Stealth Rock|p1a: Swampert
|-sidestart|p1: thegreatestshowman|move: Stealth Rock
|
|-weather|SunnyDay|[upkeep]
|upkeep
|turn|29
|
|t:|1640209377
|switch|p2a: Chansey|Chansey, F|62/100
|move|p1a: Swampert|Flip Turn|p2a: Chansey
|-damage|p2a: Chansey|54/100
|
|t:|1640209386
|switch|p1a: Azelf|Azelf|100/100|[from]move: Flip Turn
|
|-weather|SunnyDay|[upkeep]
|upkeep
|turn|30
|
|t:|1640209391
|move|p1a: Azelf|U-turn|p2a: Chansey
|-damage|p2a: Chansey|43/100
|
|t:|1640209393
|switch|p1a: Celesteela|Celesteela|99/100|[from]move: U-turn
|-damage|p1a: Celesteela|87/100|[from] Stealth Rock
|move|p2a: Chansey|Teleport|p2a: Chansey
|j| Celebiii32
|
|t:|1640209396
|switch|p2a: Incineroar|Incineroar, F|49/100|[from]move: Teleport
|-ability|p2a: Incineroar|Intimidate|boost
|-unboost|p1a: Celesteela|atk|1
|
|-weather|SunnyDay|[upkeep]
|-heal|p1a: Celesteela|93/100|[from] item: Leftovers
|upkeep
|turn|31
|
|t:|1640209408
|switch|p1a: Zarude|Zarude-Dada|100/100
|move|p2a: Incineroar|Knock Off|p1a: Zarude
|-resisted|p1a: Zarude
|-damage|p1a: Zarude|78/100
|-enditem|p1a: Zarude|Heavy-Duty Boots|[from] move: Knock Off|[of] p2a: Incineroar
|
|-weather|SunnyDay|[upkeep]
|upkeep
|turn|32
|
|t:|1640209421
|move|p1a: Zarude|U-turn|p2a: Incineroar
|-damage|p2a: Incineroar|21/100
|inactive|thegreatestshowman has 120 seconds left.
|
|t:|1640209446
|switch|p1a: Moltres|Moltres|100/100|[from]move: U-turn
|move|p2a: Incineroar|Knock Off|p1a: Moltres
|-damage|p1a: Moltres|44/100
|-enditem|p1a: Moltres|Heavy-Duty Boots|[from] move: Knock Off|[of] p2a: Incineroar
|
|-weather|SunnyDay|[upkeep]
|upkeep
|turn|33
|
|t:|1640209453
|switch|p2a: Chansey|Chansey, F|43/100
|move|p1a: Moltres|Flamethrower|p2a: Chansey
|-damage|p2a: Chansey|21/100
|
|-weather|SunnyDay|[upkeep]
|upkeep
|turn|34
|
|t:|1640209458
|switch|p2a: Torkoal|Torkoal, M|17/100
|move|p1a: Moltres|Flamethrower|p2a: Torkoal
|-resisted|p2a: Torkoal
|-damage|p2a: Torkoal|0 fnt
|faint|p2a: Torkoal
|
|-weather|none
|upkeep
|
|t:|1640209459
|switch|p2a: Chansey|Chansey, F|21/100
|turn|35
|
|t:|1640209462
|move|p1a: Moltres|Hurricane|p2a: Chansey
|-damage|p2a: Chansey|4/100
|-start|p2a: Chansey|confusion
|-activate|p2a: Chansey|confusion
|-damage|p2a: Chansey|3/100|[from] confusion
|
|upkeep
|turn|36
|
|t:|1640209467
|move|p1a: Moltres|Flamethrower|p2a: Chansey
|-damage|p2a: Chansey|0 fnt
|faint|p2a: Chansey
|
|upkeep
|c|☆thegreatestshowman|mb
|-message|estarossa forfeited.
|
|win|thegreatestshowman
|n|☆thegreatestshowman|thegreatestshowman
|n|☆estarossa|estarossa
|n| Gucci Sand Man☬|guccisandman
|n| torterrax1|torterrax1
|n| Celebiii32|celebiii32
|l|☆estarossa
|j| screaminsquirrel69
