|j|☆Goro Yagami 9
|j|☆chickennuggies321
|t:|1661811480
|gametype|singles
|player|p1|Goro Yagami 9|169|1339
|player|p2|chickennuggies321|clerkf|1443
|teamsize|p1|6
|teamsize|p2|6
|gen|8
|tier|[Gen 8] UU
|rated|
|rule|Sleep Clause Mod: Limit one foe put to sleep
|rule|Species Clause: Limit one of each Pokémon
|rule|OHKO Clause: OHKO moves are banned
|rule|Evasion Items Clause: Evasion items are banned
|rule|Evasion Moves Clause: Evasion moves are banned
|rule|Endless Battle Clause: Forcing endless battles is banned
|rule|HP Percentage Mod: HP is shown in percentages
|rule|Dynamax Clause: You cannot dynamax
|clearpoke
|poke|p1|Excadrill, F|
|poke|p1|Celesteela|
|poke|p1|Gyarados, F|
|poke|p1|Scizor, F|
|poke|p1|Azelf|
|poke|p1|Keldeo-Resolute|
|poke|p2|Gardevoir, F|
|poke|p2|Zarude|
|poke|p2|Slowking, F|
|poke|p2|Salamence, M|
|poke|p2|Excadrill, M|
|poke|p2|Togedemaru, M|
|teampreview
|inactive|Battle timer is ON: inactive players will automatically lose when time's up. (requested by chickennuggies321)
|
|t:|1661811499
|start
|switch|p1a: Excadrill|Excadrill, F|100/100
|switch|p2a: Togedemaru|Togedemaru, M|100/100
|-ability|p1a: Excadrill|Mold Breaker
|turn|1
|inactive|Goro Yagami 9 has 120 seconds left.
|
|t:|1661811544
|move|p2a: Togedemaru|U-turn|p1a: Excadrill
|-resisted|p1a: Excadrill
|-damage|p1a: Excadrill|87/100
|
|t:|1661811547
|switch|p2a: Salamence|Salamence, M|100/100|[from]move: U-turn
|-ability|p2a: Salamence|Intimidate|boost
|-unboost|p1a: Excadrill|atk|1
|move|p1a: Excadrill|Stealth Rock|p2a: Salamence
|-sidestart|p2: chickennuggies321|move: Stealth Rock
|
|upkeep
|turn|2
|
|t:|1661811552
|move|p2a: Salamence|Flamethrower|p1a: Excadrill
|-supereffective|p1a: Excadrill
|-damage|p1a: Excadrill|9/100
|-status|p1a: Excadrill|brn
|move|p1a: Excadrill|Rock Tomb|p2a: Salamence
|-supereffective|p2a: Salamence
|-damage|p2a: Salamence|82/100
|-unboost|p2a: Salamence|spe|1
|
|-damage|p1a: Excadrill|3/100 brn|[from] brn
|upkeep
|turn|3
|
|t:|1661811560
|move|p1a: Excadrill|Rock Tomb|p2a: Salamence
|-supereffective|p2a: Salamence
|-damage|p2a: Salamence|63/100
|-unboost|p2a: Salamence|spe|1
|move|p2a: Salamence|Roost|p2a: Salamence
|-heal|p2a: Salamence|100/100
|-singleturn|p2a: Salamence|move: Roost
|
|-damage|p1a: Excadrill|0 fnt|[from] brn
|faint|p1a: Excadrill
|upkeep
|inactive|Goro Yagami 9 has 120 seconds left.
|
|t:|1661811602
|switch|p1a: Azelf|Azelf|100/100
|turn|4
|
|t:|1661811629
|switch|p2a: Slowking|Slowking, F|100/100
|-damage|p2a: Slowking|88/100|[from] Stealth Rock
|move|p1a: Azelf|Nasty Plot|p1a: Azelf
|-boost|p1a: Azelf|spa|2
|
|upkeep
|turn|5
|
|t:|1661811638
|move|p1a: Azelf|Dazzling Gleam|p2a: Slowking
|-damage|p2a: Slowking|42/100
|move|p2a: Slowking|Teleport|p2a: Slowking
|
|t:|1661811648
|switch|p2a: Togedemaru|Togedemaru, M|100/100|[from]move: Teleport
|-damage|p2a: Togedemaru|95/100|[from] Stealth Rock
|
|upkeep
|turn|6
|
|t:|1661811651
|move|p2a: Togedemaru|U-turn|p1a: Azelf
|-supereffective|p1a: Azelf
|-damage|p1a: Azelf|41/100
|j| t-yeu
|
|t:|1661811654
|switch|p2a: Slowking|Slowking, F|75/100|[from]move: U-turn
|-damage|p2a: Slowking|63/100|[from] Stealth Rock
|move|p1a: Azelf|Flamethrower|p2a: Slowking
|-resisted|p2a: Slowking
|-damage|p2a: Slowking|38/100
|
|upkeep
|turn|7
|inactive|chickennuggies321 has 120 seconds left.
|
|t:|1661811691
|switch|p2a: Gardevoir|Gardevoir, F, shiny|100/100
|-damage|p2a: Gardevoir|88/100|[from] Stealth Rock
|-ability|p2a: Gardevoir|Levitate|[from] ability: Trace|[of] p1a: Azelf
|move|p1a: Azelf|Dazzling Gleam|p2a: Gardevoir
|-damage|p2a: Gardevoir|32/100
|
|upkeep
|turn|8
|inactive|chickennuggies321 has 120 seconds left.
|
|t:|1661811703
|move|p1a: Azelf|Flamethrower|p2a: Gardevoir
|-damage|p2a: Gardevoir|0 fnt
|faint|p2a: Gardevoir
|
|upkeep
|
|t:|1661811706
|switch|p2a: Togedemaru|Togedemaru, M|95/100
|-damage|p2a: Togedemaru|89/100|[from] Stealth Rock
|turn|9
|
|t:|1661811717
|switch|p1a: Scizor|Scizor, F|100/100
|move|p2a: Togedemaru|Zing Zap|p1a: Scizor
|-damage|p1a: Scizor|60/100
|
|upkeep
|turn|10
|
|t:|1661811726
|switch|p2a: Salamence|Salamence, M|100/100
|-ability|p2a: Salamence|Intimidate|boost
|-unboost|p1a: Scizor|atk|1
|move|p1a: Scizor|Knock Off|p2a: Salamence
|-damage|p2a: Salamence|59/100
|-enditem|p2a: Salamence|Heavy-Duty Boots|[from] move: Knock Off|[of] p1a: Scizor
|-damage|p1a: Scizor|50/100|[from] item: Life Orb
|
|upkeep
|turn|11
|
|t:|1661811736
|switch|p1a: Gyarados|Gyarados, F|100/100
|move|p2a: Salamence|Roost|p2a: Salamence
|-heal|p2a: Salamence|100/100
|-singleturn|p2a: Salamence|move: Roost
|
|upkeep
|turn|12
|
|t:|1661811747
|switch|p2a: Togedemaru|Togedemaru, M|89/100
|-damage|p2a: Togedemaru|83/100|[from] Stealth Rock
|switch|p1a: Azelf|Azelf|41/100
|
|upkeep
|turn|13
|
|t:|1661811761
|move|p2a: Togedemaru|Zing Zap|p1a: Azelf
|-damage|p1a: Azelf|0 fnt
|faint|p1a: Azelf
|
|upkeep
|
|t:|1661811765
|switch|p1a: Scizor|Scizor, F|50/100
|turn|14
|
|t:|1661811774
|switch|p2a: Excadrill|Excadrill, M|100/100
|-damage|p2a: Excadrill|97/100|[from] Stealth Rock
|-ability|p2a: Excadrill|Mold Breaker
|move|p1a: Scizor|Swords Dance|p1a: Scizor
|-boost|p1a: Scizor|atk|2
|
|-heal|p2a: Excadrill|100/100|[from] item: Leftovers
|upkeep
|turn|15
|
|t:|1661811782
|move|p1a: Scizor|Bullet Punch|p2a: Excadrill
|-resisted|p2a: Excadrill
|-damage|p2a: Excadrill|33/100
|-damage|p1a: Scizor|40/100|[from] item: Life Orb
|move|p2a: Excadrill|Rapid Spin|p1a: Scizor
|-resisted|p1a: Scizor
|-crit|p1a: Scizor
|-damage|p1a: Scizor|25/100
|-boost|p2a: Excadrill|spe|1
|-sideend|p2: chickennuggies321|Stealth Rock|[from] move: Rapid Spin|[of] p2a: Excadrill
|
|-heal|p2a: Excadrill|39/100|[from] item: Leftovers
|upkeep
|turn|16
|
|t:|1661811797
|move|p1a: Scizor|Bullet Punch|p2a: Excadrill
|-resisted|p2a: Excadrill
|-damage|p2a: Excadrill|0 fnt
|faint|p2a: Excadrill
|-damage|p1a: Scizor|15/100|[from] item: Life Orb
|
|upkeep
|
|t:|1661811799
|switch|p2a: Salamence|Salamence, M|100/100
|-ability|p2a: Salamence|Intimidate|boost
|-unboost|p1a: Scizor|atk|1
|turn|17
|
|t:|1661811804
|move|p1a: Scizor|Bullet Punch|p2a: Salamence
|-damage|p2a: Salamence|20/100
|-damage|p1a: Scizor|5/100|[from] item: Life Orb
|move|p2a: Salamence|Flamethrower|p1a: Scizor
|-supereffective|p1a: Scizor
|-damage|p1a: Scizor|0 fnt
|faint|p1a: Scizor
|
|upkeep
|
|t:|1661811814
|switch|p1a: Keldeo|Keldeo-Resolute|100/100
|turn|18
|
|t:|1661811821
|switch|p2a: Slowking|Slowking, F|71/100
|move|p1a: Keldeo|Air Slash|p2a: Slowking
|-damage|p2a: Slowking|51/100
|
|upkeep
|turn|19
|
|t:|1661811825
|switch|p1a: Gyarados|Gyarados, F|100/100
|move|p2a: Slowking|Teleport|p2a: Slowking
|
|t:|1661811827
|switch|p2a: Togedemaru|Togedemaru, M|83/100|[from]move: Teleport
|
|upkeep
|turn|20
|
|t:|1661811830
|move|p2a: Togedemaru|Zing Zap|p1a: Gyarados
|-supereffective|p1a: Gyarados
|-damage|p1a: Gyarados|0 fnt
|faint|p1a: Gyarados
|
|upkeep
|
|t:|1661811832
|switch|p1a: Keldeo|Keldeo-Resolute|100/100
|turn|21
|
|t:|1661811836
|switch|p2a: Slowking|Slowking, F|85/100
|move|p1a: Keldeo|Secret Sword|p2a: Slowking
|-resisted|p2a: Slowking
|-damage|p2a: Slowking|69/100
|
|upkeep
|turn|22
|
|t:|1661811841
|move|p1a: Keldeo|Calm Mind|p1a: Keldeo
|-boost|p1a: Keldeo|spa|1
|-boost|p1a: Keldeo|spd|1
|move|p2a: Slowking|Teleport|p2a: Slowking
|
|t:|1661811854
|switch|p2a: Togedemaru|Togedemaru, M|83/100|[from]move: Teleport
|
|upkeep
|turn|23
|
|t:|1661811871
|move|p2a: Togedemaru|U-turn|p1a: Keldeo
|-resisted|p1a: Keldeo
|-damage|p1a: Keldeo|90/100
|
|t:|1661811873
|switch|p2a: Slowking|Slowking, F|100/100|[from]move: U-turn
|move|p1a: Keldeo|Secret Sword|p2a: Slowking
|-resisted|p2a: Slowking
|-damage|p2a: Slowking|78/100
|
|-heal|p1a: Keldeo|96/100|[from] item: Leftovers
|upkeep
|turn|24
|
|t:|1661811879
|move|p1a: Keldeo|Air Slash|p2a: Slowking|[miss]
|-miss|p1a: Keldeo|p2a: Slowking
|move|p2a: Slowking|Future Sight|p1a: Keldeo
|-start|p2a: Slowking|move: Future Sight
|
|-heal|p1a: Keldeo|100/100|[from] item: Leftovers
|upkeep
|turn|25
|
|t:|1661811882
|move|p1a: Keldeo|Air Slash|p2a: Slowking|[miss]
|-miss|p1a: Keldeo|p2a: Slowking
|move|p2a: Slowking|Slack Off|p2a: Slowking
|-heal|p2a: Slowking|100/100
|
|upkeep
|turn|26
|c|☆Goro Yagami 9|just end me
|
|t:|1661811887
|move|p1a: Keldeo|Air Slash|p2a: Slowking
|-damage|p2a: Slowking|70/100
|move|p2a: Slowking|Teleport|p2a: Slowking
|
|t:|1661811890
|switch|p2a: Togedemaru|Togedemaru, M|83/100|[from]move: Teleport
|
|-end|p1a: Keldeo|move: Future Sight
|-supereffective|p1a: Keldeo
|-damage|p1a: Keldeo|31/100
|-heal|p1a: Keldeo|37/100|[from] item: Leftovers
|upkeep
|turn|27
|
|t:|1661811893
|move|p2a: Togedemaru|Zing Zap|p1a: Keldeo
|-supereffective|p1a: Keldeo
|-damage|p1a: Keldeo|0 fnt
|faint|p1a: Keldeo
|
|upkeep
|
|t:|1661811895
|switch|p1a: Celesteela|Celesteela|100/100
|turn|28
|
|t:|1661811899
|move|p2a: Togedemaru|Zing Zap|p1a: Celesteela
|-supereffective|p1a: Celesteela
|-damage|p1a: Celesteela|34/100
|move|p1a: Celesteela|Fire Blast|p2a: Togedemaru
|-supereffective|p2a: Togedemaru
|-damage|p2a: Togedemaru|0 fnt
|faint|p2a: Togedemaru
|-ability|p1a: Celesteela|Beast Boost|boost
|-boost|p1a: Celesteela|spa|1
|
|upkeep
|
|t:|1661811904
|switch|p2a: Salamence|Salamence, M|20/100
|-ability|p2a: Salamence|Intimidate|boost
|-unboost|p1a: Celesteela|atk|1
|turn|29
|
|t:|1661811908
|move|p2a: Salamence|Flamethrower|p1a: Celesteela
|-supereffective|p1a: Celesteela
|-damage|p1a: Celesteela|0 fnt
|faint|p1a: Celesteela
|
|win|chickennuggies321
|raw|Goro Yagami 9's rating: 1339 &rarr; <strong>1325</strong><br />(-14 for losing)
|raw|chickennuggies321's rating: 1443 &rarr; <strong>1457</strong><br />(+14 for winning)
