|j|☆Rockeater3
|j|☆DQ Low Tier Legend
|t:|1652119216
|gametype|singles
|player|p1|Rockeater3|whitney|1437
|player|p2|DQ Low Tier Legend|265|1505
|teamsize|p1|6
|teamsize|p2|6
|gen|8
|tier|[Gen 8] UU
|rated|
|rule|Sleep Clause Mod: Limit one foe put to sleep
|rule|Species Clause: Limit one of each Pokémon
|rule|OHKO Clause: OHKO moves are banned
|rule|Evasion Moves Clause: Evasion moves are banned
|rule|Endless Battle Clause: Forcing endless battles is banned
|rule|HP Percentage Mod: HP is shown in percentages
|rule|Dynamax Clause: You cannot dynamax
|clearpoke
|poke|p1|Skarmory, F|
|poke|p1|Mandibuzz, F|
|poke|p1|Tangrowth, M|
|poke|p1|Chansey, F|
|poke|p1|Hippowdon, F|
|poke|p1|Quagsire, F|
|poke|p2|Excadrill, F|
|poke|p2|Gyarados, F|
|poke|p2|Zarude|
|poke|p2|Celesteela|
|poke|p2|Lycanroc-Dusk, M|
|poke|p2|Hatterene, F|
|teampreview
|
|t:|1652119228
|start
|switch|p1a: Hippowdon|Hippowdon, F|100/100
|switch|p2a: Excadrill|Excadrill, F|100/100
|-ability|p2a: Excadrill|Mold Breaker
|-weather|Sandstorm|[from] ability: Sand Stream|[of] p1a: Hippowdon
|turn|1
|
|t:|1652119235
|move|p2a: Excadrill|Stealth Rock|p1a: Hippowdon
|-sidestart|p1: Rockeater3|move: Stealth Rock
|move|p1a: Hippowdon|Earthquake|p2a: Excadrill
|-supereffective|p2a: Excadrill
|-enditem|p2a: Excadrill|Focus Sash
|-damage|p2a: Excadrill|1/100
|
|-weather|Sandstorm|[upkeep]
|upkeep
|turn|2
|
|t:|1652119241
|move|p2a: Excadrill|Earthquake|p1a: Hippowdon
|-damage|p1a: Hippowdon|73/100
|move|p1a: Hippowdon|Stealth Rock|p2a: Excadrill
|-sidestart|p2: DQ Low Tier Legend|move: Stealth Rock
|
|-weather|Sandstorm|[upkeep]
|-heal|p1a: Hippowdon|79/100|[from] item: Leftovers
|upkeep
|turn|3
|
|t:|1652119245
|switch|p1a: Skarmory|Skarmory, F|100/100
|-damage|p1a: Skarmory|88/100|[from] Stealth Rock
|move|p2a: Excadrill|Rapid Spin|p1a: Skarmory
|-resisted|p1a: Skarmory
|-damage|p1a: Skarmory|83/100
|-boost|p2a: Excadrill|spe|1
|-damage|p2a: Excadrill|0 fnt|[from] item: Rocky Helmet|[of] p1a: Skarmory
|faint|p2a: Excadrill
|
|-weather|Sandstorm|[upkeep]
|upkeep
|
|t:|1652119251
|switch|p2a: Hatterene|Hatterene, F|100/100
|-damage|p2a: Hatterene|88/100|[from] Stealth Rock
|turn|4
|
|t:|1652119256
|switch|p1a: Tangrowth|Tangrowth, M|100/100
|-damage|p1a: Tangrowth|88/100|[from] Stealth Rock
|move|p2a: Hatterene|Calm Mind|p2a: Hatterene
|-boost|p2a: Hatterene|spa|1
|-boost|p2a: Hatterene|spd|1
|
|-weather|Sandstorm|[upkeep]
|-damage|p1a: Tangrowth|82/100|[from] Sandstorm
|-damage|p2a: Hatterene|82/100|[from] Sandstorm
|-heal|p2a: Hatterene|88/100|[from] item: Leftovers
|upkeep
|turn|5
|
|t:|1652119267
|move|p1a: Tangrowth|Sludge Bomb|p2a: Hatterene
|-supereffective|p2a: Hatterene
|-damage|p2a: Hatterene|56/100
|move|p2a: Hatterene|Calm Mind|p2a: Hatterene
|-boost|p2a: Hatterene|spa|1
|-boost|p2a: Hatterene|spd|1
|
|-weather|none
|-heal|p2a: Hatterene|62/100|[from] item: Leftovers
|upkeep
|turn|6
|inactive|Battle timer is ON: inactive players will automatically lose when time's up. (requested by DQ Low Tier Legend)
|
|t:|1652119280
|switch|p1a: Quagsire|Quagsire, F|100/100
|-damage|p1a: Quagsire|94/100|[from] Stealth Rock
|move|p2a: Hatterene|Draining Kiss|p1a: Quagsire
|-damage|p1a: Quagsire|69/100
|-heal|p2a: Hatterene|85/100|[from] drain|[of] p1a: Quagsire
|
|-heal|p1a: Quagsire|75/100|[from] item: Leftovers
|-heal|p2a: Hatterene|91/100|[from] item: Leftovers
|upkeep
|turn|7
|
|t:|1652119288
|switch|p2a: Celesteela|Celesteela|100/100
|-damage|p2a: Celesteela|88/100|[from] Stealth Rock
|move|p1a: Quagsire|Haze|p1a: Quagsire
|-clearallboost
|
|-heal|p1a: Quagsire|81/100|[from] item: Leftovers
|upkeep
|turn|8
|
|t:|1652119298
|switch|p1a: Mandibuzz|Mandibuzz, F|100/100
|move|p2a: Celesteela|Meteor Beam||[still]
|-prepare|p2a: Celesteela|Meteor Beam
|-boost|p2a: Celesteela|spa|1
|-enditem|p2a: Celesteela|Power Herb
|-anim|p2a: Celesteela|Meteor Beam|p1a: Mandibuzz
|-supereffective|p1a: Mandibuzz
|-damage|p1a: Mandibuzz|4/100
|
|upkeep
|turn|9
|
|t:|1652119311
|switch|p1a: Quagsire|Quagsire, F|81/100
|-damage|p1a: Quagsire|75/100|[from] Stealth Rock
|move|p2a: Celesteela|Flamethrower|p1a: Quagsire
|-resisted|p1a: Quagsire
|-damage|p1a: Quagsire|60/100
|
|-heal|p1a: Quagsire|66/100|[from] item: Leftovers
|upkeep
|turn|10
|
|t:|1652119314
|move|p2a: Celesteela|Giga Drain|p1a: Quagsire
|-supereffective|p1a: Quagsire
|-damage|p1a: Quagsire|0 fnt
|-heal|p2a: Celesteela|100/100|[from] drain|[of] p1a: Quagsire
|faint|p1a: Quagsire
|-ability|p2a: Celesteela|Beast Boost|boost
|-boost|p2a: Celesteela|spa|1
|
|upkeep
|-message|Rockeater3 forfeited.
|
|win|DQ Low Tier Legend
|raw|Rockeater3's rating: 1437 &rarr; <strong>1421</strong><br />(-16 for losing)
|raw|DQ Low Tier Legend's rating: 1505 &rarr; <strong>1521</strong><br />(+16 for winning)
|l|☆Rockeater3
||Ladder isn't responding, score probably updated but might not have (Request timeout).
