|j|☆DarkHorse384
|j|☆Rvp4president
|t:|1662392391
|gametype|singles
|player|p1|DarkHorse384|brendan-gen3rs|1435
|player|p2|Rvp4president|170|1420
|teamsize|p1|6
|teamsize|p2|6
|gen|8
|tier|[Gen 8] UU
|rated|
|rule|Sleep Clause Mod: Limit one foe put to sleep
|rule|Species Clause: Limit one of each Pokémon
|rule|OHKO Clause: OHKO moves are banned
|rule|Evasion Items Clause: Evasion items are banned
|rule|Evasion Moves Clause: Evasion moves are banned
|rule|Endless Battle Clause: Forcing endless battles is banned
|rule|HP Percentage Mod: HP is shown in percentages
|rule|Dynamax Clause: You cannot dynamax
|clearpoke
|poke|p1|Stakataka|
|poke|p1|Conkeldurr, M|
|poke|p1|Cresselia, F|
|poke|p1|Marowak-Alola, M|
|poke|p1|Porygon2|
|poke|p1|Slowking, F|
|poke|p2|Amoonguss, F|
|poke|p2|Chansey, F|
|poke|p2|Skarmory, M|
|poke|p2|Diggersby, F|
|poke|p2|Keldeo-Resolute|
|poke|p2|Salamence, M|
|teampreview
|inactive|Battle timer is ON: inactive players will automatically lose when time's up. (requested by Rvp4president)
|
|t:|1662392409
|start
|switch|p1a: Porygon2|Porygon2|100/100
|switch|p2a: Diggersby|Diggersby, F, shiny|100/100
|-ability|p1a: Porygon2|Huge Power|[from] ability: Trace|[of] p2a: Diggersby
|turn|1
|
|t:|1662392413
|move|p2a: Diggersby|Earthquake|p1a: Porygon2
|-damage|p1a: Porygon2|36/100
|move|p1a: Porygon2|Trick Room|p1a: Porygon2
|-fieldstart|move: Trick Room|[of] p1a: Porygon2
|
|upkeep
|turn|2
|
|t:|1662392426
|move|p1a: Porygon2|Foul Play|p2a: Diggersby
|-damage|p2a: Diggersby|43/100
|move|p2a: Diggersby|Earthquake|p1a: Porygon2
|-damage|p1a: Porygon2|0 fnt
|faint|p1a: Porygon2
|
|upkeep
|
|t:|1662392443
|switch|p1a: Marowak|Marowak-Alola, M|100/100
|turn|3
|
|t:|1662392460
|switch|p2a: Chansey|Chansey, F|100/100
|move|p1a: Marowak|Flare Blitz|p2a: Chansey
|-damage|p2a: Chansey|38/100
|
|upkeep
|turn|4
|
|t:|1662392466
|move|p1a: Marowak|Flare Blitz|p2a: Chansey
|-crit|p2a: Chansey
|-damage|p2a: Chansey|0 fnt
|faint|p2a: Chansey
|
|upkeep
|
|t:|1662392483
|switch|p2a: Keldeo|Keldeo-Resolute|100/100
|turn|5
|
|t:|1662392486
|move|p1a: Marowak|Poltergeist|p2a: Keldeo
|-activate|p2a: Keldeo|move: Poltergeist|Choice Specs
|-damage|p2a: Keldeo|0 fnt
|faint|p2a: Keldeo
|
|-fieldend|move: Trick Room
|upkeep
|
|t:|1662392490
|switch|p2a: Salamence|Salamence, M|100/100
|turn|6
|
|t:|1662392501
|switch|p1a: Cresselia|Cresselia, F|100/100
|move|p2a: Salamence|Dragon Dance|p2a: Salamence
|-boost|p2a: Salamence|atk|1
|-boost|p2a: Salamence|spe|1
|
|upkeep
|turn|7
|
|t:|1662392503
|move|p2a: Salamence|Outrage|p1a: Cresselia
|-damage|p1a: Cresselia|44/100
|move|p1a: Cresselia|Trick Room|p1a: Cresselia
|-fieldstart|move: Trick Room|[of] p1a: Cresselia
|
|upkeep
|turn|8
|
|t:|1662392510
|move|p1a: Cresselia|Lunar Dance|p1a: Cresselia
|faint|p1a: Cresselia
|move|p2a: Salamence|Outrage|p1: Cresselia|[from]lockedmove|[notarget]
|-fail|p2a: Salamence
|
|upkeep
|
|t:|1662392515
|switch|p1a: Stakataka|Stakataka|100/100
|turn|9
|
|t:|1662392523
|switch|p2a: Skarmory|Skarmory, M, shiny|100/100
|move|p1a: Stakataka|Gyro Ball|p2a: Skarmory
|-resisted|p2a: Skarmory
|-damage|p2a: Skarmory|63/100
|-damage|p1a: Stakataka|84/100|[from] item: Rocky Helmet|[of] p2a: Skarmory
|
|upkeep
|turn|10
|
|t:|1662392528
|switch|p1a: Marowak|Marowak-Alola, M|100/100
|-heal|p1a: Marowak|100/100|[from] move: Lunar Dance
|move|p2a: Skarmory|Roost|p2a: Skarmory
|-heal|p2a: Skarmory|100/100
|-singleturn|p2a: Skarmory|move: Roost
|
|upkeep
|turn|11
|
|t:|1662392538
|switch|p2a: Diggersby|Diggersby, F, shiny|43/100
|move|p1a: Marowak|Flare Blitz|p2a: Diggersby
|-damage|p2a: Diggersby|0 fnt
|faint|p2a: Diggersby
|
|-fieldend|move: Trick Room
|upkeep
|
|t:|1662392544
|switch|p2a: Salamence|Salamence, M|100/100
|turn|12
|
|t:|1662392549
|switch|p1a: Stakataka|Stakataka|84/100
|move|p2a: Salamence|Dragon Dance|p2a: Salamence
|-boost|p2a: Salamence|atk|1
|-boost|p2a: Salamence|spe|1
|
|upkeep
|turn|13
|
|t:|1662392555
|move|p2a: Salamence|Fire Blast|p1a: Stakataka
|-damage|p1a: Stakataka|56/100
|move|p1a: Stakataka|Stone Edge|p2a: Salamence
|-supereffective|p2a: Salamence
|-damage|p2a: Salamence|0 fnt
|faint|p2a: Salamence
|-ability|p1a: Stakataka|Beast Boost|boost
|-boost|p1a: Stakataka|def|1
|
|upkeep
|
|t:|1662392567
|switch|p2a: Amoonguss|Amoonguss, F|100/100
|turn|14
|
|t:|1662392573
|switch|p1a: Conkeldurr|Conkeldurr, M|100/100
|move|p2a: Amoonguss|Giga Drain|p1a: Conkeldurr
|-damage|p1a: Conkeldurr|72/100
|
|-status|p1a: Conkeldurr|brn|[from] item: Flame Orb
|upkeep
|turn|15
|
|t:|1662392579
|switch|p2a: Skarmory|Skarmory, M, shiny|100/100
|move|p1a: Conkeldurr|Knock Off|p2a: Skarmory
|-damage|p2a: Skarmory|66/100
|-damage|p1a: Conkeldurr|56/100 brn|[from] item: Rocky Helmet|[of] p2a: Skarmory
|-enditem|p2a: Skarmory|Rocky Helmet|[from] move: Knock Off|[of] p1a: Conkeldurr
|
|-damage|p1a: Conkeldurr|50/100 brn|[from] brn
|upkeep
|turn|16
|
|t:|1662392587
|switch|p1a: Slowking|Slowking, F|100/100
|move|p2a: Skarmory|Counter||[still]
|-fail|p2a: Skarmory
|
|upkeep
|turn|17
|
|t:|1662392600
|move|p2a: Skarmory|Roost|p2a: Skarmory
|-heal|p2a: Skarmory|100/100
|-singleturn|p2a: Skarmory|move: Roost
|move|p1a: Slowking|Trick Room|p1a: Slowking
|-fieldstart|move: Trick Room|[of] p1a: Slowking
|
|upkeep
|turn|18
|
|t:|1662392608
|move|p2a: Skarmory|Spikes|p1a: Slowking
|-sidestart|p1: DarkHorse384|Spikes
|move|p1a: Slowking|Teleport|p1a: Slowking
|
|t:|1662392611
|switch|p1a: Marowak|Marowak-Alola, M|100/100|[from]move: Teleport
|-damage|p1a: Marowak|88/100|[from] Spikes
|
|upkeep
|turn|19
|
|t:|1662392614
|move|p1a: Marowak|Flare Blitz|p2a: Skarmory
|-supereffective|p2a: Skarmory
|-ability|p2a: Skarmory|Sturdy
|-damage|p2a: Skarmory|1/100
|move|p2a: Skarmory|Whirlwind|p1a: Marowak
|drag|p1a: Slowking|Slowking, F|100/100
|-damage|p1a: Slowking|88/100|[from] Spikes
|
|upkeep
|turn|20
|
|t:|1662392619
|move|p1a: Slowking|Scald|p2a: Skarmory
|-damage|p2a: Skarmory|0 fnt
|faint|p2a: Skarmory
|
|upkeep
|
|t:|1662392622
|switch|p2a: Amoonguss|Amoonguss, F|100/100
|turn|21
|
|t:|1662392625
|switch|p1a: Conkeldurr|Conkeldurr, M|50/100 brn
|-damage|p1a: Conkeldurr|37/100 brn|[from] Spikes
|move|p2a: Amoonguss|Giga Drain|p1a: Conkeldurr
|-damage|p1a: Conkeldurr|13/100 brn
|
|-damage|p1a: Conkeldurr|7/100 brn|[from] brn
|-fieldend|move: Trick Room
|upkeep
|turn|22
|
|t:|1662392628
|move|p1a: Conkeldurr|Knock Off|p2a: Amoonguss
|-damage|p2a: Amoonguss|58/100
|-enditem|p2a: Amoonguss|Black Sludge|[from] move: Knock Off|[of] p1a: Conkeldurr
|move|p2a: Amoonguss|Giga Drain|p1a: Conkeldurr
|-damage|p1a: Conkeldurr|0 fnt
|-heal|p2a: Amoonguss|61/100|[from] drain|[of] p1a: Conkeldurr
|faint|p1a: Conkeldurr
|
|upkeep
|
|t:|1662392645
|switch|p1a: Marowak|Marowak-Alola, M|88/100
|-damage|p1a: Marowak|76/100|[from] Spikes
|turn|23
|
|t:|1662392653
|move|p2a: Amoonguss|Spore|p1a: Marowak
|-status|p1a: Marowak|slp|[from] move: Spore
|cant|p1a: Marowak|slp
|
|upkeep
|turn|24
|
|t:|1662392657
|move|p2a: Amoonguss|Foul Play|p1a: Marowak
|-supereffective|p1a: Marowak
|-damage|p1a: Marowak|29/100 slp
|cant|p1a: Marowak|slp
|
|upkeep
|turn|25
|
|t:|1662392662
|switch|p1a: Slowking|Slowking, F|100/100
|-damage|p1a: Slowking|88/100|[from] Spikes
|move|p2a: Amoonguss|Foul Play|p1a: Slowking
|-supereffective|p1a: Slowking
|-enditem|p1a: Slowking|Colbur Berry|[eat]
|-enditem|p1a: Slowking|Colbur Berry|[weaken]
|-damage|p1a: Slowking|78/100
|
|upkeep
|turn|26
|
|t:|1662392668
|move|p2a: Amoonguss|Giga Drain|p1a: Slowking
|-supereffective|p1a: Slowking
|-damage|p1a: Slowking|40/100
|-heal|p2a: Amoonguss|78/100|[from] drain|[of] p1a: Slowking
|move|p1a: Slowking|Trick Room|p1a: Slowking
|-fieldstart|move: Trick Room|[of] p1a: Slowking
|
|upkeep
|turn|27
|
|t:|1662392675
|move|p2a: Amoonguss|Giga Drain|p1a: Slowking
|-supereffective|p1a: Slowking
|-damage|p1a: Slowking|7/100
|-heal|p2a: Amoonguss|94/100|[from] drain|[of] p1a: Slowking
|move|p1a: Slowking|Teleport|p1a: Slowking
|
|t:|1662392677
|switch|p1a: Stakataka|Stakataka|56/100|[from]move: Teleport
|-damage|p1a: Stakataka|43/100|[from] Spikes
|
|upkeep
|turn|28
|
|t:|1662392682
|move|p1a: Stakataka|Heat Crash|p2a: Amoonguss
|-supereffective|p2a: Amoonguss
|-damage|p2a: Amoonguss|0 fnt
|faint|p2a: Amoonguss
|
|win|DarkHorse384
|raw|DarkHorse384's rating: 1435 &rarr; <strong>1454</strong><br />(+19 for winning)
|raw|Rvp4president's rating: 1420 &rarr; <strong>1401</strong><br />(-19 for losing)
