|j|☆mimilimi
|j|☆Fathiryxi
|t:|1641765540
|gametype|singles
|player|p1|mimilimi|265|
|player|p2|Fathiryxi|preschoolers|
|teamsize|p1|6
|teamsize|p2|6
|gen|8
|tier|[Gen 8] UU
|rule|Sleep Clause Mod: Limit one foe put to sleep
|rule|Species Clause: Limit one of each Pokémon
|rule|OHKO Clause: OHKO moves are banned
|rule|Evasion Moves Clause: Evasion moves are banned
|rule|Endless Battle Clause: Forcing endless battles is banned
|rule|HP Percentage Mod: HP is shown in percentages
|rule|Dynamax Clause: You cannot dynamax
|clearpoke
|poke|p1|Torkoal, F|
|poke|p1|Hatterene, F|
|poke|p1|Darmanitan, F|
|poke|p1|Venusaur, F|
|poke|p1|Swampert, M|
|poke|p1|Celesteela|
|poke|p2|Dubwool, F|
|poke|p2|Rotom-Heat|
|poke|p2|Mandibuzz, F|
|poke|p2|Swampert, F|
|poke|p2|Tapu Bulu|
|poke|p2|Jirachi|
|teampreview
|
|t:|1641765581
|start
|switch|p1a: Venusaur|Venusaur, F|100/100
|switch|p2a: Rotom|Rotom-Heat|100/100
|turn|1
|
|t:|1641765599
|switch|p1a: Swampert|Swampert, M|100/100
|move|p2a: Rotom|Overheat|p1a: Swampert
|-resisted|p1a: Swampert
|-damage|p1a: Swampert|86/100
|-unboost|p2a: Rotom|spa|2
|
|-heal|p1a: Swampert|92/100|[from] item: Leftovers
|upkeep
|turn|2
|
|t:|1641765627
|switch|p2a: Tapu Bulu|Tapu Bulu|100/100
|-fieldstart|move: Grassy Terrain|[from] ability: Grassy Surge|[of] p2a: Tapu Bulu
|move|p1a: Swampert|Stealth Rock|p2a: Tapu Bulu
|-sidestart|p2: Fathiryxi|move: Stealth Rock
|
|-heal|p1a: Swampert|98/100|[from] Grassy Terrain
|-heal|p1a: Swampert|100/100|[from] item: Leftovers
|upkeep
|turn|3
|
|t:|1641765657
|switch|p2a: Jirachi|Jirachi, shiny|100/100
|-damage|p2a: Jirachi|94/100|[from] Stealth Rock
|switch|p1a: Torkoal|Torkoal, F|100/100
|-weather|SunnyDay|[from] ability: Drought|[of] p1a: Torkoal
|
|-weather|SunnyDay|[upkeep]
|-heal|p2a: Jirachi|100/100|[from] Grassy Terrain
|upkeep
|turn|4
|
|t:|1641765688
|move|p2a: Jirachi|U-turn|p1a: Torkoal
|-resisted|p1a: Torkoal
|-damage|p1a: Torkoal|95/100
|
|t:|1641765714
|switch|p2a: Rotom|Rotom-Heat|100/100|[from]move: U-turn
|move|p1a: Torkoal|Lava Plume|p2a: Rotom
|-resisted|p2a: Rotom
|-damage|p2a: Rotom|80/100
|
|-weather|SunnyDay|[upkeep]
|-heal|p1a: Torkoal|100/100|[from] Grassy Terrain
|upkeep
|turn|5
|
|t:|1641765739
|switch|p1a: Swampert|Swampert, M|100/100
|move|p2a: Rotom|Overheat|p1a: Swampert
|-resisted|p1a: Swampert
|-damage|p1a: Swampert|78/100
|-unboost|p2a: Rotom|spa|2
|
|-weather|SunnyDay|[upkeep]
|-heal|p1a: Swampert|84/100|[from] Grassy Terrain
|-heal|p1a: Swampert|91/100|[from] item: Leftovers
|upkeep
|turn|6
|
|t:|1641765750
|switch|p2a: Jirachi|Jirachi, shiny|100/100
|-damage|p2a: Jirachi|94/100|[from] Stealth Rock
|move|p1a: Swampert|Flip Turn|p2a: Jirachi
|-damage|p2a: Jirachi|84/100
|
|t:|1641765770
|switch|p1a: Darmanitan|Darmanitan, F|100/100|[from]move: Flip Turn
|
|-weather|SunnyDay|[upkeep]
|-heal|p2a: Jirachi|90/100|[from] Grassy Terrain
|-fieldend|move: Grassy Terrain
|upkeep
|turn|7
|
|t:|1641765791
|move|p2a: Jirachi|Zen Headbutt|p1a: Darmanitan
|-damage|p1a: Darmanitan|46/100
|move|p1a: Darmanitan|Flare Blitz|p2a: Jirachi
|-supereffective|p2a: Jirachi
|-damage|p2a: Jirachi|0 fnt
|faint|p2a: Jirachi
|-damage|p1a: Darmanitan|17/100|[from] Recoil
|
|-weather|SunnyDay|[upkeep]
|upkeep
|
|t:|1641765800
|switch|p2a: Swampert|Swampert, F|100/100
|-damage|p2a: Swampert|94/100|[from] Stealth Rock
|turn|8
|
|t:|1641765840
|switch|p1a: Venusaur|Venusaur, F|100/100
|move|p2a: Swampert|Stealth Rock|p1a: Venusaur
|-sidestart|p1: mimilimi|move: Stealth Rock
|
|-weather|SunnyDay|[upkeep]
|-heal|p2a: Swampert|100/100|[from] item: Leftovers
|upkeep
|turn|9
|
|t:|1641765860
|switch|p2a: Albertine|Mandibuzz, F|100/100
|move|p1a: Venusaur|Sludge Bomb|p2a: Albertine
|-damage|p2a: Albertine|57/100
|-damage|p1a: Venusaur|91/100|[from] item: Life Orb
|
|-weather|SunnyDay|[upkeep]
|upkeep
|turn|10
|
|t:|1641765870
|switch|p1a: Celesteela|Celesteela|100/100
|-damage|p1a: Celesteela|88/100|[from] Stealth Rock
|move|p2a: Albertine|Roost|p2a: Albertine
|-heal|p2a: Albertine|100/100
|-singleturn|p2a: Albertine|move: Roost
|
|-weather|none
|-heal|p1a: Celesteela|94/100|[from] item: Leftovers
|upkeep
|turn|11
|
|t:|1641765887
|move|p2a: Albertine|U-turn|p1a: Celesteela
|-resisted|p1a: Celesteela
|-damage|p1a: Celesteela|92/100
|
|t:|1641765889
|switch|p2a: Tapu Bulu|Tapu Bulu|100/100|[from]move: U-turn
|-damage|p2a: Tapu Bulu|88/100|[from] Stealth Rock
|-fieldstart|move: Grassy Terrain|[from] ability: Grassy Surge|[of] p2a: Tapu Bulu
|move|p1a: Celesteela|Leech Seed|p2a: Tapu Bulu
|-immune|p2a: Tapu Bulu
|
|-heal|p2a: Tapu Bulu|94/100|[from] Grassy Terrain
|-heal|p2a: Tapu Bulu|99/100|[from] item: Leftovers
|-heal|p1a: Celesteela|98/100|[from] item: Leftovers
|upkeep
|turn|12
|
|t:|1641765892
|switch|p2a: Rotom|Rotom-Heat|80/100
|move|p1a: Celesteela|Heavy Slam|p2a: Rotom
|-resisted|p2a: Rotom
|-damage|p2a: Rotom|69/100
|
|-heal|p1a: Celesteela|100/100|[from] item: Leftovers
|upkeep
|turn|13
|
|t:|1641765901
|switch|p1a: Swampert|Swampert, M|91/100
|-damage|p1a: Swampert|84/100|[from] Stealth Rock
|move|p2a: Rotom|Pain Split|p1a: Swampert
|-sethp|p1a: Swampert|68/100|[from] move: Pain Split|[silent]
|-sethp|p2a: Rotom|91/100|[from] move: Pain Split
|
|-heal|p1a: Swampert|74/100|[from] Grassy Terrain
|-heal|p1a: Swampert|80/100|[from] item: Leftovers
|upkeep
|turn|14
|
|t:|1641765926
|switch|p2a: Tapu Bulu|Tapu Bulu|99/100
|-damage|p2a: Tapu Bulu|88/100|[from] Stealth Rock
|move|p1a: Swampert|Flip Turn|p2a: Tapu Bulu
|-resisted|p2a: Tapu Bulu
|-damage|p2a: Tapu Bulu|78/100
|
|t:|1641765929
|switch|p1a: Torkoal|Torkoal, F|100/100|[from]move: Flip Turn
|-damage|p1a: Torkoal|76/100|[from] Stealth Rock
|-weather|SunnyDay|[from] ability: Drought|[of] p1a: Torkoal
|
|-weather|SunnyDay|[upkeep]
|-heal|p2a: Tapu Bulu|84/100|[from] Grassy Terrain
|-heal|p2a: Tapu Bulu|90/100|[from] item: Leftovers
|-heal|p1a: Torkoal|82/100|[from] Grassy Terrain
|upkeep
|turn|15
|
|t:|1641765936
|switch|p2a: Rotom|Rotom-Heat|91/100
|move|p1a: Torkoal|Rapid Spin|p2a: Rotom
|-damage|p2a: Rotom|81/100
|-boost|p1a: Torkoal|spe|1
|-sideend|p1: mimilimi|Stealth Rock|[from] move: Rapid Spin|[of] p1a: Torkoal
|
|-weather|SunnyDay|[upkeep]
|-heal|p1a: Torkoal|88/100|[from] Grassy Terrain
|-fieldend|move: Grassy Terrain
|upkeep
|turn|16
|
|t:|1641765953
|switch|p2a: Swampert|Swampert, F|100/100
|-damage|p2a: Swampert|94/100|[from] Stealth Rock
|switch|p1a: Swampert|Swampert, M|80/100
|
|-weather|SunnyDay|[upkeep]
|-heal|p1a: Swampert|87/100|[from] item: Leftovers
|-heal|p2a: Swampert|100/100|[from] item: Leftovers
|upkeep
|turn|17
|
|t:|1641765961
|switch|p1a: Venusaur|Venusaur, F|91/100
|move|p2a: Swampert|Flip Turn|p1a: Venusaur
|-resisted|p1a: Venusaur
|-damage|p1a: Venusaur|84/100
|
|t:|1641765980
|switch|p2a: Albertine|Mandibuzz, F|100/100|[from]move: Flip Turn
|
|-weather|SunnyDay|[upkeep]
|upkeep
|turn|18
|
|t:|1641766010
|move|p1a: Venusaur|Growth|p1a: Venusaur
|-boost|p1a: Venusaur|atk|2
|-boost|p1a: Venusaur|spa|2
|move|p2a: Albertine|Foul Play|p1a: Venusaur
|-damage|p1a: Venusaur|23/100
|
|-weather|SunnyDay|[upkeep]
|upkeep
|turn|19
|
|t:|1641766039
|move|p1a: Venusaur|Weather Ball|p2a: Albertine
|-damage|p2a: Albertine|11/100
|-damage|p1a: Venusaur|13/100|[from] item: Life Orb
|move|p2a: Albertine|Foul Play|p1a: Venusaur
|-damage|p1a: Venusaur|0 fnt
|faint|p1a: Venusaur
|
|-weather|SunnyDay|[upkeep]
|upkeep
|
|t:|1641766045
|switch|p1a: Darmanitan|Darmanitan, F|17/100
|turn|20
|
|t:|1641766121
|move|p1a: Darmanitan|U-turn|p2a: Albertine
|-damage|p2a: Albertine|0 fnt
|faint|p2a: Albertine
|
|t:|1641766131
|switch|p1a: Swampert|Swampert, M|87/100|[from]move: U-turn
|
|-weather|SunnyDay|[upkeep]
|-heal|p1a: Swampert|93/100|[from] item: Leftovers
|upkeep
|
|t:|1641766137
|switch|p2a: Tapu Bulu|Tapu Bulu|90/100
|-damage|p2a: Tapu Bulu|78/100|[from] Stealth Rock
|-fieldstart|move: Grassy Terrain|[from] ability: Grassy Surge|[of] p2a: Tapu Bulu
|turn|21
|
|t:|1641766158
|switch|p2a: Swampert|Swampert, F|100/100
|-damage|p2a: Swampert|94/100|[from] Stealth Rock
|switch|p1a: Celesteela|Celesteela|100/100
|
|-weather|none
|-heal|p2a: Swampert|100/100|[from] Grassy Terrain
|upkeep
|turn|22
|
|t:|1641766168
|move|p1a: Celesteela|Leech Seed|p2a: Swampert
|-start|p2a: Swampert|move: Leech Seed
|move|p2a: Swampert|Stealth Rock|p1a: Celesteela
|-sidestart|p1: mimilimi|move: Stealth Rock
|
|-damage|p2a: Swampert|88/100|[from] Leech Seed|[of] p1a: Celesteela
|upkeep
|turn|23
|
|t:|1641766173
|switch|p2a: Rotom|Rotom-Heat|81/100
|move|p1a: Celesteela|Flamethrower|p2a: Rotom
|-resisted|p2a: Rotom
|-crit|p2a: Rotom
|-damage|p2a: Rotom|63/100
|
|upkeep
|turn|24
|
|t:|1641766194
|move|p2a: Rotom|Nasty Plot|p2a: Rotom
|-boost|p2a: Rotom|spa|2
|move|p1a: Celesteela|Leech Seed|p2a: Rotom
|-start|p2a: Rotom|move: Leech Seed
|
|-damage|p2a: Rotom|51/100|[from] Leech Seed|[of] p1a: Celesteela
|upkeep
|turn|25
|
|t:|1641766201
|switch|p1a: Swampert|Swampert, M|93/100
|-damage|p1a: Swampert|87/100|[from] Stealth Rock
|move|p2a: Rotom|Volt Switch|p1a: Swampert
|-immune|p1a: Swampert
|
|-heal|p1a: Swampert|93/100|[from] Grassy Terrain
|-heal|p1a: Swampert|99/100|[from] item: Leftovers
|-damage|p2a: Rotom|39/100|[from] Leech Seed|[of] p1a: Swampert
|-heal|p1a: Swampert|100/100|[silent]
|-fieldend|move: Grassy Terrain
|upkeep
|turn|26
|
|t:|1641766210
|switch|p2a: Tapu Bulu|Tapu Bulu|78/100
|-damage|p2a: Tapu Bulu|65/100|[from] Stealth Rock
|-fieldstart|move: Grassy Terrain|[from] ability: Grassy Surge|[of] p2a: Tapu Bulu
|move|p1a: Swampert|Flip Turn|p2a: Tapu Bulu
|-resisted|p2a: Tapu Bulu
|-damage|p2a: Tapu Bulu|56/100
|
|t:|1641766220
|switch|p1a: Torkoal|Torkoal, F|88/100|[from]move: Flip Turn
|-damage|p1a: Torkoal|63/100|[from] Stealth Rock
|-weather|SunnyDay|[from] ability: Drought|[of] p1a: Torkoal
|
|-weather|SunnyDay|[upkeep]
|-heal|p2a: Tapu Bulu|62/100|[from] Grassy Terrain
|-heal|p2a: Tapu Bulu|69/100|[from] item: Leftovers
|-heal|p1a: Torkoal|69/100|[from] Grassy Terrain
|upkeep
|turn|27
|
|t:|1641766227
|switch|p2a: Swampert|Swampert, F|88/100
|-damage|p2a: Swampert|82/100|[from] Stealth Rock
|move|p1a: Torkoal|Rapid Spin|p2a: Swampert
|-damage|p2a: Swampert|76/100
|-boost|p1a: Torkoal|spe|1
|-sideend|p1: mimilimi|Stealth Rock|[from] move: Rapid Spin|[of] p1a: Torkoal
|
|-weather|SunnyDay|[upkeep]
|-heal|p2a: Swampert|83/100|[from] Grassy Terrain
|-heal|p2a: Swampert|89/100|[from] item: Leftovers
|-heal|p1a: Torkoal|75/100|[from] Grassy Terrain
|upkeep
|turn|28
|
|t:|1641766241
|switch|p1a: Hatterene|Hatterene, F|100/100
|move|p2a: Swampert|Flip Turn|p1a: Hatterene
|-damage|p1a: Hatterene|90/100
|
|t:|1641766247
|switch|p2a: Rotom|Rotom-Heat|39/100|[from]move: Flip Turn
|
|-weather|SunnyDay|[upkeep]
|-heal|p1a: Hatterene|96/100|[from] Grassy Terrain
|-heal|p1a: Hatterene|100/100|[from] item: Leftovers
|upkeep
|turn|29
|
|t:|1641766258
|switch|p1a: Darmanitan|Darmanitan, F|17/100
|move|p2a: Rotom|Pain Split|p1a: Darmanitan
|-sethp|p1a: Darmanitan|25/100|[from] move: Pain Split|[silent]
|-sethp|p2a: Rotom|29/100|[from] move: Pain Split
|
|-weather|SunnyDay|[upkeep]
|-heal|p1a: Darmanitan|31/100|[from] Grassy Terrain
|upkeep
|turn|30
|
|t:|1641766274
|switch|p2a: Swampert|Swampert, F|89/100
|-damage|p2a: Swampert|83/100|[from] Stealth Rock
|move|p1a: Darmanitan|Flare Blitz|p2a: Swampert
|-resisted|p2a: Swampert
|-damage|p2a: Swampert|38/100
|-damage|p1a: Darmanitan|14/100|[from] Recoil
|
|-weather|SunnyDay|[upkeep]
|-heal|p1a: Darmanitan|20/100|[from] Grassy Terrain
|-heal|p2a: Swampert|44/100|[from] Grassy Terrain
|-heal|p2a: Swampert|50/100|[from] item: Leftovers
|-fieldend|move: Grassy Terrain
|upkeep
|turn|31
|
|t:|1641766299
|switch|p1a: Celesteela|Celesteela|100/100
|move|p2a: Swampert|Flip Turn|p1a: Celesteela
|-damage|p1a: Celesteela|93/100
|
|t:|1641766327
|switch|p2a: Rotom|Rotom-Heat|29/100|[from]move: Flip Turn
|
|-weather|SunnyDay|[upkeep]
|-heal|p1a: Celesteela|99/100|[from] item: Leftovers
|upkeep
|turn|32
|
|t:|1641766345
|switch|p1a: Swampert|Swampert, M|100/100
|move|p2a: Rotom|Volt Switch|p1a: Swampert
|-immune|p1a: Swampert
|
|-weather|SunnyDay|[upkeep]
|upkeep
|turn|33
|
|t:|1641766359
|switch|p2a: Tapu Bulu|Tapu Bulu|69/100
|-damage|p2a: Tapu Bulu|56/100|[from] Stealth Rock
|-fieldstart|move: Grassy Terrain|[from] ability: Grassy Surge|[of] p2a: Tapu Bulu
|switch|p1a: Darmanitan|Darmanitan, F|20/100
|
|-weather|none
|-heal|p1a: Darmanitan|26/100|[from] Grassy Terrain
|-heal|p2a: Tapu Bulu|62/100|[from] Grassy Terrain
|-heal|p2a: Tapu Bulu|68/100|[from] item: Leftovers
|upkeep
|turn|34
|
|t:|1641766379
|switch|p2a: Swampert|Swampert, F|50/100
|-damage|p2a: Swampert|44/100|[from] Stealth Rock
|move|p1a: Darmanitan|Flare Blitz|p2a: Swampert
|-resisted|p2a: Swampert
|-damage|p2a: Swampert|16/100
|-damage|p1a: Darmanitan|15/100|[from] Recoil
|
|-heal|p1a: Darmanitan|21/100|[from] Grassy Terrain
|-heal|p2a: Swampert|22/100|[from] Grassy Terrain
|-heal|p2a: Swampert|28/100|[from] item: Leftovers
|upkeep
|turn|35
|
|t:|1641766427
|switch|p1a: Hatterene|Hatterene, F|100/100
|move|p2a: Swampert|Stealth Rock|p1a: Hatterene
|move|p1a: Hatterene|Stealth Rock||[from]ability: Magic Bounce|[still]
|-fail|p1a: Hatterene
|
|-heal|p2a: Swampert|34/100|[from] Grassy Terrain
|-heal|p2a: Swampert|40/100|[from] item: Leftovers
|upkeep
|turn|36
|
|t:|1641766441
|switch|p2a: Tapu Bulu|Tapu Bulu|68/100
|-damage|p2a: Tapu Bulu|56/100|[from] Stealth Rock
|move|p1a: Hatterene|Psyshock|p2a: Tapu Bulu
|-damage|p2a: Tapu Bulu|17/100
|
|-heal|p2a: Tapu Bulu|23/100|[from] Grassy Terrain
|-heal|p2a: Tapu Bulu|30/100|[from] item: Leftovers
|upkeep
|turn|37
|
|t:|1641766449
|move|p2a: Tapu Bulu|Synthesis|p2a: Tapu Bulu
|-heal|p2a: Tapu Bulu|80/100
|move|p1a: Hatterene|Mystical Fire|p2a: Tapu Bulu
|-supereffective|p2a: Tapu Bulu
|-damage|p2a: Tapu Bulu|37/100
|-unboost|p2a: Tapu Bulu|spa|1
|
|-heal|p2a: Tapu Bulu|43/100|[from] Grassy Terrain
|-heal|p2a: Tapu Bulu|49/100|[from] item: Leftovers
|-fieldend|move: Grassy Terrain
|upkeep
|turn|38
|
|t:|1641766458
|move|p2a: Tapu Bulu|Synthesis|p2a: Tapu Bulu
|-heal|p2a: Tapu Bulu|99/100
|move|p1a: Hatterene|Psyshock|p2a: Tapu Bulu
|-damage|p2a: Tapu Bulu|66/100
|
|-heal|p2a: Tapu Bulu|72/100|[from] item: Leftovers
|upkeep
|turn|39
|
|t:|1641766472
|move|p2a: Tapu Bulu|Swords Dance|p2a: Tapu Bulu
|-boost|p2a: Tapu Bulu|atk|2
|move|p1a: Hatterene|Healing Wish|p1a: Hatterene
|faint|p1a: Hatterene
|
|-heal|p2a: Tapu Bulu|78/100|[from] item: Leftovers
|upkeep
|
|t:|1641766473
|switch|p1a: Darmanitan|Darmanitan, F|21/100
|-heal|p1a: Darmanitan|100/100|[from] move: Healing Wish
|turn|40
|inactive|Battle timer is ON: inactive players will automatically lose when time's up. (requested by mimilimi)
|inactive|Fathiryxi has 270 seconds left.
|inactive|Fathiryxi has 240 seconds left.
|
|t:|1641766589
|switch|p2a: Dubwool|Dubwool, F|100/100
|-damage|p2a: Dubwool|88/100|[from] Stealth Rock
|move|p1a: Darmanitan|Flare Blitz|p2a: Dubwool
|-damage|p2a: Dubwool|14/100
|-damage|p1a: Darmanitan|79/100|[from] Recoil
|
|-heal|p2a: Dubwool|20/100|[from] item: Leftovers
|upkeep
|turn|41
|
|t:|1641766601
|move|p1a: Darmanitan|Flare Blitz|p2a: Dubwool
|-damage|p2a: Dubwool|0 fnt
|faint|p2a: Dubwool
|-damage|p1a: Darmanitan|73/100|[from] Recoil
|
|upkeep
|
|t:|1641766603
|switch|p2a: Swampert|Swampert, F|40/100
|-damage|p2a: Swampert|34/100|[from] Stealth Rock
|turn|42
|inactive|Fathiryxi has 270 seconds left.
|
|t:|1641766643
|switch|p1a: Torkoal|Torkoal, F|75/100
|-weather|SunnyDay|[from] ability: Drought|[of] p1a: Torkoal
|move|p2a: Swampert|High Horsepower|p1a: Torkoal
|-supereffective|p1a: Torkoal
|-damage|p1a: Torkoal|36/100
|
|-weather|SunnyDay|[upkeep]
|-heal|p2a: Swampert|40/100|[from] item: Leftovers
|upkeep
|turn|43
|inactive|Fathiryxi has 270 seconds left.
|
|t:|1641766656
|switch|p2a: Rotom|Rotom-Heat|29/100
|switch|p1a: Swampert|Swampert, M|100/100
|
|-weather|SunnyDay|[upkeep]
|upkeep
|turn|44
|inactive|Fathiryxi has 270 seconds left.
|
|t:|1641766665
|move|p2a: Rotom|Pain Split|p1a: Swampert
|-sethp|p1a: Swampert|61/100|[from] move: Pain Split|[silent]
|-sethp|p2a: Rotom|81/100|[from] move: Pain Split
|move|p1a: Swampert|Flip Turn|p2a: Rotom
|-supereffective|p2a: Rotom
|-damage|p2a: Rotom|57/100
|
|t:|1641766668
|switch|p1a: Darmanitan|Darmanitan, F|73/100|[from]move: Flip Turn
|
|-weather|SunnyDay|[upkeep]
|upkeep
|turn|45
|inactive|Fathiryxi has 270 seconds left.
|inactive|Fathiryxi has 240 seconds left.
|
|t:|1641766721
|move|p1a: Darmanitan|Rock Slide|p2a: Rotom
|-supereffective|p2a: Rotom
|-damage|p2a: Rotom|0 fnt
|faint|p2a: Rotom
|
|-weather|SunnyDay|[upkeep]
|upkeep
|c|☆mimilimi|Gg
|
|t:|1641766732
|switch|p2a: Tapu Bulu|Tapu Bulu|78/100
|-damage|p2a: Tapu Bulu|66/100|[from] Stealth Rock
|-fieldstart|move: Grassy Terrain|[from] ability: Grassy Surge|[of] p2a: Tapu Bulu
|turn|46
|
|t:|1641766741
|switch|p1a: Celesteela|Celesteela|99/100
|move|p2a: Tapu Bulu|Swords Dance|p2a: Tapu Bulu
|-boost|p2a: Tapu Bulu|atk|2
|
|-weather|SunnyDay|[upkeep]
|-heal|p2a: Tapu Bulu|72/100|[from] Grassy Terrain
|-heal|p2a: Tapu Bulu|78/100|[from] item: Leftovers
|-heal|p1a: Celesteela|100/100|[from] item: Leftovers
|upkeep
|turn|47
|inactive|Fathiryxi has 240 seconds left.
|
|t:|1641766750
|move|p2a: Tapu Bulu|Swords Dance|p2a: Tapu Bulu
|-boost|p2a: Tapu Bulu|atk|2
|move|p1a: Celesteela|Flamethrower|p2a: Tapu Bulu
|-supereffective|p2a: Tapu Bulu
|-damage|p2a: Tapu Bulu|28/100
|
|-weather|SunnyDay|[upkeep]
|-heal|p2a: Tapu Bulu|35/100|[from] Grassy Terrain
|-heal|p2a: Tapu Bulu|41/100|[from] item: Leftovers
|upkeep
|turn|48
|
|t:|1641766759
|move|p2a: Tapu Bulu|Synthesis|p2a: Tapu Bulu
|-heal|p2a: Tapu Bulu|100/100
|move|p1a: Celesteela|Heavy Slam|p2a: Tapu Bulu
|-supereffective|p2a: Tapu Bulu
|-damage|p2a: Tapu Bulu|27/100
|
|-weather|SunnyDay|[upkeep]
|-heal|p2a: Tapu Bulu|33/100|[from] Grassy Terrain
|-heal|p2a: Tapu Bulu|39/100|[from] item: Leftovers
|upkeep
|turn|49
|inactive|Fathiryxi has 240 seconds left.
|
|t:|1641766801
|move|p2a: Tapu Bulu|Synthesis|p2a: Tapu Bulu
|-heal|p2a: Tapu Bulu|100/100
|move|p1a: Celesteela|Heavy Slam|p2a: Tapu Bulu
|-supereffective|p2a: Tapu Bulu
|-damage|p2a: Tapu Bulu|23/100
|
|-weather|none
|-heal|p2a: Tapu Bulu|29/100|[from] Grassy Terrain
|-heal|p2a: Tapu Bulu|35/100|[from] item: Leftovers
|upkeep
|turn|50
|
|t:|1641766814
|move|p2a: Tapu Bulu|Close Combat|p1a: Celesteela
|-damage|p1a: Celesteela|27/100
|-unboost|p2a: Tapu Bulu|def|1
|-unboost|p2a: Tapu Bulu|spd|1
|move|p1a: Celesteela|Heavy Slam|p2a: Tapu Bulu
|-supereffective|p2a: Tapu Bulu
|-damage|p2a: Tapu Bulu|0 fnt
|faint|p2a: Tapu Bulu
|-ability|p1a: Celesteela|Beast Boost|boost
|-boost|p1a: Celesteela|def|1
|
|-heal|p1a: Celesteela|33/100|[from] item: Leftovers
|-fieldend|move: Grassy Terrain
|upkeep
|
|t:|1641766817
|switch|p2a: Swampert|Swampert, F|40/100
|-damage|p2a: Swampert|34/100|[from] Stealth Rock
|turn|51
|c|☆mimilimi|Gg
|
|t:|1641766825
|move|p1a: Celesteela|Leech Seed|p2a: Swampert|[miss]
|-miss|p1a: Celesteela|p2a: Swampert
|move|p2a: Swampert|Stealth Rock|p1a: Celesteela
|-sidestart|p1: mimilimi|move: Stealth Rock
|
|-heal|p1a: Celesteela|39/100|[from] item: Leftovers
|-heal|p2a: Swampert|40/100|[from] item: Leftovers
|upkeep
|turn|52
|c|☆Fathiryxi|gg
|-message|Fathiryxi forfeited.
|
|win|mimilimi
|l|☆Fathiryxi
