|j|☆Qbreezy
|j|☆Arcangel666
|t:|1654473440
|gametype|singles
|player|p1|Qbreezy|170|1271
|player|p2|Arcangel666|piers|1258
|teamsize|p1|6
|teamsize|p2|6
|gen|8
|tier|[Gen 8] UU
|rated|
|rule|Sleep Clause Mod: Limit one foe put to sleep
|rule|Species Clause: Limit one of each Pokémon
|rule|OHKO Clause: OHKO moves are banned
|rule|Evasion Moves Clause: Evasion moves are banned
|rule|Endless Battle Clause: Forcing endless battles is banned
|rule|HP Percentage Mod: HP is shown in percentages
|rule|Dynamax Clause: You cannot dynamax
|clearpoke
|poke|p1|Torkoal, M|
|poke|p1|Venusaur, F|
|poke|p1|Entei|
|poke|p1|Tapu Bulu|
|poke|p1|Lycanroc-Dusk, F|
|poke|p1|Heliolisk, M|
|poke|p2|Tentacruel, M|
|poke|p2|Chansey, F|
|poke|p2|Conkeldurr, F|
|poke|p2|Hydreigon, M|
|poke|p2|Celesteela|
|poke|p2|Lycanroc-Dusk, M|
|teampreview
|
|t:|1654473456
|start
|switch|p1a: Torkoal|Torkoal, M|100/100
|switch|p2a: Chansey|Chansey, F|100/100
|-weather|SunnyDay|[from] ability: Drought|[of] p1a: Torkoal
|turn|1
|
|t:|1654473464
|move|p2a: Chansey|Stealth Rock|p1a: Torkoal
|-sidestart|p1: Qbreezy|move: Stealth Rock
|move|p1a: Torkoal|Stealth Rock|p2a: Chansey
|-sidestart|p2: Arcangel666|move: Stealth Rock
|
|-weather|SunnyDay|[upkeep]
|upkeep
|turn|2
|
|t:|1654473470
|move|p1a: Torkoal|Rapid Spin|p2a: Chansey
|-damage|p2a: Chansey|94/100
|-boost|p1a: Torkoal|spe|1
|-sideend|p1: Qbreezy|Stealth Rock|[from] move: Rapid Spin|[of] p1a: Torkoal
|move|p2a: Chansey|Teleport|p2a: Chansey
|
|t:|1654473475
|switch|p2a: Tentacruel|Tentacruel, M, shiny|100/100|[from]move: Teleport
|-damage|p2a: Tentacruel|88/100|[from] Stealth Rock
|
|-weather|SunnyDay|[upkeep]
|upkeep
|turn|3
|
|t:|1654473483
|switch|p1a: Heliolisk|Heliolisk, M|100/100
|move|p2a: Tentacruel|Rapid Spin|p1a: Heliolisk
|-damage|p1a: Heliolisk|82/100
|-boost|p2a: Tentacruel|spe|1
|-sideend|p2: Arcangel666|Stealth Rock|[from] move: Rapid Spin|[of] p2a: Tentacruel
|
|-weather|SunnyDay|[upkeep]
|-damage|p1a: Heliolisk|70/100|[from] ability: Solar Power|[of] p1a: Heliolisk
|upkeep
|turn|4
|
|t:|1654473495
|switch|p2a: Chansey|Chansey, F|94/100
|move|p1a: Heliolisk|Thunderbolt|p2a: Chansey
|-damage|p2a: Chansey|67/100
|
|-weather|SunnyDay|[upkeep]
|-damage|p1a: Heliolisk|57/100|[from] ability: Solar Power|[of] p1a: Heliolisk
|upkeep
|turn|5
|
|t:|1654473505
|switch|p1a: Entei|Entei, shiny|100/100
|move|p2a: Chansey|Teleport|p2a: Chansey
|
|t:|1654473510
|switch|p2a: Lycanroc|Lycanroc-Dusk, M|100/100|[from]move: Teleport
|
|-weather|SunnyDay|[upkeep]
|upkeep
|turn|6
|
|t:|1654473519
|move|p2a: Lycanroc|Accelerock|p1a: Entei
|-supereffective|p1a: Entei
|-damage|p1a: Entei|45/100
|-enditem|p1a: Entei|Weakness Policy
|-boost|p1a: Entei|atk|2|[from] item: Weakness Policy
|-boost|p1a: Entei|spa|2|[from] item: Weakness Policy
|-damage|p2a: Lycanroc|91/100|[from] item: Life Orb
|move|p1a: Entei|Sacred Fire|p2a: Lycanroc
|-resisted|p2a: Lycanroc
|-damage|p2a: Lycanroc|0 fnt
|faint|p2a: Lycanroc
|
|-weather|SunnyDay|[upkeep]
|upkeep
|
|t:|1654473526
|switch|p2a: Tentacruel|Tentacruel, M, shiny|88/100
|turn|7
|
|t:|1654473538
|switch|p2a: Hydreigon|Hydreigon, M, shiny|100/100
|move|p1a: Entei|Extreme Speed|p2a: Hydreigon
|-damage|p2a: Hydreigon|45/100
|
|-weather|SunnyDay|[upkeep]
|upkeep
|turn|8
|
|t:|1654473545
|move|p1a: Entei|Extreme Speed|p2a: Hydreigon
|-damage|p2a: Hydreigon|0 fnt
|faint|p2a: Hydreigon
|
|-weather|none
|upkeep
|
|t:|1654473548
|switch|p2a: Tentacruel|Tentacruel, M, shiny|88/100
|turn|9
|
|t:|1654473552
|move|p1a: Entei|Extreme Speed|p2a: Tentacruel
|-damage|p2a: Tentacruel|0 fnt
|faint|p2a: Tentacruel
|
|upkeep
|
|t:|1654473555
|switch|p2a: Conkeldurr|Conkeldurr, F|100/100
|turn|10
|
|t:|1654473560
|move|p2a: Conkeldurr|Mach Punch|p1a: Entei
|-damage|p1a: Entei|27/100
|move|p1a: Entei|Sacred Fire|p2a: Conkeldurr
|-damage|p2a: Conkeldurr|14/100
|
|-status|p2a: Conkeldurr|brn|[from] item: Flame Orb
|upkeep
|turn|11
|
|t:|1654473567
|move|p1a: Entei|Extreme Speed|p2a: Conkeldurr
|-damage|p2a: Conkeldurr|0 fnt
|faint|p2a: Conkeldurr
|
|upkeep
|
|t:|1654473568
|switch|p2a: Celesteela|Celesteela, shiny|100/100
|turn|12
|
|t:|1654473572
|move|p1a: Entei|Sacred Fire|p2a: Celesteela
|-supereffective|p2a: Celesteela
|-damage|p2a: Celesteela|0 fnt
|faint|p2a: Celesteela
|
|upkeep
|
|t:|1654473574
|switch|p2a: Chansey|Chansey, F|67/100
|turn|13
|
|t:|1654473580
|move|p1a: Entei|Sacred Fire|p2a: Chansey
|-damage|p2a: Chansey|7/100
|move|p2a: Chansey|Seismic Toss|p1a: Entei
|-damage|p1a: Entei|3/100
|
|upkeep
|turn|14
|
|t:|1654473585
|move|p1a: Entei|Extreme Speed|p2a: Chansey
|-damage|p2a: Chansey|0 fnt
|faint|p2a: Chansey
|
|win|Qbreezy
|raw|Qbreezy's rating: 1271 &rarr; <strong>1295</strong><br />(+24 for winning)
|raw|Arcangel666's rating: 1258 &rarr; <strong>1234</strong><br />(-24 for losing)
|l|☆Arcangel666
||Ladder isn't responding, score probably updated but might not have (Request timeout).
