|j|☆niimiitsu
|j|☆bioche80
|t:|1612636057
|player|p1|niimiitsu|janine|1330
|player|p2|bioche80|li|1381
|teamsize|p1|6
|teamsize|p2|6
|gametype|singles
|gen|8
|tier|[Gen 8] UU
|rated|
|clearpoke
|poke|p1|Scizor, F|
|poke|p1|Chansey, F|
|poke|p1|Primarina, F|
|poke|p1|Terrakion|
|poke|p1|Azelf|
|poke|p1|Thundurus-Therian, M|
|poke|p2|Tapu Bulu|
|poke|p2|Diancie|
|poke|p2|Victini|
|poke|p2|Scizor, F|
|poke|p2|Keldeo-Resolute|
|poke|p2|Tentacruel, M|
|rule|Sleep Clause Mod: Limit one foe put to sleep
|rule|Species Clause: Limit one of each Pokémon
|rule|OHKO Clause: OHKO moves are banned
|rule|Evasion Moves Clause: Evasion moves are banned
|rule|Endless Battle Clause: Forcing endless battles is banned
|rule|HP Percentage Mod: HP is shown in percentages
|rule|Dynamax Clause: You cannot dynamax
|teampreview
|j| surveillancecamera
|
|t:|1612636092
|start
|switch|p1a: Terrakion|Terrakion|100/100
|switch|p2a: sa va faire mal|Victini|100/100
|turn|1
|c|☆bioche80|camera surveillance???
|
|t:|1612636105
|move|p2a: sa va faire mal|U-turn|p1a: Terrakion
|-resisted|p1a: Terrakion
|-damage|p1a: Terrakion|88/100
|c|☆niimiitsu|tais toi
|
|t:|1612636111
|switch|p2a: grand totem|Tapu Bulu|100/100|[from]move: U-turn
|-fieldstart|move: Grassy Terrain|[from] ability: Grassy Surge|[of] p2a: grand totem
|move|p1a: Terrakion|Stone Edge|p2a: grand totem
|-damage|p2a: grand totem|25/100
|
|-heal|p1a: Terrakion|94/100|[from] Grassy Terrain
|-heal|p2a: grand totem|31/100|[from] Grassy Terrain
|upkeep
|turn|2
|
|t:|1612636124
|switch|p2a: petit poney|Keldeo-Resolute|100/100
|move|p1a: Terrakion|Stone Edge|p2a: petit poney
|-resisted|p2a: petit poney
|-damage|p2a: petit poney|59/100
|
|-heal|p2a: petit poney|65/100|[from] Grassy Terrain
|-heal|p2a: petit poney|71/100|[from] item: Leftovers
|-heal|p1a: Terrakion|99/100|[from] Grassy Terrain
|upkeep
|turn|3
|
|t:|1612636135
|switch|p1a: Primarina|Primarina, F|100/100
|move|p2a: petit poney|Secret Sword|p1a: Primarina
|-resisted|p1a: Primarina
|-damage|p1a: Primarina|75/100
|
|-heal|p2a: petit poney|77/100|[from] Grassy Terrain
|-heal|p2a: petit poney|83/100|[from] item: Leftovers
|-heal|p1a: Primarina|81/100|[from] Grassy Terrain
|upkeep
|turn|4
|
|t:|1612636147
|switch|p2a: Médusa|Tentacruel, M|100/100
|move|p1a: Primarina|Psychic|p2a: Médusa
|-supereffective|p2a: Médusa
|-damage|p2a: Médusa|45/100
|
|-heal|p2a: Médusa|51/100|[from] Grassy Terrain
|-heal|p2a: Médusa|57/100|[from] item: Black Sludge
|-heal|p1a: Primarina|88/100|[from] Grassy Terrain
|upkeep
|turn|5
|
|t:|1612636164
|switch|p1a: Azelf|Azelf|100/100
|move|p2a: Médusa|Sludge Bomb|p1a: Azelf
|-damage|p1a: Azelf|63/100
|
|-heal|p2a: Médusa|63/100|[from] Grassy Terrain
|-heal|p2a: Médusa|69/100|[from] item: Black Sludge
|-fieldend|move: Grassy Terrain
|upkeep
|turn|6
|
|t:|1612636183
|switch|p2a: sa va faire mal|Victini|100/100
|move|p1a: Azelf|Psychic|p2a: sa va faire mal
|-resisted|p2a: sa va faire mal
|-damage|p2a: sa va faire mal|76/100
|-unboost|p2a: sa va faire mal|spd|1
|
|upkeep
|turn|7
|
|t:|1612636194
|switch|p1a: Terrakion|Terrakion|99/100
|move|p2a: sa va faire mal|V-create|p1a: Terrakion
|-resisted|p1a: Terrakion
|-damage|p1a: Terrakion|54/100
|-unboost|p2a: sa va faire mal|spe|1
|-unboost|p2a: sa va faire mal|def|1
|-unboost|p2a: sa va faire mal|spd|1
|
|upkeep
|turn|8
|
|t:|1612636209
|switch|p2a: ou est ma méga?|Scizor, F|100/100
|move|p1a: Terrakion|Stone Edge|p2a: ou est ma méga?|[miss]
|-miss|p1a: Terrakion|p2a: ou est ma méga?
|
|upkeep
|turn|9
|
|t:|1612636224
|switch|p1a: Thundurus|Thundurus-Therian, M|100/100
|move|p2a: ou est ma méga?|Knock Off|p1a: Thundurus
|-damage|p1a: Thundurus|30/100
|-enditem|p1a: Thundurus|Heavy-Duty Boots|[from] move: Knock Off|[of] p2a: ou est ma méga?
|-damage|p2a: ou est ma méga?|91/100|[from] item: Life Orb
|
|upkeep
|turn|10
|
|t:|1612636235
|switch|p1a: Scizor|Scizor, F|100/100
|switch|p2a: le caillou|Diancie|100/100
|
|upkeep
|turn|11
|
|t:|1612636248
|switch|p2a: grand totem|Tapu Bulu|31/100
|-fieldstart|move: Grassy Terrain|[from] ability: Grassy Surge|[of] p2a: grand totem
|move|p1a: Scizor|Knock Off|p2a: grand totem
|-resisted|p2a: grand totem
|-damage|p2a: grand totem|13/100
|-enditem|p2a: grand totem|Choice Band|[from] move: Knock Off|[of] p1a: Scizor
|
|-heal|p2a: grand totem|19/100|[from] Grassy Terrain
|upkeep
|turn|12
|
|t:|1612636265
|switch|p2a: sa va faire mal|Victini|76/100
|move|p1a: Scizor|Bullet Punch|p2a: sa va faire mal
|-resisted|p2a: sa va faire mal
|-damage|p2a: sa va faire mal|59/100
|
|-heal|p2a: sa va faire mal|65/100|[from] Grassy Terrain
|upkeep
|turn|13
|
|t:|1612636276
|switch|p1a: Chansey|Chansey, F|100/100
|move|p2a: sa va faire mal|V-create|p1a: Chansey
|-damage|p1a: Chansey|52/100
|-unboost|p2a: sa va faire mal|spe|1
|-unboost|p2a: sa va faire mal|def|1
|-unboost|p2a: sa va faire mal|spd|1
|
|-heal|p2a: sa va faire mal|71/100|[from] Grassy Terrain
|-heal|p1a: Chansey|58/100|[from] Grassy Terrain
|upkeep
|turn|14
|
|t:|1612636288
|switch|p2a: grand totem|Tapu Bulu|19/100
|move|p1a: Chansey|Wish|p1a: Chansey
|
|-heal|p2a: grand totem|26/100|[from] Grassy Terrain
|-heal|p1a: Chansey|64/100|[from] Grassy Terrain
|upkeep
|turn|15
|
|t:|1612636304
|switch|p1a: Scizor|Scizor, F|100/100
|move|p2a: grand totem|Horn Leech|p1a: Scizor
|-resisted|p1a: Scizor
|-damage|p1a: Scizor|85/100
|-heal|p2a: grand totem|34/100|[from] drain|[of] p1a: Scizor
|
|-heal|p1a: Scizor|100/100|[from] move: Wish|[wisher] Chansey
|-heal|p2a: grand totem|40/100|[from] Grassy Terrain
|-fieldend|move: Grassy Terrain
|upkeep
|turn|16
|
|t:|1612636320
|switch|p2a: Médusa|Tentacruel, M|69/100
|move|p1a: Scizor|Bug Bite|p2a: Médusa
|-resisted|p2a: Médusa
|-damage|p2a: Médusa|42/100
|
|-heal|p2a: Médusa|48/100|[from] item: Black Sludge
|upkeep
|turn|17
|
|t:|1612636330
|move|p2a: Médusa|Scald|p1a: Scizor
|-damage|p1a: Scizor|67/100
|-status|p1a: Scizor|brn
|move|p1a: Scizor|Swords Dance|p1a: Scizor
|-boost|p1a: Scizor|atk|2
|
|-heal|p2a: Médusa|54/100|[from] item: Black Sludge
|-damage|p1a: Scizor|61/100 brn|[from] brn
|upkeep
|turn|18
|
|t:|1612636339
|move|p2a: Médusa|Scald|p1a: Scizor
|-damage|p1a: Scizor|28/100 brn
|move|p1a: Scizor|Swords Dance|p1a: Scizor
|-boost|p1a: Scizor|atk|2
|
|-heal|p2a: Médusa|60/100|[from] item: Black Sludge
|-damage|p1a: Scizor|22/100 brn|[from] brn
|upkeep
|turn|19
|
|t:|1612636350
|move|p1a: Scizor|Bullet Punch|p2a: Médusa
|-resisted|p2a: Médusa
|-damage|p2a: Médusa|32/100
|move|p2a: Médusa|Scald|p1a: Scizor
|-damage|p1a: Scizor|0 fnt
|faint|p1a: Scizor
|
|-heal|p2a: Médusa|38/100|[from] item: Black Sludge
|upkeep
|
|t:|1612636359
|switch|p1a: Azelf|Azelf|63/100
|turn|20
|
|t:|1612636364
|switch|p2a: sa va faire mal|Victini|71/100
|move|p1a: Azelf|Stealth Rock|p2a: sa va faire mal
|-sidestart|p2: bioche80|move: Stealth Rock
|
|upkeep
|turn|21
|j| Gryphael
|
|t:|1612636379
|move|p2a: sa va faire mal|Bolt Strike|p1a: Azelf
|-damage|p1a: Azelf|9/100
|move|p1a: Azelf|Psychic|p2a: sa va faire mal
|-resisted|p2a: sa va faire mal
|-damage|p2a: sa va faire mal|47/100
|
|upkeep
|turn|22
|
|t:|1612636386
|switch|p1a: Thundurus|Thundurus-Therian, M|30/100
|move|p2a: sa va faire mal|Bolt Strike|p1a: Thundurus
|-heal|p1a: Thundurus|55/100|[from] ability: Volt Absorb|[of] p2a: sa va faire mal
|
|upkeep
|turn|23
|
|t:|1612636403
|switch|p2a: grand totem|Tapu Bulu|40/100
|-damage|p2a: grand totem|28/100|[from] Stealth Rock
|-fieldstart|move: Grassy Terrain|[from] ability: Grassy Surge|[of] p2a: grand totem
|move|p1a: Thundurus|Volt Switch|p2a: grand totem
|-resisted|p2a: grand totem
|-damage|p2a: grand totem|5/100
|
|t:|1612636436
|switch|p1a: Terrakion|Terrakion|54/100|[from]move: Volt Switch
|
|-heal|p1a: Terrakion|60/100|[from] Grassy Terrain
|-heal|p2a: grand totem|12/100|[from] Grassy Terrain
|upkeep
|turn|24
|
|t:|1612636443
|move|p1a: Terrakion|Close Combat|p2a: grand totem
|-resisted|p2a: grand totem
|-damage|p2a: grand totem|0 fnt
|-unboost|p1a: Terrakion|def|1
|-unboost|p1a: Terrakion|spd|1
|faint|p2a: grand totem
|
|-heal|p1a: Terrakion|66/100|[from] Grassy Terrain
|upkeep
|
|t:|1612636453
|switch|p2a: ou est ma méga?|Scizor, F|91/100
|-damage|p2a: ou est ma méga?|78/100|[from] Stealth Rock
|turn|25
|
|t:|1612636457
|move|p2a: ou est ma méga?|Bullet Punch|p1a: Terrakion
|-supereffective|p1a: Terrakion
|-damage|p1a: Terrakion|0 fnt
|-damage|p2a: ou est ma méga?|68/100|[from] item: Life Orb
|faint|p1a: Terrakion
|
|-heal|p2a: ou est ma méga?|75/100|[from] Grassy Terrain
|upkeep
|
|t:|1612636475
|switch|p1a: Primarina|Primarina, F|88/100
|turn|26
|
|t:|1612636482
|move|p2a: ou est ma méga?|Bullet Punch|p1a: Primarina
|-damage|p1a: Primarina|39/100
|-damage|p2a: ou est ma méga?|65/100|[from] item: Life Orb
|move|p1a: Primarina|Surf|p2a: ou est ma méga?
|-damage|p2a: ou est ma méga?|8/100
|
|-heal|p2a: ou est ma méga?|14/100|[from] Grassy Terrain
|-heal|p1a: Primarina|45/100|[from] Grassy Terrain
|upkeep
|turn|27
|
|t:|1612636494
|move|p2a: ou est ma méga?|Bullet Punch|p1a: Primarina
|-damage|p1a: Primarina|0 fnt
|-damage|p2a: ou est ma méga?|5/100|[from] item: Life Orb
|faint|p1a: Primarina
|
|-heal|p2a: ou est ma méga?|11/100|[from] Grassy Terrain
|-fieldend|move: Grassy Terrain
|upkeep
|
|t:|1612636502
|switch|p1a: Thundurus|Thundurus-Therian, M|55/100
|turn|28
|
|t:|1612636506
|move|p2a: ou est ma méga?|Bullet Punch|p1a: Thundurus
|-resisted|p1a: Thundurus
|-damage|p1a: Thundurus|23/100
|-damage|p2a: ou est ma méga?|1/100|[from] item: Life Orb
|move|p1a: Thundurus|Volt Switch|p2a: ou est ma méga?
|-damage|p2a: ou est ma méga?|0 fnt
|faint|p2a: ou est ma méga?
|
|t:|1612636515
|switch|p1a: Chansey|Chansey, F|64/100|[from]move: Volt Switch
|
|upkeep
|
|t:|1612636520
|switch|p2a: Médusa|Tentacruel, M|38/100
|-damage|p2a: Médusa|26/100|[from] Stealth Rock
|turn|29
|
|t:|1612636526
|switch|p1a: Thundurus|Thundurus-Therian, M|23/100
|move|p2a: Médusa|Rapid Spin|p1a: Thundurus
|-damage|p1a: Thundurus|13/100
|-boost|p2a: Médusa|spe|1
|-sideend|p2: bioche80|Stealth Rock|[from] move: Rapid Spin|[of] p2a: Médusa
|
|-heal|p2a: Médusa|32/100|[from] item: Black Sludge
|upkeep
|turn|30
|
|t:|1612636539
|switch|p1a: Chansey|Chansey, F|64/100
|move|p2a: Médusa|Sludge Bomb|p1a: Chansey
|-damage|p1a: Chansey|56/100
|
|-heal|p2a: Médusa|38/100|[from] item: Black Sludge
|upkeep
|turn|31
|
|t:|1612636550
|move|p2a: Médusa|Toxic|p1a: Chansey
|-status|p1a: Chansey|tox
|move|p1a: Chansey|Soft-Boiled|p1a: Chansey
|-heal|p1a: Chansey|100/100 tox
|
|-heal|p2a: Médusa|44/100|[from] item: Black Sludge
|-damage|p1a: Chansey|94/100 tox|[from] psn
|upkeep
|turn|32
|
|t:|1612636560
|switch|p2a: petit poney|Keldeo-Resolute|83/100
|move|p1a: Chansey|Wish|p1a: Chansey
|
|-heal|p2a: petit poney|89/100|[from] item: Leftovers
|-damage|p1a: Chansey|82/100 tox|[from] psn
|upkeep
|turn|33
|
|t:|1612636579
|move|p2a: petit poney|Secret Sword|p1a: Chansey
|-supereffective|p1a: Chansey
|-damage|p1a: Chansey|30/100 tox
|move|p1a: Chansey|Soft-Boiled|p1a: Chansey
|-heal|p1a: Chansey|80/100 tox
|
|-heal|p1a: Chansey|100/100 tox|[from] move: Wish|[wisher] Chansey
|-heal|p2a: petit poney|95/100|[from] item: Leftovers
|-damage|p1a: Chansey|82/100 tox|[from] psn
|upkeep
|turn|34
|
|t:|1612636592
|move|p2a: petit poney|Substitute|p2a: petit poney
|-start|p2a: petit poney|Substitute
|-damage|p2a: petit poney|70/100
|move|p1a: Chansey|Wish|p1a: Chansey
|
|-heal|p2a: petit poney|76/100|[from] item: Leftovers
|-damage|p1a: Chansey|58/100 tox|[from] psn
|upkeep
|turn|35
|
|t:|1612636601
|move|p2a: petit poney|Secret Sword|p1a: Chansey
|-supereffective|p1a: Chansey
|-damage|p1a: Chansey|1/100 tox
|move|p1a: Chansey|Seismic Toss|p2a: petit poney
|-end|p2a: petit poney|Substitute
|
|-heal|p1a: Chansey|51/100 tox|[from] move: Wish|[wisher] Chansey
|-heal|p2a: petit poney|82/100|[from] item: Leftovers
|-damage|p1a: Chansey|21/100 tox|[from] psn
|upkeep
|turn|36
|
|t:|1612636614
|move|p2a: petit poney|Substitute|p2a: petit poney
|-start|p2a: petit poney|Substitute
|-damage|p2a: petit poney|57/100
|move|p1a: Chansey|Seismic Toss|p2a: petit poney
|-end|p2a: petit poney|Substitute
|
|-heal|p2a: petit poney|63/100|[from] item: Leftovers
|-damage|p1a: Chansey|0 fnt|[from] psn
|faint|p1a: Chansey
|upkeep
|
|t:|1612636623
|switch|p1a: Azelf|Azelf|9/100
|turn|37
|
|t:|1612636640
|move|p1a: Azelf|Psychic|p2a: petit poney
|-supereffective|p2a: petit poney
|-damage|p2a: petit poney|0 fnt
|faint|p2a: petit poney
|
|upkeep
|
|t:|1612636644
|switch|p2a: sa va faire mal|Victini|47/100
|turn|38
|-message|niimiitsu forfeited.
|
|win|bioche80
|l|☆niimiitsu
|l| Gryphael
|raw|niimiitsu's rating: 1330 &rarr; <strong>1314</strong><br />(-16 for losing)
|raw|bioche80's rating: 1398 &rarr; <strong>1414</strong><br />(+16 for winning)
