|j|☆boonkbonkbonk
|j|☆Liz Angeles
|t:|1665875913
|gametype|singles
|player|p1|boonkbonkbonk|cyclistf-gen4|1396
|player|p2|Liz Angeles|marley|1631
|teamsize|p1|6
|teamsize|p2|6
|gen|8
|tier|[Gen 8] UU
|rated|
|rule|Sleep Clause Mod: Limit one foe put to sleep
|rule|Species Clause: Limit one of each Pokémon
|rule|OHKO Clause: OHKO moves are banned
|rule|Evasion Items Clause: Evasion items are banned
|rule|Evasion Moves Clause: Evasion moves are banned
|rule|Endless Battle Clause: Forcing endless battles is banned
|rule|HP Percentage Mod: HP is shown in percentages
|rule|Dynamax Clause: You cannot dynamax
|clearpoke
|poke|p1|Hydreigon, F|
|poke|p1|Nihilego|
|poke|p1|Amoonguss, F|
|poke|p1|Diggersby, F|
|poke|p1|Raikou|
|poke|p1|Skarmory, F|
|poke|p2|Hippowdon, F|
|poke|p2|Amoonguss, F|
|poke|p2|Moltres|
|poke|p2|Azumarill, F|
|poke|p2|Raikou|
|poke|p2|Excadrill, M|
|teampreview
|j| dexter1273
|l| dexter1273
|
|t:|1665875948
|start
|switch|p1a: Amoonguss|Amoonguss, F|100/100
|switch|p2a: Hailey|Azumarill, F|100/100
|turn|1
|
|t:|1665875972
|switch|p2a: Kristy|Raikou, shiny|100/100
|-ability|p2a: Kristy|Pressure
|move|p1a: Amoonguss|Spore|p2a: Kristy
|-status|p2a: Kristy|slp|[from] move: Spore
|
|upkeep
|turn|2
|
|t:|1665875978
|switch|p2a: Malediction|Amoonguss, F, shiny|100/100
|switch|p1a: Hydreigon|Hydreigon, F|100/100
|
|upkeep
|turn|3
|
|t:|1665875983
|switch|p1a: Amoonguss|Amoonguss, F|100/100
|move|p2a: Malediction|Spore|p1a: Amoonguss
|-immune|p1a: Amoonguss
|
|upkeep
|turn|4
|
|t:|1665875989
|move|p1a: Amoonguss|Sludge Bomb|p2a: Malediction
|-crit|p2a: Malediction
|-damage|p2a: Malediction|68/100
|move|p2a: Malediction|Sludge Bomb|p1a: Amoonguss
|-damage|p1a: Amoonguss|75/100
|
|-heal|p2a: Malediction|74/100|[from] item: Black Sludge
|upkeep
|turn|5
|
|t:|1665875992
|move|p1a: Amoonguss|Sludge Bomb|p2a: Malediction
|-damage|p2a: Malediction|50/100
|move|p2a: Malediction|Sludge Bomb|p1a: Amoonguss
|-damage|p1a: Amoonguss|48/100
|
|-heal|p2a: Malediction|57/100|[from] item: Black Sludge
|upkeep
|turn|6
|
|t:|1665875998
|switch|p1a: Nihilego|Nihilego|100/100
|switch|p2a: Kristy|Raikou, shiny|100/100 slp
|-ability|p2a: Kristy|Pressure
|
|upkeep
|turn|7
|
|t:|1665876002
|switch|p2a: Vince|Excadrill, M|100/100
|move|p1a: Nihilego|Stealth Rock|p2a: Vince
|-sidestart|p2: Liz Angeles|move: Stealth Rock
|
|upkeep
|turn|8
|
|t:|1665876007
|switch|p1a: Skarmory|Skarmory, F|100/100
|move|p2a: Vince|Swords Dance|p2a: Vince
|-boost|p2a: Vince|atk|2
|
|upkeep
|turn|9
|
|t:|1665876015
|move|p2a: Vince|Rock Slide|p1a: Skarmory
|-damage|p1a: Skarmory|67/100
|move|p1a: Skarmory|Iron Defense|p1a: Skarmory
|-boost|p1a: Skarmory|def|2
|
|upkeep
|turn|10
|
|t:|1665876023
|switch|p2a: Lock|Moltres|100/100
|move|p1a: Skarmory|Spikes|p2a: Lock
|-sidestart|p2: Liz Angeles|Spikes
|
|upkeep
|turn|11
|
|t:|1665876054
|switch|p1a: Nihilego|Nihilego|100/100
|move|p2a: Lock|Defog|p1a: Nihilego
|-unboost|p1a: Nihilego|evasion|1
|-sideend|p2: Liz Angeles|Spikes|[from] move: Defog|[of] p2a: Lock
|-sideend|p2: Liz Angeles|Stealth Rock|[from] move: Defog|[of] p2a: Lock
|
|upkeep
|turn|12
|
|t:|1665876056
|switch|p2a: Vince|Excadrill, M|100/100
|move|p1a: Nihilego|Stealth Rock|p2a: Vince
|-sidestart|p2: Liz Angeles|move: Stealth Rock
|
|upkeep
|turn|13
|
|t:|1665876063
|switch|p1a: Hydreigon|Hydreigon, F|100/100
|move|p2a: Vince|Swords Dance|p2a: Vince
|-boost|p2a: Vince|atk|2
|
|upkeep
|turn|14
|
|t:|1665876070
|switch|p2a: Lock|Moltres|100/100
|move|p1a: Hydreigon|Flamethrower|p2a: Lock
|-resisted|p2a: Lock
|-damage|p2a: Lock|76/100
|
|upkeep
|turn|15
|
|t:|1665876077
|switch|p1a: Nihilego|Nihilego|100/100
|switch|p2a: Vince|Excadrill, M|100/100
|-damage|p2a: Vince|97/100|[from] Stealth Rock
|
|-heal|p2a: Vince|100/100|[from] item: Leftovers
|upkeep
|turn|16
|
|t:|1665876081
|switch|p1a: Hydreigon|Hydreigon, F|100/100
|move|p2a: Vince|Swords Dance|p2a: Vince
|-boost|p2a: Vince|atk|2
|
|upkeep
|turn|17
|
|t:|1665876085
|move|p1a: Hydreigon|Flamethrower|p2a: Vince
|-supereffective|p2a: Vince
|-damage|p2a: Vince|0 fnt
|faint|p2a: Vince
|
|upkeep
|
|t:|1665876093
|switch|p2a: Hailey|Azumarill, F|100/100
|-damage|p2a: Hailey|88/100|[from] Stealth Rock
|turn|18
|
|t:|1665876098
|switch|p1a: Amoonguss|Amoonguss, F|81/100
|move|p2a: Hailey|Knock Off|p1a: Amoonguss
|-damage|p1a: Amoonguss|40/100
|-damage|p2a: Hailey|72/100|[from] item: Rocky Helmet|[of] p1a: Amoonguss
|-enditem|p1a: Amoonguss|Rocky Helmet|[from] move: Knock Off|[of] p2a: Hailey
|
|upkeep
|turn|19
|
|t:|1665876108
|switch|p2a: Lock|Moltres|76/100
|move|p1a: Amoonguss|Sludge Bomb|p2a: Lock
|-damage|p2a: Lock|46/100
|
|upkeep
|turn|20
|
|t:|1665876114
|switch|p1a: Nihilego|Nihilego|100/100
|move|p2a: Lock|Defog|p1a: Nihilego
|-unboost|p1a: Nihilego|evasion|1
|-sideend|p2: Liz Angeles|Stealth Rock|[from] move: Defog|[of] p2a: Lock
|
|upkeep
|turn|21
|
|t:|1665876121
|switch|p2a: Gloria|Hippowdon, F|100/100
|-weather|Sandstorm|[from] ability: Sand Stream|[of] p2a: Gloria
|move|p1a: Nihilego|Stealth Rock|p2a: Gloria
|-sidestart|p2: Liz Angeles|move: Stealth Rock
|
|-weather|Sandstorm|[upkeep]
|upkeep
|turn|22
|
|t:|1665876178
|switch|p1a: Skarmory|Skarmory, F|67/100
|move|p2a: Gloria|Stealth Rock|p1a: Skarmory
|-sidestart|p1: boonkbonkbonk|move: Stealth Rock
|
|-weather|Sandstorm|[upkeep]
|upkeep
|turn|23
|
|t:|1665876184
|switch|p2a: Lock|Moltres|46/100
|move|p1a: Skarmory|Spikes|p2a: Lock
|-sidestart|p2: Liz Angeles|Spikes
|
|-weather|Sandstorm|[upkeep]
|-damage|p2a: Lock|40/100|[from] Sandstorm
|upkeep
|turn|24
|
|t:|1665876197
|switch|p1a: Nihilego|Nihilego|100/100
|-damage|p1a: Nihilego|88/100|[from] Stealth Rock
|move|p2a: Lock|Roost|p2a: Lock
|-heal|p2a: Lock|90/100
|-singleturn|p2a: Lock|move: Roost
|
|-weather|Sandstorm|[upkeep]
|-damage|p2a: Lock|84/100|[from] Sandstorm
|-heal|p1a: Nihilego|94/100|[from] item: Black Sludge
|upkeep
|turn|25
|
|t:|1665876225
|move|p1a: Nihilego|Power Gem|p2a: Lock
|-supereffective|p2a: Lock
|-damage|p2a: Lock|0 fnt
|faint|p2a: Lock
|-ability|p1a: Nihilego|Beast Boost|boost
|-boost|p1a: Nihilego|spe|1
|
|-weather|none
|-heal|p1a: Nihilego|99/100|[from] item: Black Sludge
|upkeep
|-message|Liz Angeles forfeited.
|
|win|boonkbonkbonk
|raw|boonkbonkbonk's rating: 1396 &rarr; <strong>1427</strong><br />(+31 for winning)
|raw|Liz Angeles's rating: 1607 &rarr; <strong>1576</strong><br />(-31 for losing)
|l|☆Liz Angeles
