|raw|<div class="broadcast-blue"><strong>This battle is required to be public due to a player having a name starting with 'uult94a'.</div>
|j|☆UULT94A Stone
|j|☆galactest bro !
|t:|1653844052
|gametype|singles
|player|p1|UULT94A Stone|steven-gen3|1535
|player|p2|galactest bro !|dragontamer|1499
|teamsize|p1|6
|teamsize|p2|6
|gen|8
|tier|[Gen 8] UU
|rated|
|rule|Sleep Clause Mod: Limit one foe put to sleep
|rule|Species Clause: Limit one of each Pokémon
|rule|OHKO Clause: OHKO moves are banned
|rule|Evasion Moves Clause: Evasion moves are banned
|rule|Endless Battle Clause: Forcing endless battles is banned
|rule|HP Percentage Mod: HP is shown in percentages
|rule|Dynamax Clause: You cannot dynamax
|clearpoke
|poke|p1|Torkoal, F|
|poke|p1|Hatterene, F|
|poke|p1|Darmanitan, M|
|poke|p1|Venusaur, F|
|poke|p1|Swampert, F|
|poke|p1|Celesteela|
|poke|p2|Aegislash, M|
|poke|p2|Diggersby, F|
|poke|p2|Crobat, M|
|poke|p2|Slowking, M|
|poke|p2|Amoonguss, F|
|poke|p2|Nihilego|
|teampreview
|inactive|Battle timer is ON: inactive players will automatically lose when time's up. (requested by UULT94A Stone)
|
|t:|1653844081
|start
|switch|p1a: Darmanitan|Darmanitan, M|100/100
|switch|p2a: Nihilego|Nihilego|100/100
|turn|1
|j| opela
|
|t:|1653844091
|switch|p2a: Slowking|Slowking, M|100/100
|move|p1a: Darmanitan|U-turn|p2a: Slowking
|-supereffective|p2a: Slowking
|-damage|p2a: Slowking|65/100
|j| Micciu20250
|
|t:|1653844100
|switch|p1a: Swampert|Swampert, F|100/100|[from]move: U-turn
|
|upkeep
|turn|2
|
|t:|1653844107
|move|p1a: Swampert|Stealth Rock|p2a: Slowking
|-sidestart|p2: galactest bro !|move: Stealth Rock
|move|p2a: Slowking|Scald|p1a: Swampert
|-damage|p1a: Swampert|83/100
|
|-heal|p1a: Swampert|89/100|[from] item: Leftovers
|upkeep
|turn|3
|
|t:|1653844119
|move|p1a: Swampert|Flip Turn|p2a: Slowking
|-resisted|p2a: Slowking
|-damage|p2a: Slowking|56/100
|
|t:|1653844141
|switch|p1a: Torkoal|Torkoal, F|100/100|[from]move: Flip Turn
|-weather|SunnyDay|[from] ability: Drought|[of] p1a: Torkoal
|move|p2a: Slowking|Future Sight|p1a: Torkoal
|-start|p2a: Slowking|move: Future Sight
|
|-weather|SunnyDay|[upkeep]
|upkeep
|turn|4
|
|t:|1653844154
|switch|p1a: Celesteela|Celesteela|100/100
|move|p2a: Slowking|Teleport|p2a: Slowking
|
|t:|1653844172
|switch|p2a: Diggersby|Diggersby, F|100/100|[from]move: Teleport
|-damage|p2a: Diggersby|94/100|[from] Stealth Rock
|
|-weather|SunnyDay|[upkeep]
|upkeep
|turn|5
|j| soolking
|
|t:|1653844182
|move|p1a: Celesteela|Protect|p1a: Celesteela
|-singleturn|p1a: Celesteela|Protect
|move|p2a: Diggersby|Fire Punch|p1a: Celesteela
|-activate|p1a: Celesteela|move: Protect
|
|-weather|SunnyDay|[upkeep]
|-end|p1a: Celesteela|move: Future Sight
|-resisted|p1a: Celesteela
|-damage|p1a: Celesteela|84/100
|-heal|p1a: Celesteela|90/100|[from] item: Leftovers
|upkeep
|turn|6
|l| soolking
|
|t:|1653844201
|switch|p2a: Crobat|Crobat, M|100/100
|switch|p1a: Torkoal|Torkoal, F|100/100
|
|-weather|SunnyDay|[upkeep]
|upkeep
|turn|7
|
|t:|1653844208
|move|p2a: Crobat|U-turn|p1a: Torkoal
|-resisted|p1a: Torkoal
|-damage|p1a: Torkoal|95/100
|
|t:|1653844212
|switch|p2a: Slowking|Slowking, M|90/100|[from]move: U-turn
|move|p1a: Torkoal|Lava Plume|p2a: Slowking
|-resisted|p2a: Slowking
|-damage|p2a: Slowking|75/100
|
|-weather|SunnyDay|[upkeep]
|upkeep
|turn|8
|
|t:|1653844227
|switch|p1a: Darmanitan|Darmanitan, M|100/100
|move|p2a: Slowking|Future Sight|p1a: Darmanitan
|-start|p2a: Slowking|move: Future Sight
|
|-weather|SunnyDay|[upkeep]
|upkeep
|turn|9
|
|t:|1653844238
|move|p1a: Darmanitan|Flare Blitz|p2a: Slowking
|-resisted|p2a: Slowking
|-damage|p2a: Slowking|26/100
|-damage|p1a: Darmanitan|82/100|[from] Recoil
|move|p2a: Slowking|Slack Off|p2a: Slowking
|-heal|p2a: Slowking|76/100
|
|-weather|SunnyDay|[upkeep]
|upkeep
|turn|10
|
|t:|1653844261
|switch|p1a: Celesteela|Celesteela|90/100
|move|p2a: Slowking|Scald|p1a: Celesteela
|-damage|p1a: Celesteela|81/100
|-status|p1a: Celesteela|brn
|
|-weather|none
|-end|p1a: Celesteela|move: Future Sight
|-resisted|p1a: Celesteela
|-damage|p1a: Celesteela|67/100 brn
|-heal|p1a: Celesteela|73/100 brn|[from] item: Leftovers
|-damage|p1a: Celesteela|67/100 brn|[from] brn
|upkeep
|turn|11
|
|t:|1653844275
|switch|p1a: Torkoal|Torkoal, F|95/100
|-weather|SunnyDay|[from] ability: Drought|[of] p1a: Torkoal
|move|p2a: Slowking|Teleport|p2a: Slowking
|
|t:|1653844283
|switch|p2a: Diggersby|Diggersby, F|94/100|[from]move: Teleport
|-damage|p2a: Diggersby|88/100|[from] Stealth Rock
|
|-weather|SunnyDay|[upkeep]
|upkeep
|turn|12
|
|t:|1653844291
|switch|p1a: Celesteela|Celesteela|67/100 brn
|move|p2a: Diggersby|Body Slam|p1a: Celesteela
|-resisted|p1a: Celesteela
|-damage|p1a: Celesteela|36/100 brn
|
|-weather|SunnyDay|[upkeep]
|-heal|p1a: Celesteela|42/100 brn|[from] item: Leftovers
|-damage|p1a: Celesteela|36/100 brn|[from] brn
|upkeep
|turn|13
|
|t:|1653844304
|move|p2a: Diggersby|Body Slam|p1a: Celesteela
|-resisted|p1a: Celesteela
|-damage|p1a: Celesteela|5/100 brn
|move|p1a: Celesteela|Leech Seed|p2a: Diggersby
|-start|p2a: Diggersby|move: Leech Seed
|
|-weather|SunnyDay|[upkeep]
|-heal|p1a: Celesteela|11/100 brn|[from] item: Leftovers
|-damage|p2a: Diggersby|76/100|[from] Leech Seed|[of] p1a: Celesteela
|-heal|p1a: Celesteela|21/100 brn|[silent]
|-damage|p1a: Celesteela|15/100 brn|[from] brn
|upkeep
|turn|14
|
|t:|1653844315
|switch|p2a: Slowking|Slowking, M|100/100
|move|p1a: Celesteela|Protect||[still]
|-fail|p1a: Celesteela
|
|-weather|SunnyDay|[upkeep]
|-heal|p1a: Celesteela|21/100 brn|[from] item: Leftovers
|-damage|p1a: Celesteela|15/100 brn|[from] brn
|upkeep
|turn|15
|
|t:|1653844322
|move|p1a: Celesteela|Leech Seed|p2a: Slowking
|-start|p2a: Slowking|move: Leech Seed
|move|p2a: Slowking|Teleport|p2a: Slowking
|
|t:|1653844329
|switch|p2a: Diggersby|Diggersby, F|76/100|[from]move: Teleport
|-damage|p2a: Diggersby|70/100|[from] Stealth Rock
|
|-weather|SunnyDay|[upkeep]
|-heal|p1a: Celesteela|21/100 brn|[from] item: Leftovers
|-damage|p1a: Celesteela|15/100 brn|[from] brn
|upkeep
|turn|16
|
|t:|1653844337
|move|p2a: Diggersby|Body Slam|p1a: Celesteela
|-resisted|p1a: Celesteela
|-damage|p1a: Celesteela|0 fnt
|faint|p1a: Celesteela
|
|-weather|SunnyDay|[upkeep]
|upkeep
|
|t:|1653844342
|switch|p1a: Venusaur|Venusaur, F|100/100
|turn|17
|
|t:|1653844363
|switch|p2a: Crobat|Crobat, M|100/100
|move|p1a: Venusaur|Giga Drain|p2a: Crobat
|-resisted|p2a: Crobat
|-damage|p2a: Crobat|85/100
|-damage|p1a: Venusaur|91/100|[from] item: Life Orb
|
|-weather|SunnyDay|[upkeep]
|upkeep
|turn|18
|
|t:|1653844377
|switch|p1a: Swampert|Swampert, F|89/100
|move|p2a: Crobat|Defog|p1a: Swampert
|-unboost|p1a: Swampert|evasion|1
|-sideend|p2: galactest bro !|Stealth Rock|[from] move: Defog|[of] p2a: Crobat
|
|-weather|none
|-heal|p1a: Swampert|96/100|[from] item: Leftovers
|upkeep
|turn|19
|
|t:|1653844400
|move|p2a: Crobat|U-turn|p1a: Swampert
|-damage|p1a: Swampert|77/100
|inactive|galactest bro ! has 120 seconds left.
|
|t:|1653844412
|switch|p2a: Amoonguss|Amoonguss, F|100/100|[from]move: U-turn
|move|p1a: Swampert|Flip Turn|p2a: Amoonguss
|-resisted|p2a: Amoonguss
|-damage|p2a: Amoonguss|92/100
|-damage|p1a: Swampert|61/100|[from] item: Rocky Helmet|[of] p2a: Amoonguss
|
|t:|1653844416
|switch|p1a: Darmanitan|Darmanitan, M|82/100|[from]move: Flip Turn
|
|upkeep
|turn|20
|
|t:|1653844427
|switch|p2a: Slowking|Slowking, M|100/100
|move|p1a: Darmanitan|Flare Blitz|p2a: Slowking
|-resisted|p2a: Slowking
|-damage|p2a: Slowking|69/100
|-damage|p1a: Darmanitan|71/100|[from] Recoil
|
|upkeep
|turn|21
|j| Pokemh
|
|t:|1653844435
|switch|p1a: Swampert|Swampert, F|61/100
|move|p2a: Slowking|Future Sight|p1a: Swampert
|-start|p2a: Slowking|move: Future Sight
|
|-heal|p1a: Swampert|67/100|[from] item: Leftovers
|upkeep
|turn|22
|
|t:|1653844454
|move|p1a: Swampert|Stealth Rock|p2a: Slowking
|-sidestart|p2: galactest bro !|move: Stealth Rock
|move|p2a: Slowking|Scald|p1a: Swampert
|-damage|p1a: Swampert|50/100
|
|-heal|p1a: Swampert|56/100|[from] item: Leftovers
|upkeep
|turn|23
|
|t:|1653844462
|switch|p2a: Amoonguss|Amoonguss, F|100/100
|-damage|p2a: Amoonguss|88/100|[from] Stealth Rock
|move|p1a: Swampert|Earthquake|p2a: Amoonguss
|-damage|p2a: Amoonguss|62/100
|
|-end|p1a: Swampert|move: Future Sight
|-damage|p1a: Swampert|31/100
|-heal|p1a: Swampert|37/100|[from] item: Leftovers
|upkeep
|turn|24
|
|t:|1653844476
|move|p1a: Swampert|Ice Beam|p2a: Amoonguss
|-supereffective|p2a: Amoonguss
|-damage|p2a: Amoonguss|32/100
|move|p2a: Amoonguss|Sludge Bomb|p1a: Swampert
|-resisted|p1a: Swampert
|-damage|p1a: Swampert|29/100
|
|-heal|p1a: Swampert|35/100|[from] item: Leftovers
|upkeep
|turn|25
|l| Pokemh
|
|t:|1653844487
|switch|p2a: Slowking|Slowking, M|100/100
|move|p1a: Swampert|Flip Turn|p2a: Slowking
|-resisted|p2a: Slowking
|-damage|p2a: Slowking|92/100
|
|t:|1653844494
|switch|p1a: Venusaur|Venusaur, F|91/100|[from]move: Flip Turn
|
|upkeep
|turn|26
|
|t:|1653844502
|switch|p1a: Torkoal|Torkoal, F|95/100
|-weather|SunnyDay|[from] ability: Drought|[of] p1a: Torkoal
|switch|p2a: Crobat|Crobat, M|85/100
|
|-weather|SunnyDay|[upkeep]
|upkeep
|turn|27
|
|t:|1653844510
|move|p2a: Crobat|U-turn|p1a: Torkoal
|-resisted|p1a: Torkoal
|-damage|p1a: Torkoal|90/100
|
|t:|1653844513
|switch|p2a: Slowking|Slowking, M|100/100|[from]move: U-turn
|move|p1a: Torkoal|Lava Plume|p2a: Slowking
|-resisted|p2a: Slowking
|-damage|p2a: Slowking|85/100
|
|-weather|SunnyDay|[upkeep]
|upkeep
|turn|28
|
|t:|1653844520
|switch|p1a: Venusaur|Venusaur, F|91/100
|move|p2a: Slowking|Future Sight|p1a: Venusaur
|-start|p2a: Slowking|move: Future Sight
|
|-weather|SunnyDay|[upkeep]
|upkeep
|turn|29
|
|t:|1653844535
|switch|p2a: Aegislash|Aegislash, M|100/100
|-damage|p2a: Aegislash|94/100|[from] Stealth Rock
|move|p1a: Venusaur|Weather Ball|p2a: Aegislash
|-supereffective|p2a: Aegislash
|-damage|p2a: Aegislash|0 fnt
|faint|p2a: Aegislash
|-damage|p1a: Venusaur|81/100|[from] item: Life Orb
|
|-weather|SunnyDay|[upkeep]
|upkeep
|
|t:|1653844550
|switch|p2a: Nihilego|Nihilego|100/100
|-damage|p2a: Nihilego|88/100|[from] Stealth Rock
|turn|30
|inactive|UULT94A Stone has 120 seconds left.
|
|t:|1653844597
|switch|p1a: Darmanitan|Darmanitan, M|71/100
|move|p2a: Nihilego|Stealth Rock|p1a: Darmanitan
|-sidestart|p1: UULT94A Stone|move: Stealth Rock
|
|-weather|SunnyDay|[upkeep]
|-end|p1a: Darmanitan|move: Future Sight
|-damage|p1a: Darmanitan|11/100
|-heal|p2a: Nihilego|94/100|[from] item: Leftovers
|upkeep
|turn|31
|
|t:|1653844613
|switch|p2a: Slowking|Slowking, M|100/100
|move|p1a: Darmanitan|Flare Blitz|p2a: Slowking
|-resisted|p2a: Slowking
|-damage|p2a: Slowking|55/100
|-damage|p1a: Darmanitan|0 fnt|[from] Recoil
|faint|p1a: Darmanitan
|
|-weather|SunnyDay|[upkeep]
|upkeep
|
|t:|1653844617
|switch|p1a: Venusaur|Venusaur, F|81/100
|-damage|p1a: Venusaur|68/100|[from] Stealth Rock
|turn|32
|
|t:|1653844649
|switch|p2a: Nihilego|Nihilego|94/100
|-damage|p2a: Nihilego|82/100|[from] Stealth Rock
|move|p1a: Venusaur|Growth|p1a: Venusaur
|-boost|p1a: Venusaur|atk|2
|-boost|p1a: Venusaur|spa|2
|
|-weather|SunnyDay|[upkeep]
|-heal|p2a: Nihilego|88/100|[from] item: Leftovers
|upkeep
|turn|33
|
|t:|1653844658
|move|p1a: Venusaur|Giga Drain|p2a: Nihilego
|-damage|p2a: Nihilego|19/100
|-heal|p1a: Venusaur|100/100|[from] drain|[of] p2a: Nihilego
|-damage|p1a: Venusaur|91/100|[from] item: Life Orb
|move|p2a: Nihilego|Sludge Bomb|p1a: Venusaur
|-damage|p1a: Venusaur|36/100
|
|-weather|none
|-heal|p2a: Nihilego|26/100|[from] item: Leftovers
|upkeep
|turn|34
|inactive|UULT94A Stone has 120 seconds left.
|
|t:|1653844680
|switch|p1a: Torkoal|Torkoal, F|90/100
|-damage|p1a: Torkoal|65/100|[from] Stealth Rock
|-weather|SunnyDay|[from] ability: Drought|[of] p1a: Torkoal
|move|p2a: Nihilego|Sludge Bomb|p1a: Torkoal
|-damage|p1a: Torkoal|5/100
|-status|p1a: Torkoal|psn
|
|-weather|SunnyDay|[upkeep]
|-heal|p2a: Nihilego|32/100|[from] item: Leftovers
|-damage|p1a: Torkoal|0 fnt|[from] psn
|faint|p1a: Torkoal
|upkeep
|j| Pokemh
|
|t:|1653844690
|switch|p1a: Venusaur|Venusaur, F|36/100
|-damage|p1a: Venusaur|24/100|[from] Stealth Rock
|turn|35
|inactive|galactest bro ! has 120 seconds left.
|
|t:|1653844720
|switch|p2a: Crobat|Crobat, M|85/100
|move|p1a: Venusaur|Giga Drain|p2a: Crobat
|-resisted|p2a: Crobat
|-damage|p2a: Crobat|70/100
|-heal|p1a: Venusaur|32/100|[from] drain|[of] p2a: Crobat
|-damage|p1a: Venusaur|22/100|[from] item: Life Orb
|
|-weather|SunnyDay|[upkeep]
|upkeep
|turn|36
|inactive|galactest bro ! has 120 seconds left.
|
|t:|1653844729
|move|p1a: Venusaur|Weather Ball|p2a: Crobat
|-damage|p2a: Crobat|0 fnt
|faint|p2a: Crobat
|-damage|p1a: Venusaur|12/100|[from] item: Life Orb
|
|-weather|SunnyDay|[upkeep]
|upkeep
|inactive|galactest bro ! has 120 seconds left.
|
|t:|1653844736
|switch|p2a: Diggersby|Diggersby, F|70/100
|-damage|p2a: Diggersby|64/100|[from] Stealth Rock
|turn|37
|
|t:|1653844745
|move|p2a: Diggersby|Quick Attack|p1a: Venusaur
|-crit|p1a: Venusaur
|-damage|p1a: Venusaur|0 fnt
|faint|p1a: Venusaur
|
|-weather|SunnyDay|[upkeep]
|upkeep
|
|t:|1653844753
|switch|p1a: Hatterene|Hatterene, F|100/100
|-damage|p1a: Hatterene|88/100|[from] Stealth Rock
|turn|38
|inactive|UULT94A Stone has 120 seconds left.
|
|t:|1653844765
|switch|p2a: Nihilego|Nihilego|32/100
|-damage|p2a: Nihilego|19/100|[from] Stealth Rock
|move|p1a: Hatterene|Psyshock|p2a: Nihilego
|-supereffective|p2a: Nihilego
|-damage|p2a: Nihilego|0 fnt
|faint|p2a: Nihilego
|
|-weather|SunnyDay|[upkeep]
|-heal|p1a: Hatterene|94/100|[from] item: Leftovers
|upkeep
|
|t:|1653844775
|switch|p2a: Diggersby|Diggersby, F|64/100
|-damage|p2a: Diggersby|58/100|[from] Stealth Rock
|turn|39
|inactive|UULT94A Stone has 120 seconds left.
|
|t:|1653844796
|move|p2a: Diggersby|Earthquake|p1a: Hatterene
|-damage|p1a: Hatterene|6/100
|move|p1a: Hatterene|Psyshock|p2a: Diggersby
|-damage|p2a: Diggersby|5/100
|
|-weather|SunnyDay|[upkeep]
|-heal|p1a: Hatterene|12/100|[from] item: Leftovers
|upkeep
|turn|40
|c|☆galactest bro !|gg
|
|t:|1653844804
|move|p2a: Diggersby|Earthquake|p1a: Hatterene
|-damage|p1a: Hatterene|0 fnt
|faint|p1a: Hatterene
|
|-weather|SunnyDay|[upkeep]
|upkeep
|c|☆UULT94A Stone|=
|-message|UULT94A Stone forfeited.
|
|win|galactest bro !
|raw|UULT94A Stone's rating: 1535 &rarr; <strong>1513</strong><br />(-22 for losing)
|raw|galactest bro !'s rating: 1499 &rarr; <strong>1521</strong><br />(+22 for winning)
|c|☆galactest bro !|it's just a game ^^
|c|☆UULT94A Stone|That means same lol
|l| Pokemh
||Ladder isn't responding, score probably updated but might not have (Request timeout).
