|j|☆uult91w mush
|j|☆UULT91wpokemonisfu
|t:|1651888393
|gametype|singles
|player|p1|uult91w mush|adaman|1488
|player|p2|UULT91wpokemonisfu|1|1665
|teamsize|p1|6
|teamsize|p2|6
|gen|8
|tier|[Gen 8] UU
|rated|
|rule|Sleep Clause Mod: Limit one foe put to sleep
|rule|Species Clause: Limit one of each Pokémon
|rule|OHKO Clause: OHKO moves are banned
|rule|Evasion Moves Clause: Evasion moves are banned
|rule|Endless Battle Clause: Forcing endless battles is banned
|rule|HP Percentage Mod: HP is shown in percentages
|rule|Dynamax Clause: You cannot dynamax
|clearpoke
|poke|p1|Scizor, M|
|poke|p1|Hydreigon, M|
|poke|p1|Thundurus-Therian, M|
|poke|p1|Starmie|
|poke|p1|Hippowdon, M|
|poke|p1|Amoonguss, F|
|poke|p2|Scrafty, F|
|poke|p2|Zygarde-10%|
|poke|p2|Slowking, F|
|poke|p2|Celebi|
|poke|p2|Moltres|
|poke|p2|Registeel|
|teampreview
|c|☆uult91w mush|hf
|inactive|Battle timer is ON: inactive players will automatically lose when time's up. (requested by uult91w mush)
|j|+avarice
|j| hariyana grande
|c|☆UULT91wpokemonisfu|hf nice to see you again
|j| UULT91W ASK
|c|☆uult91w mush|thanks
|j| mncmt
|
|t:|1651888422
|start
|switch|p1a: Thundurus|Thundurus-Therian, M|100/100
|switch|p2a: think PINK|Slowking, F|100/100
|turn|1
|
|t:|1651888441
|move|p1a: Thundurus|Grass Knot|p2a: think PINK
|-supereffective|p2a: think PINK
|-damage|p2a: think PINK|53/100
|move|p2a: think PINK|Teleport|p2a: think PINK
|
|t:|1651888450
|switch|p2a: funion onion|Celebi|100/100|[from]move: Teleport
|
|upkeep
|turn|2
|
|t:|1651888458
|move|p1a: Thundurus|Volt Switch|p2a: funion onion
|-resisted|p2a: funion onion
|-damage|p2a: funion onion|80/100
|
|t:|1651888460
|switch|p1a: Scizor|Scizor, M|100/100|[from]move: Volt Switch
|move|p2a: funion onion|Stealth Rock|p1a: Scizor
|-sidestart|p1: uult91w mush|move: Stealth Rock
|
|-heal|p2a: funion onion|86/100|[from] item: Leftovers
|upkeep
|turn|3
|
|t:|1651888475
|switch|p2a: moltres leche|Moltres|100/100
|move|p1a: Scizor|Knock Off|p2a: moltres leche
|-damage|p2a: moltres leche|64/100
|-enditem|p2a: moltres leche|Heavy-Duty Boots|[from] move: Knock Off|[of] p1a: Scizor
|
|upkeep
|turn|4
|j| turtledoggo1
|
|t:|1651888485
|move|p2a: moltres leche|Hurricane|p1a: Scizor|[miss]
|-miss|p2a: moltres leche|p1a: Scizor
|move|p1a: Scizor|U-turn|p2a: moltres leche
|-resisted|p2a: moltres leche
|-damage|p2a: moltres leche|55/100
|
|t:|1651888490
|switch|p1a: Hippowdon|Hippowdon, M|100/100|[from]move: U-turn
|-damage|p1a: Hippowdon|94/100|[from] Stealth Rock
|-weather|Sandstorm|[from] ability: Sand Stream|[of] p1a: Hippowdon
|
|-weather|Sandstorm|[upkeep]
|-damage|p2a: moltres leche|49/100|[from] Sandstorm
|-heal|p1a: Hippowdon|100/100|[from] item: Leftovers
|upkeep
|turn|5
|
|t:|1651888497
|switch|p2a: hissy wissy|Scrafty, F|100/100
|move|p1a: Hippowdon|Stealth Rock|p2a: hissy wissy
|-sidestart|p2: UULT91wpokemonisfu|move: Stealth Rock
|
|-weather|Sandstorm|[upkeep]
|-damage|p2a: hissy wissy|95/100|[from] Sandstorm
|-heal|p2a: hissy wissy|100/100|[from] item: Leftovers
|upkeep
|turn|6
|
|t:|1651888512
|move|p2a: hissy wissy|Bulk Up|p2a: hissy wissy
|-boost|p2a: hissy wissy|atk|1
|-boost|p2a: hissy wissy|def|1
|move|p1a: Hippowdon|Toxic|p2a: hissy wissy
|-status|p2a: hissy wissy|tox
|
|-weather|Sandstorm|[upkeep]
|-damage|p2a: hissy wissy|95/100 tox|[from] Sandstorm
|-activate|p2a: hissy wissy|ability: Shed Skin
|-curestatus|p2a: hissy wissy|tox|[msg]
|-heal|p2a: hissy wissy|100/100|[from] item: Leftovers
|upkeep
|turn|7
|
|t:|1651888518
|move|p2a: hissy wissy|Bulk Up|p2a: hissy wissy
|-boost|p2a: hissy wissy|atk|1
|-boost|p2a: hissy wissy|def|1
|move|p1a: Hippowdon|Toxic|p2a: hissy wissy
|-status|p2a: hissy wissy|tox
|
|-weather|Sandstorm|[upkeep]
|-damage|p2a: hissy wissy|95/100 tox|[from] Sandstorm
|-heal|p2a: hissy wissy|100/100 tox|[from] item: Leftovers
|-damage|p2a: hissy wissy|95/100 tox|[from] psn
|upkeep
|turn|8
|
|t:|1651888530
|switch|p1a: Hydreigon|Hydreigon, M|100/100
|-damage|p1a: Hydreigon|88/100|[from] Stealth Rock
|move|p2a: hissy wissy|Knock Off|p1a: Hydreigon
|-resisted|p1a: Hydreigon
|-damage|p1a: Hydreigon|52/100
|-enditem|p1a: Hydreigon|Choice Scarf|[from] move: Knock Off|[of] p2a: hissy wissy
|
|-weather|none
|-heal|p2a: hissy wissy|100/100 tox|[from] item: Leftovers
|-damage|p2a: hissy wissy|89/100 tox|[from] psn
|upkeep
|turn|9
|j| Ibleachyourskin
|
|t:|1651888536
|move|p1a: Hydreigon|U-turn|p2a: hissy wissy
|-damage|p2a: hissy wissy|82/100 tox
|
|t:|1651888538
|switch|p1a: Thundurus|Thundurus-Therian, M|100/100|[from]move: U-turn
|move|p2a: hissy wissy|Drain Punch|p1a: Thundurus
|-resisted|p1a: Thundurus
|-damage|p1a: Thundurus|63/100
|-heal|p2a: hissy wissy|98/100 tox|[from] drain|[of] p1a: Thundurus
|
|-activate|p2a: hissy wissy|ability: Shed Skin
|-curestatus|p2a: hissy wissy|tox|[msg]
|-heal|p2a: hissy wissy|100/100|[from] item: Leftovers
|upkeep
|turn|10
|
|t:|1651888541
|move|p1a: Thundurus|Focus Blast|p2a: hissy wissy
|-supereffective|p2a: hissy wissy
|-damage|p2a: hissy wissy|42/100
|move|p2a: hissy wissy|Knock Off|p1a: Thundurus
|-damage|p1a: Thundurus|0 fnt
|-enditem|p1a: Thundurus|Heavy-Duty Boots|[from] move: Knock Off|[of] p2a: hissy wissy
|faint|p1a: Thundurus
|
|-heal|p2a: hissy wissy|48/100|[from] item: Leftovers
|upkeep
|
|t:|1651888547
|switch|p1a: Starmie|Starmie|100/100
|-damage|p1a: Starmie|88/100|[from] Stealth Rock
|turn|11
|
|t:|1651888554
|move|p1a: Starmie|Hydro Pump|p2a: hissy wissy
|-damage|p2a: hissy wissy|5/100
|-damage|p1a: Starmie|78/100|[from] item: Life Orb
|move|p2a: hissy wissy|Knock Off|p1a: Starmie
|-supereffective|p1a: Starmie
|-damage|p1a: Starmie|0 fnt
|-enditem|p1a: Starmie|Life Orb|[from] move: Knock Off|[of] p2a: hissy wissy
|faint|p1a: Starmie
|
|-heal|p2a: hissy wissy|11/100|[from] item: Leftovers
|upkeep
|
|t:|1651888559
|switch|p1a: Scizor|Scizor, M|100/100
|-damage|p1a: Scizor|88/100|[from] Stealth Rock
|turn|12
|
|t:|1651888567
|switch|p2a: moltres leche|Moltres|49/100
|-damage|p2a: moltres leche|0 fnt|[from] Stealth Rock
|faint|p2a: moltres leche
|move|p1a: Scizor|Bullet Punch|p2: moltres leche|[notarget]
|-fail|p1a: Scizor
|
|upkeep
|
|t:|1651888568
|switch|p2a: stanky clanky|Registeel|100/100
|-damage|p2a: stanky clanky|94/100|[from] Stealth Rock
|turn|13
|
|t:|1651888575
|move|p1a: Scizor|Knock Off|p2a: stanky clanky
|-crit|p2a: stanky clanky
|-damage|p2a: stanky clanky|65/100
|-enditem|p2a: stanky clanky|Chesto Berry|[from] move: Knock Off|[of] p1a: Scizor
|move|p2a: stanky clanky|Amnesia|p2a: stanky clanky
|-boost|p2a: stanky clanky|spd|2
|
|upkeep
|turn|14
|j| Romain45
|
|t:|1651888578
|move|p1a: Scizor|U-turn|p2a: stanky clanky
|-resisted|p2a: stanky clanky
|-damage|p2a: stanky clanky|55/100
|
|t:|1651888580
|switch|p1a: Hippowdon|Hippowdon, M|100/100|[from]move: U-turn
|-damage|p1a: Hippowdon|94/100|[from] Stealth Rock
|-weather|Sandstorm|[from] ability: Sand Stream|[of] p1a: Hippowdon
|move|p2a: stanky clanky|Iron Defense|p2a: stanky clanky
|-boost|p2a: stanky clanky|def|2
|
|-weather|Sandstorm|[upkeep]
|-heal|p1a: Hippowdon|100/100|[from] item: Leftovers
|upkeep
|turn|15
|
|t:|1651888584
|move|p2a: stanky clanky|Iron Defense|p2a: stanky clanky
|-boost|p2a: stanky clanky|def|2
|move|p1a: Hippowdon|Earthquake|p2a: stanky clanky
|-supereffective|p2a: stanky clanky
|-damage|p2a: stanky clanky|42/100
|
|-weather|Sandstorm|[upkeep]
|upkeep
|turn|16
|
|t:|1651888594
|move|p2a: stanky clanky|Body Press|p1a: Hippowdon
|-damage|p1a: Hippowdon|38/100
|move|p1a: Hippowdon|Earthquake|p2a: stanky clanky
|-supereffective|p2a: stanky clanky
|-damage|p2a: stanky clanky|30/100
|
|-weather|Sandstorm|[upkeep]
|-heal|p1a: Hippowdon|44/100|[from] item: Leftovers
|upkeep
|turn|17
|
|t:|1651888614
|switch|p1a: Amoonguss|Amoonguss, F|100/100
|-damage|p1a: Amoonguss|88/100|[from] Stealth Rock
|move|p2a: stanky clanky|Rest|p2a: stanky clanky
|-status|p2a: stanky clanky|slp|[from] move: Rest
|-heal|p2a: stanky clanky|100/100 slp|[silent]
|
|-weather|Sandstorm|[upkeep]
|-damage|p1a: Amoonguss|82/100|[from] Sandstorm
|upkeep
|turn|18
|
|t:|1651888617
|switch|p1a: Hippowdon|Hippowdon, M|44/100
|-damage|p1a: Hippowdon|38/100|[from] Stealth Rock
|cant|p2a: stanky clanky|slp
|
|-weather|none
|-heal|p1a: Hippowdon|44/100|[from] item: Leftovers
|upkeep
|turn|19
|
|t:|1651888620
|cant|p2a: stanky clanky|slp
|move|p1a: Hippowdon|Slack Off|p1a: Hippowdon
|-heal|p1a: Hippowdon|94/100
|
|-heal|p1a: Hippowdon|100/100|[from] item: Leftovers
|upkeep
|turn|20
|
|t:|1651888624
|-curestatus|p2a: stanky clanky|slp|[msg]
|move|p2a: stanky clanky|Body Press|p1a: Hippowdon
|-damage|p1a: Hippowdon|42/100
|move|p1a: Hippowdon|Earthquake|p2a: stanky clanky
|-supereffective|p2a: stanky clanky
|-damage|p2a: stanky clanky|87/100
|
|-heal|p1a: Hippowdon|48/100|[from] item: Leftovers
|upkeep
|turn|21
|j|+Mihowk
|j| Crushy S
|
|t:|1651888632
|switch|p1a: Amoonguss|Amoonguss, F|100/100
|-damage|p1a: Amoonguss|88/100|[from] Stealth Rock
|move|p2a: stanky clanky|Amnesia|p2a: stanky clanky
|-boost|p2a: stanky clanky|spd|2
|
|upkeep
|turn|22
|
|t:|1651888637
|move|p2a: stanky clanky|Iron Defense|p2a: stanky clanky
|-boost|p2a: stanky clanky|def|2
|move|p1a: Amoonguss|Spore|p2a: stanky clanky
|-status|p2a: stanky clanky|slp|[from] move: Spore
|
|upkeep
|turn|23
|
|t:|1651888639
|switch|p1a: Hippowdon|Hippowdon, M|48/100
|-damage|p1a: Hippowdon|42/100|[from] Stealth Rock
|-weather|Sandstorm|[from] ability: Sand Stream|[of] p1a: Hippowdon
|cant|p2a: stanky clanky|slp
|
|-weather|Sandstorm|[upkeep]
|-heal|p1a: Hippowdon|48/100|[from] item: Leftovers
|upkeep
|turn|24
|
|t:|1651888641
|cant|p2a: stanky clanky|slp
|move|p1a: Hippowdon|Slack Off|p1a: Hippowdon
|-heal|p1a: Hippowdon|98/100
|
|-weather|Sandstorm|[upkeep]
|-heal|p1a: Hippowdon|100/100|[from] item: Leftovers
|upkeep
|turn|25
|
|t:|1651888643
|switch|p1a: Amoonguss|Amoonguss, F|100/100
|-damage|p1a: Amoonguss|88/100|[from] Stealth Rock
|-curestatus|p2a: stanky clanky|slp|[msg]
|move|p2a: stanky clanky|Body Press|p1a: Amoonguss
|-resisted|p1a: Amoonguss
|-damage|p1a: Amoonguss|40/100
|-damage|p2a: stanky clanky|71/100|[from] item: Rocky Helmet|[of] p1a: Amoonguss
|
|-weather|Sandstorm|[upkeep]
|-damage|p1a: Amoonguss|34/100|[from] Sandstorm
|upkeep
|turn|26
|
|t:|1651888646
|move|p2a: stanky clanky|Body Press|p1a: Amoonguss
|-resisted|p1a: Amoonguss
|-damage|p1a: Amoonguss|0 fnt
|-damage|p2a: stanky clanky|54/100|[from] item: Rocky Helmet|[of] p1a: Amoonguss
|faint|p1a: Amoonguss
|
|-weather|Sandstorm|[upkeep]
|upkeep
|
|t:|1651888649
|switch|p1a: Hydreigon|Hydreigon, M|52/100
|-damage|p1a: Hydreigon|40/100|[from] Stealth Rock
|turn|27
|
|t:|1651888651
|move|p1a: Hydreigon|Dark Pulse|p2a: stanky clanky
|-damage|p2a: stanky clanky|43/100
|move|p2a: stanky clanky|Body Press|p1a: Hydreigon
|-supereffective|p1a: Hydreigon
|-damage|p1a: Hydreigon|0 fnt
|faint|p1a: Hydreigon
|
|-weather|none
|upkeep
|
|t:|1651888653
|switch|p1a: Hippowdon|Hippowdon, M|100/100
|-damage|p1a: Hippowdon|94/100|[from] Stealth Rock
|-weather|Sandstorm|[from] ability: Sand Stream|[of] p1a: Hippowdon
|turn|28
|c|☆uult91w mush|im 6-0ed by this
|c|☆uult91w mush|gg
|
|t:|1651888660
|move|p2a: stanky clanky|Body Press|p1a: Hippowdon
|-damage|p1a: Hippowdon|7/100
|move|p1a: Hippowdon|Earthquake|p2a: stanky clanky
|-supereffective|p2a: stanky clanky
|-damage|p2a: stanky clanky|33/100
|
|-weather|Sandstorm|[upkeep]
|-heal|p1a: Hippowdon|13/100|[from] item: Leftovers
|upkeep
|turn|29
|
|t:|1651888662
|move|p2a: stanky clanky|Body Press|p1a: Hippowdon
|-damage|p1a: Hippowdon|0 fnt
|faint|p1a: Hippowdon
|
|-weather|Sandstorm|[upkeep]
|upkeep
|c|☆UULT91wpokemonisfu|gg
|
|t:|1651888665
|switch|p1a: Scizor|Scizor, M|88/100
|-damage|p1a: Scizor|76/100|[from] Stealth Rock
|turn|30
|
|t:|1651888666
|move|p1a: Scizor|Knock Off|p2a: stanky clanky
|-damage|p2a: stanky clanky|30/100
|move|p2a: stanky clanky|Body Press|p1a: Scizor
|-damage|p1a: Scizor|0 fnt
|faint|p1a: Scizor
|
|win|UULT91wpokemonisfu
|raw|uult91w mush's rating: 1488 &rarr; <strong>1478</strong><br />(-10 for losing)
|raw|UULT91wpokemonisfu's rating: 1678 &rarr; <strong>1688</strong><br />(+10 for winning)
|l| mncmt
