|j|☆DDD951
|j|☆Micciu20250
|t:|1656199412
|gametype|singles
|player|p1|DDD951|170|1589
|player|p2|Micciu20250|teammagmagruntf-gen3|1560
|teamsize|p1|6
|teamsize|p2|6
|gen|8
|tier|[Gen 8] UU
|rated|
|rule|Sleep Clause Mod: Limit one foe put to sleep
|rule|Species Clause: Limit one of each Pokémon
|rule|OHKO Clause: OHKO moves are banned
|rule|Evasion Moves Clause: Evasion moves are banned
|rule|Endless Battle Clause: Forcing endless battles is banned
|rule|HP Percentage Mod: HP is shown in percentages
|rule|Dynamax Clause: You cannot dynamax
|clearpoke
|poke|p1|Scizor, F|
|poke|p1|Gyarados, M|
|poke|p1|Starmie|
|poke|p1|Nihilego|
|poke|p1|Tangrowth, M|
|poke|p1|Darmanitan, M|
|poke|p2|Primarina, F|
|poke|p2|Amoonguss, F|
|poke|p2|Conkeldurr, F|
|poke|p2|Rotom-Heat|
|poke|p2|Jirachi|
|poke|p2|Zarude|
|teampreview
|inactive|Battle timer is ON: inactive players will automatically lose when time's up. (requested by Micciu20250)
|
|t:|1656199428
|start
|switch|p1a: Tangrowth|Tangrowth, M|100/100
|switch|p2a: Zarude|Zarude|100/100
|turn|1
|
|t:|1656199433
|move|p2a: Zarude|U-turn|p1a: Tangrowth
|-supereffective|p1a: Tangrowth
|-damage|p1a: Tangrowth|56/100
|
|t:|1656199436
|switch|p2a: Amoonguss|Amoonguss, F|100/100|[from]move: U-turn
|move|p1a: Tangrowth|Knock Off|p2a: Amoonguss
|-damage|p2a: Amoonguss|84/100
|-damage|p1a: Tangrowth|39/100|[from] item: Rocky Helmet|[of] p2a: Amoonguss
|-enditem|p2a: Amoonguss|Rocky Helmet|[from] move: Knock Off|[of] p1a: Tangrowth
|
|upkeep
|turn|2
|
|t:|1656199443
|switch|p1a: Scizor|Scizor, F|100/100
|move|p2a: Amoonguss|Spore|p1a: Scizor
|-status|p1a: Scizor|slp|[from] move: Spore
|
|upkeep
|turn|3
|
|t:|1656199449
|switch|p1a: Nihilego|Nihilego|100/100
|switch|p2a: Rotom|Rotom-Heat|100/100
|
|upkeep
|turn|4
|
|t:|1656199454
|switch|p2a: Jirachi|Jirachi|100/100
|move|p1a: Nihilego|Stealth Rock|p2a: Jirachi
|-sidestart|p2: Micciu20250|move: Stealth Rock
|
|upkeep
|turn|5
|
|t:|1656199460
|switch|p1a: Gyarados|Gyarados, M|100/100
|-ability|p1a: Gyarados|Intimidate|boost
|-unboost|p2a: Jirachi|atk|1
|move|p2a: Jirachi|Stealth Rock|p1a: Gyarados
|-sidestart|p1: DDD951|move: Stealth Rock
|
|upkeep
|turn|6
|
|t:|1656199470
|move|p2a: Jirachi|Body Slam|p1a: Gyarados
|-damage|p1a: Gyarados|87/100
|move|p1a: Gyarados|Substitute|p1a: Gyarados
|-start|p1a: Gyarados|Substitute
|-damage|p1a: Gyarados|62/100
|
|-heal|p1a: Gyarados|68/100|[from] item: Leftovers
|upkeep
|turn|7
|
|t:|1656199477
|switch|p2a: Amoonguss|Amoonguss, F|100/100
|-damage|p2a: Amoonguss|88/100|[from] Stealth Rock
|move|p1a: Gyarados|Dragon Dance|p1a: Gyarados
|-boost|p1a: Gyarados|atk|1
|-boost|p1a: Gyarados|spe|1
|
|-heal|p1a: Gyarados|75/100|[from] item: Leftovers
|upkeep
|turn|8
|
|t:|1656199486
|switch|p2a: Jirachi|Jirachi|100/100
|-damage|p2a: Jirachi|94/100|[from] Stealth Rock
|move|p1a: Gyarados|Bounce||[still]
|-prepare|p1a: Gyarados|Bounce
|
|-heal|p1a: Gyarados|81/100|[from] item: Leftovers
|-heal|p2a: Jirachi|100/100|[from] item: Leftovers
|upkeep
|turn|9
|
|t:|1656199493
|move|p1a: Gyarados|Bounce|p2a: Jirachi|[from]lockedmove
|-resisted|p2a: Jirachi
|-damage|p2a: Jirachi|73/100
|move|p2a: Jirachi|Body Slam|p1a: Gyarados
|-activate|p1a: Gyarados|move: Substitute|[damage]
|
|-heal|p1a: Gyarados|87/100|[from] item: Leftovers
|-heal|p2a: Jirachi|80/100|[from] item: Leftovers
|upkeep
|turn|10
|
|t:|1656199502
|move|p1a: Gyarados|Dragon Dance|p1a: Gyarados
|-boost|p1a: Gyarados|atk|1
|-boost|p1a: Gyarados|spe|1
|move|p2a: Jirachi|Body Slam|p1a: Gyarados
|-end|p1a: Gyarados|Substitute
|
|-heal|p1a: Gyarados|93/100|[from] item: Leftovers
|-heal|p2a: Jirachi|86/100|[from] item: Leftovers
|upkeep
|turn|11
|
|t:|1656199513
|move|p1a: Gyarados|Substitute|p1a: Gyarados
|-start|p1a: Gyarados|Substitute
|-damage|p1a: Gyarados|68/100
|move|p2a: Jirachi|Body Slam|p1a: Gyarados
|-activate|p1a: Gyarados|move: Substitute|[damage]
|
|-heal|p1a: Gyarados|74/100|[from] item: Leftovers
|-heal|p2a: Jirachi|92/100|[from] item: Leftovers
|upkeep
|turn|12
|
|t:|1656199521
|move|p1a: Gyarados|Waterfall|p2a: Jirachi
|-damage|p2a: Jirachi|31/100
|move|p2a: Jirachi|Body Slam|p1a: Gyarados
|-end|p1a: Gyarados|Substitute
|
|-heal|p1a: Gyarados|80/100|[from] item: Leftovers
|-heal|p2a: Jirachi|37/100|[from] item: Leftovers
|upkeep
|turn|13
|
|t:|1656199530
|move|p1a: Gyarados|Substitute|p1a: Gyarados
|-start|p1a: Gyarados|Substitute
|-damage|p1a: Gyarados|55/100
|move|p2a: Jirachi|Wish|p2a: Jirachi
|
|-heal|p1a: Gyarados|61/100|[from] item: Leftovers
|-heal|p2a: Jirachi|43/100|[from] item: Leftovers
|upkeep
|turn|14
|
|t:|1656199539
|switch|p2a: Amoonguss|Amoonguss, F|100/100
|-damage|p2a: Amoonguss|88/100|[from] Stealth Rock
|move|p1a: Gyarados|Dragon Dance|p1a: Gyarados
|-boost|p1a: Gyarados|atk|1
|-boost|p1a: Gyarados|spe|1
|
|-heal|p2a: Amoonguss|100/100|[from] move: Wish|[wisher] Jirachi
|-heal|p1a: Gyarados|67/100|[from] item: Leftovers
|upkeep
|turn|15
|
|t:|1656199548
|move|p1a: Gyarados|Bounce||[still]
|-prepare|p1a: Gyarados|Bounce
|move|p2a: Amoonguss|Giga Drain|p1a: Gyarados|[miss]
|-miss|p2a: Amoonguss|p1a: Gyarados
|
|-heal|p1a: Gyarados|74/100|[from] item: Leftovers
|upkeep
|turn|16
|
|t:|1656199554
|move|p1a: Gyarados|Bounce|p2a: Amoonguss|[from]lockedmove
|-supereffective|p2a: Amoonguss
|-damage|p2a: Amoonguss|0 fnt
|faint|p2a: Amoonguss
|
|-heal|p1a: Gyarados|80/100|[from] item: Leftovers
|upkeep
|-message|Micciu20250 forfeited.
|
|win|DDD951
|raw|DDD951's rating: 1589 &rarr; <strong>1607</strong><br />(+18 for winning)
|raw|Micciu20250's rating: 1560 &rarr; <strong>1542</strong><br />(-18 for losing)
|l|☆Micciu20250
||Ladder isn't responding, score probably updated but might not have (Request timeout).
