|j|☆misplayin
|j|☆UnstoppableUg
|t:|1663617652
|gametype|singles
|player|p1|misplayin|bugsy|
|player|p2|UnstoppableUg|n-masters|
|teamsize|p1|6
|teamsize|p2|6
|gen|8
|tier|[Gen 8] UU
|rule|Sleep Clause Mod: Limit one foe put to sleep
|rule|Species Clause: Limit one of each Pokémon
|rule|OHKO Clause: OHKO moves are banned
|rule|Evasion Items Clause: Evasion items are banned
|rule|Evasion Moves Clause: Evasion moves are banned
|rule|Endless Battle Clause: Forcing endless battles is banned
|rule|HP Percentage Mod: HP is shown in percentages
|rule|Dynamax Clause: You cannot dynamax
|clearpoke
|poke|p1|Swampert, F|
|poke|p1|Indeedee, M|
|poke|p1|Amoonguss, F|
|poke|p1|Mandibuzz, F|
|poke|p1|Entei|
|poke|p1|Primarina, F|
|poke|p2|Nidoqueen, F|
|poke|p2|Suicune|
|poke|p2|Jirachi|
|poke|p2|Tapu Bulu|
|poke|p2|Umbreon, M|
|poke|p2|Salamence, F|
|teampreview
|inactive|Battle timer is ON: inactive players will automatically lose when time's up. (requested by misplayin)
|inactive|UnstoppableUg also wants the timer to be on.
|c|☆UnstoppableUg|Hf
|c|☆misplayin|u2u2
|inactive|UnstoppableUg has 270 seconds left.
|
|t:|1663617688
|start
|switch|p1a: Primarina|Primarina, F|100/100
|switch|p2a: Tapu Bulu|Tapu Bulu|100/100
|-fieldstart|move: Grassy Terrain|[from] ability: Grassy Surge|[of] p2a: Tapu Bulu
|turn|1
|
|t:|1663617705
|switch|p1a: Amoonguss|Amoonguss, F|100/100
|switch|p2a: Jirachi|Jirachi|100/100
|
|upkeep
|turn|2
|
|t:|1663617725
|switch|p1a: Mandibuzz|Mandibuzz, F|100/100
|move|p2a: Jirachi|Stealth Rock|p1a: Mandibuzz
|-sidestart|p1: misplayin|move: Stealth Rock
|
|upkeep
|turn|3
|
|t:|1663617727
|move|p2a: Jirachi|Thunder Wave|p1a: Mandibuzz
|-status|p1a: Mandibuzz|par
|move|p1a: Mandibuzz|Defog|p2a: Jirachi
|-unboost|p2a: Jirachi|evasion|1
|-sideend|p1: misplayin|Stealth Rock|[from] move: Defog|[of] p1a: Mandibuzz
|-fieldend|move: Grassy Terrain
|
|upkeep
|turn|4
|
|t:|1663617730
|move|p2a: Jirachi|Iron Head|p1a: Mandibuzz
|-damage|p1a: Mandibuzz|85/100 par
|cant|p1a: Mandibuzz|par
|
|upkeep
|turn|5
|
|t:|1663617735
|switch|p1a: Entei|Entei|100/100
|move|p2a: Jirachi|Stealth Rock|p1a: Entei
|-sidestart|p1: misplayin|move: Stealth Rock
|
|upkeep
|turn|6
|
|t:|1663617742
|switch|p2a: Salamence|Salamence, F|100/100
|-ability|p2a: Salamence|Intimidate|boost
|-fail|p1a: Entei|unboost|Attack|[from] ability: Inner Focus|[of] p1a: Entei
|move|p1a: Entei|Toxic|p2a: Salamence
|-status|p2a: Salamence|tox
|
|-damage|p2a: Salamence|94/100 tox|[from] psn
|upkeep
|turn|7
|
|t:|1663617760
|switch|p1a: Mandibuzz|Mandibuzz, F|85/100 par
|switch|p2a: Nidoqueen|Nidoqueen, F|100/100
|
|upkeep
|turn|8
|
|t:|1663617766
|switch|p1a: Swampert|Swampert, F|100/100
|-damage|p1a: Swampert|94/100|[from] Stealth Rock
|move|p2a: Nidoqueen|Sludge Wave|p1a: Swampert
|-resisted|p1a: Swampert
|-damage|p1a: Swampert|74/100
|
|-heal|p1a: Swampert|80/100|[from] item: Leftovers
|upkeep
|turn|9
|
|t:|1663617769
|move|p2a: Nidoqueen|Toxic Spikes|p1a: Swampert
|-sidestart|p1: misplayin|move: Toxic Spikes
|move|p1a: Swampert|Stealth Rock|p2a: Nidoqueen
|-sidestart|p2: UnstoppableUg|move: Stealth Rock
|
|-heal|p1a: Swampert|86/100|[from] item: Leftovers
|upkeep
|turn|10
|
|t:|1663617776
|move|p2a: Nidoqueen|Earth Power|p1a: Swampert
|-damage|p1a: Swampert|50/100
|move|p1a: Swampert|Earthquake|p2a: Nidoqueen
|-supereffective|p2a: Nidoqueen
|-damage|p2a: Nidoqueen|16/100
|
|-heal|p1a: Swampert|56/100|[from] item: Leftovers
|upkeep
|turn|11
|
|t:|1663617782
|move|p2a: Nidoqueen|Earth Power|p1a: Swampert
|-damage|p1a: Swampert|14/100
|move|p1a: Swampert|Flip Turn|p2a: Nidoqueen
|-supereffective|p2a: Nidoqueen
|-damage|p2a: Nidoqueen|0 fnt
|faint|p2a: Nidoqueen
|
|t:|1663617791
|switch|p1a: Entei|Entei|100/100|[from]move: Flip Turn
|
|upkeep
|
|t:|1663617800
|switch|p2a: Umbreon|Umbreon, M|100/100
|-damage|p2a: Umbreon|88/100|[from] Stealth Rock
|turn|12
|
|t:|1663617804
|switch|p1a: Amoonguss|Amoonguss, F|100/100
|-damage|p1a: Amoonguss|88/100|[from] Stealth Rock
|-sideend|p1: misplayin|move: Toxic Spikes|[of] p1a: Amoonguss
|move|p2a: Umbreon|Wish|p2a: Umbreon
|
|-heal|p2a: Umbreon|94/100|[from] item: Leftovers
|upkeep
|turn|13
|
|t:|1663617811
|switch|p2a: Jirachi|Jirachi|100/100
|-damage|p2a: Jirachi|94/100|[from] Stealth Rock
|move|p1a: Amoonguss|Spore|p2a: Jirachi
|-status|p2a: Jirachi|slp|[from] move: Spore
|
|-heal|p2a: Jirachi|100/100 slp|[from] move: Wish|[wisher] Umbreon
|upkeep
|turn|14
|
|t:|1663617820
|switch|p2a: Tapu Bulu|Tapu Bulu|100/100
|-damage|p2a: Tapu Bulu|88/100|[from] Stealth Rock
|-fieldstart|move: Grassy Terrain|[from] ability: Grassy Surge|[of] p2a: Tapu Bulu
|switch|p1a: Entei|Entei|100/100
|
|-heal|p2a: Tapu Bulu|94/100|[from] Grassy Terrain
|-heal|p2a: Tapu Bulu|99/100|[from] item: Leftovers
|upkeep
|turn|15
|
|t:|1663617825
|move|p1a: Entei|Flare Blitz|p2a: Tapu Bulu
|-supereffective|p2a: Tapu Bulu
|-damage|p2a: Tapu Bulu|30/100
|-damage|p1a: Entei|79/100|[from] Recoil
|move|p2a: Tapu Bulu|Stone Edge|p1a: Entei
|-supereffective|p1a: Entei
|-damage|p1a: Entei|15/100
|
|-heal|p1a: Entei|21/100|[from] Grassy Terrain
|-heal|p2a: Tapu Bulu|37/100|[from] Grassy Terrain
|-heal|p2a: Tapu Bulu|43/100|[from] item: Leftovers
|upkeep
|turn|16
|
|t:|1663617831
|switch|p2a: Umbreon|Umbreon, M|94/100
|-damage|p2a: Umbreon|82/100|[from] Stealth Rock
|move|p1a: Entei|Flare Blitz|p2a: Umbreon
|-damage|p2a: Umbreon|42/100
|-damage|p1a: Entei|7/100|[from] Recoil
|
|-heal|p1a: Entei|13/100|[from] Grassy Terrain
|-heal|p2a: Umbreon|49/100|[from] Grassy Terrain
|-heal|p2a: Umbreon|55/100|[from] item: Leftovers
|upkeep
|turn|17
|
|t:|1663617838
|switch|p1a: Primarina|Primarina, F|100/100
|-damage|p1a: Primarina|88/100|[from] Stealth Rock
|move|p2a: Umbreon|Wish|p2a: Umbreon
|
|-heal|p1a: Primarina|94/100|[from] Grassy Terrain
|-heal|p2a: Umbreon|61/100|[from] Grassy Terrain
|-heal|p2a: Umbreon|67/100|[from] item: Leftovers
|upkeep
|turn|18
|
|t:|1663617847
|switch|p2a: Jirachi|Jirachi|100/100 slp
|-damage|p2a: Jirachi|94/100 slp|[from] Stealth Rock
|move|p1a: Primarina|Hydro Pump|p2a: Jirachi
|-damage|p2a: Jirachi|14/100 slp
|
|-heal|p2a: Jirachi|62/100 slp|[from] move: Wish|[wisher] Umbreon
|-heal|p2a: Jirachi|69/100 slp|[from] Grassy Terrain
|-heal|p2a: Jirachi|75/100 slp|[from] item: Leftovers
|-heal|p1a: Primarina|100/100|[from] Grassy Terrain
|-fieldend|move: Grassy Terrain
|upkeep
|turn|19
|
|t:|1663617853
|cant|p2a: Jirachi|slp
|move|p1a: Primarina|Hydro Pump|p2a: Jirachi
|-damage|p2a: Jirachi|0 fnt
|faint|p2a: Jirachi
|
|upkeep
|c|☆UnstoppableUg|Jesus
|c|☆UnstoppableUg|LMAO
|
|t:|1663617866
|switch|p2a: Suicune|Suicune|100/100
|-damage|p2a: Suicune|88/100|[from] Stealth Rock
|-ability|p2a: Suicune|Pressure
|turn|20
|
|t:|1663617887
|switch|p1a: Entei|Entei|13/100
|move|p2a: Suicune|Substitute|p2a: Suicune
|-start|p2a: Suicune|Substitute
|-damage|p2a: Suicune|63/100
|
|-heal|p2a: Suicune|69/100|[from] item: Leftovers
|upkeep
|turn|21
|
|t:|1663617892
|move|p2a: Suicune|Protect|p2a: Suicune
|-singleturn|p2a: Suicune|Protect
|move|p1a: Entei|Extreme Speed|p2a: Suicune
|-activate|p2a: Suicune|move: Protect
|
|-heal|p2a: Suicune|75/100|[from] item: Leftovers
|upkeep
|turn|22
|
|t:|1663617913
|move|p1a: Entei|Extreme Speed|p2a: Suicune
|-crit|p2a: Suicune
|-activate|p2a: Suicune|move: Substitute|[damage]
|move|p2a: Suicune|Calm Mind|p2a: Suicune
|-boost|p2a: Suicune|spa|1
|-boost|p2a: Suicune|spd|1
|
|-heal|p2a: Suicune|82/100|[from] item: Leftovers
|upkeep
|turn|23
|c|☆misplayin|that doesnt break sub wtf
|c|☆UnstoppableUg|Ye lmao
|inactive|misplayin has 270 seconds left.
|c|☆UnstoppableUg|Suicune the 🐐
|c|☆UnstoppableUg|Love this Mon
|
|t:|1663617940
|move|p2a: Suicune|Protect|p2a: Suicune
|-singleturn|p2a: Suicune|Protect
|move|p1a: Entei|Flare Blitz|p2a: Suicune
|-activate|p2a: Suicune|move: Protect
|
|-heal|p2a: Suicune|88/100|[from] item: Leftovers
|upkeep
|turn|24
|
|t:|1663617943
|move|p1a: Entei|Flare Blitz|p2a: Suicune
|-resisted|p2a: Suicune
|-end|p2a: Suicune|Substitute
|-damage|p1a: Entei|12/100|[from] Recoil|[of] p2a: Suicune
|move|p2a: Suicune|Substitute|p2a: Suicune
|-start|p2a: Suicune|Substitute
|-damage|p2a: Suicune|63/100
|
|-heal|p2a: Suicune|69/100|[from] item: Leftovers
|upkeep
|turn|25
|
|t:|1663617946
|move|p1a: Entei|Flare Blitz|p2a: Suicune
|-resisted|p2a: Suicune
|-activate|p2a: Suicune|move: Substitute|[damage]
|-damage|p1a: Entei|5/100|[from] Recoil|[of] p2a: Suicune
|move|p2a: Suicune|Calm Mind|p2a: Suicune
|-boost|p2a: Suicune|spa|1
|-boost|p2a: Suicune|spd|1
|
|-heal|p2a: Suicune|75/100|[from] item: Leftovers
|upkeep
|turn|26
|c|☆misplayin|ah nah
|c|☆misplayin|dont say it so
|c|☆UnstoppableUg|Lmao INDEED
|inactive|misplayin has 270 seconds left.
|c|☆UnstoppableUg|Suicune destroys balance
|
|t:|1663617973
|move|p2a: Suicune|Protect|p2a: Suicune
|-singleturn|p2a: Suicune|Protect
|move|p1a: Entei|Stone Edge|p2a: Suicune
|-activate|p2a: Suicune|move: Protect
|
|-heal|p2a: Suicune|81/100|[from] item: Leftovers
|upkeep
|turn|27
|c|☆UnstoppableUg|Balance is more common in UU rn
|c|☆UnstoppableUg|And with no Pex
|c|☆UnstoppableUg|To haze
|c|☆UnstoppableUg|This is just Suicune terror city for it
|
|t:|1663617998
|move|p1a: Entei|Stone Edge|p2a: Suicune|[miss]
|-miss|p1a: Entei|p2a: Suicune
|move|p2a: Suicune|Substitute|p2a: Suicune
|-fail|p2a: Suicune|move: Substitute
|
|-heal|p2a: Suicune|88/100|[from] item: Leftovers
|upkeep
|turn|28
|
|t:|1663618008
|switch|p1a: Indeedee|Indeedee, M|100/100
|-damage|p1a: Indeedee|88/100|[from] Stealth Rock
|-fieldstart|move: Psychic Terrain|[from] ability: Psychic Surge|[of] p1a: Indeedee
|move|p2a: Suicune|Protect||[still]
|-fail|p2a: Suicune
|
|-heal|p2a: Suicune|94/100|[from] item: Leftovers
|upkeep
|turn|29
|
|t:|1663618011
|move|p1a: Indeedee|Expanding Force|p2a: Suicune
|-end|p2a: Suicune|Substitute
|move|p2a: Suicune|Scald|p1a: Indeedee
|-damage|p1a: Indeedee|22/100
|
|-heal|p2a: Suicune|99/100|[from] item: Leftovers
|upkeep
|turn|30
|
|t:|1663618014
|move|p2a: Suicune|Protect|p2a: Suicune
|-singleturn|p2a: Suicune|Protect
|move|p1a: Indeedee|Expanding Force|p2a: Suicune
|-activate|p2a: Suicune|move: Protect
|
|-heal|p2a: Suicune|100/100|[from] item: Leftovers
|upkeep
|turn|31
|
|t:|1663618018
|move|p1a: Indeedee|Expanding Force|p2a: Suicune
|-damage|p2a: Suicune|75/100
|move|p2a: Suicune|Calm Mind|p2a: Suicune
|-boost|p2a: Suicune|spa|1
|-boost|p2a: Suicune|spd|1
|
|-heal|p2a: Suicune|81/100|[from] item: Leftovers
|upkeep
|turn|32
|
|t:|1663618021
|move|p2a: Suicune|Protect|p2a: Suicune
|-singleturn|p2a: Suicune|Protect
|move|p1a: Indeedee|Expanding Force|p2a: Suicune
|-activate|p2a: Suicune|move: Protect
|
|-heal|p2a: Suicune|87/100|[from] item: Leftovers
|-fieldend|move: Psychic Terrain
|upkeep
|turn|33
|
|t:|1663618027
|switch|p1a: Entei|Entei|5/100
|move|p2a: Suicune|Substitute|p2a: Suicune
|-start|p2a: Suicune|Substitute
|-damage|p2a: Suicune|62/100
|
|-heal|p2a: Suicune|68/100|[from] item: Leftovers
|upkeep
|turn|34
|c|☆misplayin|why didnt u scald me ;-;
|c|☆UnstoppableUg|Cause I don't need to
|
|t:|1663618051
|move|p1a: Entei|Stone Edge|p2a: Suicune|[miss]
|-miss|p1a: Entei|p2a: Suicune
|move|p2a: Suicune|Scald|p1a: Entei
|-supereffective|p1a: Entei
|-damage|p1a: Entei|0 fnt
|faint|p1a: Entei
|
|-heal|p2a: Suicune|74/100|[from] item: Leftovers
|upkeep
|c|☆UnstoppableUg|Sub is safe and guaranteed
|
|t:|1663618058
|switch|p1a: Primarina|Primarina, F|100/100
|-damage|p1a: Primarina|88/100|[from] Stealth Rock
|turn|35
|c|☆UnstoppableUg|No move u have
|c|☆UnstoppableUg|Breaks sub
|
|t:|1663618064
|move|p2a: Suicune|Calm Mind|p2a: Suicune
|-boost|p2a: Suicune|spa|1
|-boost|p2a: Suicune|spd|1
|move|p1a: Primarina|Moonblast|p2a: Suicune
|-activate|p2a: Suicune|move: Substitute|[damage]
|
|-heal|p2a: Suicune|80/100|[from] item: Leftovers
|upkeep
|turn|36
|
|t:|1663618066
|move|p2a: Suicune|Calm Mind|p2a: Suicune
|-boost|p2a: Suicune|spa|1
|-boost|p2a: Suicune|spd|1
|move|p1a: Primarina|Moonblast|p2a: Suicune
|-end|p2a: Suicune|Substitute
|
|-heal|p2a: Suicune|87/100|[from] item: Leftovers
|upkeep
|turn|37
|c|☆misplayin|well
|c|☆misplayin|gg
|
|t:|1663618073
|move|p2a: Suicune|Substitute|p2a: Suicune
|-start|p2a: Suicune|Substitute
|-damage|p2a: Suicune|62/100
|move|p1a: Primarina|Moonblast|p2a: Suicune
|-activate|p2a: Suicune|move: Substitute|[damage]
|
|-heal|p2a: Suicune|68/100|[from] item: Leftovers
|upkeep
|turn|38
|
|t:|1663618075
|move|p2a: Suicune|Scald|p1a: Primarina
|-resisted|p1a: Primarina
|-damage|p1a: Primarina|48/100
|move|p1a: Primarina|Moonblast|p2a: Suicune
|-end|p2a: Suicune|Substitute
|
|-heal|p2a: Suicune|74/100|[from] item: Leftovers
|upkeep
|turn|39
|
|t:|1663618078
|move|p2a: Suicune|Substitute|p2a: Suicune
|-start|p2a: Suicune|Substitute
|-damage|p2a: Suicune|49/100
|move|p1a: Primarina|Moonblast|p2a: Suicune
|-activate|p2a: Suicune|move: Substitute|[damage]
|
|-heal|p2a: Suicune|55/100|[from] item: Leftovers
|upkeep
|turn|40
|c|☆UnstoppableUg|Gg chief
|
|t:|1663618084
|move|p2a: Suicune|Protect|p2a: Suicune
|-singleturn|p2a: Suicune|Protect
|move|p1a: Primarina|Moonblast|p2a: Suicune
|-activate|p2a: Suicune|move: Protect
|
|-heal|p2a: Suicune|61/100|[from] item: Leftovers
|upkeep
|turn|41
|inactive|misplayin has 270 seconds left.
|c|☆misplayin|entei piece of shit couldnt break sub lmao
|-message|misplayin forfeited.
|
|win|UnstoppableUg
|c|☆UnstoppableUg|That's why I run band
|c|☆UnstoppableUg|Fuck boots lmao
|c|☆misplayin|ayo lets run that back
|c|☆UnstoppableUg|We unfortunately can't
|c|☆UnstoppableUg|Unless
|c|☆misplayin|oh ;-;
|c|☆UnstoppableUg|U win the next I think
|c|☆misplayin|aight
|c|☆UnstoppableUg|Actually
|c|☆UnstoppableUg|Idk
|c|☆misplayin|battle factory an option ?
|c|☆UnstoppableUg|Are u allowed to pick the same tier again?
|c|☆UnstoppableUg|Nah battle factory isn't, since it came out after the tour started
|c|☆UnstoppableUg|But I could add it
|c|☆UnstoppableUg|But just can't be added for this round
|c|☆UnstoppableUg|Gotta be for next round
|c|☆misplayin|aight
|c|☆misplayin|ummm
|c|☆UnstoppableUg|Look at the pin msg
|c|☆UnstoppableUg|In tournaments
|c|☆UnstoppableUg|All info will be there
