|j|☆dragonitenb
|j|☆Wizurd
|t:|1634362757
|gametype|singles
|player|p1|dragonitenb|266|1511
|player|p2|Wizurd|101|1435
|teamsize|p1|6
|teamsize|p2|6
|gen|8
|tier|[Gen 8] UU
|rated|
|rule|Sleep Clause Mod: Limit one foe put to sleep
|rule|Species Clause: Limit one of each Pokémon
|rule|OHKO Clause: OHKO moves are banned
|rule|Evasion Moves Clause: Evasion moves are banned
|rule|Endless Battle Clause: Forcing endless battles is banned
|rule|HP Percentage Mod: HP is shown in percentages
|rule|Dynamax Clause: You cannot dynamax
|clearpoke
|poke|p1|Excadrill, F|
|poke|p1|Azumarill, F|
|poke|p1|Aegislash, F|
|poke|p1|Moltres-Galar|
|poke|p1|Diggersby, M|
|poke|p1|Kommo-o, F|
|poke|p2|Zygarde-10%|
|poke|p2|Mandibuzz, F|
|poke|p2|Tangrowth, F|
|poke|p2|Slowking, M|
|poke|p2|Nihilego|
|poke|p2|Mimikyu, M|
|teampreview
|inactive|Battle timer is ON: inactive players will automatically lose when time's up. (requested by dragonitenb)
|
|t:|1634362803
|start
|switch|p1a: Excadrill|Excadrill, F|100/100
|switch|p2a: Zygarde|Zygarde-10%|100/100
|-ability|p2a: Zygarde|Aura Break
|-ability|p1a: Excadrill|Mold Breaker
|turn|1
|
|t:|1634362829
|move|p2a: Zygarde|Thousand Arrows|p1a: Excadrill
|-supereffective|p1a: Excadrill
|-enditem|p1a: Excadrill|Focus Sash
|-damage|p1a: Excadrill|1/100
|move|p1a: Excadrill|Rock Tomb|p2a: Zygarde
|-resisted|p2a: Zygarde
|-damage|p2a: Zygarde|82/100
|-unboost|p2a: Zygarde|spe|1
|
|upkeep
|turn|2
|
|t:|1634362838
|switch|p2a: Mandibuzz|Mandibuzz, F|100/100
|move|p1a: Excadrill|Stealth Rock|p2a: Mandibuzz
|-sidestart|p2: Wizurd|move: Stealth Rock
|
|upkeep
|turn|3
|
|t:|1634362851
|move|p1a: Excadrill|Rock Tomb|p2a: Mandibuzz
|-supereffective|p2a: Mandibuzz
|-damage|p2a: Mandibuzz|77/100
|-unboost|p2a: Mandibuzz|spe|1
|move|p2a: Mandibuzz|Defog|p1a: Excadrill
|-unboost|p1a: Excadrill|evasion|1
|-sideend|p2: Wizurd|Stealth Rock|[from] move: Defog|[of] p2a: Mandibuzz
|
|upkeep
|turn|4
|
|t:|1634362858
|move|p1a: Excadrill|Stealth Rock|p2a: Mandibuzz
|-sidestart|p2: Wizurd|move: Stealth Rock
|move|p2a: Mandibuzz|Roost|p2a: Mandibuzz
|-heal|p2a: Mandibuzz|100/100
|-singleturn|p2a: Mandibuzz|move: Roost
|
|upkeep
|turn|5
|
|t:|1634362862
|move|p1a: Excadrill|Rock Tomb|p2a: Mandibuzz
|-supereffective|p2a: Mandibuzz
|-damage|p2a: Mandibuzz|77/100
|-unboost|p2a: Mandibuzz|spe|1
|move|p2a: Mandibuzz|Defog|p1a: Excadrill
|-unboost|p1a: Excadrill|evasion|1
|-sideend|p2: Wizurd|Stealth Rock|[from] move: Defog|[of] p2a: Mandibuzz
|
|upkeep
|turn|6
|
|t:|1634362865
|move|p1a: Excadrill|Stealth Rock|p2a: Mandibuzz
|-sidestart|p2: Wizurd|move: Stealth Rock
|move|p2a: Mandibuzz|Roost|p2a: Mandibuzz
|-heal|p2a: Mandibuzz|100/100
|-singleturn|p2a: Mandibuzz|move: Roost
|
|upkeep
|turn|7
|
|t:|1634362871
|move|p1a: Excadrill|Rock Tomb|p2a: Mandibuzz
|-supereffective|p2a: Mandibuzz
|-damage|p2a: Mandibuzz|76/100
|-unboost|p2a: Mandibuzz|spe|1
|move|p2a: Mandibuzz|Defog|p1a: Excadrill
|-unboost|p1a: Excadrill|evasion|1
|-sideend|p2: Wizurd|Stealth Rock|[from] move: Defog|[of] p2a: Mandibuzz
|
|upkeep
|turn|8
|inactive|Wizurd has 120 seconds left.
|
|t:|1634362902
|switch|p2a: Zygarde|Zygarde-10%|82/100
|-ability|p2a: Zygarde|Aura Break
|move|p1a: Excadrill|Stealth Rock|p2a: Zygarde
|-sidestart|p2: Wizurd|move: Stealth Rock
|
|upkeep
|turn|9
|
|t:|1634362906
|move|p2a: Zygarde|Thousand Arrows|p1a: Excadrill
|-supereffective|p1a: Excadrill
|-damage|p1a: Excadrill|0 fnt
|faint|p1a: Excadrill
|
|upkeep
|
|t:|1634362926
|switch|p1a: Azumarill|Azumarill, F|100/100
|turn|10
|
|t:|1634362931
|move|p2a: Zygarde|Thousand Arrows|p1a: Azumarill
|-damage|p1a: Azumarill|26/100
|-enditem|p1a: Azumarill|Sitrus Berry|[eat]
|-heal|p1a: Azumarill|51/100|[from] item: Sitrus Berry
|move|p1a: Azumarill|Belly Drum|p1a: Azumarill
|-damage|p1a: Azumarill|1/100
|-setboost|p1a: Azumarill|atk|6|[from] move: Belly Drum
|
|upkeep
|turn|11
|
|t:|1634362941
|switch|p2a: Tangrowth|Tangrowth, F|100/100
|-damage|p2a: Tangrowth|88/100|[from] Stealth Rock
|move|p1a: Azumarill|Play Rough|p2a: Tangrowth
|-damage|p2a: Tangrowth|0 fnt
|-damage|p1a: Azumarill|0 fnt|[from] item: Rocky Helmet|[of] p2a: Tangrowth
|faint|p2a: Tangrowth
|faint|p1a: Azumarill
|
|upkeep
|
|t:|1634362951
|switch|p1a: Kommo-o|Kommo-o, F|100/100
|switch|p2a: Mandibuzz|Mandibuzz, F|76/100
|turn|12
|
|t:|1634362954
|move|p1a: Kommo-o|Clangorous Soul|p1a: Kommo-o
|-boost|p1a: Kommo-o|atk|1
|-boost|p1a: Kommo-o|def|1
|-boost|p1a: Kommo-o|spa|1
|-boost|p1a: Kommo-o|spd|1
|-boost|p1a: Kommo-o|spe|1
|-damage|p1a: Kommo-o|68/100
|-enditem|p1a: Kommo-o|Throat Spray
|-boost|p1a: Kommo-o|spa|1|[from] item: Throat Spray
|move|p2a: Mandibuzz|Defog|p1a: Kommo-o
|-unboost|p1a: Kommo-o|evasion|1
|-sideend|p2: Wizurd|Stealth Rock|[from] move: Defog|[of] p2a: Mandibuzz
|
|upkeep
|turn|13
|
|t:|1634362962
|switch|p2a: Slowking|Slowking, M|100/100
|move|p1a: Kommo-o|Flamethrower|p2a: Slowking
|-resisted|p2a: Slowking
|-damage|p2a: Slowking|85/100
|
|upkeep
|turn|14
|
|t:|1634362967
|move|p1a: Kommo-o|Clanging Scales|p2a: Slowking
|-damage|p2a: Slowking|28/100
|-unboost|p1a: Kommo-o|def|1
|move|p2a: Slowking|Slack Off|p2a: Slowking
|-heal|p2a: Slowking|78/100
|
|upkeep
|turn|15
|
|t:|1634362974
|move|p1a: Kommo-o|Flamethrower|p2a: Slowking
|-resisted|p2a: Slowking
|-damage|p2a: Slowking|62/100
|move|p2a: Slowking|Psyshock|p1a: Kommo-o
|-supereffective|p1a: Kommo-o
|-damage|p1a: Kommo-o|11/100
|
|upkeep
|turn|16
|
|t:|1634362984
|move|p1a: Kommo-o|Clanging Scales|p2a: Slowking
|-damage|p2a: Slowking|3/100
|-unboost|p1a: Kommo-o|def|1
|move|p2a: Slowking|Psyshock|p1a: Kommo-o
|-supereffective|p1a: Kommo-o
|-damage|p1a: Kommo-o|0 fnt
|faint|p1a: Kommo-o
|
|upkeep
|j| Proclaim
|
|t:|1634363000
|switch|p1a: Diggersby|Diggersby, M|100/100
|turn|17
|
|t:|1634363006
|move|p1a: Diggersby|Earthquake|p2a: Slowking
|-damage|p2a: Slowking|0 fnt
|faint|p2a: Slowking
|
|upkeep
|
|t:|1634363018
|switch|p2a: Zygarde|Zygarde-10%|82/100
|-ability|p2a: Zygarde|Aura Break
|turn|18
|
|t:|1634363021
|move|p2a: Zygarde|Thousand Arrows|p1a: Diggersby
|-damage|p1a: Diggersby|22/100
|move|p1a: Diggersby|Body Slam|p2a: Zygarde
|-damage|p2a: Zygarde|0 fnt
|faint|p2a: Zygarde
|
|upkeep
|
|t:|1634363032
|switch|p2a: Nihilego|Nihilego|100/100
|turn|19
|
|t:|1634363040
|move|p2a: Nihilego|Sludge Wave|p1a: Diggersby
|-resisted|p1a: Diggersby
|-damage|p1a: Diggersby|0 fnt
|faint|p1a: Diggersby
|-ability|p2a: Nihilego|Beast Boost|boost
|-boost|p2a: Nihilego|spa|1
|
|upkeep
|
|t:|1634363042
|switch|p1a: Aegislash|Aegislash, F|100/100
|turn|20
|
|t:|1634363044
|switch|p2a: Mandibuzz|Mandibuzz, F|76/100
|move|p1a: Aegislash|Swords Dance|p1a: Aegislash
|-boost|p1a: Aegislash|atk|2
|
|upkeep
|turn|21
|
|t:|1634363047
|-formechange|p1a: Aegislash|Aegislash-Blade||[from] ability: Stance Change
|move|p1a: Aegislash|Close Combat|p2a: Mandibuzz
|-damage|p2a: Mandibuzz|6/100
|-unboost|p1a: Aegislash|def|1
|-unboost|p1a: Aegislash|spd|1
|-damage|p1a: Aegislash|91/100|[from] item: Life Orb
|move|p2a: Mandibuzz|Foul Play|p1a: Aegislash
|-supereffective|p1a: Aegislash
|-damage|p1a: Aegislash|0 fnt
|faint|p1a: Aegislash
|
|upkeep
|
|t:|1634363051
|switch|p1a: Moltres|Moltres-Galar|100/100
|turn|22
|
|t:|1634363055
|move|p1a: Moltres|Nasty Plot|p1a: Moltres
|-boost|p1a: Moltres|spa|2
|move|p2a: Mandibuzz|U-turn|p1a: Moltres
|-damage|p1a: Moltres|88/100
|
|t:|1634363057
|switch|p2a: Nihilego|Nihilego|100/100|[from]move: U-turn
|
|upkeep
|turn|23
|
|t:|1634363063
|move|p2a: Nihilego|Power Gem|p1a: Moltres
|-supereffective|p1a: Moltres
|-damage|p1a: Moltres|20/100
|-ability|p1a: Moltres|Berserk|boost
|-boost|p1a: Moltres|spa|1
|-enditem|p1a: Moltres|Sitrus Berry|[eat]
|-heal|p1a: Moltres|45/100|[from] item: Sitrus Berry
|move|p1a: Moltres|Agility|p1a: Moltres
|-boost|p1a: Moltres|spe|2
|
|upkeep
|turn|24
|
|t:|1634363068
|move|p1a: Moltres|Fiery Wrath|p2a: Nihilego
|-damage|p2a: Nihilego|13/100
|move|p2a: Nihilego|Power Gem|p1a: Moltres
|-supereffective|p1a: Moltres
|-damage|p1a: Moltres|0 fnt
|faint|p1a: Moltres
|
|win|Wizurd
|raw|dragonitenb's rating: 1521 &rarr; <strong>1496</strong><br />(-25 for losing)
|raw|Wizurd's rating: 1435 &rarr; <strong>1460</strong><br />(+25 for winning)
|j| Sneasel TTT?
|l| Sneasel TTT?
