|j|☆brainiacmadness
|j|☆Van Du
|t:|1604761834
|player|p1|brainiacmadness|265|1365
|player|p2|Van Du|skyla|1403
|teamsize|p1|6
|teamsize|p2|6
|gametype|singles
|gen|8
|tier|[Gen 8] UU
|rated|
|clearpoke
|poke|p1|Alakazam, M|
|poke|p1|Kyurem|
|poke|p1|Conkeldurr, M|
|poke|p1|Ninetales-Alola, M|
|poke|p1|Rotom-Heat|
|poke|p1|Bisharp, M|
|poke|p2|Cloyster, M|
|poke|p2|Rotom-Wash|
|poke|p2|Ninetales-Alola, F|
|poke|p2|Incineroar, M|
|poke|p2|Salamence, M|
|poke|p2|Blacephalon|
|rule|Sleep Clause Mod: Limit one foe put to sleep
|rule|Species Clause: Limit one of each Pokémon
|rule|OHKO Clause: OHKO moves are banned
|rule|Evasion Moves Clause: Evasion moves are banned
|rule|Endless Battle Clause: Forcing endless battles is banned
|rule|HP Percentage Mod: HP is shown in percentages
|rule|Dynamax Clause: You cannot dynamax
|teampreview
|inactive|Battle timer is ON: inactive players will automatically lose when time's up. (requested by Van Du)
|
|t:|1604761843
|start
|switch|p1a: Rotom|Rotom-Heat|100/100
|switch|p2a: Frozen Tales|Ninetales-Alola, F|100/100
|-weather|Hail|[from] ability: Snow Warning|[of] p2a: Frozen Tales
|turn|1
|j|+Amaluna
|
|t:|1604761851
|switch|p2a: Free Beers|Rotom-Wash|100/100
|move|p1a: Rotom|Nasty Plot|p1a: Rotom
|-boost|p1a: Rotom|spa|2
|
|-weather|Hail|[upkeep]
|-damage|p1a: Rotom|94/100|[from] Hail
|-damage|p2a: Free Beers|95/100|[from] Hail
|-heal|p2a: Free Beers|100/100|[from] item: Leftovers
|upkeep
|turn|2
|
|t:|1604761861
|move|p1a: Rotom|Volt Switch|p2a: Free Beers
|-damage|p2a: Free Beers|46/100
|
|t:|1604761866
|switch|p1a: Kyurem|Kyurem|100/100|[from]move: Volt Switch
|-ability|p1a: Kyurem|Pressure
|move|p2a: Free Beers|Hydro Pump|p1a: Kyurem
|-resisted|p1a: Kyurem
|-damage|p1a: Kyurem|82/100
|
|-weather|Hail|[upkeep]
|-damage|p2a: Free Beers|40/100|[from] Hail
|-heal|p2a: Free Beers|46/100|[from] item: Leftovers
|upkeep
|turn|3
|
|t:|1604761880
|move|p1a: Kyurem|Draco Meteor|p2a: Free Beers
|-damage|p2a: Free Beers|0 fnt
|-unboost|p1a: Kyurem|spa|2
|faint|p2a: Free Beers
|
|-weather|Hail|[upkeep]
|upkeep
|
|t:|1604761888
|switch|p2a: Theme Song|Cloyster, M, shiny|100/100
|turn|4
|
|t:|1604761891
|move|p1a: Kyurem|Draco Meteor|p2a: Theme Song
|-enditem|p2a: Theme Song|Focus Sash
|-damage|p2a: Theme Song|1/100
|-unboost|p1a: Kyurem|spa|2
|move|p2a: Theme Song|Shell Smash|p2a: Theme Song
|-unboost|p2a: Theme Song|def|1
|-unboost|p2a: Theme Song|spd|1
|-boost|p2a: Theme Song|atk|2
|-boost|p2a: Theme Song|spa|2
|-boost|p2a: Theme Song|spe|2
|
|-weather|Hail|[upkeep]
|upkeep
|turn|5
|
|t:|1604761904
|switch|p1a: Bisharp|Bisharp, M|100/100
|move|p2a: Theme Song|Rock Blast|p1a: Bisharp
|-resisted|p1a: Bisharp
|-damage|p1a: Bisharp|94/100
|-resisted|p1a: Bisharp
|-damage|p1a: Bisharp|86/100
|-resisted|p1a: Bisharp
|-damage|p1a: Bisharp|79/100
|-resisted|p1a: Bisharp
|-damage|p1a: Bisharp|72/100
|-resisted|p1a: Bisharp
|-damage|p1a: Bisharp|64/100
|-hitcount|p1a: Bisharp|5
|
|-weather|none
|upkeep
|turn|6
|
|t:|1604761917
|move|p1a: Bisharp|Sucker Punch||[still]
|-fail|p1a: Bisharp
|move|p2a: Theme Song|Shell Smash|p2a: Theme Song
|-unboost|p2a: Theme Song|def|1
|-unboost|p2a: Theme Song|spd|1
|-boost|p2a: Theme Song|atk|2
|-boost|p2a: Theme Song|spa|2
|-boost|p2a: Theme Song|spe|2
|
|upkeep
|turn|7
|
|t:|1604761925
|move|p1a: Bisharp|Sucker Punch||[still]
|-fail|p1a: Bisharp
|move|p2a: Theme Song|Shell Smash|p2a: Theme Song
|-unboost|p2a: Theme Song|def|1
|-unboost|p2a: Theme Song|spd|1
|-boost|p2a: Theme Song|atk|2
|-boost|p2a: Theme Song|spa|2
|-boost|p2a: Theme Song|spe|2
|
|upkeep
|turn|8
|
|t:|1604761933
|move|p1a: Bisharp|Sucker Punch||[still]
|-fail|p1a: Bisharp
|move|p2a: Theme Song|Shell Smash|p2a: Theme Song
|-unboost|p2a: Theme Song|def|1
|-unboost|p2a: Theme Song|spd|1
|-boost|p2a: Theme Song|atk|0
|-boost|p2a: Theme Song|spa|0
|-boost|p2a: Theme Song|spe|0
|
|upkeep
|turn|9
|j| alexdevi
|
|t:|1604761942
|move|p1a: Bisharp|Sucker Punch|p2a: Theme Song
|-damage|p2a: Theme Song|0 fnt
|faint|p2a: Theme Song
|
|upkeep
|
|t:|1604761947
|switch|p2a: Frozen Tales|Ninetales-Alola, F|100/100
|-weather|Hail|[from] ability: Snow Warning|[of] p2a: Frozen Tales
|turn|10
|
|t:|1604761951
|move|p2a: Frozen Tales|Aurora Veil|p2a: Frozen Tales
|-sidestart|p2: Van Du|move: Aurora Veil
|move|p1a: Bisharp|Iron Head|p2a: Frozen Tales
|-supereffective|p2a: Frozen Tales
|-damage|p2a: Frozen Tales|0 fnt
|faint|p2a: Frozen Tales
|
|-weather|Hail|[upkeep]
|-damage|p1a: Bisharp|58/100|[from] Hail
|upkeep
|
|t:|1604761973
|switch|p2a: Skybus|Salamence, M, shiny|100/100
|turn|11
|
|t:|1604761977
|move|p2a: Skybus|Dragon Dance|p2a: Skybus
|-boost|p2a: Skybus|atk|1
|-boost|p2a: Skybus|spe|1
|move|p1a: Bisharp|Knock Off|p2a: Skybus
|-damage|p2a: Skybus|63/100
|-enditem|p2a: Skybus|Lum Berry|[from] move: Knock Off|[of] p1a: Bisharp
|
|-weather|Hail|[upkeep]
|-damage|p2a: Skybus|57/100|[from] Hail
|-damage|p1a: Bisharp|52/100|[from] Hail
|upkeep
|turn|12
|
|t:|1604761990
|move|p1a: Bisharp|Sucker Punch|p2a: Skybus
|-damage|p2a: Skybus|28/100
|move|p2a: Skybus|Earthquake|p1a: Bisharp
|-supereffective|p1a: Bisharp
|-damage|p1a: Bisharp|0 fnt
|faint|p1a: Bisharp
|-ability|p2a: Skybus|Moxie|boost
|-boost|p2a: Skybus|atk|1
|
|-weather|Hail|[upkeep]
|-damage|p2a: Skybus|22/100|[from] Hail
|upkeep
|
|t:|1604761995
|switch|p1a: Alakazam|Alakazam, M|100/100
|turn|13
|
|t:|1604762003
|move|p2a: Skybus|Dual Wingbeat|p1a: Alakazam|[miss]
|-miss|p2a: Skybus|p1a: Alakazam
|move|p1a: Alakazam|Dazzling Gleam|p2a: Skybus
|-supereffective|p2a: Skybus
|-damage|p2a: Skybus|0 fnt
|faint|p2a: Skybus
|
|-weather|Hail|[upkeep]
|upkeep
|
|t:|1604762012
|switch|p2a: Unseen Fist|Incineroar, M|100/100
|-ability|p2a: Unseen Fist|Intimidate|boost
|-unboost|p1a: Alakazam|atk|1
|turn|14
|
|t:|1604762017
|move|p1a: Alakazam|Dazzling Gleam|p2a: Unseen Fist
|-damage|p2a: Unseen Fist|87/100
|move|p2a: Unseen Fist|Flame Charge|p1a: Alakazam
|-damage|p1a: Alakazam|49/100
|-boost|p2a: Unseen Fist|spe|1
|
|-weather|none
|upkeep
|turn|15
|
|t:|1604762026
|move|p1a: Alakazam|Dazzling Gleam|p2a: Unseen Fist
|-damage|p2a: Unseen Fist|74/100
|move|p2a: Unseen Fist|Bulk Up|p2a: Unseen Fist
|-boost|p2a: Unseen Fist|atk|1
|-boost|p2a: Unseen Fist|def|1
|
|upkeep
|turn|16
|
|t:|1604762033
|switch|p1a: Conkeldurr|Conkeldurr, M|100/100
|move|p2a: Unseen Fist|Bulk Up|p2a: Unseen Fist
|-boost|p2a: Unseen Fist|atk|1
|-boost|p2a: Unseen Fist|def|1
|
|-status|p1a: Conkeldurr|brn|[from] item: Flame Orb
|upkeep
|turn|17
|
|t:|1604762044
|move|p2a: Unseen Fist|Drain Punch|p1a: Conkeldurr
|-damage|p1a: Conkeldurr|65/100 brn
|-heal|p2a: Unseen Fist|93/100|[from] drain|[of] p1a: Conkeldurr
|move|p1a: Conkeldurr|Close Combat|p2a: Unseen Fist
|-supereffective|p2a: Unseen Fist
|-crit|p2a: Unseen Fist
|-damage|p2a: Unseen Fist|0 fnt
|-unboost|p1a: Conkeldurr|def|1
|-unboost|p1a: Conkeldurr|spd|1
|faint|p2a: Unseen Fist
|
|-damage|p1a: Conkeldurr|59/100 brn|[from] brn
|-sideend|p2: Van Du|move: Aurora Veil
|upkeep
|
|t:|1604762058
|switch|p2a: Magician|Blacephalon|100/100
|turn|18
|
|t:|1604762064
|move|p2a: Magician|Shadow Ball|p1a: Conkeldurr
|-damage|p1a: Conkeldurr|0 fnt
|faint|p1a: Conkeldurr
|-ability|p2a: Magician|Beast Boost|boost
|-boost|p2a: Magician|spa|1
|
|upkeep
|
|t:|1604762074
|switch|p1a: Alakazam|Alakazam, M|49/100
|turn|19
|
|t:|1604762078
|move|p2a: Magician|Shadow Ball|p1a: Alakazam
|-supereffective|p1a: Alakazam
|-damage|p1a: Alakazam|0 fnt
|faint|p1a: Alakazam
|-ability|p2a: Magician|Beast Boost|boost
|-boost|p2a: Magician|spa|1
|
|upkeep
|
|t:|1604762082
|switch|p1a: Kyurem|Kyurem|82/100
|-ability|p1a: Kyurem|Pressure
|turn|20
|
|t:|1604762088
|move|p2a: Magician|Shadow Ball|p1a: Kyurem
|-damage|p1a: Kyurem|0 fnt
|faint|p1a: Kyurem
|-ability|p2a: Magician|Beast Boost|boost
|-boost|p2a: Magician|spa|1
|
|upkeep
|
|t:|1604762092
|switch|p1a: Ninetales|Ninetales-Alola, M|100/100
|-weather|Hail|[from] ability: Snow Warning|[of] p1a: Ninetales
|turn|21
|
|t:|1604762098
|move|p2a: Magician|Shadow Ball|p1a: Ninetales
|-damage|p1a: Ninetales|0 fnt
|faint|p1a: Ninetales
|-ability|p2a: Magician|Beast Boost|boost
|-boost|p2a: Magician|spa|1
|
|-weather|Hail|[upkeep]
|-damage|p2a: Magician|94/100|[from] Hail
|upkeep
|-message|brainiacmadness forfeited.
|
|win|Van Du
|l|☆brainiacmadness
|l|+Amaluna
