|j|☆LolzMachine
|j|☆ramo acne
|t:|1612725527
|player|p1|LolzMachine|294|1611
|player|p2|ramo acne|teacher-gen2|1553
|teamsize|p1|6
|teamsize|p2|6
|gametype|singles
|gen|8
|tier|[Gen 8] UU
|rated|
|clearpoke
|poke|p1|Regidrago|
|poke|p1|Araquanid, M|
|poke|p1|Nidoqueen, F|
|poke|p1|Moltres-Galar|
|poke|p1|Mimikyu, F|
|poke|p1|Bisharp, F|
|poke|p2|Shuckle, F|
|poke|p2|Bisharp, M|
|poke|p2|Azumarill, M|
|poke|p2|Victini|
|poke|p2|Thundurus-Therian, M|
|poke|p2|Scizor, F|
|rule|Sleep Clause Mod: Limit one foe put to sleep
|rule|Species Clause: Limit one of each Pokémon
|rule|OHKO Clause: OHKO moves are banned
|rule|Evasion Moves Clause: Evasion moves are banned
|rule|Endless Battle Clause: Forcing endless battles is banned
|rule|HP Percentage Mod: HP is shown in percentages
|rule|Dynamax Clause: You cannot dynamax
|teampreview
|
|t:|1612725567
|start
|switch|p1a: Araquanid|Araquanid, M|100/100
|switch|p2a: Shuckle|Shuckle, F|100/100
|turn|1
|
|t:|1612725572
|move|p1a: Araquanid|Magic Coat|p1a: Araquanid
|-singleturn|p1a: Araquanid|move: Magic Coat
|move|p2a: Shuckle|Infestation|p1a: Araquanid
|-damage|p1a: Araquanid|98/100
|-activate|p1a: Araquanid|move: Infestation|[of] p2a: Shuckle
|
|-damage|p1a: Araquanid|86/100|[from] move: Infestation|[partiallytrapped]
|upkeep
|turn|2
|
|t:|1612725582
|move|p1a: Araquanid|Sticky Web|p2a: Shuckle
|-sidestart|p2: ramo acne|move: Sticky Web
|move|p2a: Shuckle|Encore|p1a: Araquanid
|-start|p1a: Araquanid|Encore
|
|-damage|p1a: Araquanid|74/100|[from] move: Infestation|[partiallytrapped]
|upkeep
|turn|3
|
|t:|1612725590
|move|p1a: Araquanid|Sticky Web||[still]
|-fail|p1a: Araquanid
|move|p2a: Shuckle|Stealth Rock|p1a: Araquanid
|-sidestart|p1: LolzMachine|move: Stealth Rock
|
|-damage|p1a: Araquanid|62/100|[from] move: Infestation|[partiallytrapped]
|upkeep
|turn|4
|
|t:|1612725605
|switch|p2a: Bisharp|Bisharp, M|100/100
|-activate|p2a: Bisharp|move: Sticky Web
|-unboost|p2a: Bisharp|spe|1
|-ability|p2a: Bisharp|Defiant
|-boost|p2a: Bisharp|atk|2
|move|p1a: Araquanid|Sticky Web||[still]
|-fail|p1a: Araquanid
|
|-end|p1a: Araquanid|Infestation|[partiallytrapped]|[silent]
|upkeep
|turn|5
|
|t:|1612725624
|move|p1a: Araquanid|Sticky Web||[still]
|-fail|p1a: Araquanid
|move|p2a: Bisharp|Swords Dance|p2a: Bisharp
|-boost|p2a: Bisharp|atk|2
|
|-end|p1a: Araquanid|Encore
|upkeep
|turn|6
|
|t:|1612725631
|move|p2a: Bisharp|Sucker Punch|p1a: Araquanid
|-damage|p1a: Araquanid|0 fnt
|faint|p1a: Araquanid
|
|upkeep
|
|t:|1612725637
|switch|p1a: Mimikyu|Mimikyu, F|100/100
|-damage|p1a: Mimikyu|88/100|[from] Stealth Rock
|turn|7
|
|t:|1612725645
|move|p1a: Mimikyu|Play Rough|p2a: Bisharp
|-damage|p2a: Bisharp|39/100
|-damage|p1a: Mimikyu|78/100|[from] item: Life Orb
|move|p2a: Bisharp|Knock Off|p1a: Mimikyu
|-activate|p1a: Mimikyu|ability: Disguise
|-damage|p1a: Mimikyu|78/100
|-enditem|p1a: Mimikyu|Life Orb|[from] move: Knock Off|[of] p2a: Bisharp
|detailschange|p1a: Mimikyu|Mimikyu-Busted, F
|-damage|p1a: Mimikyu|66/100|[from] pokemon: Mimikyu-Busted
|
|upkeep
|turn|8
|
|t:|1612725659
|move|p1a: Mimikyu|Swords Dance|p1a: Mimikyu
|-boost|p1a: Mimikyu|atk|2
|move|p2a: Bisharp|Iron Head|p1a: Mimikyu
|-supereffective|p1a: Mimikyu
|-crit|p1a: Mimikyu
|-damage|p1a: Mimikyu|0 fnt
|faint|p1a: Mimikyu
|
|upkeep
|
|t:|1612725663
|switch|p1a: Bisharp|Bisharp, F|100/100
|-damage|p1a: Bisharp|95/100|[from] Stealth Rock
|turn|9
|
|t:|1612725671
|move|p1a: Bisharp|Knock Off|p2a: Bisharp
|-resisted|p2a: Bisharp
|-damage|p2a: Bisharp|0 fnt
|-enditem|p2a: Bisharp|Black Glasses|[from] move: Knock Off|[of] p1a: Bisharp
|-damage|p1a: Bisharp|85/100|[from] item: Life Orb
|faint|p2a: Bisharp
|
|upkeep
|
|t:|1612725685
|switch|p2a: Thundurus|Thundurus-Therian, M|100/100
|turn|10
|
|t:|1612725693
|move|p1a: Bisharp|Sucker Punch|p2a: Thundurus
|-damage|p2a: Thundurus|17/100
|-damage|p1a: Bisharp|75/100|[from] item: Life Orb
|move|p2a: Thundurus|Focus Blast|p1a: Bisharp|[miss]
|-miss|p2a: Thundurus|p1a: Bisharp
|
|upkeep
|turn|11
|
|t:|1612725706
|switch|p2a: Shuckle|Shuckle, F|100/100
|-activate|p2a: Shuckle|move: Sticky Web
|-unboost|p2a: Shuckle|spe|1
|move|p1a: Bisharp|Sucker Punch||[still]
|-fail|p1a: Bisharp
|
|upkeep
|turn|12
|
|t:|1612725720
|move|p1a: Bisharp|Iron Head|p2a: Shuckle
|-supereffective|p2a: Shuckle
|-crit|p2a: Shuckle
|-damage|p2a: Shuckle|11/100
|-damage|p1a: Bisharp|65/100|[from] item: Life Orb
|move|p2a: Shuckle|Encore|p1a: Bisharp
|-start|p1a: Bisharp|Encore
|
|upkeep
|turn|13
|
|t:|1612725756
|switch|p1a: Nidoqueen|Nidoqueen, F|100/100
|-damage|p1a: Nidoqueen|94/100|[from] Stealth Rock
|switch|p2a: Victini|Victini|100/100
|
|upkeep
|turn|14
|
|t:|1612725777
|switch|p1a: Regidrago|Regidrago|100/100
|-damage|p1a: Regidrago|88/100|[from] Stealth Rock
|move|p2a: Victini|U-turn|p1a: Regidrago
|-damage|p1a: Regidrago|71/100
|
|t:|1612725789
|switch|p2a: Azumarill|Azumarill, M|100/100|[from]move: U-turn
|-activate|p2a: Azumarill|move: Sticky Web
|-unboost|p2a: Azumarill|spe|1
|
|upkeep
|turn|15
|
|t:|1612725797
|move|p1a: Regidrago|Ancient Power|p2a: Azumarill
|-damage|p2a: Azumarill|63/100
|move|p2a: Azumarill|Belly Drum|p2a: Azumarill
|-damage|p2a: Azumarill|13/100
|-setboost|p2a: Azumarill|atk|6|[from] move: Belly Drum
|-enditem|p2a: Azumarill|Sitrus Berry|[eat]
|-heal|p2a: Azumarill|38/100|[from] item: Sitrus Berry
|
|upkeep
|turn|16
|
|t:|1612725804
|move|p2a: Azumarill|Aqua Jet|p1a: Regidrago
|-resisted|p1a: Regidrago
|-damage|p1a: Regidrago|18/100
|move|p1a: Regidrago|Ancient Power|p2a: Azumarill
|-damage|p2a: Azumarill|6/100
|
|upkeep
|turn|17
|
|t:|1612725810
|move|p2a: Azumarill|Aqua Jet|p1a: Regidrago
|-resisted|p1a: Regidrago
|-damage|p1a: Regidrago|0 fnt
|faint|p1a: Regidrago
|
|upkeep
|
|t:|1612725812
|switch|p1a: Bisharp|Bisharp, F|65/100
|-damage|p1a: Bisharp|59/100|[from] Stealth Rock
|turn|18
|
|t:|1612725822
|switch|p2a: Shuckle|Shuckle, F|11/100
|-activate|p2a: Shuckle|move: Sticky Web
|-unboost|p2a: Shuckle|spe|1
|move|p1a: Bisharp|Sucker Punch||[still]
|-fail|p1a: Bisharp
|
|upkeep
|turn|19
|-enditem|p2a: Shuckle|Custap Berry|[eat]
|-activate|p2a: Shuckle|item: Custap Berry|[consumed]
|
|t:|1612725829
|move|p2a: Shuckle|Encore|p1a: Bisharp
|-start|p1a: Bisharp|Encore
|move|p1a: Bisharp|Sucker Punch||[still]
|-fail|p1a: Bisharp
|
|upkeep
|turn|20
|
|t:|1612725839
|move|p1a: Bisharp|Sucker Punch|p2a: Shuckle
|-damage|p2a: Shuckle|0 fnt
|-damage|p1a: Bisharp|49/100|[from] item: Life Orb
|faint|p2a: Shuckle
|
|upkeep
|
|t:|1612725852
|switch|p2a: Scizor|Scizor, F|100/100
|-activate|p2a: Scizor|move: Sticky Web
|-unboost|p2a: Scizor|spe|1
|turn|21
|
|t:|1612725858
|switch|p1a: Nidoqueen|Nidoqueen, F|94/100
|-damage|p1a: Nidoqueen|88/100|[from] Stealth Rock
|move|p2a: Scizor|Swords Dance|p2a: Scizor
|-boost|p2a: Scizor|atk|2
|
|upkeep
|turn|22
|
|t:|1612725882
|switch|p2a: Thundurus|Thundurus-Therian, M|17/100
|move|p1a: Nidoqueen|Fire Blast|p2a: Thundurus
|-damage|p2a: Thundurus|0 fnt
|faint|p2a: Thundurus
|
|upkeep
|
|t:|1612725889
|switch|p2a: Victini|Victini|100/100
|turn|23
|
|t:|1612725900
|move|p2a: Victini|Psychic|p1a: Nidoqueen
|-supereffective|p1a: Nidoqueen
|-damage|p1a: Nidoqueen|0 fnt
|faint|p1a: Nidoqueen
|
|upkeep
|
|t:|1612725906
|switch|p1a: Bisharp|Bisharp, F|49/100
|-damage|p1a: Bisharp|43/100|[from] Stealth Rock
|turn|24
|j| Tupac_alive_2021
|
|t:|1612725926
|move|p1a: Bisharp|Sucker Punch|p2a: Victini
|-supereffective|p2a: Victini
|-damage|p2a: Victini|0 fnt
|-damage|p1a: Bisharp|33/100|[from] item: Life Orb
|faint|p2a: Victini
|
|upkeep
|
|t:|1612725937
|switch|p2a: Azumarill|Azumarill, M|6/100
|-activate|p2a: Azumarill|move: Sticky Web
|-unboost|p2a: Azumarill|spe|1
|turn|25
|
|t:|1612725953
|switch|p2a: Scizor|Scizor, F|100/100
|-activate|p2a: Scizor|move: Sticky Web
|-unboost|p2a: Scizor|spe|1
|move|p1a: Bisharp|Sucker Punch||[still]
|-fail|p1a: Bisharp
|
|upkeep
|turn|26
|
|t:|1612725989
|move|p2a: Scizor|Bullet Punch|p1a: Bisharp
|-resisted|p1a: Bisharp
|-damage|p1a: Bisharp|2/100
|-damage|p2a: Scizor|91/100|[from] item: Life Orb
|move|p1a: Bisharp|Knock Off|p2a: Scizor
|-damage|p2a: Scizor|5/100
|-enditem|p2a: Scizor|Life Orb|[from] move: Knock Off|[of] p1a: Bisharp
|-damage|p1a: Bisharp|0 fnt|[from] item: Life Orb
|faint|p1a: Bisharp
|
|upkeep
|
|t:|1612725993
|switch|p1a: Moltres|Moltres-Galar|100/100
|-damage|p1a: Moltres|76/100|[from] Stealth Rock
|turn|27
|
|t:|1612726001
|move|p2a: Scizor|Bullet Punch|p1a: Moltres
|-damage|p1a: Moltres|38/100
|-ability|p1a: Moltres|Berserk|boost
|-boost|p1a: Moltres|spa|1
|move|p1a: Moltres|Fiery Wrath|p2a: Scizor
|-damage|p2a: Scizor|0 fnt
|faint|p2a: Scizor
|
|upkeep
|
|t:|1612726006
|switch|p2a: Azumarill|Azumarill, M|6/100
|-activate|p2a: Azumarill|move: Sticky Web
|-unboost|p2a: Azumarill|spe|1
|turn|28
|
|t:|1612726008
|move|p2a: Azumarill|Aqua Jet|p1a: Moltres
|-damage|p1a: Moltres|11/100
|move|p1a: Moltres|Fiery Wrath|p2a: Azumarill
|-resisted|p2a: Azumarill
|-damage|p2a: Azumarill|0 fnt
|faint|p2a: Azumarill
|
|win|LolzMachine
|l|☆ramo acne
||Ladder (probably) updated, but score could not be retrieved (Request timeout).
