|j|☆gogole2021
|j|☆gorbag
|t:|1631566344
|gametype|singles
|player|p1|gogole2021|reporter|1347
|player|p2|gorbag|dragontamer|1335
|teamsize|p1|6
|teamsize|p2|6
|gen|8
|tier|[Gen 8] UU
|rated|
|rule|Sleep Clause Mod: Limit one foe put to sleep
|rule|Species Clause: Limit one of each Pokémon
|rule|OHKO Clause: OHKO moves are banned
|rule|Evasion Moves Clause: Evasion moves are banned
|rule|Endless Battle Clause: Forcing endless battles is banned
|rule|HP Percentage Mod: HP is shown in percentages
|rule|Dynamax Clause: You cannot dynamax
|clearpoke
|poke|p1|Chansey, F|
|poke|p1|Entei|
|poke|p1|Jirachi|
|poke|p1|Keldeo-Resolute|
|poke|p1|Flygon, M|
|poke|p1|Tapu Bulu|
|poke|p2|Moltres|
|poke|p2|Seismitoad, M|
|poke|p2|Incineroar, M|
|poke|p2|Inteleon, M|
|poke|p2|Klefki, M|
|poke|p2|Salamence, F|
|teampreview
|inactive|Battle timer is ON: inactive players will automatically lose when time's up. (requested by gorbag)
|
|t:|1631566360
|start
|switch|p1a: Flygon|Flygon, M|100/100
|switch|p2a: Salamence|Salamence, F|100/100
|-ability|p2a: Salamence|Intimidate|boost
|-unboost|p1a: Flygon|atk|1
|turn|1
|
|t:|1631566378
|switch|p2a: Klefki|Klefki, M|100/100
|move|p1a: Flygon|Outrage|p2a: Klefki
|-immune|p2a: Klefki
|
|upkeep
|turn|2
|
|t:|1631566390
|switch|p1a: Chansey|Chansey, F|100/100
|move|p2a: Klefki|Spikes|p1a: Chansey
|-sidestart|p1: gogole2021|Spikes
|
|upkeep
|turn|3
|
|t:|1631566396
|switch|p2a: Incineroar|Incineroar, M|100/100
|-ability|p2a: Incineroar|Intimidate|boost
|-unboost|p1a: Chansey|atk|1
|move|p1a: Chansey|Thunder Wave|p2a: Incineroar
|-status|p2a: Incineroar|par
|
|upkeep
|turn|4
|
|t:|1631566408
|switch|p1a: Flygon|Flygon, M|100/100
|move|p2a: Incineroar|Knock Off|p1a: Flygon
|-damage|p1a: Flygon|28/100
|-enditem|p1a: Flygon|Choice Scarf|[from] move: Knock Off|[of] p2a: Incineroar
|
|upkeep
|turn|5
|inactive|gorbag has 120 seconds left.
|
|t:|1631566446
|switch|p2a: Moltres|Moltres|100/100
|move|p1a: Flygon|Defog|p2a: Moltres
|-unboost|p2a: Moltres|evasion|1
|-sideend|p1: gogole2021|Spikes|[from] move: Defog|[of] p1a: Flygon
|
|upkeep
|turn|6
|inactive|gorbag has 120 seconds left.
|
|t:|1631566453
|switch|p1a: Keldeo|Keldeo-Resolute|100/100
|move|p2a: Moltres|Overheat|p1a: Keldeo
|-resisted|p1a: Keldeo
|-damage|p1a: Keldeo|67/100
|-unboost|p2a: Moltres|spa|2
|
|upkeep
|turn|7
|
|t:|1631566462
|switch|p2a: Salamence|Salamence, F|100/100
|-ability|p2a: Salamence|Intimidate|boost
|-unboost|p1a: Keldeo|atk|1
|move|p1a: Keldeo|Calm Mind|p1a: Keldeo
|-boost|p1a: Keldeo|spa|1
|-boost|p1a: Keldeo|spd|1
|
|upkeep
|turn|8
|
|t:|1631566471
|move|p1a: Keldeo|Air Slash|p2a: Salamence
|-damage|p2a: Salamence|37/100
|-damage|p1a: Keldeo|58/100|[from] item: Life Orb
|move|p2a: Salamence|Dual Wingbeat|p1a: Keldeo
|-supereffective|p1a: Keldeo
|-damage|p1a: Keldeo|8/100
|-supereffective|p1a: Keldeo
|-damage|p1a: Keldeo|0 fnt
|faint|p1a: Keldeo
|-hitcount|p1: Keldeo|2
|
|upkeep
|
|t:|1631566488
|switch|p1a: Jirachi|Jirachi|100/100
|turn|9
|
|t:|1631566495
|switch|p2a: Incineroar|Incineroar, M|100/100 par
|-ability|p2a: Incineroar|Intimidate|boost
|-unboost|p1a: Jirachi|atk|1
|move|p1a: Jirachi|Iron Head|p2a: Incineroar
|-resisted|p2a: Incineroar
|-damage|p2a: Incineroar|90/100 par
|
|upkeep
|turn|10
|
|t:|1631566515
|move|p1a: Jirachi|Stealth Rock|p2a: Incineroar
|-sidestart|p2: gorbag|move: Stealth Rock
|move|p2a: Incineroar|Knock Off|p1a: Jirachi
|-supereffective|p1a: Jirachi
|-damage|p1a: Jirachi|5/100
|-enditem|p1a: Jirachi|Leftovers|[from] move: Knock Off|[of] p2a: Incineroar
|
|upkeep
|turn|11
|
|t:|1631566522
|move|p1a: Jirachi|Trick|p2a: Incineroar
|-activate|p1a: Jirachi|move: Trick|[of] p2a: Incineroar
|-enditem|p2a: Incineroar|Heavy-Duty Boots|[silent]|[from] move: Trick
|-item|p1a: Jirachi|Heavy-Duty Boots|[from] move: Trick
|move|p2a: Incineroar|Knock Off|p1a: Jirachi
|-supereffective|p1a: Jirachi
|-damage|p1a: Jirachi|0 fnt
|-enditem|p1a: Jirachi|Heavy-Duty Boots|[from] move: Knock Off|[of] p2a: Incineroar
|faint|p1a: Jirachi
|
|upkeep
|
|t:|1631566539
|switch|p1a: Entei|Entei|100/100
|turn|12
|
|t:|1631566562
|move|p1a: Entei|Stone Edge|p2a: Incineroar
|-supereffective|p2a: Incineroar
|-damage|p2a: Incineroar|0 fnt
|faint|p2a: Incineroar
|
|upkeep
|
|t:|1631566568
|switch|p2a: Inteleon|Inteleon, M|100/100
|-damage|p2a: Inteleon|88/100|[from] Stealth Rock
|turn|13
|
|t:|1631566574
|switch|p1a: Tapu Bulu|Tapu Bulu|100/100
|-fieldstart|move: Grassy Terrain|[from] ability: Grassy Surge|[of] p1a: Tapu Bulu
|move|p2a: Inteleon|Surf|p1a: Tapu Bulu
|-resisted|p1a: Tapu Bulu
|-crit|p1a: Tapu Bulu
|-damage|p1a: Tapu Bulu|43/100
|
|-heal|p2a: Inteleon|94/100|[from] Grassy Terrain
|-heal|p1a: Tapu Bulu|49/100|[from] Grassy Terrain
|upkeep
|turn|14
|
|t:|1631566584
|move|p2a: Inteleon|Ice Beam|p1a: Tapu Bulu
|-supereffective|p1a: Tapu Bulu
|-damage|p1a: Tapu Bulu|0 fnt
|faint|p1a: Tapu Bulu
|
|-heal|p2a: Inteleon|99/100|[from] Grassy Terrain
|upkeep
|
|t:|1631566592
|switch|p1a: Chansey|Chansey, F|100/100
|turn|15
|
|t:|1631566608
|switch|p2a: Moltres|Moltres|100/100
|move|p1a: Chansey|Thunder Wave|p2a: Moltres
|-status|p2a: Moltres|par
|
|upkeep
|turn|16
|
|t:|1631566616
|switch|p1a: Entei|Entei|100/100
|cant|p2a: Moltres|par
|
|upkeep
|turn|17
|
|t:|1631566622
|switch|p2a: Klefki|Klefki, M|100/100
|-damage|p2a: Klefki|95/100|[from] Stealth Rock
|move|p1a: Entei|Sacred Fire|p2a: Klefki
|-supereffective|p2a: Klefki
|-damage|p2a: Klefki|0 fnt
|faint|p2a: Klefki
|
|-fieldend|move: Grassy Terrain
|upkeep
|
|t:|1631566633
|switch|p2a: Seismitoad|Seismitoad, M|100/100
|-damage|p2a: Seismitoad|94/100|[from] Stealth Rock
|turn|18
|
|t:|1631566639
|switch|p1a: Chansey|Chansey, F|100/100
|move|p2a: Seismitoad|Earth Power|p1a: Chansey
|-damage|p1a: Chansey|93/100
|
|-heal|p2a: Seismitoad|100/100|[from] item: Leftovers
|upkeep
|turn|19
|
|t:|1631566646
|move|p2a: Seismitoad|Toxic|p1a: Chansey
|-status|p1a: Chansey|tox
|move|p1a: Chansey|Seismic Toss|p2a: Seismitoad
|-damage|p2a: Seismitoad|76/100
|
|-heal|p2a: Seismitoad|82/100|[from] item: Leftovers
|-damage|p1a: Chansey|87/100 tox|[from] psn
|upkeep
|turn|20
|
|t:|1631566654
|move|p2a: Seismitoad|Stealth Rock|p1a: Chansey
|-sidestart|p1: gogole2021|move: Stealth Rock
|move|p1a: Chansey|Seismic Toss|p2a: Seismitoad
|-damage|p2a: Seismitoad|58/100
|
|-heal|p2a: Seismitoad|64/100|[from] item: Leftovers
|-damage|p1a: Chansey|74/100 tox|[from] psn
|upkeep
|turn|21
|
|t:|1631566665
|switch|p1a: Flygon|Flygon, M|28/100
|-damage|p1a: Flygon|22/100|[from] Stealth Rock
|move|p2a: Seismitoad|Earth Power|p1a: Flygon
|-immune|p1a: Flygon|[from] ability: Levitate
|
|-heal|p2a: Seismitoad|70/100|[from] item: Leftovers
|upkeep
|turn|22
|
|t:|1631566676
|move|p1a: Flygon|Outrage|p2a: Seismitoad
|-damage|p2a: Seismitoad|14/100
|move|p2a: Seismitoad|Toxic|p1a: Flygon
|-status|p1a: Flygon|tox
|
|-heal|p2a: Seismitoad|20/100|[from] item: Leftovers
|-damage|p1a: Flygon|16/100 tox|[from] psn
|upkeep
|turn|23
|
|t:|1631566687
|switch|p2a: Moltres|Moltres|100/100 par
|move|p1a: Flygon|Outrage|p2a: Moltres|[from]lockedmove
|-damage|p2a: Moltres|64/100 par
|-start|p1a: Flygon|confusion|[fatigue]
|
|-damage|p1a: Flygon|4/100 tox|[from] psn
|upkeep
|turn|24
|
|t:|1631566712
|-activate|p1a: Flygon|confusion
|move|p1a: Flygon|Defog|p2a: Moltres
|-unboost|p2a: Moltres|evasion|1
|-sideend|p2: gorbag|Stealth Rock|[from] move: Defog|[of] p1a: Flygon
|-sideend|p1: gogole2021|Stealth Rock|[from] move: Defog|[of] p1a: Flygon
|cant|p2a: Moltres|par
|
|-damage|p1a: Flygon|0 fnt|[from] psn
|faint|p1a: Flygon
|upkeep
|
|t:|1631566720
|switch|p1a: Entei|Entei|100/100
|turn|25
|
|t:|1631566733
|move|p1a: Entei|Stone Edge|p2a: Moltres
|-supereffective|p2a: Moltres
|-damage|p2a: Moltres|0 fnt
|faint|p2a: Moltres
|
|upkeep
|
|t:|1631566738
|switch|p2a: Salamence|Salamence, F|37/100
|-ability|p2a: Salamence|Intimidate|boost
|-fail|p1a: Entei|unboost|Attack|[from] ability: Inner Focus|[of] p1a: Entei
|turn|26
|
|t:|1631566745
|switch|p2a: Seismitoad|Seismitoad, M|20/100
|move|p1a: Entei|Stone Edge|p2a: Seismitoad|[miss]
|-miss|p1a: Entei|p2a: Seismitoad
|
|-heal|p2a: Seismitoad|26/100|[from] item: Leftovers
|upkeep
|turn|27
|
|t:|1631566753
|switch|p1a: Chansey|Chansey, F|74/100
|move|p2a: Seismitoad|Toxic|p1a: Chansey
|-status|p1a: Chansey|tox
|
|-heal|p2a: Seismitoad|32/100|[from] item: Leftovers
|-damage|p1a: Chansey|68/100 tox|[from] psn
|upkeep
|turn|28
|
|t:|1631566764
|move|p2a: Seismitoad|Stealth Rock|p1a: Chansey
|-sidestart|p1: gogole2021|move: Stealth Rock
|move|p1a: Chansey|Seismic Toss|p2a: Seismitoad
|-damage|p2a: Seismitoad|8/100
|
|-heal|p2a: Seismitoad|14/100|[from] item: Leftovers
|-damage|p1a: Chansey|56/100 tox|[from] psn
|upkeep
|turn|29
|inactive|gorbag has 120 seconds left.
|
|t:|1631566795
|move|p2a: Seismitoad|Earth Power|p1a: Chansey
|-damage|p1a: Chansey|48/100 tox
|-unboost|p1a: Chansey|spd|1
|move|p1a: Chansey|Soft-Boiled|p1a: Chansey
|-heal|p1a: Chansey|98/100 tox
|
|-heal|p2a: Seismitoad|20/100|[from] item: Leftovers
|-damage|p1a: Chansey|80/100 tox|[from] psn
|upkeep
|turn|30
|
|t:|1631566805
|move|p2a: Seismitoad|Earth Power|p1a: Chansey
|-damage|p1a: Chansey|66/100 tox
|move|p1a: Chansey|Seismic Toss|p2a: Seismitoad
|-damage|p2a: Seismitoad|0 fnt
|faint|p2a: Seismitoad
|
|-damage|p1a: Chansey|42/100 tox|[from] psn
|upkeep
|
|t:|1631566813
|switch|p2a: Salamence|Salamence, F|37/100
|-ability|p2a: Salamence|Intimidate|boost
|-unboost|p1a: Chansey|atk|1
|turn|31
|
|t:|1631566817
|-curestatus|p1a: Chansey|tox|[from] ability: Natural Cure
|switch|p1a: Entei|Entei|100/100
|-damage|p1a: Entei|76/100|[from] Stealth Rock
|move|p2a: Salamence|Dragon Dance|p2a: Salamence
|-boost|p2a: Salamence|atk|1
|-boost|p2a: Salamence|spe|1
|
|upkeep
|turn|32
|
|t:|1631566826
|move|p1a: Entei|Extreme Speed|p2a: Salamence
|-damage|p2a: Salamence|0 fnt
|faint|p2a: Salamence
|
|upkeep
|
|t:|1631566831
|switch|p2a: Inteleon|Inteleon, M|99/100
|turn|33
|
|t:|1631566833
|move|p1a: Entei|Extreme Speed|p2a: Inteleon
|-damage|p2a: Inteleon|40/100
|move|p2a: Inteleon|Surf|p1a: Entei
|-supereffective|p1a: Entei
|-damage|p1a: Entei|0 fnt
|faint|p1a: Entei
|
|upkeep
|
|t:|1631566840
|switch|p1a: Chansey|Chansey, F|42/100
|-damage|p1a: Chansey|30/100|[from] Stealth Rock
|turn|34
|
|t:|1631566846
|move|p2a: Inteleon|Focus Energy|p2a: Inteleon
|-start|p2a: Inteleon|move: Focus Energy
|move|p1a: Chansey|Soft-Boiled|p1a: Chansey
|-heal|p1a: Chansey|80/100
|
|upkeep
|turn|35
|
|t:|1631566852
|move|p2a: Inteleon|Surf|p1a: Chansey
|-crit|p1a: Chansey
|-damage|p1a: Chansey|45/100
|move|p1a: Chansey|Seismic Toss|p2a: Inteleon
|-damage|p2a: Inteleon|4/100
|
|upkeep
|turn|36
|-message|gorbag forfeited.
|
|win|gogole2021
|l|☆gorbag
|raw|gogole2021's rating: 1347 &rarr; <strong>1366</strong><br />(+19 for winning)
|raw|gorbag's rating: 1335 &rarr; <strong>1316</strong><br />(-19 for losing)
|c|☆gogole2021|gg
