|html|<div class="broadcast-blue"><strong>[Gen 8] UU is currently suspecting Scizor! For information on how to participate check out the <a href="https://www.smogon.com/forums/threads/ss-uu-stage-12-2-spider-dance.3704866/">suspect thread</a>.</strong></div>
|j|☆HaxxLR
|j|☆scald!
|t:|1659142164
|gametype|singles
|player|p1|HaxxLR|grimsley|
|player|p2|scald!|2|
|teamsize|p1|6
|teamsize|p2|6
|gen|8
|tier|[Gen 8] UU
|rated|Tournament battle
|rule|Sleep Clause Mod: Limit one foe put to sleep
|rule|Species Clause: Limit one of each Pokémon
|rule|OHKO Clause: OHKO moves are banned
|rule|Evasion Moves Clause: Evasion moves are banned
|rule|Endless Battle Clause: Forcing endless battles is banned
|rule|HP Percentage Mod: HP is shown in percentages
|rule|Dynamax Clause: You cannot dynamax
|clearpoke
|poke|p1|Keldeo-Resolute|
|poke|p1|Scizor, F|
|poke|p1|Hippowdon, F|
|poke|p1|Mandibuzz, F|
|poke|p1|Amoonguss, M|
|poke|p1|Azelf|
|poke|p2|Scizor, M|
|poke|p2|Polteageist|
|poke|p2|Necrozma|
|poke|p2|Azelf|
|poke|p2|Thundurus-Therian, M|
|poke|p2|Excadrill, F|
|teampreview
|j| Queen of Bean
|inactive|Battle timer is ON: inactive players will automatically lose when time's up. (requested by scald!)
|
|t:|1659142215
|start
|switch|p1a: Change Your Mind|Azelf|100/100
|switch|p2a: Azelf|Azelf|100/100
|turn|1
|
|t:|1659142228
|switch|p1a: Midnight Show|Mandibuzz, F|100/100
|move|p2a: Azelf|Stealth Rock|p1a: Midnight Show
|-sidestart|p1: HaxxLR|move: Stealth Rock
|
|upkeep
|turn|2
|l| Queen of Bean
|j|+suloxiv ✿
|j| Queen of Bean
|
|t:|1659142246
|move|p2a: Azelf|Taunt|p1a: Midnight Show
|-start|p1a: Midnight Show|move: Taunt
|move|p1a: Midnight Show|U-turn|p2a: Azelf
|-supereffective|p2a: Azelf
|-damage|p2a: Azelf|68/100
|
|t:|1659142262
|switch|p1a: On Top|Scizor, F|100/100|[from]move: U-turn
|-damage|p1a: On Top|88/100|[from] Stealth Rock
|
|upkeep
|turn|3
|
|t:|1659142278
|switch|p1a: Midnight Show|Mandibuzz, F|100/100
|move|p2a: Azelf|Skill Swap|p1a: Midnight Show
|-activate|p2a: Azelf|move: Skill Swap|Overcoat|Levitate|[of] p1a: Midnight Show
|
|upkeep
|turn|4
|c|☆scald!|oh man
|c|☆scald!|this is something
|
|t:|1659142302
|switch|p1a: On Top|Scizor, F|88/100
|-damage|p1a: On Top|76/100|[from] Stealth Rock
|move|p2a: Azelf|Taunt|p1a: On Top
|-start|p1a: On Top|move: Taunt
|
|upkeep
|turn|5
|c|☆scald!|hey suloxiv are those roman numerals or just letters at the end
|c|+suloxiv ✿|a little bit of both
|inactive|HaxxLR has 120 seconds left.
|
|t:|1659142318
|move|p1a: On Top|Bullet Punch|p2a: Azelf
|-damage|p2a: Azelf|25/100
|move|p2a: Azelf|Explosion|p1a: On Top
|-resisted|p1a: On Top
|-damage|p1a: On Top|42/100
|faint|p2a: Azelf
|
|upkeep
|c|☆scald!|oh
|c|☆scald!|awesome
|inactive|scald! has 120 seconds left.
|
|t:|1659142348
|switch|p2a: Scizor|Scizor, M|100/100
|turn|6
|inactive|HaxxLR has 120 seconds left.
|j| Pokrunk
|
|t:|1659142367
|move|p2a: Scizor|Swords Dance|p2a: Scizor
|-boost|p2a: Scizor|atk|2
|move|p1a: On Top|Dual Wingbeat|p2a: Scizor
|-damage|p2a: Scizor|72/100
|-damage|p2a: Scizor|46/100
|-hitcount|p2a: Scizor|2
|
|-end|p1a: On Top|move: Taunt
|upkeep
|turn|7
|inactive|HaxxLR has 120 seconds left.
|inactive|scald! has 120 seconds left.
|
|t:|1659142382
|move|p2a: Scizor|Bullet Punch|p1a: On Top
|-resisted|p1a: On Top
|-damage|p1a: On Top|0 fnt
|faint|p1a: On Top
|-damage|p2a: Scizor|36/100|[from] item: Life Orb
|
|upkeep
|
|t:|1659142385
|switch|p1a: Mr. Brightside|Keldeo-Resolute|100/100
|-damage|p1a: Mr. Brightside|94/100|[from] Stealth Rock
|turn|8
|
|t:|1659142389
|move|p2a: Scizor|Bullet Punch|p1a: Mr. Brightside
|-resisted|p1a: Mr. Brightside
|-damage|p1a: Mr. Brightside|44/100
|-damage|p2a: Scizor|26/100|[from] item: Life Orb
|move|p1a: Mr. Brightside|Scald|p2a: Scizor
|-damage|p2a: Scizor|0 fnt
|faint|p2a: Scizor
|
|-heal|p1a: Mr. Brightside|51/100|[from] item: Leftovers
|upkeep
|
|t:|1659142394
|switch|p2a: Polteageist|Polteageist|100/100
|turn|9
|
|t:|1659142412
|move|p1a: Mr. Brightside|Scald|p2a: Polteageist
|-damage|p2a: Polteageist|56/100
|-status|p2a: Polteageist|brn
|move|p2a: Polteageist|Shell Smash|p2a: Polteageist
|-unboost|p2a: Polteageist|def|1
|-unboost|p2a: Polteageist|spd|1
|-boost|p2a: Polteageist|atk|2
|-boost|p2a: Polteageist|spa|2
|-boost|p2a: Polteageist|spe|2
|
|-heal|p1a: Mr. Brightside|57/100|[from] item: Leftovers
|-damage|p2a: Polteageist|50/100 brn|[from] brn
|upkeep
|turn|10
|
|t:|1659142421
|switch|p1a: Midnight Show|Mandibuzz, F|100/100
|move|p2a: Polteageist|Shadow Ball|p1a: Midnight Show
|-resisted|p1a: Midnight Show
|-damage|p1a: Midnight Show|64/100
|-unboost|p1a: Midnight Show|spd|1
|
|-damage|p2a: Polteageist|43/100 brn|[from] brn
|upkeep
|turn|11
|
|t:|1659142435
|move|p2a: Polteageist|Hyper Beam|p1a: Midnight Show
|-damage|p1a: Midnight Show|0 fnt
|-mustrecharge|p2a: Polteageist
|faint|p1a: Midnight Show
|
|-damage|p2a: Polteageist|37/100 brn|[from] brn
|upkeep
|j| je rappelle
|
|t:|1659142439
|switch|p1a: Mr. Brightside|Keldeo-Resolute|57/100
|-damage|p1a: Mr. Brightside|51/100|[from] Stealth Rock
|turn|12
|
|t:|1659142442
|cant|p2a: Polteageist|recharge
|move|p1a: Mr. Brightside|Scald|p2a: Polteageist
|-damage|p2a: Polteageist|0 fnt
|faint|p2a: Polteageist
|
|-heal|p1a: Mr. Brightside|57/100|[from] item: Leftovers
|upkeep
|
|t:|1659142448
|switch|p2a: Thundurus|Thundurus-Therian, M|100/100
|turn|13
|l| je rappelle
|
|t:|1659142462
|move|p1a: Mr. Brightside|Scald|p2a: Thundurus
|-damage|p2a: Thundurus|44/100
|move|p2a: Thundurus|Psychic|p1a: Mr. Brightside
|-supereffective|p1a: Mr. Brightside
|-damage|p1a: Mr. Brightside|0 fnt
|faint|p1a: Mr. Brightside
|
|upkeep
|
|t:|1659142468
|switch|p1a: Change Your Mind|Azelf|100/100
|-damage|p1a: Change Your Mind|88/100|[from] Stealth Rock
|turn|14
|
|t:|1659142482
|switch|p2a: Excadrill|Excadrill, F|100/100
|-ability|p2a: Excadrill|Mold Breaker
|move|p1a: Change Your Mind|Psychic|p2a: Excadrill
|-resisted|p2a: Excadrill
|-crit|p2a: Excadrill
|-damage|p2a: Excadrill|54/100
|-unboost|p2a: Excadrill|spd|1
|
|upkeep
|turn|15
|
|t:|1659142487
|move|p2a: Excadrill|Earthquake|p1a: Change Your Mind
|-damage|p1a: Change Your Mind|4/100
|move|p1a: Change Your Mind|Flamethrower|p2a: Excadrill
|-supereffective|p2a: Excadrill
|-damage|p2a: Excadrill|0 fnt
|faint|p2a: Excadrill
|
|upkeep
|
|t:|1659142493
|switch|p2a: Necrozma|Necrozma|100/100
|turn|16
|
|t:|1659142506
|move|p1a: Change Your Mind|Flamethrower|p2a: Necrozma
|-damage|p2a: Necrozma|65/100
|move|p2a: Necrozma|Photon Geyser|p1a: Change Your Mind
|-resisted|p1a: Change Your Mind
|-damage|p1a: Change Your Mind|0 fnt
|faint|p1a: Change Your Mind
|
|upkeep
|
|t:|1659142511
|switch|p1a: All These Things|Hippowdon, F|100/100
|-damage|p1a: All These Things|94/100|[from] Stealth Rock
|-weather|Sandstorm|[from] ability: Sand Stream|[of] p1a: All These Things
|turn|17
|
|t:|1659142514
|move|p2a: Necrozma|Meteor Beam||[still]
|-prepare|p2a: Necrozma|Meteor Beam
|-boost|p2a: Necrozma|spa|1
|-enditem|p2a: Necrozma|Power Herb
|-anim|p2a: Necrozma|Meteor Beam|p1a: All These Things|[miss]
|-miss|p2a: Necrozma|p1a: All These Things
|move|p1a: All These Things|Toxic|p2a: Necrozma
|-status|p2a: Necrozma|tox
|
|-weather|Sandstorm|[upkeep]
|-damage|p2a: Necrozma|59/100 tox|[from] Sandstorm
|-damage|p2a: Necrozma|52/100 tox|[from] psn
|upkeep
|turn|18
|
|t:|1659142522
|move|p2a: Necrozma|Photon Geyser|p1a: All These Things
|-damage|p1a: All These Things|29/100
|move|p1a: All These Things|Earthquake|p2a: Necrozma
|-damage|p2a: Necrozma|15/100 tox
|
|-weather|Sandstorm|[upkeep]
|-damage|p2a: Necrozma|9/100 tox|[from] Sandstorm
|-damage|p2a: Necrozma|0 fnt|[from] psn
|faint|p2a: Necrozma
|upkeep
|j| memes go brrr
|
|t:|1659142523
|switch|p2a: Thundurus|Thundurus-Therian, M|44/100
|turn|19
|
|t:|1659142529
|move|p2a: Thundurus|Nasty Plot|p2a: Thundurus
|-boost|p2a: Thundurus|spa|2
|move|p1a: All These Things|Toxic|p2a: Thundurus
|-status|p2a: Thundurus|tox
|
|-weather|Sandstorm|[upkeep]
|-damage|p2a: Thundurus|38/100 tox|[from] Sandstorm
|-damage|p2a: Thundurus|32/100 tox|[from] psn
|upkeep
|turn|20
|
|t:|1659142536
|move|p2a: Thundurus|Psychic|p1a: All These Things
|-damage|p1a: All These Things|0 fnt
|faint|p1a: All These Things
|
|-weather|Sandstorm|[upkeep]
|-damage|p2a: Thundurus|26/100 tox|[from] Sandstorm
|-damage|p2a: Thundurus|14/100 tox|[from] psn
|upkeep
|
|t:|1659142539
|switch|p1a: Somebody Told Me|Amoonguss, M|100/100
|-damage|p1a: Somebody Told Me|88/100|[from] Stealth Rock
|turn|21
|
|t:|1659142561
|move|p2a: Thundurus|Psychic|p1a: Somebody Told Me
|-supereffective|p1a: Somebody Told Me
|-damage|p1a: Somebody Told Me|24/100
|move|p1a: Somebody Told Me|Sludge Bomb|p2a: Thundurus
|-damage|p2a: Thundurus|0 fnt
|faint|p2a: Thundurus
|
|win|HaxxLR
|n|☆HaxxLR|haxxlr
|n|☆scald!|scald
|n| suloxiv ✿|suloxiv
|n| Queen of Bean|queenofbean
|n| Pokrunk|pokrunk
|n| memes go brrr|memesgobrrr
|j| dirtbag67
|l|☆HaxxLR
|l|☆scald!
|l| dirtbag67
|l| memes go brrr
|j| NoahDeKnight
|l| NoahDeKnight
|l| Queen of Bean
