|j|☆drasst
|j|☆kainzi611
|t:|1665837981
|gametype|singles
|player|p1|drasst|2|1307
|player|p2|kainzi611|wallace|1393
|teamsize|p1|6
|teamsize|p2|6
|gen|8
|tier|[Gen 8] UU
|rated|
|rule|Sleep Clause Mod: Limit one foe put to sleep
|rule|Species Clause: Limit one of each Pokémon
|rule|OHKO Clause: OHKO moves are banned
|rule|Evasion Items Clause: Evasion items are banned
|rule|Evasion Moves Clause: Evasion moves are banned
|rule|Endless Battle Clause: Forcing endless battles is banned
|rule|HP Percentage Mod: HP is shown in percentages
|rule|Dynamax Clause: You cannot dynamax
|clearpoke
|poke|p1|Bronzong|
|poke|p1|Crawdaunt, F|
|poke|p1|Conkeldurr, F|
|poke|p1|Hatterene, F|
|poke|p1|Stakataka|
|poke|p1|Marowak-Alola, F|
|poke|p2|Crawdaunt, F|
|poke|p2|Tangrowth, M|
|poke|p2|Chansey, F|
|poke|p2|Darmanitan, M|
|poke|p2|Slowbro-Galar, M|
|poke|p2|Salamence, M|
|teampreview
|
|t:|1665838018
|start
|switch|p1a: Bronzong|Bronzong|100/100
|switch|p2a: Darmanitan|Darmanitan, M|100/100
|turn|1
|
|t:|1665838041
|move|p2a: Darmanitan|Flare Blitz|p1a: Bronzong
|-supereffective|p1a: Bronzong
|-damage|p1a: Bronzong|0 fnt
|faint|p1a: Bronzong
|-damage|p2a: Darmanitan|69/100|[from] Recoil
|
|upkeep
|
|t:|1665838048
|switch|p1a: Stakataka|Stakataka|100/100
|-item|p1a: Stakataka|Air Balloon
|turn|2
|
|t:|1665838065
|switch|p2a: Tangrowth|Tangrowth, M|100/100
|move|p1a: Stakataka|Trick Room|p1a: Stakataka
|-fieldstart|move: Trick Room|[of] p1a: Stakataka
|
|upkeep
|turn|3
|inactive|Battle timer is ON: inactive players will automatically lose when time's up. (requested by drasst)
|
|t:|1665838079
|move|p1a: Stakataka|Gyro Ball|p2a: Tangrowth
|-damage|p2a: Tangrowth|67/100
|-damage|p1a: Stakataka|84/100|[from] item: Rocky Helmet|[of] p2a: Tangrowth
|move|p2a: Tangrowth|Knock Off|p1a: Stakataka
|-damage|p1a: Stakataka|71/100
|-enditem|p1a: Stakataka|Air Balloon
|
|upkeep
|turn|4
|
|t:|1665838095
|move|p1a: Stakataka|Gyro Ball|p2a: Tangrowth
|-damage|p2a: Tangrowth|36/100
|-damage|p1a: Stakataka|54/100|[from] item: Rocky Helmet|[of] p2a: Tangrowth
|move|p2a: Tangrowth|Knock Off|p1a: Stakataka
|-damage|p1a: Stakataka|46/100
|
|upkeep
|turn|5
|
|t:|1665838101
|move|p1a: Stakataka|Stone Edge|p2a: Tangrowth
|-damage|p2a: Tangrowth|6/100
|move|p2a: Tangrowth|Synthesis|p2a: Tangrowth
|-heal|p2a: Tangrowth|56/100
|
|upkeep
|turn|6
|
|t:|1665838116
|switch|p1a: Hatterene|Hatterene, F|100/100
|move|p2a: Tangrowth|Synthesis|p2a: Tangrowth
|-heal|p2a: Tangrowth|100/100
|
|-fieldend|move: Trick Room
|upkeep
|turn|7
|
|t:|1665838123
|move|p2a: Tangrowth|Knock Off|p1a: Hatterene
|-damage|p1a: Hatterene|74/100
|-enditem|p1a: Hatterene|Heavy-Duty Boots|[from] move: Knock Off|[of] p2a: Tangrowth
|move|p1a: Hatterene|Trick Room|p1a: Hatterene
|-fieldstart|move: Trick Room|[of] p1a: Hatterene
|
|upkeep
|turn|8
|
|t:|1665838137
|switch|p2a: Slowbro|Slowbro-Galar, M|100/100
|move|p1a: Hatterene|Calm Mind|p1a: Hatterene
|-boost|p1a: Hatterene|spa|1
|-boost|p1a: Hatterene|spd|1
|
|upkeep
|turn|9
|
|t:|1665838143
|move|p1a: Hatterene|Psychic|p2a: Slowbro
|-damage|p2a: Slowbro|51/100
|move|p2a: Slowbro|Sludge Bomb|p1a: Hatterene
|-supereffective|p1a: Hatterene
|-damage|p1a: Hatterene|21/100
|
|upkeep
|turn|10
|
|t:|1665838173
|switch|p1a: Stakataka|Stakataka|46/100
|move|p2a: Slowbro|Sludge Bomb|p1a: Stakataka
|-immune|p1a: Stakataka
|
|upkeep
|turn|11
|
|t:|1665838183
|switch|p2a: Tangrowth|Tangrowth, M|100/100
|move|p1a: Stakataka|Earthquake|p2a: Tangrowth
|-resisted|p2a: Tangrowth
|-damage|p2a: Tangrowth|91/100
|
|-fieldend|move: Trick Room
|upkeep
|turn|12
|
|t:|1665838199
|move|p2a: Tangrowth|Knock Off|p1a: Stakataka
|-damage|p1a: Stakataka|38/100
|move|p1a: Stakataka|Trick Room|p1a: Stakataka
|-fieldstart|move: Trick Room|[of] p1a: Stakataka
|
|upkeep
|turn|13
|
|t:|1665838206
|switch|p1a: Hatterene|Hatterene, F|21/100
|move|p2a: Tangrowth|Knock Off|p1a: Hatterene
|-damage|p1a: Hatterene|3/100
|
|upkeep
|turn|14
|
|t:|1665838214
|switch|p2a: Slowbro|Slowbro-Galar, M|84/100
|move|p1a: Hatterene|Mystical Fire|p2a: Slowbro
|-damage|p2a: Slowbro|68/100
|-unboost|p2a: Slowbro|spa|1
|
|upkeep
|turn|15
|
|t:|1665838229
|switch|p1a: Marowak|Marowak-Alola, F|100/100
|move|p2a: Slowbro|Flamethrower|p1a: Marowak
|-resisted|p1a: Marowak
|-damage|p1a: Marowak|91/100
|
|upkeep
|turn|16
|
|t:|1665838240
|switch|p2a: Chansey|Chansey, F|100/100
|move|p1a: Marowak|Poltergeist|p2a: Chansey
|-immune|p2a: Chansey
|
|-fieldend|move: Trick Room
|upkeep
|turn|17
|
|t:|1665838259
|move|p2a: Chansey|Stealth Rock|p1a: Marowak
|-sidestart|p1: drasst|move: Stealth Rock
|move|p1a: Marowak|Flare Blitz|p2a: Chansey
|-damage|p2a: Chansey|41/100
|-damage|p1a: Marowak|48/100|[from] Recoil
|
|upkeep
|turn|18
|
|t:|1665838276
|switch|p2a: Salamence|Salamence, M|100/100
|-ability|p2a: Salamence|Intimidate|boost
|-unboost|p1a: Marowak|atk|1
|move|p1a: Marowak|Flare Blitz|p2a: Salamence
|-resisted|p2a: Salamence
|-damage|p2a: Salamence|78/100
|-damage|p1a: Marowak|39/100|[from] Recoil
|
|upkeep
|turn|19
|
|t:|1665838288
|switch|p1a: Hatterene|Hatterene, F|3/100
|-damage|p1a: Hatterene|0 fnt|[from] Stealth Rock
|faint|p1a: Hatterene
|move|p2a: Salamence|Dual Wingbeat|p1: Hatterene|[notarget]
|-fail|p2a: Salamence
|
|upkeep
|
|t:|1665838290
|switch|p1a: Stakataka|Stakataka|38/100
|-damage|p1a: Stakataka|31/100|[from] Stealth Rock
|turn|20
|
|t:|1665838311
|move|p2a: Salamence|Roost|p2a: Salamence
|-heal|p2a: Salamence|100/100
|-singleturn|p2a: Salamence|move: Roost
|move|p1a: Stakataka|Trick Room|p1a: Stakataka
|-fieldstart|move: Trick Room|[of] p1a: Stakataka
|
|upkeep
|turn|21
|
|t:|1665838317
|switch|p2a: Tangrowth|Tangrowth, M|100/100
|move|p1a: Stakataka|Gyro Ball|p2a: Tangrowth
|-damage|p2a: Tangrowth|69/100
|-damage|p1a: Stakataka|15/100|[from] item: Rocky Helmet|[of] p2a: Tangrowth
|
|upkeep
|turn|22
|
|t:|1665838325
|move|p1a: Stakataka|Gyro Ball|p2a: Tangrowth
|-damage|p2a: Tangrowth|34/100
|-damage|p1a: Stakataka|0 fnt|[from] item: Rocky Helmet|[of] p2a: Tangrowth
|faint|p1a: Stakataka
|move|p2a: Tangrowth|Synthesis|p2a: Tangrowth
|-heal|p2a: Tangrowth|84/100
|
|upkeep
|
|t:|1665838331
|switch|p1a: Marowak|Marowak-Alola, F|39/100
|-damage|p1a: Marowak|14/100|[from] Stealth Rock
|turn|23
|
|t:|1665838336
|switch|p2a: Salamence|Salamence, M|100/100
|-ability|p2a: Salamence|Intimidate|boost
|-unboost|p1a: Marowak|atk|1
|move|p1a: Marowak|Flare Blitz|p2a: Salamence
|-resisted|p2a: Salamence
|-damage|p2a: Salamence|77/100
|-damage|p1a: Marowak|4/100|[from] Recoil
|
|upkeep
|turn|24
|
|t:|1665838345
|switch|p2a: Chansey|Chansey, F|41/100
|move|p1a: Marowak|Flare Blitz|p2a: Chansey
|-crit|p2a: Chansey
|-damage|p2a: Chansey|0 fnt
|faint|p2a: Chansey
|-damage|p1a: Marowak|0 fnt|[from] Recoil
|faint|p1a: Marowak
|
|-fieldend|move: Trick Room
|upkeep
|
|t:|1665838361
|switch|p2a: Salamence|Salamence, M|77/100
|switch|p1a: Conkeldurr|Conkeldurr, F|100/100
|-ability|p2a: Salamence|Intimidate|boost
|-unboost|p1a: Conkeldurr|atk|1
|-damage|p1a: Conkeldurr|94/100|[from] Stealth Rock
|turn|25
|
|t:|1665838372
|move|p2a: Salamence|Dual Wingbeat|p1a: Conkeldurr
|-supereffective|p1a: Conkeldurr
|-damage|p1a: Conkeldurr|62/100
|-supereffective|p1a: Conkeldurr
|-damage|p1a: Conkeldurr|32/100
|-hitcount|p1a: Conkeldurr|2
|move|p1a: Conkeldurr|Thunder Punch|p2a: Salamence
|-damage|p2a: Salamence|63/100
|
|-status|p1a: Conkeldurr|brn|[from] item: Flame Orb
|upkeep
|turn|26
|-message|drasst forfeited.
|
|win|kainzi611
|raw|drasst's rating: 1307 &rarr; <strong>1292</strong><br />(-15 for losing)
|raw|kainzi611's rating: 1393 &rarr; <strong>1408</strong><br />(+15 for winning)
|l|☆drasst
||Ladder isn't responding, score probably updated but might not have (Request timeout).
