|j|☆5 pia to the top
|j|☆DumboTheDino (
|t:|1660355976
|gametype|singles
|player|p1|5 pia to the top|#uutrio2ladder|1609
|player|p2|DumboTheDino (|266|1431
|teamsize|p1|5
|teamsize|p2|6
|gen|8
|tier|[Gen 8] UU
|rated|
|rule|Sleep Clause Mod: Limit one foe put to sleep
|rule|Species Clause: Limit one of each Pokémon
|rule|OHKO Clause: OHKO moves are banned
|rule|Evasion Items Clause: Evasion items are banned
|rule|Evasion Moves Clause: Evasion moves are banned
|rule|Endless Battle Clause: Forcing endless battles is banned
|rule|HP Percentage Mod: HP is shown in percentages
|rule|Dynamax Clause: You cannot dynamax
|clearpoke
|poke|p1|Salamence, M|
|poke|p1|Chansey, F|
|poke|p1|Umbreon, F|
|poke|p1|Quagsire, F|
|poke|p1|Tangrowth, M|
|poke|p2|Celesteela|
|poke|p2|Excadrill, F|
|poke|p2|Gyarados, F|
|poke|p2|Scizor, M|
|poke|p2|Azelf|
|poke|p2|Toxtricity, F|
|teampreview
|
|t:|1660355996
|start
|switch|p1a: tang ur wang|Tangrowth, M|100/100
|switch|p2a: EXTZ A DRILL|Excadrill, F, shiny|100/100
|-ability|p2a: EXTZ A DRILL|Mold Breaker
|turn|1
|j| amogusroxyrrrr
|
|t:|1660356001
|move|p2a: EXTZ A DRILL|Stealth Rock|p1a: tang ur wang
|-sidestart|p1: 5 pia to the top|move: Stealth Rock
|move|p1a: tang ur wang|Earthquake|p2a: EXTZ A DRILL
|-supereffective|p2a: EXTZ A DRILL
|-damage|p2a: EXTZ A DRILL|36/100
|
|upkeep
|turn|2
|
|t:|1660356007
|switch|p2a: BAM! BOO! BOOST!|Celesteela, shiny|100/100
|move|p1a: tang ur wang|Power Whip|p2a: BAM! BOO! BOOST!
|-resisted|p2a: BAM! BOO! BOOST!
|-damage|p2a: BAM! BOO! BOOST!|89/100
|
|upkeep
|turn|3
|
|t:|1660356012
|move|p2a: BAM! BOO! BOOST!|Autotomize|p2a: BAM! BOO! BOOST!
|-boost|p2a: BAM! BOO! BOOST!|spe|2
|-start|p2a: BAM! BOO! BOOST!|Autotomize
|move|p1a: tang ur wang|Knock Off|p2a: BAM! BOO! BOOST!
|-damage|p2a: BAM! BOO! BOOST!|67/100
|-enditem|p2a: BAM! BOO! BOOST!|Power Herb|[from] move: Knock Off|[of] p1a: tang ur wang
|
|upkeep
|turn|4
|
|t:|1660356016
|switch|p1a: megan the eggin|Chansey, F|100/100
|-damage|p1a: megan the eggin|88/100|[from] Stealth Rock
|move|p2a: BAM! BOO! BOOST!|Air Slash|p1a: megan the eggin
|-damage|p1a: megan the eggin|78/100
|
|upkeep
|turn|5
|
|t:|1660356025
|switch|p2a: EGGHEAD|Scizor, M, shiny|100/100
|move|p1a: megan the eggin|Stealth Rock|p2a: EGGHEAD
|-sidestart|p2: DumboTheDino (|move: Stealth Rock
|
|upkeep
|turn|6
|
|t:|1660356029
|switch|p1a: scary airy|Salamence, M|100/100
|-ability|p1a: scary airy|Intimidate|boost
|-unboost|p2a: EGGHEAD|atk|1
|move|p2a: EGGHEAD|Knock Off|p1a: scary airy
|-damage|p1a: scary airy|70/100
|-enditem|p1a: scary airy|Heavy-Duty Boots|[from] move: Knock Off|[of] p2a: EGGHEAD
|-damage|p2a: EGGHEAD|90/100|[from] item: Life Orb
|
|upkeep
|turn|7
|
|t:|1660356041
|switch|p2a: EXTZ A DRILL|Excadrill, F, shiny|36/100
|-damage|p2a: EXTZ A DRILL|33/100|[from] Stealth Rock
|-ability|p2a: EXTZ A DRILL|Mold Breaker
|move|p1a: scary airy|Roost|p1a: scary airy
|-heal|p1a: scary airy|100/100
|-singleturn|p1a: scary airy|move: Roost
|
|upkeep
|turn|8
|
|t:|1660356048
|move|p2a: EXTZ A DRILL|Rock Tomb|p1a: scary airy
|-supereffective|p1a: scary airy
|-damage|p1a: scary airy|60/100
|-unboost|p1a: scary airy|spe|1
|move|p1a: scary airy|Flamethrower|p2a: EXTZ A DRILL
|-supereffective|p2a: EXTZ A DRILL
|-damage|p2a: EXTZ A DRILL|0 fnt
|faint|p2a: EXTZ A DRILL
|
|upkeep
|
|t:|1660356058
|switch|p2a: 80%HEAD|Azelf|100/100
|-damage|p2a: 80%HEAD|88/100|[from] Stealth Rock
|turn|9
|
|t:|1660356064
|move|p2a: 80%HEAD|Psyshock|p1a: scary airy
|-damage|p1a: scary airy|26/100
|move|p1a: scary airy|Toxic|p2a: 80%HEAD
|-status|p2a: 80%HEAD|tox
|
|-damage|p2a: 80%HEAD|82/100 tox|[from] psn
|upkeep
|turn|10
|
|t:|1660356081
|switch|p2a: Toxtricitie|Toxtricity, F|100/100
|-damage|p2a: Toxtricitie|88/100|[from] Stealth Rock
|switch|p1a: umby wumby|Umbreon, F|100/100
|-damage|p1a: umby wumby|88/100|[from] Stealth Rock
|
|-heal|p1a: umby wumby|94/100|[from] item: Leftovers
|upkeep
|turn|11
|
|t:|1660356088
|move|p2a: Toxtricitie|Drain Punch|p1a: umby wumby
|-supereffective|p1a: umby wumby
|-crit|p1a: umby wumby
|-damage|p1a: umby wumby|38/100
|-heal|p2a: Toxtricitie|100/100|[from] drain|[of] p1a: umby wumby
|-damage|p2a: Toxtricitie|91/100|[from] item: Life Orb
|move|p1a: umby wumby|Foul Play|p2a: Toxtricitie
|-damage|p2a: Toxtricitie|34/100
|
|-heal|p1a: umby wumby|44/100|[from] item: Leftovers
|upkeep
|turn|12
|
|t:|1660356099
|move|p1a: umby wumby|Protect|p1a: umby wumby
|-singleturn|p1a: umby wumby|Protect
|move|p2a: Toxtricitie|Shift Gear|p2a: Toxtricitie
|-boost|p2a: Toxtricitie|spe|2
|-boost|p2a: Toxtricitie|atk|1
|
|-heal|p1a: umby wumby|50/100|[from] item: Leftovers
|upkeep
|turn|13
|
|t:|1660356107
|switch|p1a: poggy froggy|Quagsire, F|100/100
|-damage|p1a: poggy froggy|94/100|[from] Stealth Rock
|move|p2a: Toxtricitie|Drain Punch|p1a: poggy froggy
|-damage|p1a: poggy froggy|65/100
|-heal|p2a: Toxtricitie|51/100|[from] drain|[of] p1a: poggy froggy
|-damage|p2a: Toxtricitie|41/100|[from] item: Life Orb
|
|-heal|p1a: poggy froggy|71/100|[from] item: Leftovers
|upkeep
|turn|14
|j| Queen of Bean ✿
|
|t:|1660356115
|switch|p2a: 80%HEAD|Azelf|82/100 tox
|-damage|p2a: 80%HEAD|70/100 tox|[from] Stealth Rock
|move|p1a: poggy froggy|Recover|p1a: poggy froggy
|-heal|p1a: poggy froggy|100/100
|
|-damage|p2a: 80%HEAD|63/100 tox|[from] psn
|upkeep
|turn|15
|
|t:|1660356121
|switch|p1a: megan the eggin|Chansey, F|78/100
|-damage|p1a: megan the eggin|66/100|[from] Stealth Rock
|move|p2a: 80%HEAD|Nasty Plot|p2a: 80%HEAD
|-boost|p2a: 80%HEAD|spa|2
|
|-damage|p2a: 80%HEAD|51/100 tox|[from] psn
|upkeep
|turn|16
|
|t:|1660356130
|move|p2a: 80%HEAD|Psyshock|p1a: megan the eggin
|-damage|p1a: megan the eggin|11/100
|move|p1a: megan the eggin|Soft-Boiled|p1a: megan the eggin
|-heal|p1a: megan the eggin|61/100
|
|-damage|p2a: 80%HEAD|32/100 tox|[from] psn
|upkeep
|turn|17
|
|t:|1660356144
|move|p2a: 80%HEAD|Energy Ball|p1a: megan the eggin
|-damage|p1a: megan the eggin|41/100
|move|p1a: megan the eggin|Soft-Boiled|p1a: megan the eggin
|-heal|p1a: megan the eggin|91/100
|
|-damage|p2a: 80%HEAD|8/100 tox|[from] psn
|upkeep
|turn|18
|
|t:|1660356157
|move|p2a: 80%HEAD|Psyshock|p1a: megan the eggin
|-damage|p1a: megan the eggin|39/100
|move|p1a: megan the eggin|Soft-Boiled|p1a: megan the eggin
|-heal|p1a: megan the eggin|89/100
|
|-damage|p2a: 80%HEAD|0 fnt|[from] psn
|faint|p2a: 80%HEAD
|upkeep
|
|t:|1660356167
|switch|p2a: ITSA(granite)MORAY|Gyarados, F|100/100
|-damage|p2a: ITSA(granite)MORAY|76/100|[from] Stealth Rock
|turn|19
|
|t:|1660356171
|move|p2a: ITSA(granite)MORAY|Dragon Dance|p2a: ITSA(granite)MORAY
|-boost|p2a: ITSA(granite)MORAY|atk|1
|-boost|p2a: ITSA(granite)MORAY|spe|1
|move|p1a: megan the eggin|Toxic|p2a: ITSA(granite)MORAY
|-status|p2a: ITSA(granite)MORAY|tox
|
|-heal|p2a: ITSA(granite)MORAY|82/100 tox|[from] item: Leftovers
|-damage|p2a: ITSA(granite)MORAY|76/100 tox|[from] psn
|upkeep
|turn|20
|
|t:|1660356183
|move|p2a: ITSA(granite)MORAY|Dragon Dance|p2a: ITSA(granite)MORAY
|-boost|p2a: ITSA(granite)MORAY|atk|1
|-boost|p2a: ITSA(granite)MORAY|spe|1
|move|p1a: megan the eggin|Seismic Toss|p2a: ITSA(granite)MORAY
|-damage|p2a: ITSA(granite)MORAY|46/100 tox
|
|-heal|p2a: ITSA(granite)MORAY|52/100 tox|[from] item: Leftovers
|-damage|p2a: ITSA(granite)MORAY|39/100 tox|[from] psn
|upkeep
|turn|21
|
|t:|1660356220
|move|p2a: ITSA(granite)MORAY|Waterfall|p1a: megan the eggin
|-damage|p1a: megan the eggin|36/100
|move|p1a: megan the eggin|Soft-Boiled|p1a: megan the eggin
|-heal|p1a: megan the eggin|86/100
|
|-heal|p2a: ITSA(granite)MORAY|46/100 tox|[from] item: Leftovers
|-damage|p2a: ITSA(granite)MORAY|27/100 tox|[from] psn
|upkeep
|turn|22
|
|t:|1660356237
|move|p2a: ITSA(granite)MORAY|Waterfall|p1a: megan the eggin
|-damage|p1a: megan the eggin|29/100
|move|p1a: megan the eggin|Soft-Boiled|p1a: megan the eggin
|-heal|p1a: megan the eggin|79/100
|
|-heal|p2a: ITSA(granite)MORAY|33/100 tox|[from] item: Leftovers
|-damage|p2a: ITSA(granite)MORAY|9/100 tox|[from] psn
|upkeep
|turn|23
|
|t:|1660356252
|move|p2a: ITSA(granite)MORAY|Waterfall|p1a: megan the eggin
|-damage|p1a: megan the eggin|20/100
|move|p1a: megan the eggin|Soft-Boiled|p1a: megan the eggin
|-heal|p1a: megan the eggin|70/100
|
|-heal|p2a: ITSA(granite)MORAY|15/100 tox|[from] item: Leftovers
|-damage|p2a: ITSA(granite)MORAY|0 fnt|[from] psn
|faint|p2a: ITSA(granite)MORAY
|upkeep
|
|t:|1660356257
|switch|p2a: Toxtricitie|Toxtricity, F|41/100
|-damage|p2a: Toxtricitie|29/100|[from] Stealth Rock
|turn|24
|
|t:|1660356271
|switch|p1a: poggy froggy|Quagsire, F|100/100
|-damage|p1a: poggy froggy|94/100|[from] Stealth Rock
|move|p2a: Toxtricitie|Drain Punch|p1a: poggy froggy
|-crit|p1a: poggy froggy
|-damage|p1a: poggy froggy|48/100
|-heal|p2a: Toxtricitie|54/100|[from] drain|[of] p1a: poggy froggy
|-damage|p2a: Toxtricitie|45/100|[from] item: Life Orb
|
|-heal|p1a: poggy froggy|55/100|[from] item: Leftovers
|upkeep
|turn|25
|
|t:|1660356277
|switch|p2a: BAM! BOO! BOOST!|Celesteela, shiny|67/100
|-damage|p2a: BAM! BOO! BOOST!|55/100|[from] Stealth Rock
|move|p1a: poggy froggy|Recover|p1a: poggy froggy
|-heal|p1a: poggy froggy|100/100
|
|upkeep
|turn|26
|
|t:|1660356282
|move|p2a: BAM! BOO! BOOST!|Energy Ball|p1a: poggy froggy
|-supereffective|p1a: poggy froggy
|-damage|p1a: poggy froggy|7/100
|move|p1a: poggy froggy|Scald|p2a: BAM! BOO! BOOST!
|-damage|p2a: BAM! BOO! BOOST!|35/100
|
|-heal|p1a: poggy froggy|13/100|[from] item: Leftovers
|upkeep
|turn|27
|
|t:|1660356293
|switch|p2a: EGGHEAD|Scizor, M, shiny|90/100
|-damage|p2a: EGGHEAD|78/100|[from] Stealth Rock
|move|p1a: poggy froggy|Scald|p2a: EGGHEAD
|-damage|p2a: EGGHEAD|53/100
|-status|p2a: EGGHEAD|brn
|
|-heal|p1a: poggy froggy|19/100|[from] item: Leftovers
|-damage|p2a: EGGHEAD|47/100 brn|[from] brn
|upkeep
|turn|28
|
|t:|1660356307
|move|p2a: EGGHEAD|Knock Off|p1a: poggy froggy
|-damage|p1a: poggy froggy|0 fnt
|-enditem|p1a: poggy froggy|Leftovers|[from] move: Knock Off|[of] p2a: EGGHEAD
|faint|p1a: poggy froggy
|-damage|p2a: EGGHEAD|37/100 brn|[from] item: Life Orb
|
|-damage|p2a: EGGHEAD|31/100 brn|[from] brn
|upkeep
|
|t:|1660356322
|switch|p1a: scary airy|Salamence, M|26/100
|-damage|p1a: scary airy|1/100|[from] Stealth Rock
|-ability|p1a: scary airy|Intimidate|boost
|-unboost|p2a: EGGHEAD|atk|1
|turn|29
|
|t:|1660356326
|move|p2a: EGGHEAD|Bullet Punch|p1a: scary airy
|-damage|p1a: scary airy|0 fnt
|faint|p1a: scary airy
|-damage|p2a: EGGHEAD|21/100 brn|[from] item: Life Orb
|
|-damage|p2a: EGGHEAD|15/100 brn|[from] brn
|upkeep
|
|t:|1660356328
|switch|p1a: umby wumby|Umbreon, F|50/100
|-damage|p1a: umby wumby|38/100|[from] Stealth Rock
|turn|30
|
|t:|1660356335
|move|p2a: EGGHEAD|Knock Off|p1a: umby wumby
|-resisted|p1a: umby wumby
|-damage|p1a: umby wumby|33/100
|-enditem|p1a: umby wumby|Leftovers|[from] move: Knock Off|[of] p2a: EGGHEAD
|-damage|p2a: EGGHEAD|5/100 brn|[from] item: Life Orb
|move|p1a: umby wumby|Wish|p1a: umby wumby
|
|-damage|p2a: EGGHEAD|0 fnt|[from] brn
|faint|p2a: EGGHEAD
|upkeep
|
|t:|1660356346
|switch|p2a: Toxtricitie|Toxtricity, F|45/100
|-damage|p2a: Toxtricitie|32/100|[from] Stealth Rock
|turn|31
|
|t:|1660356350
|move|p1a: umby wumby|Protect|p1a: umby wumby
|-singleturn|p1a: umby wumby|Protect
|move|p2a: Toxtricitie|Drain Punch|p1a: umby wumby
|-activate|p1a: umby wumby|move: Protect
|
|-heal|p1a: umby wumby|83/100|[from] move: Wish|[wisher] umby wumby
|upkeep
|turn|32
|
|t:|1660356356
|switch|p2a: BAM! BOO! BOOST!|Celesteela, shiny|35/100
|-damage|p2a: BAM! BOO! BOOST!|23/100|[from] Stealth Rock
|move|p1a: umby wumby|Foul Play|p2a: BAM! BOO! BOOST!
|-damage|p2a: BAM! BOO! BOOST!|0 fnt
|faint|p2a: BAM! BOO! BOOST!
|
|upkeep
|
|t:|1660356358
|switch|p2a: Toxtricitie|Toxtricity, F|32/100
|-damage|p2a: Toxtricitie|20/100|[from] Stealth Rock
|turn|33
|
|t:|1660356360
|move|p2a: Toxtricitie|Drain Punch|p1a: umby wumby
|-supereffective|p1a: umby wumby
|-damage|p1a: umby wumby|44/100
|-heal|p2a: Toxtricitie|41/100|[from] drain|[of] p1a: umby wumby
|-damage|p2a: Toxtricitie|31/100|[from] item: Life Orb
|move|p1a: umby wumby|Foul Play|p2a: Toxtricitie
|-damage|p2a: Toxtricitie|0 fnt
|faint|p2a: Toxtricitie
|
|win|5 pia to the top
|raw|5 pia to the top's rating: 1609 &rarr; <strong>1620</strong><br />(+11 for winning)
|raw|DumboTheDino ('s rating: 1431 &rarr; <strong>1420</strong><br />(-11 for losing)
|c|☆DumboTheDino (|gg
|c|☆5 pia to the top|gg
|l|☆DumboTheDino (
|l| amogusroxyrrrr
||Ladder isn't responding, score probably updated but might not have (Request timeout).
