|j|☆theidkshow
|j|☆Fousfull
|t:|1664321958
|gametype|singles
|player|p1|theidkshow|unknown|1400
|player|p2|Fousfull|blackbelt-gen4|1547
|teamsize|p1|6
|teamsize|p2|6
|gen|8
|tier|[Gen 8] UU
|rated|
|rule|Sleep Clause Mod: Limit one foe put to sleep
|rule|Species Clause: Limit one of each Pokémon
|rule|OHKO Clause: OHKO moves are banned
|rule|Evasion Items Clause: Evasion items are banned
|rule|Evasion Moves Clause: Evasion moves are banned
|rule|Endless Battle Clause: Forcing endless battles is banned
|rule|HP Percentage Mod: HP is shown in percentages
|rule|Dynamax Clause: You cannot dynamax
|clearpoke
|poke|p1|Obstagoon, M|
|poke|p1|Scolipede, F|
|poke|p1|Mamoswine, F|
|poke|p1|Azelf|
|poke|p1|Rotom-Wash|
|poke|p1|Celesteela|
|poke|p2|Skarmory, M|
|poke|p2|Excadrill, M|
|poke|p2|Nihilego|
|poke|p2|Tangrowth, M|
|poke|p2|Primarina, F|
|poke|p2|Noivern, M|
|teampreview
|inactive|Battle timer is ON: inactive players will automatically lose when time's up. (requested by theidkshow)
|
|t:|1664321994
|start
|switch|p1a: Scolipede|Scolipede, F|100/100
|switch|p2a: Speed of Light|Noivern, M|100/100
|turn|1
|
|t:|1664322003
|move|p2a: Speed of Light|Flamethrower|p1a: Scolipede
|-supereffective|p1a: Scolipede
|-damage|p1a: Scolipede|9/100
|move|p1a: Scolipede|Spikes|p2a: Speed of Light
|-sidestart|p2: Fousfull|Spikes
|
|-ability|p1a: Scolipede|Speed Boost|boost
|-boost|p1a: Scolipede|spe|1
|upkeep
|turn|2
|
|t:|1664322009
|switch|p2a: Inmovable Wall|Skarmory, M|100/100
|move|p1a: Scolipede|Endeavor|p2a: Inmovable Wall
|-damage|p2a: Inmovable Wall|7/100
|-damage|p1a: Scolipede|0 fnt|[from] item: Rocky Helmet|[of] p2a: Inmovable Wall
|faint|p1a: Scolipede
|
|upkeep
|
|t:|1664322034
|switch|p1a: Celesteela|Celesteela|100/100
|turn|3
|inactive|theidkshow has 120 seconds left.
|
|t:|1664322073
|switch|p2a: Paradoxia|Nihilego|100/100
|-damage|p2a: Paradoxia|88/100|[from] Spikes
|move|p1a: Celesteela|Autotomize|p1a: Celesteela
|-boost|p1a: Celesteela|spe|2
|-start|p1a: Celesteela|Autotomize
|
|-heal|p2a: Paradoxia|94/100|[from] item: Black Sludge
|upkeep
|turn|4
|
|t:|1664322077
|move|p1a: Celesteela|Meteor Beam||[still]
|-prepare|p1a: Celesteela|Meteor Beam
|-boost|p1a: Celesteela|spa|1
|-enditem|p1a: Celesteela|Power Herb
|-anim|p1a: Celesteela|Meteor Beam|p2a: Paradoxia
|-crit|p2a: Paradoxia
|-damage|p2a: Paradoxia|33/100
|move|p2a: Paradoxia|Power Gem|p1a: Celesteela
|-damage|p1a: Celesteela|59/100
|
|-heal|p2a: Paradoxia|39/100|[from] item: Black Sludge
|upkeep
|turn|5
|
|t:|1664322094
|move|p1a: Celesteela|Air Slash|p2a: Paradoxia
|-resisted|p2a: Paradoxia
|-damage|p2a: Paradoxia|17/100
|cant|p2a: Paradoxia|flinch
|
|-heal|p2a: Paradoxia|23/100|[from] item: Black Sludge
|upkeep
|turn|6
|
|t:|1664322100
|move|p1a: Celesteela|Air Slash|p2a: Paradoxia
|-resisted|p2a: Paradoxia
|-damage|p2a: Paradoxia|5/100
|cant|p2a: Paradoxia|flinch
|
|-heal|p2a: Paradoxia|11/100|[from] item: Black Sludge
|upkeep
|turn|7
|inactive|Fousfull has 120 seconds left.
|c|☆Fousfull|Man go buy a ticket ur wasting all thag mf luck her
|inactive|Fousfull has 90 seconds left.
|
|t:|1664322161
|move|p1a: Celesteela|Air Slash|p2a: Paradoxia
|-resisted|p2a: Paradoxia
|-damage|p2a: Paradoxia|0 fnt
|faint|p2a: Paradoxia
|-ability|p1a: Celesteela|Beast Boost|boost
|-boost|p1a: Celesteela|spa|1
|
|upkeep
|inactive|Fousfull has 90 seconds left.
|-message|Fousfull forfeited.
|
|win|theidkshow
|raw|theidkshow's rating: 1400 &rarr; <strong>1428</strong><br />(+28 for winning)
|raw|Fousfull's rating: 1556 &rarr; <strong>1528</strong><br />(-28 for losing)
|l|☆Fousfull
