|j|☆jeza.p
|j|☆Zephyyyr
|t:|1665941138
|gametype|singles
|player|p1|jeza.p|lusamine|
|player|p2|Zephyyyr|richboy|
|teamsize|p1|6
|teamsize|p2|6
|gen|8
|tier|[Gen 8] UU
|rule|Sleep Clause Mod: Limit one foe put to sleep
|rule|Species Clause: Limit one of each Pokémon
|rule|OHKO Clause: OHKO moves are banned
|rule|Evasion Items Clause: Evasion items are banned
|rule|Evasion Moves Clause: Evasion moves are banned
|rule|Endless Battle Clause: Forcing endless battles is banned
|rule|HP Percentage Mod: HP is shown in percentages
|rule|Dynamax Clause: You cannot dynamax
|clearpoke
|poke|p1|Diggersby, M|
|poke|p1|Slowking, M|
|poke|p1|Thundurus-Therian, M|
|poke|p1|Cobalion|
|poke|p1|Togekiss, M|
|poke|p1|Tangrowth, F|
|poke|p2|Lycanroc-Dusk, M|
|poke|p2|Salamence, M|
|poke|p2|Rotom-Wash|
|poke|p2|Diggersby, F|
|poke|p2|Tangrowth, F|
|poke|p2|Cobalion|
|teampreview
|c|☆jeza.p|je link et go
|c|☆Zephyyyr|/log Zephyyyr made this room public.
|j| VishIsNice
|j| lemonstre1
|j| flow de la hess
|j| outd gei
|j| Nael222
|j| Shafofficiel
|j|@ironwater
|j| Gelbel3c
|j| 199O
|c|☆Zephyyyr|Hf
|j| Alzozo
|j| outd yabuki
|j| iNastyy
|j| OmBrArch
|c|☆jeza.p|hf
|l| OmBrArch
|j| jeu qui pue
|l| iNastyy
|j| veigrgrn
|j| RichardMillePlain
|
|t:|1665941267
|start
|switch|p1a: Thundurus|Thundurus-Therian, M|100/100
|switch|p2a: Lycanroc|Lycanroc-Dusk, M|100/100
|turn|1
|
|t:|1665941277
|switch|p1a: Slowking|Slowking, M|100/100
|move|p2a: Lycanroc|Stone Edge|p1a: Slowking|[miss]
|-miss|p2a: Lycanroc|p1a: Slowking
|
|upkeep
|turn|2
|
|t:|1665941285
|switch|p2a: Rotom|Rotom-Wash|100/100
|move|p1a: Slowking|Scald|p2a: Rotom
|-resisted|p2a: Rotom
|-damage|p2a: Rotom|87/100
|
|-heal|p2a: Rotom|93/100|[from] item: Leftovers
|upkeep
|turn|3
|j| Banal enfer ★彡
|
|t:|1665941298
|move|p2a: Rotom|Toxic|p1a: Slowking
|-status|p1a: Slowking|tox
|move|p1a: Slowking|Scald|p2a: Rotom
|-resisted|p2a: Rotom
|-damage|p2a: Rotom|78/100
|
|-heal|p2a: Rotom|84/100|[from] item: Leftovers
|-damage|p1a: Slowking|94/100 tox|[from] psn
|upkeep
|turn|4
|j| Sirwings
|
|t:|1665941305
|move|p2a: Rotom|Volt Switch|p1a: Slowking
|-supereffective|p1a: Slowking
|-damage|p1a: Slowking|54/100 tox
|
|t:|1665941309
|switch|p2a: Tangrowth|Tangrowth, F|100/100|[from]move: Volt Switch
|move|p1a: Slowking|Teleport|p1a: Slowking
|j| Two-ton Rebel
|
|t:|1665941361
|switch|p1a: Togekiss|Togekiss, M|100/100|[from]move: Teleport
|
|upkeep
|turn|5
|j| K4R1MB3NZ3M4
|
|t:|1665941381
|switch|p1a: Tangrowth|Tangrowth, F|100/100
|switch|p2a: Rotom|Rotom-Wash|84/100
|
|-heal|p2a: Rotom|90/100|[from] item: Leftovers
|upkeep
|turn|6
|
|t:|1665941389
|move|p2a: Rotom|Volt Switch|p1a: Tangrowth
|-resisted|p1a: Tangrowth
|-damage|p1a: Tangrowth|92/100
|
|t:|1665941393
|switch|p2a: Cobalion|Cobalion|100/100|[from]move: Volt Switch
|move|p1a: Tangrowth|Knock Off|p2a: Cobalion
|-resisted|p2a: Cobalion
|-damage|p2a: Cobalion|91/100
|-ability|p2a: Cobalion|Justified|boost
|-boost|p2a: Cobalion|atk|1
|-enditem|p2a: Cobalion|Safety Goggles|[from] move: Knock Off|[of] p1a: Tangrowth
|
|upkeep
|turn|7
|j| Cherbou
|l| lemonstre1
|
|t:|1665941402
|move|p2a: Cobalion|Stealth Rock|p1a: Tangrowth
|-sidestart|p1: jeza.p|move: Stealth Rock
|move|p1a: Tangrowth|Focus Blast|p2a: Cobalion
|-supereffective|p2a: Cobalion
|-crit|p2a: Cobalion
|-damage|p2a: Cobalion|0 fnt
|faint|p2a: Cobalion
|
|upkeep
|n| KB9 Ballon D'Or|nael222
|
|t:|1665941414
|switch|p2a: Salamence|Salamence, M|100/100
|-ability|p2a: Salamence|Intimidate|boost
|-unboost|p1a: Tangrowth|atk|1
|turn|8
|l| Sirwings
|j| SGKI
|c| SGKI|Allez jeza !
|
|t:|1665941476
|switch|p1a: Togekiss|Togekiss, M|100/100
|move|p2a: Salamence|Dual Wingbeat|p1a: Togekiss
|-damage|p1a: Togekiss|83/100
|-damage|p1a: Togekiss|66/100
|-hitcount|p1a: Togekiss|2
|
|upkeep
|turn|9
|j| Chose Truc
|
|t:|1665941513
|switch|p2a: Lycanroc|Lycanroc-Dusk, M|100/100
|move|p1a: Togekiss|Roost|p1a: Togekiss
|-heal|p1a: Togekiss|100/100
|-singleturn|p1a: Togekiss|move: Roost
|
|upkeep
|turn|10
|
|t:|1665941574
|switch|p1a: Diggersby|Diggersby, M|100/100
|-damage|p1a: Diggersby|94/100|[from] Stealth Rock
|move|p2a: Lycanroc|Close Combat|p1a: Diggersby
|-supereffective|p1a: Diggersby
|-damage|p1a: Diggersby|0 fnt
|-unboost|p2a: Lycanroc|def|1
|-unboost|p2a: Lycanroc|spd|1
|faint|p1a: Diggersby
|
|upkeep
|j| Kaori Kilimano
|
|t:|1665941591
|switch|p1a: Tangrowth|Tangrowth, F|100/100
|-damage|p1a: Tangrowth|88/100|[from] Stealth Rock
|turn|11
|
|t:|1665941595
|switch|p2a: Salamence|Salamence, M|100/100
|-ability|p2a: Salamence|Intimidate|boost
|-unboost|p1a: Tangrowth|atk|1
|move|p1a: Tangrowth|Knock Off|p2a: Salamence
|-damage|p2a: Salamence|85/100
|-enditem|p2a: Salamence|Heavy-Duty Boots|[from] move: Knock Off|[of] p1a: Tangrowth
|
|upkeep
|turn|12
|j| Sharow
|
|t:|1665941609
|switch|p1a: Thundurus|Thundurus-Therian, M|100/100
|move|p2a: Salamence|Dual Wingbeat|p1a: Thundurus
|-resisted|p1a: Thundurus
|-damage|p1a: Thundurus|86/100
|-resisted|p1a: Thundurus
|-damage|p1a: Thundurus|74/100
|-hitcount|p1a: Thundurus|2
|
|upkeep
|turn|13
|j| Damflame
|
|t:|1665941618
|switch|p2a: Tangrowth|Tangrowth, F|100/100
|move|p1a: Thundurus|Volt Switch|p2a: Tangrowth
|-resisted|p2a: Tangrowth
|-damage|p2a: Tangrowth|88/100
|l| SGKI
|
|t:|1665941648
|switch|p1a: Cobalion|Cobalion|100/100|[from]move: Volt Switch
|-damage|p1a: Cobalion|97/100|[from] Stealth Rock
|
|upkeep
|turn|14
|j| SGKI
|
|t:|1665941664
|move|p1a: Cobalion|Stealth Rock|p2a: Tangrowth
|-sidestart|p2: Zephyyyr|move: Stealth Rock
|move|p2a: Tangrowth|Focus Blast|p1a: Cobalion|[miss]
|-miss|p2a: Tangrowth|p1a: Cobalion
|
|upkeep
|turn|15
|
|t:|1665941673
|move|p1a: Cobalion|Volt Switch|p2a: Tangrowth
|-resisted|p2a: Tangrowth
|-damage|p2a: Tangrowth|84/100
|
|t:|1665941676
|switch|p1a: Togekiss|Togekiss, M|100/100|[from]move: Volt Switch
|move|p2a: Tangrowth|Knock Off|p1a: Togekiss
|-resisted|p1a: Togekiss
|-damage|p1a: Togekiss|90/100
|-enditem|p1a: Togekiss|Heavy-Duty Boots|[from] move: Knock Off|[of] p2a: Tangrowth
|
|upkeep
|turn|16
|l| Sharow
|l| Damflame
|
|t:|1665941723
|switch|p2a: Lycanroc|Lycanroc-Dusk, M|100/100
|-damage|p2a: Lycanroc|88/100|[from] Stealth Rock
|move|p1a: Togekiss|Air Slash|p2a: Lycanroc
|-resisted|p2a: Lycanroc
|-crit|p2a: Lycanroc
|-damage|p2a: Lycanroc|53/100
|
|upkeep
|turn|17
|l| SGKI
|j| raspberry
|j| SGKI
|
|t:|1665941768
|switch|p1a: Slowking|Slowking, M|88/100 tox
|-damage|p1a: Slowking|75/100 tox|[from] Stealth Rock
|move|p2a: Lycanroc|Stone Edge|p1a: Slowking
|-damage|p1a: Slowking|19/100 tox
|
|-damage|p1a: Slowking|13/100 tox|[from] psn
|upkeep
|turn|18
|j| Sharow
|j| weshbien
|j| RoiDadadou
|j| LaLuneAttireLaMer
|
|t:|1665941805
|switch|p2a: Tangrowth|Tangrowth, F|100/100
|-damage|p2a: Tangrowth|88/100|[from] Stealth Rock
|switch|p1a: Cobalion|Cobalion|97/100
|-damage|p1a: Cobalion|94/100|[from] Stealth Rock
|
|upkeep
|turn|19
|l| Sharow
|j| TaoTDW
|l| outd gei
|j| Sharow
|l| raspberry
|l| Banal enfer ★彡
|j| Elfuseon
|
|t:|1665941893
|move|p1a: Cobalion|Volt Switch|p2a: Tangrowth
|-resisted|p2a: Tangrowth
|-damage|p2a: Tangrowth|84/100
|
|t:|1665941897
|switch|p1a: Togekiss|Togekiss, M|90/100|[from]move: Volt Switch
|-damage|p1a: Togekiss|65/100|[from] Stealth Rock
|move|p2a: Tangrowth|Sludge Bomb|p1a: Togekiss
|-supereffective|p1a: Togekiss
|-damage|p1a: Togekiss|30/100
|-status|p1a: Togekiss|psn
|
|-damage|p1a: Togekiss|18/100 psn|[from] psn
|upkeep
|turn|20
|l| Cherbou
|j| Cherbou
|l| K4R1MB3NZ3M4
|j| Bhalal
|l| SGKI
|
|t:|1665941922
|switch|p2a: Rotom|Rotom-Wash|90/100
|-damage|p2a: Rotom|77/100|[from] Stealth Rock
|move|p1a: Togekiss|Air Slash|p2a: Rotom
|-resisted|p2a: Rotom
|-damage|p2a: Rotom|62/100
|
|-heal|p2a: Rotom|68/100|[from] item: Leftovers
|-damage|p1a: Togekiss|5/100 psn|[from] psn
|upkeep
|turn|21
|
|t:|1665941932
|switch|p1a: Tangrowth|Tangrowth, F|100/100
|-damage|p1a: Tangrowth|88/100|[from] Stealth Rock
|move|p2a: Rotom|Volt Switch|p1a: Tangrowth
|-resisted|p1a: Tangrowth
|-damage|p1a: Tangrowth|79/100
|
|t:|1665941937
|switch|p2a: Salamence|Salamence, M|85/100|[from]move: Volt Switch
|-damage|p2a: Salamence|60/100|[from] Stealth Rock
|-ability|p2a: Salamence|Intimidate|boost
|-unboost|p1a: Tangrowth|atk|1
|
|upkeep
|turn|22
|
|t:|1665941949
|switch|p1a: Thundurus|Thundurus-Therian, M|74/100
|move|p2a: Salamence|Dual Wingbeat|p1a: Thundurus
|-resisted|p1a: Thundurus
|-damage|p1a: Thundurus|59/100
|-resisted|p1a: Thundurus
|-damage|p1a: Thundurus|45/100
|-hitcount|p1a: Thundurus|2
|
|upkeep
|turn|23
|j| Exiline
|l| Elfuseon
|
|t:|1665941996
|switch|p2a: Tangrowth|Tangrowth, F|100/100
|-damage|p2a: Tangrowth|88/100|[from] Stealth Rock
|move|p1a: Thundurus|Psychic|p2a: Tangrowth
|-damage|p2a: Tangrowth|68/100
|
|upkeep
|turn|24
|
|t:|1665942009
|move|p1a: Thundurus|Volt Switch|p2a: Tangrowth
|-resisted|p2a: Tangrowth
|-damage|p2a: Tangrowth|55/100
|
|t:|1665942013
|switch|p1a: Cobalion|Cobalion|94/100|[from]move: Volt Switch
|-damage|p1a: Cobalion|91/100|[from] Stealth Rock
|move|p2a: Tangrowth|Knock Off|p1a: Cobalion
|-resisted|p1a: Cobalion
|-damage|p1a: Cobalion|82/100
|-damage|p2a: Tangrowth|38/100|[from] item: Rocky Helmet|[of] p1a: Cobalion
|-ability|p1a: Cobalion|Justified|boost
|-boost|p1a: Cobalion|atk|1
|-enditem|p1a: Cobalion|Rocky Helmet|[from] move: Knock Off|[of] p2a: Tangrowth
|
|upkeep
|turn|25
|j| Masskeauuu
|
|t:|1665942040
|switch|p2a: Salamence|Salamence, M|60/100
|-damage|p2a: Salamence|35/100|[from] Stealth Rock
|-ability|p2a: Salamence|Intimidate|boost
|-unboost|p1a: Cobalion|atk|1
|move|p1a: Cobalion|Close Combat|p2a: Salamence
|-resisted|p2a: Salamence
|-damage|p2a: Salamence|12/100
|-unboost|p1a: Cobalion|def|1
|-unboost|p1a: Cobalion|spd|1
|
|upkeep
|turn|26
|
|t:|1665942049
|move|p1a: Cobalion|Close Combat|p2a: Salamence
|-resisted|p2a: Salamence
|-damage|p2a: Salamence|0 fnt
|-unboost|p1a: Cobalion|def|1
|-unboost|p1a: Cobalion|spd|1
|faint|p2a: Salamence
|
|upkeep
|l| Alzozo
|j| SGKI
|
|t:|1665942071
|switch|p2a: Lycanroc|Lycanroc-Dusk, M|53/100
|-damage|p2a: Lycanroc|41/100|[from] Stealth Rock
|turn|27
|j| Alzozo
|
|t:|1665942080
|switch|p1a: Togekiss|Togekiss, M|5/100 psn
|-damage|p1a: Togekiss|0 fnt|[from] Stealth Rock
|faint|p1a: Togekiss
|move|p2a: Lycanroc|Close Combat|p1: Togekiss|[notarget]
|-fail|p2a: Lycanroc
|
|upkeep
|j| Cgddchh
|j| Dr J3kyll
|
|t:|1665942127
|switch|p1a: Tangrowth|Tangrowth, F|100/100
|-damage|p1a: Tangrowth|88/100|[from] Stealth Rock
|turn|28
|
|t:|1665942164
|move|p2a: Lycanroc|Close Combat|p1a: Tangrowth
|-damage|p1a: Tangrowth|38/100
|-unboost|p2a: Lycanroc|def|1
|-unboost|p2a: Lycanroc|spd|1
|move|p1a: Tangrowth|Knock Off|p2a: Lycanroc
|-damage|p2a: Lycanroc|0 fnt
|-enditem|p2a: Lycanroc|Choice Band|[from] move: Knock Off|[of] p1a: Tangrowth
|faint|p2a: Lycanroc
|
|upkeep
|
|t:|1665942170
|switch|p2a: Diggersby|Diggersby, F|100/100
|-damage|p2a: Diggersby|94/100|[from] Stealth Rock
|turn|29
|j| Elfuseon
|
|t:|1665942183
|switch|p1a: Slowking|Slowking, M|46/100 tox
|-damage|p1a: Slowking|34/100 tox|[from] Stealth Rock
|move|p2a: Diggersby|U-turn|p1a: Slowking
|-supereffective|p1a: Slowking
|-damage|p1a: Slowking|0 fnt
|faint|p1a: Slowking
|
|t:|1665942189
|switch|p2a: Tangrowth|Tangrowth, F|71/100|[from]move: U-turn
|-damage|p2a: Tangrowth|59/100|[from] Stealth Rock
|
|upkeep
|j| yastia
|
|t:|1665942198
|switch|p1a: Tangrowth|Tangrowth, F|72/100
|-damage|p1a: Tangrowth|59/100|[from] Stealth Rock
|turn|30
|l| yastia
|j| yastia
|
|t:|1665942225
|move|p2a: Tangrowth|Sludge Bomb|p1a: Tangrowth
|-supereffective|p1a: Tangrowth
|-damage|p1a: Tangrowth|25/100
|move|p1a: Tangrowth|Knock Off|p2a: Tangrowth
|-damage|p2a: Tangrowth|43/100
|-enditem|p2a: Tangrowth|Assault Vest|[from] move: Knock Off|[of] p1a: Tangrowth
|
|upkeep
|turn|31
|l| yastia
|
|t:|1665942283
|switch|p2a: Diggersby|Diggersby, F|94/100
|-damage|p2a: Diggersby|88/100|[from] Stealth Rock
|switch|p1a: Thundurus|Thundurus-Therian, M|45/100
|
|upkeep
|turn|32
|j| yastia
|l| yastia
|
|t:|1665942311
|switch|p1a: Cobalion|Cobalion|82/100
|-damage|p1a: Cobalion|79/100|[from] Stealth Rock
|move|p2a: Diggersby|Body Slam|p1a: Cobalion
|-resisted|p1a: Cobalion
|-damage|p1a: Cobalion|57/100
|
|upkeep
|turn|33
|j| yastia
|
|t:|1665942350
|switch|p2a: Tangrowth|Tangrowth, F|76/100
|-damage|p2a: Tangrowth|64/100|[from] Stealth Rock
|move|p1a: Cobalion|Close Combat|p2a: Tangrowth
|-damage|p2a: Tangrowth|28/100
|-unboost|p1a: Cobalion|def|1
|-unboost|p1a: Cobalion|spd|1
|
|upkeep
|turn|34
|l| yastia
|
|t:|1665942373
|switch|p2a: Rotom|Rotom-Wash|68/100
|-damage|p2a: Rotom|56/100|[from] Stealth Rock
|move|p1a: Cobalion|Close Combat|p2a: Rotom
|-damage|p2a: Rotom|1/100
|-unboost|p1a: Cobalion|def|1
|-unboost|p1a: Cobalion|spd|1
|
|-heal|p2a: Rotom|7/100|[from] item: Leftovers
|upkeep
|turn|35
|j| yastia
|
|t:|1665942382
|move|p1a: Cobalion|Close Combat|p2a: Rotom
|-damage|p2a: Rotom|0 fnt
|-unboost|p1a: Cobalion|def|1
|-unboost|p1a: Cobalion|spd|1
|faint|p2a: Rotom
|
|upkeep
|j| AzZoCcX
|l| Two-ton Rebel
|
|t:|1665942407
|switch|p2a: Tangrowth|Tangrowth, F|61/100
|-damage|p2a: Tangrowth|49/100|[from] Stealth Rock
|turn|36
|j| Fathiryxi
|
|t:|1665942422
|switch|p1a: Thundurus|Thundurus-Therian, M|45/100
|move|p2a: Tangrowth|Focus Blast|p1a: Thundurus
|-resisted|p1a: Thundurus
|-damage|p1a: Thundurus|24/100
|
|upkeep
|turn|37
|l| Cherbou
|l| Elfuseon
|l| yastia
|j| Cherbou
|j| yastia
|l| yastia
|
|t:|1665942486
|switch|p2a: Diggersby|Diggersby, F|88/100
|-damage|p2a: Diggersby|82/100|[from] Stealth Rock
|move|p1a: Thundurus|Psychic|p2a: Diggersby
|-damage|p2a: Diggersby|38/100
|
|upkeep
|turn|38
|l| Cgddchh
|j| Elfuseon
|
|t:|1665942504
|move|p2a: Diggersby|Body Slam|p1a: Thundurus
|-damage|p1a: Thundurus|0 fnt
|faint|p1a: Thundurus
|
|upkeep
|j| yastia
|
|t:|1665942521
|switch|p1a: Cobalion|Cobalion|57/100
|-damage|p1a: Cobalion|54/100|[from] Stealth Rock
|turn|39
|l| SGKI
|l| yastia
|j| black thunderbolt
|
|t:|1665942561
|move|p2a: Diggersby|Body Slam|p1a: Cobalion
|-resisted|p1a: Cobalion
|-damage|p1a: Cobalion|31/100
|-status|p1a: Cobalion|par
|move|p1a: Cobalion|Close Combat|p2a: Diggersby
|-supereffective|p2a: Diggersby
|-damage|p2a: Diggersby|0 fnt
|-unboost|p1a: Cobalion|def|1
|-unboost|p1a: Cobalion|spd|1
|faint|p2a: Diggersby
|
|upkeep
|j| SGKI
|
|t:|1665942565
|switch|p2a: Tangrowth|Tangrowth, F|82/100
|-damage|p2a: Tangrowth|70/100|[from] Stealth Rock
|turn|40
|j| yastia
|
|t:|1665942580
|move|p1a: Cobalion|Close Combat|p2a: Tangrowth
|-damage|p2a: Tangrowth|37/100
|-unboost|p1a: Cobalion|def|1
|-unboost|p1a: Cobalion|spd|1
|move|p2a: Tangrowth|Focus Blast|p1a: Cobalion
|-supereffective|p1a: Cobalion
|-damage|p1a: Cobalion|0 fnt
|faint|p1a: Cobalion
|
|upkeep
|
|t:|1665942584
|switch|p1a: Tangrowth|Tangrowth, F|58/100
|-damage|p1a: Tangrowth|46/100|[from] Stealth Rock
|turn|41
|
|t:|1665942586
|move|p2a: Tangrowth|Sludge Bomb|p1a: Tangrowth
|-supereffective|p1a: Tangrowth
|-damage|p1a: Tangrowth|16/100
|move|p1a: Tangrowth|Sludge Bomb|p2a: Tangrowth
|-supereffective|p2a: Tangrowth
|-damage|p2a: Tangrowth|0 fnt
|faint|p2a: Tangrowth
|
|win|jeza.p
|c|☆Zephyyyr|Gg
|l| black thunderbolt
|c|☆jeza.p|gg
|l| KB9 Ballon D'Or
|l|☆Zephyyyr
|l| Dr J3kyll
|l| Exiline
|l| SGKI
|l| AzZoCcX
|l| Gelbel3c
|l| Elfuseon
|l| yastia
|l| weshbien
|l| Alzozo
|l| RoiDadadou
|l| Masskeauuu
|l| Sharow
|l| Cherbou
|l| flow de la hess
|l| VishIsNice
|l| outd yabuki
|l|☆jeza.p
|l| 199O
|n| K4R1MB3NZ3M4|bhalal
|l| Fathiryxi
|l| veigrgrn
|l|@ironwater
|l| K4R1MB3NZ3M4
|n| Truc Chose|chosetruc
|l| Shafofficiel
|n| Chose Truc|trucchose
|j| Shafofficiel
|l| Shafofficiel
|j| truc116
|l| RichardMillePlain
|j| VishIsNice
|l| jeu qui pue
|l| VishIsNice
|l| truc116
|j| truc116
