|j|☆eeeeebbbbb
|j|☆DDD951
|t:|1656196090
|gametype|singles
|player|p1|eeeeebbbbb|169|1302
|player|p2|DDD951|170|1557
|teamsize|p1|6
|teamsize|p2|6
|gen|8
|tier|[Gen 8] UU
|rated|
|rule|Sleep Clause Mod: Limit one foe put to sleep
|rule|Species Clause: Limit one of each Pokémon
|rule|OHKO Clause: OHKO moves are banned
|rule|Evasion Moves Clause: Evasion moves are banned
|rule|Endless Battle Clause: Forcing endless battles is banned
|rule|HP Percentage Mod: HP is shown in percentages
|rule|Dynamax Clause: You cannot dynamax
|clearpoke
|poke|p1|Amoonguss, F|
|poke|p1|Keldeo-Resolute|
|poke|p1|Nidoking, M|
|poke|p1|Swampert, F|
|poke|p1|Moltres|
|poke|p1|Zygarde-10%|
|poke|p2|Scizor, M|
|poke|p2|Gyarados, M|
|poke|p2|Starmie|
|poke|p2|Nihilego|
|poke|p2|Tangrowth, M|
|poke|p2|Darmanitan, M|
|teampreview
|inactive|Battle timer is ON: inactive players will automatically lose when time's up. (requested by eeeeebbbbb)
|
|t:|1656196101
|start
|switch|p1a: Keldeo|Keldeo-Resolute|100/100
|switch|p2a: Tangrowth|Tangrowth, M|100/100
|turn|1
|
|t:|1656196106
|move|p1a: Keldeo|Substitute|p1a: Keldeo
|-start|p1a: Keldeo|Substitute
|-damage|p1a: Keldeo|76/100
|move|p2a: Tangrowth|Knock Off|p1a: Keldeo
|-resisted|p1a: Keldeo
|-activate|p1a: Keldeo|move: Substitute|[damage]
|
|-heal|p1a: Keldeo|82/100|[from] item: Leftovers
|upkeep
|turn|2
|
|t:|1656196113
|move|p1a: Keldeo|Calm Mind|p1a: Keldeo
|-boost|p1a: Keldeo|spa|1
|-boost|p1a: Keldeo|spd|1
|move|p2a: Tangrowth|Giga Drain|p1a: Keldeo
|-supereffective|p1a: Keldeo
|-end|p1a: Keldeo|Substitute
|
|-heal|p1a: Keldeo|88/100|[from] item: Leftovers
|upkeep
|turn|3
|
|t:|1656196120
|move|p1a: Keldeo|Substitute|p1a: Keldeo
|-start|p1a: Keldeo|Substitute
|-damage|p1a: Keldeo|63/100
|move|p2a: Tangrowth|Giga Drain|p1a: Keldeo
|-supereffective|p1a: Keldeo
|-end|p1a: Keldeo|Substitute
|
|-heal|p1a: Keldeo|70/100|[from] item: Leftovers
|upkeep
|turn|4
|
|t:|1656196127
|move|p1a: Keldeo|Calm Mind|p1a: Keldeo
|-boost|p1a: Keldeo|spa|1
|-boost|p1a: Keldeo|spd|1
|move|p2a: Tangrowth|Knock Off|p1a: Keldeo
|-resisted|p1a: Keldeo
|-damage|p1a: Keldeo|56/100
|-ability|p1a: Keldeo|Justified|boost
|-boost|p1a: Keldeo|atk|1
|-enditem|p1a: Keldeo|Leftovers|[from] move: Knock Off|[of] p2a: Tangrowth
|
|upkeep
|turn|5
|
|t:|1656196137
|move|p1a: Keldeo|Calm Mind|p1a: Keldeo
|-boost|p1a: Keldeo|spa|1
|-boost|p1a: Keldeo|spd|1
|move|p2a: Tangrowth|Giga Drain|p1a: Keldeo
|-supereffective|p1a: Keldeo
|-damage|p1a: Keldeo|31/100
|
|upkeep
|turn|6
|
|t:|1656196143
|move|p1a: Keldeo|Calm Mind|p1a: Keldeo
|-boost|p1a: Keldeo|spa|1
|-boost|p1a: Keldeo|spd|1
|move|p2a: Tangrowth|Giga Drain|p1a: Keldeo
|-supereffective|p1a: Keldeo
|-damage|p1a: Keldeo|8/100
|
|upkeep
|turn|7
|
|t:|1656196149
|move|p1a: Keldeo|Secret Sword|p2a: Tangrowth
|-damage|p2a: Tangrowth|10/100
|move|p2a: Tangrowth|Giga Drain|p1a: Keldeo
|-supereffective|p1a: Keldeo
|-damage|p1a: Keldeo|0 fnt
|-heal|p2a: Tangrowth|13/100|[from] drain|[of] p1a: Keldeo
|faint|p1a: Keldeo
|
|upkeep
|
|t:|1656196154
|switch|p1a: Moltres|Moltres|100/100
|turn|8
|
|t:|1656196161
|switch|p1a: Nidoking|Nidoking, M|100/100
|switch|p2a: Nihilego|Nihilego|100/100
|
|upkeep
|turn|9
|
|t:|1656196171
|switch|p2a: Starmie|Starmie|100/100
|move|p1a: Nidoking|Sludge Wave|p2a: Starmie
|-damage|p2a: Starmie|0 fnt
|faint|p2a: Starmie
|
|upkeep
|
|t:|1656196179
|switch|p2a: Darmanitan|Darmanitan, M|100/100
|turn|10
|
|t:|1656196183
|switch|p1a: Moltres|Moltres|100/100
|move|p2a: Darmanitan|U-turn|p1a: Moltres
|-resisted|p1a: Moltres
|-damage|p1a: Moltres|96/100
|
|t:|1656196188
|switch|p2a: Nihilego|Nihilego|100/100|[from]move: U-turn
|
|upkeep
|turn|11
|
|t:|1656196192
|switch|p1a: Swampert|Swampert, F|100/100
|move|p2a: Nihilego|Stealth Rock|p1a: Swampert
|-sidestart|p1: eeeeebbbbb|move: Stealth Rock
|
|upkeep
|turn|12
|
|t:|1656196196
|move|p2a: Nihilego|Knock Off|p1a: Swampert
|-damage|p1a: Swampert|90/100
|-enditem|p1a: Swampert|Leftovers|[from] move: Knock Off|[of] p2a: Nihilego
|move|p1a: Swampert|Stealth Rock|p2a: Nihilego
|-sidestart|p2: DDD951|move: Stealth Rock
|
|upkeep
|turn|13
|
|t:|1656196206
|switch|p2a: Tangrowth|Tangrowth, M|46/100
|-damage|p2a: Tangrowth|34/100|[from] Stealth Rock
|move|p1a: Swampert|Flip Turn|p2a: Tangrowth
|-resisted|p2a: Tangrowth
|-damage|p2a: Tangrowth|25/100
|
|t:|1656196213
|switch|p1a: Nidoking|Nidoking, M|100/100|[from]move: Flip Turn
|-damage|p1a: Nidoking|95/100|[from] Stealth Rock
|
|upkeep
|turn|14
|
|t:|1656196218
|switch|p2a: Nihilego|Nihilego|100/100
|-damage|p2a: Nihilego|88/100|[from] Stealth Rock
|move|p1a: Nidoking|Fire Blast|p2a: Nihilego
|-resisted|p2a: Nihilego
|-damage|p2a: Nihilego|70/100
|
|-heal|p2a: Nihilego|76/100|[from] item: Black Sludge
|upkeep
|turn|15
|
|t:|1656196227
|move|p2a: Nihilego|Knock Off|p1a: Nidoking
|-damage|p1a: Nidoking|79/100
|-enditem|p1a: Nidoking|Life Orb|[from] move: Knock Off|[of] p2a: Nihilego
|move|p1a: Nidoking|Earth Power|p2a: Nihilego
|-supereffective|p2a: Nihilego
|-damage|p2a: Nihilego|0 fnt
|faint|p2a: Nihilego
|
|upkeep
|
|t:|1656196235
|switch|p2a: Darmanitan|Darmanitan, M|100/100
|-damage|p2a: Darmanitan|76/100|[from] Stealth Rock
|turn|16
|
|t:|1656196239
|switch|p1a: Swampert|Swampert, F|90/100
|-damage|p1a: Swampert|84/100|[from] Stealth Rock
|move|p2a: Darmanitan|U-turn|p1a: Swampert
|-damage|p1a: Swampert|58/100
|
|t:|1656196244
|switch|p2a: Tangrowth|Tangrowth, M|59/100|[from]move: U-turn
|-damage|p2a: Tangrowth|46/100|[from] Stealth Rock
|
|upkeep
|turn|17
|
|t:|1656196253
|move|p1a: Swampert|Toxic|p2a: Tangrowth
|-status|p2a: Tangrowth|tox
|move|p2a: Tangrowth|Knock Off|p1a: Swampert
|-damage|p1a: Swampert|46/100
|
|-damage|p2a: Tangrowth|40/100 tox|[from] psn
|upkeep
|turn|18
|
|t:|1656196259
|switch|p1a: Moltres|Moltres|96/100
|move|p2a: Tangrowth|Knock Off|p1a: Moltres
|-damage|p1a: Moltres|82/100
|-enditem|p1a: Moltres|Heavy-Duty Boots|[from] move: Knock Off|[of] p2a: Tangrowth
|
|-damage|p2a: Tangrowth|28/100 tox|[from] psn
|upkeep
|turn|19
|
|t:|1656196267
|move|p1a: Moltres|Defog|p2a: Tangrowth
|-unboost|p2a: Tangrowth|evasion|1
|-sideend|p2: DDD951|Stealth Rock|[from] move: Defog|[of] p1a: Moltres
|-sideend|p1: eeeeebbbbb|Stealth Rock|[from] move: Defog|[of] p1a: Moltres
|move|p2a: Tangrowth|Sludge Bomb|p1a: Moltres
|-damage|p1a: Moltres|58/100
|-status|p1a: Moltres|psn
|
|-damage|p1a: Moltres|46/100 psn|[from] psn
|-damage|p2a: Tangrowth|9/100 tox|[from] psn
|upkeep
|turn|20
|
|t:|1656196277
|switch|p2a: Darmanitan|Darmanitan, M|76/100
|move|p1a: Moltres|Roost|p1a: Moltres
|-heal|p1a: Moltres|96/100 psn
|-singleturn|p1a: Moltres|move: Roost
|
|-damage|p1a: Moltres|84/100 psn|[from] psn
|upkeep
|turn|21
|
|t:|1656196285
|move|p2a: Darmanitan|U-turn|p1a: Moltres
|-resisted|p1a: Moltres
|-damage|p1a: Moltres|80/100 psn
|
|t:|1656196287
|switch|p2a: Tangrowth|Tangrowth, M|42/100 tox|[from]move: U-turn
|move|p1a: Moltres|Toxic|p2a: Tangrowth
|-fail|p2a: Tangrowth|tox
|
|-damage|p1a: Moltres|68/100 psn|[from] psn
|-damage|p2a: Tangrowth|36/100 tox|[from] psn
|upkeep
|turn|22
|
|t:|1656196295
|switch|p2a: Darmanitan|Darmanitan, M|76/100
|move|p1a: Moltres|Fire Blast|p2a: Darmanitan
|-resisted|p2a: Darmanitan
|-damage|p2a: Darmanitan|42/100
|
|-damage|p1a: Moltres|55/100 psn|[from] psn
|upkeep
|turn|23
|
|t:|1656196302
|move|p2a: Darmanitan|U-turn|p1a: Moltres
|-resisted|p1a: Moltres
|-damage|p1a: Moltres|51/100 psn
|
|t:|1656196305
|switch|p2a: Tangrowth|Tangrowth, M|69/100 tox|[from]move: U-turn
|move|p1a: Moltres|Roost|p1a: Moltres
|-heal|p1a: Moltres|100/100 psn
|-singleturn|p1a: Moltres|move: Roost
|
|-damage|p1a: Moltres|88/100 psn|[from] psn
|-damage|p2a: Tangrowth|63/100 tox|[from] psn
|upkeep
|turn|24
|
|t:|1656196317
|switch|p2a: Darmanitan|Darmanitan, M|42/100
|move|p1a: Moltres|Fire Blast|p2a: Darmanitan
|-resisted|p2a: Darmanitan
|-damage|p2a: Darmanitan|6/100
|
|-damage|p1a: Moltres|76/100 psn|[from] psn
|upkeep
|turn|25
|
|t:|1656196324
|move|p2a: Darmanitan|Rock Slide|p1a: Moltres
|-supereffective|p1a: Moltres
|-damage|p1a: Moltres|0 fnt
|faint|p1a: Moltres
|
|upkeep
|
|t:|1656196333
|switch|p1a: Zygarde|Zygarde-10%|100/100
|-ability|p1a: Zygarde|Aura Break
|turn|26
|
|t:|1656196341
|switch|p2a: Tangrowth|Tangrowth, M|96/100 tox
|move|p1a: Zygarde|Superpower|p2a: Tangrowth
|-damage|p2a: Tangrowth|57/100 tox
|-unboost|p1a: Zygarde|atk|1
|-unboost|p1a: Zygarde|def|1
|
|-damage|p2a: Tangrowth|51/100 tox|[from] psn
|upkeep
|turn|27
|
|t:|1656196351
|switch|p1a: Nidoking|Nidoking, M|79/100
|switch|p2a: Darmanitan|Darmanitan, M|6/100
|
|upkeep
|turn|28
|
|t:|1656196359
|switch|p1a: Swampert|Swampert, F|46/100
|move|p2a: Darmanitan|Flare Blitz|p1a: Swampert
|-resisted|p1a: Swampert
|-damage|p1a: Swampert|3/100
|-damage|p2a: Darmanitan|0 fnt|[from] Recoil
|faint|p2a: Darmanitan
|
|upkeep
|
|t:|1656196367
|switch|p2a: Gyarados|Gyarados, M|100/100
|-ability|p2a: Gyarados|Intimidate|boost
|-unboost|p1a: Swampert|atk|1
|turn|29
|
|t:|1656196371
|move|p2a: Gyarados|Substitute|p2a: Gyarados
|-start|p2a: Gyarados|Substitute
|-damage|p2a: Gyarados|76/100
|move|p1a: Swampert|Toxic||[still]
|-fail|p1a: Swampert
|
|-heal|p2a: Gyarados|82/100|[from] item: Leftovers
|upkeep
|turn|30
|
|t:|1656196377
|move|p2a: Gyarados|Dragon Dance|p2a: Gyarados
|-boost|p2a: Gyarados|atk|1
|-boost|p2a: Gyarados|spe|1
|move|p1a: Swampert|Flip Turn|p2a: Gyarados
|-resisted|p2a: Gyarados
|-crit|p2a: Gyarados
|-end|p2a: Gyarados|Substitute
|
|t:|1656196385
|switch|p1a: Amoonguss|Amoonguss, F|100/100|[from]move: Flip Turn
|
|-heal|p2a: Gyarados|88/100|[from] item: Leftovers
|upkeep
|turn|31
|
|t:|1656196390
|move|p2a: Gyarados|Bounce||[still]
|-prepare|p2a: Gyarados|Bounce
|move|p1a: Amoonguss|Giga Drain|p2a: Gyarados|[miss]
|-miss|p1a: Amoonguss|p2a: Gyarados
|
|-heal|p2a: Gyarados|94/100|[from] item: Leftovers
|upkeep
|turn|32
|
|t:|1656196396
|move|p2a: Gyarados|Bounce|p1a: Amoonguss|[from]lockedmove
|-supereffective|p1a: Amoonguss
|-damage|p1a: Amoonguss|11/100
|-status|p1a: Amoonguss|par
|cant|p1a: Amoonguss|par
|
|-heal|p2a: Gyarados|99/100|[from] item: Leftovers
|-heal|p1a: Amoonguss|17/100 par|[from] item: Black Sludge
|upkeep
|turn|33
|
|t:|1656196404
|move|p2a: Gyarados|Substitute|p2a: Gyarados
|-start|p2a: Gyarados|Substitute
|-damage|p2a: Gyarados|75/100
|move|p1a: Amoonguss|Spore||[still]
|-fail|p1a: Amoonguss
|
|-heal|p2a: Gyarados|81/100|[from] item: Leftovers
|-heal|p1a: Amoonguss|24/100 par|[from] item: Black Sludge
|upkeep
|turn|34
|
|t:|1656196412
|move|p2a: Gyarados|Dragon Dance|p2a: Gyarados
|-boost|p2a: Gyarados|atk|1
|-boost|p2a: Gyarados|spe|1
|move|p1a: Amoonguss|Giga Drain|p2a: Gyarados
|-activate|p2a: Gyarados|move: Substitute|[damage]
|-heal|p1a: Amoonguss|32/100 par|[from] drain|[of] p2a: Gyarados
|
|-heal|p2a: Gyarados|87/100|[from] item: Leftovers
|-heal|p1a: Amoonguss|39/100 par|[from] item: Black Sludge
|upkeep
|turn|35
|
|t:|1656196421
|move|p2a: Gyarados|Bounce||[still]
|-prepare|p2a: Gyarados|Bounce
|move|p1a: Amoonguss|Clear Smog|p2a: Gyarados|[miss]
|-miss|p1a: Amoonguss|p2a: Gyarados
|
|-heal|p2a: Gyarados|93/100|[from] item: Leftovers
|-heal|p1a: Amoonguss|45/100 par|[from] item: Black Sludge
|upkeep
|turn|36
|
|t:|1656196428
|switch|p1a: Swampert|Swampert, F|3/100
|move|p2a: Gyarados|Bounce|p1a: Swampert|[from]lockedmove
|-damage|p1a: Swampert|0 fnt
|faint|p1a: Swampert
|
|-heal|p2a: Gyarados|99/100|[from] item: Leftovers
|upkeep
|
|t:|1656196434
|switch|p1a: Zygarde|Zygarde-10%|100/100
|-ability|p1a: Zygarde|Aura Break
|turn|37
|
|t:|1656196439
|move|p1a: Zygarde|Extreme Speed|p2a: Gyarados
|-end|p2a: Gyarados|Substitute
|move|p2a: Gyarados|Waterfall|p1a: Zygarde
|-damage|p1a: Zygarde|0 fnt
|faint|p1a: Zygarde
|
|-heal|p2a: Gyarados|100/100|[from] item: Leftovers
|upkeep
|
|t:|1656196441
|switch|p1a: Nidoking|Nidoking, M|79/100
|turn|38
|
|t:|1656196448
|move|p2a: Gyarados|Waterfall|p1a: Nidoking
|-supereffective|p1a: Nidoking
|-damage|p1a: Nidoking|0 fnt
|faint|p1a: Nidoking
|
|upkeep
|
|t:|1656196450
|switch|p1a: Amoonguss|Amoonguss, F|78/100 par
|turn|39
|
|t:|1656196454
|move|p2a: Gyarados|Substitute|p2a: Gyarados
|-start|p2a: Gyarados|Substitute
|-damage|p2a: Gyarados|76/100
|move|p1a: Amoonguss|Giga Drain|p2a: Gyarados
|-activate|p2a: Gyarados|move: Substitute|[damage]
|-heal|p1a: Amoonguss|87/100 par|[from] drain|[of] p2a: Gyarados
|
|-heal|p2a: Gyarados|82/100|[from] item: Leftovers
|-heal|p1a: Amoonguss|93/100 par|[from] item: Black Sludge
|upkeep
|turn|40
|
|t:|1656196463
|move|p2a: Gyarados|Bounce||[still]
|-prepare|p2a: Gyarados|Bounce
|move|p1a: Amoonguss|Giga Drain|p2a: Gyarados|[miss]
|-miss|p1a: Amoonguss|p2a: Gyarados
|
|-heal|p2a: Gyarados|88/100|[from] item: Leftovers
|-heal|p1a: Amoonguss|99/100 par|[from] item: Black Sludge
|upkeep
|turn|41
|
|t:|1656196470
|move|p2a: Gyarados|Bounce|p1a: Amoonguss|[from]lockedmove
|-supereffective|p1a: Amoonguss
|-damage|p1a: Amoonguss|0 fnt
|faint|p1a: Amoonguss
|
|win|DDD951
|raw|eeeeebbbbb's rating: 1302 &rarr; <strong>1295</strong><br />(-7 for losing)
|raw|DDD951's rating: 1557 &rarr; <strong>1564</strong><br />(+7 for winning)
|l|☆eeeeebbbbb
||Ladder isn't responding, score probably updated but might not have (Request timeout).
