|j|☆Congelateur-sama
|j|☆Fan2Staxi
|t:|1626359727
|gametype|singles
|player|p1|Congelateur-sama|#fcpl4raichicheurs|
|player|p2|Fan2Staxi|plumeria|
|teamsize|p1|6
|teamsize|p2|6
|gen|8
|tier|[Gen 8] UU
|rule|Sleep Clause Mod: Limit one foe put to sleep
|rule|Species Clause: Limit one of each Pokémon
|rule|OHKO Clause: OHKO moves are banned
|rule|Evasion Moves Clause: Evasion moves are banned
|rule|Endless Battle Clause: Forcing endless battles is banned
|rule|HP Percentage Mod: HP is shown in percentages
|rule|Dynamax Clause: You cannot dynamax
|clearpoke
|poke|p1|Tangrowth, F|
|poke|p1|Reuniclus, F|
|poke|p1|Slowbro-Galar, M|
|poke|p1|Salamence, M|
|poke|p1|Primarina, M|
|poke|p1|Krookodile, F|
|poke|p2|Aegislash, F|
|poke|p2|Buzzwole|
|poke|p2|Krookodile, F|
|poke|p2|Salamence, F|
|poke|p2|Thundurus, M|
|poke|p2|Volcanion|
|teampreview
|c|☆Fan2Staxi|hf
|c|☆Congelateur-sama|Hf
|c|☆Congelateur-sama|Tu peux link ?
|c|☆Fan2Staxi|Faut link même?
|c|☆Congelateur-sama|Oui
|c|☆Fan2Staxi|Je fais ça du coup
|c|☆Congelateur-sama|Je vai link à pa team
|c|☆Congelateur-sama|Je suis sur tel
|j| Frrf
|j|%Pujo
|c|%Pujo|le RICA
|j| PIRANHA BABY
|l|☆Congelateur-sama
|player|p1|
|c|☆Fan2Staxi|Mec, j'ai ultra mal au ventre à cause d'hier soir
|c|☆Fan2Staxi|C'est infâme
|j|☆Congelateur-sama
|player|p1|Congelateur-sama|#fcpl4raichicheurs
|c|%Pujo|mais ptdr t un fragile
|c| PIRANHA BABY|AGARICARD
|c|☆Congelateur-sama|Ok go
|c|%Pujo|gros vous avez RIEN bu
|c|☆Fan2Staxi|Absolument Pujo
|j| RULT70M Zena'
|c|☆Fan2Staxi|Mec, t'étais pas chez Siamato
|c|%Pujo|mais même
|j| tierlist fromages
|c| PIRANHA BABY|J’ai la même tkt pas Aga
|c|%Pujo|genre on s'est démontés 4 shots chacun après quand t parti
|c| PIRANHA BABY|Faut rester fort
|c|%Pujo|tout allait bien
|c| PIRANHA BABY|:muscle:
|c|☆Fan2Staxi|Ouais mais moi j'ai pas un foie flingué comme le votre
|j| Grimji
|
|t:|1626359886
|start
|switch|p1a: Krookodile|Krookodile, F|100/100
|switch|p2a: Fem|Thundurus, M|100/100
|-ability|p1a: Krookodile|Intimidate|boost
|-unboost|p2a: Fem|atk|1
|-ability|p2a: Fem|Defiant
|-boost|p2a: Fem|atk|2
|turn|1
|
|t:|1626359899
|move|p1a: Krookodile|Knock Off|p2a: Fem
|-damage|p2a: Fem|32/100
|-enditem|p2a: Fem|Heavy-Duty Boots|[from] move: Knock Off|[of] p1a: Krookodile
|move|p2a: Fem|U-turn|p1a: Krookodile
|-supereffective|p1a: Krookodile
|-damage|p1a: Krookodile|39/100
|
|t:|1626359906
|switch|p2a: Trois|Krookodile, F|100/100|[from]move: U-turn
|-ability|p2a: Trois|Intimidate|boost
|-unboost|p1a: Krookodile|atk|1
|
|upkeep
|turn|2
|
|t:|1626359915
|switch|p1a: Salamence|Salamence, M|100/100
|-ability|p1a: Salamence|Intimidate|boost
|-unboost|p2a: Trois|atk|1
|move|p2a: Trois|Stealth Rock|p1a: Salamence
|-sidestart|p1: Congelateur-sama|move: Stealth Rock
|
|upkeep
|turn|3
|
|t:|1626359929
|move|p1a: Salamence|Draco Meteor|p2a: Trois
|-damage|p2a: Trois|23/100
|-unboost|p1a: Salamence|spa|2
|move|p2a: Trois|Taunt|p1a: Salamence
|-start|p1a: Salamence|move: Taunt
|
|-heal|p2a: Trois|29/100|[from] item: Leftovers
|upkeep
|turn|4
|j| Tarrembeau
|
|t:|1626359968
|switch|p2a: Ein|Aegislash, F|100/100
|move|p1a: Salamence|Draco Meteor|p2a: Ein
|-resisted|p2a: Ein
|-damage|p2a: Ein|87/100
|-unboost|p1a: Salamence|spa|2
|
|upkeep
|turn|5
|j| Altthiel 水
|
|t:|1626360002
|switch|p1a: Primarina|Primarina, M|100/100
|-damage|p1a: Primarina|88/100|[from] Stealth Rock
|-formechange|p2a: Ein|Aegislash-Blade||[from] ability: Stance Change
|move|p2a: Ein|Shadow Ball|p1a: Primarina
|-damage|p1a: Primarina|44/100
|
|-heal|p1a: Primarina|50/100|[from] item: Leftovers
|upkeep
|turn|6
|
|t:|1626360014
|switch|p2a: Liu|Volcanion|100/100
|move|p1a: Primarina|Rest|p1a: Primarina
|-status|p1a: Primarina|slp|[from] move: Rest
|-heal|p1a: Primarina|100/100 slp|[silent]
|
|upkeep
|turn|7
|j| Fabulousious
|
|t:|1626360033
|switch|p1a: Reuniclus|Reuniclus, F|100/100
|-damage|p1a: Reuniclus|88/100|[from] Stealth Rock
|move|p2a: Liu|Steam Eruption|p1a: Reuniclus
|-damage|p1a: Reuniclus|58/100
|-status|p1a: Reuniclus|brn
|
|-damage|p1a: Reuniclus|52/100 brn|[from] brn
|upkeep
|turn|8
|l| Tarrembeau
|
|t:|1626360057
|switch|p2a: Ein|Aegislash, F|87/100
|move|p1a: Reuniclus|Knock Off|p2a: Ein
|-supereffective|p2a: Ein
|-damage|p2a: Ein|72/100
|-enditem|p2a: Ein|Spell Tag|[from] move: Knock Off|[of] p1a: Reuniclus
|
|-damage|p1a: Reuniclus|46/100 brn|[from] brn
|upkeep
|turn|9
|
|t:|1626360070
|switch|p1a: Salamence|Salamence, M|100/100
|-ability|p1a: Salamence|Intimidate|boost
|-unboost|p2a: Ein|atk|1
|-formechange|p2a: Ein|Aegislash-Blade||[from] ability: Stance Change
|move|p2a: Ein|Shadow Ball|p1a: Salamence
|-damage|p1a: Salamence|36/100
|
|upkeep
|turn|10
|l| PIRANHA BABY
|
|t:|1626360115
|switch|p2a: Liu|Volcanion|100/100
|move|p1a: Salamence|Flamethrower|p2a: Liu
|-resisted|p2a: Liu
|-damage|p2a: Liu|92/100
|
|upkeep
|turn|11
|
|t:|1626360126
|move|p1a: Salamence|Roost|p1a: Salamence
|-heal|p1a: Salamence|86/100
|-singleturn|p1a: Salamence|move: Roost
|move|p2a: Liu|Sludge Wave|p1a: Salamence
|-damage|p1a: Salamence|47/100
|
|upkeep
|turn|12
|
|t:|1626360158
|move|p1a: Salamence|Roost|p1a: Salamence
|-heal|p1a: Salamence|97/100
|-singleturn|p1a: Salamence|move: Roost
|move|p2a: Liu|Steam Eruption|p1a: Salamence
|-resisted|p1a: Salamence
|-damage|p1a: Salamence|62/100
|
|upkeep
|turn|13
|
|t:|1626360174
|move|p1a: Salamence|Draco Meteor|p2a: Liu|[miss]
|-miss|p1a: Salamence|p2a: Liu
|move|p2a: Liu|Steam Eruption|p1a: Salamence
|-resisted|p1a: Salamence
|-damage|p1a: Salamence|27/100
|-status|p1a: Salamence|brn
|
|-damage|p1a: Salamence|21/100 brn|[from] brn
|upkeep
|turn|14
|
|t:|1626360181
|switch|p2a: Ein|Aegislash, F|72/100
|move|p1a: Salamence|Roost|p1a: Salamence
|-heal|p1a: Salamence|71/100 brn
|-singleturn|p1a: Salamence|move: Roost
|
|-damage|p1a: Salamence|65/100 brn|[from] brn
|upkeep
|turn|15
|
|t:|1626360199
|switch|p1a: Primarina|Primarina, M|100/100 slp
|-damage|p1a: Primarina|88/100 slp|[from] Stealth Rock
|-formechange|p2a: Ein|Aegislash-Blade||[from] ability: Stance Change
|move|p2a: Ein|Shadow Ball|p1a: Primarina
|-damage|p1a: Primarina|49/100 slp
|
|-heal|p1a: Primarina|55/100 slp|[from] item: Leftovers
|upkeep
|turn|16
|
|t:|1626360208
|move|p2a: Ein|Shadow Ball|p1a: Primarina
|-damage|p1a: Primarina|14/100 slp
|cant|p1a: Primarina|slp
|move|p1a: Primarina|Sleep Talk|p1a: Primarina
|move|p1a: Primarina|Rest||[from]move: Sleep Talk|[still]
|-fail|p1a: Primarina
|
|-heal|p1a: Primarina|20/100 slp|[from] item: Leftovers
|upkeep
|turn|17
|c|☆Congelateur-sama|Ah mais bordel
|c|☆Congelateur-sama|J'ai vraiment aucune luck avec les sleep talk moi
|j| THEREALCRISTIANOR7
|
|t:|1626360280
|move|p2a: Ein|Shadow Ball|p1a: Primarina
|-damage|p1a: Primarina|0 fnt
|faint|p1a: Primarina
|
|upkeep
|
|t:|1626360291
|switch|p1a: Krookodile|Krookodile, F|39/100
|-damage|p1a: Krookodile|33/100|[from] Stealth Rock
|-ability|p1a: Krookodile|Intimidate|boost
|-unboost|p2a: Ein|atk|1
|turn|18
|
|t:|1626360297
|switch|p2a: Dos|Buzzwole|100/100
|move|p1a: Krookodile|Stealth Rock|p2a: Dos
|-sidestart|p2: Fan2Staxi|move: Stealth Rock
|
|upkeep
|turn|19
|
|t:|1626360319
|switch|p1a: Tangrowth|Tangrowth, F|100/100
|-damage|p1a: Tangrowth|88/100|[from] Stealth Rock
|switch|p2a: Fem|Thundurus, M|32/100
|-damage|p2a: Fem|7/100|[from] Stealth Rock
|
|upkeep
|turn|20
|
|t:|1626360341
|move|p2a: Fem|Knock Off|p1a: Tangrowth
|-damage|p1a: Tangrowth|76/100
|-damage|p2a: Fem|0 fnt|[from] item: Rocky Helmet|[of] p1a: Tangrowth
|faint|p2a: Fem
|move|p1a: Tangrowth|Sludge Bomb|p2: Fem|[notarget]
|-fail|p1a: Tangrowth
|
|upkeep
|
|t:|1626360356
|switch|p2a: Liu|Volcanion|92/100
|turn|21
|
|t:|1626360363
|switch|p1a: Reuniclus|Reuniclus, F|79/100 brn
|-damage|p1a: Reuniclus|67/100 brn|[from] Stealth Rock
|move|p2a: Liu|Flamethrower|p1a: Reuniclus
|-damage|p1a: Reuniclus|43/100 brn
|
|-damage|p1a: Reuniclus|37/100 brn|[from] brn
|upkeep
|turn|22
|l| Altthiel 水
|
|t:|1626360373
|switch|p2a: Ne|Salamence, F|100/100
|-ability|p2a: Ne|Intimidate|boost
|-unboost|p1a: Reuniclus|atk|1
|switch|p1a: Salamence|Salamence, M|65/100 brn
|-ability|p1a: Salamence|Intimidate|boost
|-unboost|p2a: Ne|atk|1
|
|-damage|p1a: Salamence|59/100 brn|[from] brn
|upkeep
|turn|23
|j| Commenter10901
|
|t:|1626360408
|switch|p2a: Trois|Krookodile, F|29/100
|-damage|p2a: Trois|23/100|[from] Stealth Rock
|-ability|p2a: Trois|Intimidate|boost
|-unboost|p1a: Salamence|atk|1
|move|p1a: Salamence|Draco Meteor|p2a: Trois
|-damage|p2a: Trois|0 fnt
|-unboost|p1a: Salamence|spa|2
|faint|p2a: Trois
|
|-damage|p1a: Salamence|53/100 brn|[from] brn
|upkeep
|
|t:|1626360421
|switch|p2a: Ne|Salamence, F|100/100
|-ability|p2a: Ne|Intimidate|boost
|-unboost|p1a: Salamence|atk|1
|turn|24
|j| Altthiel 水
|
|t:|1626360426
|switch|p1a: Reuniclus|Reuniclus, F|70/100 brn
|-damage|p1a: Reuniclus|58/100 brn|[from] Stealth Rock
|move|p2a: Ne|Dragon Dance|p2a: Ne
|-boost|p2a: Ne|atk|1
|-boost|p2a: Ne|spe|1
|
|-damage|p1a: Reuniclus|52/100 brn|[from] brn
|upkeep
|turn|25
|l| Commenter10901
|
|t:|1626360435
|switch|p1a: Tangrowth|Tangrowth, F|100/100
|-damage|p1a: Tangrowth|88/100|[from] Stealth Rock
|move|p2a: Ne|Dragon Dance|p2a: Ne
|-boost|p2a: Ne|atk|1
|-boost|p2a: Ne|spe|1
|
|upkeep
|turn|26
|
|t:|1626360443
|move|p2a: Ne|Dual Wingbeat|p1a: Tangrowth
|-supereffective|p1a: Tangrowth
|-damage|p1a: Tangrowth|44/100
|-damage|p2a: Ne|84/100|[from] item: Rocky Helmet|[of] p1a: Tangrowth
|-supereffective|p1a: Tangrowth
|-damage|p1a: Tangrowth|0 fnt
|-damage|p2a: Ne|68/100|[from] item: Rocky Helmet|[of] p1a: Tangrowth
|faint|p1a: Tangrowth
|-hitcount|p1: Tangrowth|2
|
|upkeep
|
|t:|1626360451
|switch|p1a: Krookodile|Krookodile, F|33/100
|-damage|p1a: Krookodile|27/100|[from] Stealth Rock
|-ability|p1a: Krookodile|Intimidate|boost
|-unboost|p2a: Ne|atk|1
|turn|27
|l|%Pujo
|j| Heika-Ssi
|j|%Pujo
|c| Heika-Ssi|ce vol d'alt
|c| THEREALCRISTIANOR7|Merci
|n| akehi|heikassi
|
|t:|1626360539
|switch|p1a: Salamence|Salamence, M|53/100 brn
|-ability|p1a: Salamence|Intimidate|boost
|-unboost|p2a: Ne|atk|1
|move|p2a: Ne|Dual Wingbeat|p1a: Salamence
|-damage|p1a: Salamence|27/100 brn
|-damage|p1a: Salamence|2/100 brn
|-hitcount|p1a: Salamence|2
|
|-damage|p1a: Salamence|0 fnt|[from] brn
|faint|p1a: Salamence
|upkeep
|
|t:|1626360542
|switch|p1a: Krookodile|Krookodile, F|27/100
|-damage|p1a: Krookodile|21/100|[from] Stealth Rock
|-ability|p1a: Krookodile|Intimidate|boost
|-unboost|p2a: Ne|atk|1
|turn|28
|
|t:|1626360551
|move|p2a: Ne|Roost|p2a: Ne
|-heal|p2a: Ne|100/100
|-singleturn|p2a: Ne|move: Roost
|move|p1a: Krookodile|Stone Edge|p2a: Ne
|-damage|p2a: Ne|65/100
|
|upkeep
|turn|29
|
|t:|1626360554
|move|p2a: Ne|Roost|p2a: Ne
|-heal|p2a: Ne|100/100
|-singleturn|p2a: Ne|move: Roost
|move|p1a: Krookodile|Stone Edge|p2a: Ne
|-damage|p2a: Ne|62/100
|
|upkeep
|turn|30
|
|t:|1626360558
|switch|p1a: Slowbro|Slowbro-Galar, M|100/100
|-damage|p1a: Slowbro|88/100|[from] Stealth Rock
|move|p2a: Ne|Roost|p2a: Ne
|-heal|p2a: Ne|100/100
|-singleturn|p2a: Ne|move: Roost
|
|upkeep
|turn|31
|
|t:|1626360563
|move|p2a: Ne|Dragon Dance|p2a: Ne
|-boost|p2a: Ne|atk|1
|-boost|p2a: Ne|spe|1
|move|p1a: Slowbro|Calm Mind|p1a: Slowbro
|-boost|p1a: Slowbro|spa|1
|-boost|p1a: Slowbro|spd|1
|
|upkeep
|turn|32
|
|t:|1626360568
|move|p2a: Ne|Dragon Dance|p2a: Ne
|-boost|p2a: Ne|atk|1
|-boost|p2a: Ne|spe|1
|move|p1a: Slowbro|Shell Side Arm|p2a: Ne|[anim] Shell Side Arm Special
|-damage|p2a: Ne|44/100
|-hint|Special Shell Side Arm
|
|upkeep
|turn|33
|
|t:|1626360572
|move|p2a: Ne|Earthquake|p1a: Slowbro
|-supereffective|p1a: Slowbro
|-damage|p1a: Slowbro|25/100
|move|p1a: Slowbro|Shell Side Arm|p2a: Ne|[anim] Shell Side Arm Special
|-damage|p2a: Ne|0 fnt
|-hint|Special Shell Side Arm
|faint|p2a: Ne
|
|upkeep
|
|t:|1626360617
|switch|p2a: Ein|Aegislash, F|72/100
|-damage|p2a: Ein|66/100|[from] Stealth Rock
|turn|34
|
|t:|1626360627
|switch|p1a: Reuniclus|Reuniclus, F|85/100 brn
|-damage|p1a: Reuniclus|73/100 brn|[from] Stealth Rock
|-formechange|p2a: Ein|Aegislash-Blade||[from] ability: Stance Change
|move|p2a: Ein|Shadow Ball|p1a: Reuniclus
|-supereffective|p1a: Reuniclus
|-damage|p1a: Reuniclus|29/100 brn
|-unboost|p1a: Reuniclus|spd|1
|
|-damage|p1a: Reuniclus|22/100 brn|[from] brn
|upkeep
|turn|35
|
|t:|1626360636
|move|p2a: Ein|Shadow Ball|p1a: Reuniclus
|-supereffective|p1a: Reuniclus
|-damage|p1a: Reuniclus|0 fnt
|faint|p1a: Reuniclus
|
|upkeep
|
|t:|1626360638
|switch|p1a: Krookodile|Krookodile, F|21/100
|-damage|p1a: Krookodile|15/100|[from] Stealth Rock
|-ability|p1a: Krookodile|Intimidate|boost
|-unboost|p2a: Ein|atk|1
|turn|36
|
|t:|1626360650
|switch|p2a: Dos|Buzzwole|100/100
|move|p1a: Krookodile|Earthquake|p2a: Dos
|-resisted|p2a: Dos
|-damage|p2a: Dos|83/100
|
|upkeep
|turn|37
|
|t:|1626360659
|move|p1a: Krookodile|Earthquake|p2a: Dos
|-resisted|p2a: Dos
|-damage|p2a: Dos|64/100
|move|p2a: Dos|Earthquake|p1a: Krookodile
|-damage|p1a: Krookodile|0 fnt
|faint|p1a: Krookodile
|-ability|p2a: Dos|Beast Boost|boost
|-boost|p2a: Dos|atk|1
|
|upkeep
|
|t:|1626360662
|switch|p1a: Slowbro|Slowbro-Galar, M|58/100
|-damage|p1a: Slowbro|46/100|[from] Stealth Rock
|turn|38
|
|t:|1626360666
|move|p2a: Dos|Earthquake|p1a: Slowbro
|-supereffective|p1a: Slowbro
|-damage|p1a: Slowbro|0 fnt
|faint|p1a: Slowbro
|
|win|Fan2Staxi
|l| Fabulousious
|c|☆Fan2Staxi|gg
|l|☆Congelateur-sama
|l|%Pujo
|l| tierlist fromages
