|j|☆The NP sweep
|j|☆pif
|t:|1667069800
|gametype|singles
|player|p1|The NP sweep|red|1562
|player|p2|pif|#uutrio2ladder|1763
|teamsize|p1|6
|teamsize|p2|6
|gen|8
|tier|[Gen 8] UU
|rated|
|rule|Sleep Clause Mod: Limit one foe put to sleep
|rule|Species Clause: Limit one of each Pokémon
|rule|OHKO Clause: OHKO moves are banned
|rule|Evasion Items Clause: Evasion items are banned
|rule|Evasion Moves Clause: Evasion moves are banned
|rule|Endless Battle Clause: Forcing endless battles is banned
|rule|HP Percentage Mod: HP is shown in percentages
|rule|Dynamax Clause: You cannot dynamax
|clearpoke
|poke|p1|Sylveon, F|
|poke|p1|Haxorus, M|
|poke|p1|Slowking, F|
|poke|p1|Salamence, F|
|poke|p1|Chandelure, F|
|poke|p1|Thundurus-Therian, M|
|poke|p2|Primarina, M|
|poke|p2|Rotom-Wash|
|poke|p2|Cobalion|
|poke|p2|Necrozma|
|poke|p2|Tangrowth, M|
|poke|p2|Zygarde-10%|
|teampreview
|inactive|Battle timer is ON: inactive players will automatically lose when time's up. (requested by The NP sweep)
|
|t:|1667069821
|start
|switch|p1a: Chandelure|Chandelure, F, shiny|100/100
|switch|p2a: tang ur wang|Tangrowth, M|100/100
|turn|1
|
|t:|1667069826
|switch|p2a: wishy washy|Rotom-Wash|100/100
|move|p1a: Chandelure|Shadow Ball|p2a: wishy washy
|-damage|p2a: wishy washy|41/100
|
|-heal|p2a: wishy washy|47/100|[from] item: Leftovers
|upkeep
|turn|2
|
|t:|1667069836
|switch|p2a: sheepy sweepy|Cobalion|100/100
|move|p1a: Chandelure|Shadow Ball|p2a: sheepy sweepy
|-crit|p2a: sheepy sweepy
|-damage|p2a: sheepy sweepy|0 fnt
|faint|p2a: sheepy sweepy
|
|upkeep
|
|t:|1667069840
|switch|p2a: Zygarde|Zygarde-10%|100/100
|-ability|p2a: Zygarde|Aura Break
|turn|3
|
|t:|1667069845
|switch|p1a: Salamence|Salamence, F|100/100
|-ability|p1a: Salamence|Intimidate|boost
|-unboost|p2a: Zygarde|atk|1
|move|p2a: Zygarde|Toxic|p1a: Salamence
|-status|p1a: Salamence|tox
|
|-damage|p1a: Salamence|94/100 tox|[from] psn
|upkeep
|turn|4
|
|t:|1667069849
|switch|p2a: seal that squeals|Primarina, M|100/100
|switch|p1a: Haxorus|Haxorus, M|100/100
|-ability|p1a: Haxorus|Mold Breaker
|
|upkeep
|turn|5
|
|t:|1667069852
|switch|p2a: Zygarde|Zygarde-10%|100/100
|-ability|p2a: Zygarde|Aura Break
|move|p1a: Haxorus|Poison Jab|p2a: Zygarde
|-resisted|p2a: Zygarde
|-damage|p2a: Zygarde|61/100
|
|upkeep
|turn|6
|
|t:|1667069856
|switch|p1a: Slowking|Slowking, F, shiny|100/100
|move|p2a: Zygarde|Thousand Arrows|p1a: Slowking
|-damage|p1a: Slowking|55/100
|
|upkeep
|turn|7
|
|t:|1667069864
|move|p2a: Zygarde|Thousand Arrows|p1a: Slowking
|-damage|p1a: Slowking|15/100
|move|p1a: Slowking|Slack Off|p1a: Slowking
|-heal|p1a: Slowking|65/100
|
|upkeep
|turn|8
|
|t:|1667069869
|switch|p2a: wishy washy|Rotom-Wash|47/100
|switch|p1a: Salamence|Salamence, F|94/100 tox
|-ability|p1a: Salamence|Intimidate|boost
|-unboost|p2a: wishy washy|atk|1
|
|-heal|p2a: wishy washy|53/100|[from] item: Leftovers
|-damage|p1a: Salamence|88/100 tox|[from] psn
|upkeep
|turn|9
|
|t:|1667069874
|switch|p1a: Sylveon|Sylveon, F, shiny|100/100
|move|p2a: wishy washy|Pain Split|p1a: Sylveon
|-sethp|p1a: Sylveon|71/100|[from] move: Pain Split|[silent]
|-sethp|p2a: wishy washy|92/100|[from] move: Pain Split
|
|-heal|p2a: wishy washy|98/100|[from] item: Leftovers
|-heal|p1a: Sylveon|77/100|[from] item: Leftovers
|upkeep
|turn|10
|
|t:|1667069878
|move|p2a: wishy washy|Volt Switch|p1a: Sylveon
|-damage|p1a: Sylveon|62/100
|
|t:|1667069884
|switch|p2a: dead head|Necrozma|100/100|[from]move: Volt Switch
|move|p1a: Sylveon|Heal Bell|p1a: Sylveon
|-activate|p1a: Sylveon|move: Heal Bell
|-curestatus|p1: Salamence|tox|[msg]
|
|-heal|p1a: Sylveon|69/100|[from] item: Leftovers
|upkeep
|turn|11
|
|t:|1667069894
|switch|p1a: Chandelure|Chandelure, F, shiny|100/100
|move|p2a: dead head|Calm Mind|p2a: dead head
|-boost|p2a: dead head|spa|1
|-boost|p2a: dead head|spd|1
|
|upkeep
|turn|12
|
|t:|1667069896
|move|p1a: Chandelure|Shadow Ball|p2a: dead head
|-supereffective|p2a: dead head
|-damage|p2a: dead head|33/100
|move|p2a: dead head|Photon Geyser|p1a: Chandelure
|-damage|p1a: Chandelure|0 fnt
|faint|p1a: Chandelure
|
|upkeep
|
|t:|1667069905
|switch|p1a: Haxorus|Haxorus, M|100/100
|-ability|p1a: Haxorus|Mold Breaker
|turn|13
|
|t:|1667069910
|switch|p2a: Zygarde|Zygarde-10%|61/100
|-ability|p2a: Zygarde|Aura Break
|move|p1a: Haxorus|Poison Jab|p2a: Zygarde
|-resisted|p2a: Zygarde
|-damage|p2a: Zygarde|16/100
|-status|p2a: Zygarde|psn
|
|-damage|p2a: Zygarde|4/100 psn|[from] psn
|upkeep
|turn|14
|
|t:|1667069919
|switch|p1a: Slowking|Slowking, F, shiny|98/100
|move|p2a: Zygarde|Thousand Arrows|p1a: Slowking
|-damage|p1a: Slowking|54/100
|
|-damage|p2a: Zygarde|0 fnt|[from] psn
|faint|p2a: Zygarde
|upkeep
|
|t:|1667069923
|switch|p2a: dead head|Necrozma|33/100
|turn|15
|
|t:|1667069926
|switch|p1a: Haxorus|Haxorus, M|100/100
|-ability|p1a: Haxorus|Mold Breaker
|move|p2a: dead head|Moonlight|p2a: dead head
|-heal|p2a: dead head|83/100
|
|upkeep
|turn|16
|
|t:|1667069935
|move|p1a: Haxorus|Outrage|p2a: dead head
|-damage|p2a: dead head|4/100
|move|p2a: dead head|Moonlight|p2a: dead head
|-heal|p2a: dead head|54/100
|
|upkeep
|turn|17
|
|t:|1667069940
|switch|p2a: seal that squeals|Primarina, M|100/100
|move|p1a: Haxorus|Outrage|p2a: seal that squeals|[from]lockedmove
|-immune|p2a: seal that squeals
|-start|p1a: Haxorus|confusion|[fatigue]
|
|upkeep
|turn|18
|
|t:|1667069944
|switch|p1a: Slowking|Slowking, F, shiny|87/100
|move|p2a: seal that squeals|Moonblast|p1a: Slowking
|-damage|p1a: Slowking|42/100
|-unboost|p1a: Slowking|spa|1
|
|upkeep
|turn|19
|
|t:|1667069948
|move|p2a: seal that squeals|Moonblast|p1a: Slowking
|-damage|p1a: Slowking|0 fnt
|faint|p1a: Slowking
|
|upkeep
|
|t:|1667069950
|switch|p1a: Thundurus|Thundurus-Therian, M|100/100
|turn|20
|
|t:|1667069956
|move|p1a: Thundurus|Nasty Plot|p1a: Thundurus
|-boost|p1a: Thundurus|spa|2
|move|p2a: seal that squeals|Ice Beam|p1a: Thundurus
|-supereffective|p1a: Thundurus
|-damage|p1a: Thundurus|4/100
|
|upkeep
|turn|21
|
|t:|1667069960
|switch|p2a: wishy washy|Rotom-Wash|98/100
|move|p1a: Thundurus|Thunderbolt|p2a: wishy washy
|-damage|p2a: wishy washy|11/100
|
|-heal|p2a: wishy washy|17/100|[from] item: Leftovers
|upkeep
|turn|22
|
|t:|1667069964
|move|p1a: Thundurus|Psychic|p2a: wishy washy
|-damage|p2a: wishy washy|0 fnt
|faint|p2a: wishy washy
|
|upkeep
|
|t:|1667069965
|switch|p2a: tang ur wang|Tangrowth, M|100/100
|turn|23
|
|t:|1667069971
|move|p1a: Thundurus|Psychic|p2a: tang ur wang
|-damage|p2a: tang ur wang|53/100
|move|p2a: tang ur wang|Sludge Bomb|p1a: Thundurus
|-damage|p1a: Thundurus|0 fnt
|faint|p1a: Thundurus
|
|upkeep
|
|t:|1667069972
|switch|p1a: Haxorus|Haxorus, M|100/100
|-ability|p1a: Haxorus|Mold Breaker
|turn|24
|
|t:|1667069981
|move|p1a: Haxorus|Poison Jab|p2a: tang ur wang
|-supereffective|p2a: tang ur wang
|-damage|p2a: tang ur wang|0 fnt
|faint|p2a: tang ur wang
|
|upkeep
|
|t:|1667069984
|switch|p2a: dead head|Necrozma|54/100
|turn|25
|
|t:|1667069989
|move|p1a: Haxorus|Poison Jab|p2a: dead head
|-damage|p2a: dead head|20/100
|-status|p2a: dead head|psn
|-enditem|p2a: dead head|Lum Berry|[eat]
|-curestatus|p2a: dead head|psn|[msg]
|move|p2a: dead head|Moonlight|p2a: dead head
|-heal|p2a: dead head|70/100
|
|upkeep
|turn|26
|
|t:|1667069995
|move|p1a: Haxorus|Poison Jab|p2a: dead head
|-damage|p2a: dead head|36/100
|move|p2a: dead head|Moonlight|p2a: dead head
|-heal|p2a: dead head|86/100
|
|upkeep
|turn|27
|
|t:|1667070000
|move|p1a: Haxorus|Poison Jab|p2a: dead head
|-damage|p2a: dead head|51/100
|-status|p2a: dead head|psn
|move|p2a: dead head|Photon Geyser|p1a: Haxorus
|-damage|p1a: Haxorus|27/100
|
|-damage|p2a: dead head|39/100 psn|[from] psn
|upkeep
|turn|28
|
|t:|1667070005
|switch|p1a: Salamence|Salamence, F|88/100
|-ability|p1a: Salamence|Intimidate|boost
|-unboost|p2a: dead head|atk|1
|move|p2a: dead head|Moonlight|p2a: dead head
|-heal|p2a: dead head|88/100 psn
|
|-damage|p2a: dead head|76/100 psn|[from] psn
|upkeep
|turn|29
|
|t:|1667070010
|move|p1a: Salamence|Dual Wingbeat|p2a: dead head|[miss]
|-miss|p1a: Salamence|p2a: dead head
|move|p2a: dead head|Calm Mind|p2a: dead head
|-boost|p2a: dead head|spa|1
|-boost|p2a: dead head|spd|1
|
|-damage|p2a: dead head|64/100 psn|[from] psn
|upkeep
|turn|30
|
|t:|1667070012
|move|p1a: Salamence|Dual Wingbeat|p2a: dead head
|-damage|p2a: dead head|50/100 psn
|-crit|p2a: dead head
|-damage|p2a: dead head|28/100 psn
|-hitcount|p2a: dead head|2
|move|p2a: dead head|Moonlight|p2a: dead head
|-heal|p2a: dead head|78/100 psn
|
|-damage|p2a: dead head|66/100 psn|[from] psn
|upkeep
|turn|31
|
|t:|1667070017
|move|p1a: Salamence|Dual Wingbeat|p2a: dead head|[miss]
|-miss|p1a: Salamence|p2a: dead head
|move|p2a: dead head|Moonlight|p2a: dead head
|-heal|p2a: dead head|100/100 psn
|
|-damage|p2a: dead head|88/100 psn|[from] psn
|upkeep
|turn|32
|
|t:|1667070022
|move|p1a: Salamence|Dual Wingbeat|p2a: dead head
|-damage|p2a: dead head|75/100 psn
|-damage|p2a: dead head|59/100 psn
|-hitcount|p2a: dead head|2
|move|p2a: dead head|Calm Mind|p2a: dead head
|-boost|p2a: dead head|spa|1
|-boost|p2a: dead head|spd|1
|
|-damage|p2a: dead head|47/100 psn|[from] psn
|upkeep
|turn|33
|
|t:|1667070027
|move|p1a: Salamence|Dual Wingbeat|p2a: dead head
|-crit|p2a: dead head
|-damage|p2a: dead head|24/100 psn
|-damage|p2a: dead head|10/100 psn
|-hitcount|p2a: dead head|2
|move|p2a: dead head|Moonlight|p2a: dead head
|-heal|p2a: dead head|60/100 psn
|
|-damage|p2a: dead head|48/100 psn|[from] psn
|upkeep
|turn|34
|
|t:|1667070033
|move|p1a: Salamence|Dual Wingbeat|p2a: dead head
|-damage|p2a: dead head|34/100 psn
|-damage|p2a: dead head|19/100 psn
|-hitcount|p2a: dead head|2
|move|p2a: dead head|Photon Geyser|p1a: Salamence
|-crit|p1a: Salamence
|-damage|p1a: Salamence|0 fnt
|faint|p1a: Salamence
|
|-damage|p2a: dead head|7/100 psn|[from] psn
|upkeep
|
|t:|1667070036
|switch|p1a: Haxorus|Haxorus, M|27/100
|-ability|p1a: Haxorus|Mold Breaker
|turn|35
|
|t:|1667070038
|move|p1a: Haxorus|Poison Jab|p2a: dead head
|-damage|p2a: dead head|0 fnt
|faint|p2a: dead head
|
|upkeep
|
|t:|1667070040
|switch|p2a: seal that squeals|Primarina, M|100/100
|turn|36
|
|t:|1667070041
|move|p1a: Haxorus|Poison Jab|p2a: seal that squeals
|-supereffective|p2a: seal that squeals
|-damage|p2a: seal that squeals|0 fnt
|faint|p2a: seal that squeals
|
|win|The NP sweep
|raw|The NP sweep's rating: 1562 &rarr; <strong>1592</strong><br />(+30 for winning)
|raw|pif's rating: 1763 &rarr; <strong>1733</strong><br />(-30 for losing)
|c|☆pif|gg
|c|☆The NP sweep|gg
