|j|☆Mimilucha
|j|☆ocabat
|t:|1645308339
|gametype|singles
|player|p1|Mimilucha|tabitha-gen3|
|player|p2|ocabat|clerkf|
|teamsize|p1|6
|teamsize|p2|6
|gen|8
|tier|[Gen 8] UU
|rated|Tournament battle
|rule|Sleep Clause Mod: Limit one foe put to sleep
|rule|Species Clause: Limit one of each Pokémon
|rule|OHKO Clause: OHKO moves are banned
|rule|Evasion Moves Clause: Evasion moves are banned
|rule|Endless Battle Clause: Forcing endless battles is banned
|rule|HP Percentage Mod: HP is shown in percentages
|rule|Dynamax Clause: You cannot dynamax
|clearpoke
|poke|p1|Raikou|
|poke|p1|Mudsdale, M|
|poke|p1|Cobalion|
|poke|p1|Milotic, M|
|poke|p1|Moltres|
|poke|p1|Lycanroc-Dusk, M|
|poke|p2|Lycanroc-Dusk, M|
|poke|p2|Tapu Bulu|
|poke|p2|Zarude|
|poke|p2|Mamoswine, F|
|poke|p2|Raikou|
|poke|p2|Cobalion|
|teampreview
|inactive|Battle timer is ON: inactive players will automatically lose when time's up. (requested by Mimilucha)
|inactive|ocabat also wants the timer to be on.
|c|☆Mimilucha|hf
|j| Arxtric
|j| suloxiv ♫
|c|☆ocabat|u2
|j|+itsjustdrew
|
|t:|1645308363
|start
|switch|p1a: Cobalion|Cobalion|100/100
|switch|p2a: Mamoswine|Mamoswine, F|100/100
|turn|1
|j|#estarossa
|j| Brexus
|
|t:|1645308377
|switch|p2a: Raikou|Raikou|100/100
|-ability|p2a: Raikou|Pressure
|move|p1a: Cobalion|Iron Head|p2a: Raikou
|-resisted|p2a: Raikou
|-damage|p2a: Raikou|78/100
|
|-heal|p2a: Raikou|84/100|[from] item: Leftovers
|upkeep
|turn|2
|j| CarbonLifeform456
|
|t:|1645308396
|switch|p1a: Milotic|Milotic, M|100/100
|move|p2a: Raikou|Aura Sphere|p1a: Milotic
|-damage|p1a: Milotic|82/100
|
|-heal|p2a: Raikou|90/100|[from] item: Leftovers
|upkeep
|turn|3
|
|t:|1645308406
|switch|p1a: Mudsdale|Mudsdale, M|100/100
|move|p2a: Raikou|Scald|p1a: Mudsdale
|-supereffective|p1a: Mudsdale
|-crit|p1a: Mudsdale
|-damage|p1a: Mudsdale|48/100
|-status|p1a: Mudsdale|brn
|-ability|p1a: Mudsdale|Stamina|boost
|-boost|p1a: Mudsdale|def|1
|
|-heal|p2a: Raikou|96/100|[from] item: Leftovers
|-heal|p1a: Mudsdale|54/100 brn|[from] item: Leftovers
|-damage|p1a: Mudsdale|48/100 brn|[from] brn
|upkeep
|turn|4
|c|☆ocabat|damn
|c|☆ocabat|sry
|c|☆Mimilucha|gaming
|j| therawpotatoe
|j| Tlazy
|inactive|ocabat has 120 seconds left.
|n| Draco0Meteor|arxtric
|
|t:|1645308434
|move|p2a: Raikou|Scald|p1a: Mudsdale
|-supereffective|p1a: Mudsdale
|-damage|p1a: Mudsdale|11/100 brn
|-ability|p1a: Mudsdale|Stamina|boost
|-boost|p1a: Mudsdale|def|1
|move|p1a: Mudsdale|Stealth Rock|p2a: Raikou
|-sidestart|p2: ocabat|move: Stealth Rock
|
|-heal|p2a: Raikou|100/100|[from] item: Leftovers
|-heal|p1a: Mudsdale|18/100 brn|[from] item: Leftovers
|-damage|p1a: Mudsdale|11/100 brn|[from] brn
|upkeep
|turn|5
|j| Swagmoar OST
|j| venisae
|
|t:|1645308454
|move|p2a: Raikou|Aura Sphere|p1a: Mudsdale
|-damage|p1a: Mudsdale|0 fnt
|faint|p1a: Mudsdale
|
|upkeep
|
|t:|1645308469
|switch|p1a: Raikou|Raikou|100/100
|-ability|p1a: Raikou|Pressure
|turn|6
|l| venisae
|j| pokechamp13
|l| therawpotatoe
|
|t:|1645308488
|move|p2a: Raikou|Calm Mind|p2a: Raikou
|-boost|p2a: Raikou|spa|1
|-boost|p2a: Raikou|spd|1
|move|p1a: Raikou|Scald|p2a: Raikou
|-damage|p2a: Raikou|82/100
|
|-heal|p2a: Raikou|88/100|[from] item: Leftovers
|upkeep
|turn|7
|
|t:|1645308496
|move|p2a: Raikou|Scald|p1a: Raikou
|-damage|p1a: Raikou|58/100
|move|p1a: Raikou|Volt Switch|p2a: Raikou
|-resisted|p2a: Raikou
|-damage|p2a: Raikou|76/100
|
|t:|1645308503
|switch|p1a: Cobalion|Cobalion|100/100|[from]move: Volt Switch
|
|-heal|p2a: Raikou|82/100|[from] item: Leftovers
|upkeep
|turn|8
|
|t:|1645308511
|move|p2a: Raikou|Aura Sphere|p1a: Cobalion
|-supereffective|p1a: Cobalion
|-damage|p1a: Cobalion|3/100
|move|p1a: Cobalion|Close Combat|p2a: Raikou
|-damage|p2a: Raikou|22/100
|-unboost|p1a: Cobalion|def|1
|-unboost|p1a: Cobalion|spd|1
|
|-heal|p2a: Raikou|28/100|[from] item: Leftovers
|-heal|p1a: Cobalion|9/100|[from] item: Leftovers
|upkeep
|turn|9
|l| Draco0Meteor
|
|t:|1645308540
|move|p2a: Raikou|Volt Switch|p1a: Cobalion
|-damage|p1a: Cobalion|0 fnt
|faint|p1a: Cobalion
|
|t:|1645308550
|switch|p2a: Cobalion|Cobalion|100/100|[from]move: Volt Switch
|-damage|p2a: Cobalion|97/100|[from] Stealth Rock
|
|upkeep
|
|t:|1645308559
|switch|p1a: Milotic|Milotic, M|82/100
|turn|10
|
|t:|1645308565
|move|p2a: Cobalion|Stealth Rock|p1a: Milotic
|-sidestart|p1: Mimilucha|move: Stealth Rock
|move|p1a: Milotic|Flip Turn|p2a: Cobalion
|-damage|p2a: Cobalion|86/100
|
|t:|1645308567
|switch|p1a: Raikou|Raikou|58/100|[from]move: Flip Turn
|-ability|p1a: Raikou|Pressure
|
|upkeep
|turn|11
|inactive|ocabat has 120 seconds left.
|
|t:|1645308599
|switch|p2a: Zarude|Zarude|100/100
|-damage|p2a: Zarude|88/100|[from] Stealth Rock
|move|p1a: Raikou|Volt Switch|p2a: Zarude
|-resisted|p2a: Zarude
|-damage|p2a: Zarude|72/100
|
|t:|1645308602
|switch|p1a: Moltres|Moltres|100/100|[from]move: Volt Switch
|
|-heal|p2a: Zarude|78/100|[from] item: Leftovers
|upkeep
|turn|12
|
|t:|1645308609
|move|p2a: Zarude|Rock Slide|p1a: Moltres
|-supereffective|p1a: Moltres
|-damage|p1a: Moltres|0 fnt
|faint|p1a: Moltres
|
|-heal|p2a: Zarude|84/100|[from] item: Leftovers
|upkeep
|
|t:|1645308615
|switch|p1a: Lycanroc|Lycanroc-Dusk, M|100/100
|-damage|p1a: Lycanroc|88/100|[from] Stealth Rock
|turn|13
|c| Swagmoar OST|snek
|
|t:|1645308624
|switch|p2a: Raikou|Raikou|28/100
|-damage|p2a: Raikou|16/100|[from] Stealth Rock
|-ability|p2a: Raikou|Pressure
|move|p1a: Lycanroc|Iron Head|p2a: Raikou
|-resisted|p2a: Raikou
|-damage|p2a: Raikou|0 fnt
|faint|p2a: Raikou
|-damage|p1a: Lycanroc|78/100|[from] item: Life Orb
|
|upkeep
|
|t:|1645308631
|switch|p2a: Cobalion|Cobalion|86/100
|-damage|p2a: Cobalion|83/100|[from] Stealth Rock
|turn|14
|
|t:|1645308635
|switch|p1a: Milotic|Milotic, M|82/100
|move|p2a: Cobalion|Close Combat|p1a: Milotic
|-damage|p1a: Milotic|49/100
|-unboost|p2a: Cobalion|def|1
|-unboost|p2a: Cobalion|spd|1
|
|upkeep
|turn|15
|
|t:|1645308640
|move|p2a: Cobalion|Volt Switch|p1a: Milotic
|-supereffective|p1a: Milotic
|-damage|p1a: Milotic|30/100
|
|t:|1645308655
|switch|p2a: Tapu Bulu|Tapu Bulu|100/100|[from]move: Volt Switch
|-fieldstart|move: Grassy Terrain|[from] ability: Grassy Surge|[of] p2a: Tapu Bulu
|move|p1a: Milotic|Recover|p1a: Milotic
|-heal|p1a: Milotic|80/100
|
|-heal|p1a: Milotic|87/100|[from] Grassy Terrain
|upkeep
|turn|16
|j| hongkongisacountry
|inactive|Mimilucha has 120 seconds left.
|
|t:|1645308688
|move|p2a: Tapu Bulu|Horn Leech|p1a: Milotic
|-supereffective|p1a: Milotic
|-damage|p1a: Milotic|28/100
|move|p1a: Milotic|Scald|p2a: Tapu Bulu
|-resisted|p2a: Tapu Bulu
|-damage|p2a: Tapu Bulu|86/100
|-status|p2a: Tapu Bulu|brn
|
|-heal|p2a: Tapu Bulu|92/100 brn|[from] Grassy Terrain
|-heal|p1a: Milotic|34/100|[from] Grassy Terrain
|-damage|p2a: Tapu Bulu|86/100 brn|[from] brn
|upkeep
|turn|17
|
|t:|1645308699
|move|p2a: Tapu Bulu|Toxic|p1a: Milotic
|-status|p1a: Milotic|tox
|move|p1a: Milotic|Recover|p1a: Milotic
|-heal|p1a: Milotic|84/100 tox
|
|-heal|p2a: Tapu Bulu|92/100 brn|[from] Grassy Terrain
|-heal|p1a: Milotic|90/100 tox|[from] Grassy Terrain
|-damage|p1a: Milotic|84/100 tox|[from] psn
|-damage|p2a: Tapu Bulu|86/100 brn|[from] brn
|upkeep
|turn|18
|
|t:|1645308703
|move|p2a: Tapu Bulu|Horn Leech|p1a: Milotic
|-supereffective|p1a: Milotic
|-damage|p1a: Milotic|64/100 tox
|-heal|p2a: Tapu Bulu|97/100 brn|[from] drain|[of] p1a: Milotic
|move|p1a: Milotic|Flip Turn|p2a: Tapu Bulu
|-resisted|p2a: Tapu Bulu
|-damage|p2a: Tapu Bulu|93/100 brn
|
|t:|1645308706
|switch|p1a: Raikou|Raikou|58/100|[from]move: Flip Turn
|-ability|p1a: Raikou|Pressure
|
|-heal|p1a: Raikou|65/100|[from] Grassy Terrain
|-heal|p2a: Tapu Bulu|99/100 brn|[from] Grassy Terrain
|-damage|p2a: Tapu Bulu|93/100 brn|[from] brn
|upkeep
|turn|19
|
|t:|1645308714
|move|p1a: Raikou|Thunderbolt|p2a: Tapu Bulu
|-resisted|p2a: Tapu Bulu
|-damage|p2a: Tapu Bulu|72/100 brn
|move|p2a: Tapu Bulu|Horn Leech|p1a: Raikou
|-damage|p1a: Raikou|36/100
|-heal|p2a: Tapu Bulu|85/100 brn|[from] drain|[of] p1a: Raikou
|
|-heal|p1a: Raikou|43/100|[from] Grassy Terrain
|-heal|p2a: Tapu Bulu|91/100 brn|[from] Grassy Terrain
|-damage|p2a: Tapu Bulu|85/100 brn|[from] brn
|-fieldend|move: Grassy Terrain
|upkeep
|turn|20
|
|t:|1645308717
|move|p1a: Raikou|Thunderbolt|p2a: Tapu Bulu
|-resisted|p2a: Tapu Bulu
|-damage|p2a: Tapu Bulu|62/100 brn
|move|p2a: Tapu Bulu|Horn Leech|p1a: Raikou
|-damage|p1a: Raikou|21/100
|-heal|p2a: Tapu Bulu|72/100 brn|[from] drain|[of] p1a: Raikou
|
|-damage|p2a: Tapu Bulu|66/100 brn|[from] brn
|upkeep
|turn|21
|
|t:|1645308720
|move|p1a: Raikou|Thunderbolt|p2a: Tapu Bulu
|-resisted|p2a: Tapu Bulu
|-damage|p2a: Tapu Bulu|45/100 brn
|move|p2a: Tapu Bulu|Horn Leech|p1a: Raikou
|-damage|p1a: Raikou|1/100
|-heal|p2a: Tapu Bulu|54/100 brn|[from] drain|[of] p1a: Raikou
|
|-damage|p2a: Tapu Bulu|48/100 brn|[from] brn
|upkeep
|turn|22
|
|t:|1645308724
|move|p1a: Raikou|Thunderbolt|p2a: Tapu Bulu
|-resisted|p2a: Tapu Bulu
|-damage|p2a: Tapu Bulu|26/100 brn
|move|p2a: Tapu Bulu|Synthesis|p2a: Tapu Bulu
|-heal|p2a: Tapu Bulu|76/100 brn
|
|-damage|p2a: Tapu Bulu|70/100 brn|[from] brn
|upkeep
|turn|23
|l| CarbonLifeform456
|
|t:|1645308728
|move|p1a: Raikou|Thunderbolt|p2a: Tapu Bulu
|-resisted|p2a: Tapu Bulu
|-damage|p2a: Tapu Bulu|48/100 brn
|move|p2a: Tapu Bulu|Synthesis|p2a: Tapu Bulu
|-heal|p2a: Tapu Bulu|98/100 brn
|
|-damage|p2a: Tapu Bulu|91/100 brn|[from] brn
|upkeep
|turn|24
|l| hongkongisacountry
|
|t:|1645308730
|move|p1a: Raikou|Thunderbolt|p2a: Tapu Bulu
|-resisted|p2a: Tapu Bulu
|-damage|p2a: Tapu Bulu|70/100 brn
|move|p2a: Tapu Bulu|Horn Leech|p1a: Raikou
|-crit|p1a: Raikou
|-damage|p1a: Raikou|0 fnt
|-heal|p2a: Tapu Bulu|70/100 brn|[from] drain|[of] p1a: Raikou
|faint|p1a: Raikou
|
|-damage|p2a: Tapu Bulu|64/100 brn|[from] brn
|upkeep
|
|t:|1645308733
|switch|p1a: Lycanroc|Lycanroc-Dusk, M|78/100
|-damage|p1a: Lycanroc|66/100|[from] Stealth Rock
|turn|25
|
|t:|1645308747
|switch|p2a: Mamoswine|Mamoswine, F|100/100
|-damage|p2a: Mamoswine|88/100|[from] Stealth Rock
|move|p1a: Lycanroc|Iron Head|p2a: Mamoswine
|-supereffective|p2a: Mamoswine
|-damage|p2a: Mamoswine|0 fnt
|faint|p2a: Mamoswine
|-damage|p1a: Lycanroc|56/100|[from] item: Life Orb
|
|upkeep
|
|t:|1645308751
|switch|p2a: Cobalion|Cobalion|83/100
|-damage|p2a: Cobalion|80/100|[from] Stealth Rock
|turn|26
|
|t:|1645308754
|switch|p1a: Milotic|Milotic, M|64/100 tox
|move|p2a: Cobalion|Close Combat|p1a: Milotic
|-damage|p1a: Milotic|41/100 tox
|-unboost|p2a: Cobalion|def|1
|-unboost|p2a: Cobalion|spd|1
|
|-damage|p1a: Milotic|35/100 tox|[from] psn
|upkeep
|turn|27
|
|t:|1645308757
|move|p2a: Cobalion|Volt Switch|p1a: Milotic
|-supereffective|p1a: Milotic
|-damage|p1a: Milotic|16/100 tox
|
|t:|1645308764
|switch|p2a: Zarude|Zarude|84/100|[from]move: Volt Switch
|-damage|p2a: Zarude|72/100|[from] Stealth Rock
|move|p1a: Milotic|Flip Turn|p2a: Zarude
|-resisted|p2a: Zarude
|-damage|p2a: Zarude|66/100
|
|t:|1645308766
|switch|p1a: Lycanroc|Lycanroc-Dusk, M|56/100|[from]move: Flip Turn
|-damage|p1a: Lycanroc|43/100|[from] Stealth Rock
|
|-heal|p2a: Zarude|72/100|[from] item: Leftovers
|upkeep
|turn|28
|l| Tlazy
|j| Alkione
|
|t:|1645308784
|move|p1a: Lycanroc|Close Combat|p2a: Zarude
|-supereffective|p2a: Zarude
|-damage|p2a: Zarude|0 fnt
|-unboost|p1a: Lycanroc|def|1
|-unboost|p1a: Lycanroc|spd|1
|faint|p2a: Zarude
|-damage|p1a: Lycanroc|33/100|[from] item: Life Orb
|
|upkeep
|
|t:|1645308786
|switch|p2a: Cobalion|Cobalion|80/100
|-damage|p2a: Cobalion|77/100|[from] Stealth Rock
|turn|29
|c|☆Mimilucha|shouldn't have removed bulu lol
|c|☆Mimilucha|gg
|
|t:|1645308790
|move|p1a: Lycanroc|Close Combat|p2a: Cobalion
|-supereffective|p2a: Cobalion
|-enditem|p2a: Cobalion|Chople Berry|[eat]
|-enditem|p2a: Cobalion|Chople Berry|[weaken]
|-damage|p2a: Cobalion|21/100
|-unboost|p1a: Lycanroc|def|1
|-unboost|p1a: Lycanroc|spd|1
|-damage|p1a: Lycanroc|24/100|[from] item: Life Orb
|move|p2a: Cobalion|Close Combat|p1a: Lycanroc
|-supereffective|p1a: Lycanroc
|-damage|p1a: Lycanroc|0 fnt
|-unboost|p2a: Cobalion|def|1
|-unboost|p2a: Cobalion|spd|1
|faint|p1a: Lycanroc
|
|upkeep
|c|☆ocabat|gg
|
|t:|1645308793
|switch|p1a: Milotic|Milotic, M|16/100 tox
|turn|30
|
|t:|1645308796
|move|p2a: Cobalion|Close Combat|p1a: Milotic
|-damage|p1a: Milotic|0 fnt
|-unboost|p2a: Cobalion|def|1
|-unboost|p2a: Cobalion|spd|1
|faint|p1a: Milotic
|
|win|ocabat
|n|☆Mimilucha|mimilucha
|n|☆ocabat|ocabat
|n| suloxiv ♫|suloxiv
|n| itsjustdrew|itsjustdrew
|n|%estarossa|estarossa
|n| Brexus|brexus
|n| Swagmoar OST|swagmoarost
|n| pokechamp13|pokechamp13
|n| Alkione|alkione
