|j|☆gijion chilli
|j|☆pinkdragontamer
|player|p1|gijion chilli|twins-gen4dp|1536
|player|p2|pinkdragontamer|burglar-gen1|1526
|teamsize|p1|6
|teamsize|p2|6
|gametype|singles
|gen|8
|tier|[Gen 8] UU
|rated|
|clearpoke
|poke|p1|Machamp, F|
|poke|p1|Weavile, M|
|poke|p1|Duraludon, F|
|poke|p1|Weezing-Galar, F|
|poke|p1|Doublade, F|
|poke|p1|Gardevoir, M|
|poke|p2|Weavile, M|
|poke|p2|Weezing-Galar, F|
|poke|p2|Escavalier, M|
|poke|p2|Gigalith, M|
|poke|p2|Noivern, M|
|poke|p2|Eldegoss, F|
|rule|Sleep Clause Mod: Limit one foe put to sleep
|rule|Species Clause: Limit one of each Pokémon
|rule|OHKO Clause: OHKO moves are banned
|rule|Evasion Moves Clause: Evasion moves are banned
|rule|Endless Battle Clause: Forcing endless battles is banned
|rule|HP Percentage Mod: HP is shown in percentages
|rule|Dynamax Clause: You cannot dynamax
|teampreview
|c|☆pinkdragontamer|hf
|c|☆gijion chilli|Hf
|j| Adrift & Alone
|
|start
|switch|p1a: Duraludon|Duraludon, F|100/100
|switch|p2a: Weezing|Weezing-Galar, F|100/100
|turn|1
|
|move|p1a: Duraludon|Flash Cannon|p2a: Weezing
|-supereffective|p2a: Weezing
|-enditem|p2a: Weezing|Babiri Berry|[eat]
|-enditem|p2a: Weezing|Babiri Berry|[weaken]
|-damage|p2a: Weezing|43/100
|move|p2a: Weezing|Strange Steam|p1a: Duraludon
|-damage|p1a: Duraludon|24/100
|
|upkeep
|turn|2
|
|switch|p2a: Noivern|Noivern, M|100/100
|move|p1a: Duraludon|Stealth Rock|p2a: Noivern
|-sidestart|p2: pinkdragontamer|move: Stealth Rock
|
|upkeep
|turn|3
|
|move|p2a: Noivern|Hurricane|p1a: Duraludon
|-resisted|p1a: Duraludon
|-damage|p1a: Duraludon|0 fnt
|faint|p1a: Duraludon
|
|upkeep
|
|switch|p1a: Weavile|Weavile, M|100/100
|-ability|p1a: Weavile|Pressure
|turn|4
|
|move|p1a: Weavile|Knock Off|p2a: Noivern
|-damage|p2a: Noivern|18/100
|-enditem|p2a: Noivern|Heavy-Duty Boots|[from] move: Knock Off|[of] p1a: Weavile
|-damage|p1a: Weavile|91/100|[from] item: Life Orb
|move|p2a: Noivern|U-turn|p1a: Weavile
|-supereffective|p1a: Weavile
|-damage|p1a: Weavile|53/100
|j| Solonorrrrr
|
|switch|p2a: Escavalier|Escavalier, M|100/100|[from]move: U-turn
|-damage|p2a: Escavalier|88/100|[from] Stealth Rock
|
|-heal|p2a: Escavalier|94/100|[from] item: Leftovers
|upkeep
|turn|5
|
|move|p1a: Weavile|Knock Off|p2a: Escavalier
|-damage|p2a: Escavalier|31/100
|-enditem|p2a: Escavalier|Leftovers|[from] move: Knock Off|[of] p1a: Weavile
|-damage|p1a: Weavile|43/100|[from] item: Life Orb
|move|p2a: Escavalier|Iron Head|p1a: Weavile
|-supereffective|p1a: Weavile
|-damage|p1a: Weavile|0 fnt
|faint|p1a: Weavile
|
|upkeep
|
|switch|p1a: Machamp|Machamp, F|100/100
|turn|6
|
|switch|p2a: Noivern|Noivern, M|18/100
|-damage|p2a: Noivern|0 fnt|[from] Stealth Rock
|faint|p2a: Noivern
|move|p1a: Machamp|Close Combat|p2: Noivern|[notarget]
|-fail|p1a: Machamp
|
|-status|p1a: Machamp|brn|[from] item: Flame Orb
|upkeep
|
|switch|p2a: Eldegoss|Eldegoss, F|100/100
|-damage|p2a: Eldegoss|88/100|[from] Stealth Rock
|turn|7
|
|move|p1a: Machamp|Close Combat|p2a: Eldegoss
|-damage|p2a: Eldegoss|0 fnt
|-unboost|p1a: Machamp|def|1
|-unboost|p1a: Machamp|spd|1
|faint|p2a: Eldegoss
|
|-damage|p1a: Machamp|94/100 brn|[from] brn
|upkeep
|c|☆pinkdragontamer|x
|-message|pinkdragontamer forfeited.
|
|win|gijion chilli
|l|☆pinkdragontamer
|c|☆gijion chilli|Gg
|l| Solonorrrrr
|raw|gijion chilli's rating: 1536 &rarr; <strong>1555</strong><br />(+19 for winning)
|raw|pinkdragontamer's rating: 1526 &rarr; <strong>1506</strong><br />(-20 for losing)
