|raw|<div class="broadcast-blue"><strong>This battle is required to be public due to a player having a name starting with 'uult93j'.</div>
|j|☆uult93j Steve
|j|☆UULT93J Glomerule
|t:|1653243050
|gametype|singles
|player|p1|uult93j Steve|lucas|1590
|player|p2|UULT93J Glomerule|scientist-gen4dp|1529
|teamsize|p1|6
|teamsize|p2|6
|gen|8
|tier|[Gen 8] UU
|rated|
|rule|Sleep Clause Mod: Limit one foe put to sleep
|rule|Species Clause: Limit one of each Pokémon
|rule|OHKO Clause: OHKO moves are banned
|rule|Evasion Moves Clause: Evasion moves are banned
|rule|Endless Battle Clause: Forcing endless battles is banned
|rule|HP Percentage Mod: HP is shown in percentages
|rule|Dynamax Clause: You cannot dynamax
|clearpoke
|poke|p1|Hippowdon, M|
|poke|p1|Scizor, M|
|poke|p1|Zarude|
|poke|p1|Rotom-Wash|
|poke|p1|Zygarde-10%|
|poke|p1|Moltres|
|poke|p2|Hippowdon, M|
|poke|p2|Amoonguss, M|
|poke|p2|Chandelure, F|
|poke|p2|Rotom-Wash|
|poke|p2|Hatterene, F|
|poke|p2|Excadrill, M|
|teampreview
|inactive|Battle timer is ON: inactive players will automatically lose when time's up. (requested by UULT93J Glomerule)
|inactive|uult93j Steve has 120 seconds left.
|j| UULT93J CHARMY
|
|t:|1653243143
|start
|switch|p1a: Moltres|Moltres|100/100
|switch|p2a: Hippowdon|Hippowdon, M|100/100
|-weather|Sandstorm|[from] ability: Sand Stream|[of] p2a: Hippowdon
|turn|1
|
|t:|1653243150
|move|p1a: Moltres|Hurricane|p2a: Hippowdon
|-damage|p2a: Hippowdon|60/100
|move|p2a: Hippowdon|Toxic|p1a: Moltres
|-status|p1a: Moltres|tox
|
|-weather|Sandstorm|[upkeep]
|-damage|p1a: Moltres|94/100 tox|[from] Sandstorm
|-damage|p1a: Moltres|88/100 tox|[from] psn
|upkeep
|turn|2
|
|t:|1653243164
|move|p1a: Moltres|Hurricane|p2a: Hippowdon|[miss]
|-miss|p1a: Moltres|p2a: Hippowdon
|move|p2a: Hippowdon|Slack Off|p2a: Hippowdon
|-heal|p2a: Hippowdon|100/100
|
|-weather|Sandstorm|[upkeep]
|-damage|p1a: Moltres|82/100 tox|[from] Sandstorm
|-damage|p1a: Moltres|70/100 tox|[from] psn
|upkeep
|turn|3
|
|t:|1653243168
|switch|p1a: Hippowdon|Hippowdon, M|100/100
|switch|p2a: Rotom|Rotom-Wash|100/100
|
|-weather|Sandstorm|[upkeep]
|-damage|p2a: Rotom|94/100|[from] Sandstorm
|-heal|p2a: Rotom|100/100|[from] item: Leftovers
|upkeep
|turn|4
|
|t:|1653243175
|switch|p1a: Zarude|Zarude|100/100
|move|p2a: Rotom|Hydro Pump|p1a: Zarude|[miss]
|-miss|p2a: Rotom|p1a: Zarude
|
|-weather|Sandstorm|[upkeep]
|-damage|p1a: Zarude|95/100|[from] Sandstorm
|-damage|p2a: Rotom|94/100|[from] Sandstorm
|-heal|p2a: Rotom|100/100|[from] item: Leftovers
|upkeep
|turn|5
|
|t:|1653243184
|switch|p2a: Amoonguss|Amoonguss, M|100/100
|move|p1a: Zarude|U-turn|p2a: Amoonguss
|-damage|p2a: Amoonguss|85/100
|-damage|p1a: Zarude|78/100|[from] item: Rocky Helmet|[of] p2a: Amoonguss
|
|t:|1653243196
|switch|p1a: Hippowdon|Hippowdon, M|100/100|[from]move: U-turn
|
|-weather|Sandstorm|[upkeep]
|-damage|p2a: Amoonguss|79/100|[from] Sandstorm
|upkeep
|turn|6
|
|t:|1653243205
|move|p1a: Hippowdon|Earthquake|p2a: Amoonguss
|-damage|p2a: Amoonguss|51/100
|move|p2a: Amoonguss|Spore|p1a: Hippowdon
|-status|p1a: Hippowdon|slp|[from] move: Spore
|
|-weather|Sandstorm|[upkeep]
|-damage|p2a: Amoonguss|45/100|[from] Sandstorm
|upkeep
|turn|7
|
|t:|1653243228
|switch|p1a: Zygarde|Zygarde-10%|100/100
|-ability|p1a: Zygarde|Aura Break
|switch|p2a: Hatterene|Hatterene, F|100/100
|
|-weather|Sandstorm|[upkeep]
|-damage|p2a: Hatterene|95/100|[from] Sandstorm
|-heal|p2a: Hatterene|100/100|[from] item: Leftovers
|upkeep
|turn|8
|inactive|UULT93J Glomerule has 120 seconds left.
|j| Micciu20250
|inactive|uult93j Steve has 120 seconds left.
|inactive|UULT93J Glomerule has 90 seconds left.
|
|t:|1653243291
|switch|p1a: Moltres|Moltres|70/100 tox
|move|p2a: Hatterene|Draining Kiss|p1a: Moltres
|-resisted|p1a: Moltres
|-damage|p1a: Moltres|58/100 tox
|
|-weather|none
|-damage|p1a: Moltres|52/100 tox|[from] psn
|upkeep
|turn|9
|
|t:|1653243297
|move|p1a: Moltres|U-turn|p2a: Hatterene
|-damage|p2a: Hatterene|89/100
|
|t:|1653243299
|switch|p1a: Scizor|Scizor, M|100/100|[from]move: U-turn
|move|p2a: Hatterene|Calm Mind|p2a: Hatterene
|-boost|p2a: Hatterene|spa|1
|-boost|p2a: Hatterene|spd|1
|
|-heal|p2a: Hatterene|95/100|[from] item: Leftovers
|upkeep
|turn|10
|inactive|UULT93J Glomerule has 90 seconds left.
|
|t:|1653243313
|move|p1a: Scizor|Bullet Punch|p2a: Hatterene
|-supereffective|p2a: Hatterene
|-crit|p2a: Hatterene
|-damage|p2a: Hatterene|27/100
|move|p2a: Hatterene|Mystical Fire|p1a: Scizor
|-supereffective|p1a: Scizor
|-damage|p1a: Scizor|0 fnt
|faint|p1a: Scizor
|
|-heal|p2a: Hatterene|33/100|[from] item: Leftovers
|upkeep
|
|t:|1653243322
|switch|p1a: Zygarde|Zygarde-10%|100/100
|-ability|p1a: Zygarde|Aura Break
|turn|11
|
|t:|1653243324
|switch|p2a: Hippowdon|Hippowdon, M|100/100
|-weather|Sandstorm|[from] ability: Sand Stream|[of] p2a: Hippowdon
|move|p1a: Zygarde|Thousand Arrows|p2a: Hippowdon
|-damage|p2a: Hippowdon|57/100
|
|-weather|Sandstorm|[upkeep]
|upkeep
|turn|12
|
|t:|1653243336
|move|p1a: Zygarde|Thousand Arrows|p2a: Hippowdon
|-damage|p2a: Hippowdon|13/100
|move|p2a: Hippowdon|Slack Off|p2a: Hippowdon
|-heal|p2a: Hippowdon|63/100
|
|-weather|Sandstorm|[upkeep]
|upkeep
|turn|13
|inactive|UULT93J Glomerule has 120 seconds left.
|j| LUV IS RAGE 3.5
|
|t:|1653243342
|move|p1a: Zygarde|Thousand Arrows|p2a: Hippowdon
|-crit|p2a: Hippowdon
|-damage|p2a: Hippowdon|0 fnt
|faint|p2a: Hippowdon
|
|-weather|Sandstorm|[upkeep]
|upkeep
|inactive|UULT93J Glomerule has 120 seconds left.
|c|☆UULT93J Glomerule|double crit
|c|☆uult93j Steve|you think
|c|☆uult93j Steve|after
|c|☆uult93j Steve|all
|c|☆uult93j Steve|i have been through
|c|☆uult93j Steve|do you think i care
|c|☆uult93j Steve|even a seconde ???
|inactive|UULT93J Glomerule has 90 seconds left.
|c|☆UULT93J Glomerule|get therapy sis
|c|☆uult93j Steve|stfu old guy
|
|t:|1653243399
|switch|p2a: Excadrill|Excadrill, M|100/100
|turn|14
|c| LUV IS RAGE 3.5|mald
|c| LUV IS RAGE 3.5|kek
|inactive|UULT93J Glomerule has 60 seconds left.
|inactive|uult93j Steve has 120 seconds left.
|
|t:|1653243454
|move|p2a: Excadrill|Earthquake|p1a: Zygarde
|-damage|p1a: Zygarde|0 fnt
|faint|p1a: Zygarde
|
|-weather|Sandstorm|[upkeep]
|upkeep
|
|t:|1653243459
|switch|p1a: Moltres|Moltres|52/100 tox
|turn|15
|c|☆UULT93J Glomerule|by after all you been through
|c|☆UULT93J Glomerule|did you mean choking ?
|c|☆uult93j Steve|i have been through many things
|inactive|uult93j Steve has 90 seconds left.
|l| LUV IS RAGE 3.5
|
|t:|1653243501
|move|p2a: Excadrill|Rock Slide|p1a: Moltres|[miss]
|-miss|p2a: Excadrill|p1a: Moltres
|move|p1a: Moltres|U-turn|p2a: Excadrill
|-resisted|p2a: Excadrill
|-damage|p2a: Excadrill|90/100
|c|☆uult93j Steve|this guy sin't mold breaker
|inactive|uult93j Steve has 60 seconds left.
|c|☆uult93j Steve|i feel stupid
|c|☆UULT93J Glomerule|her 5 year old logic be kicking in
|c|☆UULT93J Glomerule|click faster
|
|t:|1653243535
|switch|p1a: Rotom|Rotom-Wash|100/100|[from]move: U-turn
|
|-weather|Sandstorm|[upkeep]
|-damage|p1a: Rotom|94/100|[from] Sandstorm
|-heal|p1a: Rotom|100/100|[from] item: Leftovers
|upkeep
|turn|16
|j| Ironx98
|c|☆uult93j Steve|oh it's meru ?
|
|t:|1653243564
|switch|p2a: Amoonguss|Amoonguss, M|79/100
|move|p1a: Rotom|Volt Switch|p2a: Amoonguss
|-resisted|p2a: Amoonguss
|-damage|p2a: Amoonguss|67/100
|j| LUV IS RAGE 3.5
|j| itsjustdrew
|
|t:|1653243568
|switch|p1a: Moltres|Moltres|52/100 tox|[from]move: Volt Switch
|
|-weather|Sandstorm|[upkeep]
|-damage|p1a: Moltres|45/100 tox|[from] Sandstorm
|-damage|p2a: Amoonguss|61/100|[from] Sandstorm
|-damage|p1a: Moltres|39/100 tox|[from] psn
|upkeep
|turn|17
|
|t:|1653243571
|switch|p2a: Rotom|Rotom-Wash|100/100
|move|p1a: Moltres|Roost|p1a: Moltres
|-heal|p1a: Moltres|89/100 tox
|-singleturn|p1a: Moltres|move: Roost
|
|-weather|Sandstorm|[upkeep]
|-damage|p1a: Moltres|83/100 tox|[from] Sandstorm
|-damage|p2a: Rotom|94/100|[from] Sandstorm
|-heal|p2a: Rotom|100/100|[from] item: Leftovers
|-damage|p1a: Moltres|71/100 tox|[from] psn
|upkeep
|turn|18
|inactive|UULT93J Glomerule has 60 seconds left.
|
|t:|1653243591
|switch|p1a: Zarude|Zarude|78/100
|move|p2a: Rotom|Hydro Pump|p1a: Zarude|[miss]
|-miss|p2a: Rotom|p1a: Zarude
|
|-weather|none
|upkeep
|turn|19
|inactive|uult93j Steve has 60 seconds left.
|
|t:|1653243601
|switch|p1a: Hippowdon|Hippowdon, M|100/100 slp
|-weather|Sandstorm|[from] ability: Sand Stream|[of] p1a: Hippowdon
|switch|p2a: Amoonguss|Amoonguss, M|94/100
|
|-weather|Sandstorm|[upkeep]
|-damage|p2a: Amoonguss|88/100|[from] Sandstorm
|upkeep
|turn|20
|l| itsjustdrew
|
|t:|1653243609
|cant|p1a: Hippowdon|slp
|move|p2a: Amoonguss|Giga Drain|p1a: Hippowdon
|-supereffective|p1a: Hippowdon
|-damage|p1a: Hippowdon|64/100 slp
|-heal|p2a: Amoonguss|100/100|[from] drain|[of] p1a: Hippowdon
|
|-weather|Sandstorm|[upkeep]
|-damage|p2a: Amoonguss|94/100|[from] Sandstorm
|upkeep
|turn|21
|l| LUV IS RAGE 3.5
|
|t:|1653243617
|switch|p2a: Rotom|Rotom-Wash|100/100
|cant|p1a: Hippowdon|slp
|
|-weather|Sandstorm|[upkeep]
|-damage|p2a: Rotom|94/100|[from] Sandstorm
|-heal|p2a: Rotom|100/100|[from] item: Leftovers
|upkeep
|turn|22
|
|t:|1653243634
|move|p2a: Rotom|Hydro Pump|p1a: Hippowdon
|-supereffective|p1a: Hippowdon
|-damage|p1a: Hippowdon|0 fnt
|faint|p1a: Hippowdon
|
|-weather|Sandstorm|[upkeep]
|-damage|p2a: Rotom|94/100|[from] Sandstorm
|-heal|p2a: Rotom|100/100|[from] item: Leftovers
|upkeep
|-message|uult93j Steve forfeited.
|
|win|UULT93J Glomerule
|raw|uult93j Steve's rating: 1590 &rarr; <strong>1567</strong><br />(-23 for losing)
|raw|UULT93J Glomerule's rating: 1529 &rarr; <strong>1552</strong><br />(+23 for winning)
|l|☆uult93j Steve
|c|☆UULT93J Glomerule|easy
