|j|☆Springerk
|j|☆STINGG
|t:|1655661885
|gametype|singles
|player|p1|Springerk|tuberf|1465
|player|p2|STINGG|palmer|1455
|teamsize|p1|6
|teamsize|p2|6
|gen|8
|tier|[Gen 8] UU
|rated|
|rule|Sleep Clause Mod: Limit one foe put to sleep
|rule|Species Clause: Limit one of each Pokémon
|rule|OHKO Clause: OHKO moves are banned
|rule|Evasion Moves Clause: Evasion moves are banned
|rule|Endless Battle Clause: Forcing endless battles is banned
|rule|HP Percentage Mod: HP is shown in percentages
|rule|Dynamax Clause: You cannot dynamax
|clearpoke
|poke|p1|Weezing-Galar, F|
|poke|p1|Hitmonlee, M|
|poke|p1|Necrozma|
|poke|p1|Keldeo-Resolute|
|poke|p1|Celesteela|
|poke|p1|Thundurus-Therian, M|
|poke|p2|Chansey, F|
|poke|p2|Quagsire, M|
|poke|p2|Umbreon, M|
|poke|p2|Salamence, F|
|poke|p2|Cobalion|
|poke|p2|Tangrowth, F|
|teampreview
|
|t:|1655661901
|start
|switch|p1a: The King|Weezing-Galar, F|100/100
|switch|p2a: Tangrowth|Tangrowth, F|100/100
|-fieldstart|move: Misty Terrain|[from] ability: Misty Surge|[of] p1a: The King
|turn|1
|
|t:|1655661913
|switch|p1a: The Pawn|Hitmonlee, M|100/100
|-enditem|p1a: The Pawn|Misty Seed
|-boost|p1a: The Pawn|spd|1|[from] item: Misty Seed
|switch|p2a: Cobalion|Cobalion|100/100
|
|upkeep
|turn|2
|
|t:|1655661923
|switch|p2a: Salamence|Salamence, F|100/100
|-ability|p2a: Salamence|Intimidate|boost
|-unboost|p1a: The Pawn|atk|1
|move|p1a: The Pawn|Bulk Up|p1a: The Pawn
|-boost|p1a: The Pawn|atk|1
|-boost|p1a: The Pawn|def|1
|
|upkeep
|turn|3
|
|t:|1655661931
|move|p1a: The Pawn|Stone Edge|p2a: Salamence|[miss]
|-miss|p1a: The Pawn|p2a: Salamence
|move|p2a: Salamence|Hurricane|p1a: The Pawn|[miss]
|-miss|p2a: Salamence|p1a: The Pawn
|
|upkeep
|turn|4
|
|t:|1655661935
|switch|p2a: Tangrowth|Tangrowth, F|100/100
|move|p1a: The Pawn|Bulk Up|p1a: The Pawn
|-boost|p1a: The Pawn|atk|1
|-boost|p1a: The Pawn|def|1
|
|upkeep
|turn|5
|
|t:|1655661939
|move|p1a: The Pawn|Knock Off|p2a: Tangrowth
|-damage|p2a: Tangrowth|73/100
|-damage|p1a: The Pawn|84/100|[from] item: Rocky Helmet|[of] p2a: Tangrowth
|-enditem|p2a: Tangrowth|Rocky Helmet|[from] move: Knock Off|[of] p1a: The Pawn
|move|p2a: Tangrowth|Sludge Bomb|p1a: The Pawn
|-damage|p1a: The Pawn|63/100
|
|upkeep
|turn|6
|
|t:|1655661946
|move|p1a: The Pawn|Bulk Up|p1a: The Pawn
|-boost|p1a: The Pawn|atk|1
|-boost|p1a: The Pawn|def|1
|move|p2a: Tangrowth|Sludge Bomb|p1a: The Pawn
|-damage|p1a: The Pawn|43/100
|
|upkeep
|turn|7
|
|t:|1655661950
|switch|p2a: Quagsire|Quagsire, M|100/100
|move|p1a: The Pawn|Close Combat|p2a: Quagsire
|-damage|p2a: Quagsire|54/100
|-unboost|p1a: The Pawn|def|1
|-unboost|p1a: The Pawn|spd|1
|
|-heal|p2a: Quagsire|60/100|[from] item: Leftovers
|upkeep
|turn|8
|
|t:|1655661956
|move|p1a: The Pawn|Close Combat|p2a: Quagsire
|-damage|p2a: Quagsire|14/100
|-unboost|p1a: The Pawn|def|1
|-unboost|p1a: The Pawn|spd|1
|move|p2a: Quagsire|Recover|p2a: Quagsire
|-heal|p2a: Quagsire|64/100
|
|-heal|p2a: Quagsire|70/100|[from] item: Leftovers
|-fieldend|Misty Terrain
|upkeep
|turn|9
|
|t:|1655661959
|move|p1a: The Pawn|Close Combat|p2a: Quagsire
|-damage|p2a: Quagsire|20/100
|-unboost|p1a: The Pawn|def|1
|-unboost|p1a: The Pawn|spd|1
|move|p2a: Quagsire|Recover|p2a: Quagsire
|-heal|p2a: Quagsire|70/100
|
|-heal|p2a: Quagsire|76/100|[from] item: Leftovers
|upkeep
|turn|10
|
|t:|1655661966
|move|p1a: The Pawn|Knock Off|p2a: Quagsire
|-damage|p2a: Quagsire|52/100
|-enditem|p2a: Quagsire|Leftovers|[from] move: Knock Off|[of] p1a: The Pawn
|move|p2a: Quagsire|Scald|p1a: The Pawn
|-damage|p1a: The Pawn|18/100
|-status|p1a: The Pawn|brn
|
|-damage|p1a: The Pawn|12/100 brn|[from] brn
|upkeep
|turn|11
|
|t:|1655661983
|move|p1a: The Pawn|Close Combat|p2a: Quagsire
|-damage|p2a: Quagsire|28/100
|-unboost|p1a: The Pawn|def|1
|-unboost|p1a: The Pawn|spd|1
|move|p2a: Quagsire|Recover|p2a: Quagsire
|-heal|p2a: Quagsire|78/100
|
|-damage|p1a: The Pawn|6/100 brn|[from] brn
|upkeep
|turn|12
|
|t:|1655661988
|switch|p1a: The King|Weezing-Galar, F|100/100
|-fieldstart|move: Misty Terrain|[from] ability: Misty Surge|[of] p1a: The King
|move|p2a: Quagsire|Recover|p2a: Quagsire
|-heal|p2a: Quagsire|100/100
|
|upkeep
|turn|13
|
|t:|1655661992
|switch|p2a: Cobalion|Cobalion|100/100
|move|p1a: The King|Taunt|p2a: Cobalion
|-start|p2a: Cobalion|move: Taunt
|
|upkeep
|turn|14
|
|t:|1655661999
|switch|p1a: The Pawn|Hitmonlee, M|6/100 brn
|move|p2a: Cobalion|Iron Head|p1a: The Pawn
|-damage|p1a: The Pawn|0 fnt
|faint|p1a: The Pawn
|
|upkeep
|
|t:|1655662016
|switch|p1a: Thundurus|Thundurus-Therian, M|100/100
|turn|15
|
|t:|1655662031
|switch|p2a: Chansey|Chansey, F|100/100
|move|p1a: Thundurus|Nasty Plot|p1a: Thundurus
|-boost|p1a: Thundurus|spa|2
|
|upkeep
|turn|16
|
|t:|1655662035
|move|p1a: Thundurus|Nasty Plot|p1a: Thundurus
|-boost|p1a: Thundurus|spa|2
|move|p2a: Chansey|Toxic|p1a: Thundurus
|-status|p1a: Thundurus|tox
|
|-damage|p1a: Thundurus|94/100 tox|[from] psn
|upkeep
|turn|17
|
|t:|1655662042
|switch|p2a: Salamence|Salamence, F|100/100
|-ability|p2a: Salamence|Intimidate|boost
|-unboost|p1a: Thundurus|atk|1
|move|p1a: Thundurus|Focus Blast|p2a: Salamence
|-resisted|p2a: Salamence
|-damage|p2a: Salamence|28/100
|
|-damage|p1a: Thundurus|82/100 tox|[from] psn
|upkeep
|turn|18
|
|t:|1655662051
|switch|p2a: Chansey|Chansey, F|100/100
|move|p1a: Thundurus|Psychic|p2a: Chansey
|-damage|p2a: Chansey|68/100
|
|-damage|p1a: Thundurus|64/100 tox|[from] psn
|upkeep
|turn|19
|
|t:|1655662056
|move|p1a: Thundurus|Thunderbolt|p2a: Chansey
|-damage|p2a: Chansey|23/100
|move|p2a: Chansey|Soft-Boiled|p2a: Chansey
|-heal|p2a: Chansey|73/100
|
|-damage|p1a: Thundurus|40/100 tox|[from] psn
|-fieldend|Misty Terrain
|upkeep
|turn|20
|
|t:|1655662060
|switch|p2a: Quagsire|Quagsire, M|100/100
|move|p1a: Thundurus|Focus Blast|p2a: Quagsire
|-damage|p2a: Quagsire|47/100
|
|-damage|p1a: Thundurus|10/100 tox|[from] psn
|upkeep
|turn|21
|
|t:|1655662070
|move|p1a: Thundurus|Focus Blast|p2a: Quagsire
|-damage|p2a: Quagsire|0 fnt
|faint|p2a: Quagsire
|
|-damage|p1a: Thundurus|0 fnt|[from] psn
|faint|p1a: Thundurus
|upkeep
|
|t:|1655662077
|switch|p1a: The King|Weezing-Galar, F|100/100
|switch|p2a: Cobalion|Cobalion|100/100
|-fieldstart|move: Misty Terrain|[from] ability: Misty Surge|[of] p1a: The King
|turn|22
|
|t:|1655662086
|move|p2a: Cobalion|Stealth Rock|p1a: The King
|-sidestart|p1: Springerk|move: Stealth Rock
|move|p1a: The King|Misty Explosion|p2a: Cobalion
|-damage|p2a: Cobalion|40/100
|faint|p1a: The King
|
|upkeep
|
|t:|1655662097
|switch|p1a: The Rook|Celesteela|100/100
|-damage|p1a: The Rook|88/100|[from] Stealth Rock
|turn|23
|
|t:|1655662101
|move|p2a: Cobalion|Volt Switch|p1a: The Rook
|-supereffective|p1a: The Rook
|-damage|p1a: The Rook|62/100
|
|t:|1655662106
|switch|p2a: Salamence|Salamence, F|28/100|[from]move: Volt Switch
|-ability|p2a: Salamence|Intimidate|boost
|-unboost|p1a: The Rook|atk|1
|move|p1a: The Rook|Autotomize|p1a: The Rook
|-boost|p1a: The Rook|spe|2
|-start|p1a: The Rook|Autotomize
|
|upkeep
|turn|24
|
|t:|1655662113
|move|p1a: The Rook|Meteor Beam||[still]
|-prepare|p1a: The Rook|Meteor Beam
|-boost|p1a: The Rook|spa|1
|-enditem|p1a: The Rook|Power Herb
|-anim|p1a: The Rook|Meteor Beam|p2a: Salamence
|-supereffective|p2a: Salamence
|-damage|p2a: Salamence|0 fnt
|faint|p2a: Salamence
|-ability|p1a: The Rook|Beast Boost|boost
|-boost|p1a: The Rook|spa|1
|
|upkeep
|
|t:|1655662122
|switch|p2a: Chansey|Chansey, F|73/100
|turn|25
|
|t:|1655662131
|move|p1a: The Rook|Air Slash|p2a: Chansey
|-damage|p2a: Chansey|51/100
|move|p2a: Chansey|Seismic Toss|p1a: The Rook
|-damage|p1a: The Rook|32/100
|
|upkeep
|turn|26
|
|t:|1655662137
|move|p1a: The Rook|Air Slash|p2a: Chansey
|-damage|p2a: Chansey|28/100
|cant|p2a: Chansey|flinch
|
|upkeep
|turn|27
|
|t:|1655662142
|move|p1a: The Rook|Air Slash|p2a: Chansey
|-damage|p2a: Chansey|6/100
|move|p2a: Chansey|Soft-Boiled|p2a: Chansey
|-heal|p2a: Chansey|56/100
|
|upkeep
|turn|28
|
|t:|1655662146
|move|p1a: The Rook|Air Slash|p2a: Chansey
|-damage|p2a: Chansey|32/100
|cant|p2a: Chansey|flinch
|
|upkeep
|turn|29
|
|t:|1655662151
|move|p1a: The Rook|Air Slash|p2a: Chansey
|-damage|p2a: Chansey|10/100
|move|p2a: Chansey|Soft-Boiled|p2a: Chansey
|-heal|p2a: Chansey|60/100
|
|-fieldend|Misty Terrain
|upkeep
|turn|30
|
|t:|1655662155
|move|p1a: The Rook|Air Slash|p2a: Chansey
|-damage|p2a: Chansey|38/100
|move|p2a: Chansey|Soft-Boiled|p2a: Chansey
|-heal|p2a: Chansey|88/100
|
|upkeep
|turn|31
|
|t:|1655662160
|move|p1a: The Rook|Air Slash|p2a: Chansey
|-damage|p2a: Chansey|65/100
|move|p2a: Chansey|Seismic Toss|p1a: The Rook
|-damage|p1a: The Rook|2/100
|
|upkeep
|turn|32
|
|t:|1655662164
|move|p1a: The Rook|Air Slash|p2a: Chansey
|-damage|p2a: Chansey|42/100
|move|p2a: Chansey|Soft-Boiled|p2a: Chansey
|-heal|p2a: Chansey|92/100
|
|upkeep
|turn|33
|
|t:|1655662168
|move|p1a: The Rook|Air Slash|p2a: Chansey
|-damage|p2a: Chansey|70/100
|move|p2a: Chansey|Seismic Toss|p1a: The Rook
|-damage|p1a: The Rook|0 fnt
|faint|p1a: The Rook
|
|upkeep
|
|t:|1655662172
|switch|p1a: The Knight|Keldeo-Resolute|100/100
|-damage|p1a: The Knight|94/100|[from] Stealth Rock
|turn|34
|
|t:|1655662176
|move|p1a: The Knight|Calm Mind|p1a: The Knight
|-boost|p1a: The Knight|spa|1
|-boost|p1a: The Knight|spd|1
|move|p2a: Chansey|Toxic|p1a: The Knight|[miss]
|-miss|p2a: Chansey|p1a: The Knight
|
|-heal|p1a: The Knight|100/100|[from] item: Leftovers
|upkeep
|turn|35
|
|t:|1655662181
|move|p1a: The Knight|Secret Sword|p2a: Chansey
|-supereffective|p2a: Chansey
|-damage|p2a: Chansey|0 fnt
|faint|p2a: Chansey
|
|upkeep
|
|t:|1655662184
|switch|p2a: Tangrowth|Tangrowth, F|100/100
|turn|36
|
|t:|1655662188
|move|p1a: The Knight|Air Slash|p2a: Tangrowth
|-supereffective|p2a: Tangrowth
|-damage|p2a: Tangrowth|0 fnt
|faint|p2a: Tangrowth
|
|upkeep
|
|t:|1655662191
|switch|p2a: Cobalion|Cobalion|40/100
|turn|37
|
|t:|1655662194
|move|p2a: Cobalion|Close Combat|p1a: The Knight
|-damage|p1a: The Knight|46/100
|-unboost|p2a: Cobalion|def|1
|-unboost|p2a: Cobalion|spd|1
|move|p1a: The Knight|Surf|p2a: Cobalion
|-damage|p2a: Cobalion|0 fnt
|faint|p2a: Cobalion
|
|-heal|p1a: The Knight|53/100|[from] item: Leftovers
|upkeep
|
|t:|1655662197
|switch|p2a: Umbreon|Umbreon, M|100/100
|turn|38
|
|t:|1655662200
|move|p1a: The Knight|Secret Sword|p2a: Umbreon
|-supereffective|p2a: Umbreon
|-damage|p2a: Umbreon|21/100
|move|p2a: Umbreon|Toxic|p1a: The Knight
|-status|p1a: The Knight|tox
|
|-heal|p1a: The Knight|59/100 tox|[from] item: Leftovers
|-heal|p2a: Umbreon|27/100|[from] item: Leftovers
|-damage|p1a: The Knight|53/100 tox|[from] psn
|upkeep
|turn|39
|
|t:|1655662204
|move|p2a: Umbreon|Protect|p2a: Umbreon
|-singleturn|p2a: Umbreon|Protect
|move|p1a: The Knight|Secret Sword|p2a: Umbreon
|-activate|p2a: Umbreon|move: Protect
|
|-heal|p1a: The Knight|59/100 tox|[from] item: Leftovers
|-heal|p2a: Umbreon|33/100|[from] item: Leftovers
|-damage|p1a: The Knight|46/100 tox|[from] psn
|upkeep
|turn|40
|
|t:|1655662208
|move|p1a: The Knight|Secret Sword|p2a: Umbreon
|-supereffective|p2a: Umbreon
|-damage|p2a: Umbreon|0 fnt
|faint|p2a: Umbreon
|
|win|Springerk
|raw|Springerk's rating: 1465 &rarr; <strong>1484</strong><br />(+19 for winning)
|raw|STINGG's rating: 1455 &rarr; <strong>1436</strong><br />(-19 for losing)
|l|☆STINGG
||Ladder isn't responding, score probably updated but might not have (Request timeout).
