|j|☆congelateur-sama
|j|☆life after salem
|t:|1633639204
|gametype|singles
|player|p1|congelateur-sama|2|
|player|p2|life after salem|#scl1islanders|
|teamsize|p1|6
|teamsize|p2|6
|gen|8
|tier|[Gen 8] UU
|rated|Tournament battle
|rule|Sleep Clause Mod: Limit one foe put to sleep
|rule|Species Clause: Limit one of each Pokémon
|rule|OHKO Clause: OHKO moves are banned
|rule|Evasion Moves Clause: Evasion moves are banned
|rule|Endless Battle Clause: Forcing endless battles is banned
|rule|HP Percentage Mod: HP is shown in percentages
|rule|Dynamax Clause: You cannot dynamax
|clearpoke
|poke|p1|Aegislash, F|
|poke|p1|Primarina, F|
|poke|p1|Roserade, M|
|poke|p1|Mienshao, F|
|poke|p1|Krookodile, M|
|poke|p1|Latias, F|
|poke|p2|Azumarill, F|
|poke|p2|Tapu Bulu|
|poke|p2|Latias, F|
|poke|p2|Excadrill, M|
|poke|p2|Slowbro-Galar, M|
|poke|p2|Mandibuzz, F|
|teampreview
|inactive|Battle timer is ON: inactive players will automatically lose when time's up. (requested by life after salem)
|j| P.Otaku
|
|t:|1633639249
|start
|switch|p1a: Roserade|Roserade, M|100/100
|switch|p2a: buwu|Tapu Bulu|100/100
|-fieldstart|move: Grassy Terrain|[from] ability: Grassy Surge|[of] p2a: buwu
|turn|1
|
|t:|1633639255
|switch|p2a: bitchy sissy|Latias, F|100/100
|move|p1a: Roserade|Spikes|p2a: bitchy sissy
|-sidestart|p2: life after salem|Spikes
|
|upkeep
|turn|2
|j| Dunoks
|
|t:|1633639263
|switch|p1a: Aegislash|Aegislash, F|100/100
|move|p2a: bitchy sissy|Mystical Fire|p1a: Aegislash
|-supereffective|p1a: Aegislash
|-damage|p1a: Aegislash|49/100
|-unboost|p1a: Aegislash|spa|1
|
|-heal|p1a: Aegislash|55/100|[from] Grassy Terrain
|-heal|p1a: Aegislash|61/100|[from] item: Leftovers
|upkeep
|turn|3
|
|t:|1633639271
|move|p1a: Aegislash|King's Shield|p1a: Aegislash
|-singleturn|p1a: Aegislash|Protect
|move|p2a: bitchy sissy|Mystical Fire|p1a: Aegislash
|-activate|p1a: Aegislash|move: Protect
|
|-heal|p1a: Aegislash|68/100|[from] Grassy Terrain
|-heal|p1a: Aegislash|74/100|[from] item: Leftovers
|upkeep
|turn|4
|
|t:|1633639281
|move|p2a: bitchy sissy|Mystical Fire|p1a: Aegislash
|-supereffective|p1a: Aegislash
|-damage|p1a: Aegislash|18/100
|-unboost|p1a: Aegislash|spa|1
|move|p1a: Aegislash|Toxic|p2a: bitchy sissy
|-status|p2a: bitchy sissy|tox
|
|-heal|p1a: Aegislash|24/100|[from] Grassy Terrain
|-heal|p1a: Aegislash|30/100|[from] item: Leftovers
|-damage|p2a: bitchy sissy|95/100 tox|[from] psn
|upkeep
|turn|5
|
|t:|1633639287
|switch|p2a: holy moley|Excadrill, M|100/100
|-damage|p2a: holy moley|88/100|[from] Spikes
|-ability|p2a: holy moley|Mold Breaker
|move|p1a: Aegislash|King's Shield||[still]
|-fail|p1a: Aegislash
|
|-heal|p2a: holy moley|94/100|[from] Grassy Terrain
|-heal|p2a: holy moley|99/100|[from] item: Leftovers
|-heal|p1a: Aegislash|36/100|[from] Grassy Terrain
|-heal|p1a: Aegislash|42/100|[from] item: Leftovers
|-fieldend|move: Grassy Terrain
|upkeep
|turn|6
|
|t:|1633639299
|move|p1a: Aegislash|King's Shield|p1a: Aegislash
|-singleturn|p1a: Aegislash|Protect
|move|p2a: holy moley|Stealth Rock|p1a: Aegislash
|-sidestart|p1: congelateur-sama|move: Stealth Rock
|
|-heal|p2a: holy moley|100/100|[from] item: Leftovers
|-heal|p1a: Aegislash|48/100|[from] item: Leftovers
|upkeep
|turn|7
|
|t:|1633639319
|switch|p1a: Krookodile|Krookodile, M|100/100
|-damage|p1a: Krookodile|94/100|[from] Stealth Rock
|-ability|p1a: Krookodile|Intimidate|boost
|-unboost|p2a: holy moley|atk|1
|move|p2a: holy moley|Rapid Spin|p1a: Krookodile
|-damage|p1a: Krookodile|80/100
|-boost|p2a: holy moley|spe|1
|-sideend|p2: life after salem|Spikes|[from] move: Rapid Spin|[of] p2a: holy moley
|
|-heal|p1a: Krookodile|86/100|[from] item: Leftovers
|upkeep
|turn|8
|
|t:|1633639329
|switch|p2a: buwu|Tapu Bulu|100/100
|-fieldstart|move: Grassy Terrain|[from] ability: Grassy Surge|[of] p2a: buwu
|move|p1a: Krookodile|Stealth Rock|p2a: buwu
|-sidestart|p2: life after salem|move: Stealth Rock
|
|-heal|p1a: Krookodile|92/100|[from] Grassy Terrain
|-heal|p1a: Krookodile|98/100|[from] item: Leftovers
|upkeep
|turn|9
|
|t:|1633639336
|switch|p2a: holy moley|Excadrill, M|100/100
|-damage|p2a: holy moley|97/100|[from] Stealth Rock
|-ability|p2a: holy moley|Mold Breaker
|switch|p1a: Roserade|Roserade, M|100/100
|
|-heal|p2a: holy moley|100/100|[from] Grassy Terrain
|upkeep
|turn|10
|j| Stefyy
|
|t:|1633639341
|move|p2a: holy moley|High Horsepower|p1a: Roserade
|-crit|p1a: Roserade
|-damage|p1a: Roserade|0 fnt
|faint|p1a: Roserade
|
|upkeep
|c|☆congelateur-sama|ah
|j| ttttttestttt
|inactive|congelateur-sama has 120 seconds left.
|
|t:|1633639392
|switch|p1a: Mienshao|Mienshao, F|100/100
|-damage|p1a: Mienshao|95/100|[from] Stealth Rock
|turn|11
|
|t:|1633639400
|move|p1a: Mienshao|Knock Off|p2a: holy moley
|-damage|p2a: holy moley|54/100
|-enditem|p2a: holy moley|Leftovers|[from] move: Knock Off|[of] p1a: Mienshao
|move|p2a: holy moley|Rapid Spin|p1a: Mienshao
|-damage|p1a: Mienshao|57/100
|-boost|p2a: holy moley|spe|1
|-sideend|p2: life after salem|Stealth Rock|[from] move: Rapid Spin|[of] p2a: holy moley
|
|-heal|p1a: Mienshao|63/100|[from] Grassy Terrain
|-heal|p2a: holy moley|60/100|[from] Grassy Terrain
|upkeep
|turn|12
|-message|congelateur-sama forfeited.
|
|win|life after salem
|n|☆congelateur-sama|congelateursama
|n|☆life after salem|lifeaftersalem
|n| P.Otaku|potaku
|n| Dunoks|dunoks
|n| Stefyy|stefyy
|n| ttttttestttt|ttttttestttt
|l|☆congelateur-sama
|l|☆life after salem
|l| P.Otaku
|j|☆congelateur-sama
|player|p1|congelateur-sama|2
