|raw|<div class="broadcast-blue"><strong>This battle is required to be public due to a player having a name starting with 'UULT81x'.</div>
|j|☆UULT81x unjust
|j|☆Moutemoute
|t:|1621529295
|gametype|singles
|player|p1|UULT81x unjust|wicke|1592
|player|p2|Moutemoute|#moutemoute|1591
|teamsize|p1|6
|teamsize|p2|6
|gen|8
|tier|[Gen 8] UU
|rated|
|rule|Sleep Clause Mod: Limit one foe put to sleep
|rule|Species Clause: Limit one of each Pokémon
|rule|OHKO Clause: OHKO moves are banned
|rule|Evasion Moves Clause: Evasion moves are banned
|rule|Endless Battle Clause: Forcing endless battles is banned
|rule|HP Percentage Mod: HP is shown in percentages
|rule|Dynamax Clause: You cannot dynamax
|clearpoke
|poke|p1|Pyukumuku, F|
|poke|p1|Chansey, F|
|poke|p1|Salamence, F|
|poke|p1|Amoonguss, F|
|poke|p1|Umbreon, F|
|poke|p1|Slowbro-Galar, F|
|poke|p2|Zarude|
|poke|p2|Thundurus, M|
|poke|p2|Rhyperior, F|
|poke|p2|Aegislash, F|
|poke|p2|Slowbro-Galar, M|
|poke|p2|Noivern, M|
|teampreview
|c|☆UULT81x unjust|o
|j| Le panda chill
|c|☆Moutemoute|hf
|c|☆UULT81x unjust|u2
|inactive|Battle timer is ON: inactive players will automatically lose when time's up. (requested by UULT81x unjust)
|
|t:|1621529343
|start
|switch|p1a: Chansey|Chansey, F|100/100
|switch|p2a: Aegislash|Aegislash, F|100/100
|turn|1
|j| faded love ☭
|j| dingbat ㋛
|
|t:|1621529357
|switch|p1a: Amoonguss|Amoonguss, F|100/100
|move|p2a: Aegislash|Substitute|p2a: Aegislash
|-start|p2a: Aegislash|Substitute
|-damage|p2a: Aegislash|76/100
|
|-heal|p2a: Aegislash|82/100|[from] item: Leftovers
|upkeep
|turn|2
|c| faded love ☭|go minute
|c| faded love ☭|moute
|
|t:|1621529361
|switch|p1a: Chansey|Chansey, F|100/100
|move|p2a: Aegislash|King's Shield||[still]
|-fail|p2a: Aegislash
|
|-heal|p2a: Aegislash|88/100|[from] item: Leftovers
|upkeep
|turn|3
|c| faded love ☭|go moute
|
|t:|1621529367
|-formechange|p2a: Aegislash|Aegislash-Blade||[from] ability: Stance Change
|move|p2a: Aegislash|Shadow Ball|p1a: Chansey
|-immune|p1a: Chansey
|move|p1a: Chansey|Stealth Rock|p2a: Aegislash
|-sidestart|p2: Moutemoute|move: Stealth Rock
|
|-heal|p2a: Aegislash|93/100|[from] item: Leftovers
|upkeep
|turn|4
|c| faded love ☭|destroy this man
|
|t:|1621529372
|switch|p1a: Amoonguss|Amoonguss, F|100/100
|move|p2a: Aegislash|Shadow Ball|p1a: Amoonguss
|-damage|p1a: Amoonguss|56/100
|
|-heal|p2a: Aegislash|99/100|[from] item: Leftovers
|upkeep
|turn|5
|
|t:|1621529375
|switch|p1a: Chansey|Chansey, F|100/100
|move|p2a: Aegislash|Toxic|p1a: Chansey
|-status|p1a: Chansey|tox
|
|-heal|p2a: Aegislash|100/100|[from] item: Leftovers
|-damage|p1a: Chansey|94/100 tox|[from] psn
|upkeep
|turn|6
|
|t:|1621529380
|switch|p1a: Umbreon|Umbreon, F|100/100
|move|p2a: Aegislash|Shadow Ball|p1a: Umbreon
|-resisted|p1a: Umbreon
|-damage|p1a: Umbreon|87/100
|-unboost|p1a: Umbreon|spd|1
|
|upkeep
|turn|7
|
|t:|1621529387
|switch|p1a: Amoonguss|Amoonguss, F|89/100
|move|p2a: Aegislash|Shadow Ball|p1a: Amoonguss
|-crit|p1a: Amoonguss
|-damage|p1a: Amoonguss|19/100
|
|upkeep
|turn|8
|
|t:|1621529393
|switch|p2a: Rhyperior|Rhyperior, F|100/100
|-damage|p2a: Rhyperior|94/100|[from] Stealth Rock
|switch|p1a: Chansey|Chansey, F|94/100
|
|-heal|p2a: Rhyperior|100/100|[from] item: Leftovers
|upkeep
|turn|9
|j| UULT81x rinn
|
|t:|1621529397
|move|p2a: Rhyperior|Stealth Rock|p1a: Chansey
|-sidestart|p1: UULT81x unjust|move: Stealth Rock
|move|p1a: Chansey|Toxic|p2a: Rhyperior
|-status|p2a: Rhyperior|tox
|
|-damage|p2a: Rhyperior|94/100 tox|[from] psn
|upkeep
|turn|10
|
|t:|1621529403
|switch|p2a: Thundurus|Thundurus, M|100/100
|switch|p1a: Umbreon|Umbreon, F|87/100
|
|upkeep
|turn|11
|
|t:|1621529410
|move|p1a: Umbreon|Protect|p1a: Umbreon
|-singleturn|p1a: Umbreon|Protect
|move|p2a: Thundurus|Knock Off|p1a: Umbreon
|-activate|p1a: Umbreon|move: Protect
|
|upkeep
|turn|12
|
|t:|1621529414
|move|p2a: Thundurus|Knock Off|p1a: Umbreon
|-resisted|p1a: Umbreon
|-damage|p1a: Umbreon|78/100
|-enditem|p1a: Umbreon|Heavy-Duty Boots|[from] move: Knock Off|[of] p2a: Thundurus
|move|p1a: Umbreon|Foul Play|p2a: Thundurus
|-damage|p2a: Thundurus|46/100
|
|upkeep
|turn|13
|
|t:|1621529417
|move|p2a: Thundurus|U-turn|p1a: Umbreon
|-supereffective|p1a: Umbreon
|-damage|p1a: Umbreon|51/100
|
|t:|1621529419
|switch|p2a: Zarude|Zarude|100/100|[from]move: U-turn
|move|p1a: Umbreon|Wish|p1a: Umbreon
|
|upkeep
|turn|14
|
|t:|1621529424
|move|p1a: Umbreon|Protect|p1a: Umbreon
|-singleturn|p1a: Umbreon|Protect
|move|p2a: Zarude|U-turn|p1a: Umbreon
|-activate|p1a: Umbreon|move: Protect
|
|-heal|p1a: Umbreon|100/100|[from] move: Wish|[wisher] Umbreon
|upkeep
|turn|15
|
|t:|1621529427
|switch|p1a: Amoonguss|Amoonguss, F|52/100
|move|p2a: Zarude|U-turn|p1a: Amoonguss
|-damage|p1a: Amoonguss|36/100
|
|t:|1621529429
|switch|p2a: Aegislash|Aegislash, F|100/100|[from]move: U-turn
|-damage|p2a: Aegislash|95/100|[from] Stealth Rock
|
|-heal|p2a: Aegislash|100/100|[from] item: Leftovers
|upkeep
|turn|16
|j| serene cut
|
|t:|1621529437
|switch|p1a: Umbreon|Umbreon, F|100/100
|-damage|p1a: Umbreon|88/100|[from] Stealth Rock
|move|p2a: Aegislash|Substitute|p2a: Aegislash
|-start|p2a: Aegislash|Substitute
|-damage|p2a: Aegislash|76/100
|
|-heal|p2a: Aegislash|82/100|[from] item: Leftovers
|upkeep
|turn|17
|
|t:|1621529441
|-formechange|p2a: Aegislash|Aegislash-Blade||[from] ability: Stance Change
|move|p2a: Aegislash|Shadow Ball|p1a: Umbreon
|-resisted|p1a: Umbreon
|-damage|p1a: Umbreon|75/100
|-unboost|p1a: Umbreon|spd|1
|move|p1a: Umbreon|Wish|p1a: Umbreon
|
|-heal|p2a: Aegislash|88/100|[from] item: Leftovers
|upkeep
|turn|18
|
|t:|1621529446
|switch|p1a: Amoonguss|Amoonguss, F|69/100
|move|p2a: Aegislash|Toxic|p1a: Amoonguss
|-immune|p1a: Amoonguss
|
|-heal|p1a: Amoonguss|100/100|[from] move: Wish|[wisher] Umbreon
|-heal|p2a: Aegislash|93/100|[from] item: Leftovers
|upkeep
|turn|19
|
|t:|1621529452
|-formechange|p2a: Aegislash|Aegislash||[from] ability: Stance Change
|move|p2a: Aegislash|King's Shield|p2a: Aegislash
|-singleturn|p2a: Aegislash|Protect
|move|p1a: Amoonguss|Foul Play|p2a: Aegislash
|-activate|p2a: Aegislash|move: Protect
|-unboost|p1a: Amoonguss|atk|1
|
|-heal|p2a: Aegislash|99/100|[from] item: Leftovers
|upkeep
|turn|20
|l| faded love ☭
|j| 467 11 11p
|
|t:|1621529458
|switch|p2a: Noivern|Noivern, M|100/100
|move|p1a: Amoonguss|Foul Play|p2a: Noivern
|-damage|p2a: Noivern|82/100
|
|upkeep
|turn|21
|c| 467 11 11p|moutoooooooooooooooooooooo
|c| 467 11 11p|nnnnnnnnnnnnnnnnnnn
|c| 467 11 11p|mouton
|
|t:|1621529468
|switch|p1a: Chansey|Chansey, F|94/100
|-damage|p1a: Chansey|82/100|[from] Stealth Rock
|move|p2a: Noivern|Flamethrower|p1a: Chansey
|-damage|p1a: Chansey|73/100
|-status|p1a: Chansey|brn
|
|-damage|p1a: Chansey|67/100 brn|[from] brn
|upkeep
|turn|22
|
|t:|1621529471
|move|p2a: Noivern|U-turn|p1a: Chansey
|-damage|p1a: Chansey|60/100 brn
|
|t:|1621529474
|switch|p2a: Slowbro|Slowbro-Galar, M|100/100|[from]move: U-turn
|-damage|p2a: Slowbro|88/100|[from] Stealth Rock
|move|p1a: Chansey|Soft-Boiled|p1a: Chansey
|-heal|p1a: Chansey|100/100 brn
|
|-damage|p1a: Chansey|94/100 brn|[from] brn
|upkeep
|turn|23
|
|t:|1621529482
|-curestatus|p1a: Chansey|brn|[from] ability: Natural Cure
|switch|p1a: Pyukumuku|Pyukumuku, F|100/100
|move|p2a: Slowbro|Shell Side Arm|p1a: Pyukumuku|[anim] Shell Side Arm Special
|-damage|p1a: Pyukumuku|73/100
|-hint|Special Shell Side Arm
|
|upkeep
|turn|24
|
|t:|1621529493
|switch|p2a: Zarude|Zarude|100/100
|switch|p1a: Slowbro|Slowbro-Galar, F|100/100
|-damage|p1a: Slowbro|88/100|[from] Stealth Rock
|
|upkeep
|turn|25
|
|t:|1621529500
|move|p2a: Zarude|U-turn|p1a: Slowbro
|-damage|p1a: Slowbro|71/100
|j| uult81x km
|
|t:|1621529504
|switch|p2a: Rhyperior|Rhyperior, F|94/100 tox|[from]move: U-turn
|-damage|p2a: Rhyperior|88/100 tox|[from] Stealth Rock
|move|p1a: Slowbro|Scald|p2a: Rhyperior
|-supereffective|p2a: Rhyperior
|-damage|p2a: Rhyperior|34/100 tox
|
|-heal|p2a: Rhyperior|40/100 tox|[from] item: Leftovers
|-damage|p2a: Rhyperior|34/100 tox|[from] psn
|upkeep
|turn|26
|
|t:|1621529525
|switch|p2a: Zarude|Zarude|100/100
|switch|p1a: Amoonguss|Amoonguss, F|100/100
|
|upkeep
|turn|27
|
|t:|1621529531
|switch|p2a: Noivern|Noivern, M|82/100
|move|p1a: Amoonguss|Foul Play|p2a: Noivern
|-crit|p2a: Noivern
|-damage|p2a: Noivern|53/100
|
|upkeep
|turn|28
|j| ojr
|
|t:|1621529537
|move|p2a: Noivern|Roost|p2a: Noivern
|-heal|p2a: Noivern|100/100
|-singleturn|p2a: Noivern|move: Roost
|move|p1a: Amoonguss|Sludge Bomb|p2a: Noivern
|-damage|p2a: Noivern|65/100
|
|upkeep
|turn|29
|c| ojr|hello guys
|
|t:|1621529542
|switch|p1a: Slowbro|Slowbro-Galar, F|100/100
|-damage|p1a: Slowbro|88/100|[from] Stealth Rock
|move|p2a: Noivern|Flamethrower|p1a: Slowbro
|-damage|p1a: Slowbro|58/100
|
|upkeep
|turn|30
|c| ojr|how we doing today
|j| Yves Stone
|
|t:|1621529549
|switch|p1a: Chansey|Chansey, F|94/100
|-damage|p1a: Chansey|82/100|[from] Stealth Rock
|move|p2a: Noivern|U-turn|p1a: Chansey
|-damage|p1a: Chansey|75/100
|c| uult81x km|yes
|
|t:|1621529557
|switch|p2a: Thundurus|Thundurus, M|46/100|[from]move: U-turn
|
|upkeep
|turn|31
|
|t:|1621529580
|move|p2a: Thundurus|Knock Off|p1a: Chansey
|-damage|p1a: Chansey|60/100
|-enditem|p1a: Chansey|Eviolite|[from] move: Knock Off|[of] p2a: Thundurus
|move|p1a: Chansey|Toxic|p2a: Thundurus|[miss]
|-miss|p1a: Chansey|p2a: Thundurus
|
|upkeep
|turn|32
|
|t:|1621529583
|move|p2a: Thundurus|U-turn|p1a: Chansey
|-damage|p1a: Chansey|43/100
|c|☆UULT81x unjust|:/
|
|t:|1621529587
|switch|p2a: Slowbro|Slowbro-Galar, M|100/100|[from]move: U-turn
|-damage|p2a: Slowbro|88/100|[from] Stealth Rock
|move|p1a: Chansey|Soft-Boiled|p1a: Chansey
|-heal|p1a: Chansey|93/100
|
|upkeep
|turn|33
|
|t:|1621529592
|switch|p1a: Slowbro|Slowbro-Galar, F|91/100
|-damage|p1a: Slowbro|79/100|[from] Stealth Rock
|move|p2a: Slowbro|Shell Side Arm|p1a: Slowbro|[anim] Shell Side Arm Special
|-resisted|p1a: Slowbro
|-damage|p1a: Slowbro|61/100
|-hint|Special Shell Side Arm
|
|upkeep
|turn|34
|l| Yves Stone
|
|t:|1621529602
|move|p1a: Slowbro|Calm Mind|p1a: Slowbro
|-boost|p1a: Slowbro|spa|1
|-boost|p1a: Slowbro|spd|1
|move|p2a: Slowbro|Future Sight|p1a: Slowbro
|-start|p2a: Slowbro|move: Future Sight
|
|upkeep
|turn|35
|
|t:|1621529611
|move|p1a: Slowbro|Scald|p2a: Slowbro
|-damage|p2a: Slowbro|72/100
|-status|p2a: Slowbro|brn
|move|p2a: Slowbro|Psyshock|p1a: Slowbro
|-damage|p1a: Slowbro|42/100
|
|-damage|p2a: Slowbro|66/100 brn|[from] brn
|upkeep
|turn|36
|
|t:|1621529616
|switch|p2a: Aegislash|Aegislash, F|99/100
|-damage|p2a: Aegislash|93/100|[from] Stealth Rock
|move|p1a: Slowbro|Slack Off|p1a: Slowbro
|-heal|p1a: Slowbro|92/100
|
|-end|p1a: Slowbro|move: Future Sight
|-crit|p1a: Slowbro
|-damage|p1a: Slowbro|16/100
|-heal|p2a: Aegislash|99/100|[from] item: Leftovers
|upkeep
|turn|37
|c|☆UULT81x unjust|oh stop
|
|t:|1621529641
|switch|p1a: Amoonguss|Amoonguss, F|100/100
|-formechange|p2a: Aegislash|Aegislash-Blade||[from] ability: Stance Change
|move|p2a: Aegislash|Shadow Ball|p1a: Amoonguss
|-damage|p1a: Amoonguss|59/100
|-unboost|p1a: Amoonguss|spd|1
|
|-heal|p2a: Aegislash|100/100|[from] item: Leftovers
|upkeep
|turn|38
|
|t:|1621529647
|switch|p1a: Umbreon|Umbreon, F|75/100
|-damage|p1a: Umbreon|63/100|[from] Stealth Rock
|move|p2a: Aegislash|Shadow Ball|p1a: Umbreon
|-resisted|p1a: Umbreon
|-damage|p1a: Umbreon|49/100
|
|upkeep
|turn|39
|
|t:|1621529656
|move|p2a: Aegislash|Substitute|p2a: Aegislash
|-start|p2a: Aegislash|Substitute
|-damage|p2a: Aegislash|76/100
|move|p1a: Umbreon|Wish|p1a: Umbreon
|
|-heal|p2a: Aegislash|82/100|[from] item: Leftovers
|upkeep
|turn|40
|
|t:|1621529661
|move|p1a: Umbreon|Protect|p1a: Umbreon
|-singleturn|p1a: Umbreon|Protect
|move|p2a: Aegislash|Toxic|p1a: Umbreon
|-activate|p1a: Umbreon|move: Protect
|
|-heal|p1a: Umbreon|99/100|[from] move: Wish|[wisher] Umbreon
|-heal|p2a: Aegislash|88/100|[from] item: Leftovers
|upkeep
|turn|41
|
|t:|1621529664
|move|p2a: Aegislash|Shadow Ball|p1a: Umbreon
|-resisted|p1a: Umbreon
|-damage|p1a: Umbreon|87/100
|move|p1a: Umbreon|Foul Play|p2a: Aegislash
|-supereffective|p2a: Aegislash
|-end|p2a: Aegislash|Substitute
|
|-heal|p2a: Aegislash|93/100|[from] item: Leftovers
|upkeep
|turn|42
|
|t:|1621529669
|switch|p1a: Amoonguss|Amoonguss, F|92/100
|-formechange|p2a: Aegislash|Aegislash||[from] ability: Stance Change
|move|p2a: Aegislash|King's Shield||[still]
|-fail|p2a: Aegislash
|
|-heal|p2a: Aegislash|99/100|[from] item: Leftovers
|upkeep
|turn|43
|
|t:|1621529674
|switch|p2a: Slowbro|Slowbro-Galar, M|99/100 brn
|-damage|p2a: Slowbro|87/100 brn|[from] Stealth Rock
|move|p1a: Amoonguss|Foul Play|p2a: Slowbro
|-supereffective|p2a: Slowbro
|-damage|p2a: Slowbro|51/100 brn
|
|-damage|p2a: Slowbro|45/100 brn|[from] brn
|upkeep
|turn|44
|
|t:|1621529685
|move|p1a: Amoonguss|Foul Play|p2a: Slowbro
|-supereffective|p2a: Slowbro
|-damage|p2a: Slowbro|8/100 brn
|move|p2a: Slowbro|Future Sight|p1a: Amoonguss
|-start|p2a: Slowbro|move: Future Sight
|
|-damage|p2a: Slowbro|2/100 brn|[from] brn
|upkeep
|turn|45
|
|t:|1621529692
|switch|p1a: Umbreon|Umbreon, F|87/100
|-damage|p1a: Umbreon|75/100|[from] Stealth Rock
|switch|p2a: Aegislash|Aegislash, F|99/100
|-damage|p2a: Aegislash|93/100|[from] Stealth Rock
|
|-heal|p2a: Aegislash|99/100|[from] item: Leftovers
|upkeep
|turn|46
|
|t:|1621529697
|move|p1a: Umbreon|Protect|p1a: Umbreon
|-singleturn|p1a: Umbreon|Protect
|move|p2a: Aegislash|Toxic|p1a: Umbreon
|-activate|p1a: Umbreon|move: Protect
|
|-end|p1a: Umbreon|move: Future Sight
|-immune|p1a: Umbreon
|-heal|p2a: Aegislash|100/100|[from] item: Leftovers
|upkeep
|turn|47
|
|t:|1621529699
|-formechange|p2a: Aegislash|Aegislash-Blade||[from] ability: Stance Change
|move|p2a: Aegislash|Shadow Ball|p1a: Umbreon
|-resisted|p1a: Umbreon
|-damage|p1a: Umbreon|61/100
|move|p1a: Umbreon|Wish|p1a: Umbreon
|
|upkeep
|turn|48
|
|t:|1621529703
|-formechange|p2a: Aegislash|Aegislash||[from] ability: Stance Change
|move|p2a: Aegislash|King's Shield|p2a: Aegislash
|-singleturn|p2a: Aegislash|Protect
|move|p1a: Umbreon|Foul Play|p2a: Aegislash
|-activate|p2a: Aegislash|move: Protect
|-unboost|p1a: Umbreon|atk|1
|
|-heal|p1a: Umbreon|100/100|[from] move: Wish|[wisher] Umbreon
|upkeep
|turn|49
|
|t:|1621529706
|switch|p2a: Zarude|Zarude|100/100
|move|p1a: Umbreon|Protect||[still]
|-fail|p1a: Umbreon
|
|upkeep
|turn|50
|
|t:|1621529712
|switch|p1a: Amoonguss|Amoonguss, F|100/100
|move|p2a: Zarude|U-turn|p1a: Amoonguss
|-damage|p1a: Amoonguss|84/100
|
|t:|1621529716
|switch|p2a: Thundurus|Thundurus, M|46/100|[from]move: U-turn
|
|upkeep
|turn|51
|
|t:|1621529727
|switch|p1a: Chansey|Chansey, F|93/100
|-damage|p1a: Chansey|81/100|[from] Stealth Rock
|move|p2a: Thundurus|Knock Off|p1a: Chansey
|-crit|p1a: Chansey
|-damage|p1a: Chansey|58/100
|
|upkeep
|turn|52
|
|t:|1621529730
|move|p2a: Thundurus|U-turn|p1a: Chansey
|-damage|p1a: Chansey|41/100
|
|t:|1621529733
|switch|p2a: Zarude|Zarude|100/100|[from]move: U-turn
|move|p1a: Chansey|Soft-Boiled|p1a: Chansey
|-heal|p1a: Chansey|91/100
|
|upkeep
|turn|53
|
|t:|1621529739
|move|p2a: Zarude|U-turn|p1a: Chansey
|-damage|p1a: Chansey|70/100
|
|t:|1621529742
|switch|p2a: Aegislash|Aegislash, F|100/100|[from]move: U-turn
|-damage|p2a: Aegislash|95/100|[from] Stealth Rock
|move|p1a: Chansey|Soft-Boiled|p1a: Chansey
|-heal|p1a: Chansey|100/100
|
|-heal|p2a: Aegislash|100/100|[from] item: Leftovers
|upkeep
|turn|54
|
|t:|1621529746
|switch|p2a: Zarude|Zarude|100/100
|switch|p1a: Amoonguss|Amoonguss, F|100/100
|
|upkeep
|turn|55
|
|t:|1621529751
|move|p2a: Zarude|U-turn|p1a: Amoonguss
|-damage|p1a: Amoonguss|83/100
|
|t:|1621529755
|switch|p2a: Aegislash|Aegislash, F|100/100|[from]move: U-turn
|-damage|p2a: Aegislash|95/100|[from] Stealth Rock
|move|p1a: Amoonguss|Foul Play|p2a: Aegislash
|-supereffective|p2a: Aegislash
|-damage|p2a: Aegislash|77/100
|
|-heal|p2a: Aegislash|83/100|[from] item: Leftovers
|upkeep
|turn|56
|
|t:|1621529764
|move|p2a: Aegislash|Substitute|p2a: Aegislash
|-start|p2a: Aegislash|Substitute
|-damage|p2a: Aegislash|58/100
|move|p1a: Amoonguss|Foul Play|p2a: Aegislash
|-supereffective|p2a: Aegislash
|-activate|p2a: Aegislash|move: Substitute|[damage]
|
|-heal|p2a: Aegislash|64/100|[from] item: Leftovers
|upkeep
|turn|57
|
|t:|1621529771
|-formechange|p2a: Aegislash|Aegislash-Blade||[from] ability: Stance Change
|move|p2a: Aegislash|Shadow Ball|p1a: Amoonguss
|-crit|p1a: Amoonguss
|-damage|p1a: Amoonguss|15/100
|move|p1a: Amoonguss|Synthesis|p1a: Amoonguss
|-heal|p1a: Amoonguss|65/100
|
|-heal|p2a: Aegislash|70/100|[from] item: Leftovers
|upkeep
|turn|58
|
|t:|1621529781
|switch|p1a: Umbreon|Umbreon, F|100/100
|-damage|p1a: Umbreon|88/100|[from] Stealth Rock
|move|p2a: Aegislash|Toxic|p1a: Umbreon
|-status|p1a: Umbreon|tox
|
|-heal|p2a: Aegislash|76/100|[from] item: Leftovers
|-damage|p1a: Umbreon|82/100 tox|[from] psn
|upkeep
|turn|59
|l| Le panda chill
|
|t:|1621529785
|move|p2a: Aegislash|Shadow Ball|p1a: Umbreon
|-resisted|p1a: Umbreon
|-damage|p1a: Umbreon|70/100 tox
|move|p1a: Umbreon|Wish|p1a: Umbreon
|
|-heal|p2a: Aegislash|82/100|[from] item: Leftovers
|-damage|p1a: Umbreon|57/100 tox|[from] psn
|upkeep
|turn|60
|
|t:|1621529798
|switch|p2a: Zarude|Zarude|100/100
|move|p1a: Umbreon|Heal Bell|p1a: Umbreon
|-activate|p1a: Umbreon|move: Heal Bell
|-curestatus|p1a: Umbreon|tox|[msg]
|
|-heal|p1a: Umbreon|100/100|[from] move: Wish|[wisher] Umbreon
|upkeep
|turn|61
|
|t:|1621529823
|switch|p1a: Salamence|Salamence, F|100/100
|-ability|p1a: Salamence|Intimidate|boost
|-unboost|p2a: Zarude|atk|1
|move|p2a: Zarude|U-turn|p1a: Salamence
|-resisted|p1a: Salamence
|-damage|p1a: Salamence|95/100
|
|t:|1621529828
|switch|p2a: Noivern|Noivern, M|65/100|[from]move: U-turn
|
|upkeep
|turn|62
|
|t:|1621529835
|switch|p1a: Chansey|Chansey, F|100/100
|-damage|p1a: Chansey|88/100|[from] Stealth Rock
|move|p2a: Noivern|U-turn|p1a: Chansey
|-damage|p1a: Chansey|77/100
|j| UULT81x Mygrein
|
|t:|1621529839
|switch|p2a: Slowbro|Slowbro-Galar, M|36/100 brn|[from]move: U-turn
|-damage|p2a: Slowbro|23/100 brn|[from] Stealth Rock
|
|-damage|p2a: Slowbro|17/100 brn|[from] brn
|upkeep
|turn|63
|
|t:|1621529862
|switch|p1a: Slowbro|Slowbro-Galar, F|49/100
|-damage|p1a: Slowbro|37/100|[from] Stealth Rock
|switch|p2a: Aegislash|Aegislash, F|82/100
|-damage|p2a: Aegislash|76/100|[from] Stealth Rock
|
|-heal|p2a: Aegislash|82/100|[from] item: Leftovers
|upkeep
|turn|64
|
|t:|1621529880
|switch|p2a: Zarude|Zarude|100/100
|switch|p1a: Amoonguss|Amoonguss, F|98/100
|
|upkeep
|turn|65
|
|t:|1621529887
|move|p2a: Zarude|U-turn|p1a: Amoonguss
|-damage|p1a: Amoonguss|81/100
|
|t:|1621529890
|switch|p2a: Aegislash|Aegislash, F|82/100|[from]move: U-turn
|-damage|p2a: Aegislash|76/100|[from] Stealth Rock
|move|p1a: Amoonguss|Foul Play|p2a: Aegislash
|-supereffective|p2a: Aegislash
|-damage|p2a: Aegislash|60/100
|
|-heal|p2a: Aegislash|65/100|[from] item: Leftovers
|upkeep
|turn|66
|
|t:|1621529910
|move|p2a: Aegislash|King's Shield|p2a: Aegislash
|-singleturn|p2a: Aegislash|Protect
|move|p1a: Amoonguss|Foul Play|p2a: Aegislash
|-activate|p2a: Aegislash|move: Protect
|-unboost|p1a: Amoonguss|atk|1
|
|-heal|p2a: Aegislash|71/100|[from] item: Leftovers
|upkeep
|turn|67
|
|t:|1621529917
|switch|p2a: Zarude|Zarude|100/100
|move|p1a: Amoonguss|Foul Play|p2a: Zarude
|-resisted|p2a: Zarude
|-damage|p2a: Zarude|86/100
|
|upkeep
|turn|68
|
|t:|1621529922
|move|p2a: Zarude|U-turn|p1a: Amoonguss
|-damage|p1a: Amoonguss|65/100
|
|t:|1621529923
|switch|p2a: Slowbro|Slowbro-Galar, M|50/100 brn|[from]move: U-turn
|-damage|p2a: Slowbro|38/100 brn|[from] Stealth Rock
|move|p1a: Amoonguss|Sludge Bomb|p2a: Slowbro
|-resisted|p2a: Slowbro
|-crit|p2a: Slowbro
|-damage|p2a: Slowbro|27/100 brn
|
|-damage|p2a: Slowbro|21/100 brn|[from] brn
|upkeep
|turn|69
|
|t:|1621529930
|switch|p2a: Aegislash|Aegislash, F|71/100
|-damage|p2a: Aegislash|65/100|[from] Stealth Rock
|move|p1a: Amoonguss|Foul Play|p2a: Aegislash
|-supereffective|p2a: Aegislash
|-damage|p2a: Aegislash|48/100
|
|-heal|p2a: Aegislash|54/100|[from] item: Leftovers
|upkeep
|turn|70
|
|t:|1621529938
|switch|p1a: Umbreon|Umbreon, F|100/100
|-damage|p1a: Umbreon|88/100|[from] Stealth Rock
|move|p2a: Aegislash|Substitute|p2a: Aegislash
|-start|p2a: Aegislash|Substitute
|-damage|p2a: Aegislash|29/100
|
|-heal|p2a: Aegislash|35/100|[from] item: Leftovers
|upkeep
|turn|71
|
|t:|1621529942
|-formechange|p2a: Aegislash|Aegislash-Blade||[from] ability: Stance Change
|move|p2a: Aegislash|Shadow Ball|p1a: Umbreon
|-resisted|p1a: Umbreon
|-damage|p1a: Umbreon|74/100
|-unboost|p1a: Umbreon|spd|1
|move|p1a: Umbreon|Foul Play|p2a: Aegislash
|-supereffective|p2a: Aegislash
|-end|p2a: Aegislash|Substitute
|
|-heal|p2a: Aegislash|41/100|[from] item: Leftovers
|upkeep
|turn|72
|
|t:|1621529957
|switch|p2a: Zarude|Zarude|86/100
|switch|p1a: Slowbro|Slowbro-Galar, F|70/100
|-damage|p1a: Slowbro|58/100|[from] Stealth Rock
|
|upkeep
|turn|73
|j| Nt62t turt
|
|t:|1621529964
|move|p2a: Zarude|U-turn|p1a: Slowbro
|-damage|p1a: Slowbro|43/100
|
|t:|1621529966
|switch|p2a: Aegislash|Aegislash, F|41/100|[from]move: U-turn
|-damage|p2a: Aegislash|35/100|[from] Stealth Rock
|move|p1a: Slowbro|Slack Off|p1a: Slowbro
|-heal|p1a: Slowbro|93/100
|
|-heal|p2a: Aegislash|41/100|[from] item: Leftovers
|upkeep
|turn|74
|
|t:|1621529970
|switch|p2a: Zarude|Zarude|86/100
|switch|p1a: Amoonguss|Amoonguss, F|98/100
|
|upkeep
|turn|75
|
|t:|1621529980
|move|p2a: Zarude|U-turn|p1a: Amoonguss
|-damage|p1a: Amoonguss|80/100
|
|t:|1621529983
|switch|p2a: Noivern|Noivern, M|65/100|[from]move: U-turn
|move|p1a: Amoonguss|Sludge Bomb|p2a: Noivern
|-damage|p2a: Noivern|26/100
|
|upkeep
|turn|76
|
|t:|1621529987
|move|p2a: Noivern|Roost|p2a: Noivern
|-heal|p2a: Noivern|76/100
|-singleturn|p2a: Noivern|move: Roost
|move|p1a: Amoonguss|Sludge Bomb|p2a: Noivern
|-damage|p2a: Noivern|41/100
|
|upkeep
|turn|77
|
|t:|1621529991
|move|p2a: Noivern|Roost|p2a: Noivern
|-heal|p2a: Noivern|91/100
|-singleturn|p2a: Noivern|move: Roost
|move|p1a: Amoonguss|Sludge Bomb|p2a: Noivern
|-damage|p2a: Noivern|53/100
|-status|p2a: Noivern|psn
|
|-damage|p2a: Noivern|41/100 psn|[from] psn
|upkeep
|turn|78
|
|t:|1621529997
|switch|p1a: Chansey|Chansey, F|77/100
|-damage|p1a: Chansey|64/100|[from] Stealth Rock
|move|p2a: Noivern|Roost|p2a: Noivern
|-heal|p2a: Noivern|91/100 psn
|-singleturn|p2a: Noivern|move: Roost
|
|-damage|p2a: Noivern|79/100 psn|[from] psn
|upkeep
|turn|79
|
|t:|1621530003
|move|p2a: Noivern|U-turn|p1a: Chansey
|-damage|p1a: Chansey|54/100
|
|t:|1621530010
|switch|p2a: Zarude|Zarude|86/100|[from]move: U-turn
|move|p1a: Chansey|Soft-Boiled|p1a: Chansey
|-heal|p1a: Chansey|100/100
|
|upkeep
|turn|80
|
|t:|1621530017
|switch|p1a: Salamence|Salamence, F|95/100
|-ability|p1a: Salamence|Intimidate|boost
|-unboost|p2a: Zarude|atk|1
|move|p2a: Zarude|Darkest Lariat|p1a: Salamence
|-damage|p1a: Salamence|75/100
|
|upkeep
|turn|81
|
|t:|1621530026
|move|p2a: Zarude|U-turn|p1a: Salamence
|-resisted|p1a: Salamence
|-damage|p1a: Salamence|69/100
|
|t:|1621530039
|switch|p2a: Slowbro|Slowbro-Galar, M|54/100 brn|[from]move: U-turn
|-damage|p2a: Slowbro|42/100 brn|[from] Stealth Rock
|move|p1a: Salamence|Flamethrower|p2a: Slowbro
|-damage|p2a: Slowbro|31/100 brn
|
|-damage|p2a: Slowbro|25/100 brn|[from] brn
|upkeep
|turn|82
|
|t:|1621530061
|switch|p2a: Noivern|Noivern, M|79/100 psn
|move|p1a: Salamence|Flamethrower|p2a: Noivern
|-resisted|p2a: Noivern
|-damage|p2a: Noivern|63/100 psn
|
|-damage|p2a: Noivern|50/100 psn|[from] psn
|upkeep
|turn|83
|
|t:|1621530081
|switch|p1a: Umbreon|Umbreon, F|74/100
|-damage|p1a: Umbreon|62/100|[from] Stealth Rock
|move|p2a: Noivern|Roost|p2a: Noivern
|-heal|p2a: Noivern|100/100 psn
|-singleturn|p2a: Noivern|move: Roost
|
|-damage|p2a: Noivern|88/100 psn|[from] psn
|upkeep
|turn|84
|
|t:|1621530083
|move|p2a: Noivern|U-turn|p1a: Umbreon
|-supereffective|p1a: Umbreon
|-damage|p1a: Umbreon|45/100
|
|t:|1621530086
|switch|p2a: Zarude|Zarude|86/100|[from]move: U-turn
|move|p1a: Umbreon|Wish|p1a: Umbreon
|
|upkeep
|turn|85
|
|t:|1621530089
|move|p1a: Umbreon|Protect|p1a: Umbreon
|-singleturn|p1a: Umbreon|Protect
|move|p2a: Zarude|U-turn|p1a: Umbreon
|-activate|p1a: Umbreon|move: Protect
|
|-heal|p1a: Umbreon|95/100|[from] move: Wish|[wisher] Umbreon
|upkeep
|turn|86
|
|t:|1621530094
|switch|p1a: Salamence|Salamence, F|69/100
|-ability|p1a: Salamence|Intimidate|boost
|-unboost|p2a: Zarude|atk|1
|move|p2a: Zarude|Power Whip|p1a: Salamence
|-resisted|p1a: Salamence
|-damage|p1a: Salamence|62/100
|
|upkeep
|turn|87
|
|t:|1621530097
|move|p2a: Zarude|U-turn|p1a: Salamence
|-resisted|p1a: Salamence
|-damage|p1a: Salamence|57/100
|
|t:|1621530103
|switch|p2a: Slowbro|Slowbro-Galar, M|58/100 brn|[from]move: U-turn
|-damage|p2a: Slowbro|45/100 brn|[from] Stealth Rock
|move|p1a: Salamence|Roost|p1a: Salamence
|-heal|p1a: Salamence|100/100
|-singleturn|p1a: Salamence|move: Roost
|
|-damage|p2a: Slowbro|39/100 brn|[from] brn
|upkeep
|turn|88
|
|t:|1621530109
|switch|p1a: Slowbro|Slowbro-Galar, F|100/100
|-damage|p1a: Slowbro|88/100|[from] Stealth Rock
|move|p2a: Slowbro|Shell Side Arm|p1a: Slowbro|[anim] Shell Side Arm Special
|-resisted|p1a: Slowbro
|-damage|p1a: Slowbro|70/100
|-hint|Special Shell Side Arm
|
|-damage|p2a: Slowbro|33/100 brn|[from] brn
|upkeep
|turn|89
|
|t:|1621530116
|switch|p2a: Zarude|Zarude|86/100
|move|p1a: Slowbro|Scald|p2a: Zarude
|-resisted|p2a: Zarude
|-damage|p2a: Zarude|77/100
|-status|p2a: Zarude|brn
|
|-damage|p2a: Zarude|71/100 brn|[from] brn
|upkeep
|turn|90
|
|t:|1621530120
|move|p2a: Zarude|Jungle Healing|p2a: Zarude
|-heal|p2a: Zarude|96/100 brn
|-curestatus|p2a: Zarude|brn|[msg]
|move|p1a: Slowbro|Sludge Bomb|p2a: Zarude
|-supereffective|p2a: Zarude
|-damage|p2a: Zarude|30/100
|
|upkeep
|turn|91
|
|t:|1621530125
|move|p2a: Zarude|U-turn|p1a: Slowbro
|-damage|p1a: Slowbro|56/100
|
|t:|1621530127
|switch|p2a: Aegislash|Aegislash, F|41/100|[from]move: U-turn
|-damage|p2a: Aegislash|35/100|[from] Stealth Rock
|move|p1a: Slowbro|Sludge Bomb|p2a: Aegislash
|-immune|p2a: Aegislash
|
|-heal|p2a: Aegislash|41/100|[from] item: Leftovers
|upkeep
|turn|92
|
|t:|1621530131
|switch|p1a: Amoonguss|Amoonguss, F|100/100
|-formechange|p2a: Aegislash|Aegislash-Blade||[from] ability: Stance Change
|move|p2a: Aegislash|Shadow Ball|p1a: Amoonguss
|-crit|p1a: Amoonguss
|-damage|p1a: Amoonguss|36/100
|
|-heal|p2a: Aegislash|47/100|[from] item: Leftovers
|upkeep
|turn|93
|j| faded love ☭
|
|t:|1621530137
|switch|p1a: Umbreon|Umbreon, F|95/100
|-damage|p1a: Umbreon|82/100|[from] Stealth Rock
|move|p2a: Aegislash|Toxic|p1a: Umbreon
|-status|p1a: Umbreon|tox
|
|-heal|p2a: Aegislash|53/100|[from] item: Leftovers
|-damage|p1a: Umbreon|76/100 tox|[from] psn
|upkeep
|turn|94
|
|t:|1621530149
|switch|p2a: Zarude|Zarude|30/100
|move|p1a: Umbreon|Heal Bell|p1a: Umbreon
|-activate|p1a: Umbreon|move: Heal Bell
|-curestatus|p1a: Umbreon|tox|[msg]
|
|upkeep
|turn|95
|
|t:|1621530154
|switch|p1a: Amoonguss|Amoonguss, F|69/100
|move|p2a: Zarude|Jungle Healing|p2a: Zarude
|-heal|p2a: Zarude|55/100
|
|upkeep
|turn|96
|l| Nt62t turt
|
|t:|1621530160
|move|p2a: Zarude|U-turn|p1a: Amoonguss
|-damage|p1a: Amoonguss|51/100
|
|t:|1621530162
|switch|p2a: Noivern|Noivern, M|88/100 psn|[from]move: U-turn
|move|p1a: Amoonguss|Foul Play|p2a: Noivern
|-damage|p2a: Noivern|70/100 psn
|
|-damage|p2a: Noivern|57/100 psn|[from] psn
|upkeep
|turn|97
|
|t:|1621530177
|switch|p1a: Umbreon|Umbreon, F|76/100
|-damage|p1a: Umbreon|64/100|[from] Stealth Rock
|move|p2a: Noivern|U-turn|p1a: Umbreon
|-supereffective|p1a: Umbreon
|-damage|p1a: Umbreon|47/100
|
|t:|1621530183
|switch|p2a: Zarude|Zarude|55/100|[from]move: U-turn
|
|upkeep
|turn|98
|
|t:|1621530189
|move|p2a: Zarude|Power Whip|p1a: Umbreon
|-damage|p1a: Umbreon|0 fnt
|faint|p1a: Umbreon
|
|upkeep
|c|☆UULT81x unjust|wait that kills
|c|☆UULT81x unjust|wat
|l| dingbat ㋛
|c|☆Moutemoute|i'm kinda
|c|☆Moutemoute|surprised too
|c|☆Moutemoute|ngl
|c|☆UULT81x unjust|ah its a roll
|c|☆UULT81x unjust|:/
|c|☆Moutemoute|ye
|inactive|UULT81x unjust has 120 seconds left.
|j| lucqq
|
|t:|1621530229
|switch|p1a: Amoonguss|Amoonguss, F|85/100
|turn|99
|
|t:|1621530234
|move|p2a: Zarude|U-turn|p1a: Amoonguss
|-damage|p1a: Amoonguss|69/100
|
|t:|1621530236
|switch|p2a: Slowbro|Slowbro-Galar, M|66/100 brn|[from]move: U-turn
|-damage|p2a: Slowbro|54/100 brn|[from] Stealth Rock
|move|p1a: Amoonguss|Foul Play|p2a: Slowbro
|-supereffective|p2a: Slowbro
|-damage|p2a: Slowbro|13/100 brn
|
|-damage|p2a: Slowbro|7/100 brn|[from] brn
|upkeep
|turn|100
|inactive|UULT81x unjust has 120 seconds left.
|
|t:|1621530257
|switch|p1a: Salamence|Salamence, F|100/100
|-ability|p1a: Salamence|Intimidate|boost
|-unboost|p2a: Slowbro|atk|1
|switch|p2a: Noivern|Noivern, M|57/100 psn
|
|-damage|p2a: Noivern|45/100 psn|[from] psn
|upkeep
|turn|101
|
|t:|1621530267
|switch|p1a: Slowbro|Slowbro-Galar, F|89/100
|-damage|p1a: Slowbro|77/100|[from] Stealth Rock
|move|p2a: Noivern|Draco Meteor|p1a: Slowbro|[miss]
|-miss|p2a: Noivern|p1a: Slowbro
|
|-damage|p2a: Noivern|33/100 psn|[from] psn
|upkeep
|turn|102
|
|t:|1621530276
|move|p2a: Noivern|Roost|p2a: Noivern
|-heal|p2a: Noivern|83/100 psn
|-singleturn|p2a: Noivern|move: Roost
|move|p1a: Slowbro|Calm Mind|p1a: Slowbro
|-boost|p1a: Slowbro|spa|1
|-boost|p1a: Slowbro|spd|1
|
|-damage|p2a: Noivern|71/100 psn|[from] psn
|upkeep
|turn|103
|
|t:|1621530284
|move|p2a: Noivern|U-turn|p1a: Slowbro
|-damage|p1a: Slowbro|69/100
|
|t:|1621530286
|switch|p2a: Aegislash|Aegislash, F|53/100|[from]move: U-turn
|-damage|p2a: Aegislash|47/100|[from] Stealth Rock
|move|p1a: Slowbro|Slack Off|p1a: Slowbro
|-heal|p1a: Slowbro|100/100
|
|-heal|p2a: Aegislash|53/100|[from] item: Leftovers
|upkeep
|turn|104
|j| 7MM
|
|t:|1621530315
|-formechange|p2a: Aegislash|Aegislash-Blade||[from] ability: Stance Change
|move|p2a: Aegislash|Shadow Ball|p1a: Slowbro
|-supereffective|p1a: Slowbro
|-damage|p1a: Slowbro|24/100
|move|p1a: Slowbro|Scald|p2a: Aegislash
|-damage|p2a: Aegislash|0 fnt
|faint|p2a: Aegislash
|
|upkeep
|
|t:|1621530319
|switch|p2a: Zarude|Zarude|55/100
|turn|105
|
|t:|1621530323
|switch|p1a: Salamence|Salamence, F|100/100
|-ability|p1a: Salamence|Intimidate|boost
|-unboost|p2a: Zarude|atk|1
|move|p2a: Zarude|U-turn|p1a: Salamence
|-resisted|p1a: Salamence
|-damage|p1a: Salamence|95/100
|
|t:|1621530327
|switch|p2a: Noivern|Noivern, M|71/100 psn|[from]move: U-turn
|
|-damage|p2a: Noivern|59/100 psn|[from] psn
|upkeep
|turn|106
|l| UULT81x rinn
|l| 7MM
|
|t:|1621530331
|switch|p1a: Chansey|Chansey, F|100/100
|-damage|p1a: Chansey|88/100|[from] Stealth Rock
|move|p2a: Noivern|U-turn|p1a: Chansey
|-damage|p1a: Chansey|77/100
|
|t:|1621530337
|switch|p2a: Zarude|Zarude|55/100|[from]move: U-turn
|
|upkeep
|turn|107
|
|t:|1621530352
|switch|p1a: Amoonguss|Amoonguss, F|100/100
|move|p2a: Zarude|U-turn|p1a: Amoonguss
|-damage|p1a: Amoonguss|82/100
|
|t:|1621530361
|switch|p2a: Thundurus|Thundurus, M|46/100|[from]move: U-turn
|
|upkeep
|turn|108
|
|t:|1621530367
|switch|p1a: Chansey|Chansey, F|77/100
|-damage|p1a: Chansey|64/100|[from] Stealth Rock
|move|p2a: Thundurus|Psychic|p1a: Chansey
|-damage|p1a: Chansey|50/100
|
|upkeep
|turn|109
|
|t:|1621530370
|move|p2a: Thundurus|U-turn|p1a: Chansey
|-damage|p1a: Chansey|33/100
|
|t:|1621530372
|switch|p2a: Zarude|Zarude|55/100|[from]move: U-turn
|move|p1a: Chansey|Soft-Boiled|p1a: Chansey
|-heal|p1a: Chansey|83/100
|
|upkeep
|turn|110
|
|t:|1621530379
|move|p2a: Zarude|U-turn|p1a: Chansey
|-damage|p1a: Chansey|61/100
|
|t:|1621530383
|switch|p2a: Noivern|Noivern, M|59/100 psn|[from]move: U-turn
|move|p1a: Chansey|Soft-Boiled|p1a: Chansey
|-heal|p1a: Chansey|100/100
|
|-damage|p2a: Noivern|46/100 psn|[from] psn
|upkeep
|turn|111
|
|t:|1621530387
|move|p2a: Noivern|Roost|p2a: Noivern
|-heal|p2a: Noivern|97/100 psn
|-singleturn|p2a: Noivern|move: Roost
|move|p1a: Chansey|Seismic Toss|p2a: Noivern
|-damage|p2a: Noivern|64/100 psn
|
|-damage|p2a: Noivern|52/100 psn|[from] psn
|upkeep
|turn|112
|
|t:|1621530391
|move|p2a: Noivern|U-turn|p1a: Chansey
|-damage|p1a: Chansey|90/100
|l| serene cut
|
|t:|1621530397
|switch|p2a: Rhyperior|Rhyperior, F|34/100 tox|[from]move: U-turn
|-damage|p2a: Rhyperior|28/100 tox|[from] Stealth Rock
|move|p1a: Chansey|Seismic Toss|p2a: Rhyperior
|-damage|p2a: Rhyperior|5/100 tox
|
|-heal|p2a: Rhyperior|11/100 tox|[from] item: Leftovers
|-damage|p2a: Rhyperior|5/100 tox|[from] psn
|upkeep
|turn|113
|
|t:|1621530403
|move|p2a: Rhyperior|Earthquake|p1a: Chansey
|-damage|p1a: Chansey|40/100
|move|p1a: Chansey|Seismic Toss|p2a: Rhyperior
|-damage|p2a: Rhyperior|0 fnt
|faint|p2a: Rhyperior
|
|upkeep
|
|t:|1621530407
|switch|p2a: Zarude|Zarude|55/100
|turn|114
|
|t:|1621530412
|switch|p1a: Salamence|Salamence, F|95/100
|-ability|p1a: Salamence|Intimidate|boost
|-unboost|p2a: Zarude|atk|1
|move|p2a: Zarude|Darkest Lariat|p1a: Salamence
|-damage|p1a: Salamence|75/100
|
|upkeep
|turn|115
|
|t:|1621530421
|move|p2a: Zarude|U-turn|p1a: Salamence
|-resisted|p1a: Salamence
|-damage|p1a: Salamence|69/100
|
|t:|1621530424
|switch|p2a: Thundurus|Thundurus, M|46/100|[from]move: U-turn
|move|p1a: Salamence|Defog|p2a: Thundurus
|-unboost|p2a: Thundurus|evasion|1
|-ability|p2a: Thundurus|Defiant
|-boost|p2a: Thundurus|atk|2
|-sideend|p2: Moutemoute|Stealth Rock|[from] move: Defog|[of] p1a: Salamence
|-sideend|p1: UULT81x unjust|Stealth Rock|[from] move: Defog|[of] p1a: Salamence
|
|upkeep
|turn|116
|
|t:|1621530443
|move|p2a: Thundurus|Psychic|p1a: Salamence
|-damage|p1a: Salamence|35/100
|move|p1a: Salamence|Toxic|p2a: Thundurus
|-status|p2a: Thundurus|tox
|
|-damage|p2a: Thundurus|40/100 tox|[from] psn
|upkeep
|turn|117
|
|t:|1621530453
|switch|p1a: Amoonguss|Amoonguss, F|100/100
|move|p2a: Thundurus|Thunderbolt|p1a: Amoonguss
|-resisted|p1a: Amoonguss
|-damage|p1a: Amoonguss|79/100
|
|-damage|p2a: Thundurus|28/100 tox|[from] psn
|upkeep
|turn|118
|
|t:|1621530459
|move|p2a: Thundurus|Psychic|p1a: Amoonguss
|-supereffective|p1a: Amoonguss
|-damage|p1a: Amoonguss|26/100
|move|p1a: Amoonguss|Synthesis|p1a: Amoonguss
|-heal|p1a: Amoonguss|76/100
|
|-damage|p2a: Thundurus|10/100 tox|[from] psn
|upkeep
|turn|119
|
|t:|1621530466
|move|p2a: Thundurus|Knock Off|p1a: Amoonguss
|-damage|p1a: Amoonguss|43/100
|-enditem|p1a: Amoonguss|Heavy-Duty Boots|[from] move: Knock Off|[of] p2a: Thundurus
|move|p1a: Amoonguss|Synthesis|p1a: Amoonguss
|-heal|p1a: Amoonguss|93/100
|
|-damage|p2a: Thundurus|0 fnt|[from] psn
|faint|p2a: Thundurus
|upkeep
|
|t:|1621530469
|switch|p2a: Slowbro|Slowbro-Galar, M|40/100 brn
|turn|120
|
|t:|1621530474
|switch|p1a: Chansey|Chansey, F|40/100
|move|p2a: Slowbro|Future Sight|p1a: Chansey
|-start|p2a: Slowbro|move: Future Sight
|
|-damage|p2a: Slowbro|34/100 brn|[from] brn
|upkeep
|turn|121
|
|t:|1621530495
|switch|p2a: Zarude|Zarude|55/100
|move|p1a: Chansey|Seismic Toss|p2a: Zarude
|-damage|p2a: Zarude|27/100
|
|upkeep
|turn|122
|c|☆UULT81x unjust|hm
|
|t:|1621530525
|switch|p1a: Pyukumuku|Pyukumuku, F|73/100
|move|p2a: Zarude|Power Whip|p1a: Pyukumuku
|-supereffective|p1a: Pyukumuku
|-damage|p1a: Pyukumuku|0 fnt
|faint|p1a: Pyukumuku
|
|-hint|Future Sight did not hit because the target is fainted.
|upkeep
|
|t:|1621530537
|switch|p1a: Salamence|Salamence, F|35/100
|-ability|p1a: Salamence|Intimidate|boost
|-unboost|p2a: Zarude|atk|1
|turn|123
|
|t:|1621530541
|move|p2a: Zarude|U-turn|p1a: Salamence
|-resisted|p1a: Salamence
|-damage|p1a: Salamence|29/100
|
|t:|1621530544
|switch|p2a: Slowbro|Slowbro-Galar, M|67/100 brn|[from]move: U-turn
|move|p1a: Salamence|Roost|p1a: Salamence
|-heal|p1a: Salamence|79/100
|-singleturn|p1a: Salamence|move: Roost
|
|-damage|p2a: Slowbro|61/100 brn|[from] brn
|upkeep
|turn|124
|
|t:|1621530552
|switch|p1a: Slowbro|Slowbro-Galar, F|58/100
|move|p2a: Slowbro|Shell Side Arm|p1a: Slowbro|[anim] Shell Side Arm Special
|-resisted|p1a: Slowbro
|-damage|p1a: Slowbro|39/100
|-hint|Special Shell Side Arm
|
|-damage|p2a: Slowbro|55/100 brn|[from] brn
|upkeep
|turn|125
|
|t:|1621530555
|move|p1a: Slowbro|Slack Off|p1a: Slowbro
|-heal|p1a: Slowbro|89/100
|move|p2a: Slowbro|Future Sight|p1a: Slowbro
|-start|p2a: Slowbro|move: Future Sight
|
|-damage|p2a: Slowbro|49/100 brn|[from] brn
|upkeep
|turn|126
|
|t:|1621530561
|switch|p2a: Zarude|Zarude|27/100
|move|p1a: Slowbro|Sludge Bomb|p2a: Zarude
|-supereffective|p2a: Zarude
|-damage|p2a: Zarude|0 fnt
|faint|p2a: Zarude
|
|upkeep
|c|☆Moutemoute|gg
|-message|Moutemoute forfeited.
|
|win|UULT81x unjust
|raw|UULT81x unjust's rating: 1592 &rarr; <strong>1612</strong><br />(+20 for winning)
|raw|Moutemoute's rating: 1591 &rarr; <strong>1571</strong><br />(-20 for losing)
|c|☆UULT81x unjust|gg
|l|☆Moutemoute
|l| ojr
|l| lucqq
|l| 467 11 11p
||Ladder isn't responding, score probably updated but might not have (Request timeout).
