|raw|<div class="broadcast-blue"><strong>This battle is required to be public due to a player having a name starting with 'uult91w'.</div>
|j|☆Verstraeten
|j|☆UULT91w udon
|t:|1651628116
|gametype|singles
|player|p1|Verstraeten|scientist|1345
|player|p2|UULT91w udon|#bltviiiturtwigs|1369
|teamsize|p1|6
|teamsize|p2|6
|gen|8
|tier|[Gen 8] UU
|rated|
|rule|Sleep Clause Mod: Limit one foe put to sleep
|rule|Species Clause: Limit one of each Pokémon
|rule|OHKO Clause: OHKO moves are banned
|rule|Evasion Moves Clause: Evasion moves are banned
|rule|Endless Battle Clause: Forcing endless battles is banned
|rule|HP Percentage Mod: HP is shown in percentages
|rule|Dynamax Clause: You cannot dynamax
|clearpoke
|poke|p1|Durant, M|
|poke|p1|Xurkitree|
|poke|p1|Galvantula, F|
|poke|p1|Tsareena, F|
|poke|p1|Gyarados, M|
|poke|p1|Salazzle, F|
|poke|p2|Hydreigon, M|
|poke|p2|Cobalion|
|poke|p2|Azumarill, F|
|poke|p2|Tangrowth, F|
|poke|p2|Moltres|
|poke|p2|Aegislash, M|
|teampreview
|c|☆Verstraeten|glhf!
|
|t:|1651628124
|start
|switch|p1a: Galvan-Eyes|Galvantula, F, shiny|100/100
|switch|p2a: Tangrowth|Tangrowth, F|100/100
|turn|1
|inactive|Battle timer is ON: inactive players will automatically lose when time's up. (requested by Verstraeten)
|
|t:|1651628130
|move|p1a: Galvan-Eyes|Sticky Web|p2a: Tangrowth
|-sidestart|p2: UULT91w udon|move: Sticky Web
|move|p2a: Tangrowth|Earthquake|p1a: Galvan-Eyes
|-damage|p1a: Galvan-Eyes|60/100
|
|upkeep
|turn|2
|
|t:|1651628141
|switch|p1a: #Slay|Tsareena, F, shiny|100/100
|move|p2a: Tangrowth|Sludge Bomb|p1a: #Slay
|-supereffective|p1a: #Slay
|-damage|p1a: #Slay|41/100
|-status|p1a: #Slay|psn
|
|-heal|p1a: #Slay|47/100 psn|[from] item: Leftovers
|-damage|p1a: #Slay|35/100 psn|[from] psn
|upkeep
|turn|3
|
|t:|1651628151
|switch|p2a: Cobalion|Cobalion|100/100
|-activate|p2a: Cobalion|move: Sticky Web
|-unboost|p2a: Cobalion|spe|1
|move|p1a: #Slay|Triple Axel|p2a: Cobalion
|-resisted|p2a: Cobalion
|-damage|p2a: Cobalion|97/100
|-damage|p1a: #Slay|18/100 psn|[from] item: Rocky Helmet|[of] p2a: Cobalion
|-resisted|p2a: Cobalion
|-damage|p2a: Cobalion|90/100
|-damage|p1a: #Slay|2/100 psn|[from] item: Rocky Helmet|[of] p2a: Cobalion
|-resisted|p2a: Cobalion
|-damage|p2a: Cobalion|81/100
|-damage|p1a: #Slay|0 fnt|[from] item: Rocky Helmet|[of] p2a: Cobalion
|faint|p1a: #Slay
|-hitcount|p2a: Cobalion|3
|
|upkeep
|
|t:|1651628166
|switch|p1a: Shachihoko|Gyarados, M, shiny|100/100
|turn|4
|
|t:|1651628170
|move|p1a: Shachihoko|Dragon Dance|p1a: Shachihoko
|-boost|p1a: Shachihoko|atk|1
|-boost|p1a: Shachihoko|spe|1
|move|p2a: Cobalion|Volt Switch|p1a: Shachihoko
|-supereffective|p1a: Shachihoko
|-damage|p1a: Shachihoko|41/100
|
|t:|1651628176
|switch|p2a: Tangrowth|Tangrowth, F|100/100|[from]move: Volt Switch
|-activate|p2a: Tangrowth|move: Sticky Web
|-unboost|p2a: Tangrowth|spe|1
|
|-heal|p1a: Shachihoko|47/100|[from] item: Leftovers
|upkeep
|turn|5
|
|t:|1651628179
|move|p1a: Shachihoko|Bounce||[still]
|-prepare|p1a: Shachihoko|Bounce
|move|p2a: Tangrowth|Power Whip|p1a: Shachihoko|[miss]
|-miss|p2a: Tangrowth|p1a: Shachihoko
|
|-heal|p1a: Shachihoko|53/100|[from] item: Leftovers
|upkeep
|turn|6
|
|t:|1651628184
|switch|p2a: Cobalion|Cobalion|81/100
|-activate|p2a: Cobalion|move: Sticky Web
|-unboost|p2a: Cobalion|spe|1
|move|p1a: Shachihoko|Bounce|p2a: Cobalion|[from]lockedmove
|-damage|p2a: Cobalion|28/100
|-damage|p1a: Shachihoko|37/100|[from] item: Rocky Helmet|[of] p2a: Cobalion
|
|-heal|p1a: Shachihoko|43/100|[from] item: Leftovers
|upkeep
|turn|7
|
|t:|1651628192
|switch|p2a: Tangrowth|Tangrowth, F|100/100
|-activate|p2a: Tangrowth|move: Sticky Web
|-unboost|p2a: Tangrowth|spe|1
|move|p1a: Shachihoko|Earthquake|p2a: Tangrowth
|-resisted|p2a: Tangrowth
|-damage|p2a: Tangrowth|82/100
|
|-heal|p1a: Shachihoko|49/100|[from] item: Leftovers
|upkeep
|turn|8
|
|t:|1651628201
|switch|p2a: Aegislash|Aegislash, M|100/100
|-activate|p2a: Aegislash|move: Sticky Web
|-unboost|p2a: Aegislash|spe|1
|move|p1a: Shachihoko|Earthquake|p2a: Aegislash
|-supereffective|p2a: Aegislash
|-damage|p2a: Aegislash|15/100
|
|-heal|p1a: Shachihoko|55/100|[from] item: Leftovers
|upkeep
|turn|9
|
|t:|1651628205
|-formechange|p2a: Aegislash|Aegislash-Blade||[from] ability: Stance Change
|move|p2a: Aegislash|Shadow Sneak|p1a: Shachihoko
|-damage|p1a: Shachihoko|26/100
|-damage|p2a: Aegislash|5/100|[from] item: Life Orb
|move|p1a: Shachihoko|Earthquake|p2a: Aegislash
|-supereffective|p2a: Aegislash
|-damage|p2a: Aegislash|0 fnt
|faint|p2a: Aegislash
|-ability|p1a: Shachihoko|Moxie|boost
|-boost|p1a: Shachihoko|atk|1
|
|-heal|p1a: Shachihoko|32/100|[from] item: Leftovers
|upkeep
|
|t:|1651628217
|switch|p2a: Azumarill|Azumarill, F|100/100
|-activate|p2a: Azumarill|move: Sticky Web
|-unboost|p2a: Azumarill|spe|1
|turn|10
|
|t:|1651628231
|move|p2a: Azumarill|Aqua Jet|p1a: Shachihoko
|-resisted|p1a: Shachihoko
|-damage|p1a: Shachihoko|10/100
|move|p1a: Shachihoko|Earthquake|p2a: Azumarill
|-damage|p2a: Azumarill|30/100
|
|-heal|p1a: Shachihoko|16/100|[from] item: Leftovers
|upkeep
|turn|11
|
|t:|1651628238
|move|p2a: Azumarill|Aqua Jet|p1a: Shachihoko
|-resisted|p1a: Shachihoko
|-damage|p1a: Shachihoko|0 fnt
|faint|p1a: Shachihoko
|
|upkeep
|
|t:|1651628242
|switch|p1a: Xmastree|Xurkitree, shiny|100/100
|turn|12
|
|t:|1651628246
|switch|p2a: Tangrowth|Tangrowth, F|100/100
|-activate|p2a: Tangrowth|move: Sticky Web
|-unboost|p2a: Tangrowth|spe|1
|move|p1a: Xmastree|Dazzling Gleam|p2a: Tangrowth
|-damage|p2a: Tangrowth|79/100
|
|upkeep
|turn|13
|
|t:|1651628253
|switch|p1a: Galvan-Eyes|Galvantula, F, shiny|60/100
|move|p2a: Tangrowth|Knock Off|p1a: Galvan-Eyes
|-damage|p1a: Galvan-Eyes|22/100
|-enditem|p1a: Galvan-Eyes|Focus Sash|[from] move: Knock Off|[of] p2a: Tangrowth
|
|upkeep
|turn|14
|
|t:|1651628258
|move|p1a: Galvan-Eyes|Bug Buzz|p2a: Tangrowth
|-supereffective|p2a: Tangrowth
|-damage|p2a: Tangrowth|32/100
|move|p2a: Tangrowth|Knock Off|p1a: Galvan-Eyes
|-damage|p1a: Galvan-Eyes|0 fnt
|faint|p1a: Galvan-Eyes
|
|upkeep
|
|t:|1651628265
|switch|p1a: Xmastree|Xurkitree, shiny|100/100
|turn|15
|inactive|UULT91w udon has 120 seconds left.
|
|t:|1651628296
|switch|p2a: Hydreigon|Hydreigon, M|100/100
|move|p1a: Xmastree|Dazzling Gleam|p2a: Hydreigon
|-supereffective|p2a: Hydreigon
|-damage|p2a: Hydreigon|0 fnt
|faint|p2a: Hydreigon
|-ability|p1a: Xmastree|Beast Boost|boost
|-boost|p1a: Xmastree|spa|1
|
|upkeep
|
|t:|1651628299
|switch|p2a: Moltres|Moltres|100/100
|turn|16
|
|t:|1651628303
|move|p1a: Xmastree|Thunderbolt|p2a: Moltres
|-supereffective|p2a: Moltres
|-damage|p2a: Moltres|0 fnt
|faint|p2a: Moltres
|-ability|p1a: Xmastree|Beast Boost|boost
|-boost|p1a: Xmastree|spa|1
|
|upkeep
|-message|UULT91w udon forfeited.
|
|win|Verstraeten
|raw|Verstraeten's rating: 1345 &rarr; <strong>1366</strong><br />(+21 for winning)
|raw|UULT91w udon's rating: 1369 &rarr; <strong>1348</strong><br />(-21 for losing)
|l|☆UULT91w udon
||Ladder isn't responding, score probably updated but might not have (Request timeout).
