|html|<div class="broadcast-blue"><strong>[Gen 8] UU is currently suspecting Thundurus-T! For information on how to participate check out the <a href="https://www.smogon.com/forums/threads/np-ss-uu-stage-11-boom-clap.3696000/">suspect thread</a>.</strong></div>
|j|☆UU11T Freeze
|j|☆joliemome
|t:|1642938743
|gametype|singles
|player|p1|UU11T Freeze|colress|1381
|player|p2|joliemome|beauty-gen4dp|1490
|teamsize|p1|6
|teamsize|p2|6
|gen|8
|tier|[Gen 8] UU
|rated|
|rule|Sleep Clause Mod: Limit one foe put to sleep
|rule|Species Clause: Limit one of each Pokémon
|rule|OHKO Clause: OHKO moves are banned
|rule|Evasion Moves Clause: Evasion moves are banned
|rule|Endless Battle Clause: Forcing endless battles is banned
|rule|HP Percentage Mod: HP is shown in percentages
|rule|Dynamax Clause: You cannot dynamax
|clearpoke
|poke|p1|Nihilego|
|poke|p1|Azelf|
|poke|p1|Mamoswine, M|
|poke|p1|Aegislash, F|
|poke|p1|Volcanion|
|poke|p1|Zarude|
|poke|p2|Skarmory, F|
|poke|p2|Hydreigon, M|
|poke|p2|Darmanitan, F|
|poke|p2|Tapu Bulu|
|poke|p2|Swampert, M|
|poke|p2|Nihilego|
|teampreview
|j| Galacman
|
|t:|1642938788
|start
|switch|p1a: Nihilego|Nihilego|100/100
|switch|p2a: Darmanitan|Darmanitan, F|100/100
|turn|1
|
|t:|1642938795
|move|p2a: Darmanitan|U-turn|p1a: Nihilego
|-resisted|p1a: Nihilego
|-damage|p1a: Nihilego|80/100
|l| Galacman
|
|t:|1642938799
|switch|p2a: Swampert|Swampert, M|100/100|[from]move: U-turn
|move|p1a: Nihilego|Stealth Rock|p2a: Swampert
|-sidestart|p2: joliemome|move: Stealth Rock
|
|-heal|p1a: Nihilego|86/100|[from] item: Black Sludge
|upkeep
|turn|2
|
|t:|1642938807
|switch|p1a: Zarude|Zarude|100/100
|move|p2a: Swampert|Flip Turn|p1a: Zarude
|-resisted|p1a: Zarude
|-damage|p1a: Zarude|89/100
|
|t:|1642938819
|switch|p2a: Darmanitan|Darmanitan, F|100/100|[from]move: Flip Turn
|-damage|p2a: Darmanitan|76/100|[from] Stealth Rock
|
|upkeep
|turn|3
|
|t:|1642938828
|switch|p1a: Nihilego|Nihilego|86/100
|move|p2a: Darmanitan|Flare Blitz|p1a: Nihilego
|-resisted|p1a: Nihilego
|-damage|p1a: Nihilego|17/100
|-damage|p2a: Darmanitan|51/100|[from] Recoil
|
|-heal|p1a: Nihilego|24/100|[from] item: Black Sludge
|upkeep
|turn|4
|
|t:|1642938837
|switch|p1a: Volcanion|Volcanion|100/100
|move|p2a: Darmanitan|Flare Blitz|p1a: Volcanion
|-resisted|p1a: Volcanion
|-damage|p1a: Volcanion|81/100
|-damage|p2a: Darmanitan|46/100|[from] Recoil
|
|upkeep
|turn|5
|
|t:|1642938852
|switch|p2a: Hydreigon|Hydreigon, M|100/100
|-damage|p2a: Hydreigon|88/100|[from] Stealth Rock
|move|p1a: Volcanion|Steam Eruption|p2a: Hydreigon
|-resisted|p2a: Hydreigon
|-damage|p2a: Hydreigon|53/100
|-status|p2a: Hydreigon|brn
|
|-damage|p2a: Hydreigon|47/100 brn|[from] brn
|upkeep
|turn|6
|
|t:|1642938862
|switch|p1a: Nihilego|Nihilego|24/100
|move|p2a: Hydreigon|Dark Pulse|p1a: Nihilego
|-damage|p1a: Nihilego|0 fnt
|faint|p1a: Nihilego
|
|-damage|p2a: Hydreigon|41/100 brn|[from] brn
|upkeep
|
|t:|1642938865
|switch|p1a: Zarude|Zarude|89/100
|turn|7
|
|t:|1642938879
|switch|p2a: Skarmory|Skarmory, F|100/100
|-damage|p2a: Skarmory|88/100|[from] Stealth Rock
|move|p1a: Zarude|U-turn|p2a: Skarmory
|-resisted|p2a: Skarmory
|-damage|p2a: Skarmory|85/100
|
|t:|1642938882
|switch|p1a: Volcanion|Volcanion|81/100|[from]move: U-turn
|
|-heal|p2a: Skarmory|91/100|[from] item: Leftovers
|upkeep
|turn|8
|
|t:|1642938891
|move|p1a: Volcanion|Steam Eruption|p2a: Skarmory
|-damage|p2a: Skarmory|18/100
|-status|p2a: Skarmory|brn
|move|p2a: Skarmory|Defog|p1a: Volcanion
|-unboost|p1a: Volcanion|evasion|1
|-sideend|p2: joliemome|Stealth Rock|[from] move: Defog|[of] p2a: Skarmory
|
|-heal|p2a: Skarmory|24/100 brn|[from] item: Leftovers
|-damage|p2a: Skarmory|18/100 brn|[from] brn
|upkeep
|turn|9
|
|t:|1642938904
|move|p1a: Volcanion|Steam Eruption|p2a: Skarmory
|-damage|p2a: Skarmory|0 fnt
|faint|p2a: Skarmory
|
|upkeep
|
|t:|1642938924
|switch|p2a: Nihilego|Nihilego|100/100
|turn|10
|
|t:|1642938928
|switch|p2a: Darmanitan|Darmanitan, F|46/100
|switch|p1a: Aegislash|Aegislash, F|100/100
|
|upkeep
|turn|11
|
|t:|1642938933
|move|p1a: Aegislash|King's Shield|p1a: Aegislash
|-singleturn|p1a: Aegislash|Protect
|move|p2a: Darmanitan|Trick|p1a: Aegislash
|-activate|p2a: Darmanitan|move: Trick|[of] p1a: Aegislash
|-item|p1a: Aegislash|Choice Scarf|[from] move: Trick
|-item|p2a: Darmanitan|Leftovers|[from] move: Trick
|
|-heal|p2a: Darmanitan|52/100|[from] item: Leftovers
|upkeep
|turn|12
|
|t:|1642938942
|switch|p1a: Azelf|Azelf|100/100
|move|p2a: Darmanitan|Flare Blitz|p1a: Azelf
|-damage|p1a: Azelf|0 fnt
|faint|p1a: Azelf
|-damage|p2a: Darmanitan|25/100|[from] Recoil
|
|-heal|p2a: Darmanitan|31/100|[from] item: Leftovers
|upkeep
|
|t:|1642938952
|switch|p1a: Zarude|Zarude|89/100
|turn|13
|
|t:|1642938956
|switch|p2a: Tapu Bulu|Tapu Bulu|100/100
|-fieldstart|move: Grassy Terrain|[from] ability: Grassy Surge|[of] p2a: Tapu Bulu
|move|p1a: Zarude|Darkest Lariat|p2a: Tapu Bulu
|-resisted|p2a: Tapu Bulu
|-crit|p2a: Tapu Bulu
|-damage|p2a: Tapu Bulu|80/100
|-damage|p1a: Zarude|73/100|[from] item: Rocky Helmet|[of] p2a: Tapu Bulu
|
|-heal|p1a: Zarude|79/100|[from] Grassy Terrain
|-heal|p2a: Tapu Bulu|87/100|[from] Grassy Terrain
|upkeep
|turn|14
|
|t:|1642938968
|move|p1a: Zarude|U-turn|p2a: Tapu Bulu
|-damage|p2a: Tapu Bulu|72/100
|-damage|p1a: Zarude|62/100|[from] item: Rocky Helmet|[of] p2a: Tapu Bulu
|
|t:|1642938974
|switch|p1a: Volcanion|Volcanion|81/100|[from]move: U-turn
|move|p2a: Tapu Bulu|Horn Leech|p1a: Volcanion
|-damage|p1a: Volcanion|37/100
|-heal|p2a: Tapu Bulu|91/100|[from] drain|[of] p1a: Volcanion
|
|-heal|p1a: Volcanion|43/100|[from] Grassy Terrain
|-heal|p2a: Tapu Bulu|97/100|[from] Grassy Terrain
|upkeep
|turn|15
|
|t:|1642938983
|switch|p2a: Swampert|Swampert, M|100/100
|move|p1a: Volcanion|Steam Eruption|p2a: Swampert
|-damage|p2a: Swampert|65/100
|
|-heal|p1a: Volcanion|49/100|[from] Grassy Terrain
|-heal|p2a: Swampert|71/100|[from] Grassy Terrain
|-heal|p2a: Swampert|77/100|[from] item: Leftovers
|upkeep
|turn|16
|
|t:|1642938993
|move|p1a: Volcanion|Steam Eruption|p2a: Swampert
|-damage|p2a: Swampert|40/100
|move|p2a: Swampert|Stealth Rock|p1a: Volcanion
|-sidestart|p1: UU11T Freeze|move: Stealth Rock
|
|-heal|p1a: Volcanion|55/100|[from] Grassy Terrain
|-heal|p2a: Swampert|46/100|[from] Grassy Terrain
|-heal|p2a: Swampert|53/100|[from] item: Leftovers
|upkeep
|turn|17
|
|t:|1642939010
|move|p1a: Volcanion|Steam Eruption|p2a: Swampert
|-damage|p2a: Swampert|13/100
|move|p2a: Swampert|High Horsepower|p1a: Volcanion
|-supereffective|p1a: Volcanion
|-damage|p1a: Volcanion|0 fnt
|faint|p1a: Volcanion
|
|-heal|p2a: Swampert|19/100|[from] Grassy Terrain
|-heal|p2a: Swampert|25/100|[from] item: Leftovers
|-fieldend|move: Grassy Terrain
|upkeep
|
|t:|1642939016
|switch|p1a: Mamoswine|Mamoswine, M|100/100
|-damage|p1a: Mamoswine|88/100|[from] Stealth Rock
|turn|18
|
|t:|1642939024
|move|p1a: Mamoswine|Icicle Crash|p2a: Swampert
|-damage|p2a: Swampert|0 fnt
|faint|p2a: Swampert
|
|upkeep
|
|t:|1642939033
|switch|p2a: Darmanitan|Darmanitan, F|31/100
|turn|19
|
|t:|1642939036
|switch|p1a: Aegislash|Aegislash, F|100/100
|-damage|p1a: Aegislash|94/100|[from] Stealth Rock
|move|p2a: Darmanitan|Flare Blitz|p1a: Aegislash
|-supereffective|p1a: Aegislash
|-damage|p1a: Aegislash|0 fnt
|faint|p1a: Aegislash
|-damage|p2a: Darmanitan|3/100|[from] Recoil
|
|-heal|p2a: Darmanitan|9/100|[from] item: Leftovers
|upkeep
|
|t:|1642939039
|switch|p1a: Zarude|Zarude|62/100
|turn|20
|
|t:|1642939048
|switch|p2a: Tapu Bulu|Tapu Bulu|97/100
|-fieldstart|move: Grassy Terrain|[from] ability: Grassy Surge|[of] p2a: Tapu Bulu
|move|p1a: Zarude|U-turn|p2a: Tapu Bulu
|-damage|p2a: Tapu Bulu|80/100
|-damage|p1a: Zarude|46/100|[from] item: Rocky Helmet|[of] p2a: Tapu Bulu
|
|t:|1642939051
|switch|p1a: Mamoswine|Mamoswine, M|88/100|[from]move: U-turn
|-damage|p1a: Mamoswine|76/100|[from] Stealth Rock
|
|-heal|p1a: Mamoswine|82/100|[from] Grassy Terrain
|-heal|p2a: Tapu Bulu|87/100|[from] Grassy Terrain
|upkeep
|turn|21
|
|t:|1642939061
|move|p1a: Mamoswine|Icicle Crash|p2a: Tapu Bulu
|-supereffective|p2a: Tapu Bulu
|-damage|p2a: Tapu Bulu|0 fnt
|faint|p2a: Tapu Bulu
|
|-heal|p1a: Mamoswine|88/100|[from] Grassy Terrain
|upkeep
|
|t:|1642939068
|switch|p2a: Nihilego|Nihilego|100/100
|turn|22
|
|t:|1642939071
|move|p2a: Nihilego|Meteor Beam||[still]
|-prepare|p2a: Nihilego|Meteor Beam
|-boost|p2a: Nihilego|spa|1
|-enditem|p2a: Nihilego|Power Herb
|-anim|p2a: Nihilego|Meteor Beam|p1a: Mamoswine
|-damage|p1a: Mamoswine|0 fnt
|faint|p1a: Mamoswine
|-ability|p2a: Nihilego|Beast Boost|boost
|-boost|p2a: Nihilego|spe|1
|
|upkeep
|-message|UU11T Freeze forfeited.
|
|win|joliemome
|raw|UU11T Freeze's rating: 1400 &rarr; <strong>1385</strong><br />(-15 for losing)
|raw|joliemome's rating: 1490 &rarr; <strong>1505</strong><br />(+15 for winning)
|l|☆UU11T Freeze
