|j|☆Rvp4president
|j|☆potentialplayer
|t:|1661844654
|gametype|singles
|player|p1|Rvp4president|102|1405
|player|p2|potentialplayer|emmet|1342
|teamsize|p1|6
|teamsize|p2|6
|gen|8
|tier|[Gen 8] UU
|rated|
|rule|Sleep Clause Mod: Limit one foe put to sleep
|rule|Species Clause: Limit one of each Pokémon
|rule|OHKO Clause: OHKO moves are banned
|rule|Evasion Items Clause: Evasion items are banned
|rule|Evasion Moves Clause: Evasion moves are banned
|rule|Endless Battle Clause: Forcing endless battles is banned
|rule|HP Percentage Mod: HP is shown in percentages
|rule|Dynamax Clause: You cannot dynamax
|clearpoke
|poke|p1|Amoonguss, M|
|poke|p1|Chansey, F|
|poke|p1|Keldeo-Resolute|
|poke|p1|Zygarde-10%|
|poke|p1|Skarmory, F|
|poke|p1|Chandelure, M|
|poke|p2|Swampert, M|
|poke|p2|Incineroar, M|
|poke|p2|Celesteela|
|poke|p2|Heracross, M|
|poke|p2|Starmie|
|poke|p2|Amoonguss, M|
|teampreview
|
|t:|1661844672
|start
|switch|p1a: Chandelure|Chandelure, M|100/100
|switch|p2a: Raspberry|Incineroar, M|100/100
|-ability|p2a: Raspberry|Intimidate|boost
|-unboost|p1a: Chandelure|atk|1
|turn|1
|
|t:|1661844690
|switch|p1a: Chansey|Chansey, F|100/100
|move|p2a: Raspberry|Knock Off|p1a: Chansey
|-damage|p1a: Chansey|73/100
|-enditem|p1a: Chansey|Eviolite|[from] move: Knock Off|[of] p2a: Raspberry
|
|upkeep
|turn|2
|inactive|Battle timer is ON: inactive players will automatically lose when time's up. (requested by Rvp4president)
|
|t:|1661844695
|move|p2a: Raspberry|Close Combat|p1a: Chansey
|-supereffective|p1a: Chansey
|-damage|p1a: Chansey|0 fnt
|-unboost|p2a: Raspberry|def|1
|-unboost|p2a: Raspberry|spd|1
|faint|p1a: Chansey
|
|upkeep
|
|t:|1661844701
|switch|p1a: Keldeo|Keldeo-Resolute|100/100
|turn|3
|
|t:|1661844705
|switch|p1a: Chandelure|Chandelure, M|100/100
|switch|p2a: Starmie|Starmie|100/100
|
|upkeep
|turn|4
|
|t:|1661844711
|switch|p2a: Raspberry|Incineroar, M|100/100
|-ability|p2a: Raspberry|Intimidate|boost
|-unboost|p1a: Chandelure|atk|1
|move|p1a: Chandelure|Energy Ball|p2a: Raspberry
|-resisted|p2a: Raspberry
|-damage|p2a: Raspberry|90/100
|-unboost|p2a: Raspberry|spd|1
|
|upkeep
|turn|5
|
|t:|1661844718
|switch|p1a: Skarmory|Skarmory, F|100/100
|move|p2a: Raspberry|Knock Off|p1a: Skarmory
|-damage|p1a: Skarmory|74/100
|-damage|p2a: Raspberry|74/100|[from] item: Rocky Helmet|[of] p1a: Skarmory
|-enditem|p1a: Skarmory|Rocky Helmet|[from] move: Knock Off|[of] p2a: Raspberry
|
|upkeep
|turn|6
|
|t:|1661844723
|move|p2a: Raspberry|Flare Blitz|p1a: Skarmory
|-supereffective|p1a: Skarmory
|-damage|p1a: Skarmory|11/100
|-damage|p2a: Raspberry|56/100|[from] Recoil
|move|p1a: Skarmory|Roost|p1a: Skarmory
|-heal|p1a: Skarmory|61/100
|-singleturn|p1a: Skarmory|move: Roost
|
|upkeep
|turn|7
|
|t:|1661844731
|move|p2a: Raspberry|Flare Blitz|p1a: Skarmory
|-supereffective|p1a: Skarmory
|-damage|p1a: Skarmory|0 fnt
|faint|p1a: Skarmory
|-damage|p2a: Raspberry|39/100|[from] Recoil
|
|upkeep
|
|t:|1661844734
|switch|p1a: Zygarde|Zygarde-10%|100/100
|-ability|p1a: Zygarde|Aura Break
|turn|8
|
|t:|1661844743
|switch|p2a: Shrubbery|Amoonguss, M, shiny|100/100
|move|p1a: Zygarde|Outrage|p2a: Shrubbery
|-damage|p2a: Shrubbery|48/100
|
|-heal|p2a: Shrubbery|55/100|[from] item: Black Sludge
|upkeep
|turn|9
|
|t:|1661844747
|move|p1a: Zygarde|Outrage|p2a: Shrubbery|[from]lockedmove
|-damage|p2a: Shrubbery|0 fnt
|faint|p2a: Shrubbery
|
|upkeep
|
|t:|1661844758
|switch|p2a: Panda|Celesteela|100/100
|turn|10
|
|t:|1661844765
|move|p1a: Zygarde|Outrage|p2a: Panda|[from]lockedmove
|-resisted|p2a: Panda
|-damage|p2a: Panda|61/100
|-start|p1a: Zygarde|confusion|[fatigue]
|move|p2a: Panda|Flash Cannon|p1a: Zygarde
|-damage|p1a: Zygarde|41/100
|-unboost|p1a: Zygarde|spd|1
|
|upkeep
|turn|11
|
|t:|1661844775
|switch|p1a: Keldeo|Keldeo-Resolute|100/100
|move|p2a: Panda|Autotomize|p2a: Panda
|-boost|p2a: Panda|spe|2
|-start|p2a: Panda|Autotomize
|
|upkeep
|turn|12
|
|t:|1661844781
|switch|p2a: Kyle|Swampert, M|100/100
|move|p1a: Keldeo|Scald|p2a: Kyle
|-damage|p2a: Kyle|57/100
|
|-heal|p2a: Kyle|64/100|[from] item: Leftovers
|upkeep
|turn|13
|
|t:|1661844786
|switch|p1a: Amoonguss|Amoonguss, M|100/100
|move|p2a: Kyle|Earthquake|p1a: Amoonguss
|-damage|p1a: Amoonguss|71/100
|
|-heal|p2a: Kyle|70/100|[from] item: Leftovers
|-heal|p1a: Amoonguss|77/100|[from] item: Black Sludge
|upkeep
|turn|14
|
|t:|1661844794
|move|p2a: Kyle|Stealth Rock|p1a: Amoonguss
|-sidestart|p1: Rvp4president|move: Stealth Rock
|move|p1a: Amoonguss|Giga Drain|p2a: Kyle
|-supereffective|p2a: Kyle
|-damage|p2a: Kyle|12/100
|-heal|p1a: Amoonguss|100/100|[from] drain|[of] p2a: Kyle
|
|-heal|p2a: Kyle|19/100|[from] item: Leftovers
|upkeep
|turn|15
|j| threeblindmice7
|
|t:|1661844799
|move|p2a: Kyle|Flip Turn|p1a: Amoonguss
|-resisted|p1a: Amoonguss
|-damage|p1a: Amoonguss|88/100
|
|t:|1661844804
|switch|p2a: Panda|Celesteela|61/100|[from]move: Flip Turn
|move|p1a: Amoonguss|Sludge Bomb|p2a: Panda
|-immune|p2a: Panda
|
|-heal|p1a: Amoonguss|94/100|[from] item: Black Sludge
|upkeep
|turn|16
|
|t:|1661844809
|move|p2a: Panda|Meteor Beam||[still]
|-prepare|p2a: Panda|Meteor Beam
|-boost|p2a: Panda|spa|1
|-enditem|p2a: Panda|Power Herb
|-anim|p2a: Panda|Meteor Beam|p1a: Amoonguss
|-damage|p1a: Amoonguss|39/100
|move|p1a: Amoonguss|Spore|p2a: Panda
|-status|p2a: Panda|slp|[from] move: Spore
|
|-heal|p1a: Amoonguss|46/100|[from] item: Black Sludge
|upkeep
|turn|17
|
|t:|1661844817
|switch|p1a: Chandelure|Chandelure, M|100/100
|-damage|p1a: Chandelure|76/100|[from] Stealth Rock
|cant|p2a: Panda|slp
|
|upkeep
|turn|18
|
|t:|1661844827
|switch|p2a: Kyle|Swampert, M|19/100
|move|p1a: Chandelure|Shadow Ball|p2a: Kyle
|-damage|p2a: Kyle|0 fnt
|faint|p2a: Kyle
|
|upkeep
|
|t:|1661844833
|switch|p2a: Fren|Heracross, M|100/100
|turn|19
|
|t:|1661844845
|switch|p1a: Zygarde|Zygarde-10%|41/100
|-damage|p1a: Zygarde|35/100|[from] Stealth Rock
|-ability|p1a: Zygarde|Aura Break
|move|p2a: Fren|Knock Off|p1a: Zygarde
|-damage|p1a: Zygarde|0 fnt
|-enditem|p1a: Zygarde|Choice Band|[from] move: Knock Off|[of] p2a: Fren
|faint|p1a: Zygarde
|-ability|p2a: Fren|Moxie|boost
|-boost|p2a: Fren|atk|1
|
|upkeep
|
|t:|1661844854
|switch|p1a: Keldeo|Keldeo-Resolute|100/100
|-damage|p1a: Keldeo|94/100|[from] Stealth Rock
|turn|20
|c|☆Rvp4president|!weakness heracross
|c| Rvp4president|/raw <div class="infobox">Heracross (ignoring abilities):<br /><span class="message-effect-weak">Weaknesses</span>: Fairy, Fire, <b>Flying</b>, Psychic<br /><span class="message-effect-resist">Resistances</span>: Bug, Dark, Fighting, Grass, Ground<br /><span class="message-effect-immune">Immunities</span>: <font color=#999999>None</font></div>
|
|t:|1661844871
|switch|p2a: Starmie|Starmie|100/100
|move|p1a: Keldeo|Scald|p2a: Starmie
|-resisted|p2a: Starmie
|-crit|p2a: Starmie
|-damage|p2a: Starmie|35/100
|
|upkeep
|turn|21
|
|t:|1661844878
|switch|p1a: Amoonguss|Amoonguss, M|79/100
|-damage|p1a: Amoonguss|66/100|[from] Stealth Rock
|move|p2a: Starmie|Psychic|p1a: Amoonguss
|-supereffective|p1a: Amoonguss
|-damage|p1a: Amoonguss|0 fnt
|faint|p1a: Amoonguss
|-damage|p2a: Starmie|25/100|[from] item: Life Orb
|
|upkeep
|
|t:|1661844884
|switch|p1a: Chandelure|Chandelure, M|76/100
|-damage|p1a: Chandelure|51/100|[from] Stealth Rock
|turn|22
|
|t:|1661844888
|switch|p2a: Panda|Celesteela|61/100 slp
|move|p1a: Chandelure|Flamethrower|p2a: Panda
|-supereffective|p2a: Panda
|-damage|p2a: Panda|0 fnt
|faint|p2a: Panda
|
|upkeep
|
|t:|1661844890
|switch|p2a: Raspberry|Incineroar, M|39/100
|-ability|p2a: Raspberry|Intimidate|boost
|-unboost|p1a: Chandelure|atk|1
|turn|23
|
|t:|1661844896
|switch|p1a: Keldeo|Keldeo-Resolute|94/100
|-damage|p1a: Keldeo|88/100|[from] Stealth Rock
|move|p2a: Raspberry|U-turn|p1a: Keldeo
|-resisted|p1a: Keldeo
|-damage|p1a: Keldeo|75/100
|
|t:|1661844899
|switch|p2a: Starmie|Starmie|25/100|[from]move: U-turn
|
|upkeep
|turn|24
|
|t:|1661844903
|move|p2a: Starmie|Psychic|p1a: Keldeo
|-supereffective|p1a: Keldeo
|-damage|p1a: Keldeo|0 fnt
|faint|p1a: Keldeo
|-damage|p2a: Starmie|15/100|[from] item: Life Orb
|
|upkeep
|
|t:|1661844905
|switch|p1a: Chandelure|Chandelure, M|51/100
|-damage|p1a: Chandelure|26/100|[from] Stealth Rock
|turn|25
|c|☆potentialplayer|gg
|c|☆potentialplayer|I ran into you yesterday
|c|☆potentialplayer|Idk if you remember
|
|t:|1661844925
|move|p1a: Chandelure|Flamethrower|p2a: Starmie
|-resisted|p2a: Starmie
|-damage|p2a: Starmie|0 fnt
|faint|p2a: Starmie
|
|upkeep
|
|t:|1661844928
|switch|p2a: Raspberry|Incineroar, M|39/100
|-ability|p2a: Raspberry|Intimidate|boost
|-unboost|p1a: Chandelure|atk|1
|turn|26
|c|☆Rvp4president|No
|
|t:|1661844938
|move|p1a: Chandelure|Flamethrower|p2a: Raspberry
|-resisted|p2a: Raspberry
|-damage|p2a: Raspberry|26/100
|move|p2a: Raspberry|Knock Off|p1a: Chandelure
|-supereffective|p1a: Chandelure
|-damage|p1a: Chandelure|0 fnt
|-enditem|p1a: Chandelure|Choice Scarf|[from] move: Knock Off|[of] p2a: Raspberry
|faint|p1a: Chandelure
|
|win|potentialplayer
|raw|Rvp4president's rating: 1405 &rarr; <strong>1381</strong><br />(-24 for losing)
|raw|potentialplayer's rating: 1342 &rarr; <strong>1366</strong><br />(+24 for winning)
|l|☆Rvp4president
|l| threeblindmice7
