|j|☆GryphonEx
|j|☆chairnotahare
|t:|1668043761
|gametype|singles
|player|p1|GryphonEx|gardenia|1458
|player|p2|chairnotahare|red|1479
|teamsize|p1|6
|teamsize|p2|6
|gen|8
|tier|[Gen 8] UU
|rated|
|rule|Sleep Clause Mod: Limit one foe put to sleep
|rule|Species Clause: Limit one of each Pokémon
|rule|OHKO Clause: OHKO moves are banned
|rule|Evasion Items Clause: Evasion items are banned
|rule|Evasion Moves Clause: Evasion moves are banned
|rule|Endless Battle Clause: Forcing endless battles is banned
|rule|HP Percentage Mod: HP is shown in percentages
|rule|Dynamax Clause: You cannot dynamax
|clearpoke
|poke|p1|Hydreigon, M|
|poke|p1|Crawdaunt, F|
|poke|p1|Keldeo-Resolute|
|poke|p1|Salamence, F|
|poke|p1|Chansey, F|
|poke|p1|Corsola-Galar, F|
|poke|p2|Celesteela|
|poke|p2|Nihilego|
|poke|p2|Azumarill, M|
|poke|p2|Excadrill, M|
|poke|p2|Regieleki|
|poke|p2|Salamence, M|
|teampreview
|inactive|Battle timer is ON: inactive players will automatically lose when time's up. (requested by GryphonEx)
|
|t:|1668043786
|start
|switch|p1a: Corsola-Kanye|Chansey, F|100/100
|switch|p2a: Excadrill|Excadrill, M|100/100
|-ability|p2a: Excadrill|Mold Breaker
|turn|1
|
|t:|1668043790
|switch|p1a: If you switch conk|Corsola-Galar, F|100/100
|move|p2a: Excadrill|Stealth Rock|p1a: If you switch conk
|-sidestart|p1: GryphonEx|move: Stealth Rock
|
|upkeep
|turn|2
|
|t:|1668043801
|move|p2a: Excadrill|Earthquake|p1a: If you switch conk
|-damage|p1a: If you switch conk|74/100
|-start|p2a: Excadrill|Disable|Earthquake|[from] ability: Cursed Body|[of] p1a: If you switch conk
|move|p1a: If you switch conk|Will-O-Wisp|p2a: Excadrill
|-status|p2a: Excadrill|brn
|
|-damage|p2a: Excadrill|94/100 brn|[from] brn
|upkeep
|turn|3
|
|t:|1668043807
|move|p2a: Excadrill|Rock Tomb|p1a: If you switch conk
|-damage|p1a: If you switch conk|69/100
|-unboost|p1a: If you switch conk|spe|1
|move|p1a: If you switch conk|Stealth Rock|p2a: Excadrill
|-sidestart|p2: chairnotahare|move: Stealth Rock
|
|-damage|p2a: Excadrill|88/100 brn|[from] brn
|upkeep
|turn|4
|
|t:|1668043811
|move|p2a: Excadrill|Rock Tomb|p1a: If you switch conk
|-damage|p1a: If you switch conk|63/100
|-unboost|p1a: If you switch conk|spe|1
|move|p1a: If you switch conk|Will-O-Wisp|p2a: Excadrill|[miss]
|-miss|p1a: If you switch conk|p2a: Excadrill
|
|-damage|p2a: Excadrill|82/100 brn|[from] brn
|upkeep
|turn|5
|
|t:|1668043821
|switch|p2a: Regieleki|Regieleki|100/100
|-damage|p2a: Regieleki|88/100|[from] Stealth Rock
|move|p1a: If you switch conk|Strength Sap|p2a: Regieleki
|-unboost|p2a: Regieleki|atk|1
|-heal|p1a: If you switch conk|100/100
|
|upkeep
|turn|6
|
|t:|1668043824
|switch|p1a: Corsola-Kanye|Chansey, F|100/100
|-damage|p1a: Corsola-Kanye|88/100|[from] Stealth Rock
|move|p2a: Regieleki|Volt Switch|p1a: Corsola-Kanye
|-damage|p1a: Corsola-Kanye|67/100
|
|t:|1668043830
|switch|p2a: Salamence|Salamence, M|100/100|[from]move: Volt Switch
|
|upkeep
|turn|7
|
|t:|1668043833
|switch|p1a: If you switch conk|Corsola-Galar, F|100/100
|-damage|p1a: If you switch conk|88/100|[from] Stealth Rock
|move|p2a: Salamence|Dragon Dance|p2a: Salamence
|-boost|p2a: Salamence|atk|1
|-boost|p2a: Salamence|spe|1
|
|upkeep
|turn|8
|
|t:|1668043837
|move|p2a: Salamence|Outrage|p1a: If you switch conk
|-damage|p1a: If you switch conk|37/100
|-start|p2a: Salamence|Disable|Outrage|[from] ability: Cursed Body|[of] p1a: If you switch conk
|move|p1a: If you switch conk|Strength Sap|p2a: Salamence
|-unboost|p2a: Salamence|atk|1
|-heal|p1a: If you switch conk|100/100
|
|upkeep
|turn|9
|
|t:|1668043840
|cant|p2a: Salamence|Disable|Outrage
|move|p1a: If you switch conk|Will-O-Wisp|p2a: Salamence
|-status|p2a: Salamence|brn
|
|-damage|p2a: Salamence|94/100 brn|[from] brn
|upkeep
|turn|10
|
|t:|1668043850
|move|p2a: Salamence|Dragon Dance|p2a: Salamence
|-boost|p2a: Salamence|atk|1
|-boost|p2a: Salamence|spe|1
|move|p1a: If you switch conk|Will-O-Wisp|p2a: Salamence
|-fail|p2a: Salamence|brn
|
|-damage|p2a: Salamence|88/100 brn|[from] brn
|upkeep
|turn|11
|
|t:|1668043853
|move|p2a: Salamence|Dragon Dance|p2a: Salamence
|-boost|p2a: Salamence|atk|1
|-boost|p2a: Salamence|spe|1
|move|p1a: If you switch conk|Night Shade|p2a: Salamence
|-damage|p2a: Salamence|58/100 brn
|
|-damage|p2a: Salamence|52/100 brn|[from] brn
|-end|p2a: Salamence|Disable
|upkeep
|turn|12
|
|t:|1668043857
|move|p2a: Salamence|Outrage|p1a: If you switch conk
|-damage|p1a: If you switch conk|67/100
|move|p1a: If you switch conk|Strength Sap|p2a: Salamence
|-unboost|p2a: Salamence|atk|1
|-heal|p1a: If you switch conk|100/100
|
|-damage|p2a: Salamence|46/100 brn|[from] brn
|upkeep
|turn|13
|
|t:|1668043861
|move|p2a: Salamence|Outrage|p1a: If you switch conk|[from]lockedmove
|-damage|p1a: If you switch conk|76/100
|move|p1a: If you switch conk|Night Shade|p2a: Salamence
|-damage|p2a: Salamence|16/100 brn
|
|-damage|p2a: Salamence|10/100 brn|[from] brn
|upkeep
|turn|14
|
|t:|1668043863
|move|p2a: Salamence|Outrage|p1a: If you switch conk|[from]lockedmove
|-damage|p1a: If you switch conk|52/100
|-start|p2a: Salamence|Disable|Outrage|[from] ability: Cursed Body|[of] p1a: If you switch conk
|-start|p2a: Salamence|confusion|[fatigue]
|move|p1a: If you switch conk|Strength Sap|p2a: Salamence
|-unboost|p2a: Salamence|atk|1
|-heal|p1a: If you switch conk|100/100
|
|-damage|p2a: Salamence|4/100 brn|[from] brn
|upkeep
|turn|15
|
|t:|1668043868
|-activate|p2a: Salamence|confusion
|move|p2a: Salamence|Dual Wingbeat|p1a: If you switch conk
|-damage|p1a: If you switch conk|95/100
|-damage|p1a: If you switch conk|89/100
|-hitcount|p1a: If you switch conk|2
|move|p1a: If you switch conk|Will-O-Wisp|p2a: Salamence
|-fail|p2a: Salamence|brn
|
|-damage|p2a: Salamence|0 fnt|[from] brn
|faint|p2a: Salamence
|upkeep
|
|t:|1668043876
|switch|p2a: Celesteela|Celesteela|100/100
|-damage|p2a: Celesteela|88/100|[from] Stealth Rock
|turn|16
|
|t:|1668043880
|switch|p1a: Corsola-Kanye|Chansey, F|67/100
|-damage|p1a: Corsola-Kanye|54/100|[from] Stealth Rock
|move|p2a: Celesteela|Autotomize|p2a: Celesteela
|-boost|p2a: Celesteela|spe|2
|-start|p2a: Celesteela|Autotomize
|
|upkeep
|turn|17
|
|t:|1668043893
|move|p2a: Celesteela|Air Slash|p1a: Corsola-Kanye
|-damage|p1a: Corsola-Kanye|43/100
|move|p1a: Corsola-Kanye|Soft-Boiled|p1a: Corsola-Kanye
|-heal|p1a: Corsola-Kanye|93/100
|
|upkeep
|turn|18
|
|t:|1668043898
|move|p2a: Celesteela|Meteor Beam||[still]
|-prepare|p2a: Celesteela|Meteor Beam
|-boost|p2a: Celesteela|spa|1
|-enditem|p2a: Celesteela|Power Herb
|-anim|p2a: Celesteela|Meteor Beam|p1a: Corsola-Kanye
|-damage|p1a: Corsola-Kanye|76/100
|move|p1a: Corsola-Kanye|Thunder Wave|p2a: Celesteela|[miss]
|-miss|p1a: Corsola-Kanye|p2a: Celesteela
|
|upkeep
|turn|19
|
|t:|1668043901
|move|p2a: Celesteela|Air Slash|p1a: Corsola-Kanye
|-damage|p1a: Corsola-Kanye|58/100
|move|p1a: Corsola-Kanye|Thunder Wave|p2a: Celesteela
|-status|p2a: Celesteela|par
|
|upkeep
|turn|20
|
|t:|1668043906
|move|p2a: Celesteela|Autotomize|p2a: Celesteela
|-boost|p2a: Celesteela|spe|2
|-start|p2a: Celesteela|Autotomize
|move|p1a: Corsola-Kanye|Soft-Boiled|p1a: Corsola-Kanye
|-heal|p1a: Corsola-Kanye|100/100
|
|upkeep
|turn|21
|
|t:|1668043908
|move|p2a: Celesteela|Air Slash|p1a: Corsola-Kanye
|-damage|p1a: Corsola-Kanye|83/100
|cant|p1a: Corsola-Kanye|flinch
|
|upkeep
|turn|22
|
|t:|1668043911
|cant|p2a: Celesteela|par
|move|p1a: Corsola-Kanye|Seismic Toss|p2a: Celesteela
|-damage|p2a: Celesteela|58/100 par
|
|upkeep
|turn|23
|
|t:|1668043914
|move|p2a: Celesteela|Meteor Beam||[still]
|-prepare|p2a: Celesteela|Meteor Beam
|-boost|p2a: Celesteela|spa|1
|move|p1a: Corsola-Kanye|Seismic Toss|p2a: Celesteela
|-damage|p2a: Celesteela|29/100 par
|
|upkeep
|turn|24
|
|t:|1668043919
|move|p2a: Celesteela|Meteor Beam|p1a: Corsola-Kanye|[from]lockedmove
|-damage|p1a: Corsola-Kanye|59/100
|move|p1a: Corsola-Kanye|Soft-Boiled|p1a: Corsola-Kanye
|-heal|p1a: Corsola-Kanye|100/100
|
|upkeep
|turn|25
|
|t:|1668043922
|move|p2a: Celesteela|Meteor Beam||[still]
|-prepare|p2a: Celesteela|Meteor Beam
|-boost|p2a: Celesteela|spa|1
|move|p1a: Corsola-Kanye|Seismic Toss|p2a: Celesteela
|-damage|p2a: Celesteela|0 fnt
|faint|p2a: Celesteela
|
|upkeep
|
|t:|1668043951
|switch|p2a: Azumarill|Azumarill, M|100/100
|-damage|p2a: Azumarill|88/100|[from] Stealth Rock
|turn|26
|
|t:|1668043954
|move|p2a: Azumarill|Belly Drum|p2a: Azumarill
|-damage|p2a: Azumarill|38/100
|-setboost|p2a: Azumarill|atk|6|[from] move: Belly Drum
|-enditem|p2a: Azumarill|Sitrus Berry|[eat]
|-heal|p2a: Azumarill|63/100|[from] item: Sitrus Berry
|move|p1a: Corsola-Kanye|Thunder Wave|p2a: Azumarill
|-status|p2a: Azumarill|par
|
|upkeep
|turn|27
|
|t:|1668043971
|move|p1a: Corsola-Kanye|Seismic Toss|p2a: Azumarill
|-damage|p2a: Azumarill|34/100 par
|move|p2a: Azumarill|Play Rough|p1a: Corsola-Kanye
|-damage|p1a: Corsola-Kanye|0 fnt
|faint|p1a: Corsola-Kanye
|
|upkeep
|
|t:|1668043983
|switch|p1a: Diggs W|Crawdaunt, F|100/100
|-damage|p1a: Diggs W|88/100|[from] Stealth Rock
|turn|28
|
|t:|1668043990
|move|p2a: Azumarill|Aqua Jet|p1a: Diggs W
|-resisted|p1a: Diggs W
|-damage|p1a: Diggs W|15/100
|move|p1a: Diggs W|Crabhammer|p2a: Azumarill
|-resisted|p2a: Azumarill
|-damage|p2a: Azumarill|0 fnt
|faint|p2a: Azumarill
|
|upkeep
|
|t:|1668043999
|switch|p2a: Regieleki|Regieleki|88/100
|-damage|p2a: Regieleki|76/100|[from] Stealth Rock
|turn|29
|
|t:|1668044007
|switch|p1a: Gateskeeper|Hydreigon, M|100/100
|-damage|p1a: Gateskeeper|88/100|[from] Stealth Rock
|move|p2a: Regieleki|Thunderbolt|p1a: Gateskeeper
|-resisted|p1a: Gateskeeper
|-damage|p1a: Gateskeeper|31/100
|
|upkeep
|turn|30
|
|t:|1668044014
|move|p2a: Regieleki|Thunderbolt|p1a: Gateskeeper
|-resisted|p1a: Gateskeeper
|-damage|p1a: Gateskeeper|0 fnt
|faint|p1a: Gateskeeper
|
|upkeep
|
|t:|1668044018
|switch|p1a: r|Salamence, F|100/100
|-ability|p1a: r|Intimidate|boost
|-unboost|p2a: Regieleki|atk|1
|turn|31
|
|t:|1668044021
|move|p2a: Regieleki|Thunderbolt|p1a: r
|-damage|p1a: r|8/100
|move|p1a: r|Toxic|p2a: Regieleki|[miss]
|-miss|p1a: r|p2a: Regieleki
|
|upkeep
|turn|32
|
|t:|1668044025
|move|p2a: Regieleki|Thunderbolt|p1a: r
|-damage|p1a: r|0 fnt
|faint|p1a: r
|
|upkeep
|
|t:|1668044026
|switch|p1a: If you switch conk|Corsola-Galar, F|89/100
|-damage|p1a: If you switch conk|77/100|[from] Stealth Rock
|turn|33
|
|t:|1668044029
|move|p2a: Regieleki|Thunderbolt|p1a: If you switch conk
|-damage|p1a: If you switch conk|14/100
|-start|p2a: Regieleki|Disable|Thunderbolt|[from] ability: Cursed Body|[of] p1a: If you switch conk
|move|p1a: If you switch conk|Night Shade|p2a: Regieleki
|-damage|p2a: Regieleki|43/100
|
|upkeep
|turn|34
|
|t:|1668044035
|switch|p2a: Excadrill|Excadrill, M|82/100 brn
|-damage|p2a: Excadrill|79/100 brn|[from] Stealth Rock
|-ability|p2a: Excadrill|Mold Breaker
|move|p1a: If you switch conk|Strength Sap|p2a: Excadrill
|-unboost|p2a: Excadrill|atk|1
|-heal|p1a: If you switch conk|100/100
|
|-damage|p2a: Excadrill|73/100 brn|[from] brn
|upkeep
|turn|35
|
|t:|1668044040
|move|p2a: Excadrill|Rock Tomb|p1a: If you switch conk
|-damage|p1a: If you switch conk|97/100
|-unboost|p1a: If you switch conk|spe|1
|move|p1a: If you switch conk|Night Shade|p2a: Excadrill
|-damage|p2a: Excadrill|45/100 brn
|
|-damage|p2a: Excadrill|39/100 brn|[from] brn
|upkeep
|turn|36
|
|t:|1668044053
|move|p2a: Excadrill|Rock Tomb|p1a: If you switch conk
|-damage|p1a: If you switch conk|94/100
|-unboost|p1a: If you switch conk|spe|1
|move|p1a: If you switch conk|Strength Sap|p2a: Excadrill
|-unboost|p2a: Excadrill|atk|1
|-heal|p1a: If you switch conk|100/100
|
|-damage|p2a: Excadrill|33/100 brn|[from] brn
|upkeep
|turn|37
|
|t:|1668044065
|switch|p1a: Ragna Blade|Keldeo-Resolute|100/100
|-damage|p1a: Ragna Blade|94/100|[from] Stealth Rock
|move|p2a: Excadrill|Rock Tomb|p1a: Ragna Blade
|-resisted|p1a: Ragna Blade
|-damage|p1a: Ragna Blade|92/100
|-unboost|p1a: Ragna Blade|spe|1
|
|-heal|p1a: Ragna Blade|98/100|[from] item: Leftovers
|-damage|p2a: Excadrill|27/100 brn|[from] brn
|upkeep
|turn|38
|
|t:|1668044073
|switch|p1a: If you switch conk|Corsola-Galar, F|100/100
|-damage|p1a: If you switch conk|88/100|[from] Stealth Rock
|move|p2a: Excadrill|Rapid Spin|p1a: If you switch conk
|-immune|p1a: If you switch conk
|
|-damage|p2a: Excadrill|21/100 brn|[from] brn
|upkeep
|turn|39
|
|t:|1668044080
|move|p2a: Excadrill|Rock Tomb|p1a: If you switch conk
|-damage|p1a: If you switch conk|86/100
|-unboost|p1a: If you switch conk|spe|1
|move|p1a: If you switch conk|Strength Sap|p2a: Excadrill
|-unboost|p2a: Excadrill|atk|1
|-heal|p1a: If you switch conk|100/100
|
|-damage|p2a: Excadrill|15/100 brn|[from] brn
|upkeep
|turn|40
|
|t:|1668044087
|move|p2a: Excadrill|Rock Tomb|p1a: If you switch conk
|-damage|p1a: If you switch conk|98/100
|-unboost|p1a: If you switch conk|spe|1
|move|p1a: If you switch conk|Strength Sap|p2a: Excadrill
|-unboost|p2a: Excadrill|atk|1
|-heal|p1a: If you switch conk|100/100
|
|-damage|p2a: Excadrill|9/100 brn|[from] brn
|upkeep
|turn|41
|
|t:|1668044090
|move|p2a: Excadrill|Rock Tomb|p1a: If you switch conk
|-damage|p1a: If you switch conk|99/100
|-unboost|p1a: If you switch conk|spe|1
|-start|p2a: Excadrill|Disable|Rock Tomb|[from] ability: Cursed Body|[of] p1a: If you switch conk
|move|p1a: If you switch conk|Strength Sap|p2a: Excadrill
|-unboost|p2a: Excadrill|atk|1
|-heal|p1a: If you switch conk|100/100
|
|-damage|p2a: Excadrill|3/100 brn|[from] brn
|upkeep
|turn|42
|
|t:|1668044096
|switch|p1a: Ragna Blade|Keldeo-Resolute|98/100
|-damage|p1a: Ragna Blade|92/100|[from] Stealth Rock
|move|p2a: Excadrill|Earthquake|p1a: Ragna Blade
|-damage|p1a: Ragna Blade|83/100
|
|-heal|p1a: Ragna Blade|89/100|[from] item: Leftovers
|-damage|p2a: Excadrill|0 fnt|[from] brn
|faint|p2a: Excadrill
|upkeep
|
|t:|1668044099
|switch|p2a: Regieleki|Regieleki|43/100
|-damage|p2a: Regieleki|30/100|[from] Stealth Rock
|turn|43
|
|t:|1668044104
|switch|p1a: If you switch conk|Corsola-Galar, F|100/100
|-damage|p1a: If you switch conk|88/100|[from] Stealth Rock
|move|p2a: Regieleki|Thunderbolt|p1a: If you switch conk
|-damage|p1a: If you switch conk|19/100
|-start|p2a: Regieleki|Disable|Thunderbolt|[from] ability: Cursed Body|[of] p1a: If you switch conk
|
|upkeep
|turn|44
|
|t:|1668044112
|switch|p2a: Nihilego|Nihilego|100/100
|-damage|p2a: Nihilego|88/100|[from] Stealth Rock
|switch|p1a: Ragna Blade|Keldeo-Resolute|89/100
|-damage|p1a: Ragna Blade|83/100|[from] Stealth Rock
|
|-heal|p1a: Ragna Blade|89/100|[from] item: Leftovers
|upkeep
|turn|45
|
|t:|1668044118
|move|p1a: Ragna Blade|Scald|p2a: Nihilego
|-supereffective|p2a: Nihilego
|-damage|p2a: Nihilego|26/100
|-status|p2a: Nihilego|brn
|move|p2a: Nihilego|Thunderbolt|p1a: Ragna Blade
|-supereffective|p1a: Ragna Blade
|-damage|p1a: Ragna Blade|27/100
|
|-heal|p1a: Ragna Blade|33/100|[from] item: Leftovers
|-damage|p2a: Nihilego|20/100 brn|[from] brn
|upkeep
|turn|46
|
|t:|1668044122
|move|p1a: Ragna Blade|Scald|p2a: Nihilego
|-supereffective|p2a: Nihilego
|-damage|p2a: Nihilego|0 fnt
|faint|p2a: Nihilego
|
|-heal|p1a: Ragna Blade|40/100|[from] item: Leftovers
|upkeep
|
|t:|1668044123
|switch|p2a: Regieleki|Regieleki|30/100
|-damage|p2a: Regieleki|18/100|[from] Stealth Rock
|turn|47
|
|t:|1668044126
|move|p2a: Regieleki|Thunderbolt|p1a: Ragna Blade
|-supereffective|p1a: Ragna Blade
|-damage|p1a: Ragna Blade|0 fnt
|faint|p1a: Ragna Blade
|
|upkeep
|
|t:|1668044128
|switch|p1a: Diggs W|Crawdaunt, F|15/100
|-damage|p1a: Diggs W|3/100|[from] Stealth Rock
|turn|48
|
|t:|1668044130
|move|p1a: Diggs W|Aqua Jet|p2a: Regieleki
|-damage|p2a: Regieleki|0 fnt
|faint|p2a: Regieleki
|
|win|GryphonEx
|raw|GryphonEx's rating: 1458 &rarr; <strong>1479</strong><br />(+21 for winning)
|raw|chairnotahare's rating: 1479 &rarr; <strong>1458</strong><br />(-21 for losing)
|l|☆chairnotahare
||Ladder isn't responding, score probably updated but might not have (Request timeout).
