|j|☆Ariana Granbull
|j|☆PlasticPinnochio
|t:|1640877300
|gametype|singles
|player|p1|Ariana Granbull|wallace|1426
|player|p2|PlasticPinnochio|policeman|1497
|teamsize|p1|6
|teamsize|p2|6
|gen|8
|tier|[Gen 8] UU
|rated|
|rule|Sleep Clause Mod: Limit one foe put to sleep
|rule|Species Clause: Limit one of each Pokémon
|rule|OHKO Clause: OHKO moves are banned
|rule|Evasion Moves Clause: Evasion moves are banned
|rule|Endless Battle Clause: Forcing endless battles is banned
|rule|HP Percentage Mod: HP is shown in percentages
|rule|Dynamax Clause: You cannot dynamax
|clearpoke
|poke|p1|Thundurus-Therian, M|
|poke|p1|Zygarde-10%|
|poke|p1|Mamoswine, F|
|poke|p1|Skarmory, F|
|poke|p1|Chansey, F|
|poke|p1|Primarina, F|
|poke|p2|Excadrill, M|
|poke|p2|Hatterene, F|
|poke|p2|Zarude-Dada|
|poke|p2|Skarmory, F|
|poke|p2|Zygarde-10%|
|poke|p2|Nihilego|
|teampreview
|inactive|Battle timer is ON: inactive players will automatically lose when time's up. (requested by PlasticPinnochio)
|
|t:|1640877314
|start
|switch|p1a: Primarina|Primarina, F|100/100
|switch|p2a: Nihilego|Nihilego|100/100
|turn|1
|
|t:|1640877326
|move|p2a: Nihilego|Sludge Bomb|p1a: Primarina
|-supereffective|p1a: Primarina
|-damage|p1a: Primarina|18/100
|move|p1a: Primarina|Flip Turn|p2a: Nihilego
|-supereffective|p2a: Nihilego
|-damage|p2a: Nihilego|20/100
|
|t:|1640877340
|switch|p1a: Zygarde|Zygarde-10%|100/100|[from]move: Flip Turn
|-ability|p1a: Zygarde|Aura Break
|
|-heal|p2a: Nihilego|26/100|[from] item: Black Sludge
|upkeep
|turn|2
|
|t:|1640877346
|switch|p2a: Hatterene|Hatterene, F|100/100
|move|p1a: Zygarde|Thousand Arrows|p2a: Hatterene
|-damage|p2a: Hatterene|58/100
|-damage|p1a: Zygarde|91/100|[from] item: Life Orb
|
|-heal|p2a: Hatterene|64/100|[from] item: Leftovers
|upkeep
|turn|3
|
|t:|1640877356
|switch|p1a: Chansey|Chansey, F|100/100
|move|p2a: Hatterene|Draining Kiss|p1a: Chansey
|-damage|p1a: Chansey|93/100
|-heal|p2a: Hatterene|76/100|[from] drain|[of] p1a: Chansey
|
|-heal|p2a: Hatterene|82/100|[from] item: Leftovers
|upkeep
|turn|4
|
|t:|1640877368
|switch|p2a: Skarmory|Skarmory, F|100/100
|move|p1a: Chansey|Thunder Wave|p2a: Skarmory
|-status|p2a: Skarmory|par
|
|upkeep
|turn|5
|
|t:|1640877372
|move|p1a: Chansey|Seismic Toss|p2a: Skarmory
|-damage|p2a: Skarmory|71/100 par
|-damage|p1a: Chansey|76/100|[from] item: Rocky Helmet|[of] p2a: Skarmory
|move|p2a: Skarmory|Spikes|p1a: Chansey
|-sidestart|p1: Ariana Granbull|Spikes
|
|upkeep
|turn|6
|
|t:|1640877375
|move|p2a: Skarmory|Roost|p2a: Skarmory
|-heal|p2a: Skarmory|100/100 par
|-singleturn|p2a: Skarmory|move: Roost
|move|p1a: Chansey|Teleport|p1a: Chansey
|
|t:|1640877381
|switch|p1a: Skarmory|Skarmory, F|100/100|[from]move: Teleport
|
|upkeep
|turn|7
|
|t:|1640877384
|switch|p2a: Hatterene|Hatterene, F|82/100
|move|p1a: Skarmory|Defog|p2a: Hatterene
|move|p2a: Hatterene|Defog|p1a: Skarmory|[from]ability: Magic Bounce
|-unboost|p1a: Skarmory|evasion|1
|-sideend|p1: Ariana Granbull|Spikes|[from] move: Defog|[of] p2a: Hatterene
|
|-heal|p2a: Hatterene|88/100|[from] item: Leftovers
|upkeep
|turn|8
|
|t:|1640877389
|switch|p1a: Chansey|Chansey, F|76/100
|move|p2a: Hatterene|Calm Mind|p2a: Hatterene
|-boost|p2a: Hatterene|spa|1
|-boost|p2a: Hatterene|spd|1
|
|-heal|p2a: Hatterene|94/100|[from] item: Leftovers
|upkeep
|turn|9
|
|t:|1640877392
|move|p1a: Chansey|Thunder Wave|p2a: Hatterene
|move|p2a: Hatterene|Thunder Wave|p1a: Chansey|[from]ability: Magic Bounce|[miss]
|-miss|p2a: Hatterene|p1a: Chansey
|move|p2a: Hatterene|Calm Mind|p2a: Hatterene
|-boost|p2a: Hatterene|spa|1
|-boost|p2a: Hatterene|spd|1
|
|-heal|p2a: Hatterene|99/100|[from] item: Leftovers
|upkeep
|turn|10
|
|t:|1640877401
|move|p1a: Chansey|Seismic Toss|p2a: Hatterene
|-damage|p2a: Hatterene|68/100
|move|p2a: Hatterene|Calm Mind|p2a: Hatterene
|-boost|p2a: Hatterene|spa|1
|-boost|p2a: Hatterene|spd|1
|
|-heal|p2a: Hatterene|74/100|[from] item: Leftovers
|upkeep
|turn|11
|
|t:|1640877406
|move|p1a: Chansey|Seismic Toss|p2a: Hatterene
|-damage|p2a: Hatterene|43/100
|move|p2a: Hatterene|Draining Kiss|p1a: Chansey
|-damage|p1a: Chansey|60/100
|-heal|p2a: Hatterene|71/100|[from] drain|[of] p1a: Chansey
|
|-heal|p2a: Hatterene|77/100|[from] item: Leftovers
|upkeep
|turn|12
|
|t:|1640877411
|move|p1a: Chansey|Seismic Toss|p2a: Hatterene
|-damage|p2a: Hatterene|45/100
|move|p2a: Hatterene|Draining Kiss|p1a: Chansey
|-damage|p1a: Chansey|43/100
|-heal|p2a: Hatterene|73/100|[from] drain|[of] p1a: Chansey
|
|-heal|p2a: Hatterene|79/100|[from] item: Leftovers
|upkeep
|turn|13
|
|t:|1640877415
|move|p1a: Chansey|Soft-Boiled|p1a: Chansey
|-heal|p1a: Chansey|93/100
|move|p2a: Hatterene|Draining Kiss|p1a: Chansey
|-damage|p1a: Chansey|74/100
|-heal|p2a: Hatterene|100/100|[from] drain|[of] p1a: Chansey
|
|upkeep
|turn|14
|
|t:|1640877421
|move|p2a: Hatterene|Calm Mind|p2a: Hatterene
|-boost|p2a: Hatterene|spa|1
|-boost|p2a: Hatterene|spd|1
|move|p1a: Chansey|Teleport|p1a: Chansey
|
|t:|1640877423
|switch|p1a: Mamoswine|Mamoswine, F|100/100|[from]move: Teleport
|
|upkeep
|turn|15
|
|t:|1640877429
|move|p1a: Mamoswine|Earthquake|p2a: Hatterene
|-damage|p2a: Hatterene|50/100
|move|p2a: Hatterene|Draining Kiss|p1a: Mamoswine
|-crit|p1a: Mamoswine
|-enditem|p1a: Mamoswine|Focus Sash
|-damage|p1a: Mamoswine|1/100
|-heal|p2a: Hatterene|100/100|[from] drain|[of] p1a: Mamoswine
|
|upkeep
|turn|16
|
|t:|1640877446
|move|p1a: Mamoswine|Earthquake|p2a: Hatterene
|-damage|p2a: Hatterene|52/100
|move|p2a: Hatterene|Draining Kiss|p1a: Mamoswine
|-damage|p1a: Mamoswine|0 fnt
|-heal|p2a: Hatterene|52/100|[from] drain|[of] p1a: Mamoswine
|faint|p1a: Mamoswine
|
|-heal|p2a: Hatterene|58/100|[from] item: Leftovers
|upkeep
|
|t:|1640877474
|switch|p1a: Skarmory|Skarmory, F|100/100
|turn|17
|
|t:|1640877478
|move|p1a: Skarmory|Brave Bird|p2a: Hatterene
|-damage|p2a: Hatterene|29/100
|-damage|p1a: Skarmory|91/100|[from] Recoil
|move|p2a: Hatterene|Mystical Fire|p1a: Skarmory
|-supereffective|p1a: Skarmory
|-damage|p1a: Skarmory|0 fnt
|faint|p1a: Skarmory
|
|-heal|p2a: Hatterene|35/100|[from] item: Leftovers
|upkeep
|
|t:|1640877482
|switch|p1a: Zygarde|Zygarde-10%|91/100
|-ability|p1a: Zygarde|Aura Break
|turn|18
|
|t:|1640877484
|move|p1a: Zygarde|Thousand Arrows|p2a: Hatterene
|-damage|p2a: Hatterene|0 fnt
|faint|p2a: Hatterene
|-damage|p1a: Zygarde|81/100|[from] item: Life Orb
|
|upkeep
|
|t:|1640877490
|switch|p2a: Zarude|Zarude-Dada|100/100
|turn|19
|
|t:|1640877494
|switch|p1a: Chansey|Chansey, F|74/100
|move|p2a: Zarude|U-turn|p1a: Chansey
|-damage|p1a: Chansey|61/100
|
|t:|1640877497
|switch|p2a: Zygarde|Zygarde-10%|100/100|[from]move: U-turn
|-ability|p2a: Zygarde|Aura Break
|
|upkeep
|turn|20
|
|t:|1640877504
|switch|p1a: Primarina|Primarina, F|18/100
|move|p2a: Zygarde|Outrage|p1a: Primarina
|-immune|p1a: Primarina
|
|upkeep
|turn|21
|
|t:|1640877512
|switch|p2a: Nihilego|Nihilego|26/100
|move|p1a: Primarina|Hydro Pump|p2a: Nihilego
|-supereffective|p2a: Nihilego
|-damage|p2a: Nihilego|0 fnt
|faint|p2a: Nihilego
|
|upkeep
|
|t:|1640877516
|switch|p2a: Zarude|Zarude-Dada|100/100
|turn|22
|
|t:|1640877523
|move|p2a: Zarude|Power Whip|p1a: Primarina
|-supereffective|p1a: Primarina
|-damage|p1a: Primarina|0 fnt
|faint|p1a: Primarina
|
|upkeep
|
|t:|1640877531
|switch|p1a: Thundurus|Thundurus-Therian, M|100/100
|turn|23
|
|t:|1640877538
|move|p2a: Zarude|Power Whip|p1a: Thundurus
|-resisted|p1a: Thundurus
|-damage|p1a: Thundurus|53/100
|move|p1a: Thundurus|Nasty Plot|p1a: Thundurus
|-boost|p1a: Thundurus|spa|2
|
|upkeep
|turn|24
|
|t:|1640877542
|move|p2a: Zarude|Power Whip|p1a: Thundurus
|-resisted|p1a: Thundurus
|-damage|p1a: Thundurus|11/100
|move|p1a: Thundurus|Focus Blast|p2a: Zarude|[miss]
|-miss|p1a: Thundurus|p2a: Zarude
|
|upkeep
|turn|25
|
|t:|1640877546
|move|p2a: Zarude|Power Whip|p1a: Thundurus|[miss]
|-miss|p2a: Zarude|p1a: Thundurus
|move|p1a: Thundurus|Focus Blast|p2a: Zarude|[miss]
|-miss|p1a: Thundurus|p2a: Zarude
|
|upkeep
|turn|26
|
|t:|1640877549
|switch|p1a: Chansey|Chansey, F|61/100
|move|p2a: Zarude|Power Whip|p1a: Chansey
|-damage|p1a: Chansey|25/100
|
|upkeep
|turn|27
|
|t:|1640877553
|move|p2a: Zarude|Power Whip|p1a: Chansey
|-damage|p1a: Chansey|0 fnt
|faint|p1a: Chansey
|
|upkeep
|
|t:|1640877556
|switch|p1a: Zygarde|Zygarde-10%|81/100
|-ability|p1a: Zygarde|Aura Break
|turn|28
|
|t:|1640877559
|move|p2a: Zarude|Power Whip|p1a: Zygarde
|-damage|p1a: Zygarde|0 fnt
|faint|p1a: Zygarde
|
|upkeep
|
|t:|1640877562
|switch|p1a: Thundurus|Thundurus-Therian, M|11/100
|turn|29
|
|t:|1640877564
|move|p2a: Zarude|Power Whip|p1a: Thundurus
|-resisted|p1a: Thundurus
|-damage|p1a: Thundurus|0 fnt
|faint|p1a: Thundurus
|
|win|PlasticPinnochio
|raw|Ariana Granbull's rating: 1426 &rarr; <strong>1410</strong><br />(-16 for losing)
|raw|PlasticPinnochio's rating: 1497 &rarr; <strong>1513</strong><br />(+16 for winning)
|l|☆Ariana Granbull
||Ladder isn't responding, score probably updated but might not have (Request timeout).
