|raw|<div class="broadcast-blue"><strong>This battle is required to be public due to a player having a name starting with 'uult91w'.</div>
|j|☆guille14
|j|☆UULT91w Adaam
|t:|1651958043
|gametype|singles
|player|p1|guille14|gambler|1630
|player|p2|UULT91w Adaam|265|1570
|teamsize|p1|6
|teamsize|p2|6
|gen|8
|tier|[Gen 8] UU
|rated|
|rule|Sleep Clause Mod: Limit one foe put to sleep
|rule|Species Clause: Limit one of each Pokémon
|rule|OHKO Clause: OHKO moves are banned
|rule|Evasion Moves Clause: Evasion moves are banned
|rule|Endless Battle Clause: Forcing endless battles is banned
|rule|HP Percentage Mod: HP is shown in percentages
|rule|Dynamax Clause: You cannot dynamax
|clearpoke
|poke|p1|Reuniclus, F|
|poke|p1|Conkeldurr, F|
|poke|p1|Haunter, M|
|poke|p1|Sylveon, F|
|poke|p1|Skarmory, M|
|poke|p1|Swampert, F|
|poke|p2|Togekiss, F|
|poke|p2|Nidoking, M|
|poke|p2|Hydreigon, F|
|poke|p2|Rotom-Heat|
|poke|p2|Scizor, F|
|poke|p2|Tangrowth, F|
|teampreview
|j|+Mengy ㋛
|
|t:|1651958053
|start
|switch|p1a: Swampert|Swampert, F|100/100
|switch|p2a: Scizor|Scizor, F|100/100
|turn|1
|
|t:|1651958058
|move|p2a: Scizor|Swords Dance|p2a: Scizor
|-boost|p2a: Scizor|atk|2
|move|p1a: Swampert|Stealth Rock|p2a: Scizor
|-sidestart|p2: UULT91w Adaam|move: Stealth Rock
|
|upkeep
|turn|2
|
|t:|1651958061
|move|p2a: Scizor|Knock Off|p1a: Swampert
|-damage|p1a: Swampert|37/100
|-enditem|p1a: Swampert|Leftovers|[from] move: Knock Off|[of] p2a: Scizor
|move|p1a: Swampert|Flip Turn|p2a: Scizor
|-damage|p2a: Scizor|76/100
|j| ASKOV
|j|@Lily
|
|t:|1651958064
|switch|p1a: Skarmory|Skarmory, M|100/100|[from]move: Flip Turn
|
|upkeep
|turn|3
|
|t:|1651958067
|move|p1a: Skarmory|Iron Defense|p1a: Skarmory
|-boost|p1a: Skarmory|def|2
|move|p2a: Scizor|Knock Off|p1a: Skarmory
|-damage|p1a: Skarmory|79/100
|-damage|p2a: Scizor|60/100|[from] item: Rocky Helmet|[of] p1a: Skarmory
|-enditem|p1a: Skarmory|Rocky Helmet|[from] move: Knock Off|[of] p2a: Scizor
|
|upkeep
|turn|4
|j| instant throw
|j| opela
|
|t:|1651958077
|switch|p2a: Togekiss|Togekiss, F|100/100
|move|p1a: Skarmory|Body Press|p2a: Togekiss
|-resisted|p2a: Togekiss
|-damage|p2a: Togekiss|82/100
|
|upkeep
|turn|5
|
|t:|1651958083
|switch|p1a: Haunter|Haunter, M|100/100
|move|p2a: Togekiss|Air Slash|p1a: Haunter
|-damage|p1a: Haunter|19/100
|
|-heal|p1a: Haunter|25/100|[from] item: Black Sludge
|upkeep
|turn|6
|
|t:|1651958091
|switch|p2a: Nidoking|Nidoking, M|100/100
|-damage|p2a: Nidoking|95/100|[from] Stealth Rock
|move|p1a: Haunter|Sludge Wave|p2a: Nidoking
|-resisted|p2a: Nidoking
|-damage|p2a: Nidoking|79/100
|
|-heal|p1a: Haunter|31/100|[from] item: Black Sludge
|upkeep
|turn|7
|
|t:|1651958097
|switch|p1a: Conkeldurr|Conkeldurr, F|100/100
|move|p2a: Nidoking|Stealth Rock|p1a: Conkeldurr
|-sidestart|p1: guille14|move: Stealth Rock
|
|upkeep
|turn|8
|
|t:|1651958104
|move|p2a: Nidoking|Sludge Wave|p1a: Conkeldurr
|-damage|p1a: Conkeldurr|46/100
|move|p1a: Conkeldurr|Knock Off|p2a: Nidoking
|-damage|p2a: Nidoking|22/100
|-enditem|p2a: Nidoking|Life Orb|[from] move: Knock Off|[of] p1a: Conkeldurr
|
|upkeep
|turn|9
|
|t:|1651958120
|move|p1a: Conkeldurr|Mach Punch|p2a: Nidoking
|-resisted|p2a: Nidoking
|-damage|p2a: Nidoking|0 fnt
|faint|p2a: Nidoking
|
|upkeep
|
|t:|1651958123
|switch|p2a: Togekiss|Togekiss, F|82/100
|turn|10
|
|t:|1651958128
|switch|p1a: Sylveon|Sylveon, F|100/100
|-damage|p1a: Sylveon|88/100|[from] Stealth Rock
|move|p2a: Togekiss|Air Slash|p1a: Sylveon
|-damage|p1a: Sylveon|63/100
|
|-heal|p1a: Sylveon|70/100|[from] item: Leftovers
|upkeep
|turn|11
|
|t:|1651958131
|move|p2a: Togekiss|Nasty Plot|p2a: Togekiss
|-boost|p2a: Togekiss|spa|2
|move|p1a: Sylveon|Wish|p1a: Sylveon
|
|-heal|p1a: Sylveon|76/100|[from] item: Leftovers
|upkeep
|turn|12
|
|t:|1651958141
|move|p2a: Togekiss|Air Slash|p1a: Sylveon
|-damage|p1a: Sylveon|23/100
|cant|p1a: Sylveon|flinch
|
|-heal|p1a: Sylveon|73/100|[from] move: Wish|[wisher] Sylveon
|-heal|p1a: Sylveon|79/100|[from] item: Leftovers
|upkeep
|turn|13
|
|t:|1651958145
|move|p2a: Togekiss|Air Slash|p1a: Sylveon
|-damage|p1a: Sylveon|33/100
|move|p1a: Sylveon|Hyper Voice|p2a: Togekiss
|-damage|p2a: Togekiss|46/100
|
|-heal|p1a: Sylveon|39/100|[from] item: Leftovers
|upkeep
|turn|14
|j| pokemonisfun
|
|t:|1651958149
|switch|p1a: Swampert|Swampert, F|37/100
|-damage|p1a: Swampert|30/100|[from] Stealth Rock
|move|p2a: Togekiss|Roost|p2a: Togekiss
|-heal|p2a: Togekiss|96/100
|-singleturn|p2a: Togekiss|move: Roost
|
|upkeep
|turn|15
|
|t:|1651958151
|move|p2a: Togekiss|Air Slash|p1a: Swampert
|-damage|p1a: Swampert|0 fnt
|faint|p1a: Swampert
|
|upkeep
|
|t:|1651958155
|switch|p1a: Haunter|Haunter, M|31/100
|-damage|p1a: Haunter|19/100|[from] Stealth Rock
|turn|16
|j| RLplayer
|
|t:|1651958169
|switch|p2a: deino triple|Hydreigon, F|100/100
|-damage|p2a: deino triple|88/100|[from] Stealth Rock
|move|p1a: Haunter|Sludge Wave|p2a: deino triple
|-damage|p2a: deino triple|33/100
|
|-heal|p1a: Haunter|25/100|[from] item: Black Sludge
|upkeep
|turn|17
|
|t:|1651958182
|switch|p1a: Conkeldurr|Conkeldurr, F|46/100
|-damage|p1a: Conkeldurr|40/100|[from] Stealth Rock
|move|p2a: deino triple|Dark Pulse|p1a: Conkeldurr
|-resisted|p1a: Conkeldurr
|-crit|p1a: Conkeldurr
|-damage|p1a: Conkeldurr|12/100
|
|upkeep
|turn|18
|
|t:|1651958189
|switch|p2a: Tangrowth|Tangrowth, F|100/100
|-damage|p2a: Tangrowth|88/100|[from] Stealth Rock
|move|p1a: Conkeldurr|Drain Punch|p2a: Tangrowth
|-damage|p2a: Tangrowth|57/100
|-heal|p1a: Conkeldurr|27/100|[from] drain|[of] p2a: Tangrowth
|-damage|p1a: Conkeldurr|11/100|[from] item: Rocky Helmet|[of] p2a: Tangrowth
|
|upkeep
|turn|19
|
|t:|1651958202
|move|p1a: Conkeldurr|Drain Punch|p2a: Tangrowth
|-damage|p2a: Tangrowth|23/100
|-heal|p1a: Conkeldurr|27/100|[from] drain|[of] p2a: Tangrowth
|-damage|p1a: Conkeldurr|11/100|[from] item: Rocky Helmet|[of] p2a: Tangrowth
|move|p2a: Tangrowth|Giga Drain|p1a: Conkeldurr
|-damage|p1a: Conkeldurr|0 fnt
|-heal|p2a: Tangrowth|29/100|[from] drain|[of] p1a: Conkeldurr
|faint|p1a: Conkeldurr
|
|upkeep
|
|t:|1651958222
|switch|p1a: Reuniclus|Reuniclus, F|100/100
|turn|20
|
|t:|1651958225
|move|p2a: Tangrowth|Knock Off|p1a: Reuniclus
|-supereffective|p1a: Reuniclus
|-damage|p1a: Reuniclus|63/100
|-enditem|p1a: Reuniclus|Leftovers|[from] move: Knock Off|[of] p2a: Tangrowth
|move|p1a: Reuniclus|Calm Mind|p1a: Reuniclus
|-boost|p1a: Reuniclus|spa|1
|-boost|p1a: Reuniclus|spd|1
|
|upkeep
|turn|21
|j| UULT91w cry
|j| UULT91w Corp N
|
|t:|1651958242
|switch|p2a: deino triple|Hydreigon, F|33/100
|-damage|p2a: deino triple|20/100|[from] Stealth Rock
|move|p1a: Reuniclus|Recover|p1a: Reuniclus
|-heal|p1a: Reuniclus|100/100
|
|upkeep
|turn|22
|
|t:|1651958245
|move|p2a: deino triple|Dark Pulse|p1a: Reuniclus
|-supereffective|p1a: Reuniclus
|-crit|p1a: Reuniclus
|-damage|p1a: Reuniclus|0 fnt
|faint|p1a: Reuniclus
|
|upkeep
|
|t:|1651958255
|switch|p1a: Sylveon|Sylveon, F|39/100
|-damage|p1a: Sylveon|27/100|[from] Stealth Rock
|turn|23
|c| pokemonisfun|ofc
|
|t:|1651958261
|switch|p2a: Togekiss|Togekiss, F|96/100
|move|p1a: Sylveon|Wish|p1a: Sylveon
|
|-heal|p1a: Sylveon|33/100|[from] item: Leftovers
|upkeep
|turn|24
|
|t:|1651958265
|move|p2a: Togekiss|Air Slash|p1a: Sylveon
|-damage|p1a: Sylveon|10/100
|cant|p1a: Sylveon|flinch
|
|-heal|p1a: Sylveon|60/100|[from] move: Wish|[wisher] Sylveon
|-heal|p1a: Sylveon|66/100|[from] item: Leftovers
|upkeep
|turn|25
|
|t:|1651958269
|move|p2a: Togekiss|Nasty Plot|p2a: Togekiss
|-boost|p2a: Togekiss|spa|2
|move|p1a: Sylveon|Wish|p1a: Sylveon
|
|-heal|p1a: Sylveon|72/100|[from] item: Leftovers
|upkeep
|turn|26
|c|☆guille14|nah gg
|
|t:|1651958284
|move|p2a: Togekiss|Air Slash|p1a: Sylveon|[miss]
|-miss|p2a: Togekiss|p1a: Sylveon
|move|p1a: Sylveon|Hyper Voice|p2a: Togekiss
|-damage|p2a: Togekiss|61/100
|
|-heal|p1a: Sylveon|100/100|[from] move: Wish|[wisher] Sylveon
|upkeep
|turn|27
|c|+Mengy ㋛|pif pls don't ofc him he's been through a rough patch :(
|
|t:|1651958294
|move|p2a: Togekiss|Air Slash|p1a: Sylveon
|-damage|p1a: Sylveon|48/100
|move|p1a: Sylveon|Hyper Voice|p2a: Togekiss
|-damage|p2a: Togekiss|20/100
|
|-heal|p1a: Sylveon|54/100|[from] item: Leftovers
|upkeep
|turn|28
|c|+Mengy ㋛|unless you are doing so to demoralize the competition
|c| pokemonisfun|oh
|c| pokemonisfun|sorry
|
|t:|1651958301
|switch|p1a: Haunter|Haunter, M|25/100
|-damage|p1a: Haunter|13/100|[from] Stealth Rock
|move|p2a: Togekiss|Air Slash|p1a: Haunter
|-damage|p1a: Haunter|0 fnt
|faint|p1a: Haunter
|
|upkeep
|c|+Mengy ㋛|in which case continue
|-message|guille14 forfeited.
|
|win|UULT91w Adaam
|raw|guille14's rating: 1630 &rarr; <strong>1607</strong><br />(-23 for losing)
|raw|UULT91w Adaam's rating: 1570 &rarr; <strong>1593</strong><br />(+23 for winning)
|l|☆guille14
|l| UULT91w Corp N
|l|☆UULT91w Adaam
|l| instant throw
|l| pokemonisfun
|l|+Mengy ㋛
|l|@Lily
||Ladder isn't responding, score probably updated but might not have (Request timeout).
|l| RLplayer
|l| opela
|l| UULT91w cry
|j|+Mengy ㋛
|l|+Mengy ㋛
