|j|☆ThatTheDamned
|j|☆St. 78
|t:|1596854868
|player|p1|ThatTheDamned|roark|1358
|player|p2|St. 78|2|1515
|teamsize|p1|6
|teamsize|p2|6
|gametype|singles
|gen|8
|tier|[Gen 8] UU
|rated|
|clearpoke
|poke|p1|Kyurem|
|poke|p1|Slowking, M|
|poke|p1|Krookodile, F|
|poke|p1|Jirachi|
|poke|p1|Weezing-Galar, F|
|poke|p1|Terrakion|
|poke|p2|Chandelure, M|
|poke|p2|Cobalion|
|poke|p2|Dragalge, F|
|poke|p2|Umbreon, F|
|poke|p2|Rotom-Wash|
|poke|p2|Krookodile, M|
|rule|Sleep Clause Mod: Limit one foe put to sleep
|rule|Species Clause: Limit one of each Pokémon
|rule|OHKO Clause: OHKO moves are banned
|rule|Evasion Moves Clause: Evasion moves are banned
|rule|Endless Battle Clause: Forcing endless battles is banned
|rule|HP Percentage Mod: HP is shown in percentages
|rule|Dynamax Clause: You cannot dynamax
|teampreview
|
|t:|1596854902
|start
|switch|p1a: Kyurem|Kyurem|100/100
|switch|p2a: Kholr|Rotom-Wash|100/100
|-ability|p1a: Kyurem|Pressure
|turn|1
|
|t:|1596854908
|switch|p2a: Uniqlo|Umbreon, F|100/100
|move|p1a: Kyurem|Freeze-Dry|p2a: Uniqlo
|-damage|p2a: Uniqlo|70/100
|
|-heal|p2a: Uniqlo|77/100|[from] item: Leftovers
|upkeep
|turn|2
|
|t:|1596854919
|switch|p1a: Krookodile|Krookodile, F|100/100
|-ability|p1a: Krookodile|Intimidate|boost
|-immune|p2a: Uniqlo|[from] ability: Inner Focus
|move|p2a: Uniqlo|Wish|p2a: Uniqlo
|
|-heal|p2a: Uniqlo|83/100|[from] item: Leftovers
|upkeep
|turn|3
|
|t:|1596854935
|switch|p2a: Kholr|Rotom-Wash|100/100
|move|p1a: Krookodile|Stealth Rock|p2a: Kholr
|-sidestart|p2: St. 78|move: Stealth Rock
|
|upkeep
|turn|4
|
|t:|1596854941
|switch|p1a: Kyurem|Kyurem|100/100
|-ability|p1a: Kyurem|Pressure
|move|p2a: Kholr|Hydro Pump|p1a: Kyurem
|-resisted|p1a: Kyurem
|-damage|p1a: Kyurem|81/100
|
|upkeep
|turn|5
|
|t:|1596854949
|switch|p2a: John Elliot|Cobalion|100/100
|-damage|p2a: John Elliot|97/100|[from] Stealth Rock
|move|p1a: Kyurem|Draco Meteor|p2a: John Elliot
|-resisted|p2a: John Elliot
|-damage|p2a: John Elliot|26/100
|-unboost|p1a: Kyurem|spa|2
|
|upkeep
|turn|6
|
|t:|1596854958
|switch|p1a: Slowking|Slowking, M|100/100
|move|p2a: John Elliot|Stealth Rock|p1a: Slowking
|-sidestart|p1: ThatTheDamned|move: Stealth Rock
|
|upkeep
|turn|7
|
|t:|1596854963
|move|p2a: John Elliot|Volt Switch|p1a: Slowking
|-supereffective|p1a: Slowking
|-damage|p1a: Slowking|80/100
|
|t:|1596854967
|switch|p2a: Uniqlo|Umbreon, F|83/100|[from]move: Volt Switch
|-damage|p2a: Uniqlo|70/100|[from] Stealth Rock
|move|p1a: Slowking|Teleport|p1a: Slowking
|
|t:|1596854972
|switch|p1a: Terrakion|Terrakion|100/100|[from]move: Teleport
|-damage|p1a: Terrakion|94/100|[from] Stealth Rock
|
|-heal|p2a: Uniqlo|76/100|[from] item: Leftovers
|upkeep
|turn|8
|
|t:|1596855015
|move|p2a: Uniqlo|Protect|p2a: Uniqlo
|-singleturn|p2a: Uniqlo|Protect
|move|p1a: Terrakion|Close Combat|p2a: Uniqlo
|-activate|p2a: Uniqlo|move: Protect
|
|-heal|p2a: Uniqlo|82/100|[from] item: Leftovers
|upkeep
|turn|9
|
|t:|1596855024
|switch|p2a: Fendi|Dragalge, F|100/100
|-damage|p2a: Fendi|88/100|[from] Stealth Rock
|move|p1a: Terrakion|Close Combat|p2a: Fendi
|-resisted|p2a: Fendi
|-damage|p2a: Fendi|43/100
|-unboost|p1a: Terrakion|def|1
|-unboost|p1a: Terrakion|spd|1
|-damage|p1a: Terrakion|84/100|[from] item: Life Orb
|
|-heal|p2a: Fendi|49/100|[from] item: Leftovers
|upkeep
|turn|10
|
|t:|1596855040
|switch|p2a: Dior|Krookodile, M|100/100
|-damage|p2a: Dior|94/100|[from] Stealth Rock
|-ability|p2a: Dior|Intimidate|boost
|-unboost|p1a: Terrakion|atk|1
|move|p1a: Terrakion|Earthquake|p2a: Dior
|-damage|p2a: Dior|59/100
|-damage|p1a: Terrakion|74/100|[from] item: Life Orb
|
|upkeep
|turn|11
|
|t:|1596855054
|switch|p2a: Fendi|Dragalge, F|49/100
|-damage|p2a: Fendi|36/100|[from] Stealth Rock
|switch|p1a: Krookodile|Krookodile, F|100/100
|-damage|p1a: Krookodile|94/100|[from] Stealth Rock
|-ability|p1a: Krookodile|Intimidate|boost
|-unboost|p2a: Fendi|atk|1
|
|-heal|p2a: Fendi|42/100|[from] item: Leftovers
|upkeep
|turn|12
|
|t:|1596855076
|switch|p2a: Kholr|Rotom-Wash|100/100
|-damage|p2a: Kholr|88/100|[from] Stealth Rock
|move|p1a: Krookodile|Knock Off|p2a: Kholr
|-damage|p2a: Kholr|53/100
|-enditem|p2a: Kholr|Leftovers|[from] move: Knock Off|[of] p1a: Krookodile
|
|upkeep
|turn|13
|
|t:|1596855088
|switch|p1a: Jirachi|Jirachi|100/100
|-damage|p1a: Jirachi|94/100|[from] Stealth Rock
|move|p2a: Kholr|Pain Split|p1a: Jirachi
|-sethp|p1a: Jirachi|71/100|[from] move: Pain Split|[silent]
|-sethp|p2a: Kholr|79/100|[from] move: Pain Split
|
|upkeep
|turn|14
|
|t:|1596855101
|switch|p2a: Rhude|Chandelure, M|100/100
|move|p1a: Jirachi|Trick|p2a: Rhude
|-activate|p1a: Jirachi|move: Trick|[of] p2a: Rhude
|-item|p2a: Rhude|Choice Scarf|[from] move: Trick
|-item|p1a: Jirachi|Heavy-Duty Boots|[from] move: Trick
|
|upkeep
|turn|15
|
|t:|1596855114
|switch|p1a: Krookodile|Krookodile, F|94/100
|-damage|p1a: Krookodile|88/100|[from] Stealth Rock
|-ability|p1a: Krookodile|Intimidate|boost
|-unboost|p2a: Rhude|atk|1
|move|p2a: Rhude|Toxic|p1a: Krookodile
|-status|p1a: Krookodile|tox
|
|-damage|p1a: Krookodile|82/100 tox|[from] psn
|upkeep
|turn|16
|
|t:|1596855126
|switch|p2a: John Elliot|Cobalion|26/100
|-damage|p2a: John Elliot|23/100|[from] Stealth Rock
|move|p1a: Krookodile|Smack Down|p2a: John Elliot
|-resisted|p2a: John Elliot
|-damage|p2a: John Elliot|19/100
|
|-damage|p1a: Krookodile|70/100 tox|[from] psn
|upkeep
|turn|17
|
|t:|1596855137
|switch|p1a: Slowking|Slowking, M|100/100
|move|p2a: John Elliot|Close Combat|p1a: Slowking
|-resisted|p1a: Slowking
|-damage|p1a: Slowking|84/100
|-unboost|p2a: John Elliot|def|1
|-unboost|p2a: John Elliot|spd|1
|
|upkeep
|turn|18
|
|t:|1596855145
|move|p2a: John Elliot|Volt Switch|p1a: Slowking
|-supereffective|p1a: Slowking
|-damage|p1a: Slowking|61/100
|
|t:|1596855149
|switch|p2a: Dior|Krookodile, M|59/100|[from]move: Volt Switch
|-damage|p2a: Dior|53/100|[from] Stealth Rock
|-ability|p2a: Dior|Intimidate|boost
|-unboost|p1a: Slowking|atk|1
|move|p1a: Slowking|Scald|p2a: Dior
|-supereffective|p2a: Dior
|-damage|p2a: Dior|0 fnt
|faint|p2a: Dior
|
|upkeep
|
|t:|1596855158
|switch|p2a: Fendi|Dragalge, F|42/100
|-damage|p2a: Fendi|30/100|[from] Stealth Rock
|turn|19
|
|t:|1596855167
|switch|p1a: Weezing|Weezing-Galar, F|100/100
|-damage|p1a: Weezing|88/100|[from] Stealth Rock
|move|p2a: Fendi|Toxic Spikes|p1a: Weezing
|-sidestart|p1: ThatTheDamned|move: Toxic Spikes
|
|-heal|p1a: Weezing|94/100|[from] item: Black Sludge
|-heal|p2a: Fendi|36/100|[from] item: Leftovers
|upkeep
|turn|20
|
|t:|1596855176
|move|p1a: Weezing|Strange Steam|p2a: Fendi|[miss]
|-miss|p1a: Weezing|p2a: Fendi
|move|p2a: Fendi|Sludge Wave|p1a: Weezing
|-damage|p1a: Weezing|2/100
|
|-heal|p1a: Weezing|9/100|[from] item: Black Sludge
|-heal|p2a: Fendi|42/100|[from] item: Leftovers
|upkeep
|turn|21
|
|t:|1596855185
|switch|p2a: John Elliot|Cobalion|19/100
|-damage|p2a: John Elliot|16/100|[from] Stealth Rock
|move|p1a: Weezing|Defog|p2a: John Elliot
|-unboost|p2a: John Elliot|evasion|1
|-sideend|p2: St. 78|Stealth Rock|[from] move: Defog|[of] p1a: Weezing
|-sideend|p1: ThatTheDamned|Toxic Spikes|[from] move: Defog|[of] p1a: Weezing
|-sideend|p1: ThatTheDamned|Stealth Rock|[from] move: Defog|[of] p1a: Weezing
|
|-heal|p1a: Weezing|15/100|[from] item: Black Sludge
|upkeep
|turn|22
|
|t:|1596855198
|switch|p1a: Slowking|Slowking, M|95/100
|move|p2a: John Elliot|Volt Switch|p1a: Slowking
|-supereffective|p1a: Slowking
|-damage|p1a: Slowking|75/100
|
|t:|1596855205
|switch|p2a: Fendi|Dragalge, F|42/100|[from]move: Volt Switch
|
|-heal|p2a: Fendi|48/100|[from] item: Leftovers
|upkeep
|turn|23
|
|t:|1596855223
|move|p2a: Fendi|Toxic Spikes|p1a: Slowking
|-sidestart|p1: ThatTheDamned|move: Toxic Spikes
|move|p1a: Slowking|Psyshock|p2a: Fendi
|-supereffective|p2a: Fendi
|-damage|p2a: Fendi|0 fnt
|faint|p2a: Fendi
|
|upkeep
|j| Sebilin1125
|
|t:|1596855237
|switch|p2a: John Elliot|Cobalion|16/100
|turn|24
|
|t:|1596855241
|move|p2a: John Elliot|Stealth Rock|p1a: Slowking
|-sidestart|p1: ThatTheDamned|move: Stealth Rock
|move|p1a: Slowking|Scald|p2a: John Elliot
|-damage|p2a: John Elliot|0 fnt
|faint|p2a: John Elliot
|
|upkeep
|
|t:|1596855247
|switch|p2a: Kholr|Rotom-Wash|79/100
|turn|25
|
|t:|1596855252
|move|p2a: Kholr|Volt Switch|p1a: Slowking
|-supereffective|p1a: Slowking
|-damage|p1a: Slowking|38/100
|
|t:|1596855255
|switch|p2a: Uniqlo|Umbreon, F|82/100|[from]move: Volt Switch
|move|p1a: Slowking|Teleport|p1a: Slowking
|
|t:|1596855264
|switch|p1a: Weezing|Weezing-Galar, F|15/100|[from]move: Teleport
|-damage|p1a: Weezing|2/100|[from] Stealth Rock
|
|-heal|p1a: Weezing|9/100|[from] item: Black Sludge
|-heal|p2a: Uniqlo|89/100|[from] item: Leftovers
|upkeep
|turn|26
|j| Can'tFight
|
|t:|1596855275
|switch|p2a: Rhude|Chandelure, M|100/100
|move|p1a: Weezing|Defog|p2a: Rhude
|-unboost|p2a: Rhude|evasion|1
|-sideend|p1: ThatTheDamned|Toxic Spikes|[from] move: Defog|[of] p1a: Weezing
|-sideend|p1: ThatTheDamned|Stealth Rock|[from] move: Defog|[of] p1a: Weezing
|
|-heal|p1a: Weezing|15/100|[from] item: Black Sludge
|upkeep
|turn|27
|
|t:|1596855284
|move|p2a: Rhude|Hex|p1a: Weezing
|-damage|p1a: Weezing|0 fnt
|faint|p1a: Weezing
|
|upkeep
|
|t:|1596855293
|switch|p1a: Kyurem|Kyurem|81/100
|-ability|p1a: Kyurem|Pressure
|turn|28
|
|t:|1596855298
|switch|p2a: Uniqlo|Umbreon, F|89/100
|move|p1a: Kyurem|Draco Meteor|p2a: Uniqlo
|-damage|p2a: Uniqlo|36/100
|-unboost|p1a: Kyurem|spa|2
|
|-heal|p2a: Uniqlo|42/100|[from] item: Leftovers
|upkeep
|turn|29
|
|t:|1596855307
|switch|p1a: Krookodile|Krookodile, F|70/100 tox
|-ability|p1a: Krookodile|Intimidate|boost
|-immune|p2a: Uniqlo|[from] ability: Inner Focus
|move|p2a: Uniqlo|Wish|p2a: Uniqlo
|
|-heal|p2a: Uniqlo|49/100|[from] item: Leftovers
|-damage|p1a: Krookodile|64/100 tox|[from] psn
|upkeep
|turn|30
|
|t:|1596855316
|move|p1a: Krookodile|Stealth Rock|p2a: Uniqlo
|-sidestart|p2: St. 78|move: Stealth Rock
|move|p2a: Uniqlo|Foul Play|p1a: Krookodile
|-resisted|p1a: Krookodile
|-damage|p1a: Krookodile|36/100 tox
|
|-heal|p2a: Uniqlo|98/100|[from] move: Wish|[wisher] Uniqlo
|-heal|p2a: Uniqlo|100/100|[from] item: Leftovers
|-damage|p1a: Krookodile|24/100 tox|[from] psn
|upkeep
|turn|31
|
|t:|1596855326
|move|p1a: Krookodile|Knock Off|p2a: Uniqlo
|-resisted|p2a: Uniqlo
|-damage|p2a: Uniqlo|83/100
|-enditem|p2a: Uniqlo|Leftovers|[from] move: Knock Off|[of] p1a: Krookodile
|move|p2a: Uniqlo|Wish|p2a: Uniqlo
|
|-damage|p1a: Krookodile|6/100 tox|[from] psn
|upkeep
|turn|32
|
|t:|1596855334
|switch|p2a: Kholr|Rotom-Wash|79/100
|-damage|p2a: Kholr|67/100|[from] Stealth Rock
|move|p1a: Krookodile|Smack Down|p2a: Kholr
|-damage|p2a: Kholr|55/100
|-start|p2a: Kholr|Smack Down
|
|-heal|p2a: Kholr|100/100|[from] move: Wish|[wisher] Uniqlo
|-damage|p1a: Krookodile|0 fnt|[from] psn
|faint|p1a: Krookodile
|upkeep
|
|t:|1596855346
|switch|p1a: Kyurem|Kyurem|81/100
|-ability|p1a: Kyurem|Pressure
|turn|33
|
|t:|1596855351
|switch|p2a: Uniqlo|Umbreon, F|83/100
|-damage|p2a: Uniqlo|70/100|[from] Stealth Rock
|move|p1a: Kyurem|Earth Power|p2a: Uniqlo
|-damage|p2a: Uniqlo|44/100
|
|upkeep
|turn|34
|
|t:|1596855360
|switch|p1a: Terrakion|Terrakion|74/100
|move|p2a: Uniqlo|Wish|p2a: Uniqlo
|
|upkeep
|turn|35
|
|t:|1596855367
|move|p2a: Uniqlo|Protect|p2a: Uniqlo
|-singleturn|p2a: Uniqlo|Protect
|move|p1a: Terrakion|Earthquake|p2a: Uniqlo
|-activate|p2a: Uniqlo|move: Protect
|
|-heal|p2a: Uniqlo|94/100|[from] move: Wish|[wisher] Uniqlo
|upkeep
|turn|36
|
|t:|1596855382
|switch|p2a: Rhude|Chandelure, M|100/100
|-damage|p2a: Rhude|76/100|[from] Stealth Rock
|move|p1a: Terrakion|Stone Edge|p2a: Rhude|[miss]
|-miss|p1a: Terrakion|p2a: Rhude
|
|upkeep
|turn|37
|
|t:|1596855390
|switch|p2a: Kholr|Rotom-Wash|100/100
|-damage|p2a: Kholr|88/100|[from] Stealth Rock
|move|p1a: Terrakion|Earthquake|p2a: Kholr
|-immune|p2a: Kholr|[from] ability: Levitate
|
|upkeep
|turn|38
|
|t:|1596855397
|switch|p1a: Kyurem|Kyurem|81/100
|-ability|p1a: Kyurem|Pressure
|move|p2a: Kholr|Defog|p1a: Kyurem
|-unboost|p1a: Kyurem|evasion|1
|-sideend|p2: St. 78|Stealth Rock|[from] move: Defog|[of] p2a: Kholr
|
|upkeep
|turn|39
|
|t:|1596855406
|switch|p2a: Uniqlo|Umbreon, F|94/100
|move|p1a: Kyurem|Ice Beam|p2a: Uniqlo
|-damage|p2a: Uniqlo|57/100
|
|upkeep
|turn|40
|
|t:|1596855414
|switch|p2a: Kholr|Rotom-Wash|88/100
|move|p1a: Kyurem|Ice Beam|p2a: Kholr
|-resisted|p2a: Kholr
|-damage|p2a: Kholr|50/100
|
|upkeep
|turn|41
|
|t:|1596855419
|move|p1a: Kyurem|Ice Beam|p2a: Kholr
|-resisted|p2a: Kholr
|-damage|p2a: Kholr|13/100
|move|p2a: Kholr|Pain Split|p1a: Kyurem
|-sethp|p1a: Kyurem|45/100|[from] move: Pain Split|[silent]
|-sethp|p2a: Kholr|58/100|[from] move: Pain Split
|
|upkeep
|turn|42
|
|t:|1596855430
|switch|p2a: Rhude|Chandelure, M|76/100
|move|p1a: Kyurem|Ice Beam|p2a: Rhude
|-resisted|p2a: Rhude
|-damage|p2a: Rhude|28/100
|
|upkeep
|turn|43
|
|t:|1596855438
|move|p2a: Rhude|Flamethrower|p1a: Kyurem
|-damage|p1a: Kyurem|0 fnt
|faint|p1a: Kyurem
|
|upkeep
|
|t:|1596855443
|switch|p1a: Terrakion|Terrakion|74/100
|turn|44
|
|t:|1596855456
|switch|p2a: Kholr|Rotom-Wash|58/100
|move|p1a: Terrakion|Stone Edge|p2a: Kholr|[miss]
|-miss|p1a: Terrakion|p2a: Kholr
|
|upkeep
|turn|45
|
|t:|1596855462
|move|p1a: Terrakion|Close Combat|p2a: Kholr
|-crit|p2a: Kholr
|-damage|p2a: Kholr|0 fnt
|-unboost|p1a: Terrakion|def|1
|-unboost|p1a: Terrakion|spd|1
|-damage|p1a: Terrakion|65/100|[from] item: Life Orb
|faint|p2a: Kholr
|
|upkeep
|
|t:|1596855470
|switch|p2a: Rhude|Chandelure, M|28/100
|turn|46
|
|t:|1596855477
|switch|p1a: Jirachi|Jirachi|71/100
|move|p2a: Rhude|Hex|p1a: Jirachi
|-supereffective|p1a: Jirachi
|-damage|p1a: Jirachi|1/100
|
|upkeep
|turn|47
|
|t:|1596855485
|move|p2a: Rhude|Hex|p1a: Jirachi
|-supereffective|p1a: Jirachi
|-damage|p1a: Jirachi|0 fnt
|faint|p1a: Jirachi
|
|upkeep
|
|t:|1596855492
|switch|p1a: Slowking|Slowking, M|71/100
|turn|48
|
|t:|1596855501
|switch|p2a: Uniqlo|Umbreon, F|57/100
|move|p1a: Slowking|Scald|p2a: Uniqlo
|-damage|p2a: Uniqlo|44/100
|
|upkeep
|turn|49
|
|t:|1596855519
|move|p2a: Uniqlo|Wish|p2a: Uniqlo
|move|p1a: Slowking|Scald|p2a: Uniqlo
|-damage|p2a: Uniqlo|28/100
|-status|p2a: Uniqlo|brn
|
|-damage|p2a: Uniqlo|22/100 brn|[from] brn
|upkeep
|turn|50
|
|t:|1596855529
|move|p2a: Uniqlo|Heal Bell|p2a: Uniqlo
|-activate|p2a: Uniqlo|move: Heal Bell
|-curestatus|p2a: Uniqlo|brn|[msg]
|move|p1a: Slowking|Scald|p2a: Uniqlo
|-damage|p2a: Uniqlo|8/100
|
|-heal|p2a: Uniqlo|58/100|[from] move: Wish|[wisher] Uniqlo
|upkeep
|turn|51
|
|t:|1596855538
|move|p2a: Uniqlo|Wish|p2a: Uniqlo
|move|p1a: Slowking|Scald|p2a: Uniqlo
|-damage|p2a: Uniqlo|44/100
|
|upkeep
|turn|52
|
|t:|1596855547
|move|p2a: Uniqlo|Foul Play|p1a: Slowking
|-supereffective|p1a: Slowking
|-damage|p1a: Slowking|44/100
|move|p1a: Slowking|Scald|p2a: Uniqlo
|-damage|p2a: Uniqlo|29/100
|
|-heal|p2a: Uniqlo|79/100|[from] move: Wish|[wisher] Uniqlo
|upkeep
|turn|53
|
|t:|1596855581
|switch|p2a: Rhude|Chandelure, M|28/100
|move|p1a: Slowking|Slack Off|p1a: Slowking
|-heal|p1a: Slowking|94/100
|
|upkeep
|turn|54
|
|t:|1596855598
|switch|p2a: Uniqlo|Umbreon, F|79/100
|move|p1a: Slowking|Scald|p2a: Uniqlo
|-damage|p2a: Uniqlo|65/100
|
|upkeep
|turn|55
|
|t:|1596855605
|move|p2a: Uniqlo|Wish|p2a: Uniqlo
|move|p1a: Slowking|Scald|p2a: Uniqlo
|-damage|p2a: Uniqlo|51/100
|
|upkeep
|turn|56
|
|t:|1596855611
|move|p2a: Uniqlo|Protect|p2a: Uniqlo
|-singleturn|p2a: Uniqlo|Protect
|move|p1a: Slowking|Scald|p2a: Uniqlo
|-activate|p2a: Uniqlo|move: Protect
|
|-heal|p2a: Uniqlo|100/100|[from] move: Wish|[wisher] Uniqlo
|upkeep
|turn|57
|
|t:|1596855618
|move|p2a: Uniqlo|Wish|p2a: Uniqlo
|move|p1a: Slowking|Teleport|p1a: Slowking
|
|t:|1596855621
|switch|p1a: Terrakion|Terrakion|65/100|[from]move: Teleport
|
|upkeep
|turn|58
|
|t:|1596855625
|move|p1a: Terrakion|Swords Dance|p1a: Terrakion
|-boost|p1a: Terrakion|atk|2
|move|p2a: Uniqlo|Foul Play|p1a: Terrakion
|-resisted|p1a: Terrakion
|-damage|p1a: Terrakion|9/100
|-ability|p1a: Terrakion|Justified|boost
|-boost|p1a: Terrakion|atk|1
|
|upkeep
|turn|59
|
|t:|1596855639
|switch|p2a: Rhude|Chandelure, M|28/100
|move|p1a: Terrakion|Stone Edge|p2a: Rhude
|-supereffective|p2a: Rhude
|-damage|p2a: Rhude|0 fnt
|-damage|p1a: Terrakion|0 fnt|[from] item: Life Orb
|faint|p2a: Rhude
|faint|p1a: Terrakion
|
|upkeep
|
|t:|1596855647
|switch|p1a: Slowking|Slowking, M|100/100
|switch|p2a: Uniqlo|Umbreon, F|100/100
|turn|60
|l| Can'tFight
|c|☆St. 78|Sorry for this aids game
|c|☆St. 78|but why did you sd?
|c|☆ThatTheDamned|It happens. Stone Edge hates me.
|
|t:|1596855666
|move|p2a: Uniqlo|Foul Play|p1a: Slowking
|-supereffective|p1a: Slowking
|-damage|p1a: Slowking|74/100
|move|p1a: Slowking|Scald|p2a: Uniqlo
|-damage|p2a: Uniqlo|84/100
|-status|p2a: Uniqlo|brn
|
|-damage|p2a: Uniqlo|78/100 brn|[from] brn
|upkeep
|turn|61
|c|☆ThatTheDamned|Mostly just because I wanted this over with. I promised someone I would look at something.
|c|☆ThatTheDamned|gg
|-message|ThatTheDamned forfeited.
|
|win|St. 78
|l|☆ThatTheDamned
|raw|ThatTheDamned's rating: 1358 &rarr; <strong>1346</strong><br />(-12 for losing)
|raw|St. 78's rating: 1515 &rarr; <strong>1527</strong><br />(+12 for winning)
