|j|☆kythr
|j|☆ocabat
|t:|1645315555
|gametype|singles
|player|p1|kythr|candice|
|player|p2|ocabat|clerkf|
|teamsize|p1|6
|teamsize|p2|6
|gen|8
|tier|[Gen 8] UU
|rated|Tournament battle
|rule|Sleep Clause Mod: Limit one foe put to sleep
|rule|Species Clause: Limit one of each Pokémon
|rule|OHKO Clause: OHKO moves are banned
|rule|Evasion Moves Clause: Evasion moves are banned
|rule|Endless Battle Clause: Forcing endless battles is banned
|rule|HP Percentage Mod: HP is shown in percentages
|rule|Dynamax Clause: You cannot dynamax
|clearpoke
|poke|p1|Cobalion|
|poke|p1|Raikou|
|poke|p1|Lycanroc-Dusk, F|
|poke|p1|Tapu Bulu|
|poke|p1|Mamoswine, M|
|poke|p1|Zarude|
|poke|p2|Lycanroc-Dusk, F|
|poke|p2|Tapu Bulu|
|poke|p2|Zarude|
|poke|p2|Mamoswine, M|
|poke|p2|Raikou|
|poke|p2|Cobalion|
|teampreview
|inactive|Battle timer is ON: inactive players will automatically lose when time's up. (requested by ocabat)
|c|☆ocabat|yo nice mons pick
|c|☆kythr|u2
|j| martinvtran
|
|t:|1645315583
|start
|switch|p1a: Cobalion|Cobalion|100/100
|switch|p2a: Cobalion|Cobalion|100/100
|turn|1
|
|t:|1645315594
|move|p2a: Cobalion|Focus Blast|p1a: Cobalion|[miss]
|-miss|p2a: Cobalion|p1a: Cobalion
|move|p1a: Cobalion|Volt Switch|p2a: Cobalion
|-damage|p2a: Cobalion|81/100
|
|t:|1645315599
|switch|p1a: Raikou|Raikou|100/100|[from]move: Volt Switch
|-ability|p1a: Raikou|Pressure
|
|upkeep
|turn|2
|
|t:|1645315607
|switch|p2a: Tapu Bulu|Tapu Bulu|100/100
|-fieldstart|move: Grassy Terrain|[from] ability: Grassy Surge|[of] p2a: Tapu Bulu
|move|p1a: Raikou|Volt Switch|p2a: Tapu Bulu
|-resisted|p2a: Tapu Bulu
|-damage|p2a: Tapu Bulu|82/100
|
|t:|1645315628
|switch|p1a: Cobalion|Cobalion|100/100|[from]move: Volt Switch
|
|-heal|p2a: Tapu Bulu|88/100|[from] Grassy Terrain
|upkeep
|turn|3
|
|t:|1645315636
|switch|p2a: Raikou|Raikou|100/100
|-ability|p2a: Raikou|Pressure
|move|p1a: Cobalion|Stealth Rock|p2a: Raikou
|-sidestart|p2: ocabat|move: Stealth Rock
|
|upkeep
|turn|4
|
|t:|1645315649
|switch|p1a: Tapu Bulu|Tapu Bulu|100/100
|move|p2a: Raikou|Volt Switch|p1a: Tapu Bulu
|-resisted|p1a: Tapu Bulu
|-damage|p1a: Tapu Bulu|82/100
|
|t:|1645315652
|switch|p2a: Cobalion|Cobalion|81/100|[from]move: Volt Switch
|-damage|p2a: Cobalion|78/100|[from] Stealth Rock
|
|-heal|p2a: Cobalion|84/100|[from] Grassy Terrain
|-heal|p1a: Tapu Bulu|88/100|[from] Grassy Terrain
|upkeep
|turn|5
|
|t:|1645315658
|switch|p1a: Raikou|Raikou|100/100
|-ability|p1a: Raikou|Pressure
|move|p2a: Cobalion|Stealth Rock|p1a: Raikou
|-sidestart|p1: kythr|move: Stealth Rock
|
|-heal|p2a: Cobalion|90/100|[from] Grassy Terrain
|upkeep
|turn|6
|
|t:|1645315672
|switch|p2a: Tapu Bulu|Tapu Bulu|88/100
|move|p1a: Raikou|Volt Switch|p2a: Tapu Bulu
|-resisted|p2a: Tapu Bulu
|-damage|p2a: Tapu Bulu|70/100
|
|t:|1645315677
|switch|p1a: Cobalion|Cobalion|100/100|[from]move: Volt Switch
|-damage|p1a: Cobalion|97/100|[from] Stealth Rock
|
|-heal|p1a: Cobalion|100/100|[from] Grassy Terrain
|-heal|p2a: Tapu Bulu|76/100|[from] Grassy Terrain
|-fieldend|move: Grassy Terrain
|upkeep
|turn|7
|
|t:|1645315690
|switch|p2a: Raikou|Raikou|100/100
|-damage|p2a: Raikou|88/100|[from] Stealth Rock
|-ability|p2a: Raikou|Pressure
|move|p1a: Cobalion|Close Combat|p2a: Raikou
|-damage|p2a: Raikou|25/100
|-unboost|p1a: Cobalion|def|1
|-unboost|p1a: Cobalion|spd|1
|
|-heal|p2a: Raikou|31/100|[from] item: Leftovers
|upkeep
|turn|8
|
|t:|1645315707
|switch|p1a: Tapu Bulu|Tapu Bulu|88/100
|-fieldstart|move: Grassy Terrain|[from] ability: Grassy Surge|[of] p1a: Tapu Bulu
|move|p2a: Raikou|Volt Switch|p1a: Tapu Bulu
|-resisted|p1a: Tapu Bulu
|-damage|p1a: Tapu Bulu|70/100
|
|t:|1645315722
|switch|p2a: Mamoswine|Mamoswine, M|100/100|[from]move: Volt Switch
|-damage|p2a: Mamoswine|88/100|[from] Stealth Rock
|
|-heal|p2a: Mamoswine|94/100|[from] Grassy Terrain
|-heal|p1a: Tapu Bulu|76/100|[from] Grassy Terrain
|upkeep
|turn|9
|inactive|ocabat has 120 seconds left.
|
|t:|1645315740
|switch|p1a: Cobalion|Cobalion|100/100
|-damage|p1a: Cobalion|97/100|[from] Stealth Rock
|move|p2a: Mamoswine|High Horsepower|p1a: Cobalion
|-supereffective|p1a: Cobalion
|-enditem|p1a: Cobalion|Shuca Berry|[eat]
|-enditem|p1a: Cobalion|Shuca Berry|[weaken]
|-damage|p1a: Cobalion|42/100
|-damage|p2a: Mamoswine|84/100|[from] item: Life Orb
|
|-heal|p1a: Cobalion|48/100|[from] Grassy Terrain
|-heal|p2a: Mamoswine|90/100|[from] Grassy Terrain
|upkeep
|turn|10
|inactive|ocabat has 120 seconds left.
|
|t:|1645315761
|switch|p2a: Raikou|Raikou|31/100
|-damage|p2a: Raikou|19/100|[from] Stealth Rock
|-ability|p2a: Raikou|Pressure
|move|p1a: Cobalion|Close Combat|p2a: Raikou
|-damage|p2a: Raikou|0 fnt
|-unboost|p1a: Cobalion|def|1
|-unboost|p1a: Cobalion|spd|1
|faint|p2a: Raikou
|
|-heal|p1a: Cobalion|54/100|[from] Grassy Terrain
|upkeep
|
|t:|1645315768
|switch|p2a: Lycanroc|Lycanroc-Dusk, F|100/100
|-damage|p2a: Lycanroc|88/100|[from] Stealth Rock
|turn|11
|
|t:|1645315781
|switch|p1a: Zarude|Zarude|100/100
|-damage|p1a: Zarude|88/100|[from] Stealth Rock
|move|p2a: Lycanroc|Close Combat|p1a: Zarude
|-supereffective|p1a: Zarude
|-damage|p1a: Zarude|0 fnt
|-unboost|p2a: Lycanroc|def|1
|-unboost|p2a: Lycanroc|spd|1
|faint|p1a: Zarude
|-damage|p2a: Lycanroc|78/100|[from] item: Life Orb
|
|-heal|p2a: Lycanroc|84/100|[from] Grassy Terrain
|upkeep
|
|t:|1645315788
|switch|p1a: Mamoswine|Mamoswine, M|100/100
|-damage|p1a: Mamoswine|88/100|[from] Stealth Rock
|turn|12
|inactive|ocabat has 120 seconds left.
|
|t:|1645315819
|move|p1a: Mamoswine|Superpower|p2a: Lycanroc
|-supereffective|p2a: Lycanroc
|-damage|p2a: Lycanroc|0 fnt
|-unboost|p1a: Mamoswine|atk|1
|-unboost|p1a: Mamoswine|def|1
|faint|p2a: Lycanroc
|
|-heal|p1a: Mamoswine|94/100|[from] Grassy Terrain
|-fieldend|move: Grassy Terrain
|upkeep
|inactive|ocabat has 90 seconds left.
|
|t:|1645315850
|switch|p2a: Tapu Bulu|Tapu Bulu|76/100
|-fieldstart|move: Grassy Terrain|[from] ability: Grassy Surge|[of] p2a: Tapu Bulu
|turn|13
|inactive|ocabat has 60 seconds left.
|
|t:|1645315881
|switch|p1a: Tapu Bulu|Tapu Bulu|76/100
|move|p2a: Tapu Bulu|Dazzling Gleam|p1a: Tapu Bulu
|-damage|p1a: Tapu Bulu|51/100
|
|-heal|p1a: Tapu Bulu|57/100|[from] Grassy Terrain
|-heal|p2a: Tapu Bulu|82/100|[from] Grassy Terrain
|upkeep
|turn|14
|
|t:|1645315888
|switch|p2a: Cobalion|Cobalion|90/100
|-damage|p2a: Cobalion|87/100|[from] Stealth Rock
|move|p1a: Tapu Bulu|Horn Leech|p2a: Cobalion
|-resisted|p2a: Cobalion
|-damage|p2a: Cobalion|68/100
|-heal|p1a: Tapu Bulu|66/100|[from] drain|[of] p2a: Cobalion
|
|-heal|p2a: Cobalion|74/100|[from] Grassy Terrain
|-heal|p1a: Tapu Bulu|73/100|[from] Grassy Terrain
|upkeep
|turn|15
|inactive|ocabat has 60 seconds left.
|
|t:|1645315921
|switch|p1a: Raikou|Raikou|100/100
|-damage|p1a: Raikou|88/100|[from] Stealth Rock
|-ability|p1a: Raikou|Pressure
|move|p2a: Cobalion|Focus Blast|p1a: Raikou|[miss]
|-miss|p2a: Cobalion|p1a: Raikou
|
|-heal|p1a: Raikou|94/100|[from] Grassy Terrain
|-heal|p1a: Raikou|100/100|[from] item: Leftovers
|-heal|p2a: Cobalion|80/100|[from] Grassy Terrain
|upkeep
|turn|16
|
|t:|1645315931
|switch|p2a: Tapu Bulu|Tapu Bulu|82/100
|move|p1a: Raikou|Volt Switch|p2a: Tapu Bulu
|-resisted|p2a: Tapu Bulu
|-damage|p2a: Tapu Bulu|64/100
|
|t:|1645315942
|switch|p1a: Lycanroc|Lycanroc-Dusk, F|100/100|[from]move: Volt Switch
|-damage|p1a: Lycanroc|88/100|[from] Stealth Rock
|
|-heal|p1a: Lycanroc|94/100|[from] Grassy Terrain
|-heal|p2a: Tapu Bulu|70/100|[from] Grassy Terrain
|upkeep
|turn|17
|
|t:|1645315948
|move|p1a: Lycanroc|Stone Edge|p2a: Tapu Bulu
|-damage|p2a: Tapu Bulu|24/100
|-damage|p1a: Lycanroc|84/100|[from] item: Life Orb
|move|p2a: Tapu Bulu|Horn Leech|p1a: Lycanroc
|-supereffective|p1a: Lycanroc
|-damage|p1a: Lycanroc|0 fnt
|-heal|p2a: Tapu Bulu|60/100|[from] drain|[of] p1a: Lycanroc
|faint|p1a: Lycanroc
|
|-heal|p2a: Tapu Bulu|66/100|[from] Grassy Terrain
|-fieldend|move: Grassy Terrain
|upkeep
|
|t:|1645315956
|switch|p1a: Cobalion|Cobalion|54/100
|-damage|p1a: Cobalion|51/100|[from] Stealth Rock
|turn|18
|inactive|ocabat has 60 seconds left.
|
|t:|1645315977
|move|p1a: Cobalion|Close Combat|p2a: Tapu Bulu
|-resisted|p2a: Tapu Bulu
|-damage|p2a: Tapu Bulu|48/100
|-unboost|p1a: Cobalion|def|1
|-unboost|p1a: Cobalion|spd|1
|move|p2a: Tapu Bulu|Synthesis|p2a: Tapu Bulu
|-heal|p2a: Tapu Bulu|98/100
|
|upkeep
|turn|19
|
|t:|1645315983
|move|p1a: Cobalion|Iron Head|p2a: Tapu Bulu
|-supereffective|p2a: Tapu Bulu
|-damage|p2a: Tapu Bulu|56/100
|move|p2a: Tapu Bulu|Dazzling Gleam|p1a: Cobalion
|-damage|p1a: Cobalion|9/100
|
|upkeep
|turn|20
|inactive|ocabat has 60 seconds left.
|
|t:|1645315998
|move|p1a: Cobalion|Iron Head|p2a: Tapu Bulu
|-supereffective|p2a: Tapu Bulu
|-damage|p2a: Tapu Bulu|11/100
|move|p2a: Tapu Bulu|Horn Leech|p1a: Cobalion
|-resisted|p1a: Cobalion
|-damage|p1a: Cobalion|0 fnt
|-heal|p2a: Tapu Bulu|15/100|[from] drain|[of] p1a: Cobalion
|faint|p1a: Cobalion
|
|upkeep
|
|t:|1645316011
|switch|p1a: Raikou|Raikou|100/100
|-damage|p1a: Raikou|88/100|[from] Stealth Rock
|-ability|p1a: Raikou|Pressure
|turn|21
|inactive|ocabat has 60 seconds left.
|
|t:|1645316043
|switch|p2a: Zarude|Zarude|100/100
|-damage|p2a: Zarude|88/100|[from] Stealth Rock
|move|p1a: Raikou|Volt Switch|p2a: Zarude
|-resisted|p2a: Zarude
|-damage|p2a: Zarude|71/100
|
|t:|1645316056
|switch|p1a: Mamoswine|Mamoswine, M|94/100|[from]move: Volt Switch
|-damage|p1a: Mamoswine|82/100|[from] Stealth Rock
|
|-heal|p2a: Zarude|77/100|[from] item: Leftovers
|upkeep
|turn|22
|inactive|ocabat has 30 seconds left.
|
|t:|1645316086
|move|p1a: Mamoswine|Icicle Crash|p2a: Zarude
|-supereffective|p2a: Zarude
|-damage|p2a: Zarude|0 fnt
|faint|p2a: Zarude
|
|upkeep
|
|t:|1645316089
|switch|p2a: Cobalion|Cobalion|80/100
|-damage|p2a: Cobalion|77/100|[from] Stealth Rock
|turn|23
|
|t:|1645316096
|switch|p1a: Tapu Bulu|Tapu Bulu|73/100
|-fieldstart|move: Grassy Terrain|[from] ability: Grassy Surge|[of] p1a: Tapu Bulu
|move|p2a: Cobalion|Focus Blast|p1a: Tapu Bulu
|-resisted|p1a: Tapu Bulu
|-crit|p1a: Tapu Bulu
|-damage|p1a: Tapu Bulu|36/100
|-unboost|p1a: Tapu Bulu|spd|1
|
|-heal|p2a: Cobalion|83/100|[from] Grassy Terrain
|-heal|p1a: Tapu Bulu|42/100|[from] Grassy Terrain
|upkeep
|turn|24
|
|t:|1645316103
|move|p2a: Cobalion|Flash Cannon|p1a: Tapu Bulu
|-supereffective|p1a: Tapu Bulu
|-damage|p1a: Tapu Bulu|0 fnt
|faint|p1a: Tapu Bulu
|
|-heal|p2a: Cobalion|90/100|[from] Grassy Terrain
|upkeep
|
|t:|1645316106
|switch|p1a: Raikou|Raikou|88/100
|-damage|p1a: Raikou|76/100|[from] Stealth Rock
|-ability|p1a: Raikou|Pressure
|turn|25
|
|t:|1645316124
|move|p1a: Raikou|Calm Mind|p1a: Raikou
|-boost|p1a: Raikou|spa|1
|-boost|p1a: Raikou|spd|1
|move|p2a: Cobalion|Focus Blast|p1a: Raikou
|-damage|p1a: Raikou|43/100
|
|-heal|p1a: Raikou|49/100|[from] Grassy Terrain
|-heal|p1a: Raikou|55/100|[from] item: Leftovers
|-heal|p2a: Cobalion|96/100|[from] Grassy Terrain
|upkeep
|turn|26
|j| rhombus dancing
|l| rhombus dancing
|
|t:|1645316139
|move|p1a: Raikou|Aura Sphere|p2a: Cobalion
|-supereffective|p2a: Cobalion
|-enditem|p2a: Cobalion|Chople Berry|[eat]
|-enditem|p2a: Cobalion|Chople Berry|[weaken]
|-damage|p2a: Cobalion|43/100
|move|p2a: Cobalion|Focus Blast|p1a: Raikou|[miss]
|-miss|p2a: Cobalion|p1a: Raikou
|
|-heal|p1a: Raikou|61/100|[from] Grassy Terrain
|-heal|p1a: Raikou|67/100|[from] item: Leftovers
|-heal|p2a: Cobalion|49/100|[from] Grassy Terrain
|upkeep
|turn|27
|c|☆ocabat|goddamit cobalion
|c|☆kythr|sorry for these misses :c
|
|t:|1645316168
|switch|p2a: Tapu Bulu|Tapu Bulu|15/100
|move|p1a: Raikou|Aura Sphere|p2a: Tapu Bulu
|-resisted|p2a: Tapu Bulu
|-damage|p2a: Tapu Bulu|0 fnt
|faint|p2a: Tapu Bulu
|
|-heal|p1a: Raikou|74/100|[from] Grassy Terrain
|-heal|p1a: Raikou|80/100|[from] item: Leftovers
|-fieldend|move: Grassy Terrain
|upkeep
|
|t:|1645316170
|switch|p2a: Mamoswine|Mamoswine, M|90/100
|-damage|p2a: Mamoswine|78/100|[from] Stealth Rock
|turn|28
|
|t:|1645316177
|move|p2a: Mamoswine|Ice Shard|p1a: Raikou
|-damage|p1a: Raikou|42/100
|-damage|p2a: Mamoswine|68/100|[from] item: Life Orb
|move|p1a: Raikou|Scald|p2a: Mamoswine
|-supereffective|p2a: Mamoswine
|-damage|p2a: Mamoswine|0 fnt
|faint|p2a: Mamoswine
|
|-heal|p1a: Raikou|48/100|[from] item: Leftovers
|upkeep
|
|t:|1645316180
|switch|p2a: Cobalion|Cobalion|49/100
|-damage|p2a: Cobalion|46/100|[from] Stealth Rock
|turn|29
|
|t:|1645316185
|move|p1a: Raikou|Aura Sphere|p2a: Cobalion
|-supereffective|p2a: Cobalion
|-damage|p2a: Cobalion|0 fnt
|faint|p2a: Cobalion
|
|win|kythr
|n|☆kythr|kythr
|n|☆ocabat|ocabat
|n| martinvtran|martinvtran
|c|☆kythr|gg
|c|☆ocabat|gg
|l|☆kythr
