|j|☆Nislas
|j|☆DDD951
|t:|1653601567
|gametype|singles
|player|p1|Nislas|266|1243
|player|p2|DDD951|170|1348
|teamsize|p1|6
|teamsize|p2|6
|gen|8
|tier|[Gen 8] UU
|rated|
|rule|Sleep Clause Mod: Limit one foe put to sleep
|rule|Species Clause: Limit one of each Pokémon
|rule|OHKO Clause: OHKO moves are banned
|rule|Evasion Moves Clause: Evasion moves are banned
|rule|Endless Battle Clause: Forcing endless battles is banned
|rule|HP Percentage Mod: HP is shown in percentages
|rule|Dynamax Clause: You cannot dynamax
|clearpoke
|poke|p1|Rotom-Heat|
|poke|p1|Keldeo-Resolute|
|poke|p1|Conkeldurr, F|
|poke|p1|Galvantula, M|
|poke|p1|Scizor, F|
|poke|p1|Hydreigon, M|
|poke|p2|Aegislash, M|
|poke|p2|Gyarados, M|
|poke|p2|Starmie|
|poke|p2|Mamoswine, F|
|poke|p2|Tangrowth, F|
|poke|p2|Darmanitan, F|
|teampreview
|inactive|Battle timer is ON: inactive players will automatically lose when time's up. (requested by Nislas)
|
|t:|1653601597
|start
|switch|p1a: Galvantula|Galvantula, M|100/100
|switch|p2a: Darmanitan|Darmanitan, F|100/100
|turn|1
|
|t:|1653601603
|move|p2a: Darmanitan|U-turn|p1a: Galvantula
|-damage|p1a: Galvantula|55/100
|
|t:|1653601611
|switch|p2a: Mamoswine|Mamoswine, F|100/100|[from]move: U-turn
|move|p1a: Galvantula|Sticky Web|p2a: Mamoswine
|-sidestart|p2: DDD951|move: Sticky Web
|
|upkeep
|turn|2
|
|t:|1653601619
|move|p1a: Galvantula|Bug Buzz|p2a: Mamoswine
|-damage|p2a: Mamoswine|42/100
|move|p2a: Mamoswine|Stealth Rock|p1a: Galvantula
|-sidestart|p1: Nislas|move: Stealth Rock
|
|upkeep
|turn|3
|
|t:|1653601625
|move|p2a: Mamoswine|Ice Shard|p1a: Galvantula
|-damage|p1a: Galvantula|0 fnt
|faint|p1a: Galvantula
|-damage|p2a: Mamoswine|32/100|[from] item: Life Orb
|
|upkeep
|
|t:|1653601647
|switch|p1a: Keldeo|Keldeo-Resolute|100/100
|-damage|p1a: Keldeo|94/100|[from] Stealth Rock
|turn|4
|
|t:|1653601655
|move|p1a: Keldeo|Secret Sword|p2a: Mamoswine
|-supereffective|p2a: Mamoswine
|-damage|p2a: Mamoswine|0 fnt
|faint|p2a: Mamoswine
|
|upkeep
|
|t:|1653601660
|switch|p2a: Gyarados|Gyarados, M|100/100
|-ability|p2a: Gyarados|Intimidate|boost
|-unboost|p1a: Keldeo|atk|1
|turn|5
|
|t:|1653601666
|switch|p1a: Rotom|Rotom-Heat|100/100
|move|p2a: Gyarados|Waterfall|p1a: Rotom
|-supereffective|p1a: Rotom
|-damage|p1a: Rotom|23/100
|
|upkeep
|turn|6
|
|t:|1653601674
|switch|p2a: Darmanitan|Darmanitan, F|100/100
|-activate|p2a: Darmanitan|move: Sticky Web
|-unboost|p2a: Darmanitan|spe|1
|move|p1a: Rotom|Volt Switch|p2a: Darmanitan
|-damage|p2a: Darmanitan|62/100
|
|t:|1653601681
|switch|p1a: Keldeo|Keldeo-Resolute|94/100|[from]move: Volt Switch
|-damage|p1a: Keldeo|88/100|[from] Stealth Rock
|
|upkeep
|turn|7
|
|t:|1653601692
|move|p2a: Darmanitan|Flare Blitz|p1a: Keldeo
|-resisted|p1a: Keldeo
|-damage|p1a: Keldeo|34/100
|-damage|p2a: Darmanitan|45/100|[from] Recoil
|move|p1a: Keldeo|Hydro Pump|p2a: Darmanitan
|-supereffective|p2a: Darmanitan
|-damage|p2a: Darmanitan|0 fnt
|faint|p2a: Darmanitan
|
|upkeep
|
|t:|1653601700
|switch|p2a: Gyarados|Gyarados, M|100/100
|-ability|p2a: Gyarados|Intimidate|boost
|-unboost|p1a: Keldeo|atk|1
|turn|8
|
|t:|1653601708
|move|p1a: Keldeo|Hydro Pump|p2a: Gyarados
|-resisted|p2a: Gyarados
|-damage|p2a: Gyarados|72/100
|move|p2a: Gyarados|Dragon Dance|p2a: Gyarados
|-boost|p2a: Gyarados|atk|1
|-boost|p2a: Gyarados|spe|1
|
|-heal|p2a: Gyarados|78/100|[from] item: Leftovers
|upkeep
|turn|9
|
|t:|1653601715
|move|p2a: Gyarados|Dragon Dance|p2a: Gyarados
|-boost|p2a: Gyarados|atk|1
|-boost|p2a: Gyarados|spe|1
|move|p1a: Keldeo|Icy Wind|p2a: Gyarados
|-damage|p2a: Gyarados|59/100
|-unboost|p2a: Gyarados|spe|1
|
|-heal|p2a: Gyarados|65/100|[from] item: Leftovers
|upkeep
|turn|10
|
|t:|1653601724
|move|p2a: Gyarados|Substitute|p2a: Gyarados
|-start|p2a: Gyarados|Substitute
|-damage|p2a: Gyarados|40/100
|move|p1a: Keldeo|Icy Wind|p2a: Gyarados|[miss]
|-miss|p1a: Keldeo|p2a: Gyarados
|
|-heal|p2a: Gyarados|46/100|[from] item: Leftovers
|upkeep
|turn|11
|
|t:|1653601735
|move|p2a: Gyarados|Bounce||[still]
|-prepare|p2a: Gyarados|Bounce
|move|p1a: Keldeo|Icy Wind|p2a: Gyarados|[miss]
|-miss|p1a: Keldeo|p2a: Gyarados
|
|-heal|p2a: Gyarados|52/100|[from] item: Leftovers
|upkeep
|turn|12
|
|t:|1653601742
|move|p2a: Gyarados|Bounce|p1a: Keldeo|[from]lockedmove
|-supereffective|p1a: Keldeo
|-damage|p1a: Keldeo|0 fnt
|faint|p1a: Keldeo
|
|-heal|p2a: Gyarados|59/100|[from] item: Leftovers
|upkeep
|
|t:|1653601748
|switch|p1a: Hydreigon|Hydreigon, M|100/100
|-damage|p1a: Hydreigon|88/100|[from] Stealth Rock
|turn|13
|
|t:|1653601758
|move|p1a: Hydreigon|Dark Pulse|p2a: Gyarados
|-end|p2a: Gyarados|Substitute
|move|p2a: Gyarados|Bounce||[still]
|-prepare|p2a: Gyarados|Bounce
|
|-heal|p2a: Gyarados|65/100|[from] item: Leftovers
|upkeep
|turn|14
|
|t:|1653601773
|switch|p1a: Rotom|Rotom-Heat|23/100
|move|p2a: Gyarados|Bounce|p1a: Rotom|[from]lockedmove
|-resisted|p1a: Rotom
|-damage|p1a: Rotom|0 fnt
|faint|p1a: Rotom
|
|-heal|p2a: Gyarados|71/100|[from] item: Leftovers
|upkeep
|
|t:|1653601781
|switch|p1a: Hydreigon|Hydreigon, M|88/100
|-damage|p1a: Hydreigon|76/100|[from] Stealth Rock
|turn|15
|
|t:|1653601787
|move|p1a: Hydreigon|Dark Pulse|p2a: Gyarados
|-damage|p2a: Gyarados|30/100
|move|p2a: Gyarados|Dragon Dance|p2a: Gyarados
|-boost|p2a: Gyarados|atk|1
|-boost|p2a: Gyarados|spe|1
|
|-heal|p2a: Gyarados|36/100|[from] item: Leftovers
|upkeep
|turn|16
|
|t:|1653601795
|move|p2a: Gyarados|Bounce||[still]
|-prepare|p2a: Gyarados|Bounce
|move|p1a: Hydreigon|Dark Pulse|p2a: Gyarados|[miss]
|-miss|p1a: Hydreigon|p2a: Gyarados
|
|-heal|p2a: Gyarados|42/100|[from] item: Leftovers
|upkeep
|turn|17
|
|t:|1653601801
|move|p2a: Gyarados|Bounce|p1a: Hydreigon|[from]lockedmove
|-damage|p1a: Hydreigon|0 fnt
|faint|p1a: Hydreigon
|
|-heal|p2a: Gyarados|49/100|[from] item: Leftovers
|upkeep
|
|t:|1653601811
|switch|p1a: Conkeldurr|Conkeldurr, F|100/100
|-damage|p1a: Conkeldurr|94/100|[from] Stealth Rock
|turn|18
|
|t:|1653601816
|move|p1a: Conkeldurr|Mach Punch|p2a: Gyarados
|-resisted|p2a: Gyarados
|-damage|p2a: Gyarados|36/100
|move|p2a: Gyarados|Bounce||[still]
|-prepare|p2a: Gyarados|Bounce
|
|-heal|p2a: Gyarados|42/100|[from] item: Leftovers
|-status|p1a: Conkeldurr|brn|[from] item: Flame Orb
|upkeep
|turn|19
|
|t:|1653601825
|move|p2a: Gyarados|Bounce|p1a: Conkeldurr|[from]lockedmove
|-supereffective|p1a: Conkeldurr
|-damage|p1a: Conkeldurr|0 fnt
|faint|p1a: Conkeldurr
|
|-heal|p2a: Gyarados|49/100|[from] item: Leftovers
|upkeep
|
|t:|1653601831
|switch|p1a: Scizor|Scizor, F|100/100
|-damage|p1a: Scizor|88/100|[from] Stealth Rock
|turn|20
|
|t:|1653601836
|move|p1a: Scizor|Bullet Punch|p2a: Gyarados
|-resisted|p2a: Gyarados
|-crit|p2a: Gyarados
|-damage|p2a: Gyarados|11/100
|move|p2a: Gyarados|Waterfall|p1a: Scizor
|-damage|p1a: Scizor|0 fnt
|faint|p1a: Scizor
|
|win|DDD951
|raw|Nislas's rating: 1243 &rarr; <strong>1225</strong><br />(-18 for losing)
|raw|DDD951's rating: 1348 &rarr; <strong>1362</strong><br />(+14 for winning)
|l|☆Nislas
