|raw|<div class="broadcast-blue"><strong>This battle is required to be public due to a player having a name starting with 'uult91w'.</div>
|j|☆UULT91W Lily
|j|☆UULT91w OnArceus
|t:|1651602875
|gametype|singles
|player|p1|UULT91W Lily|#scl1machines|1578
|player|p2|UULT91w OnArceus|lucas|1505
|teamsize|p1|6
|teamsize|p2|6
|gen|8
|tier|[Gen 8] UU
|rated|
|rule|Sleep Clause Mod: Limit one foe put to sleep
|rule|Species Clause: Limit one of each Pokémon
|rule|OHKO Clause: OHKO moves are banned
|rule|Evasion Moves Clause: Evasion moves are banned
|rule|Endless Battle Clause: Forcing endless battles is banned
|rule|HP Percentage Mod: HP is shown in percentages
|rule|Dynamax Clause: You cannot dynamax
|clearpoke
|poke|p1|Hippowdon, F|
|poke|p1|Skarmory, F|
|poke|p1|Zarude-Dada|
|poke|p1|Slowking, F|
|poke|p1|Thundurus-Therian, M|
|poke|p1|Noivern, M|
|poke|p2|Toxtricity, F|
|poke|p2|Keldeo-Resolute|
|poke|p2|Excadrill, M|
|poke|p2|Amoonguss, F|
|poke|p2|Zygarde-10%|
|poke|p2|Mandibuzz, F|
|teampreview
|inactive|Battle timer is ON: inactive players will automatically lose when time's up. (requested by UULT91W Lily)
|j| Micciu20250
|j| UULT91w Corp N
|j| inouctyxxt
|
|t:|1651602897
|start
|switch|p1a: Monolithia|Hippowdon, F|100/100
|switch|p2a: Amoonguss|Amoonguss, F|100/100
|-weather|Sandstorm|[from] ability: Sand Stream|[of] p1a: Monolithia
|turn|1
|
|t:|1651602901
|move|p1a: Monolithia|Stealth Rock|p2a: Amoonguss
|-sidestart|p2: UULT91w OnArceus|move: Stealth Rock
|move|p2a: Amoonguss|Spore|p1a: Monolithia
|-status|p1a: Monolithia|slp|[from] move: Spore
|
|-weather|Sandstorm|[upkeep]
|-damage|p2a: Amoonguss|94/100|[from] Sandstorm
|upkeep
|turn|2
|
|t:|1651602907
|switch|p1a: Ad Astra|Thundurus-Therian, M|100/100
|switch|p2a: Toxtricity|Toxtricity, F|100/100
|-damage|p2a: Toxtricity|88/100|[from] Stealth Rock
|
|-weather|Sandstorm|[upkeep]
|-damage|p1a: Ad Astra|94/100|[from] Sandstorm
|-damage|p2a: Toxtricity|82/100|[from] Sandstorm
|upkeep
|turn|3
|j| Luthier
|
|t:|1651602912
|switch|p2a: Mandibuzz|Mandibuzz, F|100/100
|move|p1a: Ad Astra|Psychic|p2a: Mandibuzz
|-immune|p2a: Mandibuzz
|
|-weather|Sandstorm|[upkeep]
|-damage|p1a: Ad Astra|88/100|[from] Sandstorm
|upkeep
|turn|4
|
|t:|1651602915
|switch|p2a: Zygarde|Zygarde-10%|100/100
|-damage|p2a: Zygarde|94/100|[from] Stealth Rock
|-ability|p2a: Zygarde|Aura Break
|move|p1a: Ad Astra|Knock Off|p2a: Zygarde
|-damage|p2a: Zygarde|56/100
|-enditem|p2a: Zygarde|Choice Band|[from] move: Knock Off|[of] p1a: Ad Astra
|
|-weather|Sandstorm|[upkeep]
|-damage|p1a: Ad Astra|82/100|[from] Sandstorm
|upkeep
|turn|5
|
|t:|1651602921
|switch|p1a: Elysian Fields|Slowking, F|100/100
|move|p2a: Zygarde|Thousand Arrows|p1a: Elysian Fields
|-damage|p1a: Elysian Fields|68/100
|
|-weather|none
|upkeep
|turn|6
|j| BB shhshshsusus
|
|t:|1651602923
|move|p2a: Zygarde|Toxic|p1a: Elysian Fields
|-status|p1a: Elysian Fields|tox
|move|p1a: Elysian Fields|Teleport|p1a: Elysian Fields
|
|t:|1651602925
|switch|p1a: Scarlet Night|Noivern, M|100/100|[from]move: Teleport
|
|upkeep
|turn|7
|
|t:|1651602930
|switch|p2a: Mandibuzz|Mandibuzz, F|100/100
|move|p1a: Scarlet Night|U-turn|p2a: Mandibuzz
|-damage|p2a: Mandibuzz|93/100
|
|t:|1651602932
|switch|p1a: Ad Astra|Thundurus-Therian, M|82/100|[from]move: U-turn
|
|upkeep
|turn|8
|
|t:|1651602935
|switch|p2a: Zygarde|Zygarde-10%|56/100
|-damage|p2a: Zygarde|49/100|[from] Stealth Rock
|-ability|p2a: Zygarde|Aura Break
|move|p1a: Ad Astra|Volt Switch|p2a: Zygarde
|-immune|p2a: Zygarde
|
|upkeep
|turn|9
|
|t:|1651602941
|switch|p2a: Toxtricity|Toxtricity, F|82/100
|-damage|p2a: Toxtricity|70/100|[from] Stealth Rock
|switch|p1a: Elysian Fields|Slowking, F|100/100 tox
|
|-damage|p1a: Elysian Fields|94/100 tox|[from] psn
|upkeep
|turn|10
|
|t:|1651602945
|move|p2a: Toxtricity|Boomburst|p1a: Elysian Fields
|-damage|p1a: Elysian Fields|44/100 tox
|move|p1a: Elysian Fields|Teleport|p1a: Elysian Fields
|
|t:|1651602949
|switch|p1a: Ad Astra|Thundurus-Therian, M|82/100|[from]move: Teleport
|
|upkeep
|turn|11
|
|t:|1651602955
|switch|p2a: Excadrill|Excadrill, M|100/100
|-damage|p2a: Excadrill|97/100|[from] Stealth Rock
|-ability|p2a: Excadrill|Mold Breaker
|move|p1a: Ad Astra|Volt Switch|p2a: Excadrill
|-immune|p2a: Excadrill
|
|-heal|p2a: Excadrill|100/100|[from] item: Leftovers
|upkeep
|turn|12
|j| F.A.M.E.246 2nd
|
|t:|1651602959
|switch|p2a: Keldeo|Keldeo-Resolute|100/100
|-damage|p2a: Keldeo|94/100|[from] Stealth Rock
|move|p1a: Ad Astra|Focus Blast|p2a: Keldeo
|-damage|p2a: Keldeo|44/100
|
|upkeep
|turn|13
|
|t:|1651602965
|switch|p1a: Scarlet Night|Noivern, M|100/100
|move|p2a: Keldeo|Flip Turn|p1a: Scarlet Night
|-resisted|p1a: Scarlet Night
|-damage|p1a: Scarlet Night|91/100
|
|t:|1651602968
|switch|p2a: Excadrill|Excadrill, M|100/100|[from]move: Flip Turn
|-damage|p2a: Excadrill|97/100|[from] Stealth Rock
|-ability|p2a: Excadrill|Mold Breaker
|
|-heal|p2a: Excadrill|100/100|[from] item: Leftovers
|upkeep
|turn|14
|j| UULT91w NDK
|
|t:|1651602970
|move|p1a: Scarlet Night|Flamethrower|p2a: Excadrill
|-supereffective|p2a: Excadrill
|-damage|p2a: Excadrill|33/100
|move|p2a: Excadrill|Rapid Spin|p1a: Scarlet Night
|-damage|p1a: Scarlet Night|65/100
|-boost|p2a: Excadrill|spe|1
|-sideend|p2: UULT91w OnArceus|Stealth Rock|[from] move: Rapid Spin|[of] p2a: Excadrill
|
|-heal|p2a: Excadrill|40/100|[from] item: Leftovers
|upkeep
|turn|15
|j| BigFatMantis
|
|t:|1651602985
|switch|p2a: Mandibuzz|Mandibuzz, F|93/100
|switch|p1a: Virulence|Zarude-Dada|100/100
|
|upkeep
|turn|16
|
|t:|1651602987
|move|p1a: Virulence|U-turn|p2a: Mandibuzz
|-damage|p2a: Mandibuzz|77/100
|
|t:|1651602990
|switch|p1a: Ad Astra|Thundurus-Therian, M|82/100|[from]move: U-turn
|move|p2a: Mandibuzz|U-turn|p1a: Ad Astra
|-resisted|p1a: Ad Astra
|-damage|p1a: Ad Astra|73/100
|
|t:|1651602994
|switch|p2a: Keldeo|Keldeo-Resolute|44/100|[from]move: U-turn
|
|upkeep
|turn|17
|
|t:|1651603001
|switch|p1a: Virulence|Zarude-Dada|100/100
|move|p2a: Keldeo|Flip Turn|p1a: Virulence
|-resisted|p1a: Virulence
|-damage|p1a: Virulence|94/100
|
|t:|1651603006
|switch|p2a: Mandibuzz|Mandibuzz, F|77/100|[from]move: Flip Turn
|
|upkeep
|turn|18
|
|t:|1651603008
|move|p1a: Virulence|U-turn|p2a: Mandibuzz
|-damage|p2a: Mandibuzz|60/100
|
|t:|1651603010
|switch|p1a: Ad Astra|Thundurus-Therian, M|73/100|[from]move: U-turn
|move|p2a: Mandibuzz|U-turn|p1a: Ad Astra
|-resisted|p1a: Ad Astra
|-damage|p1a: Ad Astra|64/100
|
|t:|1651603012
|switch|p2a: Zygarde|Zygarde-10%|49/100|[from]move: U-turn
|-ability|p2a: Zygarde|Aura Break
|
|upkeep
|turn|19
|
|t:|1651603017
|switch|p1a: Elysian Fields|Slowking, F|77/100 tox
|move|p2a: Zygarde|Thousand Arrows|p1a: Elysian Fields
|-damage|p1a: Elysian Fields|45/100 tox
|
|-damage|p1a: Elysian Fields|39/100 tox|[from] psn
|upkeep
|turn|20
|
|t:|1651603022
|switch|p1a: Module_410|Skarmory, F|100/100
|move|p2a: Zygarde|Thousand Arrows|p1a: Module_410
|-damage|p1a: Module_410|79/100
|-start|p1a: Module_410|Smack Down
|
|upkeep
|turn|21
|
|t:|1651603028
|switch|p2a: Toxtricity|Toxtricity, F|70/100
|move|p1a: Module_410|Iron Defense|p1a: Module_410
|-boost|p1a: Module_410|def|2
|
|upkeep
|turn|22
|
|t:|1651603033
|switch|p1a: Virulence|Zarude-Dada|94/100
|move|p2a: Toxtricity|Boomburst|p1a: Virulence
|-damage|p1a: Virulence|20/100
|
|upkeep
|turn|23
|
|t:|1651603038
|switch|p2a: Amoonguss|Amoonguss, F|100/100
|move|p1a: Virulence|Darkest Lariat|p2a: Amoonguss
|-damage|p2a: Amoonguss|71/100
|-damage|p1a: Virulence|4/100|[from] item: Rocky Helmet|[of] p2a: Amoonguss
|
|upkeep
|turn|24
|
|t:|1651603050
|move|p1a: Virulence|Darkest Lariat|p2a: Amoonguss
|-damage|p2a: Amoonguss|39/100
|-damage|p1a: Virulence|0 fnt|[from] item: Rocky Helmet|[of] p2a: Amoonguss
|faint|p1a: Virulence
|move|p2a: Amoonguss|Sludge Bomb|p1: Virulence|[notarget]
|-fail|p2a: Amoonguss
|
|upkeep
|
|t:|1651603053
|switch|p1a: Ad Astra|Thundurus-Therian, M|64/100
|turn|25
|
|t:|1651603070
|move|p1a: Ad Astra|Volt Switch|p2a: Amoonguss
|-resisted|p2a: Amoonguss
|-damage|p2a: Amoonguss|22/100
|
|t:|1651603072
|switch|p1a: Module_410|Skarmory, F|79/100|[from]move: Volt Switch
|move|p2a: Amoonguss|Sludge Bomb|p1a: Module_410
|-immune|p1a: Module_410
|
|upkeep
|turn|26
|
|t:|1651603075
|switch|p2a: Toxtricity|Toxtricity, F|70/100
|move|p1a: Module_410|Spikes|p2a: Toxtricity
|-sidestart|p2: UULT91w OnArceus|Spikes
|
|upkeep
|turn|27
|
|t:|1651603079
|move|p2a: Toxtricity|Boomburst|p1a: Module_410
|-resisted|p1a: Module_410
|-damage|p1a: Module_410|26/100
|move|p1a: Module_410|Body Press|p2a: Toxtricity
|-resisted|p2a: Toxtricity
|-damage|p2a: Toxtricity|44/100
|
|upkeep
|turn|28
|
|t:|1651603091
|move|p2a: Toxtricity|Boomburst|p1a: Module_410
|-resisted|p1a: Module_410
|-damage|p1a: Module_410|0 fnt
|faint|p1a: Module_410
|
|upkeep
|
|t:|1651603094
|switch|p1a: Ad Astra|Thundurus-Therian, M|64/100
|turn|29
|
|t:|1651603106
|switch|p2a: Amoonguss|Amoonguss, F|55/100
|-damage|p2a: Amoonguss|43/100|[from] Spikes
|move|p1a: Ad Astra|Psychic|p2a: Amoonguss
|-supereffective|p2a: Amoonguss
|-damage|p2a: Amoonguss|0 fnt
|faint|p2a: Amoonguss
|
|upkeep
|
|t:|1651603108
|switch|p2a: Keldeo|Keldeo-Resolute|44/100
|-damage|p2a: Keldeo|32/100|[from] Spikes
|turn|30
|j| Artzu
|
|t:|1651603118
|switch|p1a: Elysian Fields|Slowking, F|73/100 tox
|move|p2a: Keldeo|Flip Turn|p1a: Elysian Fields
|-resisted|p1a: Elysian Fields
|-damage|p1a: Elysian Fields|67/100 tox
|
|t:|1651603126
|switch|p2a: Toxtricity|Toxtricity, F|44/100|[from]move: Flip Turn
|-damage|p2a: Toxtricity|31/100|[from] Spikes
|
|-damage|p1a: Elysian Fields|61/100 tox|[from] psn
|upkeep
|turn|31
|
|t:|1651603128
|switch|p1a: Monolithia|Hippowdon, F|100/100 slp
|-weather|Sandstorm|[from] ability: Sand Stream|[of] p1a: Monolithia
|move|p2a: Toxtricity|Overdrive|p1a: Monolithia
|-immune|p1a: Monolithia
|
|-weather|Sandstorm|[upkeep]
|-damage|p2a: Toxtricity|25/100|[from] Sandstorm
|upkeep
|turn|32
|
|t:|1651603130
|switch|p1a: Ad Astra|Thundurus-Therian, M|64/100
|move|p2a: Toxtricity|Boomburst|p1a: Ad Astra
|-damage|p1a: Ad Astra|0 fnt
|faint|p1a: Ad Astra
|
|-weather|Sandstorm|[upkeep]
|-damage|p2a: Toxtricity|19/100|[from] Sandstorm
|upkeep
|c|☆UULT91W Lily|o shit
|
|t:|1651603145
|switch|p1a: Scarlet Night|Noivern, M|65/100
|turn|33
|c| F.A.M.E.246 2nd|Literally what I just said too
|inactive|UULT91w OnArceus has 120 seconds left.
|inactive|UULT91w OnArceus has 90 seconds left.
|
|t:|1651603206
|switch|p2a: Excadrill|Excadrill, M|40/100
|-damage|p2a: Excadrill|27/100|[from] Spikes
|-ability|p2a: Excadrill|Mold Breaker
|move|p1a: Scarlet Night|Flamethrower|p2a: Excadrill
|-supereffective|p2a: Excadrill
|-damage|p2a: Excadrill|0 fnt
|faint|p2a: Excadrill
|
|-weather|Sandstorm|[upkeep]
|-damage|p1a: Scarlet Night|59/100|[from] Sandstorm
|upkeep
|
|t:|1651603208
|switch|p2a: Zygarde|Zygarde-10%|49/100
|-damage|p2a: Zygarde|37/100|[from] Spikes
|-ability|p2a: Zygarde|Aura Break
|turn|34
|c|☆UULT91w OnArceus|whops
|
|t:|1651603218
|switch|p2a: Mandibuzz|Mandibuzz, F|60/100
|move|p1a: Scarlet Night|Draco Meteor|p2a: Mandibuzz
|-damage|p2a: Mandibuzz|20/100
|-unboost|p1a: Scarlet Night|spa|2
|
|-weather|Sandstorm|[upkeep]
|-damage|p1a: Scarlet Night|53/100|[from] Sandstorm
|upkeep
|turn|35
|j| pokemonisfun
|inactive|UULT91w OnArceus has 90 seconds left.
|
|t:|1651603242
|move|p1a: Scarlet Night|Draco Meteor|p2a: Mandibuzz
|-damage|p2a: Mandibuzz|2/100
|-unboost|p1a: Scarlet Night|spa|2
|move|p2a: Mandibuzz|Roost|p2a: Mandibuzz
|-heal|p2a: Mandibuzz|52/100
|-singleturn|p2a: Mandibuzz|move: Roost
|
|-weather|none
|upkeep
|turn|36
|
|t:|1651603244
|move|p1a: Scarlet Night|Roost|p1a: Scarlet Night
|-heal|p1a: Scarlet Night|100/100
|-singleturn|p1a: Scarlet Night|move: Roost
|move|p2a: Mandibuzz|Roost|p2a: Mandibuzz
|-heal|p2a: Mandibuzz|100/100
|-singleturn|p2a: Mandibuzz|move: Roost
|
|upkeep
|turn|37
|
|t:|1651603254
|move|p1a: Scarlet Night|Flamethrower|p2a: Mandibuzz
|-damage|p2a: Mandibuzz|94/100
|move|p2a: Mandibuzz|U-turn|p1a: Scarlet Night
|-resisted|p1a: Scarlet Night
|-damage|p1a: Scarlet Night|93/100
|
|t:|1651603258
|switch|p2a: Keldeo|Keldeo-Resolute|32/100|[from]move: U-turn
|-damage|p2a: Keldeo|20/100|[from] Spikes
|
|upkeep
|turn|38
|
|t:|1651603261
|switch|p2a: Mandibuzz|Mandibuzz, F|94/100
|move|p1a: Scarlet Night|Draco Meteor|p2a: Mandibuzz
|-damage|p2a: Mandibuzz|81/100
|-unboost|p1a: Scarlet Night|spa|2
|
|upkeep
|turn|39
|
|t:|1651603263
|move|p1a: Scarlet Night|Flamethrower|p2a: Mandibuzz
|-damage|p2a: Mandibuzz|77/100
|move|p2a: Mandibuzz|Knock Off|p1a: Scarlet Night
|-damage|p1a: Scarlet Night|64/100
|-enditem|p1a: Scarlet Night|Heavy-Duty Boots|[from] move: Knock Off|[of] p2a: Mandibuzz
|
|upkeep
|turn|40
|
|t:|1651603266
|move|p1a: Scarlet Night|Flamethrower|p2a: Mandibuzz
|-damage|p2a: Mandibuzz|72/100
|move|p2a: Mandibuzz|Roost|p2a: Mandibuzz
|-heal|p2a: Mandibuzz|100/100
|-singleturn|p2a: Mandibuzz|move: Roost
|
|upkeep
|turn|41
|
|t:|1651603269
|move|p1a: Scarlet Night|Roost|p1a: Scarlet Night
|-heal|p1a: Scarlet Night|100/100
|-singleturn|p1a: Scarlet Night|move: Roost
|move|p2a: Mandibuzz|Foul Play|p1a: Scarlet Night
|-damage|p1a: Scarlet Night|72/100
|
|upkeep
|turn|42
|
|t:|1651603271
|move|p1a: Scarlet Night|Flamethrower|p2a: Mandibuzz
|-damage|p2a: Mandibuzz|96/100
|move|p2a: Mandibuzz|Foul Play|p1a: Scarlet Night
|-damage|p1a: Scarlet Night|42/100
|
|upkeep
|turn|43
|
|t:|1651603272
|move|p1a: Scarlet Night|Roost|p1a: Scarlet Night
|-heal|p1a: Scarlet Night|92/100
|-singleturn|p1a: Scarlet Night|move: Roost
|move|p2a: Mandibuzz|Foul Play|p1a: Scarlet Night
|-damage|p1a: Scarlet Night|61/100
|
|upkeep
|turn|44
|
|t:|1651603274
|move|p1a: Scarlet Night|Flamethrower|p2a: Mandibuzz
|-damage|p2a: Mandibuzz|92/100
|move|p2a: Mandibuzz|Foul Play|p1a: Scarlet Night
|-damage|p1a: Scarlet Night|34/100
|
|upkeep
|turn|45
|
|t:|1651603276
|move|p1a: Scarlet Night|Roost|p1a: Scarlet Night
|-heal|p1a: Scarlet Night|84/100
|-singleturn|p1a: Scarlet Night|move: Roost
|move|p2a: Mandibuzz|Foul Play|p1a: Scarlet Night
|-damage|p1a: Scarlet Night|57/100
|
|upkeep
|turn|46
|
|t:|1651603278
|move|p1a: Scarlet Night|Flamethrower|p2a: Mandibuzz
|-damage|p2a: Mandibuzz|88/100
|-status|p2a: Mandibuzz|brn
|move|p2a: Mandibuzz|Foul Play|p1a: Scarlet Night
|-damage|p1a: Scarlet Night|44/100
|
|-damage|p2a: Mandibuzz|81/100 brn|[from] brn
|upkeep
|turn|47
|
|t:|1651603281
|move|p1a: Scarlet Night|Roost|p1a: Scarlet Night
|-heal|p1a: Scarlet Night|94/100
|-singleturn|p1a: Scarlet Night|move: Roost
|move|p2a: Mandibuzz|Foul Play|p1a: Scarlet Night
|-damage|p1a: Scarlet Night|80/100
|
|-damage|p2a: Mandibuzz|75/100 brn|[from] brn
|upkeep
|turn|48
|
|t:|1651603283
|move|p1a: Scarlet Night|U-turn|p2a: Mandibuzz
|-damage|p2a: Mandibuzz|68/100 brn
|
|t:|1651603284
|switch|p1a: Elysian Fields|Slowking, F|94/100 tox|[from]move: U-turn
|move|p2a: Mandibuzz|Knock Off|p1a: Elysian Fields
|-supereffective|p1a: Elysian Fields
|-enditem|p1a: Elysian Fields|Colbur Berry|[eat]
|-enditem|p1a: Elysian Fields|Colbur Berry|[weaken]
|-damage|p1a: Elysian Fields|83/100 tox
|
|-damage|p1a: Elysian Fields|77/100 tox|[from] psn
|-damage|p2a: Mandibuzz|62/100 brn|[from] brn
|upkeep
|turn|49
|
|t:|1651603288
|move|p2a: Mandibuzz|Roost|p2a: Mandibuzz
|-heal|p2a: Mandibuzz|100/100 brn
|-singleturn|p2a: Mandibuzz|move: Roost
|move|p1a: Elysian Fields|Teleport|p1a: Elysian Fields
|
|t:|1651603290
|switch|p1a: Scarlet Night|Noivern, M|80/100|[from]move: Teleport
|
|-damage|p2a: Mandibuzz|94/100 brn|[from] brn
|upkeep
|turn|50
|
|t:|1651603293
|move|p1a: Scarlet Night|Flamethrower|p2a: Mandibuzz
|-crit|p2a: Mandibuzz
|-damage|p2a: Mandibuzz|69/100 brn
|move|p2a: Mandibuzz|Knock Off|p1a: Scarlet Night
|-damage|p1a: Scarlet Night|69/100
|
|-damage|p2a: Mandibuzz|63/100 brn|[from] brn
|upkeep
|turn|51
|
|t:|1651603297
|move|p1a: Scarlet Night|U-turn|p2a: Mandibuzz
|-damage|p2a: Mandibuzz|56/100 brn
|
|t:|1651603298
|switch|p1a: Elysian Fields|Slowking, F|100/100 tox|[from]move: U-turn
|move|p2a: Mandibuzz|Knock Off|p1a: Elysian Fields
|-supereffective|p1a: Elysian Fields
|-damage|p1a: Elysian Fields|88/100 tox
|
|-damage|p1a: Elysian Fields|82/100 tox|[from] psn
|-damage|p2a: Mandibuzz|50/100 brn|[from] brn
|upkeep
|turn|52
|
|t:|1651603300
|move|p2a: Mandibuzz|Roost|p2a: Mandibuzz
|-heal|p2a: Mandibuzz|99/100 brn
|-singleturn|p2a: Mandibuzz|move: Roost
|move|p1a: Elysian Fields|Scald|p2a: Mandibuzz
|-damage|p2a: Mandibuzz|81/100 brn
|
|-damage|p1a: Elysian Fields|70/100 tox|[from] psn
|-damage|p2a: Mandibuzz|75/100 brn|[from] brn
|upkeep
|turn|53
|
|t:|1651603304
|move|p2a: Mandibuzz|Knock Off|p1a: Elysian Fields
|-supereffective|p1a: Elysian Fields
|-damage|p1a: Elysian Fields|58/100 tox
|move|p1a: Elysian Fields|Teleport|p1a: Elysian Fields
|
|t:|1651603306
|switch|p1a: Scarlet Night|Noivern, M|69/100|[from]move: Teleport
|
|-damage|p2a: Mandibuzz|69/100 brn|[from] brn
|upkeep
|turn|54
|
|t:|1651603308
|move|p1a: Scarlet Night|U-turn|p2a: Mandibuzz
|-damage|p2a: Mandibuzz|61/100 brn
|
|t:|1651603309
|switch|p1a: Elysian Fields|Slowking, F|91/100 tox|[from]move: U-turn
|move|p2a: Mandibuzz|Knock Off|p1a: Elysian Fields
|-supereffective|p1a: Elysian Fields
|-damage|p1a: Elysian Fields|78/100 tox
|
|-damage|p1a: Elysian Fields|72/100 tox|[from] psn
|-damage|p2a: Mandibuzz|55/100 brn|[from] brn
|upkeep
|turn|55
|
|t:|1651603311
|move|p2a: Mandibuzz|Roost|p2a: Mandibuzz
|-heal|p2a: Mandibuzz|100/100 brn
|-singleturn|p2a: Mandibuzz|move: Roost
|move|p1a: Elysian Fields|Teleport|p1a: Elysian Fields
|
|t:|1651603312
|switch|p1a: Scarlet Night|Noivern, M|69/100|[from]move: Teleport
|
|-damage|p2a: Mandibuzz|94/100 brn|[from] brn
|upkeep
|turn|56
|
|t:|1651603315
|move|p1a: Scarlet Night|Roost|p1a: Scarlet Night
|-heal|p1a: Scarlet Night|100/100
|-singleturn|p1a: Scarlet Night|move: Roost
|move|p2a: Mandibuzz|Knock Off|p1a: Scarlet Night
|-damage|p1a: Scarlet Night|91/100
|
|-damage|p2a: Mandibuzz|88/100 brn|[from] brn
|upkeep
|turn|57
|
|t:|1651603319
|move|p1a: Scarlet Night|Flamethrower|p2a: Mandibuzz
|-damage|p2a: Mandibuzz|72/100 brn
|move|p2a: Mandibuzz|Foul Play|p1a: Scarlet Night
|-damage|p1a: Scarlet Night|77/100
|
|-damage|p2a: Mandibuzz|66/100 brn|[from] brn
|upkeep
|turn|58
|
|t:|1651603321
|move|p1a: Scarlet Night|Flamethrower|p2a: Mandibuzz
|-damage|p2a: Mandibuzz|50/100 brn
|move|p2a: Mandibuzz|U-turn|p1a: Scarlet Night
|-resisted|p1a: Scarlet Night
|-damage|p1a: Scarlet Night|74/100
|
|t:|1651603325
|switch|p2a: Zygarde|Zygarde-10%|37/100|[from]move: U-turn
|-damage|p2a: Zygarde|25/100|[from] Spikes
|-ability|p2a: Zygarde|Aura Break
|
|upkeep
|turn|59
|
|t:|1651603330
|move|p2a: Zygarde|Extreme Speed|p1a: Scarlet Night
|-damage|p1a: Scarlet Night|45/100
|move|p1a: Scarlet Night|Draco Meteor|p2a: Zygarde
|-supereffective|p2a: Zygarde
|-damage|p2a: Zygarde|0 fnt
|-unboost|p1a: Scarlet Night|spa|2
|faint|p2a: Zygarde
|
|upkeep
|
|t:|1651603331
|switch|p2a: Mandibuzz|Mandibuzz, F|50/100 brn
|turn|60
|
|t:|1651603333
|move|p1a: Scarlet Night|Roost|p1a: Scarlet Night
|-heal|p1a: Scarlet Night|95/100
|-singleturn|p1a: Scarlet Night|move: Roost
|move|p2a: Mandibuzz|Roost|p2a: Mandibuzz
|-heal|p2a: Mandibuzz|99/100 brn
|-singleturn|p2a: Mandibuzz|move: Roost
|
|-damage|p2a: Mandibuzz|94/100 brn|[from] brn
|upkeep
|turn|61
|
|t:|1651603337
|move|p1a: Scarlet Night|U-turn|p2a: Mandibuzz
|-damage|p2a: Mandibuzz|86/100 brn
|
|t:|1651603338
|switch|p1a: Elysian Fields|Slowking, F|100/100 tox|[from]move: U-turn
|move|p2a: Mandibuzz|Knock Off|p1a: Elysian Fields
|-supereffective|p1a: Elysian Fields
|-damage|p1a: Elysian Fields|86/100 tox
|
|-damage|p1a: Elysian Fields|80/100 tox|[from] psn
|-damage|p2a: Mandibuzz|80/100 brn|[from] brn
|upkeep
|turn|62
|-message|UULT91w OnArceus forfeited.
|
|win|UULT91W Lily
|raw|UULT91W Lily's rating: 1578 &rarr; <strong>1594</strong><br />(+16 for winning)
|raw|UULT91w OnArceus's rating: 1505 &rarr; <strong>1489</strong><br />(-16 for losing)
|l|☆UULT91w OnArceus
|l| pokemonisfun
|l| BigFatMantis
|l| UULT91w NDK
||Ladder isn't responding, score probably updated but might not have (Request timeout).
