|j|☆FarmerGamer
|j|☆DDD951
|t:|1655037734
|gametype|singles
|player|p1|FarmerGamer|colress|1285
|player|p2|DDD951|169|1444
|teamsize|p1|6
|teamsize|p2|6
|gen|8
|tier|[Gen 8] UU
|rated|
|rule|Sleep Clause Mod: Limit one foe put to sleep
|rule|Species Clause: Limit one of each Pokémon
|rule|OHKO Clause: OHKO moves are banned
|rule|Evasion Moves Clause: Evasion moves are banned
|rule|Endless Battle Clause: Forcing endless battles is banned
|rule|HP Percentage Mod: HP is shown in percentages
|rule|Dynamax Clause: You cannot dynamax
|clearpoke
|poke|p1|Azumarill, M|
|poke|p1|Darmanitan, M|
|poke|p1|Cobalion|
|poke|p1|Hydreigon, F|
|poke|p1|Amoonguss, M|
|poke|p1|Chansey, F|
|poke|p2|Scizor, F|
|poke|p2|Gyarados, F|
|poke|p2|Starmie|
|poke|p2|Nihilego|
|poke|p2|Tangrowth, F|
|poke|p2|Darmanitan, M|
|teampreview
|
|t:|1655037746
|start
|switch|p1a: HowDoesItFly?|Hydreigon, F|100/100
|switch|p2a: Darmanitan|Darmanitan, M|100/100
|turn|1
|
|t:|1655037753
|move|p1a: HowDoesItFly?|Draco Meteor|p2a: Darmanitan
|-damage|p2a: Darmanitan|0 fnt
|-unboost|p1a: HowDoesItFly?|spa|2
|faint|p2a: Darmanitan
|
|upkeep
|inactive|Battle timer is ON: inactive players will automatically lose when time's up. (requested by FarmerGamer)
|
|t:|1655037758
|switch|p2a: Nihilego|Nihilego|100/100
|turn|2
|
|t:|1655037767
|switch|p1a: French Deer|Cobalion, shiny|100/100
|move|p2a: Nihilego|Stealth Rock|p1a: French Deer
|-sidestart|p1: FarmerGamer|move: Stealth Rock
|
|upkeep
|turn|3
|
|t:|1655037772
|switch|p2a: Starmie|Starmie|100/100
|move|p1a: French Deer|Iron Head|p2a: Starmie
|-resisted|p2a: Starmie
|-damage|p2a: Starmie|74/100
|
|upkeep
|turn|4
|
|t:|1655037778
|move|p2a: Starmie|Hydro Pump|p1a: French Deer
|-damage|p1a: French Deer|9/100
|-damage|p2a: Starmie|64/100|[from] item: Life Orb
|move|p1a: French Deer|Volt Switch|p2a: Starmie
|-supereffective|p2a: Starmie
|-damage|p2a: Starmie|26/100
|
|t:|1655037785
|switch|p1a: HowDoesItFly?|Hydreigon, F|100/100|[from]move: Volt Switch
|-damage|p1a: HowDoesItFly?|88/100|[from] Stealth Rock
|
|upkeep
|turn|5
|
|t:|1655037790
|switch|p2a: Tangrowth|Tangrowth, F|100/100
|move|p1a: HowDoesItFly?|U-turn|p2a: Tangrowth
|-supereffective|p2a: Tangrowth
|-damage|p2a: Tangrowth|81/100
|
|t:|1655037794
|switch|p1a: MONKE|Darmanitan, M|100/100|[from]move: U-turn
|
|upkeep
|turn|6
|
|t:|1655037803
|switch|p2a: Nihilego|Nihilego|100/100
|move|p1a: MONKE|Flare Blitz|p2a: Nihilego
|-resisted|p2a: Nihilego
|-damage|p2a: Nihilego|22/100
|-damage|p1a: MONKE|74/100|[from] Recoil
|
|-heal|p2a: Nihilego|28/100|[from] item: Black Sludge
|upkeep
|turn|7
|
|t:|1655037817
|switch|p2a: Scizor|Scizor, F|100/100
|switch|p1a: French Deer|Cobalion, shiny|9/100
|-damage|p1a: French Deer|6/100|[from] Stealth Rock
|
|upkeep
|turn|8
|
|t:|1655037824
|move|p2a: Scizor|Bullet Punch|p1a: French Deer
|-resisted|p1a: French Deer
|-damage|p1a: French Deer|0 fnt
|-damage|p2a: Scizor|84/100|[from] item: Rocky Helmet|[of] p1a: French Deer
|faint|p1a: French Deer
|
|-heal|p2a: Scizor|90/100|[from] item: Leftovers
|upkeep
|
|t:|1655037828
|switch|p1a: MONKE|Darmanitan, M|74/100
|turn|9
|
|t:|1655037835
|switch|p2a: Nihilego|Nihilego|28/100
|move|p1a: MONKE|Flare Blitz|p2a: Nihilego
|-resisted|p2a: Nihilego
|-damage|p2a: Nihilego|0 fnt
|faint|p2a: Nihilego
|-damage|p1a: MONKE|65/100|[from] Recoil
|
|upkeep
|
|t:|1655037845
|switch|p2a: Gyarados|Gyarados, F|100/100
|-ability|p2a: Gyarados|Intimidate|boost
|-unboost|p1a: MONKE|atk|1
|turn|10
|
|t:|1655037849
|switch|p1a: 😒|Amoonguss, M, shiny|100/100
|-damage|p1a: 😒|88/100|[from] Stealth Rock
|switch|p2a: Scizor|Scizor, F|90/100
|
|-heal|p2a: Scizor|96/100|[from] item: Leftovers
|upkeep
|turn|11
|
|t:|1655037857
|move|p2a: Scizor|U-turn|p1a: 😒
|-damage|p1a: 😒|62/100
|-damage|p2a: Scizor|80/100|[from] item: Rocky Helmet|[of] p1a: 😒
|
|t:|1655037861
|switch|p2a: Tangrowth|Tangrowth, F|100/100|[from]move: U-turn
|move|p1a: 😒|Foul Play|p2a: Tangrowth
|-damage|p2a: Tangrowth|86/100
|
|upkeep
|turn|12
|
|t:|1655037867
|move|p2a: Tangrowth|Knock Off|p1a: 😒
|-damage|p1a: 😒|45/100
|-damage|p2a: Tangrowth|69/100|[from] item: Rocky Helmet|[of] p1a: 😒
|-enditem|p1a: 😒|Rocky Helmet|[from] move: Knock Off|[of] p2a: Tangrowth
|move|p1a: 😒|Sludge Bomb|p2a: Tangrowth
|-supereffective|p2a: Tangrowth
|-damage|p2a: Tangrowth|37/100
|
|upkeep
|turn|13
|
|t:|1655037876
|switch|p2a: Scizor|Scizor, F|80/100
|move|p1a: 😒|Spore|p2a: Scizor
|-status|p2a: Scizor|slp|[from] move: Spore
|
|-heal|p2a: Scizor|86/100 slp|[from] item: Leftovers
|upkeep
|turn|14
|
|t:|1655037883
|switch|p2a: Starmie|Starmie|26/100
|switch|p1a: HowDoesItFly?|Hydreigon, F|88/100
|-damage|p1a: HowDoesItFly?|76/100|[from] Stealth Rock
|
|upkeep
|turn|15
|
|t:|1655037892
|switch|p2a: Tangrowth|Tangrowth, F|71/100
|move|p1a: HowDoesItFly?|Draco Meteor|p2a: Tangrowth
|-crit|p2a: Tangrowth
|-damage|p2a: Tangrowth|10/100
|-unboost|p1a: HowDoesItFly?|spa|2
|
|upkeep
|turn|16
|
|t:|1655037900
|switch|p1a: MONKE|Darmanitan, M|65/100
|move|p2a: Tangrowth|Knock Off|p1a: MONKE
|-damage|p1a: MONKE|32/100
|-enditem|p1a: MONKE|Heavy-Duty Boots|[from] move: Knock Off|[of] p2a: Tangrowth
|
|upkeep
|turn|17
|
|t:|1655037906
|switch|p2a: Scizor|Scizor, F|86/100 slp
|move|p1a: MONKE|Flare Blitz|p2a: Scizor
|-supereffective|p2a: Scizor
|-damage|p2a: Scizor|0 fnt
|faint|p2a: Scizor
|-damage|p1a: MONKE|5/100|[from] Recoil
|
|upkeep
|
|t:|1655037915
|switch|p2a: Starmie|Starmie|26/100
|turn|18
|
|t:|1655037920
|move|p2a: Starmie|Psyshock|p1a: MONKE
|-damage|p1a: MONKE|0 fnt
|faint|p1a: MONKE
|-damage|p2a: Starmie|16/100|[from] item: Life Orb
|
|upkeep
|
|t:|1655037927
|switch|p1a: HowDoesItFly?|Hydreigon, F|76/100
|-damage|p1a: HowDoesItFly?|64/100|[from] Stealth Rock
|turn|19
|
|t:|1655037933
|switch|p2a: Tangrowth|Tangrowth, F|43/100
|move|p1a: HowDoesItFly?|Dark Pulse|p2a: Tangrowth
|-damage|p2a: Tangrowth|17/100
|
|upkeep
|turn|20
|
|t:|1655037939
|switch|p2a: Starmie|Starmie|16/100
|move|p1a: HowDoesItFly?|Dark Pulse|p2a: Starmie
|-supereffective|p2a: Starmie
|-damage|p2a: Starmie|0 fnt
|faint|p2a: Starmie
|
|upkeep
|
|t:|1655037945
|switch|p2a: Gyarados|Gyarados, F|100/100
|-ability|p2a: Gyarados|Intimidate|boost
|-unboost|p1a: HowDoesItFly?|atk|1
|turn|21
|
|t:|1655037949
|move|p1a: HowDoesItFly?|Dark Pulse|p2a: Gyarados
|-damage|p2a: Gyarados|63/100
|move|p2a: Gyarados|Dragon Dance|p2a: Gyarados
|-boost|p2a: Gyarados|atk|1
|-boost|p2a: Gyarados|spe|1
|
|-heal|p2a: Gyarados|69/100|[from] item: Leftovers
|upkeep
|turn|22
|
|t:|1655037956
|move|p1a: HowDoesItFly?|Dark Pulse|p2a: Gyarados
|-damage|p2a: Gyarados|34/100
|move|p2a: Gyarados|Dragon Dance|p2a: Gyarados
|-boost|p2a: Gyarados|atk|1
|-boost|p2a: Gyarados|spe|1
|
|-heal|p2a: Gyarados|40/100|[from] item: Leftovers
|upkeep
|turn|23
|
|t:|1655037963
|move|p2a: Gyarados|Bounce||[still]
|-prepare|p2a: Gyarados|Bounce
|move|p1a: HowDoesItFly?|Dark Pulse|p2a: Gyarados|[miss]
|-miss|p1a: HowDoesItFly?|p2a: Gyarados
|
|-heal|p2a: Gyarados|47/100|[from] item: Leftovers
|upkeep
|turn|24
|
|t:|1655037971
|switch|p1a: 😒|Amoonguss, M, shiny|79/100
|-damage|p1a: 😒|66/100|[from] Stealth Rock
|move|p2a: Gyarados|Bounce|p1a: 😒|[from]lockedmove|[miss]
|-miss|p2a: Gyarados|p1a: 😒
|
|-heal|p2a: Gyarados|53/100|[from] item: Leftovers
|upkeep
|turn|25
|
|t:|1655037979
|move|p2a: Gyarados|Bounce||[still]
|-prepare|p2a: Gyarados|Bounce
|move|p1a: 😒|Foul Play|p2a: Gyarados|[miss]
|-miss|p1a: 😒|p2a: Gyarados
|
|-heal|p2a: Gyarados|59/100|[from] item: Leftovers
|upkeep
|turn|26
|
|t:|1655037985
|move|p2a: Gyarados|Bounce|p1a: 😒|[from]lockedmove
|-supereffective|p1a: 😒
|-crit|p1a: 😒
|-damage|p1a: 😒|0 fnt
|faint|p1a: 😒
|
|-heal|p2a: Gyarados|65/100|[from] item: Leftovers
|upkeep
|
|t:|1655037992
|switch|p1a: ConvictPedo|Azumarill, M, shiny|100/100
|-damage|p1a: ConvictPedo|88/100|[from] Stealth Rock
|turn|27
|
|t:|1655037995
|move|p2a: Gyarados|Bounce||[still]
|-prepare|p2a: Gyarados|Bounce
|move|p1a: ConvictPedo|Play Rough|p2a: Gyarados|[miss]
|-miss|p1a: ConvictPedo|p2a: Gyarados
|
|-heal|p2a: Gyarados|71/100|[from] item: Leftovers
|upkeep
|turn|28
|
|t:|1655038001
|move|p2a: Gyarados|Bounce|p1a: ConvictPedo|[from]lockedmove
|-damage|p1a: ConvictPedo|0 fnt
|faint|p1a: ConvictPedo
|
|-heal|p2a: Gyarados|77/100|[from] item: Leftovers
|upkeep
|
|t:|1655038004
|switch|p1a: HowDoesItFly?|Hydreigon, F|64/100
|-damage|p1a: HowDoesItFly?|51/100|[from] Stealth Rock
|turn|29
|
|t:|1655038010
|move|p2a: Gyarados|Substitute|p2a: Gyarados
|-start|p2a: Gyarados|Substitute
|-damage|p2a: Gyarados|52/100
|move|p1a: HowDoesItFly?|Draco Meteor|p2a: Gyarados
|-end|p2a: Gyarados|Substitute
|-unboost|p1a: HowDoesItFly?|spa|2
|
|-heal|p2a: Gyarados|58/100|[from] item: Leftovers
|upkeep
|turn|30
|
|t:|1655038018
|move|p2a: Gyarados|Substitute|p2a: Gyarados
|-start|p2a: Gyarados|Substitute
|-damage|p2a: Gyarados|33/100
|move|p1a: HowDoesItFly?|Draco Meteor|p2a: Gyarados
|-end|p2a: Gyarados|Substitute
|-unboost|p1a: HowDoesItFly?|spa|2
|
|-heal|p2a: Gyarados|39/100|[from] item: Leftovers
|upkeep
|turn|31
|
|t:|1655038026
|move|p2a: Gyarados|Substitute|p2a: Gyarados
|-start|p2a: Gyarados|Substitute
|-damage|p2a: Gyarados|14/100
|move|p1a: HowDoesItFly?|Draco Meteor|p2a: Gyarados
|-activate|p2a: Gyarados|move: Substitute|[damage]
|-unboost|p1a: HowDoesItFly?|spa|2
|
|-heal|p2a: Gyarados|21/100|[from] item: Leftovers
|upkeep
|turn|32
|
|t:|1655038034
|switch|p1a: Haha kill me|Chansey, F|100/100
|-damage|p1a: Haha kill me|88/100|[from] Stealth Rock
|move|p2a: Gyarados|Bounce||[still]
|-prepare|p2a: Gyarados|Bounce
|
|-heal|p2a: Gyarados|27/100|[from] item: Leftovers
|upkeep
|turn|33
|
|t:|1655038041
|move|p2a: Gyarados|Bounce|p1a: Haha kill me|[from]lockedmove
|-damage|p1a: Haha kill me|37/100
|move|p1a: Haha kill me|Seismic Toss|p2a: Gyarados
|-end|p2a: Gyarados|Substitute
|
|-heal|p2a: Gyarados|33/100|[from] item: Leftovers
|upkeep
|turn|34
|
|t:|1655038048
|move|p2a: Gyarados|Waterfall|p1a: Haha kill me
|-damage|p1a: Haha kill me|0 fnt
|faint|p1a: Haha kill me
|
|-heal|p2a: Gyarados|39/100|[from] item: Leftovers
|upkeep
|
|t:|1655038051
|switch|p1a: HowDoesItFly?|Hydreigon, F|51/100
|-damage|p1a: HowDoesItFly?|39/100|[from] Stealth Rock
|turn|35
|
|t:|1655038056
|move|p2a: Gyarados|Waterfall|p1a: HowDoesItFly?
|-resisted|p1a: HowDoesItFly?
|-damage|p1a: HowDoesItFly?|0 fnt
|faint|p1a: HowDoesItFly?
|
|win|DDD951
|raw|FarmerGamer's rating: 1285 &rarr; <strong>1271</strong><br />(-14 for losing)
|raw|DDD951's rating: 1444 &rarr; <strong>1455</strong><br />(+11 for winning)
|c|☆FarmerGamer|Gg
