|j|☆Keemie540
|j|☆Exi_Dudi
|t:|1666943297
|gametype|singles
|player|p1|Keemie540|flint|1275
|player|p2|Exi_Dudi|doctor-gen8|1486
|teamsize|p1|6
|teamsize|p2|6
|gen|8
|tier|[Gen 8] UU
|rated|
|rule|Sleep Clause Mod: Limit one foe put to sleep
|rule|Species Clause: Limit one of each Pokémon
|rule|OHKO Clause: OHKO moves are banned
|rule|Evasion Items Clause: Evasion items are banned
|rule|Evasion Moves Clause: Evasion moves are banned
|rule|Endless Battle Clause: Forcing endless battles is banned
|rule|HP Percentage Mod: HP is shown in percentages
|rule|Dynamax Clause: You cannot dynamax
|clearpoke
|poke|p1|Moltres|
|poke|p1|Krookodile, F|
|poke|p1|Thundurus-Therian, M|
|poke|p1|Chansey, F|
|poke|p1|Primarina, M|
|poke|p1|Tapu Bulu|
|poke|p2|Dusclops, M|
|poke|p2|Conkeldurr, F|
|poke|p2|Jirachi|
|poke|p2|Umbreon, F|
|poke|p2|Rotom-Wash|
|poke|p2|Hippowdon, F|
|teampreview
|inactive|Battle timer is ON: inactive players will automatically lose when time's up. (requested by Exi_Dudi)
|inactive|Exi_Dudi has 120 seconds left.
|
|t:|1666943346
|start
|switch|p1a: Krookodile|Krookodile, F|100/100
|switch|p2a: Rotom|Rotom-Wash|100/100
|-ability|p1a: Krookodile|Intimidate|boost
|-unboost|p2a: Rotom|atk|1
|turn|1
|
|t:|1666943354
|switch|p1a: Tapu Bulu|Tapu Bulu|100/100
|-fieldstart|move: Grassy Terrain|[from] ability: Grassy Surge|[of] p1a: Tapu Bulu
|move|p2a: Rotom|Hydro Pump|p1a: Tapu Bulu
|-resisted|p1a: Tapu Bulu
|-damage|p1a: Tapu Bulu|77/100
|
|-heal|p1a: Tapu Bulu|83/100|[from] Grassy Terrain
|upkeep
|turn|2
|
|t:|1666943372
|move|p2a: Rotom|Will-O-Wisp|p1a: Tapu Bulu
|-status|p1a: Tapu Bulu|brn
|move|p1a: Tapu Bulu|Megahorn|p2a: Rotom
|-damage|p2a: Rotom|67/100
|
|-heal|p2a: Rotom|73/100|[from] item: Leftovers
|-heal|p1a: Tapu Bulu|89/100 brn|[from] Grassy Terrain
|-damage|p1a: Tapu Bulu|83/100 brn|[from] brn
|upkeep
|turn|3
|
|t:|1666943383
|switch|p1a: Chansey|Chansey, F|100/100
|move|p2a: Rotom|Volt Switch|p1a: Chansey
|-damage|p1a: Chansey|92/100
|
|t:|1666943386
|switch|p2a: Conkeldurr|Conkeldurr, F|100/100|[from]move: Volt Switch
|
|-heal|p1a: Chansey|99/100|[from] Grassy Terrain
|-status|p2a: Conkeldurr|brn|[from] item: Flame Orb
|upkeep
|turn|4
|
|t:|1666943393
|switch|p1a: Moltres|Moltres|100/100
|move|p2a: Conkeldurr|Facade|p1a: Moltres
|-damage|p1a: Moltres|12/100
|
|-damage|p2a: Conkeldurr|95/100 brn|[from] brn
|upkeep
|turn|5
|
|t:|1666943400
|move|p2a: Conkeldurr|Mach Punch|p1a: Moltres
|-resisted|p1a: Moltres
|-damage|p1a: Moltres|0 fnt
|faint|p1a: Moltres
|
|-heal|p2a: Conkeldurr|100/100 brn|[from] Grassy Terrain
|-damage|p2a: Conkeldurr|95/100 brn|[from] brn
|-fieldend|move: Grassy Terrain
|upkeep
|
|t:|1666943407
|switch|p1a: Krookodile|Krookodile, F|100/100
|-ability|p1a: Krookodile|Intimidate|boost
|-unboost|p2a: Conkeldurr|atk|1
|turn|6
|
|t:|1666943433
|switch|p1a: Primarina|Primarina, M|100/100
|move|p2a: Conkeldurr|Drain Punch|p1a: Primarina
|-resisted|p1a: Primarina
|-damage|p1a: Primarina|82/100
|-heal|p2a: Conkeldurr|100/100 brn|[from] drain|[of] p1a: Primarina
|
|-heal|p1a: Primarina|88/100|[from] item: Leftovers
|-damage|p2a: Conkeldurr|95/100 brn|[from] brn
|upkeep
|turn|7
|
|t:|1666943438
|switch|p2a: Jirachi|Jirachi|100/100
|switch|p1a: Krookodile|Krookodile, F|100/100
|-ability|p1a: Krookodile|Intimidate|boost
|-unboost|p2a: Jirachi|atk|1
|
|upkeep
|turn|8
|
|t:|1666943440
|move|p2a: Jirachi|U-turn|p1a: Krookodile
|-supereffective|p1a: Krookodile
|-damage|p1a: Krookodile|79/100
|inactive|Exi_Dudi has 120 seconds left.
|
|t:|1666943466
|switch|p2a: Conkeldurr|Conkeldurr, F|95/100 brn|[from]move: U-turn
|move|p1a: Krookodile|Knock Off|p2a: Conkeldurr
|-resisted|p2a: Conkeldurr
|-damage|p2a: Conkeldurr|75/100 brn
|-enditem|p2a: Conkeldurr|Flame Orb|[from] move: Knock Off|[of] p1a: Krookodile
|
|-heal|p1a: Krookodile|85/100|[from] item: Leftovers
|-damage|p2a: Conkeldurr|69/100 brn|[from] brn
|upkeep
|turn|9
|
|t:|1666943479
|switch|p1a: Tapu Bulu|Tapu Bulu|83/100 brn
|-fieldstart|move: Grassy Terrain|[from] ability: Grassy Surge|[of] p1a: Tapu Bulu
|move|p2a: Conkeldurr|Facade|p1a: Tapu Bulu
|-damage|p1a: Tapu Bulu|0 fnt
|faint|p1a: Tapu Bulu
|
|-heal|p2a: Conkeldurr|75/100 brn|[from] Grassy Terrain
|-damage|p2a: Conkeldurr|69/100 brn|[from] brn
|upkeep
|
|t:|1666943495
|switch|p1a: Thundurus|Thundurus-Therian, M|100/100
|turn|10
|
|t:|1666943511
|switch|p2a: Hippowdon|Hippowdon, F|100/100
|-weather|Sandstorm|[from] ability: Sand Stream|[of] p2a: Hippowdon
|move|p1a: Thundurus|Psychic|p2a: Hippowdon
|-damage|p2a: Hippowdon|73/100
|
|-weather|Sandstorm|[upkeep]
|-damage|p1a: Thundurus|94/100|[from] Sandstorm
|-heal|p2a: Hippowdon|79/100|[from] Grassy Terrain
|-heal|p2a: Hippowdon|85/100|[from] item: Leftovers
|upkeep
|turn|11
|
|t:|1666943519
|switch|p1a: Primarina|Primarina, M|88/100
|move|p2a: Hippowdon|Toxic|p1a: Primarina
|-status|p1a: Primarina|tox
|
|-weather|Sandstorm|[upkeep]
|-damage|p1a: Primarina|82/100 tox|[from] Sandstorm
|-heal|p1a: Primarina|88/100 tox|[from] Grassy Terrain
|-heal|p1a: Primarina|94/100 tox|[from] item: Leftovers
|-heal|p2a: Hippowdon|91/100|[from] Grassy Terrain
|-heal|p2a: Hippowdon|98/100|[from] item: Leftovers
|-damage|p1a: Primarina|88/100 tox|[from] psn
|upkeep
|turn|12
|
|t:|1666943524
|switch|p2a: Jirachi|Jirachi|100/100
|move|p1a: Primarina|Substitute|p1a: Primarina
|-start|p1a: Primarina|Substitute
|-damage|p1a: Primarina|64/100 tox
|
|-weather|Sandstorm|[upkeep]
|-damage|p1a: Primarina|58/100 tox|[from] Sandstorm
|-heal|p1a: Primarina|64/100 tox|[from] Grassy Terrain
|-heal|p1a: Primarina|70/100 tox|[from] item: Leftovers
|-damage|p1a: Primarina|58/100 tox|[from] psn
|upkeep
|turn|13
|
|t:|1666943527
|move|p2a: Jirachi|Iron Head|p1a: Primarina
|-activate|p1a: Primarina|move: Substitute|[damage]
|move|p1a: Primarina|Scald|p2a: Jirachi
|-damage|p2a: Jirachi|72/100
|
|-weather|Sandstorm|[upkeep]
|-damage|p1a: Primarina|51/100 tox|[from] Sandstorm
|-heal|p2a: Jirachi|78/100|[from] Grassy Terrain
|-heal|p2a: Jirachi|84/100|[from] item: Leftovers
|-heal|p1a: Primarina|58/100 tox|[from] Grassy Terrain
|-heal|p1a: Primarina|64/100 tox|[from] item: Leftovers
|-damage|p1a: Primarina|45/100 tox|[from] psn
|-fieldend|move: Grassy Terrain
|upkeep
|turn|14
|
|t:|1666943531
|switch|p1a: Krookodile|Krookodile, F|85/100
|-ability|p1a: Krookodile|Intimidate|boost
|-unboost|p2a: Jirachi|atk|1
|move|p2a: Jirachi|Wish|p2a: Jirachi
|
|-weather|none
|-heal|p2a: Jirachi|91/100|[from] item: Leftovers
|-heal|p1a: Krookodile|91/100|[from] item: Leftovers
|upkeep
|turn|15
|
|t:|1666943534
|move|p2a: Jirachi|Protect|p2a: Jirachi
|-singleturn|p2a: Jirachi|Protect
|move|p1a: Krookodile|Stealth Rock|p2a: Jirachi
|-sidestart|p2: Exi_Dudi|move: Stealth Rock
|
|-heal|p2a: Jirachi|100/100|[from] move: Wish|[wisher] Jirachi
|-heal|p1a: Krookodile|97/100|[from] item: Leftovers
|upkeep
|turn|16
|
|t:|1666943538
|move|p2a: Jirachi|Wish|p2a: Jirachi
|move|p1a: Krookodile|Earthquake|p2a: Jirachi
|-supereffective|p2a: Jirachi
|-damage|p2a: Jirachi|37/100
|
|-heal|p2a: Jirachi|43/100|[from] item: Leftovers
|-heal|p1a: Krookodile|100/100|[from] item: Leftovers
|upkeep
|turn|17
|
|t:|1666943557
|switch|p1a: Thundurus|Thundurus-Therian, M|94/100
|move|p2a: Jirachi|U-turn|p1a: Thundurus
|-resisted|p1a: Thundurus
|-damage|p1a: Thundurus|86/100
|inactive|Exi_Dudi has 120 seconds left.
|inactive|Exi_Dudi has 90 seconds left.
|
|t:|1666943625
|switch|p2a: Conkeldurr|Conkeldurr, F|69/100 brn|[from]move: U-turn
|-damage|p2a: Conkeldurr|63/100 brn|[from] Stealth Rock
|
|-heal|p2a: Conkeldurr|100/100 brn|[from] move: Wish|[wisher] Jirachi
|-damage|p2a: Conkeldurr|95/100 brn|[from] brn
|upkeep
|turn|18
|inactive|Keemie540 has 120 seconds left.
|
|t:|1666943668
|switch|p1a: Krookodile|Krookodile, F|100/100
|-ability|p1a: Krookodile|Intimidate|boost
|-unboost|p2a: Conkeldurr|atk|1
|switch|p2a: Hippowdon|Hippowdon, F|98/100
|-damage|p2a: Hippowdon|91/100|[from] Stealth Rock
|-weather|Sandstorm|[from] ability: Sand Stream|[of] p2a: Hippowdon
|
|-weather|Sandstorm|[upkeep]
|-heal|p2a: Hippowdon|98/100|[from] item: Leftovers
|upkeep
|turn|19
|inactive|Exi_Dudi has 90 seconds left.
|
|t:|1666943696
|move|p1a: Krookodile|Taunt|p2a: Hippowdon
|-start|p2a: Hippowdon|move: Taunt
|cant|p2a: Hippowdon|move: Taunt|Stealth Rock
|
|-weather|Sandstorm|[upkeep]
|-heal|p2a: Hippowdon|100/100|[from] item: Leftovers
|upkeep
|turn|20
|
|t:|1666943702
|switch|p2a: Conkeldurr|Conkeldurr, F|95/100 brn
|-damage|p2a: Conkeldurr|89/100 brn|[from] Stealth Rock
|move|p1a: Krookodile|Knock Off|p2a: Conkeldurr
|-resisted|p2a: Conkeldurr
|-damage|p2a: Conkeldurr|76/100 brn
|
|-weather|Sandstorm|[upkeep]
|-damage|p2a: Conkeldurr|70/100 brn|[from] Sandstorm
|-damage|p2a: Conkeldurr|64/100 brn|[from] brn
|upkeep
|turn|21
|
|t:|1666943706
|move|p1a: Krookodile|Earthquake|p2a: Conkeldurr
|-damage|p2a: Conkeldurr|24/100 brn
|move|p2a: Conkeldurr|Facade|p1a: Krookodile
|-damage|p1a: Krookodile|21/100
|
|-weather|Sandstorm|[upkeep]
|-damage|p2a: Conkeldurr|18/100 brn|[from] Sandstorm
|-heal|p1a: Krookodile|27/100|[from] item: Leftovers
|-damage|p2a: Conkeldurr|12/100 brn|[from] brn
|upkeep
|turn|22
|inactive|Exi_Dudi has 90 seconds left.
|inactive|Exi_Dudi has 60 seconds left.
|
|t:|1666943767
|switch|p1a: Primarina|Primarina, M|45/100 tox
|move|p2a: Conkeldurr|Mach Punch|p1a: Primarina
|-resisted|p1a: Primarina
|-damage|p1a: Primarina|31/100 tox
|
|-weather|none
|-heal|p1a: Primarina|37/100 tox|[from] item: Leftovers
|-damage|p1a: Primarina|31/100 tox|[from] psn
|-damage|p2a: Conkeldurr|6/100 brn|[from] brn
|upkeep
|turn|23
|inactive|Keemie540 has 120 seconds left.
|
|t:|1666943777
|move|p2a: Conkeldurr|Mach Punch|p1a: Primarina
|-resisted|p1a: Primarina
|-damage|p1a: Primarina|15/100 tox
|move|p1a: Primarina|Scald|p2a: Conkeldurr
|-damage|p2a: Conkeldurr|0 fnt
|faint|p2a: Conkeldurr
|
|-heal|p1a: Primarina|21/100 tox|[from] item: Leftovers
|-damage|p1a: Primarina|9/100 tox|[from] psn
|upkeep
|
|t:|1666943779
|switch|p2a: Dusclops|Dusclops, M|100/100
|-damage|p2a: Dusclops|88/100|[from] Stealth Rock
|-ability|p2a: Dusclops|Pressure
|turn|24
|
|t:|1666943787
|move|p1a: Primarina|Scald|p2a: Dusclops
|-damage|p2a: Dusclops|56/100
|move|p2a: Dusclops|Calm Mind|p2a: Dusclops
|-boost|p2a: Dusclops|spa|1
|-boost|p2a: Dusclops|spd|1
|
|-heal|p1a: Primarina|15/100 tox|[from] item: Leftovers
|-damage|p1a: Primarina|0 fnt|[from] psn
|faint|p1a: Primarina
|upkeep
|
|t:|1666943792
|switch|p1a: Krookodile|Krookodile, F|27/100
|-ability|p1a: Krookodile|Intimidate|boost
|-unboost|p2a: Dusclops|atk|1
|turn|25
|
|t:|1666943794
|move|p1a: Krookodile|Knock Off|p2a: Dusclops
|-supereffective|p2a: Dusclops
|-damage|p2a: Dusclops|18/100
|-enditem|p2a: Dusclops|Eviolite|[from] move: Knock Off|[of] p1a: Krookodile
|move|p2a: Dusclops|Will-O-Wisp|p1a: Krookodile
|-status|p1a: Krookodile|brn
|
|-heal|p1a: Krookodile|33/100 brn|[from] item: Leftovers
|-damage|p1a: Krookodile|27/100 brn|[from] brn
|upkeep
|turn|26
|inactive|Exi_Dudi has 90 seconds left.
|
|t:|1666943810
|switch|p2a: Umbreon|Umbreon, F|100/100
|-damage|p2a: Umbreon|88/100|[from] Stealth Rock
|move|p1a: Krookodile|Knock Off|p2a: Umbreon
|-resisted|p2a: Umbreon
|-damage|p2a: Umbreon|83/100
|-enditem|p2a: Umbreon|Leftovers|[from] move: Knock Off|[of] p1a: Krookodile
|
|-heal|p1a: Krookodile|33/100 brn|[from] item: Leftovers
|-damage|p1a: Krookodile|27/100 brn|[from] brn
|upkeep
|turn|27
|
|t:|1666943819
|move|p1a: Krookodile|Taunt|p2a: Umbreon
|-start|p2a: Umbreon|move: Taunt
|cant|p2a: Umbreon|move: Taunt|Wish
|
|-heal|p1a: Krookodile|33/100 brn|[from] item: Leftovers
|-damage|p1a: Krookodile|27/100 brn|[from] brn
|upkeep
|turn|28
|
|t:|1666943826
|switch|p1a: Chansey|Chansey, F|99/100
|move|p2a: Umbreon|Foul Play|p1a: Chansey
|-damage|p1a: Chansey|98/100
|
|upkeep
|turn|29
|
|t:|1666943840
|switch|p2a: Hippowdon|Hippowdon, F|100/100
|-damage|p2a: Hippowdon|94/100|[from] Stealth Rock
|-weather|Sandstorm|[from] ability: Sand Stream|[of] p2a: Hippowdon
|move|p1a: Chansey|Wish|p1a: Chansey
|
|-weather|Sandstorm|[upkeep]
|-damage|p1a: Chansey|91/100|[from] Sandstorm
|-heal|p2a: Hippowdon|100/100|[from] item: Leftovers
|upkeep
|turn|30
|
|t:|1666943848
|switch|p1a: Krookodile|Krookodile, F|27/100 brn
|-ability|p1a: Krookodile|Intimidate|boost
|-unboost|p2a: Hippowdon|atk|1
|move|p2a: Hippowdon|Stealth Rock|p1a: Krookodile
|-sidestart|p1: Keemie540|move: Stealth Rock
|
|-weather|Sandstorm|[upkeep]
|-heal|p1a: Krookodile|100/100 brn|[from] move: Wish|[wisher] Chansey
|-damage|p1a: Krookodile|95/100 brn|[from] brn
|upkeep
|turn|31
|inactive|Exi_Dudi has 120 seconds left.
|
|t:|1666943865
|switch|p1a: Thundurus|Thundurus-Therian, M|86/100
|move|p2a: Hippowdon|Earthquake|p1a: Thundurus
|-immune|p1a: Thundurus
|
|-weather|Sandstorm|[upkeep]
|-damage|p1a: Thundurus|80/100|[from] Sandstorm
|upkeep
|turn|32
|
|t:|1666943870
|move|p1a: Thundurus|Nasty Plot|p1a: Thundurus
|-boost|p1a: Thundurus|spa|2
|move|p2a: Hippowdon|Toxic|p1a: Thundurus|[miss]
|-miss|p2a: Hippowdon|p1a: Thundurus
|
|-weather|Sandstorm|[upkeep]
|-damage|p1a: Thundurus|74/100|[from] Sandstorm
|upkeep
|turn|33
|
|t:|1666943877
|switch|p1a: Krookodile|Krookodile, F|95/100 brn
|-damage|p1a: Krookodile|89/100 brn|[from] Stealth Rock
|-ability|p1a: Krookodile|Intimidate|boost
|-unboost|p2a: Hippowdon|atk|1
|move|p2a: Hippowdon|Toxic||[still]
|-fail|p2a: Hippowdon
|
|-weather|none
|-heal|p1a: Krookodile|95/100 brn|[from] item: Leftovers
|-damage|p1a: Krookodile|89/100 brn|[from] brn
|upkeep
|turn|34
|
|t:|1666943883
|switch|p2a: Rotom|Rotom-Wash|73/100
|-damage|p2a: Rotom|61/100|[from] Stealth Rock
|move|p1a: Krookodile|Earthquake|p2a: Rotom
|-immune|p2a: Rotom|[from] ability: Levitate
|
|-heal|p1a: Krookodile|95/100 brn|[from] item: Leftovers
|-heal|p2a: Rotom|67/100|[from] item: Leftovers
|-damage|p1a: Krookodile|89/100 brn|[from] brn
|upkeep
|turn|35
|
|t:|1666943886
|move|p1a: Krookodile|Knock Off|p2a: Rotom
|-damage|p2a: Rotom|50/100
|-enditem|p2a: Rotom|Leftovers|[from] move: Knock Off|[of] p1a: Krookodile
|move|p2a: Rotom|Hydro Pump|p1a: Krookodile
|-supereffective|p1a: Krookodile
|-damage|p1a: Krookodile|0 fnt
|faint|p1a: Krookodile
|
|upkeep
|
|t:|1666943892
|switch|p1a: Chansey|Chansey, F|91/100
|-damage|p1a: Chansey|79/100|[from] Stealth Rock
|turn|36
|
|t:|1666943901
|move|p2a: Rotom|Pain Split|p1a: Chansey
|-sethp|p1a: Chansey|50/100|[from] move: Pain Split|[silent]
|-sethp|p2a: Rotom|100/100|[from] move: Pain Split
|move|p1a: Chansey|Wish|p1a: Chansey
|
|upkeep
|turn|37
|
|t:|1666943905
|switch|p1a: Thundurus|Thundurus-Therian, M|74/100
|move|p2a: Rotom|Hydro Pump|p1a: Thundurus
|-damage|p1a: Thundurus|21/100
|
|-heal|p1a: Thundurus|100/100|[from] move: Wish|[wisher] Chansey
|upkeep
|turn|38
|
|t:|1666943911
|move|p1a: Thundurus|Nasty Plot|p1a: Thundurus
|-boost|p1a: Thundurus|spa|2
|move|p2a: Rotom|Hydro Pump|p1a: Thundurus
|-damage|p1a: Thundurus|48/100
|
|upkeep
|turn|39
|
|t:|1666943913
|move|p1a: Thundurus|Thunderbolt|p2a: Rotom
|-damage|p2a: Rotom|0 fnt
|faint|p2a: Rotom
|
|upkeep
|
|t:|1666943919
|switch|p2a: Hippowdon|Hippowdon, F|100/100
|-damage|p2a: Hippowdon|94/100|[from] Stealth Rock
|-weather|Sandstorm|[from] ability: Sand Stream|[of] p2a: Hippowdon
|turn|40
|
|t:|1666943921
|move|p1a: Thundurus|Psychic|p2a: Hippowdon
|-damage|p2a: Hippowdon|34/100
|move|p2a: Hippowdon|Toxic|p1a: Thundurus
|-status|p1a: Thundurus|tox
|
|-weather|Sandstorm|[upkeep]
|-damage|p1a: Thundurus|42/100 tox|[from] Sandstorm
|-heal|p2a: Hippowdon|40/100|[from] item: Leftovers
|-damage|p1a: Thundurus|36/100 tox|[from] psn
|upkeep
|turn|41
|
|t:|1666943925
|switch|p2a: Dusclops|Dusclops, M|18/100
|-damage|p2a: Dusclops|5/100|[from] Stealth Rock
|-ability|p2a: Dusclops|Pressure
|move|p1a: Thundurus|Psychic|p2a: Dusclops
|-crit|p2a: Dusclops
|-damage|p2a: Dusclops|0 fnt
|faint|p2a: Dusclops
|
|-weather|Sandstorm|[upkeep]
|-damage|p1a: Thundurus|30/100 tox|[from] Sandstorm
|-damage|p1a: Thundurus|18/100 tox|[from] psn
|upkeep
|
|t:|1666943929
|switch|p2a: Umbreon|Umbreon, F|83/100
|-damage|p2a: Umbreon|70/100|[from] Stealth Rock
|turn|42
|
|t:|1666943933
|switch|p1a: Chansey|Chansey, F|50/100
|-damage|p1a: Chansey|38/100|[from] Stealth Rock
|move|p2a: Umbreon|Protect||[still]
|-fail|p2a: Umbreon
|
|-weather|Sandstorm|[upkeep]
|-damage|p2a: Umbreon|64/100|[from] Sandstorm
|-damage|p1a: Chansey|31/100|[from] Sandstorm
|upkeep
|turn|43
|
|t:|1666943954
|move|p2a: Umbreon|Wish|p2a: Umbreon
|move|p1a: Chansey|Soft-Boiled|p1a: Chansey
|-heal|p1a: Chansey|81/100
|
|-weather|Sandstorm|[upkeep]
|-damage|p2a: Umbreon|58/100|[from] Sandstorm
|-damage|p1a: Chansey|75/100|[from] Sandstorm
|upkeep
|turn|44
|
|t:|1666943962
|switch|p2a: Jirachi|Jirachi|43/100
|-damage|p2a: Jirachi|37/100|[from] Stealth Rock
|move|p1a: Chansey|Wish|p1a: Chansey
|
|-weather|none
|-heal|p2a: Jirachi|85/100|[from] move: Wish|[wisher] Umbreon
|-heal|p2a: Jirachi|92/100|[from] item: Leftovers
|upkeep
|turn|45
|
|t:|1666943966
|move|p2a: Jirachi|Iron Head|p1a: Chansey
|-damage|p1a: Chansey|56/100
|move|p1a: Chansey|Thunder Wave|p2a: Jirachi
|-status|p2a: Jirachi|par
|
|-heal|p1a: Chansey|100/100|[from] move: Wish|[wisher] Chansey
|-heal|p2a: Jirachi|98/100 par|[from] item: Leftovers
|upkeep
|turn|46
|
|t:|1666943971
|move|p2a: Jirachi|Iron Head|p1a: Chansey
|-damage|p1a: Chansey|84/100
|cant|p1a: Chansey|flinch
|
|-heal|p2a: Jirachi|100/100 par|[from] item: Leftovers
|upkeep
|turn|47
|
|t:|1666943974
|cant|p2a: Jirachi|par
|move|p1a: Chansey|Wish|p1a: Chansey
|
|upkeep
|turn|48
|
|t:|1666943981
|move|p2a: Jirachi|Iron Head|p1a: Chansey
|-damage|p1a: Chansey|65/100
|cant|p1a: Chansey|flinch
|
|-heal|p1a: Chansey|100/100|[from] move: Wish|[wisher] Chansey
|upkeep
|turn|49
|
|t:|1666943989
|cant|p2a: Jirachi|par
|move|p1a: Chansey|Seismic Toss|p2a: Jirachi
|-damage|p2a: Jirachi|76/100 par
|
|-heal|p2a: Jirachi|82/100 par|[from] item: Leftovers
|upkeep
|turn|50
|
|t:|1666943996
|move|p2a: Jirachi|Iron Head|p1a: Chansey
|-damage|p1a: Chansey|84/100
|move|p1a: Chansey|Seismic Toss|p2a: Jirachi
|-damage|p2a: Jirachi|57/100 par
|
|-heal|p2a: Jirachi|63/100 par|[from] item: Leftovers
|upkeep
|turn|51
|
|t:|1666944001
|move|p2a: Jirachi|Wish|p2a: Jirachi
|move|p1a: Chansey|Wish|p1a: Chansey
|
|-heal|p2a: Jirachi|70/100 par|[from] item: Leftovers
|upkeep
|turn|52
|
|t:|1666944007
|switch|p1a: Thundurus|Thundurus-Therian, M|18/100 tox
|move|p2a: Jirachi|Iron Head|p1a: Thundurus
|-resisted|p1a: Thundurus
|-damage|p1a: Thundurus|0 fnt
|faint|p1a: Thundurus
|
|-heal|p2a: Jirachi|100/100 par|[from] move: Wish|[wisher] Jirachi
|upkeep
|
|t:|1666944011
|switch|p1a: Chansey|Chansey, F|84/100
|-damage|p1a: Chansey|71/100|[from] Stealth Rock
|turn|53
|c|☆Exi_Dudi|GG
|c|☆Keemie540|gg
|c|☆Keemie540|hoped for para
|-message|Keemie540 forfeited.
|
|win|Exi_Dudi
|raw|Keemie540's rating: 1275 &rarr; <strong>1264</strong><br />(-11 for losing)
|raw|Exi_Dudi's rating: 1486 &rarr; <strong>1495</strong><br />(+9 for winning)
|l|☆Keemie540
