|j|☆megarayquazasuncle
|j|☆naviii 3
|t:|1596440442
|player|p1|megarayquazasuncle|dancer|1462
|player|p2|naviii 3|brendan-gen3rs|1332
|teamsize|p1|6
|teamsize|p2|6
|gametype|singles
|gen|8
|tier|[Gen 8] UU
|rated|
|clearpoke
|poke|p1|Necrozma|
|poke|p1|Mienshao, M|
|poke|p1|Araquanid, F|
|poke|p1|Incineroar, M|
|poke|p1|Whimsicott, F|
|poke|p1|Cobalion|
|poke|p2|Slowking, M|
|poke|p2|Mienshao, F|
|poke|p2|Rotom-Wash|
|poke|p2|Cobalion|
|poke|p2|Dragalge, M|
|poke|p2|Krookodile, M|
|rule|Sleep Clause Mod: Limit one foe put to sleep
|rule|Species Clause: Limit one of each Pokémon
|rule|OHKO Clause: OHKO moves are banned
|rule|Evasion Moves Clause: Evasion moves are banned
|rule|Endless Battle Clause: Forcing endless battles is banned
|rule|HP Percentage Mod: HP is shown in percentages
|rule|Dynamax Clause: You cannot dynamax
|teampreview
|inactive|Battle timer is ON: inactive players will automatically lose when time's up. (requested by naviii 3)
|inactive|naviii 3 has 120 seconds left.
|
|t:|1596440479
|start
|switch|p1a: Whimsicott|Whimsicott, F|100/100
|switch|p2a: Schemin’|Krookodile, M|100/100
|-ability|p2a: Schemin’|Intimidate|boost
|-unboost|p1a: Whimsicott|atk|1
|turn|1
|
|t:|1596440491
|switch|p2a: Decay|Dragalge, M|100/100
|move|p1a: Whimsicott|Moonblast|p2a: Decay
|-damage|p2a: Decay|60/100
|-unboost|p2a: Decay|spa|1
|
|-heal|p2a: Decay|66/100|[from] item: Black Sludge
|upkeep
|turn|2
|
|t:|1596440500
|switch|p1a: Cobalion|Cobalion|100/100
|move|p2a: Decay|Toxic Spikes|p1a: Cobalion
|-sidestart|p1: megarayquazasuncle|move: Toxic Spikes
|
|-heal|p2a: Decay|72/100|[from] item: Black Sludge
|upkeep
|turn|3
|
|t:|1596440529
|move|p1a: Cobalion|Stealth Rock|p2a: Decay
|-sidestart|p2: naviii 3|move: Stealth Rock
|move|p2a: Decay|Flip Turn|p1a: Cobalion
|-damage|p1a: Cobalion|92/100
|inactive|naviii 3 has 120 seconds left.
|
|t:|1596440546
|switch|p2a: HIYAAA|Mienshao, F|100/100|[from]move: Flip Turn
|-damage|p2a: HIYAAA|95/100|[from] Stealth Rock
|
|upkeep
|turn|4
|inactive|naviii 3 has 120 seconds left.
|
|t:|1596440558
|move|p2a: HIYAAA|U-turn|p1a: Cobalion
|-resisted|p1a: Cobalion
|-damage|p1a: Cobalion|87/100
|
|t:|1596440562
|switch|p2a: tpin bot 5 man|Slowking, M|100/100|[from]move: U-turn
|move|p1a: Cobalion|Volt Switch|p2a: tpin bot 5 man
|-supereffective|p2a: tpin bot 5 man
|-damage|p2a: tpin bot 5 man|70/100
|
|t:|1596440567
|switch|p1a: Whimsicott|Whimsicott, F|100/100|[from]move: Volt Switch
|-status|p1a: Whimsicott|psn
|
|-damage|p1a: Whimsicott|88/100 psn|[from] psn
|upkeep
|turn|5
|inactive|naviii 3 has 120 seconds left.
|
|t:|1596440589
|switch|p2a: Decay|Dragalge, M|72/100
|-damage|p2a: Decay|60/100|[from] Stealth Rock
|move|p1a: Whimsicott|Defog|p2a: Decay
|-unboost|p2a: Decay|evasion|1
|-sideend|p2: naviii 3|Stealth Rock|[from] move: Defog|[of] p1a: Whimsicott
|-sideend|p1: megarayquazasuncle|Toxic Spikes|[from] move: Defog|[of] p1a: Whimsicott
|
|-heal|p2a: Decay|66/100|[from] item: Black Sludge
|-damage|p1a: Whimsicott|76/100 psn|[from] psn
|upkeep
|turn|6
|inactive|naviii 3 has 120 seconds left.
|
|t:|1596440599
|move|p1a: Whimsicott|Moonblast|p2a: Decay
|-damage|p2a: Decay|30/100
|move|p2a: Decay|Draco Meteor|p1a: Whimsicott
|-immune|p1a: Whimsicott
|
|-heal|p2a: Decay|36/100|[from] item: Black Sludge
|-damage|p1a: Whimsicott|64/100 psn|[from] psn
|upkeep
|turn|7
|inactive|naviii 3 has 120 seconds left.
|
|t:|1596440617
|switch|p2a: tpin bot 5 man|Slowking, M|100/100
|move|p1a: Whimsicott|Moonblast|p2a: tpin bot 5 man
|-crit|p2a: tpin bot 5 man
|-damage|p2a: tpin bot 5 man|53/100
|
|-damage|p1a: Whimsicott|51/100 psn|[from] psn
|upkeep
|turn|8
|
|t:|1596440624
|switch|p2a: Kobaleon|Cobalion|100/100
|move|p1a: Whimsicott|Stun Spore|p2a: Kobaleon
|-status|p2a: Kobaleon|par
|
|-damage|p1a: Whimsicott|39/100 psn|[from] psn
|upkeep
|turn|9
|inactive|naviii 3 has 120 seconds left.
|
|t:|1596440637
|switch|p1a: Cobalion|Cobalion|87/100
|move|p2a: Kobaleon|Volt Switch|p1a: Cobalion
|-damage|p1a: Cobalion|67/100
|inactive|naviii 3 has 120 seconds left.
|
|t:|1596440644
|switch|p2a: HIYAAA|Mienshao, F|100/100|[from]move: Volt Switch
|
|upkeep
|turn|10
|
|t:|1596440648
|switch|p1a: Whimsicott|Whimsicott, F|39/100 psn
|move|p2a: HIYAAA|Close Combat|p1a: Whimsicott
|-resisted|p1a: Whimsicott
|-damage|p1a: Whimsicott|0 fnt
|-unboost|p2a: HIYAAA|def|1
|-unboost|p2a: HIYAAA|spd|1
|faint|p1a: Whimsicott
|
|upkeep
|
|t:|1596440656
|switch|p1a: Araquanid|Araquanid, F|100/100
|turn|11
|
|t:|1596440676
|switch|p2a: Kobaleon|Cobalion|100/100 par
|move|p1a: Araquanid|Substitute|p1a: Araquanid
|-start|p1a: Araquanid|Substitute
|-damage|p1a: Araquanid|76/100
|
|-heal|p1a: Araquanid|82/100|[from] item: Leftovers
|upkeep
|turn|12
|
|t:|1596440688
|cant|p2a: Kobaleon|par
|move|p1a: Araquanid|Liquidation|p2a: Kobaleon
|-damage|p2a: Kobaleon|44/100 par
|-damage|p1a: Araquanid|65/100|[from] item: Rocky Helmet|[of] p2a: Kobaleon
|
|-heal|p1a: Araquanid|71/100|[from] item: Leftovers
|upkeep
|turn|13
|
|t:|1596440693
|move|p2a: Kobaleon|Volt Switch|p1a: Araquanid
|-supereffective|p1a: Araquanid
|-end|p1a: Araquanid|Substitute
|
|t:|1596440695
|switch|p2a: Whirlpool|Rotom-Wash|100/100|[from]move: Volt Switch
|move|p1a: Araquanid|Liquidation|p2a: Whirlpool
|-resisted|p2a: Whirlpool
|-damage|p2a: Whirlpool|63/100
|
|-heal|p2a: Whirlpool|69/100|[from] item: Leftovers
|-heal|p1a: Araquanid|77/100|[from] item: Leftovers
|upkeep
|turn|14
|
|t:|1596440701
|switch|p1a: Cobalion|Cobalion|67/100
|move|p2a: Whirlpool|Volt Switch|p1a: Cobalion
|-damage|p1a: Cobalion|35/100
|
|t:|1596440708
|switch|p2a: HIYAAA|Mienshao, F|100/100|[from]move: Volt Switch
|
|upkeep
|turn|15
|
|t:|1596440712
|move|p2a: HIYAAA|Close Combat|p1a: Cobalion
|-supereffective|p1a: Cobalion
|-damage|p1a: Cobalion|0 fnt
|-unboost|p2a: HIYAAA|def|1
|-unboost|p2a: HIYAAA|spd|1
|faint|p1a: Cobalion
|
|upkeep
|
|t:|1596440728
|switch|p1a: Araquanid|Araquanid, F|77/100
|turn|16
|
|t:|1596440735
|switch|p2a: Kobaleon|Cobalion|44/100 par
|move|p1a: Araquanid|Substitute|p1a: Araquanid
|-start|p1a: Araquanid|Substitute
|-damage|p1a: Araquanid|53/100
|
|-heal|p1a: Araquanid|59/100|[from] item: Leftovers
|upkeep
|turn|17
|
|t:|1596440740
|move|p2a: Kobaleon|Volt Switch|p1a: Araquanid
|-supereffective|p1a: Araquanid
|-end|p1a: Araquanid|Substitute
|
|t:|1596440742
|switch|p2a: Whirlpool|Rotom-Wash|69/100|[from]move: Volt Switch
|move|p1a: Araquanid|Liquidation|p2a: Whirlpool
|-resisted|p2a: Whirlpool
|-damage|p2a: Whirlpool|36/100
|
|-heal|p2a: Whirlpool|42/100|[from] item: Leftovers
|-heal|p1a: Araquanid|65/100|[from] item: Leftovers
|upkeep
|turn|18
|
|t:|1596440747
|move|p2a: Whirlpool|Volt Switch|p1a: Araquanid
|-supereffective|p1a: Araquanid
|-crit|p1a: Araquanid
|-damage|p1a: Araquanid|0 fnt
|faint|p1a: Araquanid
|
|t:|1596440777
|switch|p2a: HIYAAA|Mienshao, F|100/100|[from]move: Volt Switch
|
|upkeep
|
|t:|1596440783
|switch|p1a: Mienshao|Mienshao, M|100/100
|turn|19
|
|t:|1596440786
|switch|p2a: tpin bot 5 man|Slowking, M|86/100
|move|p1a: Mienshao|High Jump Kick|p2a: tpin bot 5 man
|-resisted|p2a: tpin bot 5 man
|-damage|p2a: tpin bot 5 man|54/100
|
|upkeep
|turn|20
|
|t:|1596440792
|move|p1a: Mienshao|Knock Off|p2a: tpin bot 5 man
|-supereffective|p2a: tpin bot 5 man
|-damage|p2a: tpin bot 5 man|5/100
|-enditem|p2a: tpin bot 5 man|Heavy-Duty Boots|[from] move: Knock Off|[of] p1a: Mienshao
|move|p2a: tpin bot 5 man|Teleport|p2a: tpin bot 5 man
|
|t:|1596440805
|switch|p2a: Schemin’|Krookodile, M|100/100|[from]move: Teleport
|-ability|p2a: Schemin’|Intimidate|boost
|-unboost|p1a: Mienshao|atk|1
|
|upkeep
|turn|21
|
|t:|1596440809
|switch|p2a: Decay|Dragalge, M|36/100
|move|p1a: Mienshao|Drain Punch|p2a: Decay
|-resisted|p2a: Decay
|-damage|p2a: Decay|17/100
|
|-heal|p2a: Decay|23/100|[from] item: Black Sludge
|upkeep
|turn|22
|
|t:|1596440824
|move|p1a: Mienshao|Knock Off|p2a: Decay
|-damage|p2a: Decay|0 fnt
|-enditem|p2a: Decay|Black Sludge|[from] move: Knock Off|[of] p1a: Mienshao
|faint|p2a: Decay
|
|upkeep
|
|t:|1596440830
|switch|p2a: Whirlpool|Rotom-Wash|42/100
|turn|23
|
|t:|1596440832
|move|p1a: Mienshao|High Jump Kick|p2a: Whirlpool
|-damage|p2a: Whirlpool|0 fnt
|faint|p2a: Whirlpool
|
|upkeep
|
|t:|1596440835
|switch|p2a: tpin bot 5 man|Slowking, M|39/100
|turn|24
|
|t:|1596440848
|switch|p1a: Incineroar|Incineroar, M|100/100
|-ability|p1a: Incineroar|Intimidate|boost
|-unboost|p2a: tpin bot 5 man|atk|1
|move|p2a: tpin bot 5 man|Psyshock|p1a: Incineroar
|-immune|p1a: Incineroar
|
|upkeep
|turn|25
|
|t:|1596440856
|switch|p2a: Kobaleon|Cobalion|44/100 par
|move|p1a: Incineroar|Parting Shot|p2a: Kobaleon
|-unboost|p2a: Kobaleon|atk|1
|-unboost|p2a: Kobaleon|spa|1
|
|t:|1596440857
|switch|p1a: Mienshao|Mienshao, M|100/100|[from]move: Parting Shot
|
|upkeep
|turn|26
|
|t:|1596440868
|switch|p2a: tpin bot 5 man|Slowking, M|72/100
|move|p1a: Mienshao|Swords Dance|p1a: Mienshao
|-boost|p1a: Mienshao|atk|2
|
|upkeep
|turn|27
|inactive|naviii 3 has 120 seconds left.
|l|☆naviii 3
|inactive|naviii 3 disconnected and has a minute to reconnect!
|player|p2|
|inactive|megarayquazasuncle has 120 seconds left.
|inactive|naviii 3 has 30 seconds to reconnect!
|inactive|naviii 3 has 20 seconds to reconnect!
|inactive|naviii 3 has 15 seconds to reconnect!
|inactive|naviii 3 has 10 seconds to reconnect!
|j|☆naviii 3
|inactive|naviii 3 reconnected and has 60 seconds left.
|player|p2|naviii 3|brendan-gen3rs
|
|t:|1596440974
|switch|p1a: Incineroar|Incineroar, M|100/100
|-ability|p1a: Incineroar|Intimidate|boost
|-unboost|p2a: tpin bot 5 man|atk|1
|switch|p2a: Kobaleon|Cobalion|44/100 par
|
|upkeep
|turn|28
|
|t:|1596440987
|switch|p2a: Schemin’|Krookodile, M|100/100
|-ability|p2a: Schemin’|Intimidate|boost
|-unboost|p1a: Incineroar|atk|1
|move|p1a: Incineroar|Flare Blitz|p2a: Schemin’
|-damage|p2a: Schemin’|64/100
|-damage|p1a: Incineroar|90/100|[from] Recoil
|
|upkeep
|turn|29
|
|t:|1596440994
|move|p2a: Schemin’|Earthquake|p1a: Incineroar
|-supereffective|p1a: Incineroar
|-damage|p1a: Incineroar|0 fnt
|faint|p1a: Incineroar
|
|upkeep
|
|t:|1596440996
|switch|p1a: Mienshao|Mienshao, M|100/100
|turn|30
|inactive|naviii 3 has 60 seconds left.
|
|t:|1596441001
|switch|p2a: Kobaleon|Cobalion|44/100 par
|move|p1a: Mienshao|High Jump Kick|p2a: Kobaleon
|-supereffective|p2a: Kobaleon
|-damage|p2a: Kobaleon|0 fnt
|-damage|p1a: Mienshao|84/100|[from] item: Rocky Helmet|[of] p2a: Kobaleon
|faint|p2a: Kobaleon
|
|upkeep
|inactive|naviii 3 has 60 seconds left.
|
|t:|1596441009
|switch|p2a: tpin bot 5 man|Slowking, M|100/100
|turn|31
|
|t:|1596441016
|switch|p1a: Necrozma|Necrozma|100/100
|move|p2a: tpin bot 5 man|Teleport|p2a: tpin bot 5 man
|
|t:|1596441019
|switch|p2a: Schemin’|Krookodile, M|64/100|[from]move: Teleport
|-ability|p2a: Schemin’|Intimidate|boost
|-unboost|p1a: Necrozma|atk|1
|
|upkeep
|turn|32
|
|t:|1596441022
|switch|p1a: Mienshao|Mienshao, M|84/100
|move|p2a: Schemin’|Earthquake|p1a: Mienshao
|-crit|p1a: Mienshao
|-damage|p1a: Mienshao|0 fnt
|faint|p1a: Mienshao
|
|upkeep
|
|t:|1596441024
|switch|p1a: Necrozma|Necrozma|100/100
|turn|33
|c|☆megarayquazasuncle|give me a break pkmn
|
|t:|1596441030
|move|p2a: Schemin’|Earthquake|p1a: Necrozma
|-damage|p1a: Necrozma|23/100
|move|p1a: Necrozma|Autotomize|p1a: Necrozma
|-boost|p1a: Necrozma|spe|2
|-start|p1a: Necrozma|Autotomize
|
|upkeep
|turn|34
|
|t:|1596441034
|move|p1a: Necrozma|Heat Wave|p2a: Schemin’
|-damage|p2a: Schemin’|22/100
|move|p2a: Schemin’|Earthquake|p1a: Necrozma
|-damage|p1a: Necrozma|0 fnt
|faint|p1a: Necrozma
|
|win|naviii 3
|l|☆megarayquazasuncle
|raw|megarayquazasuncle's rating: 1437 &rarr; <strong>1411</strong><br />(-26 for losing)
|raw|naviii 3's rating: 1332 &rarr; <strong>1358</strong><br />(+26 for winning)
|l|☆naviii 3
|j|☆naviii 3
|player|p2|naviii 3|brendan-gen3rs
