|j|☆art Imitates moi
|j|☆2 headed boy
|t:|1604725049
|player|p1|art Imitates moi|33|
|player|p2|2 headed boy|erika-gen2|
|teamsize|p1|6
|teamsize|p2|6
|gametype|singles
|gen|8
|tier|[Gen 8] UU
|rated|Tournament battle
|clearpoke
|poke|p1|Ninetales-Alola, M|
|poke|p1|Salamence, M|
|poke|p1|Gyarados, M|
|poke|p1|Volcarona, M|
|poke|p1|Scizor, F|
|poke|p1|Gengar, F|
|poke|p2|Hippowdon, M|
|poke|p2|Celesteela|
|poke|p2|Slowbro-Galar, M|
|poke|p2|Dracozolt|
|poke|p2|Hydreigon, M|
|poke|p2|Togekiss, M|
|rule|Sleep Clause Mod: Limit one foe put to sleep
|rule|Species Clause: Limit one of each Pokémon
|rule|OHKO Clause: OHKO moves are banned
|rule|Evasion Moves Clause: Evasion moves are banned
|rule|Endless Battle Clause: Forcing endless battles is banned
|rule|HP Percentage Mod: HP is shown in percentages
|rule|Dynamax Clause: You cannot dynamax
|teampreview
|j| Mystras Leoxses
|
|t:|1604725057
|start
|switch|p1a: Scizor|Scizor, F|100/100
|switch|p2a: Celesteela|Celesteela|100/100
|turn|1
|
|t:|1604725077
|move|p1a: Scizor|U-turn|p2a: Celesteela
|-resisted|p2a: Celesteela
|-damage|p2a: Celesteela|93/100
|j| M͜ygr͡ein ㋡
|
|t:|1604725080
|switch|p1a: Volcarona|Volcarona, M|100/100|[from]move: U-turn
|move|p2a: Celesteela|Flamethrower|p1a: Volcarona
|-damage|p1a: Volcarona|79/100
|
|-heal|p2a: Celesteela|99/100|[from] item: Leftovers
|upkeep
|turn|2
|
|t:|1604725084
|switch|p2a: Togekiss|Togekiss, M|100/100
|move|p1a: Volcarona|Fiery Dance|p2a: Togekiss
|-damage|p2a: Togekiss|74/100
|
|upkeep
|turn|3
|
|t:|1604725087
|move|p1a: Volcarona|Quiver Dance|p1a: Volcarona
|-boost|p1a: Volcarona|spa|1
|-boost|p1a: Volcarona|spd|1
|-boost|p1a: Volcarona|spe|1
|move|p2a: Togekiss|Thunder Wave|p1a: Volcarona
|-status|p1a: Volcarona|par
|
|upkeep
|turn|4
|
|t:|1604725091
|cant|p1a: Volcarona|par
|move|p2a: Togekiss|Air Slash|p1a: Volcarona
|-supereffective|p1a: Volcarona
|-crit|p1a: Volcarona
|-damage|p1a: Volcarona|0 fnt
|faint|p1a: Volcarona
|
|upkeep
|
|t:|1604725094
|switch|p1a: Gengar|Gengar, F|100/100
|turn|5
|
|t:|1604725099
|switch|p2a: Hydreigon|Hydreigon, M|100/100
|move|p1a: Gengar|Nasty Plot|p1a: Gengar
|-boost|p1a: Gengar|spa|2
|
|upkeep
|turn|6
|c| Mystras Leoxses|0-0
|
|t:|1604725103
|switch|p2a: Hippowdon|Hippowdon, M|100/100
|-weather|Sandstorm|[from] ability: Sand Stream|[of] p2a: Hippowdon
|move|p1a: Gengar|Sludge Wave|p2a: Hippowdon
|-resisted|p2a: Hippowdon
|-damage|p2a: Hippowdon|57/100
|-status|p2a: Hippowdon|psn
|
|-weather|Sandstorm|[upkeep]
|-damage|p1a: Gengar|94/100|[from] Sandstorm
|-heal|p1a: Gengar|100/100|[from] item: Black Sludge
|-damage|p2a: Hippowdon|45/100 psn|[from] psn
|upkeep
|turn|7
|
|t:|1604725109
|move|p1a: Gengar|Shadow Ball|p2a: Hippowdon
|-damage|p2a: Hippowdon|0 fnt
|faint|p2a: Hippowdon
|
|-weather|Sandstorm|[upkeep]
|-damage|p1a: Gengar|94/100|[from] Sandstorm
|-heal|p1a: Gengar|100/100|[from] item: Black Sludge
|upkeep
|
|t:|1604725112
|switch|p2a: Dracozolt|Dracozolt|100/100
|turn|8
|j| senegal
|
|t:|1604725115
|switch|p1a: Ninetales|Ninetales-Alola, M|100/100
|-weather|Hail|[from] ability: Snow Warning|[of] p1a: Ninetales
|move|p2a: Dracozolt|Bolt Beak|p1a: Ninetales
|-damage|p1a: Ninetales|0 fnt
|-damage|p2a: Dracozolt|91/100|[from] item: Life Orb
|faint|p1a: Ninetales
|
|-weather|Hail|[upkeep]
|-damage|p2a: Dracozolt|84/100|[from] Hail
|upkeep
|
|t:|1604725121
|switch|p1a: Salamence|Salamence, M|100/100
|turn|9
|
|t:|1604725125
|move|p1a: Salamence|Dragon Dance|p1a: Salamence
|-boost|p1a: Salamence|atk|1
|-boost|p1a: Salamence|spe|1
|move|p2a: Dracozolt|Draco Meteor|p1a: Salamence
|-supereffective|p1a: Salamence
|-damage|p1a: Salamence|0 fnt
|-unboost|p2a: Dracozolt|spa|2
|-damage|p2a: Dracozolt|74/100|[from] item: Life Orb
|faint|p1a: Salamence
|
|-weather|Hail|[upkeep]
|-damage|p2a: Dracozolt|68/100|[from] Hail
|upkeep
|j| ClownSlayer49
|
|t:|1604725131
|switch|p1a: Scizor|Scizor, F|100/100
|turn|10
|j| ohnoice
|l| ohnoice
|
|t:|1604725141
|move|p2a: Dracozolt|Bolt Beak|p1a: Scizor
|-damage|p1a: Scizor|4/100
|-damage|p2a: Dracozolt|58/100|[from] item: Life Orb
|move|p1a: Scizor|Swords Dance|p1a: Scizor
|-boost|p1a: Scizor|atk|2
|
|-weather|Hail|[upkeep]
|-damage|p2a: Dracozolt|52/100|[from] Hail
|-damage|p1a: Scizor|0 fnt|[from] Hail
|faint|p1a: Scizor
|upkeep
|
|t:|1604725144
|switch|p1a: Gyarados|Gyarados, M|100/100
|turn|11
|
|t:|1604725151
|move|p1a: Gyarados|Dragon Dance|p1a: Gyarados
|-boost|p1a: Gyarados|atk|1
|-boost|p1a: Gyarados|spe|1
|move|p2a: Dracozolt|Bolt Beak|p1a: Gyarados
|-supereffective|p1a: Gyarados
|-damage|p1a: Gyarados|0 fnt
|-damage|p2a: Dracozolt|42/100|[from] item: Life Orb
|faint|p1a: Gyarados
|
|-weather|Hail|[upkeep]
|-damage|p2a: Dracozolt|36/100|[from] Hail
|upkeep
|
|t:|1604725152
|switch|p1a: Gengar|Gengar, F|100/100
|turn|12
|
|t:|1604725156
|move|p1a: Gengar|Sludge Wave|p2a: Dracozolt
|-damage|p2a: Dracozolt|0 fnt
|faint|p2a: Dracozolt
|
|-weather|none
|upkeep
|c| Mystras Leoxses|stop already lmfao
|
|t:|1604725162
|switch|p2a: Hydreigon|Hydreigon, M|100/100
|turn|13
|
|t:|1604725164
|move|p1a: Gengar|Nasty Plot|p1a: Gengar
|-boost|p1a: Gengar|spa|2
|move|p2a: Hydreigon|Draco Meteor|p1a: Gengar
|-damage|p1a: Gengar|7/100
|-unboost|p2a: Hydreigon|spa|2
|
|-heal|p1a: Gengar|14/100|[from] item: Black Sludge
|upkeep
|turn|14
|
|t:|1604725167
|move|p1a: Gengar|Sludge Wave|p2a: Hydreigon
|-damage|p2a: Hydreigon|11/100
|move|p2a: Hydreigon|Flash Cannon|p1a: Gengar
|-damage|p1a: Gengar|0 fnt
|faint|p1a: Gengar
|
|win|2 headed boy
|c|☆2 headed boy|gg
|l|☆art Imitates moi
