|j|☆anamchara
|j|☆DDD951
|t:|1665373625
|gametype|singles
|player|p1|anamchara|265|1363
|player|p2|DDD951|2|1511
|teamsize|p1|6
|teamsize|p2|6
|gen|8
|tier|[Gen 8] UU
|rated|
|rule|Sleep Clause Mod: Limit one foe put to sleep
|rule|Species Clause: Limit one of each Pokémon
|rule|OHKO Clause: OHKO moves are banned
|rule|Evasion Items Clause: Evasion items are banned
|rule|Evasion Moves Clause: Evasion moves are banned
|rule|Endless Battle Clause: Forcing endless battles is banned
|rule|HP Percentage Mod: HP is shown in percentages
|rule|Dynamax Clause: You cannot dynamax
|clearpoke
|poke|p1|Celesteela|
|poke|p1|Zarude|
|poke|p1|Salamence, M|
|poke|p1|Keldeo-Resolute|
|poke|p1|Azumarill, F|
|poke|p1|Darmanitan, F|
|poke|p2|Scizor, F|
|poke|p2|Gyarados, F|
|poke|p2|Regieleki|
|poke|p2|Hydreigon, M|
|poke|p2|Tangrowth, F|
|poke|p2|Mamoswine, F|
|teampreview
|
|t:|1665373631
|start
|switch|p1a: Darmanitan|Darmanitan, F|100/100
|switch|p2a: Regieleki|Regieleki|100/100
|turn|1
|
|t:|1665373652
|move|p2a: Regieleki|Volt Switch|p1a: Darmanitan
|-damage|p1a: Darmanitan|26/100
|
|t:|1665373660
|switch|p2a: Tangrowth|Tangrowth, F|100/100|[from]move: Volt Switch
|move|p1a: Darmanitan|U-turn|p2a: Tangrowth
|-supereffective|p2a: Tangrowth
|-damage|p2a: Tangrowth|67/100
|
|t:|1665373675
|switch|p1a: Salamence|Salamence, M|100/100|[from]move: U-turn
|-ability|p1a: Salamence|Intimidate|boost
|-unboost|p2a: Tangrowth|atk|1
|
|upkeep
|turn|2
|
|t:|1665373681
|move|p1a: Salamence|Dual Wingbeat|p2a: Tangrowth
|-supereffective|p2a: Tangrowth
|-damage|p2a: Tangrowth|31/100
|-supereffective|p2a: Tangrowth
|-damage|p2a: Tangrowth|0 fnt
|faint|p2a: Tangrowth
|-hitcount|p2: Tangrowth|2
|
|upkeep
|
|t:|1665373687
|switch|p2a: Mamoswine|Mamoswine, F|100/100
|turn|3
|
|t:|1665373690
|switch|p1a: Keldeo|Keldeo-Resolute|100/100
|move|p2a: Mamoswine|Stealth Rock|p1a: Keldeo
|-sidestart|p1: anamchara|move: Stealth Rock
|
|upkeep
|turn|4
|
|t:|1665373695
|move|p1a: Keldeo|Secret Sword|p2a: Mamoswine
|-supereffective|p2a: Mamoswine
|-damage|p2a: Mamoswine|0 fnt
|faint|p2a: Mamoswine
|
|upkeep
|
|t:|1665373700
|switch|p2a: Regieleki|Regieleki|100/100
|turn|5
|
|t:|1665373722
|switch|p1a: Darmanitan|Darmanitan, F|26/100
|-damage|p1a: Darmanitan|1/100|[from] Stealth Rock
|move|p2a: Regieleki|Volt Switch|p1a: Darmanitan
|-damage|p1a: Darmanitan|0 fnt
|faint|p1a: Darmanitan
|
|t:|1665373730
|switch|p2a: Scizor|Scizor, F|100/100|[from]move: Volt Switch
|
|upkeep
|
|t:|1665373742
|switch|p1a: Celesteela|Celesteela|100/100
|-damage|p1a: Celesteela|88/100|[from] Stealth Rock
|turn|6
|
|t:|1665373748
|move|p2a: Scizor|U-turn|p1a: Celesteela
|-resisted|p1a: Celesteela
|-damage|p1a: Celesteela|83/100
|
|t:|1665373751
|switch|p2a: Regieleki|Regieleki|100/100|[from]move: U-turn
|move|p1a: Celesteela|Flamethrower|p2a: Regieleki
|-damage|p2a: Regieleki|61/100
|-status|p2a: Regieleki|brn
|
|-heal|p1a: Celesteela|89/100|[from] item: Leftovers
|-damage|p2a: Regieleki|55/100 brn|[from] brn
|upkeep
|turn|7
|
|t:|1665373795
|move|p1a: Celesteela|Protect|p1a: Celesteela
|-singleturn|p1a: Celesteela|Protect
|move|p2a: Regieleki|Volt Switch|p1a: Celesteela
|-activate|p1a: Celesteela|move: Protect
|
|-heal|p1a: Celesteela|95/100|[from] item: Leftovers
|-damage|p2a: Regieleki|49/100 brn|[from] brn
|upkeep
|turn|8
|
|t:|1665373803
|switch|p1a: Zarude|Zarude|100/100
|-damage|p1a: Zarude|88/100|[from] Stealth Rock
|move|p2a: Regieleki|Volt Switch|p1a: Zarude
|-resisted|p1a: Zarude
|-damage|p1a: Zarude|66/100
|
|t:|1665373815
|switch|p2a: Scizor|Scizor, F|100/100|[from]move: Volt Switch
|
|upkeep
|turn|9
|
|t:|1665373821
|move|p1a: Zarude|U-turn|p2a: Scizor
|-resisted|p2a: Scizor
|-damage|p2a: Scizor|93/100
|
|t:|1665373825
|switch|p1a: Celesteela|Celesteela|95/100|[from]move: U-turn
|-damage|p1a: Celesteela|82/100|[from] Stealth Rock
|move|p2a: Scizor|U-turn|p1a: Celesteela
|-resisted|p1a: Celesteela
|-damage|p1a: Celesteela|77/100
|
|t:|1665373835
|switch|p2a: Gyarados|Gyarados, F|100/100|[from]move: U-turn
|-ability|p2a: Gyarados|Intimidate|boost
|-unboost|p1a: Celesteela|atk|1
|
|-heal|p1a: Celesteela|83/100|[from] item: Leftovers
|upkeep
|turn|10
|inactive|Battle timer is ON: inactive players will automatically lose when time's up. (requested by anamchara)
|
|t:|1665373841
|move|p2a: Gyarados|Substitute|p2a: Gyarados
|-start|p2a: Gyarados|Substitute
|-damage|p2a: Gyarados|76/100
|move|p1a: Celesteela|Leech Seed||[still]
|-fail|p1a: Celesteela
|
|-heal|p2a: Gyarados|82/100|[from] item: Leftovers
|-heal|p1a: Celesteela|89/100|[from] item: Leftovers
|upkeep
|turn|11
|
|t:|1665373848
|switch|p1a: Salamence|Salamence, M|100/100
|-ability|p1a: Salamence|Intimidate|boost
|-immune|p2a: Gyarados
|move|p2a: Gyarados|Dragon Dance|p2a: Gyarados
|-boost|p2a: Gyarados|atk|1
|-boost|p2a: Gyarados|spe|1
|
|-heal|p2a: Gyarados|88/100|[from] item: Leftovers
|upkeep
|turn|12
|
|t:|1665373857
|move|p2a: Gyarados|Bounce||[still]
|-prepare|p2a: Gyarados|Bounce
|move|p1a: Salamence|Dual Wingbeat|p2a: Gyarados|[miss]
|-miss|p1a: Salamence|p2a: Gyarados
|
|-heal|p2a: Gyarados|94/100|[from] item: Leftovers
|upkeep
|turn|13
|
|t:|1665373863
|move|p2a: Gyarados|Bounce|p1a: Salamence|[from]lockedmove|[miss]
|-miss|p2a: Gyarados|p1a: Salamence
|move|p1a: Salamence|Dual Wingbeat|p2a: Gyarados
|-activate|p2a: Gyarados|move: Substitute|[damage]
|-end|p2a: Gyarados|Substitute
|-hitcount|p2a: Gyarados|2
|
|-heal|p2a: Gyarados|99/100|[from] item: Leftovers
|upkeep
|turn|14
|
|t:|1665373872
|move|p2a: Gyarados|Bounce||[still]
|-prepare|p2a: Gyarados|Bounce
|move|p1a: Salamence|Outrage|p2a: Gyarados|[miss]
|-miss|p1a: Salamence|p2a: Gyarados
|
|-heal|p2a: Gyarados|100/100|[from] item: Leftovers
|upkeep
|turn|15
|
|t:|1665373878
|move|p2a: Gyarados|Bounce|p1a: Salamence|[from]lockedmove
|-damage|p1a: Salamence|39/100
|-status|p1a: Salamence|par
|move|p1a: Salamence|Outrage|p2a: Gyarados
|-damage|p2a: Gyarados|32/100
|
|-heal|p2a: Gyarados|38/100|[from] item: Leftovers
|upkeep
|turn|16
|
|t:|1665373891
|move|p2a: Gyarados|Bounce||[still]
|-prepare|p2a: Gyarados|Bounce
|move|p1a: Salamence|Outrage|p2a: Gyarados|[from]lockedmove|[miss]
|-miss|p1a: Salamence|p2a: Gyarados
|-start|p1a: Salamence|confusion|[fatigue]
|
|-heal|p2a: Gyarados|44/100|[from] item: Leftovers
|upkeep
|turn|17
|
|t:|1665373905
|move|p2a: Gyarados|Bounce|p1a: Salamence|[from]lockedmove
|-damage|p1a: Salamence|0 fnt
|faint|p1a: Salamence
|
|-heal|p2a: Gyarados|50/100|[from] item: Leftovers
|upkeep
|
|t:|1665373908
|switch|p1a: Azumarill|Azumarill, F|100/100
|-damage|p1a: Azumarill|88/100|[from] Stealth Rock
|turn|18
|
|t:|1665373914
|move|p2a: Gyarados|Bounce||[still]
|-prepare|p2a: Gyarados|Bounce
|move|p1a: Azumarill|Belly Drum|p1a: Azumarill
|-damage|p1a: Azumarill|38/100
|-setboost|p1a: Azumarill|atk|6|[from] move: Belly Drum
|-enditem|p1a: Azumarill|Sitrus Berry|[eat]
|-heal|p1a: Azumarill|63/100|[from] item: Sitrus Berry
|
|-heal|p2a: Gyarados|56/100|[from] item: Leftovers
|upkeep
|turn|19
|
|t:|1665373923
|move|p1a: Azumarill|Aqua Jet|p2a: Gyarados|[miss]
|-miss|p1a: Azumarill|p2a: Gyarados
|move|p2a: Gyarados|Bounce|p1a: Azumarill|[from]lockedmove
|-damage|p1a: Azumarill|0 fnt
|faint|p1a: Azumarill
|
|-heal|p2a: Gyarados|62/100|[from] item: Leftovers
|upkeep
|
|t:|1665373926
|switch|p1a: Zarude|Zarude|66/100
|-damage|p1a: Zarude|54/100|[from] Stealth Rock
|turn|20
|
|t:|1665373934
|move|p1a: Zarude|Power Whip|p2a: Gyarados|[miss]
|-miss|p1a: Zarude|p2a: Gyarados
|move|p2a: Gyarados|Bounce||[still]
|-prepare|p2a: Gyarados|Bounce
|
|-heal|p2a: Gyarados|68/100|[from] item: Leftovers
|upkeep
|turn|21
|
|t:|1665373947
|switch|p1a: Celesteela|Celesteela|89/100
|-damage|p1a: Celesteela|77/100|[from] Stealth Rock
|move|p2a: Gyarados|Bounce|p1a: Celesteela|[from]lockedmove
|-resisted|p1a: Celesteela
|-damage|p1a: Celesteela|56/100
|
|-heal|p2a: Gyarados|74/100|[from] item: Leftovers
|-heal|p1a: Celesteela|62/100|[from] item: Leftovers
|upkeep
|turn|22
|
|t:|1665373955
|move|p1a: Celesteela|Protect|p1a: Celesteela
|-singleturn|p1a: Celesteela|Protect
|move|p2a: Gyarados|Substitute|p2a: Gyarados
|-start|p2a: Gyarados|Substitute
|-damage|p2a: Gyarados|49/100
|
|-heal|p2a: Gyarados|55/100|[from] item: Leftovers
|-heal|p1a: Celesteela|68/100|[from] item: Leftovers
|upkeep
|turn|23
|
|t:|1665373969
|move|p2a: Gyarados|Dragon Dance|p2a: Gyarados
|-boost|p2a: Gyarados|atk|1
|-boost|p2a: Gyarados|spe|1
|move|p1a: Celesteela|Heavy Slam|p2a: Gyarados
|-resisted|p2a: Gyarados
|-activate|p2a: Gyarados|move: Substitute|[damage]
|
|-heal|p2a: Gyarados|62/100|[from] item: Leftovers
|-heal|p1a: Celesteela|74/100|[from] item: Leftovers
|upkeep
|turn|24
|-message|anamchara forfeited.
|
|win|DDD951
|raw|anamchara's rating: 1363 &rarr; <strong>1351</strong><br />(-12 for losing)
|raw|DDD951's rating: 1511 &rarr; <strong>1523</strong><br />(+12 for winning)
|l|☆anamchara
||Ladder isn't responding, score probably updated but might not have (Request timeout).
