|j|☆EliotEnRetar
|j|☆Deepcolor
|t:|1606810831
|player|p1|EliotEnRetar|falkner|1446
|player|p2|Deepcolor|shauntal|1269
|teamsize|p1|6
|teamsize|p2|6
|gametype|singles
|gen|8
|tier|[Gen 8] UU
|rated|
|clearpoke
|poke|p1|Keldeo-Resolute|
|poke|p1|Bisharp, M|
|poke|p1|Kyurem|
|poke|p1|Sylveon, M|
|poke|p1|Talonflame, F|
|poke|p1|Rotom-Wash|
|poke|p2|Tapu Lele|
|poke|p2|Rotom-Heat|
|poke|p2|Amoonguss, M|
|poke|p2|Keldeo-Resolute|
|poke|p2|Krookodile, F|
|poke|p2|Celesteela|
|rule|Sleep Clause Mod: Limit one foe put to sleep
|rule|Species Clause: Limit one of each Pokémon
|rule|OHKO Clause: OHKO moves are banned
|rule|Evasion Moves Clause: Evasion moves are banned
|rule|Endless Battle Clause: Forcing endless battles is banned
|rule|HP Percentage Mod: HP is shown in percentages
|rule|Dynamax Clause: You cannot dynamax
|teampreview
|j| joseph tablecloths
|inactive|Battle timer is ON: inactive players will automatically lose when time's up. (requested by EliotEnRetar)
|
|t:|1606810870
|start
|switch|p1a: CauetBurger|Rotom-Wash|100/100
|switch|p2a: Keldeo|Keldeo-Resolute|100/100
|turn|1
|
|t:|1606810877
|move|p2a: Keldeo|Flip Turn|p1a: CauetBurger
|-resisted|p1a: CauetBurger
|-damage|p1a: CauetBurger|94/100
|
|t:|1606810879
|switch|p2a: Amoonguss|Amoonguss, M|100/100|[from]move: Flip Turn
|move|p1a: CauetBurger|Volt Switch|p2a: Amoonguss
|-resisted|p2a: Amoonguss
|-damage|p2a: Amoonguss|90/100
|
|t:|1606810891
|switch|p1a: Kyurem|Kyurem|100/100|[from]move: Volt Switch
|-ability|p1a: Kyurem|Pressure
|
|upkeep
|turn|2
|
|t:|1606810896
|switch|p2a: Celesteela|Celesteela|100/100
|move|p1a: Kyurem|Draco Meteor|p2a: Celesteela
|-resisted|p2a: Celesteela
|-damage|p2a: Celesteela|68/100
|-unboost|p1a: Kyurem|spa|2
|
|-heal|p2a: Celesteela|74/100|[from] item: Leftovers
|upkeep
|turn|3
|
|t:|1606810905
|switch|p1a: CauetBurger|Rotom-Wash|94/100
|move|p2a: Celesteela|Leech Seed|p1a: CauetBurger
|-start|p1a: CauetBurger|move: Leech Seed
|
|-heal|p1a: CauetBurger|100/100|[from] item: Leftovers
|-heal|p2a: Celesteela|80/100|[from] item: Leftovers
|-damage|p1a: CauetBurger|88/100|[from] Leech Seed|[of] p2a: Celesteela
|-heal|p2a: Celesteela|90/100|[silent]
|upkeep
|turn|4
|
|t:|1606810914
|switch|p1a: BizouJeManvol|Talonflame, F|100/100
|move|p2a: Celesteela|Protect||[still]
|-fail|p2a: Celesteela
|
|-heal|p2a: Celesteela|96/100|[from] item: Leftovers
|upkeep
|turn|5
|
|t:|1606810922
|move|p1a: BizouJeManvol|Flare Blitz|p2a: Celesteela
|-supereffective|p2a: Celesteela
|-damage|p2a: Celesteela|15/100
|-damage|p1a: BizouJeManvol|65/100|[from] Recoil
|move|p2a: Celesteela|Leech Seed|p1a: BizouJeManvol
|-start|p1a: BizouJeManvol|move: Leech Seed
|
|-heal|p2a: Celesteela|21/100|[from] item: Leftovers
|-damage|p1a: BizouJeManvol|53/100|[from] Leech Seed|[of] p2a: Celesteela
|-heal|p2a: Celesteela|30/100|[silent]
|upkeep
|turn|6
|
|t:|1606810930
|move|p2a: Celesteela|Protect|p2a: Celesteela
|-singleturn|p2a: Celesteela|Protect
|move|p1a: BizouJeManvol|Roost|p1a: BizouJeManvol
|-heal|p1a: BizouJeManvol|100/100
|-singleturn|p1a: BizouJeManvol|move: Roost
|
|-heal|p2a: Celesteela|37/100|[from] item: Leftovers
|-damage|p1a: BizouJeManvol|88/100|[from] Leech Seed|[of] p2a: Celesteela
|-heal|p2a: Celesteela|46/100|[silent]
|upkeep
|turn|7
|
|t:|1606810941
|switch|p2a: Rotom|Rotom-Heat|100/100
|move|p1a: BizouJeManvol|U-turn|p2a: Rotom
|-resisted|p2a: Rotom
|-damage|p2a: Rotom|89/100
|
|t:|1606810954
|switch|p1a: Kyurem|Kyurem|100/100|[from]move: U-turn
|-ability|p1a: Kyurem|Pressure
|
|upkeep
|turn|8
|
|t:|1606810965
|switch|p2a: Tapu Lele|Tapu Lele|100/100
|-fieldstart|move: Psychic Terrain|[from] ability: Psychic Surge|[of] p2a: Tapu Lele
|move|p1a: Kyurem|Draco Meteor|p2a: Tapu Lele
|-immune|p2a: Tapu Lele
|
|upkeep
|turn|9
|
|t:|1606810974
|switch|p1a: Jyrachi|Sylveon, M|100/100
|move|p2a: Tapu Lele|Moonblast|p1a: Jyrachi
|-damage|p1a: Jyrachi|59/100
|-unboost|p1a: Jyrachi|spa|1
|
|-heal|p1a: Jyrachi|65/100|[from] item: Leftovers
|upkeep
|turn|10
|
|t:|1606810987
|switch|p2a: Celesteela|Celesteela|46/100
|move|p1a: Jyrachi|Wish|p1a: Jyrachi
|
|-heal|p1a: Jyrachi|71/100|[from] item: Leftovers
|-heal|p2a: Celesteela|52/100|[from] item: Leftovers
|upkeep
|turn|11
|
|t:|1606810996
|switch|p1a: BizouJeManvol|Talonflame, F|88/100
|move|p2a: Celesteela|Leech Seed|p1a: BizouJeManvol
|-start|p1a: BizouJeManvol|move: Leech Seed
|
|-heal|p1a: BizouJeManvol|100/100|[from] move: Wish|[wisher] Jyrachi
|-heal|p2a: Celesteela|58/100|[from] item: Leftovers
|-damage|p1a: BizouJeManvol|88/100|[from] Leech Seed|[of] p2a: Celesteela
|-heal|p2a: Celesteela|67/100|[silent]
|upkeep
|turn|12
|
|t:|1606811005
|move|p2a: Celesteela|Protect|p2a: Celesteela
|-singleturn|p2a: Celesteela|Protect
|move|p1a: BizouJeManvol|Flare Blitz|p2a: Celesteela
|-activate|p2a: Celesteela|move: Protect
|
|-heal|p2a: Celesteela|73/100|[from] item: Leftovers
|-damage|p1a: BizouJeManvol|76/100|[from] Leech Seed|[of] p2a: Celesteela
|-heal|p2a: Celesteela|83/100|[silent]
|-fieldend|move: Psychic Terrain
|upkeep
|turn|13
|
|t:|1606811015
|move|p1a: BizouJeManvol|U-turn|p2a: Celesteela
|-resisted|p2a: Celesteela
|-damage|p2a: Celesteela|79/100
|
|t:|1606811020
|switch|p1a: CauetBurger|Rotom-Wash|88/100|[from]move: U-turn
|move|p2a: Celesteela|Leech Seed|p1a: CauetBurger
|-start|p1a: CauetBurger|move: Leech Seed
|
|-heal|p1a: CauetBurger|94/100|[from] item: Leftovers
|-heal|p2a: Celesteela|85/100|[from] item: Leftovers
|-damage|p1a: CauetBurger|82/100|[from] Leech Seed|[of] p2a: Celesteela
|-heal|p2a: Celesteela|95/100|[silent]
|upkeep
|turn|14
|j| Peak of Hatred
|
|t:|1606811035
|switch|p1a: BizouJeManvol|Talonflame, F|76/100
|move|p2a: Celesteela|Protect||[still]
|-fail|p2a: Celesteela
|
|-heal|p2a: Celesteela|100/100|[from] item: Leftovers
|upkeep
|turn|15
|
|t:|1606811041
|switch|p2a: Rotom|Rotom-Heat|89/100
|move|p1a: BizouJeManvol|Flare Blitz|p2a: Rotom
|-resisted|p2a: Rotom
|-damage|p2a: Rotom|61/100
|-damage|p1a: BizouJeManvol|66/100|[from] Recoil
|
|upkeep
|turn|16
|
|t:|1606811050
|switch|p1a: CauetBurger|Rotom-Wash|82/100
|move|p2a: Rotom|Volt Switch|p1a: CauetBurger
|-crit|p1a: CauetBurger
|-damage|p1a: CauetBurger|43/100
|
|t:|1606811057
|switch|p2a: Tapu Lele|Tapu Lele|100/100|[from]move: Volt Switch
|-fieldstart|move: Psychic Terrain|[from] ability: Psychic Surge|[of] p2a: Tapu Lele
|
|-heal|p1a: CauetBurger|49/100|[from] item: Leftovers
|upkeep
|turn|17
|
|t:|1606811063
|move|p2a: Tapu Lele|Moonblast|p1a: CauetBurger
|-damage|p1a: CauetBurger|0 fnt
|faint|p1a: CauetBurger
|
|upkeep
|
|t:|1606811082
|switch|p1a: BizouJeManvol|Talonflame, F|66/100
|turn|18
|
|t:|1606811088
|switch|p2a: Rotom|Rotom-Heat|61/100
|move|p1a: BizouJeManvol|Roost|p1a: BizouJeManvol
|-heal|p1a: BizouJeManvol|100/100
|-singleturn|p1a: BizouJeManvol|move: Roost
|
|upkeep
|turn|19
|
|t:|1606811096
|switch|p1a: Kyurem|Kyurem|100/100
|-ability|p1a: Kyurem|Pressure
|move|p2a: Rotom|Volt Switch|p1a: Kyurem
|-resisted|p1a: Kyurem
|-damage|p1a: Kyurem|88/100
|
|t:|1606811111
|switch|p2a: Keldeo|Keldeo-Resolute|100/100|[from]move: Volt Switch
|
|upkeep
|turn|20
|
|t:|1606811115
|switch|p1a: Jyrachi|Sylveon, M|71/100
|move|p2a: Keldeo|Secret Sword|p1a: Jyrachi
|-resisted|p1a: Jyrachi
|-damage|p1a: Jyrachi|47/100
|
|-heal|p1a: Jyrachi|53/100|[from] item: Leftovers
|-fieldend|move: Psychic Terrain
|upkeep
|turn|21
|
|t:|1606811125
|switch|p2a: Amoonguss|Amoonguss, M|100/100
|move|p1a: Jyrachi|Wish|p1a: Jyrachi
|
|-heal|p1a: Jyrachi|59/100|[from] item: Leftovers
|upkeep
|turn|22
|
|t:|1606811133
|move|p1a: Jyrachi|Yawn|p2a: Amoonguss
|-start|p2a: Amoonguss|move: Yawn|[of] p1a: Jyrachi
|move|p2a: Amoonguss|Spore|p1a: Jyrachi
|-status|p1a: Jyrachi|slp|[from] move: Spore
|
|-heal|p1a: Jyrachi|100/100 slp|[from] move: Wish|[wisher] Jyrachi
|upkeep
|turn|23
|
|t:|1606811150
|switch|p1a: BizouJeManvol|Talonflame, F|100/100
|switch|p2a: Tapu Lele|Tapu Lele|100/100
|-fieldstart|move: Psychic Terrain|[from] ability: Psychic Surge|[of] p2a: Tapu Lele
|
|upkeep
|turn|24
|
|t:|1606811162
|move|p1a: BizouJeManvol|U-turn|p2a: Tapu Lele
|-damage|p2a: Tapu Lele|70/100
|
|t:|1606811173
|switch|p1a: UUBisharp|Bisharp, M|100/100|[from]move: U-turn
|move|p2a: Tapu Lele|Thunderbolt|p1a: UUBisharp
|-damage|p1a: UUBisharp|17/100
|
|upkeep
|turn|25
|
|t:|1606811183
|switch|p2a: Krookodile|Krookodile, F|100/100
|-ability|p2a: Krookodile|Intimidate|boost
|-unboost|p1a: UUBisharp|atk|1
|-ability|p1a: UUBisharp|Defiant
|-boost|p1a: UUBisharp|atk|2
|switch|p1a: Kyurem|Kyurem|88/100
|-ability|p1a: Kyurem|Pressure
|
|upkeep
|turn|26
|
|t:|1606811208
|switch|p1a: Jyrachi|Sylveon, M|100/100 slp
|switch|p2a: Celesteela|Celesteela|100/100
|
|upkeep
|turn|27
|
|t:|1606811215
|cant|p1a: Jyrachi|slp
|move|p2a: Celesteela|Heavy Slam|p1a: Jyrachi
|-supereffective|p1a: Jyrachi
|-damage|p1a: Jyrachi|4/100 slp
|
|-heal|p1a: Jyrachi|10/100 slp|[from] item: Leftovers
|-fieldend|move: Psychic Terrain
|upkeep
|turn|28
|
|t:|1606811225
|switch|p1a: Bigflo|Keldeo-Resolute|100/100
|move|p2a: Celesteela|Heavy Slam|p1a: Bigflo
|-resisted|p1a: Bigflo
|-damage|p1a: Bigflo|78/100
|
|upkeep
|turn|29
|
|t:|1606811240
|move|p1a: Bigflo|Surf|p2a: Celesteela
|-damage|p2a: Celesteela|65/100
|move|p2a: Celesteela|Leech Seed|p1a: Bigflo
|-start|p1a: Bigflo|move: Leech Seed
|
|-heal|p2a: Celesteela|72/100|[from] item: Leftovers
|-damage|p1a: Bigflo|66/100|[from] Leech Seed|[of] p2a: Celesteela
|-heal|p2a: Celesteela|82/100|[silent]
|upkeep
|turn|30
|
|t:|1606811250
|switch|p2a: Keldeo|Keldeo-Resolute|100/100
|move|p1a: Bigflo|Surf|p2a: Keldeo
|-resisted|p2a: Keldeo
|-damage|p2a: Keldeo|69/100
|
|-damage|p1a: Bigflo|54/100|[from] Leech Seed|[of] p2a: Keldeo
|-heal|p2a: Keldeo|82/100|[silent]
|upkeep
|turn|31
|
|t:|1606811265
|switch|p1a: Jyrachi|Sylveon, M|10/100 slp
|move|p2a: Keldeo|Scald|p1a: Jyrachi
|-damage|p1a: Jyrachi|0 fnt
|faint|p1a: Jyrachi
|
|upkeep
|inactive|EliotEnRetar has 120 seconds left.
|
|t:|1606811284
|switch|p1a: BizouJeManvol|Talonflame, F|100/100
|turn|32
|inactive|EliotEnRetar has 120 seconds left.
|
|t:|1606811293
|switch|p2a: Rotom|Rotom-Heat|61/100
|move|p1a: BizouJeManvol|Brave Bird|p2a: Rotom
|-resisted|p2a: Rotom
|-damage|p2a: Rotom|35/100
|-damage|p1a: BizouJeManvol|92/100|[from] Recoil
|
|upkeep
|turn|33
|
|t:|1606811302
|move|p1a: BizouJeManvol|Roost|p1a: BizouJeManvol
|-heal|p1a: BizouJeManvol|100/100
|-singleturn|p1a: BizouJeManvol|move: Roost
|move|p2a: Rotom|Volt Switch|p1a: BizouJeManvol
|-damage|p1a: BizouJeManvol|58/100
|
|t:|1606811307
|switch|p2a: Keldeo|Keldeo-Resolute|82/100|[from]move: Volt Switch
|
|upkeep
|turn|34
|
|t:|1606811312
|move|p2a: Keldeo|Flip Turn|p1a: BizouJeManvol
|-supereffective|p1a: BizouJeManvol
|-damage|p1a: BizouJeManvol|11/100
|
|t:|1606811315
|switch|p2a: Rotom|Rotom-Heat|35/100|[from]move: Flip Turn
|move|p1a: BizouJeManvol|Brave Bird|p2a: Rotom
|-resisted|p2a: Rotom
|-damage|p2a: Rotom|6/100
|-damage|p1a: BizouJeManvol|2/100|[from] Recoil
|
|upkeep
|turn|35
|
|t:|1606811323
|move|p1a: BizouJeManvol|U-turn|p2a: Rotom
|-resisted|p2a: Rotom
|-damage|p2a: Rotom|0 fnt
|faint|p2a: Rotom
|
|t:|1606811332
|switch|p1a: Bigflo|Keldeo-Resolute|54/100|[from]move: U-turn
|
|upkeep
|l|☆Deepcolor
|inactive|Deepcolor disconnected and has a minute to reconnect!
|player|p2|
|j|☆Deepcolor
|inactive|Deepcolor reconnected and has 110 seconds left.
|player|p2|Deepcolor|shauntal
|
|t:|1606811383
|switch|p2a: Amoonguss|Amoonguss, M|100/100
|turn|36
|
|t:|1606811394
|switch|p1a: Kyurem|Kyurem|88/100
|-ability|p1a: Kyurem|Pressure
|move|p2a: Amoonguss|Spore|p1a: Kyurem
|-status|p1a: Kyurem|slp|[from] move: Spore
|
|upkeep
|turn|37
|
|t:|1606811402
|cant|p1a: Kyurem|slp
|move|p2a: Amoonguss|Sludge Bomb|p1a: Kyurem
|-damage|p1a: Kyurem|63/100 slp
|
|upkeep
|turn|38
|inactive|Deepcolor has 120 seconds left.
|
|t:|1606811413
|switch|p2a: Celesteela|Celesteela|82/100
|cant|p1a: Kyurem|slp
|
|-heal|p2a: Celesteela|88/100|[from] item: Leftovers
|upkeep
|turn|39
|
|t:|1606811429
|switch|p1a: Bigflo|Keldeo-Resolute|54/100
|move|p2a: Celesteela|Leech Seed|p1a: Bigflo
|-start|p1a: Bigflo|move: Leech Seed
|
|-heal|p2a: Celesteela|94/100|[from] item: Leftovers
|-damage|p1a: Bigflo|41/100|[from] Leech Seed|[of] p2a: Celesteela
|-heal|p2a: Celesteela|100/100|[silent]
|upkeep
|turn|40
|
|t:|1606811436
|move|p1a: Bigflo|Flip Turn|p2a: Celesteela
|-damage|p2a: Celesteela|89/100
|
|t:|1606811443
|switch|p1a: Kyurem|Kyurem|63/100 slp|[from]move: Flip Turn
|-ability|p1a: Kyurem|Pressure
|move|p2a: Celesteela|Heavy Slam|p1a: Kyurem
|-supereffective|p1a: Kyurem
|-damage|p1a: Kyurem|6/100 slp
|
|-heal|p2a: Celesteela|95/100|[from] item: Leftovers
|upkeep
|turn|41
|
|t:|1606811452
|switch|p2a: Tapu Lele|Tapu Lele|70/100
|-fieldstart|move: Psychic Terrain|[from] ability: Psychic Surge|[of] p2a: Tapu Lele
|-curestatus|p1a: Kyurem|slp|[msg]
|move|p1a: Kyurem|Ice Beam|p2a: Tapu Lele
|-damage|p2a: Tapu Lele|0 fnt
|faint|p2a: Tapu Lele
|
|upkeep
|
|t:|1606811455
|switch|p2a: Keldeo|Keldeo-Resolute|82/100
|turn|42
|
|t:|1606811466
|move|p2a: Keldeo|Secret Sword|p1a: Kyurem
|-supereffective|p1a: Kyurem
|-damage|p1a: Kyurem|0 fnt
|faint|p1a: Kyurem
|
|upkeep
|j| Monodes
|
|t:|1606811471
|switch|p1a: Bigflo|Keldeo-Resolute|41/100
|turn|43
|
|t:|1606811477
|move|p2a: Keldeo|Secret Sword|p1a: Bigflo
|-damage|p1a: Bigflo|0 fnt
|faint|p1a: Bigflo
|
|upkeep
|l| Monodes
|-message|EliotEnRetar forfeited.
|
|win|Deepcolor
|l|☆EliotEnRetar
|raw|EliotEnRetar's rating: 1446 &rarr; <strong>1417</strong><br />(-29 for losing)
|raw|Deepcolor's rating: 1269 &rarr; <strong>1306</strong><br />(+37 for winning)
