|j|☆estarossa
|j|☆ocabat
|t:|1645393795
|gametype|singles
|player|p1|estarossa|#estarossa|
|player|p2|ocabat|clerkf|
|teamsize|p1|6
|teamsize|p2|6
|gen|8
|tier|[Gen 8] UU
|rated|Tournament battle
|rule|Sleep Clause Mod: Limit one foe put to sleep
|rule|Species Clause: Limit one of each Pokémon
|rule|OHKO Clause: OHKO moves are banned
|rule|Evasion Moves Clause: Evasion moves are banned
|rule|Endless Battle Clause: Forcing endless battles is banned
|rule|HP Percentage Mod: HP is shown in percentages
|rule|Dynamax Clause: You cannot dynamax
|clearpoke
|poke|p1|Milotic, F|
|poke|p1|Mudsdale, F|
|poke|p1|Cobalion|
|poke|p1|Moltres|
|poke|p1|Togedemaru, F|
|poke|p1|Tapu Bulu|
|poke|p2|Lycanroc-Dusk, F|
|poke|p2|Tapu Bulu|
|poke|p2|Mamoswine, F|
|poke|p2|Raikou|
|poke|p2|Cobalion|
|poke|p2|Milotic, M|
|teampreview
|inactive|Battle timer is ON: inactive players will automatically lose when time's up. (requested by ocabat)
|j| Dunoks
|j| Swagmoar OST
|j| Arxtric
|
|t:|1645393818
|start
|switch|p1a: Milotic|Milotic, F, shiny|100/100
|switch|p2a: Milotic|Milotic, M|100/100
|turn|1
|
|t:|1645393822
|move|p2a: Milotic|Toxic|p1a: Milotic|[miss]
|-miss|p2a: Milotic|p1a: Milotic
|move|p1a: Milotic|Toxic|p2a: Milotic
|-status|p2a: Milotic|tox
|
|-damage|p2a: Milotic|94/100 tox|[from] psn
|upkeep
|turn|2
|j| tumbutest
|c|☆ocabat|good start lgi
|
|t:|1645393836
|switch|p1a: Tapu Bulu|Tapu Bulu|100/100
|-fieldstart|move: Grassy Terrain|[from] ability: Grassy Surge|[of] p1a: Tapu Bulu
|move|p2a: Milotic|Toxic|p1a: Tapu Bulu
|-status|p1a: Tapu Bulu|tox
|
|-heal|p2a: Milotic|100/100 tox|[from] Grassy Terrain
|-damage|p1a: Tapu Bulu|94/100 tox|[from] psn
|-damage|p2a: Milotic|88/100 tox|[from] psn
|upkeep
|turn|3
|j| JustRoscoe
|
|t:|1645393849
|switch|p2a: Tapu Bulu|Tapu Bulu|100/100
|move|p1a: Tapu Bulu|Close Combat|p2a: Tapu Bulu
|-resisted|p2a: Tapu Bulu
|-damage|p2a: Tapu Bulu|85/100
|-unboost|p1a: Tapu Bulu|def|1
|-unboost|p1a: Tapu Bulu|spd|1
|
|-heal|p1a: Tapu Bulu|100/100 tox|[from] Grassy Terrain
|-heal|p2a: Tapu Bulu|91/100|[from] Grassy Terrain
|-damage|p1a: Tapu Bulu|88/100 tox|[from] psn
|upkeep
|turn|4
|l| Dunoks
|
|t:|1645393859
|switch|p1a: Cobalion|Cobalion|100/100
|move|p2a: Tapu Bulu|Close Combat|p1a: Cobalion
|-supereffective|p1a: Cobalion
|-damage|p1a: Cobalion|47/100
|-unboost|p2a: Tapu Bulu|def|1
|-unboost|p2a: Tapu Bulu|spd|1
|-damage|p2a: Tapu Bulu|74/100|[from] item: Rocky Helmet|[of] p1a: Cobalion
|
|-heal|p1a: Cobalion|53/100|[from] Grassy Terrain
|-heal|p2a: Tapu Bulu|80/100|[from] Grassy Terrain
|upkeep
|turn|5
|
|t:|1645393875
|move|p1a: Cobalion|Volt Switch|p2a: Tapu Bulu
|-resisted|p2a: Tapu Bulu
|-damage|p2a: Tapu Bulu|70/100
|
|t:|1645393878
|switch|p1a: Mudsdale|Mudsdale, F|100/100|[from]move: Volt Switch
|move|p2a: Tapu Bulu|Close Combat|p1a: Mudsdale
|-damage|p1a: Mudsdale|79/100
|-unboost|p2a: Tapu Bulu|def|1
|-unboost|p2a: Tapu Bulu|spd|1
|-ability|p1a: Mudsdale|Stamina|boost
|-boost|p1a: Mudsdale|def|1
|
|-heal|p2a: Tapu Bulu|76/100|[from] Grassy Terrain
|-heal|p1a: Mudsdale|85/100|[from] Grassy Terrain
|-heal|p1a: Mudsdale|91/100|[from] item: Leftovers
|upkeep
|turn|6
|
|t:|1645393885
|move|p2a: Tapu Bulu|Toxic|p1a: Mudsdale
|-status|p1a: Mudsdale|tox
|move|p1a: Mudsdale|Stealth Rock|p2a: Tapu Bulu
|-sidestart|p2: ocabat|move: Stealth Rock
|
|-heal|p2a: Tapu Bulu|82/100|[from] Grassy Terrain
|-heal|p1a: Mudsdale|98/100 tox|[from] Grassy Terrain
|-heal|p1a: Mudsdale|100/100 tox|[from] item: Leftovers
|-damage|p1a: Mudsdale|94/100 tox|[from] psn
|-fieldend|move: Grassy Terrain
|upkeep
|turn|7
|
|t:|1645393895
|switch|p2a: Milotic|Milotic, M|88/100 tox
|move|p1a: Mudsdale|Toxic|p2a: Milotic
|-fail|p2a: Milotic|tox
|
|-heal|p1a: Mudsdale|100/100 tox|[from] item: Leftovers
|-damage|p2a: Milotic|82/100 tox|[from] psn
|-damage|p1a: Mudsdale|88/100 tox|[from] psn
|upkeep
|turn|8
|
|t:|1645393904
|switch|p1a: Tapu Bulu|Tapu Bulu|88/100 tox
|-fieldstart|move: Grassy Terrain|[from] ability: Grassy Surge|[of] p1a: Tapu Bulu
|move|p2a: Milotic|Flip Turn|p1a: Tapu Bulu
|-resisted|p1a: Tapu Bulu
|-damage|p1a: Tapu Bulu|82/100 tox
|
|t:|1645393910
|switch|p2a: Cobalion|Cobalion|100/100|[from]move: Flip Turn
|-damage|p2a: Cobalion|97/100|[from] Stealth Rock
|
|-heal|p2a: Cobalion|100/100|[from] Grassy Terrain
|-heal|p1a: Tapu Bulu|89/100 tox|[from] Grassy Terrain
|-heal|p1a: Tapu Bulu|95/100 tox|[from] item: Leftovers
|-damage|p1a: Tapu Bulu|89/100 tox|[from] psn
|upkeep
|turn|9
|j| Corperate N
|j|+itsjustdrew
|
|t:|1645393916
|switch|p1a: Milotic|Milotic, F, shiny|100/100
|move|p2a: Cobalion|Stealth Rock|p1a: Milotic
|-sidestart|p1: estarossa|move: Stealth Rock
|
|upkeep
|turn|10
|
|t:|1645393922
|move|p2a: Cobalion|Volt Switch|p1a: Milotic
|-supereffective|p1a: Milotic
|-damage|p1a: Milotic|81/100
|
|t:|1645393925
|switch|p2a: Milotic|Milotic, M|82/100 tox|[from]move: Volt Switch
|move|p1a: Milotic|Scald|p2a: Milotic
|-resisted|p2a: Milotic
|-crit|p2a: Milotic
|-damage|p2a: Milotic|67/100 tox
|
|-heal|p2a: Milotic|73/100 tox|[from] Grassy Terrain
|-heal|p1a: Milotic|87/100|[from] Grassy Terrain
|-heal|p1a: Milotic|93/100|[from] item: Leftovers
|-damage|p2a: Milotic|67/100 tox|[from] psn
|upkeep
|turn|11
|
|t:|1645393938
|switch|p1a: Tapu Bulu|Tapu Bulu|89/100 tox
|-damage|p1a: Tapu Bulu|76/100 tox|[from] Stealth Rock
|move|p2a: Milotic|Recover|p2a: Milotic
|-heal|p2a: Milotic|100/100 tox
|
|-heal|p1a: Tapu Bulu|82/100 tox|[from] Grassy Terrain
|-heal|p1a: Tapu Bulu|89/100 tox|[from] item: Leftovers
|-damage|p1a: Tapu Bulu|82/100 tox|[from] psn
|-damage|p2a: Milotic|88/100 tox|[from] psn
|upkeep
|turn|12
|
|t:|1645393964
|move|p1a: Tapu Bulu|Close Combat|p2a: Milotic
|-damage|p2a: Milotic|64/100 tox
|-unboost|p1a: Tapu Bulu|def|1
|-unboost|p1a: Tapu Bulu|spd|1
|move|p2a: Milotic|Toxic|p1a: Tapu Bulu
|-fail|p1a: Tapu Bulu|tox
|
|-heal|p1a: Tapu Bulu|89/100 tox|[from] Grassy Terrain
|-heal|p1a: Tapu Bulu|95/100 tox|[from] item: Leftovers
|-heal|p2a: Milotic|70/100 tox|[from] Grassy Terrain
|-damage|p1a: Tapu Bulu|82/100 tox|[from] psn
|-damage|p2a: Milotic|52/100 tox|[from] psn
|-fieldend|move: Grassy Terrain
|upkeep
|turn|13
|j| KSt3ve
|inactive|estarossa has 120 seconds left.
|j|+pokemonisfun
|
|t:|1645394001
|switch|p2a: Tapu Bulu|Tapu Bulu|82/100
|-fieldstart|move: Grassy Terrain|[from] ability: Grassy Surge|[of] p2a: Tapu Bulu
|move|p1a: Tapu Bulu|Horn Leech|p2a: Tapu Bulu
|-resisted|p2a: Tapu Bulu
|-damage|p2a: Tapu Bulu|62/100
|-heal|p1a: Tapu Bulu|93/100 tox|[from] drain|[of] p2a: Tapu Bulu
|
|-heal|p1a: Tapu Bulu|99/100 tox|[from] Grassy Terrain
|-heal|p1a: Tapu Bulu|100/100 tox|[from] item: Leftovers
|-heal|p2a: Tapu Bulu|69/100|[from] Grassy Terrain
|-damage|p1a: Tapu Bulu|82/100 tox|[from] psn
|upkeep
|turn|14
|c|+pokemonisfun|bulu moment
|
|t:|1645394017
|switch|p1a: Moltres|Moltres|100/100
|-ability|p1a: Moltres|Pressure
|move|p2a: Tapu Bulu|Toxic|p1a: Moltres
|-status|p1a: Moltres|tox
|
|-heal|p2a: Tapu Bulu|75/100|[from] Grassy Terrain
|-damage|p1a: Moltres|94/100 tox|[from] psn
|upkeep
|turn|15
|
|t:|1645394032
|switch|p2a: Raikou|Raikou|100/100
|-damage|p2a: Raikou|88/100|[from] Stealth Rock
|-ability|p2a: Raikou|Pressure
|move|p1a: Moltres|Flamethrower|p2a: Raikou
|-damage|p2a: Raikou|41/100
|
|-heal|p2a: Raikou|47/100|[from] Grassy Terrain
|-heal|p2a: Raikou|54/100|[from] item: Leftovers
|-damage|p1a: Moltres|82/100 tox|[from] psn
|upkeep
|turn|16
|
|t:|1645394043
|switch|p1a: Mudsdale|Mudsdale, F|88/100 tox
|-damage|p1a: Mudsdale|82/100 tox|[from] Stealth Rock
|move|p2a: Raikou|Volt Switch|p1a: Mudsdale
|-immune|p1a: Mudsdale
|
|-heal|p2a: Raikou|60/100|[from] Grassy Terrain
|-heal|p2a: Raikou|66/100|[from] item: Leftovers
|-heal|p1a: Mudsdale|88/100 tox|[from] Grassy Terrain
|-heal|p1a: Mudsdale|94/100 tox|[from] item: Leftovers
|-damage|p1a: Mudsdale|88/100 tox|[from] psn
|upkeep
|turn|17
|
|t:|1645394053
|switch|p2a: Milotic|Milotic, M|52/100 tox
|move|p1a: Mudsdale|High Horsepower|p2a: Milotic
|-damage|p2a: Milotic|33/100 tox
|
|-heal|p2a: Milotic|40/100 tox|[from] Grassy Terrain
|-heal|p1a: Mudsdale|94/100 tox|[from] Grassy Terrain
|-heal|p1a: Mudsdale|100/100 tox|[from] item: Leftovers
|-damage|p2a: Milotic|33/100 tox|[from] psn
|-damage|p1a: Mudsdale|88/100 tox|[from] psn
|-fieldend|move: Grassy Terrain
|upkeep
|turn|18
|
|t:|1645394063
|switch|p1a: Tapu Bulu|Tapu Bulu|82/100 tox
|-damage|p1a: Tapu Bulu|69/100 tox|[from] Stealth Rock
|-fieldstart|move: Grassy Terrain|[from] ability: Grassy Surge|[of] p1a: Tapu Bulu
|move|p2a: Milotic|Recover|p2a: Milotic
|-heal|p2a: Milotic|83/100 tox
|
|-heal|p1a: Tapu Bulu|76/100 tox|[from] Grassy Terrain
|-heal|p1a: Tapu Bulu|82/100 tox|[from] item: Leftovers
|-heal|p2a: Milotic|90/100 tox|[from] Grassy Terrain
|-damage|p1a: Tapu Bulu|76/100 tox|[from] psn
|-damage|p2a: Milotic|77/100 tox|[from] psn
|upkeep
|turn|19
|inactive|estarossa has 120 seconds left.
|
|t:|1645394075
|switch|p2a: Cobalion|Cobalion|100/100
|-damage|p2a: Cobalion|97/100|[from] Stealth Rock
|move|p1a: Tapu Bulu|Horn Leech|p2a: Cobalion
|-resisted|p2a: Cobalion
|-damage|p2a: Cobalion|74/100
|-heal|p1a: Tapu Bulu|87/100 tox|[from] drain|[of] p2a: Cobalion
|
|-heal|p2a: Cobalion|80/100|[from] Grassy Terrain
|-heal|p1a: Tapu Bulu|94/100 tox|[from] Grassy Terrain
|-heal|p1a: Tapu Bulu|99/100 tox|[from] item: Leftovers
|-damage|p1a: Tapu Bulu|87/100 tox|[from] psn
|upkeep
|turn|20
|inactive|estarossa has 120 seconds left.
|
|t:|1645394081
|move|p2a: Cobalion|Iron Head|p1a: Tapu Bulu
|-supereffective|p1a: Tapu Bulu
|-damage|p1a: Tapu Bulu|22/100 tox
|cant|p1a: Tapu Bulu|flinch
|
|-heal|p2a: Cobalion|87/100|[from] Grassy Terrain
|-heal|p1a: Tapu Bulu|28/100 tox|[from] Grassy Terrain
|-heal|p1a: Tapu Bulu|34/100 tox|[from] item: Leftovers
|-damage|p1a: Tapu Bulu|15/100 tox|[from] psn
|upkeep
|turn|21
|inactive|estarossa has 120 seconds left.
|
|t:|1645394092
|switch|p1a: Mudsdale|Mudsdale, F|88/100 tox
|-damage|p1a: Mudsdale|82/100 tox|[from] Stealth Rock
|move|p2a: Cobalion|Iron Head|p1a: Mudsdale
|-damage|p1a: Mudsdale|63/100 tox
|-ability|p1a: Mudsdale|Stamina|boost
|-boost|p1a: Mudsdale|def|1
|
|-heal|p2a: Cobalion|93/100|[from] Grassy Terrain
|-heal|p1a: Mudsdale|69/100 tox|[from] Grassy Terrain
|-heal|p1a: Mudsdale|75/100 tox|[from] item: Leftovers
|-damage|p1a: Mudsdale|69/100 tox|[from] psn
|upkeep
|turn|22
|j| Tlazy
|inactive|estarossa has 120 seconds left.
|l| Tlazy
|
|t:|1645394110
|switch|p2a: Milotic|Milotic, M|77/100 tox
|switch|p1a: Tapu Bulu|Tapu Bulu|15/100 tox
|-damage|p1a: Tapu Bulu|3/100 tox|[from] Stealth Rock
|
|-heal|p1a: Tapu Bulu|9/100 tox|[from] Grassy Terrain
|-heal|p1a: Tapu Bulu|15/100 tox|[from] item: Leftovers
|-heal|p2a: Milotic|83/100 tox|[from] Grassy Terrain
|-damage|p1a: Tapu Bulu|9/100 tox|[from] psn
|-damage|p2a: Milotic|77/100 tox|[from] psn
|-fieldend|move: Grassy Terrain
|upkeep
|turn|23
|
|t:|1645394122
|switch|p2a: Cobalion|Cobalion|93/100
|-damage|p2a: Cobalion|90/100|[from] Stealth Rock
|move|p1a: Tapu Bulu|Synthesis|p1a: Tapu Bulu
|-heal|p1a: Tapu Bulu|59/100 tox
|
|-heal|p1a: Tapu Bulu|65/100 tox|[from] item: Leftovers
|-damage|p1a: Tapu Bulu|53/100 tox|[from] psn
|upkeep
|turn|24
|
|t:|1645394137
|switch|p1a: Milotic|Milotic, F, shiny|93/100
|-damage|p1a: Milotic|81/100|[from] Stealth Rock
|move|p2a: Cobalion|Volt Switch|p1a: Milotic
|-supereffective|p1a: Milotic
|-damage|p1a: Milotic|62/100
|j| Brexus
|
|t:|1645394154
|switch|p2a: Milotic|Milotic, M|77/100 tox|[from]move: Volt Switch
|
|-heal|p1a: Milotic|68/100|[from] item: Leftovers
|-damage|p2a: Milotic|71/100 tox|[from] psn
|upkeep
|turn|25
|l| Arxtric
|
|t:|1645394166
|switch|p1a: Tapu Bulu|Tapu Bulu|53/100 tox
|-damage|p1a: Tapu Bulu|41/100 tox|[from] Stealth Rock
|-fieldstart|move: Grassy Terrain|[from] ability: Grassy Surge|[of] p1a: Tapu Bulu
|move|p2a: Milotic|Flip Turn|p1a: Tapu Bulu
|-resisted|p1a: Tapu Bulu
|-damage|p1a: Tapu Bulu|35/100 tox
|j| Dunoks
|
|t:|1645394179
|switch|p2a: Lycanroc|Lycanroc-Dusk, F|100/100|[from]move: Flip Turn
|-damage|p2a: Lycanroc|88/100|[from] Stealth Rock
|
|-heal|p2a: Lycanroc|94/100|[from] Grassy Terrain
|-heal|p1a: Tapu Bulu|41/100 tox|[from] Grassy Terrain
|-heal|p1a: Tapu Bulu|47/100 tox|[from] item: Leftovers
|-damage|p1a: Tapu Bulu|41/100 tox|[from] psn
|upkeep
|turn|26
|inactive|ocabat has 120 seconds left.
|
|t:|1645394199
|switch|p1a: Mudsdale|Mudsdale, F|69/100 tox
|-damage|p1a: Mudsdale|63/100 tox|[from] Stealth Rock
|move|p2a: Lycanroc|Iron Head|p1a: Mudsdale
|-damage|p1a: Mudsdale|37/100 tox
|-ability|p1a: Mudsdale|Stamina|boost
|-boost|p1a: Mudsdale|def|1
|-damage|p2a: Lycanroc|84/100|[from] item: Life Orb
|
|-heal|p2a: Lycanroc|91/100|[from] Grassy Terrain
|-heal|p1a: Mudsdale|43/100 tox|[from] Grassy Terrain
|-heal|p1a: Mudsdale|49/100 tox|[from] item: Leftovers
|-damage|p1a: Mudsdale|43/100 tox|[from] psn
|upkeep
|turn|27
|inactive|ocabat has 120 seconds left.
|
|t:|1645394214
|switch|p2a: Milotic|Milotic, M|71/100 tox
|move|p1a: Mudsdale|High Horsepower|p2a: Milotic
|-damage|p2a: Milotic|52/100 tox
|
|-heal|p2a: Milotic|58/100 tox|[from] Grassy Terrain
|-heal|p1a: Mudsdale|49/100 tox|[from] Grassy Terrain
|-heal|p1a: Mudsdale|55/100 tox|[from] item: Leftovers
|-damage|p2a: Milotic|52/100 tox|[from] psn
|-damage|p1a: Mudsdale|43/100 tox|[from] psn
|upkeep
|turn|28
|inactive|ocabat has 120 seconds left.
|j| Tlazy
|inactive|estarossa has 120 seconds left.
|
|t:|1645394261
|switch|p1a: Cobalion|Cobalion|53/100
|-damage|p1a: Cobalion|50/100|[from] Stealth Rock
|move|p2a: Milotic|Flip Turn|p1a: Cobalion
|-damage|p1a: Cobalion|42/100
|-damage|p2a: Milotic|36/100 tox|[from] item: Rocky Helmet|[of] p1a: Cobalion
|inactive|ocabat has 120 seconds left.
|
|t:|1645394269
|switch|p2a: Lycanroc|Lycanroc-Dusk, F|91/100|[from]move: Flip Turn
|-damage|p2a: Lycanroc|78/100|[from] Stealth Rock
|
|-heal|p2a: Lycanroc|84/100|[from] Grassy Terrain
|-heal|p1a: Cobalion|48/100|[from] Grassy Terrain
|upkeep
|turn|29
|j|+AM
|inactive|estarossa has 90 seconds left.
|
|t:|1645394309
|switch|p1a: Moltres|Moltres|82/100 tox
|-ability|p1a: Moltres|Pressure
|move|p2a: Lycanroc|Close Combat|p1a: Moltres
|-resisted|p1a: Moltres
|-damage|p1a: Moltres|43/100 tox
|-unboost|p2a: Lycanroc|def|1
|-unboost|p2a: Lycanroc|spd|1
|-damage|p2a: Lycanroc|74/100|[from] item: Life Orb
|
|-heal|p2a: Lycanroc|81/100|[from] Grassy Terrain
|-damage|p1a: Moltres|36/100 tox|[from] psn
|-fieldend|move: Grassy Terrain
|upkeep
|turn|30
|inactive|estarossa has 90 seconds left.
|inactive|ocabat has 120 seconds left.
|c|☆estarossa|wtf why is this pressure
|
|t:|1645394338
|switch|p1a: Mudsdale|Mudsdale, F|43/100 tox
|-damage|p1a: Mudsdale|37/100 tox|[from] Stealth Rock
|move|p2a: Lycanroc|Accelerock|p1a: Mudsdale
|-resisted|p1a: Mudsdale
|-damage|p1a: Mudsdale|26/100 tox
|-ability|p1a: Mudsdale|Stamina|boost
|-boost|p1a: Mudsdale|def|1
|-damage|p2a: Lycanroc|71/100|[from] item: Life Orb
|
|-heal|p1a: Mudsdale|32/100 tox|[from] item: Leftovers
|-damage|p1a: Mudsdale|26/100 tox|[from] psn
|upkeep
|turn|31
|inactive|ocabat has 120 seconds left.
|c|+pokemonisfun|dog vs honse
|l| Corperate N
|c| Swagmoar OST|bork bork bork
|inactive|ocabat has 90 seconds left.
|
|t:|1645394378
|switch|p2a: Milotic|Milotic, M|36/100 tox
|switch|p1a: Tapu Bulu|Tapu Bulu|41/100 tox
|-damage|p1a: Tapu Bulu|29/100 tox|[from] Stealth Rock
|-fieldstart|move: Grassy Terrain|[from] ability: Grassy Surge|[of] p1a: Tapu Bulu
|
|-heal|p1a: Tapu Bulu|35/100 tox|[from] Grassy Terrain
|-heal|p1a: Tapu Bulu|41/100 tox|[from] item: Leftovers
|-heal|p2a: Milotic|42/100 tox|[from] Grassy Terrain
|-damage|p1a: Tapu Bulu|35/100 tox|[from] psn
|-damage|p2a: Milotic|36/100 tox|[from] psn
|upkeep
|turn|32
|
|t:|1645394389
|switch|p2a: Cobalion|Cobalion|90/100
|-damage|p2a: Cobalion|87/100|[from] Stealth Rock
|move|p1a: Tapu Bulu|Horn Leech|p2a: Cobalion
|-resisted|p2a: Cobalion
|-damage|p2a: Cobalion|64/100
|-heal|p1a: Tapu Bulu|46/100 tox|[from] drain|[of] p2a: Cobalion
|
|-heal|p2a: Cobalion|70/100|[from] Grassy Terrain
|-heal|p1a: Tapu Bulu|53/100 tox|[from] Grassy Terrain
|-heal|p1a: Tapu Bulu|59/100 tox|[from] item: Leftovers
|-damage|p1a: Tapu Bulu|46/100 tox|[from] psn
|upkeep
|turn|33
|inactive|ocabat has 90 seconds left.
|
|t:|1645394405
|switch|p1a: Cobalion|Cobalion|48/100
|-damage|p1a: Cobalion|45/100|[from] Stealth Rock
|move|p2a: Cobalion|Close Combat|p1a: Cobalion
|-supereffective|p1a: Cobalion
|-damage|p1a: Cobalion|0 fnt
|-unboost|p2a: Cobalion|def|1
|-unboost|p2a: Cobalion|spd|1
|-damage|p2a: Cobalion|53/100|[from] item: Rocky Helmet|[of] p1a: Cobalion
|faint|p1a: Cobalion
|
|-heal|p2a: Cobalion|60/100|[from] Grassy Terrain
|upkeep
|j| CarbonLifeform456
|inactive|estarossa has 90 seconds left.
|
|t:|1645394419
|switch|p1a: Moltres|Moltres|36/100 tox
|-ability|p1a: Moltres|Pressure
|turn|34
|
|t:|1645394424
|move|p2a: Cobalion|Volt Switch|p1a: Moltres
|-supereffective|p1a: Moltres
|-damage|p1a: Moltres|3/100 tox
|
|t:|1645394430
|switch|p2a: Lycanroc|Lycanroc-Dusk, F|71/100|[from]move: Volt Switch
|-damage|p2a: Lycanroc|58/100|[from] Stealth Rock
|move|p1a: Moltres|Flamethrower|p2a: Lycanroc
|-resisted|p2a: Lycanroc
|-damage|p2a: Lycanroc|21/100
|
|-heal|p2a: Lycanroc|27/100|[from] Grassy Terrain
|-damage|p1a: Moltres|0 fnt|[from] psn
|faint|p1a: Moltres
|upkeep
|
|t:|1645394441
|switch|p1a: Milotic|Milotic, F, shiny|68/100
|-damage|p1a: Milotic|55/100|[from] Stealth Rock
|turn|35
|c|+pokemonisfun|why are there so many milotics
|c| Swagmoar OST|milotic is sexy
|inactive|ocabat has 90 seconds left.
|l| KSt3ve
|inactive|ocabat has 60 seconds left.
|
|t:|1645394499
|switch|p2a: Milotic|Milotic, M|36/100 tox
|move|p1a: Milotic|Scald|p2a: Milotic
|-resisted|p2a: Milotic
|-damage|p2a: Milotic|25/100 tox
|
|-heal|p1a: Milotic|61/100|[from] Grassy Terrain
|-heal|p2a: Milotic|31/100 tox|[from] Grassy Terrain
|-heal|p1a: Milotic|68/100|[from] item: Leftovers
|-damage|p2a: Milotic|25/100 tox|[from] psn
|-fieldend|move: Grassy Terrain
|upkeep
|turn|36
|
|t:|1645394506
|switch|p1a: Tapu Bulu|Tapu Bulu|46/100 tox
|-damage|p1a: Tapu Bulu|34/100 tox|[from] Stealth Rock
|-fieldstart|move: Grassy Terrain|[from] ability: Grassy Surge|[of] p1a: Tapu Bulu
|move|p2a: Milotic|Recover|p2a: Milotic
|-heal|p2a: Milotic|75/100 tox
|
|-heal|p1a: Tapu Bulu|40/100 tox|[from] Grassy Terrain
|-heal|p1a: Tapu Bulu|46/100 tox|[from] item: Leftovers
|-heal|p2a: Milotic|81/100 tox|[from] Grassy Terrain
|-damage|p1a: Tapu Bulu|40/100 tox|[from] psn
|-damage|p2a: Milotic|69/100 tox|[from] psn
|upkeep
|turn|37
|
|t:|1645394514
|switch|p2a: Tapu Bulu|Tapu Bulu|75/100
|move|p1a: Tapu Bulu|Horn Leech|p2a: Tapu Bulu
|-resisted|p2a: Tapu Bulu
|-damage|p2a: Tapu Bulu|55/100
|-heal|p1a: Tapu Bulu|50/100 tox|[from] drain|[of] p2a: Tapu Bulu
|
|-heal|p1a: Tapu Bulu|57/100 tox|[from] Grassy Terrain
|-heal|p1a: Tapu Bulu|63/100 tox|[from] item: Leftovers
|-heal|p2a: Tapu Bulu|62/100|[from] Grassy Terrain
|-damage|p1a: Tapu Bulu|50/100 tox|[from] psn
|upkeep
|turn|38
|inactive|estarossa has 120 seconds left.
|
|t:|1645394524
|move|p1a: Tapu Bulu|Stone Edge|p2a: Tapu Bulu|[miss]
|-miss|p1a: Tapu Bulu|p2a: Tapu Bulu
|move|p2a: Tapu Bulu|Synthesis|p2a: Tapu Bulu
|-heal|p2a: Tapu Bulu|100/100
|
|-heal|p1a: Tapu Bulu|57/100 tox|[from] Grassy Terrain
|-heal|p1a: Tapu Bulu|63/100 tox|[from] item: Leftovers
|-damage|p1a: Tapu Bulu|44/100 tox|[from] psn
|upkeep
|turn|39
|
|t:|1645394531
|switch|p1a: Mudsdale|Mudsdale, F|26/100 tox
|-damage|p1a: Mudsdale|20/100 tox|[from] Stealth Rock
|move|p2a: Tapu Bulu|Horn Leech|p1a: Mudsdale
|-supereffective|p1a: Mudsdale
|-damage|p1a: Mudsdale|0 fnt
|faint|p1a: Mudsdale
|
|upkeep
|
|t:|1645394536
|switch|p1a: Togedemaru|Togedemaru, F|100/100
|-damage|p1a: Togedemaru|95/100|[from] Stealth Rock
|turn|40
|
|t:|1645394542
|switch|p2a: Raikou|Raikou|66/100
|-damage|p2a: Raikou|54/100|[from] Stealth Rock
|-ability|p2a: Raikou|Pressure
|move|p1a: Togedemaru|Steel Roller|p2a: Raikou
|-resisted|p2a: Raikou
|-damage|p2a: Raikou|16/100
|-fieldend|move: Grassy Terrain
|
|-heal|p2a: Raikou|23/100|[from] item: Leftovers
|upkeep
|turn|41
|l| Brexus
|
|t:|1645394553
|switch|p1a: Tapu Bulu|Tapu Bulu|44/100 tox
|-damage|p1a: Tapu Bulu|32/100 tox|[from] Stealth Rock
|-fieldstart|move: Grassy Terrain|[from] ability: Grassy Surge|[of] p1a: Tapu Bulu
|move|p2a: Raikou|Volt Switch|p1a: Tapu Bulu
|-resisted|p1a: Tapu Bulu
|-damage|p1a: Tapu Bulu|14/100 tox
|
|t:|1645394561
|switch|p2a: Cobalion|Cobalion|60/100|[from]move: Volt Switch
|-damage|p2a: Cobalion|57/100|[from] Stealth Rock
|
|-heal|p2a: Cobalion|63/100|[from] Grassy Terrain
|-heal|p1a: Tapu Bulu|21/100 tox|[from] Grassy Terrain
|-heal|p1a: Tapu Bulu|27/100 tox|[from] item: Leftovers
|-damage|p1a: Tapu Bulu|21/100 tox|[from] psn
|upkeep
|turn|42
|c|☆estarossa|gg
|-message|estarossa forfeited.
|
|win|ocabat
|n|☆estarossa|estarossa
|n|☆ocabat|ocabat
|n| Swagmoar OST|swagmoarost
|n| tumbutest|tumbutest
|n| JustRoscoe|justroscoe
|n| itsjustdrew|itsjustdrew
|n| pokemonisfun|pokemonisfun
|n| Dunoks|dunoks
|n| Tlazy|tlazy
|n|+AM|am
|n| CarbonLifeform456|carbonlifeform456
