|j|☆Zephyyyr
|j|☆PAPISALAUD
|t:|1628719820
|gametype|singles
|player|p1|Zephyyyr|richboy|1596
|player|p2|PAPISALAUD|spenser-gen3|1456
|teamsize|p1|6
|teamsize|p2|6
|gen|8
|tier|[Gen 8] UU
|rated|
|rule|Sleep Clause Mod: Limit one foe put to sleep
|rule|Species Clause: Limit one of each Pokémon
|rule|OHKO Clause: OHKO moves are banned
|rule|Evasion Moves Clause: Evasion moves are banned
|rule|Endless Battle Clause: Forcing endless battles is banned
|rule|HP Percentage Mod: HP is shown in percentages
|rule|Dynamax Clause: You cannot dynamax
|clearpoke
|poke|p1|Azelf|
|poke|p1|Azumarill, M|
|poke|p1|Salamence, M|
|poke|p1|Mamoswine, M|
|poke|p1|Thundurus, M|
|poke|p1|Aegislash, M|
|poke|p2|Mamoswine, F|
|poke|p2|Keldeo-Resolute|
|poke|p2|Rotom-Heat|
|poke|p2|Roserade, M|
|poke|p2|Jirachi|
|poke|p2|Tapu Bulu|
|teampreview
|c|☆Zephyyyr|Hf
|
|t:|1628719839
|start
|switch|p1a: Azelf|Azelf|100/100
|switch|p2a: Jirachi|Jirachi|100/100
|turn|1
|c|☆PAPISALAUD|bonne chance
|
|t:|1628719848
|move|p2a: Jirachi|U-turn|p1a: Azelf
|-supereffective|p1a: Azelf
|-damage|p1a: Azelf|35/100
|
|t:|1628719851
|switch|p2a: Mamoswine|Mamoswine, F|100/100|[from]move: U-turn
|move|p1a: Azelf|Stealth Rock|p2a: Mamoswine
|-sidestart|p2: PAPISALAUD|move: Stealth Rock
|
|upkeep
|turn|2
|
|t:|1628719858
|switch|p1a: Mamoswine|Mamoswine, M|100/100
|move|p2a: Mamoswine|Ice Shard|p1a: Mamoswine
|-damage|p1a: Mamoswine|84/100
|-damage|p2a: Mamoswine|91/100|[from] item: Life Orb
|
|upkeep
|turn|3
|
|t:|1628719864
|move|p1a: Mamoswine|Earthquake|p2a: Mamoswine
|-damage|p2a: Mamoswine|8/100
|-damage|p1a: Mamoswine|74/100|[from] item: Life Orb
|move|p2a: Mamoswine|Earthquake|p1a: Mamoswine
|-crit|p1a: Mamoswine
|-damage|p1a: Mamoswine|0 fnt
|faint|p1a: Mamoswine
|-damage|p2a: Mamoswine|0 fnt|[from] item: Life Orb
|faint|p2a: Mamoswine
|
|upkeep
|
|t:|1628719877
|switch|p1a: Aegislash|Aegislash, M|100/100
|switch|p2a: Jirachi|Jirachi|100/100
|-damage|p2a: Jirachi|94/100|[from] Stealth Rock
|turn|4
|
|t:|1628719882
|move|p2a: Jirachi|Trick|p1a: Aegislash
|-activate|p2a: Jirachi|move: Trick|[of] p1a: Aegislash
|-item|p1a: Aegislash|Choice Scarf|[from] move: Trick
|-item|p2a: Jirachi|Choice Specs|[from] move: Trick
|-formechange|p1a: Aegislash|Aegislash-Blade||[from] ability: Stance Change
|move|p1a: Aegislash|Shadow Ball|p2a: Jirachi
|-supereffective|p2a: Jirachi
|-damage|p2a: Jirachi|0 fnt
|faint|p2a: Jirachi
|
|upkeep
|
|t:|1628719891
|switch|p2a: Rotom|Rotom-Heat|100/100
|turn|5
|
|t:|1628719897
|switch|p1a: Azelf|Azelf|35/100
|move|p2a: Rotom|Defog|p1a: Azelf
|-unboost|p1a: Azelf|evasion|1
|-sideend|p2: PAPISALAUD|Stealth Rock|[from] move: Defog|[of] p2a: Rotom
|
|upkeep
|turn|6
|
|t:|1628719903
|move|p1a: Azelf|Stealth Rock|p2a: Rotom
|-sidestart|p2: PAPISALAUD|move: Stealth Rock
|move|p2a: Rotom|Volt Switch|p1a: Azelf
|-damage|p1a: Azelf|0 fnt
|faint|p1a: Azelf
|
|t:|1628719915
|switch|p2a: Roserade|Roserade, M|100/100|[from]move: Volt Switch
|-damage|p2a: Roserade|88/100|[from] Stealth Rock
|
|upkeep
|
|t:|1628719920
|switch|p1a: Salamence|Salamence, M|100/100
|turn|7
|
|t:|1628719924
|move|p1a: Salamence|Dragon Dance|p1a: Salamence
|-boost|p1a: Salamence|atk|1
|-boost|p1a: Salamence|spe|1
|move|p2a: Roserade|Dazzling Gleam|p1a: Salamence
|-supereffective|p1a: Salamence
|-damage|p1a: Salamence|28/100
|
|upkeep
|turn|8
|
|t:|1628719934
|switch|p2a: Tapu Bulu|Tapu Bulu|100/100
|-damage|p2a: Tapu Bulu|88/100|[from] Stealth Rock
|-fieldstart|move: Grassy Terrain|[from] ability: Grassy Surge|[of] p2a: Tapu Bulu
|move|p1a: Salamence|Dual Wingbeat|p2a: Tapu Bulu
|-supereffective|p2a: Tapu Bulu
|-damage|p2a: Tapu Bulu|47/100
|-damage|p1a: Salamence|11/100|[from] item: Rocky Helmet|[of] p2a: Tapu Bulu
|-supereffective|p2a: Tapu Bulu
|-damage|p2a: Tapu Bulu|1/100
|-damage|p1a: Salamence|0 fnt|[from] item: Rocky Helmet|[of] p2a: Tapu Bulu
|faint|p1a: Salamence
|-hitcount|p2a: Tapu Bulu|2
|
|-heal|p2a: Tapu Bulu|7/100|[from] Grassy Terrain
|upkeep
|
|t:|1628719944
|switch|p1a: Thundurus|Thundurus, M|100/100
|turn|9
|
|t:|1628719955
|move|p1a: Thundurus|Thunderbolt|p2a: Tapu Bulu
|-resisted|p2a: Tapu Bulu
|-damage|p2a: Tapu Bulu|0 fnt
|faint|p2a: Tapu Bulu
|
|upkeep
|
|t:|1628719964
|switch|p2a: Roserade|Roserade, M|88/100
|-damage|p2a: Roserade|76/100|[from] Stealth Rock
|turn|10
|
|t:|1628719970
|move|p1a: Thundurus|Knock Off|p2a: Roserade
|-damage|p2a: Roserade|39/100
|-enditem|p2a: Roserade|Assault Vest|[from] move: Knock Off|[of] p1a: Thundurus
|move|p2a: Roserade|Sludge Bomb|p1a: Thundurus
|-damage|p1a: Thundurus|24/100
|
|-heal|p2a: Roserade|45/100|[from] Grassy Terrain
|upkeep
|turn|11
|
|t:|1628719978
|move|p1a: Thundurus|Psychic|p2a: Roserade
|-supereffective|p2a: Roserade
|-damage|p2a: Roserade|0 fnt
|faint|p2a: Roserade
|
|upkeep
|
|t:|1628719987
|switch|p2a: Rotom|Rotom-Heat|100/100
|turn|12
|
|t:|1628719997
|move|p1a: Thundurus|Knock Off|p2a: Rotom
|-damage|p2a: Rotom|78/100
|-enditem|p2a: Rotom|Heavy-Duty Boots|[from] move: Knock Off|[of] p1a: Thundurus
|move|p2a: Rotom|Volt Switch|p1a: Thundurus
|-damage|p1a: Thundurus|0 fnt
|faint|p1a: Thundurus
|
|t:|1628720004
|switch|p2a: Keldeo|Keldeo-Resolute|100/100|[from]move: Volt Switch
|-damage|p2a: Keldeo|94/100|[from] Stealth Rock
|
|-heal|p2a: Keldeo|100/100|[from] Grassy Terrain
|-fieldend|move: Grassy Terrain
|upkeep
|
|t:|1628720006
|switch|p1a: Azumarill|Azumarill, M|100/100
|turn|13
|c|☆PAPISALAUD|gg
|
|t:|1628720015
|switch|p2a: Rotom|Rotom-Heat|78/100
|-damage|p2a: Rotom|54/100|[from] Stealth Rock
|move|p1a: Azumarill|Play Rough|p2a: Rotom
|-resisted|p2a: Rotom
|-damage|p2a: Rotom|25/100
|
|upkeep
|turn|14
|c|☆Zephyyyr|Gg
|
|t:|1628720023
|move|p1a: Azumarill|Aqua Jet|p2a: Rotom
|-supereffective|p2a: Rotom
|-damage|p2a: Rotom|0 fnt
|faint|p2a: Rotom
|
|upkeep
|
|t:|1628720027
|switch|p2a: Keldeo|Keldeo-Resolute|100/100
|-damage|p2a: Keldeo|94/100|[from] Stealth Rock
|turn|15
|
|t:|1628720031
|move|p2a: Keldeo|Air Slash|p1a: Azumarill
|-damage|p1a: Azumarill|59/100
|-damage|p2a: Keldeo|85/100|[from] item: Life Orb
|cant|p1a: Azumarill|flinch
|
|upkeep
|turn|16
|
|t:|1628720037
|move|p2a: Keldeo|Air Slash|p1a: Azumarill
|-damage|p1a: Azumarill|18/100
|-enditem|p1a: Azumarill|Sitrus Berry|[eat]
|-heal|p1a: Azumarill|43/100|[from] item: Sitrus Berry
|-damage|p2a: Keldeo|75/100|[from] item: Life Orb
|cant|p1a: Azumarill|flinch
|
|upkeep
|turn|17
|
|t:|1628720049
|move|p2a: Keldeo|Air Slash|p1a: Azumarill
|-damage|p1a: Azumarill|3/100
|-damage|p2a: Keldeo|65/100|[from] item: Life Orb
|move|p1a: Azumarill|Play Rough|p2a: Keldeo|[miss]
|-miss|p1a: Azumarill|p2a: Keldeo
|
|upkeep
|turn|18
|
|t:|1628720057
|move|p1a: Azumarill|Aqua Jet|p2a: Keldeo
|-resisted|p2a: Keldeo
|-damage|p2a: Keldeo|49/100
|move|p2a: Keldeo|Scald|p1a: Azumarill
|-resisted|p1a: Azumarill
|-damage|p1a: Azumarill|0 fnt
|faint|p1a: Azumarill
|-damage|p2a: Keldeo|40/100|[from] item: Life Orb
|
|upkeep
|c|☆Zephyyyr|Ah oe
|
|t:|1628720060
|switch|p1a: Aegislash|Aegislash, M|100/100
|turn|19
|c|☆PAPISALAUD|tas gagner quand meme
|
|t:|1628720080
|move|p2a: Keldeo|Scald|p1a: Aegislash
|-damage|p1a: Aegislash|50/100
|-damage|p2a: Keldeo|30/100|[from] item: Life Orb
|-formechange|p1a: Aegislash|Aegislash-Blade||[from] ability: Stance Change
|move|p1a: Aegislash|Shadow Ball|p2a: Keldeo
|-damage|p2a: Keldeo|0 fnt
|faint|p2a: Keldeo
|
|win|Zephyyyr
|raw|Zephyyyr's rating: 1596 &rarr; <strong>1608</strong><br />(+12 for winning)
|raw|PAPISALAUD's rating: 1456 &rarr; <strong>1444</strong><br />(-12 for losing)
|c|☆Zephyyyr|Lmao je sais
|c|☆Zephyyyr|Gg
|l|☆Zephyyyr
