|j|☆wrgdf
|j|☆bioche80
|t:|1612781624
|player|p1|wrgdf|falkner|1446
|player|p2|bioche80|li|1385
|teamsize|p1|6
|teamsize|p2|6
|gametype|singles
|gen|8
|tier|[Gen 8] UU
|rated|
|clearpoke
|poke|p1|Keldeo-Resolute|
|poke|p1|Victini|
|poke|p1|Thundurus, M|
|poke|p1|Scizor, F|
|poke|p1|Rhyperior, M|
|poke|p1|Amoonguss, F|
|poke|p2|Scizor, F|
|poke|p2|Ditto|
|poke|p2|Keldeo-Resolute|
|poke|p2|Chansey, F|
|poke|p2|Salamence, F|
|poke|p2|Victini|
|rule|Sleep Clause Mod: Limit one foe put to sleep
|rule|Species Clause: Limit one of each Pokémon
|rule|OHKO Clause: OHKO moves are banned
|rule|Evasion Moves Clause: Evasion moves are banned
|rule|Endless Battle Clause: Forcing endless battles is banned
|rule|HP Percentage Mod: HP is shown in percentages
|rule|Dynamax Clause: You cannot dynamax
|teampreview
|
|t:|1612781638
|start
|switch|p1a: Keldeo|Keldeo-Resolute|100/100
|switch|p2a: Keldeo|Keldeo-Resolute|100/100
|turn|1
|
|t:|1612781645
|switch|p1a: Amoonguss|Amoonguss, F|100/100
|move|p2a: Keldeo|Secret Sword|p1a: Amoonguss
|-resisted|p1a: Amoonguss
|-damage|p1a: Amoonguss|84/100
|
|upkeep
|turn|2
|
|t:|1612781652
|switch|p2a: Chansey|Chansey, F|100/100
|switch|p1a: Victini|Victini|100/100
|
|upkeep
|turn|3
|
|t:|1612781658
|move|p1a: Victini|Toxic|p2a: Chansey
|-status|p2a: Chansey|tox
|move|p2a: Chansey|Stealth Rock|p1a: Victini
|-sidestart|p1: wrgdf|move: Stealth Rock
|
|-damage|p2a: Chansey|94/100 tox|[from] psn
|upkeep
|turn|4
|
|t:|1612781666
|switch|p2a: Salamence|Salamence, F|100/100
|-ability|p2a: Salamence|Intimidate|boost
|-unboost|p1a: Victini|atk|1
|move|p1a: Victini|U-turn|p2a: Salamence
|-resisted|p2a: Salamence
|-damage|p2a: Salamence|96/100
|
|t:|1612781669
|switch|p1a: Rhyperior|Rhyperior, M|100/100|[from]move: U-turn
|-damage|p1a: Rhyperior|94/100|[from] Stealth Rock
|
|-heal|p1a: Rhyperior|100/100|[from] item: Leftovers
|upkeep
|turn|5
|
|t:|1612781678
|switch|p2a: Keldeo|Keldeo-Resolute|100/100
|move|p1a: Rhyperior|Protect||[still]
|-fail|p1a: Rhyperior
|
|upkeep
|turn|6
|
|t:|1612781688
|move|p1a: Rhyperior|Protect|p1a: Rhyperior
|-singleturn|p1a: Rhyperior|Protect
|move|p2a: Keldeo|Scald|p1a: Rhyperior
|-activate|p1a: Rhyperior|move: Protect
|
|upkeep
|turn|7
|
|t:|1612781696
|switch|p2a: Victini|Victini|100/100
|switch|p1a: Amoonguss|Amoonguss, F|100/100
|-damage|p1a: Amoonguss|88/100|[from] Stealth Rock
|
|upkeep
|turn|8
|
|t:|1612781707
|switch|p1a: Rhyperior|Rhyperior, M|100/100
|-damage|p1a: Rhyperior|94/100|[from] Stealth Rock
|move|p2a: Victini|Toxic|p1a: Rhyperior
|-status|p1a: Rhyperior|tox
|
|-heal|p1a: Rhyperior|100/100 tox|[from] item: Leftovers
|-damage|p1a: Rhyperior|94/100 tox|[from] psn
|upkeep
|turn|9
|
|t:|1612781716
|move|p2a: Victini|U-turn|p1a: Rhyperior
|-damage|p1a: Rhyperior|82/100 tox
|
|t:|1612781721
|switch|p2a: Keldeo|Keldeo-Resolute|100/100|[from]move: U-turn
|move|p1a: Rhyperior|Stealth Rock|p2a: Keldeo
|-sidestart|p2: bioche80|move: Stealth Rock
|
|-heal|p1a: Rhyperior|88/100 tox|[from] item: Leftovers
|-damage|p1a: Rhyperior|76/100 tox|[from] psn
|upkeep
|turn|10
|
|t:|1612781730
|switch|p1a: Keldeo|Keldeo-Resolute|100/100
|-damage|p1a: Keldeo|94/100|[from] Stealth Rock
|move|p2a: Keldeo|Calm Mind|p2a: Keldeo
|-boost|p2a: Keldeo|spa|1
|-boost|p2a: Keldeo|spd|1
|
|upkeep
|turn|11
|
|t:|1612781737
|move|p2a: Keldeo|Calm Mind|p2a: Keldeo
|-boost|p2a: Keldeo|spa|1
|-boost|p2a: Keldeo|spd|1
|move|p1a: Keldeo|Secret Sword|p2a: Keldeo
|-damage|p2a: Keldeo|21/100
|
|-heal|p2a: Keldeo|27/100|[from] item: Leftovers
|upkeep
|turn|12
|
|t:|1612781745
|move|p2a: Keldeo|Secret Sword|p1a: Keldeo
|-damage|p1a: Keldeo|0 fnt
|faint|p1a: Keldeo
|
|-heal|p2a: Keldeo|34/100|[from] item: Leftovers
|upkeep
|
|t:|1612781748
|switch|p1a: Thundurus|Thundurus, M|100/100
|turn|13
|
|t:|1612781754
|switch|p2a: Chansey|Chansey, F|94/100
|-damage|p2a: Chansey|82/100|[from] Stealth Rock
|move|p1a: Thundurus|Thunderbolt|p2a: Chansey
|-damage|p2a: Chansey|67/100
|
|upkeep
|turn|14
|
|t:|1612781762
|switch|p1a: Scizor|Scizor, F|100/100
|move|p2a: Chansey|Seismic Toss|p1a: Scizor
|-damage|p1a: Scizor|68/100
|
|upkeep
|turn|15
|
|t:|1612781769
|switch|p2a: Salamence|Salamence, F|96/100
|-ability|p2a: Salamence|Intimidate|boost
|-unboost|p1a: Scizor|atk|1
|move|p1a: Scizor|Swords Dance|p1a: Scizor
|-boost|p1a: Scizor|atk|2
|
|upkeep
|turn|16
|
|t:|1612781777
|switch|p1a: Victini|Victini|100/100
|move|p2a: Salamence|Flamethrower|p1a: Victini
|-resisted|p1a: Victini
|-damage|p1a: Victini|89/100
|
|upkeep
|turn|17
|
|t:|1612781785
|move|p1a: Victini|Psychic|p2a: Salamence
|-damage|p2a: Salamence|58/100
|-unboost|p2a: Salamence|spd|1
|move|p2a: Salamence|Draco Meteor|p1a: Victini
|-damage|p1a: Victini|39/100
|-unboost|p2a: Salamence|spa|2
|
|upkeep
|turn|18
|
|t:|1612781798
|switch|p2a: Chansey|Chansey, F|67/100
|-damage|p2a: Chansey|54/100|[from] Stealth Rock
|move|p1a: Victini|U-turn|p2a: Chansey
|-damage|p2a: Chansey|45/100
|
|t:|1612781807
|switch|p1a: Scizor|Scizor, F|68/100|[from]move: U-turn
|
|upkeep
|turn|19
|
|t:|1612781812
|move|p1a: Scizor|Swords Dance|p1a: Scizor
|-boost|p1a: Scizor|atk|2
|move|p2a: Chansey|Soft-Boiled|p2a: Chansey
|-heal|p2a: Chansey|95/100
|
|upkeep
|turn|20
|
|t:|1612781821
|switch|p2a: Salamence|Salamence, F|58/100
|-ability|p2a: Salamence|Intimidate|boost
|-unboost|p1a: Scizor|atk|1
|move|p1a: Scizor|Bullet Punch|p2a: Salamence
|-damage|p2a: Salamence|13/100
|
|upkeep
|turn|21
|
|t:|1612781828
|move|p1a: Scizor|Bullet Punch|p2a: Salamence
|-damage|p2a: Salamence|0 fnt
|faint|p2a: Salamence
|
|upkeep
|
|t:|1612781832
|switch|p2a: Victini|Victini|100/100
|turn|22
|
|t:|1612781836
|switch|p1a: Rhyperior|Rhyperior, M|76/100 tox
|-damage|p1a: Rhyperior|70/100 tox|[from] Stealth Rock
|move|p2a: Victini|V-create|p1a: Rhyperior
|-resisted|p1a: Rhyperior
|-damage|p1a: Rhyperior|43/100 tox
|-unboost|p2a: Victini|spe|1
|-unboost|p2a: Victini|def|1
|-unboost|p2a: Victini|spd|1
|
|-heal|p1a: Rhyperior|50/100 tox|[from] item: Leftovers
|-damage|p1a: Rhyperior|43/100 tox|[from] psn
|upkeep
|turn|23
|
|t:|1612781847
|switch|p2a: Scizor|Scizor, F|100/100
|-damage|p2a: Scizor|88/100|[from] Stealth Rock
|move|p1a: Rhyperior|Earthquake|p2a: Scizor
|-damage|p2a: Scizor|45/100
|
|-heal|p1a: Rhyperior|50/100 tox|[from] item: Leftovers
|-damage|p1a: Rhyperior|37/100 tox|[from] psn
|upkeep
|turn|24
|
|t:|1612781860
|switch|p1a: Victini|Victini|39/100
|move|p2a: Scizor|Knock Off|p1a: Victini
|-supereffective|p1a: Victini
|-damage|p1a: Victini|0 fnt
|-enditem|p1a: Victini|Heavy-Duty Boots|[from] move: Knock Off|[of] p2a: Scizor
|-damage|p2a: Scizor|35/100|[from] item: Life Orb
|faint|p1a: Victini
|
|upkeep
|
|t:|1612781869
|switch|p1a: Thundurus|Thundurus, M|100/100
|turn|25
|
|t:|1612781875
|switch|p2a: Chansey|Chansey, F|95/100
|-damage|p2a: Chansey|82/100|[from] Stealth Rock
|move|p1a: Thundurus|Nasty Plot|p1a: Thundurus
|-boost|p1a: Thundurus|spa|2
|
|upkeep
|turn|26
|
|t:|1612781884
|move|p1a: Thundurus|Focus Blast|p2a: Chansey
|-supereffective|p2a: Chansey
|-damage|p2a: Chansey|33/100
|move|p2a: Chansey|Seismic Toss|p1a: Thundurus
|-damage|p1a: Thundurus|67/100
|
|upkeep
|turn|27
|
|t:|1612781899
|move|p1a: Thundurus|Focus Blast|p2a: Chansey
|-supereffective|p2a: Chansey
|-damage|p2a: Chansey|0 fnt
|faint|p2a: Chansey
|
|upkeep
|
|t:|1612781905
|switch|p2a: Ditto|Ditto|100/100
|-damage|p2a: Ditto|88/100|[from] Stealth Rock
|-transform|p2a: Ditto|p1a: Thundurus|[from] ability: Imposter
|turn|28
|
|t:|1612781916
|switch|p1a: Amoonguss|Amoonguss, F|100/100
|-damage|p1a: Amoonguss|88/100|[from] Stealth Rock
|move|p2a: Ditto|Psychic|p1a: Amoonguss
|-supereffective|p1a: Amoonguss
|-damage|p1a: Amoonguss|0 fnt
|faint|p1a: Amoonguss
|
|upkeep
|
|t:|1612781918
|switch|p1a: Scizor|Scizor, F|68/100
|turn|29
|
|t:|1612781924
|move|p2a: Ditto|Psychic|p1a: Scizor
|-resisted|p1a: Scizor
|-damage|p1a: Scizor|31/100
|move|p1a: Scizor|Roost|p1a: Scizor
|-heal|p1a: Scizor|82/100
|-singleturn|p1a: Scizor|move: Roost
|
|upkeep
|turn|30
|
|t:|1612781931
|switch|p2a: Victini|Victini|100/100
|move|p1a: Scizor|U-turn|p2a: Victini
|-damage|p2a: Victini|59/100
|
|t:|1612781935
|switch|p1a: Rhyperior|Rhyperior, M|37/100 tox|[from]move: U-turn
|-damage|p1a: Rhyperior|31/100 tox|[from] Stealth Rock
|
|-heal|p1a: Rhyperior|37/100 tox|[from] item: Leftovers
|-damage|p1a: Rhyperior|31/100 tox|[from] psn
|upkeep
|turn|31
|
|t:|1612781951
|move|p2a: Victini|U-turn|p1a: Rhyperior
|-damage|p1a: Rhyperior|18/100 tox
|
|t:|1612781957
|switch|p2a: Keldeo|Keldeo-Resolute|34/100|[from]move: U-turn
|-damage|p2a: Keldeo|27/100|[from] Stealth Rock
|move|p1a: Rhyperior|Earthquake|p2a: Keldeo
|-damage|p2a: Keldeo|0 fnt
|faint|p2a: Keldeo
|
|-heal|p1a: Rhyperior|24/100 tox|[from] item: Leftovers
|-damage|p1a: Rhyperior|12/100 tox|[from] psn
|upkeep
|
|t:|1612781979
|switch|p2a: Scizor|Scizor, F|35/100
|-damage|p2a: Scizor|23/100|[from] Stealth Rock
|turn|32
|
|t:|1612781999
|move|p2a: Scizor|Knock Off|p1a: Rhyperior
|-damage|p1a: Rhyperior|0 fnt
|-enditem|p1a: Rhyperior|Leftovers|[from] move: Knock Off|[of] p2a: Scizor
|-damage|p2a: Scizor|13/100|[from] item: Life Orb
|faint|p1a: Rhyperior
|
|upkeep
|
|t:|1612782006
|switch|p1a: Thundurus|Thundurus, M|67/100
|turn|33
|
|t:|1612782019
|move|p2a: Scizor|Bullet Punch|p1a: Thundurus
|-resisted|p1a: Thundurus
|-damage|p1a: Thundurus|39/100
|-damage|p2a: Scizor|3/100|[from] item: Life Orb
|move|p1a: Thundurus|Thunderbolt|p2a: Scizor
|-damage|p2a: Scizor|0 fnt
|faint|p2a: Scizor
|
|upkeep
|
|t:|1612782027
|switch|p2a: Ditto|Ditto|88/100
|-damage|p2a: Ditto|76/100|[from] Stealth Rock
|-transform|p2a: Ditto|p1a: Thundurus|[from] ability: Imposter
|turn|34
|
|t:|1612782037
|move|p2a: Ditto|Thunderbolt|p1a: Thundurus
|-damage|p1a: Thundurus|0 fnt
|faint|p1a: Thundurus
|
|upkeep
|
|t:|1612782039
|switch|p1a: Scizor|Scizor, F|82/100
|turn|35
|
|t:|1612782042
|move|p2a: Ditto|Thunderbolt|p1a: Scizor
|-damage|p1a: Scizor|16/100
|-status|p1a: Scizor|par
|move|p1a: Scizor|Swords Dance|p1a: Scizor
|-boost|p1a: Scizor|atk|2
|
|upkeep
|turn|36
|
|t:|1612782048
|move|p1a: Scizor|Bullet Punch|p2a: Ditto
|-resisted|p2a: Ditto
|-damage|p2a: Ditto|23/100
|move|p2a: Ditto|Thunderbolt|p1a: Scizor
|-damage|p1a: Scizor|0 fnt
|faint|p1a: Scizor
|
|win|bioche80
|raw|wrgdf's rating: 1447 &rarr; <strong>1423</strong><br />(-24 for losing)
|raw|bioche80's rating: 1385 &rarr; <strong>1408</strong><br />(+23 for winning)
|c|☆bioche80|gg
|l|☆wrgdf
