|j|☆dead reckoning
|j|☆uult1 wendolro
|player|p1|dead reckoning|lucas|1554
|player|p2|uult1 wendolro|archer|1662
|teamsize|p1|6
|teamsize|p2|6
|gametype|singles
|gen|8
|tier|[Gen 8] UU
|rated|
|clearpoke
|poke|p1|Salazzle, F|
|poke|p1|Flygon, F|
|poke|p1|Pangoro, M|
|poke|p1|Sylveon, M|
|poke|p1|Rotom-Wash|
|poke|p1|Copperajah, F|
|poke|p2|Hitmontop, M|
|poke|p2|Reuniclus, M|
|poke|p2|Sandaconda, M|
|poke|p2|Golisopod, M|
|poke|p2|Drapion, F|
|poke|p2|Toxtricity-Low-Key, F|
|rule|Sleep Clause Mod: Limit one foe put to sleep
|rule|Species Clause: Limit one of each Pokémon
|rule|OHKO Clause: OHKO moves are banned
|rule|Evasion Moves Clause: Evasion moves are banned
|rule|Endless Battle Clause: Forcing endless battles is banned
|rule|HP Percentage Mod: HP is shown in percentages
|rule|Dynamax Clause: You cannot dynamax
|teampreview
|j| galactest bro !
|
|start
|switch|p1a: Rotom|Rotom-Wash|100/100
|switch|p2a: Hitmontop|Hitmontop, M|100/100
|turn|1
|c|☆dead reckoning|it's not even intimidate?
|
|move|p2a: Hitmontop|Fake Out|p1a: Rotom
|-damage|p1a: Rotom|80/100
|-damage|p2a: Hitmontop|91/100|[from] item: Life Orb
|cant|p1a: Rotom|flinch
|
|-heal|p1a: Rotom|86/100|[from] item: Leftovers
|upkeep
|turn|2
|c|☆dead reckoning|this stall is whack bro
|
|switch|p2a: Reuniclus|Reuniclus, M|100/100
|move|p1a: Rotom|Volt Switch|p2a: Reuniclus
|-damage|p2a: Reuniclus|84/100
|
|switch|p1a: Pangoro|Pangoro, M|100/100|[from]move: Volt Switch
|
|upkeep
|turn|3
|
|switch|p2a: Sandaconda|Sandaconda, M|100/100
|move|p1a: Pangoro|Knock Off|p2a: Sandaconda
|-damage|p2a: Sandaconda|52/100
|-damage|p1a: Pangoro|84/100|[from] item: Rocky Helmet|[of] p2a: Sandaconda
|-weather|Sandstorm|[from] ability: Sand Spit|[of] p2a: Sandaconda
|-enditem|p2a: Sandaconda|Rocky Helmet|[from] move: Knock Off|[of] p1a: Pangoro
|
|-weather|Sandstorm|[upkeep]
|-damage|p1a: Pangoro|78/100|[from] Sandstorm
|upkeep
|turn|4
|
|switch|p1a: Rotom|Rotom-Wash|86/100
|switch|p2a: Drapion|Drapion, F|100/100
|
|-weather|Sandstorm|[upkeep]
|-damage|p2a: Drapion|94/100|[from] Sandstorm
|-damage|p1a: Rotom|80/100|[from] Sandstorm
|-heal|p1a: Rotom|86/100|[from] item: Leftovers
|upkeep
|turn|5
|
|switch|p2a: Reuniclus|Reuniclus, M|100/100
|move|p1a: Rotom|Volt Switch|p2a: Reuniclus
|-damage|p2a: Reuniclus|86/100
|
|switch|p1a: Pangoro|Pangoro, M|78/100|[from]move: Volt Switch
|
|-weather|Sandstorm|[upkeep]
|-damage|p1a: Pangoro|72/100|[from] Sandstorm
|-damage|p2a: Reuniclus|79/100|[from] Sandstorm
|upkeep
|turn|6
|
|switch|p2a: Sandaconda|Sandaconda, M|52/100
|move|p1a: Pangoro|Knock Off|p2a: Sandaconda
|-damage|p2a: Sandaconda|14/100
|
|-weather|Sandstorm|[upkeep]
|-damage|p1a: Pangoro|66/100|[from] Sandstorm
|upkeep
|turn|7
|
|move|p2a: Sandaconda|Endure|p2a: Sandaconda
|-singleturn|p2a: Sandaconda|move: Endure
|move|p1a: Pangoro|Knock Off|p2a: Sandaconda
|-activate|p2a: Sandaconda|move: Endure
|-damage|p2a: Sandaconda|1/100
|
|-weather|none
|upkeep
|turn|8
|
|move|p1a: Pangoro|Knock Off|p2a: Sandaconda
|-damage|p2a: Sandaconda|0 fnt
|-weather|Sandstorm|[from] ability: Sand Spit|[of] p2a: Sandaconda
|faint|p2a: Sandaconda
|
|-weather|Sandstorm|[upkeep]
|-damage|p1a: Pangoro|60/100|[from] Sandstorm
|upkeep
|inactive|Battle timer is ON: inactive players will automatically lose when time's up. (requested by dead reckoning)
|
|switch|p2a: Drapion|Drapion, F|94/100
|turn|9
|
|switch|p1a: Rotom|Rotom-Wash|86/100
|move|p2a: Drapion|Knock Off|p1a: Rotom
|-damage|p1a: Rotom|43/100
|-enditem|p1a: Rotom|Leftovers|[from] move: Knock Off|[of] p2a: Drapion
|-damage|p2a: Drapion|84/100|[from] item: Life Orb
|
|-weather|Sandstorm|[upkeep]
|-damage|p2a: Drapion|78/100|[from] Sandstorm
|-damage|p1a: Rotom|37/100|[from] Sandstorm
|upkeep
|turn|10
|inactive|uult1 wendolro has 120 seconds left.
|inactive|uult1 wendolro has 90 seconds left.
|
|move|p2a: Drapion|Poison Jab|p1a: Rotom
|-damage|p1a: Rotom|1/100
|-damage|p2a: Drapion|68/100|[from] item: Life Orb
|move|p1a: Rotom|Pain Split|p2a: Drapion
|-sethp|p2a: Drapion|35/100|[from] move: Pain Split|[silent]
|-sethp|p1a: Rotom|33/100|[from] move: Pain Split
|
|-weather|Sandstorm|[upkeep]
|-damage|p2a: Drapion|29/100|[from] Sandstorm
|-damage|p1a: Rotom|27/100|[from] Sandstorm
|upkeep
|turn|11
|
|switch|p1a: Flygon|Flygon, F|100/100
|move|p2a: Drapion|Knock Off|p1a: Flygon
|-damage|p1a: Flygon|27/100
|-enditem|p1a: Flygon|Choice Scarf|[from] move: Knock Off|[of] p2a: Drapion
|-damage|p2a: Drapion|19/100|[from] item: Life Orb
|
|-weather|Sandstorm|[upkeep]
|-damage|p2a: Drapion|13/100|[from] Sandstorm
|upkeep
|turn|12
|
|switch|p2a: Golisopod|Golisopod, M|100/100
|move|p1a: Flygon|U-turn|p2a: Golisopod
|-damage|p2a: Golisopod|87/100
|
|switch|p1a: Copperajah|Copperajah, F|100/100|[from]move: U-turn
|
|-weather|none
|upkeep
|turn|13
|inactive|uult1 wendolro has 60 seconds left.
|
|switch|p2a: Drapion|Drapion, F|13/100
|move|p1a: Copperajah|Stealth Rock|p2a: Drapion
|-sidestart|p2: uult1 wendolro|move: Stealth Rock
|
|upkeep
|turn|14
|inactive|dead reckoning has 120 seconds left.
|
|switch|p1a: Rotom|Rotom-Wash|27/100
|move|p2a: Drapion|Knock Off|p1a: Rotom
|-damage|p1a: Rotom|0 fnt
|-damage|p2a: Drapion|3/100|[from] item: Life Orb
|faint|p1a: Rotom
|
|upkeep
|inactive|dead reckoning has 120 seconds left.
|
|switch|p1a: Flygon|Flygon, F|27/100
|turn|15
|inactive|dead reckoning has 120 seconds left.
|inactive|uult1 wendolro has 60 seconds left.
|
|switch|p2a: Hitmontop|Hitmontop, M|91/100
|-damage|p2a: Hitmontop|85/100|[from] Stealth Rock
|move|p1a: Flygon|U-turn|p2a: Hitmontop
|-resisted|p2a: Hitmontop
|-damage|p2a: Hitmontop|70/100
|inactive|dead reckoning has 120 seconds left.
|
|switch|p1a: Sylveon|Sylveon, M|100/100|[from]move: U-turn
|
|upkeep
|turn|16
|inactive|uult1 wendolro has 60 seconds left.
|
|switch|p2a: Reuniclus|Reuniclus, M|100/100
|-damage|p2a: Reuniclus|88/100|[from] Stealth Rock
|move|p1a: Sylveon|Hyper Voice|p2a: Reuniclus
|-damage|p2a: Reuniclus|61/100
|
|upkeep
|turn|17
|
|move|p1a: Sylveon|Hyper Voice|p2a: Reuniclus
|-damage|p2a: Reuniclus|35/100
|move|p2a: Reuniclus|Psychic|p1a: Sylveon
|-crit|p1a: Sylveon
|-damage|p1a: Sylveon|47/100
|
|-heal|p1a: Sylveon|53/100|[from] item: Leftovers
|upkeep
|turn|18
|
|move|p1a: Sylveon|Wish|p1a: Sylveon
|move|p2a: Reuniclus|Psychic|p1a: Sylveon
|-damage|p1a: Sylveon|21/100
|
|-heal|p1a: Sylveon|27/100|[from] item: Leftovers
|upkeep
|turn|19
|
|switch|p2a: Toxtricity|Toxtricity-Low-Key, F|100/100
|-damage|p2a: Toxtricity|88/100|[from] Stealth Rock
|move|p1a: Sylveon|Protect||[still]
|-fail|p1a: Sylveon
|
|-heal|p1a: Sylveon|77/100|[from] move: Wish|[wisher] Sylveon
|-heal|p1a: Sylveon|83/100|[from] item: Leftovers
|upkeep
|turn|20
|
|move|p1a: Sylveon|Protect|p1a: Sylveon
|-singleturn|p1a: Sylveon|Protect
|move|p2a: Toxtricity|Sludge Bomb|p1a: Sylveon
|-activate|p1a: Sylveon|move: Protect
|
|-heal|p1a: Sylveon|89/100|[from] item: Leftovers
|upkeep
|turn|21
|
|switch|p2a: Hitmontop|Hitmontop, M|70/100
|-damage|p2a: Hitmontop|65/100|[from] Stealth Rock
|switch|p1a: Copperajah|Copperajah, F|100/100
|
|upkeep
|turn|22
|
|switch|p1a: Sylveon|Sylveon, M|89/100
|move|p2a: Hitmontop|Close Combat|p1a: Sylveon
|-resisted|p1a: Sylveon
|-damage|p1a: Sylveon|63/100
|-unboost|p2a: Hitmontop|def|1
|-unboost|p2a: Hitmontop|spd|1
|-damage|p2a: Hitmontop|55/100|[from] item: Life Orb
|
|-heal|p1a: Sylveon|69/100|[from] item: Leftovers
|upkeep
|turn|23
|
|switch|p2a: Toxtricity|Toxtricity-Low-Key, F|88/100
|-damage|p2a: Toxtricity|76/100|[from] Stealth Rock
|move|p1a: Sylveon|Wish|p1a: Sylveon
|
|-heal|p1a: Sylveon|75/100|[from] item: Leftovers
|upkeep
|turn|24
|
|move|p1a: Sylveon|Protect|p1a: Sylveon
|-singleturn|p1a: Sylveon|Protect
|move|p2a: Toxtricity|Sludge Bomb|p1a: Sylveon
|-activate|p1a: Sylveon|move: Protect
|
|-heal|p1a: Sylveon|100/100|[from] move: Wish|[wisher] Sylveon
|upkeep
|turn|25
|
|switch|p1a: Copperajah|Copperajah, F|100/100
|move|p2a: Toxtricity|Sludge Bomb|p1a: Copperajah
|-immune|p1a: Copperajah
|
|upkeep
|turn|26
|
|switch|p2a: Drapion|Drapion, F|3/100
|-damage|p2a: Drapion|0 fnt|[from] Stealth Rock
|faint|p2a: Drapion
|move|p1a: Copperajah|Heavy Slam|p2: Drapion|[notarget]
|-fail|p1a: Copperajah
|
|upkeep
|
|switch|p2a: Golisopod|Golisopod, M|87/100
|turn|27
|
|move|p2a: Golisopod|Spikes|p1a: Copperajah
|-sidestart|p1: dead reckoning|Spikes
|move|p1a: Copperajah|Power Whip|p2a: Golisopod
|-damage|p2a: Golisopod|60/100
|
|upkeep
|turn|28
|inactive|uult1 wendolro has 120 seconds left.
|
|move|p2a: Golisopod|Spikes|p1a: Copperajah
|-sidestart|p1: dead reckoning|Spikes
|move|p1a: Copperajah|Power Whip|p2a: Golisopod
|-damage|p2a: Golisopod|31/100
|-activate|p2a: Golisopod|ability: Emergency Exit
|
|switch|p2a: Hitmontop|Hitmontop, M|55/100
|-damage|p2a: Hitmontop|49/100|[from] Stealth Rock
|
|upkeep
|turn|29
|
|switch|p1a: Sylveon|Sylveon, M|100/100
|-damage|p1a: Sylveon|84/100|[from] Spikes
|move|p2a: Hitmontop|Close Combat|p1a: Sylveon
|-resisted|p1a: Sylveon
|-damage|p1a: Sylveon|54/100
|-unboost|p2a: Hitmontop|def|1
|-unboost|p2a: Hitmontop|spd|1
|-damage|p2a: Hitmontop|39/100|[from] item: Life Orb
|
|-heal|p1a: Sylveon|60/100|[from] item: Leftovers
|upkeep
|turn|30
|
|switch|p2a: Toxtricity|Toxtricity-Low-Key, F|76/100
|-damage|p2a: Toxtricity|63/100|[from] Stealth Rock
|move|p1a: Sylveon|Wish|p1a: Sylveon
|
|-heal|p1a: Sylveon|66/100|[from] item: Leftovers
|upkeep
|turn|31
|
|move|p1a: Sylveon|Protect|p1a: Sylveon
|-singleturn|p1a: Sylveon|Protect
|move|p2a: Toxtricity|Sludge Bomb|p1a: Sylveon
|-activate|p1a: Sylveon|move: Protect
|
|-heal|p1a: Sylveon|100/100|[from] move: Wish|[wisher] Sylveon
|upkeep
|turn|32
|
|switch|p2a: Hitmontop|Hitmontop, M|39/100
|-damage|p2a: Hitmontop|34/100|[from] Stealth Rock
|switch|p1a: Copperajah|Copperajah, F|100/100
|-damage|p1a: Copperajah|84/100|[from] Spikes
|
|-heal|p1a: Copperajah|90/100|[from] item: Leftovers
|upkeep
|turn|33
|
|switch|p2a: Toxtricity|Toxtricity-Low-Key, F|63/100
|-damage|p2a: Toxtricity|51/100|[from] Stealth Rock
|switch|p1a: Sylveon|Sylveon, M|100/100
|-damage|p1a: Sylveon|84/100|[from] Spikes
|
|-heal|p1a: Sylveon|90/100|[from] item: Leftovers
|upkeep
|turn|34
|
|move|p1a: Sylveon|Protect|p1a: Sylveon
|-singleturn|p1a: Sylveon|Protect
|move|p2a: Toxtricity|Sludge Bomb|p1a: Sylveon
|-activate|p1a: Sylveon|move: Protect
|
|-heal|p1a: Sylveon|96/100|[from] item: Leftovers
|upkeep
|turn|35
|
|switch|p2a: Golisopod|Golisopod, M|31/100
|switch|p1a: Copperajah|Copperajah, F|90/100
|-damage|p1a: Copperajah|73/100|[from] Spikes
|
|-heal|p1a: Copperajah|80/100|[from] item: Leftovers
|upkeep
|turn|36
|
|move|p2a: Golisopod|Spikes|p1a: Copperajah
|-sidestart|p1: dead reckoning|Spikes
|move|p1a: Copperajah|Power Whip|p2a: Golisopod|[miss]
|-miss|p1a: Copperajah|p2a: Golisopod
|
|-heal|p1a: Copperajah|86/100|[from] item: Leftovers
|upkeep
|turn|37
|
|move|p2a: Golisopod|Leech Life|p1a: Copperajah
|-resisted|p1a: Copperajah
|-damage|p1a: Copperajah|63/100
|-heal|p2a: Golisopod|45/100|[from] drain|[of] p1a: Copperajah
|move|p1a: Copperajah|Heavy Slam|p2a: Golisopod
|-resisted|p2a: Golisopod
|-damage|p2a: Golisopod|26/100
|
|-heal|p1a: Copperajah|69/100|[from] item: Leftovers
|upkeep
|turn|38
|
|move|p2a: Golisopod|Leech Life|p1a: Copperajah
|-resisted|p1a: Copperajah
|-damage|p1a: Copperajah|47/100
|-heal|p2a: Golisopod|39/100|[from] drain|[of] p1a: Copperajah
|move|p1a: Copperajah|Power Whip|p2a: Golisopod
|-damage|p2a: Golisopod|10/100
|
|-heal|p1a: Copperajah|53/100|[from] item: Leftovers
|upkeep
|turn|39
|
|move|p2a: Golisopod|Leech Life|p1a: Copperajah
|-resisted|p1a: Copperajah
|-damage|p1a: Copperajah|30/100
|-heal|p2a: Golisopod|24/100|[from] drain|[of] p1a: Copperajah
|move|p1a: Copperajah|Power Whip|p2a: Golisopod|[miss]
|-miss|p1a: Copperajah|p2a: Golisopod
|
|-heal|p1a: Copperajah|37/100|[from] item: Leftovers
|upkeep
|turn|40
|
|move|p2a: Golisopod|Leech Life|p1a: Copperajah
|-resisted|p1a: Copperajah
|-damage|p1a: Copperajah|13/100
|-heal|p2a: Golisopod|38/100|[from] drain|[of] p1a: Copperajah
|move|p1a: Copperajah|Power Whip|p2a: Golisopod
|-damage|p2a: Golisopod|9/100
|
|-heal|p1a: Copperajah|20/100|[from] item: Leftovers
|upkeep
|turn|41
|
|move|p2a: Golisopod|Leech Life|p1a: Copperajah
|-resisted|p1a: Copperajah
|-damage|p1a: Copperajah|0 fnt
|-heal|p2a: Golisopod|21/100|[from] drain|[of] p1a: Copperajah
|faint|p1a: Copperajah
|
|upkeep
|
|switch|p1a: Salazzle|Salazzle, F|100/100
|turn|42
|
|move|p2a: Golisopod|Aqua Jet|p1a: Salazzle
|-supereffective|p1a: Salazzle
|-damage|p1a: Salazzle|16/100
|move|p1a: Salazzle|Sludge Wave|p2a: Golisopod
|-damage|p2a: Golisopod|0 fnt
|faint|p2a: Golisopod
|
|upkeep
|
|switch|p2a: Hitmontop|Hitmontop, M|34/100
|-damage|p2a: Hitmontop|28/100|[from] Stealth Rock
|turn|43
|
|switch|p1a: Sylveon|Sylveon, M|96/100
|-damage|p1a: Sylveon|71/100|[from] Spikes
|move|p2a: Hitmontop|Fake Out|p1a: Sylveon
|-damage|p1a: Sylveon|52/100
|-damage|p2a: Hitmontop|18/100|[from] item: Life Orb
|
|-heal|p1a: Sylveon|58/100|[from] item: Leftovers
|upkeep
|turn|44
|j| UULT1 SOLO DOLO
|
|move|p2a: Hitmontop|Stone Edge|p1a: Sylveon|[miss]
|-miss|p2a: Hitmontop|p1a: Sylveon
|move|p1a: Sylveon|Wish|p1a: Sylveon
|
|-heal|p1a: Sylveon|64/100|[from] item: Leftovers
|upkeep
|turn|45
|
|move|p2a: Hitmontop|Stone Edge|p1a: Sylveon
|-damage|p1a: Sylveon|33/100
|-damage|p2a: Hitmontop|8/100|[from] item: Life Orb
|move|p1a: Sylveon|Hyper Voice|p2a: Hitmontop
|-supereffective|p2a: Hitmontop
|-damage|p2a: Hitmontop|0 fnt
|faint|p2a: Hitmontop
|
|-heal|p1a: Sylveon|82/100|[from] move: Wish|[wisher] Sylveon
|-heal|p1a: Sylveon|89/100|[from] item: Leftovers
|upkeep
|
|switch|p2a: Toxtricity|Toxtricity-Low-Key, F|51/100
|-damage|p2a: Toxtricity|39/100|[from] Stealth Rock
|turn|46
|
|move|p1a: Sylveon|Protect|p1a: Sylveon
|-singleturn|p1a: Sylveon|Protect
|move|p2a: Toxtricity|Sludge Bomb|p1a: Sylveon
|-activate|p1a: Sylveon|move: Protect
|
|-heal|p1a: Sylveon|95/100|[from] item: Leftovers
|upkeep
|turn|47
|
|move|p2a: Toxtricity|Sludge Bomb|p1a: Sylveon
|-supereffective|p1a: Sylveon
|-damage|p1a: Sylveon|34/100
|-status|p1a: Sylveon|psn
|move|p1a: Sylveon|Wish|p1a: Sylveon
|
|-heal|p1a: Sylveon|40/100 psn|[from] item: Leftovers
|-damage|p1a: Sylveon|27/100 psn|[from] psn
|upkeep
|turn|48
|
|move|p1a: Sylveon|Protect|p1a: Sylveon
|-singleturn|p1a: Sylveon|Protect
|move|p2a: Toxtricity|Sludge Bomb|p1a: Sylveon
|-activate|p1a: Sylveon|move: Protect
|
|-heal|p1a: Sylveon|77/100 psn|[from] move: Wish|[wisher] Sylveon
|-heal|p1a: Sylveon|83/100 psn|[from] item: Leftovers
|-damage|p1a: Sylveon|71/100 psn|[from] psn
|upkeep
|turn|49
|inactive|dead reckoning has 120 seconds left.
|j| Perhapsk
|
|switch|p1a: Salazzle|Salazzle, F|16/100
|move|p2a: Toxtricity|Sludge Bomb|p1a: Salazzle
|-resisted|p1a: Salazzle
|-damage|p1a: Salazzle|0 fnt
|faint|p1a: Salazzle
|
|upkeep
|
|switch|p1a: Flygon|Flygon, F|27/100
|turn|50
|
|move|p2a: Toxtricity|Sludge Bomb|p1a: Flygon
|-resisted|p1a: Flygon
|-crit|p1a: Flygon
|-damage|p1a: Flygon|0 fnt
|faint|p1a: Flygon
|
|upkeep
|inactive|dead reckoning has 120 seconds left.
|
|switch|p1a: Pangoro|Pangoro, M|60/100
|-damage|p1a: Pangoro|35/100|[from] Spikes
|turn|51
|
|move|p1a: Pangoro|Bullet Punch|p2a: Toxtricity
|-resisted|p2a: Toxtricity
|-damage|p2a: Toxtricity|20/100
|move|p2a: Toxtricity|Sludge Bomb|p1a: Pangoro
|-damage|p1a: Pangoro|0 fnt
|faint|p1a: Pangoro
|
|upkeep
|
|switch|p1a: Sylveon|Sylveon, M|71/100 psn
|-damage|p1a: Sylveon|46/100 psn|[from] Spikes
|turn|52
|c|☆dead reckoning|damn i threw this
|c|☆dead reckoning|gg
|j| UULT1 Warrior
|
|move|p2a: Toxtricity|Sludge Bomb|p1a: Sylveon
|-supereffective|p1a: Sylveon
|-damage|p1a: Sylveon|0 fnt
|faint|p1a: Sylveon
|
|win|uult1 wendolro
|c|☆uult1 wendolro|gg
|l|☆dead reckoning
|l| UULT1 Warrior
|l|☆uult1 wendolro
||Ladder (probably) updated, but score could not be retrieved (Response not received).
|l| Perhapsk
|j| SkipTheDripBayless
