|j|☆bioche80
|j|☆EliotEnRetar
|t:|1628630961
|gametype|singles
|player|p1|bioche80|artist-gen4|1483
|player|p2|EliotEnRetar|falkner|1645
|teamsize|p1|6
|teamsize|p2|6
|gen|8
|tier|[Gen 8] UU
|rated|
|rule|Sleep Clause Mod: Limit one foe put to sleep
|rule|Species Clause: Limit one of each Pokémon
|rule|OHKO Clause: OHKO moves are banned
|rule|Evasion Moves Clause: Evasion moves are banned
|rule|Endless Battle Clause: Forcing endless battles is banned
|rule|HP Percentage Mod: HP is shown in percentages
|rule|Dynamax Clause: You cannot dynamax
|clearpoke
|poke|p1|Mamoswine, M|
|poke|p1|Keldeo-Resolute|
|poke|p1|Rotom-Heat|
|poke|p1|Roserade, F|
|poke|p1|Jirachi|
|poke|p1|Tapu Bulu|
|poke|p2|Drapion, M|
|poke|p2|Talonflame, M|
|poke|p2|Rotom-Wash|
|poke|p2|Ribombee, F|
|poke|p2|Zygarde-10%|
|poke|p2|Conkeldurr, F|
|teampreview
|inactive|Battle timer is ON: inactive players will automatically lose when time's up. (requested by EliotEnRetar)
|c|☆bioche80|eliote putain 1600 ouah
|
|t:|1628630992
|start
|switch|p1a: Rotom|Rotom-Heat|100/100
|switch|p2a: BeeMovie|Ribombee, F|100/100
|turn|1
|
|t:|1628630998
|move|p2a: BeeMovie|Sticky Web|p1a: Rotom
|-sidestart|p1: bioche80|move: Sticky Web
|move|p1a: Rotom|Volt Switch|p2a: BeeMovie
|-crit|p2a: BeeMovie
|-damage|p2a: BeeMovie|39/100
|
|t:|1628631004
|switch|p1a: Mamoswine|Mamoswine, M|100/100|[from]move: Volt Switch
|-activate|p1a: Mamoswine|move: Sticky Web
|-unboost|p1a: Mamoswine|spe|1
|
|upkeep
|turn|2
|c|☆EliotEnRetar|merci hehe
|
|t:|1628631016
|move|p1a: Mamoswine|Ice Shard|p2a: BeeMovie
|-damage|p2a: BeeMovie|0 fnt
|faint|p2a: BeeMovie
|-damage|p1a: Mamoswine|91/100|[from] item: Life Orb
|
|upkeep
|
|t:|1628631026
|switch|p2a: CauetBurger|Rotom-Wash|100/100
|turn|3
|
|t:|1628631034
|switch|p1a: Roserade|Roserade, F|100/100
|-activate|p1a: Roserade|move: Sticky Web
|-unboost|p1a: Roserade|spe|1
|move|p2a: CauetBurger|Hydro Pump|p1a: Roserade
|-resisted|p1a: Roserade
|-damage|p1a: Roserade|88/100
|
|upkeep
|turn|4
|c|☆bioche80|je pensai que tu taperai pas
|
|t:|1628631060
|move|p2a: CauetBurger|Volt Switch|p1a: Roserade
|-resisted|p1a: Roserade
|-damage|p1a: Roserade|79/100
|
|t:|1628631065
|switch|p2a: Drrrrrrrascore|Drapion, M|100/100|[from]move: Volt Switch
|move|p1a: Roserade|Sludge Bomb|p2a: Drrrrrrrascore
|-resisted|p2a: Drrrrrrrascore
|-damage|p2a: Drrrrrrrascore|64/100
|
|upkeep
|turn|5
|c|☆EliotEnRetar|faut savoir surprendre des fois haha
|inactive|bioche80 has 120 seconds left.
|
|t:|1628631093
|move|p2a: Drrrrrrrascore|Swords Dance|p2a: Drrrrrrrascore
|-boost|p2a: Drrrrrrrascore|atk|2
|move|p1a: Roserade|Sludge Bomb|p2a: Drrrrrrrascore
|-resisted|p2a: Drrrrrrrascore
|-damage|p2a: Drrrrrrrascore|24/100
|
|upkeep
|turn|6
|inactive|bioche80 has 120 seconds left.
|c|☆EliotEnRetar|jouer comme un no brain ça peut faire gagner des game
|
|t:|1628631104
|move|p2a: Drrrrrrrascore|Knock Off|p1a: Roserade
|-damage|p1a: Roserade|0 fnt
|-enditem|p1a: Roserade|Assault Vest|[from] move: Knock Off|[of] p2a: Drrrrrrrascore
|faint|p1a: Roserade
|-damage|p2a: Drrrrrrrascore|14/100|[from] item: Life Orb
|
|upkeep
|inactive|bioche80 has 120 seconds left.
|
|t:|1628631110
|switch|p1a: Mamoswine|Mamoswine, M|91/100
|-activate|p1a: Mamoswine|move: Sticky Web
|-unboost|p1a: Mamoswine|spe|1
|turn|7
|
|t:|1628631115
|switch|p2a: CauetBurger|Rotom-Wash|100/100
|move|p1a: Mamoswine|Ice Shard|p2a: CauetBurger
|-resisted|p2a: CauetBurger
|-damage|p2a: CauetBurger|89/100
|-damage|p1a: Mamoswine|81/100|[from] item: Life Orb
|
|-heal|p2a: CauetBurger|95/100|[from] item: Leftovers
|upkeep
|turn|8
|
|t:|1628631127
|switch|p1a: Rotom|Rotom-Heat|100/100
|move|p2a: CauetBurger|Will-O-Wisp|p1a: Rotom|[miss]
|-miss|p2a: CauetBurger|p1a: Rotom
|
|-heal|p2a: CauetBurger|100/100|[from] item: Leftovers
|upkeep
|turn|9
|
|t:|1628631134
|move|p1a: Rotom|Defog|p2a: CauetBurger
|-unboost|p2a: CauetBurger|evasion|1
|-sideend|p1: bioche80|Sticky Web|[from] move: Defog|[of] p1a: Rotom
|move|p2a: CauetBurger|Hydro Pump|p1a: Rotom|[miss]
|-miss|p2a: CauetBurger|p1a: Rotom
|
|upkeep
|turn|10
|
|t:|1628631142
|move|p1a: Rotom|Volt Switch|p2a: CauetBurger
|-damage|p2a: CauetBurger|74/100
|
|t:|1628631155
|switch|p1a: Jirachi|Jirachi|100/100|[from]move: Volt Switch
|move|p2a: CauetBurger|Volt Switch|p1a: Jirachi
|-damage|p1a: Jirachi|72/100
|
|t:|1628631163
|switch|p2a: En Brrrrrr|Zygarde-10%|100/100|[from]move: Volt Switch
|-ability|p2a: En Brrrrrr|Aura Break
|
|upkeep
|turn|11
|
|t:|1628631171
|switch|p2a: CauetBurger|Rotom-Wash|74/100
|move|p1a: Jirachi|U-turn|p2a: CauetBurger
|-damage|p2a: CauetBurger|58/100
|
|t:|1628631180
|switch|p1a: Keldeo|Keldeo-Resolute|100/100|[from]move: U-turn
|
|-heal|p2a: CauetBurger|64/100|[from] item: Leftovers
|upkeep
|turn|12
|
|t:|1628631185
|move|p1a: Keldeo|Secret Sword|p2a: CauetBurger
|-damage|p2a: CauetBurger|17/100
|-damage|p1a: Keldeo|91/100|[from] item: Life Orb
|move|p2a: CauetBurger|Volt Switch|p1a: Keldeo
|-supereffective|p1a: Keldeo
|-crit|p1a: Keldeo
|-damage|p1a: Keldeo|0 fnt
|faint|p1a: Keldeo
|c|☆bioche80|oh no
|
|t:|1628631197
|switch|p2a: Etchebest|Conkeldurr, F|100/100|[from]move: Volt Switch
|
|-status|p2a: Etchebest|brn|[from] item: Flame Orb
|upkeep
|
|t:|1628631204
|switch|p1a: Tapu Bulu|Tapu Bulu|100/100
|-fieldstart|move: Grassy Terrain|[from] ability: Grassy Surge|[of] p1a: Tapu Bulu
|turn|13
|
|t:|1628631209
|switch|p2a: Drrrrrrrascore|Drapion, M|14/100
|move|p1a: Tapu Bulu|Horn Leech|p2a: Drrrrrrrascore
|-resisted|p2a: Drrrrrrrascore
|-damage|p2a: Drrrrrrrascore|0 fnt
|faint|p2a: Drrrrrrrascore
|
|upkeep
|
|t:|1628631215
|switch|p2a: BizouJeManvol|Talonflame, M|100/100
|turn|14
|
|t:|1628631225
|switch|p1a: Rotom|Rotom-Heat|100/100
|move|p2a: BizouJeManvol|U-turn|p1a: Rotom
|-resisted|p1a: Rotom
|-crit|p1a: Rotom
|-damage|p1a: Rotom|85/100
|
|t:|1628631230
|switch|p2a: Etchebest|Conkeldurr, F|100/100 brn|[from]move: U-turn
|
|-damage|p2a: Etchebest|95/100 brn|[from] brn
|upkeep
|turn|15
|
|t:|1628631236
|move|p1a: Rotom|Volt Switch|p2a: Etchebest
|-damage|p2a: Etchebest|59/100 brn
|
|t:|1628631239
|switch|p1a: Tapu Bulu|Tapu Bulu|100/100|[from]move: Volt Switch
|move|p2a: Etchebest|Facade|p1a: Tapu Bulu
|-damage|p1a: Tapu Bulu|40/100
|-damage|p2a: Etchebest|43/100 brn|[from] item: Rocky Helmet|[of] p1a: Tapu Bulu
|
|-heal|p1a: Tapu Bulu|46/100|[from] Grassy Terrain
|-heal|p2a: Etchebest|49/100 brn|[from] Grassy Terrain
|-damage|p2a: Etchebest|43/100 brn|[from] brn
|upkeep
|turn|16
|
|t:|1628631250
|switch|p2a: BizouJeManvol|Talonflame, M|100/100
|move|p1a: Tapu Bulu|Horn Leech|p2a: BizouJeManvol
|-resisted|p2a: BizouJeManvol
|-damage|p2a: BizouJeManvol|83/100
|-heal|p1a: Tapu Bulu|54/100|[from] drain|[of] p2a: BizouJeManvol
|
|-heal|p1a: Tapu Bulu|60/100|[from] Grassy Terrain
|upkeep
|turn|17
|
|t:|1628631259
|move|p2a: BizouJeManvol|Flare Blitz|p1a: Tapu Bulu
|-supereffective|p1a: Tapu Bulu
|-damage|p1a: Tapu Bulu|0 fnt
|-damage|p2a: BizouJeManvol|67/100|[from] item: Rocky Helmet|[of] p1a: Tapu Bulu
|faint|p1a: Tapu Bulu
|-damage|p2a: BizouJeManvol|44/100|[from] Recoil
|
|-fieldend|move: Grassy Terrain
|upkeep
|
|t:|1628631269
|switch|p1a: Mamoswine|Mamoswine, M|81/100
|turn|18
|
|t:|1628631275
|move|p1a: Mamoswine|Ice Shard|p2a: BizouJeManvol
|-damage|p2a: BizouJeManvol|0 fnt
|faint|p2a: BizouJeManvol
|-damage|p1a: Mamoswine|71/100|[from] item: Life Orb
|
|upkeep
|
|t:|1628631279
|switch|p2a: Etchebest|Conkeldurr, F|43/100 brn
|turn|19
|
|t:|1628631286
|move|p1a: Mamoswine|Ice Shard|p2a: Etchebest
|-damage|p2a: Etchebest|14/100 brn
|-damage|p1a: Mamoswine|61/100|[from] item: Life Orb
|move|p2a: Etchebest|Mach Punch|p1a: Mamoswine
|-supereffective|p1a: Mamoswine
|-damage|p1a: Mamoswine|0 fnt
|faint|p1a: Mamoswine
|
|-damage|p2a: Etchebest|8/100 brn|[from] brn
|upkeep
|
|t:|1628631301
|switch|p1a: Rotom|Rotom-Heat|85/100
|turn|20
|
|t:|1628631309
|move|p1a: Rotom|Volt Switch|p2a: Etchebest
|-damage|p2a: Etchebest|0 fnt
|faint|p2a: Etchebest
|
|t:|1628631313
|switch|p1a: Jirachi|Jirachi|72/100|[from]move: Volt Switch
|
|upkeep
|
|t:|1628631315
|switch|p2a: En Brrrrrr|Zygarde-10%|100/100
|-ability|p2a: En Brrrrrr|Aura Break
|turn|21
|c|☆bioche80|decisif
|
|t:|1628631325
|switch|p2a: CauetBurger|Rotom-Wash|17/100
|move|p1a: Jirachi|Iron Head|p2a: CauetBurger
|-resisted|p2a: CauetBurger
|-damage|p2a: CauetBurger|10/100
|
|-heal|p2a: CauetBurger|16/100|[from] item: Leftovers
|upkeep
|turn|22
|
|t:|1628631337
|switch|p1a: Rotom|Rotom-Heat|85/100
|move|p2a: CauetBurger|Volt Switch|p1a: Rotom
|-resisted|p1a: Rotom
|-damage|p1a: Rotom|71/100
|
|t:|1628631339
|switch|p2a: En Brrrrrr|Zygarde-10%|100/100|[from]move: Volt Switch
|-ability|p2a: En Brrrrrr|Aura Break
|
|upkeep
|turn|23
|
|t:|1628631348
|move|p2a: En Brrrrrr|Thousand Arrows|p1a: Rotom
|-supereffective|p1a: Rotom
|-damage|p1a: Rotom|0 fnt
|faint|p1a: Rotom
|
|upkeep
|
|t:|1628631353
|switch|p1a: Jirachi|Jirachi|72/100
|turn|24
|
|t:|1628631356
|switch|p2a: CauetBurger|Rotom-Wash|16/100
|move|p1a: Jirachi|Iron Head|p2a: CauetBurger
|-resisted|p2a: CauetBurger
|-damage|p2a: CauetBurger|9/100
|
|-heal|p2a: CauetBurger|16/100|[from] item: Leftovers
|upkeep
|turn|25
|
|t:|1628631363
|move|p1a: Jirachi|Iron Head|p2a: CauetBurger
|-resisted|p2a: CauetBurger
|-damage|p2a: CauetBurger|8/100
|cant|p2a: CauetBurger|flinch
|
|-heal|p2a: CauetBurger|15/100|[from] item: Leftovers
|upkeep
|turn|26
|
|t:|1628631369
|move|p1a: Jirachi|Iron Head|p2a: CauetBurger
|-resisted|p2a: CauetBurger
|-damage|p2a: CauetBurger|8/100
|cant|p2a: CauetBurger|flinch
|
|-heal|p2a: CauetBurger|14/100|[from] item: Leftovers
|upkeep
|turn|27
|
|t:|1628631375
|move|p1a: Jirachi|Iron Head|p2a: CauetBurger
|-resisted|p2a: CauetBurger
|-damage|p2a: CauetBurger|7/100
|move|p2a: CauetBurger|Will-O-Wisp|p1a: Jirachi
|-status|p1a: Jirachi|brn
|
|-heal|p2a: CauetBurger|13/100|[from] item: Leftovers
|-damage|p1a: Jirachi|66/100 brn|[from] brn
|upkeep
|turn|28
|c|☆bioche80|gg
|
|t:|1628631384
|move|p1a: Jirachi|Iron Head|p2a: CauetBurger
|-resisted|p2a: CauetBurger
|-damage|p2a: CauetBurger|10/100
|move|p2a: CauetBurger|Hydro Pump|p1a: Jirachi|[miss]
|-miss|p2a: CauetBurger|p1a: Jirachi
|
|-heal|p2a: CauetBurger|16/100|[from] item: Leftovers
|-damage|p1a: Jirachi|60/100 brn|[from] brn
|upkeep
|turn|29
|c|☆EliotEnRetar|gg
|
|t:|1628631393
|move|p1a: Jirachi|Iron Head|p2a: CauetBurger
|-resisted|p2a: CauetBurger
|-damage|p2a: CauetBurger|13/100
|cant|p2a: CauetBurger|flinch
|
|-heal|p2a: CauetBurger|19/100|[from] item: Leftovers
|-damage|p1a: Jirachi|54/100 brn|[from] brn
|upkeep
|turn|30
|-message|bioche80 forfeited.
|
|win|EliotEnRetar
|raw|bioche80's rating: 1483 &rarr; <strong>1472</strong><br />(-11 for losing)
|raw|EliotEnRetar's rating: 1645 &rarr; <strong>1656</strong><br />(+11 for winning)
|c|☆bioche80|11 sa va
|c|☆EliotEnRetar|honnête haha
|c|☆EliotEnRetar|bonne nuit
|c|☆bioche80|allez bonne chance pour la premiere place
|c|☆EliotEnRetar|merci :)
||Ladder isn't responding, score probably updated but might not have (Request timeout).
