|html|<div class="broadcast-blue"><strong>[Gen 8] UU is currently suspecting Scizor! For information on how to participate check out the <a href="https://www.smogon.com/forums/threads/ss-uu-stage-12-2-spider-dance.3704866/">suspect thread</a>.</strong></div>
|j|☆SDK04
|j|☆Eazigzagoon
|t:|1659293187
|gametype|singles
|player|p1|SDK04|nate|1301
|player|p2|Eazigzagoon|lance-masters|1509
|teamsize|p1|6
|teamsize|p2|6
|gen|8
|tier|[Gen 8] UU
|rated|
|rule|Sleep Clause Mod: Limit one foe put to sleep
|rule|Species Clause: Limit one of each Pokémon
|rule|OHKO Clause: OHKO moves are banned
|rule|Evasion Moves Clause: Evasion moves are banned
|rule|Endless Battle Clause: Forcing endless battles is banned
|rule|HP Percentage Mod: HP is shown in percentages
|rule|Dynamax Clause: You cannot dynamax
|clearpoke
|poke|p1|Nihilego|
|poke|p1|Zarude|
|poke|p1|Mandibuzz, F|
|poke|p1|Salamence, F|
|poke|p1|Slowbro-Galar, M|
|poke|p1|Registeel|
|poke|p2|Magneton|
|poke|p2|Scizor, M|
|poke|p2|Gyarados, F|
|poke|p2|Excadrill, M|
|poke|p2|Mimikyu, M|
|poke|p2|Salamence, M|
|teampreview
|inactive|Battle timer is ON: inactive players will automatically lose when time's up. (requested by SDK04)
|
|t:|1659293199
|start
|switch|p1a: RNGesus|Slowbro-Galar, M|100/100
|switch|p2a: Excadrill|Excadrill, M|100/100
|-ability|p2a: Excadrill|Mold Breaker
|turn|1
|
|t:|1659293208
|move|p2a: Excadrill|Stealth Rock|p1a: RNGesus
|-sidestart|p1: SDK04|move: Stealth Rock
|move|p1a: RNGesus|Hydro Pump|p2a: Excadrill
|-supereffective|p2a: Excadrill
|-damage|p2a: Excadrill|11/100
|
|upkeep
|turn|2
|-activate|p1a: RNGesus|item: Quick Claw
|
|t:|1659293213
|move|p1a: RNGesus|Flamethrower|p2a: Excadrill
|-supereffective|p2a: Excadrill
|-damage|p2a: Excadrill|0 fnt
|faint|p2a: Excadrill
|
|upkeep
|
|t:|1659293227
|switch|p2a: Gyarados|Gyarados, F|100/100
|turn|3
|
|t:|1659293230
|move|p2a: Gyarados|Dragon Dance|p2a: Gyarados
|-boost|p2a: Gyarados|atk|1
|-boost|p2a: Gyarados|spe|1
|move|p1a: RNGesus|Nasty Plot|p1a: RNGesus
|-boost|p1a: RNGesus|spa|2
|
|upkeep
|turn|4
|
|t:|1659293236
|move|p2a: Gyarados|Waterfall|p1a: RNGesus
|-damage|p1a: RNGesus|36/100
|move|p1a: RNGesus|Psyshock|p2a: Gyarados
|-damage|p2a: Gyarados|1/100
|
|upkeep
|turn|5
|
|t:|1659293243
|move|p2a: Gyarados|Waterfall|p1a: RNGesus
|-damage|p1a: RNGesus|0 fnt
|faint|p1a: RNGesus
|-ability|p2a: Gyarados|Moxie|boost
|-boost|p2a: Gyarados|atk|1
|
|upkeep
|
|t:|1659293248
|switch|p1a: No Chansey?|Salamence, F|100/100
|-ability|p1a: No Chansey?|Intimidate|boost
|-unboost|p2a: Gyarados|atk|1
|turn|6
|
|t:|1659293252
|move|p2a: Gyarados|Ice Fang|p1a: No Chansey?
|-supereffective|p1a: No Chansey?
|-damage|p1a: No Chansey?|0 fnt
|faint|p1a: No Chansey?
|-ability|p2a: Gyarados|Moxie|boost
|-boost|p2a: Gyarados|atk|1
|
|upkeep
|
|t:|1659293254
|switch|p1a: Janitor|Mandibuzz, F|100/100
|turn|7
|
|t:|1659293267
|move|p2a: Gyarados|Ice Fang|p1a: Janitor
|-supereffective|p1a: Janitor
|-crit|p1a: Janitor
|-damage|p1a: Janitor|16/100
|move|p1a: Janitor|Foul Play|p2a: Gyarados
|-damage|p2a: Gyarados|0 fnt
|faint|p2a: Gyarados
|
|upkeep
|
|t:|1659293279
|switch|p2a: Magneton|Magneton|100/100
|turn|8
|
|t:|1659293283
|move|p2a: Magneton|Volt Switch|p1a: Janitor
|-supereffective|p1a: Janitor
|-damage|p1a: Janitor|0 fnt
|faint|p1a: Janitor
|
|t:|1659293298
|switch|p2a: Salamence|Salamence, M|100/100|[from]move: Volt Switch
|
|upkeep
|
|t:|1659293304
|switch|p1a: Ill Intentions|Nihilego|100/100
|-damage|p1a: Ill Intentions|88/100|[from] Stealth Rock
|turn|9
|
|t:|1659293310
|switch|p2a: Magneton|Magneton|100/100
|move|p1a: Ill Intentions|Knock Off|p2a: Magneton
|-damage|p2a: Magneton|84/100
|-enditem|p2a: Magneton|Occa Berry|[from] move: Knock Off|[of] p1a: Ill Intentions
|
|-heal|p1a: Ill Intentions|94/100|[from] item: Black Sludge
|upkeep
|turn|10
|
|t:|1659293317
|move|p1a: Ill Intentions|Stealth Rock|p2a: Magneton
|-sidestart|p2: Eazigzagoon|move: Stealth Rock
|move|p2a: Magneton|Steel Beam|p1a: Ill Intentions|[miss]
|-miss|p2a: Magneton|p1a: Ill Intentions
|-damage|p2a: Magneton|34/100|[from] steelbeam
|
|-heal|p1a: Ill Intentions|100/100|[from] item: Black Sludge
|upkeep
|turn|11
|
|t:|1659293322
|switch|p1a: No|Registeel|100/100
|-damage|p1a: No|94/100|[from] Stealth Rock
|move|p2a: Magneton|Steel Beam|p1a: No
|-resisted|p1a: No
|-damage|p1a: No|70/100
|-damage|p2a: Magneton|0 fnt|[from] mindblown
|faint|p2a: Magneton
|
|upkeep
|
|t:|1659293326
|switch|p2a: Mimikyu|Mimikyu, M|100/100
|-damage|p2a: Mimikyu|88/100|[from] Stealth Rock
|turn|12
|
|t:|1659293329
|move|p2a: Mimikyu|Swords Dance|p2a: Mimikyu
|-boost|p2a: Mimikyu|atk|2
|move|p1a: No|Iron Defense|p1a: No
|-boost|p1a: No|def|2
|
|upkeep
|turn|13
|
|t:|1659293333
|move|p2a: Mimikyu|Swords Dance|p2a: Mimikyu
|-boost|p2a: Mimikyu|atk|2
|move|p1a: No|Iron Defense|p1a: No
|-boost|p1a: No|def|2
|
|upkeep
|turn|14
|
|t:|1659293341
|move|p2a: Mimikyu|Swords Dance|p2a: Mimikyu
|-boost|p2a: Mimikyu|atk|2
|move|p1a: No|Iron Defense|p1a: No
|-boost|p1a: No|def|2
|
|upkeep
|turn|15
|
|t:|1659293348
|move|p2a: Mimikyu|Shadow Claw|p1a: No
|-damage|p1a: No|49/100
|-damage|p2a: Mimikyu|78/100|[from] item: Life Orb
|move|p1a: No|Amnesia|p1a: No
|-boost|p1a: No|spd|2
|
|upkeep
|turn|16
|
|t:|1659293362
|move|p2a: Mimikyu|Shadow Claw|p1a: No
|-damage|p1a: No|29/100
|-damage|p2a: Mimikyu|68/100|[from] item: Life Orb
|move|p1a: No|Rest|p1a: No
|-status|p1a: No|slp|[from] move: Rest
|-heal|p1a: No|100/100 slp|[silent]
|-enditem|p1a: No|Chesto Berry|[eat]
|-curestatus|p1a: No|slp|[msg]
|
|upkeep
|turn|17
|
|t:|1659293370
|move|p2a: Mimikyu|Shadow Claw|p1a: No
|-damage|p1a: No|79/100
|-damage|p2a: Mimikyu|58/100|[from] item: Life Orb
|move|p1a: No|Amnesia|p1a: No
|-boost|p1a: No|spd|2
|
|upkeep
|turn|18
|
|t:|1659293377
|move|p2a: Mimikyu|Shadow Claw|p1a: No
|-damage|p1a: No|57/100
|-damage|p2a: Mimikyu|48/100|[from] item: Life Orb
|move|p1a: No|Amnesia|p1a: No
|-boost|p1a: No|spd|2
|
|upkeep
|turn|19
|
|t:|1659293382
|move|p2a: Mimikyu|Shadow Claw|p1a: No
|-damage|p1a: No|37/100
|-damage|p2a: Mimikyu|38/100|[from] item: Life Orb
|move|p1a: No|Amnesia|p1a: No
|-boost|p1a: No|spd|0
|
|upkeep
|turn|20
|
|t:|1659293387
|move|p2a: Mimikyu|Shadow Claw|p1a: No
|-damage|p1a: No|14/100
|-damage|p2a: Mimikyu|28/100|[from] item: Life Orb
|move|p1a: No|Rest|p1a: No
|-status|p1a: No|slp|[from] move: Rest
|-heal|p1a: No|100/100 slp|[silent]
|
|upkeep
|turn|21
|
|t:|1659293390
|move|p2a: Mimikyu|Shadow Claw|p1a: No
|-damage|p1a: No|81/100 slp
|-damage|p2a: Mimikyu|18/100|[from] item: Life Orb
|cant|p1a: No|slp
|
|upkeep
|turn|22
|
|t:|1659293398
|move|p2a: Mimikyu|Shadow Claw|p1a: No
|-damage|p1a: No|61/100 slp
|-damage|p2a: Mimikyu|8/100|[from] item: Life Orb
|cant|p1a: No|slp
|
|upkeep
|turn|23
|
|t:|1659293405
|move|p2a: Mimikyu|Shadow Claw|p1a: No
|-damage|p1a: No|42/100 slp
|-damage|p2a: Mimikyu|0 fnt|[from] item: Life Orb
|faint|p2a: Mimikyu
|-curestatus|p1a: No|slp|[msg]
|move|p1a: No|Amnesia|p1a: No
|-boost|p1a: No|spd|0
|
|upkeep
|
|t:|1659293413
|switch|p2a: Salamence|Salamence, M|100/100
|-damage|p2a: Salamence|76/100|[from] Stealth Rock
|turn|24
|
|t:|1659293419
|move|p2a: Salamence|Earthquake|p1a: No
|-supereffective|p1a: No
|-damage|p1a: No|33/100
|move|p1a: No|Body Press|p2a: Salamence
|-resisted|p2a: Salamence
|-damage|p2a: Salamence|0 fnt
|faint|p2a: Salamence
|
|upkeep
|
|t:|1659293422
|switch|p2a: Scizor|Scizor, M|100/100
|-damage|p2a: Scizor|88/100|[from] Stealth Rock
|turn|25
|
|t:|1659293427
|move|p2a: Scizor|Knock Off|p1a: No
|-damage|p1a: No|29/100
|-damage|p2a: Scizor|78/100|[from] item: Life Orb
|move|p1a: No|Body Press|p2a: Scizor
|-damage|p2a: Scizor|0 fnt
|faint|p2a: Scizor
|
|win|SDK04
|raw|SDK04's rating: 1301 &rarr; <strong>1332</strong><br />(+31 for winning)
|raw|Eazigzagoon's rating: 1509 &rarr; <strong>1478</strong><br />(-31 for losing)
|l|☆Eazigzagoon
|c|☆SDK04|gg
|c|☆SDK04|wp
