|j|☆Goro Yagami 7@!
|j|☆SwitchingIsGreat
|t:|1660269816
|gametype|singles
|player|p1|Goro Yagami 7|tourist|1325
|player|p2|SwitchingIsGreat|265|1529
|teamsize|p1|6
|teamsize|p2|6
|gen|8
|tier|[Gen 8] UU
|rated|
|rule|Sleep Clause Mod: Limit one foe put to sleep
|rule|Species Clause: Limit one of each Pokémon
|rule|OHKO Clause: OHKO moves are banned
|rule|Evasion Items Clause: Evasion items are banned
|rule|Evasion Moves Clause: Evasion moves are banned
|rule|Endless Battle Clause: Forcing endless battles is banned
|rule|HP Percentage Mod: HP is shown in percentages
|rule|Dynamax Clause: You cannot dynamax
|clearpoke
|poke|p1|Excadrill, F|
|poke|p1|Celesteela|
|poke|p1|Gyarados, M|
|poke|p1|Scizor, F|
|poke|p1|Azelf|
|poke|p1|Keldeo-Resolute|
|poke|p2|Necrozma|
|poke|p2|Starmie|
|poke|p2|Conkeldurr, M|
|poke|p2|Celesteela|
|poke|p2|Excadrill, F|
|poke|p2|Nihilego|
|teampreview
|inactive|Battle timer is ON: inactive players will automatically lose when time's up. (requested by SwitchingIsGreat)
|
|t:|1660269834
|start
|switch|p1a: Excadrill|Excadrill, F|100/100
|switch|p2a: Excadrill|Excadrill, F|100/100
|-ability|p2a: Excadrill|Mold Breaker
|-ability|p1a: Excadrill|Mold Breaker
|turn|1
|
|t:|1660269837
|move|p2a: Excadrill|Earthquake|p1a: Excadrill
|-supereffective|p1a: Excadrill
|-enditem|p1a: Excadrill|Focus Sash
|-damage|p1a: Excadrill|1/100
|move|p1a: Excadrill|Rapid Spin|p2a: Excadrill
|-resisted|p2a: Excadrill
|-damage|p2a: Excadrill|88/100
|-boost|p1a: Excadrill|spe|1
|
|upkeep
|turn|2
|
|t:|1660269845
|move|p1a: Excadrill|Earthquake|p2a: Excadrill
|-supereffective|p2a: Excadrill
|-damage|p2a: Excadrill|0 fnt
|faint|p2a: Excadrill
|
|upkeep
|
|t:|1660269847
|switch|p2a: Conkeldurr|Conkeldurr, M|100/100
|turn|3
|
|t:|1660269856
|move|p2a: Conkeldurr|Mach Punch|p1a: Excadrill
|-supereffective|p1a: Excadrill
|-damage|p1a: Excadrill|0 fnt
|faint|p1a: Excadrill
|
|-status|p2a: Conkeldurr|brn|[from] item: Flame Orb
|upkeep
|
|t:|1660269874
|switch|p1a: Azelf|Azelf|100/100
|turn|4
|
|t:|1660269904
|switch|p2a: Celesteela|Celesteela|100/100
|move|p1a: Azelf|Psyshock|p2a: Celesteela
|-resisted|p2a: Celesteela
|-damage|p2a: Celesteela|82/100
|
|upkeep
|turn|5
|inactive|SwitchingIsGreat has 120 seconds left.
|
|t:|1660269926
|move|p1a: Azelf|Flamethrower|p2a: Celesteela
|-supereffective|p2a: Celesteela
|-damage|p2a: Celesteela|14/100
|move|p2a: Celesteela|Autotomize|p2a: Celesteela
|-boost|p2a: Celesteela|spe|2
|-start|p2a: Celesteela|Autotomize
|
|upkeep
|turn|6
|inactive|Goro Yagami 7 has 120 seconds left.
|inactive|Goro Yagami 7 has 90 seconds left.
|inactive|SwitchingIsGreat has 120 seconds left.
|
|t:|1660270012
|switch|p1a: Keldeo|Keldeo-Resolute|100/100
|move|p2a: Celesteela|Meteor Beam||[still]
|-prepare|p2a: Celesteela|Meteor Beam
|-boost|p2a: Celesteela|spa|1
|-enditem|p2a: Celesteela|Power Herb
|-anim|p2a: Celesteela|Meteor Beam|p1a: Keldeo
|-resisted|p1a: Keldeo
|-damage|p1a: Keldeo|67/100
|
|-heal|p1a: Keldeo|74/100|[from] item: Leftovers
|upkeep
|turn|7
|inactive|Goro Yagami 7 has 90 seconds left.
|
|t:|1660270021
|move|p2a: Celesteela|Air Slash|p1a: Keldeo
|-supereffective|p1a: Keldeo
|-crit|p1a: Keldeo
|-damage|p1a: Keldeo|0 fnt
|faint|p1a: Keldeo
|-ability|p2a: Celesteela|Beast Boost|boost
|-boost|p2a: Celesteela|spa|1
|
|upkeep
|
|t:|1660270023
|switch|p1a: Scizor|Scizor, F|100/100
|turn|8
|inactive|SwitchingIsGreat has 90 seconds left.
|
|t:|1660270053
|move|p1a: Scizor|Bullet Punch|p2a: Celesteela
|-resisted|p2a: Celesteela
|-damage|p2a: Celesteela|0 fnt
|faint|p2a: Celesteela
|-damage|p1a: Scizor|91/100|[from] item: Life Orb
|
|upkeep
|
|t:|1660270056
|switch|p2a: Necrozma|Necrozma|100/100
|turn|9
|
|t:|1660270070
|switch|p1a: Gyarados|Gyarados, M|100/100
|move|p2a: Necrozma|Heat Wave|p1a: Gyarados|[miss]
|-miss|p2a: Necrozma|p1a: Gyarados
|
|upkeep
|turn|10
|
|t:|1660270074
|move|p1a: Gyarados|Dragon Dance|p1a: Gyarados
|-boost|p1a: Gyarados|atk|1
|-boost|p1a: Gyarados|spe|1
|move|p2a: Necrozma|Dragon Dance|p2a: Necrozma
|-boost|p2a: Necrozma|atk|1
|-boost|p2a: Necrozma|spe|1
|
|upkeep
|turn|11
|
|t:|1660270079
|move|p1a: Gyarados|Waterfall|p2a: Necrozma
|-damage|p2a: Necrozma|36/100
|move|p2a: Necrozma|Dragon Dance|p2a: Necrozma
|-boost|p2a: Necrozma|atk|1
|-boost|p2a: Necrozma|spe|1
|
|upkeep
|turn|12
|inactive|SwitchingIsGreat has 120 seconds left.
|
|t:|1660270109
|move|p2a: Necrozma|Photon Geyser|p1a: Gyarados
|-damage|p1a: Gyarados|0 fnt
|faint|p1a: Gyarados
|
|upkeep
|inactive|Goro Yagami 7 has 120 seconds left.
|
|t:|1660270162
|switch|p1a: Scizor|Scizor, F|91/100
|turn|13
|
|t:|1660270172
|move|p1a: Scizor|Bullet Punch|p2a: Necrozma
|-damage|p2a: Necrozma|0 fnt
|faint|p2a: Necrozma
|-damage|p1a: Scizor|81/100|[from] item: Life Orb
|
|upkeep
|inactive|SwitchingIsGreat has 90 seconds left.
|
|t:|1660270220
|switch|p2a: Starmie|Starmie|100/100
|turn|14
|inactive|Goro Yagami 7 has 90 seconds left.
|
|t:|1660270255
|move|p2a: Starmie|Meteor Beam||[still]
|-prepare|p2a: Starmie|Meteor Beam
|-boost|p2a: Starmie|spa|1
|-enditem|p2a: Starmie|Power Herb
|-anim|p2a: Starmie|Meteor Beam|p1a: Scizor
|-damage|p1a: Scizor|3/100
|move|p1a: Scizor|Knock Off|p2a: Starmie
|-supereffective|p2a: Starmie
|-damage|p2a: Starmie|2/100
|-damage|p1a: Scizor|0 fnt|[from] item: Life Orb
|faint|p1a: Scizor
|
|upkeep
|c|☆Goro Yagami 7|ev's
|c|☆SwitchingIsGreat|ye
|inactive|Goro Yagami 7 has 60 seconds left.
|
|t:|1660270311
|switch|p1a: Celesteela|Celesteela|100/100
|turn|15
|
|t:|1660270315
|move|p2a: Starmie|Thunderbolt|p1a: Celesteela
|-supereffective|p1a: Celesteela
|-damage|p1a: Celesteela|25/100
|move|p1a: Celesteela|Air Slash|p2a: Starmie
|-damage|p2a: Starmie|0 fnt
|faint|p2a: Starmie
|-ability|p1a: Celesteela|Beast Boost|boost
|-boost|p1a: Celesteela|spa|1
|
|upkeep
|
|t:|1660270320
|switch|p2a: Nihilego|Nihilego|100/100
|turn|16
|
|t:|1660270323
|move|p2a: Nihilego|Thunderbolt|p1a: Celesteela
|-supereffective|p1a: Celesteela
|-damage|p1a: Celesteela|0 fnt
|faint|p1a: Celesteela
|-ability|p2a: Nihilego|Beast Boost|boost
|-boost|p2a: Nihilego|spe|1
|
|upkeep
|c|☆Goro Yagami 7|/me cries
|
|t:|1660270327
|switch|p1a: Azelf|Azelf|100/100
|turn|17
|c|☆Goro Yagami 7|tailor made to defeat me
|
|t:|1660270338
|move|p2a: Nihilego|Meteor Beam||[still]
|-prepare|p2a: Nihilego|Meteor Beam
|-boost|p2a: Nihilego|spa|1
|-enditem|p2a: Nihilego|Power Herb
|-anim|p2a: Nihilego|Meteor Beam|p1a: Azelf
|-damage|p1a: Azelf|0 fnt
|faint|p1a: Azelf
|
|win|SwitchingIsGreat
|raw|Goro Yagami 7's rating: 1325 &rarr; <strong>1316</strong><br />(-9 for losing)
|raw|SwitchingIsGreat's rating: 1529 &rarr; <strong>1538</strong><br />(+9 for winning)
|c|☆Goro Yagami 7|fuck
|c|☆Goro Yagami 7|gg
|c|☆SwitchingIsGreat|gg
|l|☆SwitchingIsGreat
|l|☆Goro Yagami 7
|j|☆Goro Yagami 7@!
|player|p1|Goro Yagami 7|tourist
||Ladder isn't responding, score probably updated but might not have (Request timeout).
|l|☆Goro Yagami 7
|player|p1|
|j|☆Goro Yagami 7@!
|player|p1|Goro Yagami 7|tourist
