|j|☆Gifwater
|j|☆Appleking123
|t:|1653859885
|gametype|singles
|player|p1|Gifwater|sanqua|
|player|p2|Appleking123|hiker-gen4|
|teamsize|p1|6
|teamsize|p2|6
|gen|8
|tier|[Gen 8] UU
|rule|Sleep Clause Mod: Limit one foe put to sleep
|rule|Species Clause: Limit one of each Pokémon
|rule|OHKO Clause: OHKO moves are banned
|rule|Evasion Moves Clause: Evasion moves are banned
|rule|Endless Battle Clause: Forcing endless battles is banned
|rule|HP Percentage Mod: HP is shown in percentages
|rule|Dynamax Clause: You cannot dynamax
|clearpoke
|poke|p1|Salamence, M|
|poke|p1|Azelf|
|poke|p1|Amoonguss, F|
|poke|p1|Slowking, M|
|poke|p1|Excadrill, F|
|poke|p1|Thundurus-Therian, M|
|poke|p2|Torkoal, F|
|poke|p2|Venusaur, M|
|poke|p2|Darmanitan, F|
|poke|p2|Mamoswine, F|
|poke|p2|Hatterene, F|
|poke|p2|Chansey, F|
|teampreview
|c|☆Gifwater|hf
|c|☆Appleking123|u 2
|c|☆Gifwater|him
|c|☆Gifwater|her*
|
|t:|1653859908
|start
|switch|p1a: Azelf|Azelf|100/100
|switch|p2a: Piggy|Mamoswine, F|100/100
|turn|1
|
|t:|1653859933
|move|p1a: Azelf|U-turn|p2a: Piggy
|-damage|p2a: Piggy|79/100
|
|t:|1653859937
|switch|p1a: Excadrill|Excadrill, F|100/100|[from]move: U-turn
|-ability|p1a: Excadrill|Mold Breaker
|move|p2a: Piggy|Knock Off|p1a: Excadrill
|-damage|p1a: Excadrill|43/100
|-enditem|p1a: Excadrill|Leftovers|[from] move: Knock Off|[of] p2a: Piggy
|
|upkeep
|turn|2
|
|t:|1653859945
|move|p1a: Excadrill|Iron Head|p2a: Piggy
|-supereffective|p2a: Piggy
|-damage|p2a: Piggy|0 fnt
|faint|p2a: Piggy
|
|upkeep
|
|t:|1653859947
|switch|p2a: Monke|Darmanitan, F|100/100
|turn|3
|
|t:|1653859957
|switch|p1a: Slowking|Slowking, M|100/100
|move|p2a: Monke|Flare Blitz|p1a: Slowking
|-resisted|p1a: Slowking
|-damage|p1a: Slowking|69/100
|-damage|p2a: Monke|89/100|[from] Recoil
|
|upkeep
|turn|4
|
|t:|1653859961
|switch|p2a: Ralph|Torkoal, F|100/100
|-weather|SunnyDay|[from] ability: Drought|[of] p2a: Ralph
|move|p1a: Slowking|Teleport|p1a: Slowking
|
|t:|1653859969
|switch|p1a: Thundurus|Thundurus-Therian, M|100/100|[from]move: Teleport
|
|-weather|SunnyDay|[upkeep]
|upkeep
|turn|5
|
|t:|1653859973
|switch|p2a: Egg|Chansey, F|100/100
|move|p1a: Thundurus|Thunderbolt|p2a: Egg
|-damage|p2a: Egg|85/100
|
|-weather|SunnyDay|[upkeep]
|upkeep
|turn|6
|
|t:|1653859976
|switch|p1a: Excadrill|Excadrill, F|43/100
|-ability|p1a: Excadrill|Mold Breaker
|move|p2a: Egg|Teleport|p2a: Egg
|
|t:|1653859979
|switch|p2a: Monke|Darmanitan, F|89/100|[from]move: Teleport
|
|-weather|SunnyDay|[upkeep]
|upkeep
|turn|7
|
|t:|1653859989
|switch|p1a: Amoonguss|Amoonguss, F|100/100
|move|p2a: Monke|Flare Blitz|p1a: Amoonguss
|-supereffective|p1a: Amoonguss
|-damage|p1a: Amoonguss|0 fnt
|-damage|p2a: Monke|73/100|[from] item: Rocky Helmet|[of] p1a: Amoonguss
|faint|p1a: Amoonguss
|-damage|p2a: Monke|32/100|[from] Recoil
|
|-weather|SunnyDay|[upkeep]
|upkeep
|
|t:|1653859992
|switch|p1a: Slowking|Slowking, M|100/100
|turn|8
|
|t:|1653859996
|switch|p2a: Egg|Chansey, F|85/100
|move|p1a: Slowking|Teleport|p1a: Slowking
|
|t:|1653860001
|switch|p1a: Excadrill|Excadrill, F|43/100|[from]move: Teleport
|-ability|p1a: Excadrill|Mold Breaker
|
|-weather|SunnyDay|[upkeep]
|upkeep
|turn|9
|
|t:|1653860004
|switch|p2a: Monke|Darmanitan, F|32/100
|move|p1a: Excadrill|Stealth Rock|p2a: Monke
|-sidestart|p2: Appleking123|move: Stealth Rock
|
|-weather|SunnyDay|[upkeep]
|upkeep
|turn|10
|
|t:|1653860011
|move|p2a: Monke|Flare Blitz|p1a: Excadrill
|-supereffective|p1a: Excadrill
|-damage|p1a: Excadrill|0 fnt
|faint|p1a: Excadrill
|-damage|p2a: Monke|17/100|[from] Recoil
|
|-weather|SunnyDay|[upkeep]
|upkeep
|
|t:|1653860014
|switch|p1a: Slowking|Slowking, M|100/100
|turn|11
|
|t:|1653860016
|move|p2a: Monke|Flare Blitz|p1a: Slowking
|-resisted|p1a: Slowking
|-damage|p1a: Slowking|51/100
|-damage|p2a: Monke|0 fnt|[from] Recoil
|faint|p2a: Monke
|move|p1a: Slowking|Scald|p2: Monke|[notarget]
|-fail|p1a: Slowking
|
|-weather|none
|upkeep
|
|t:|1653860019
|switch|p2a: Ralph|Torkoal, F|100/100
|-damage|p2a: Ralph|76/100|[from] Stealth Rock
|-weather|SunnyDay|[from] ability: Drought|[of] p2a: Ralph
|turn|12
|
|t:|1653860025
|move|p2a: Ralph|Rapid Spin|p1a: Slowking
|-damage|p1a: Slowking|44/100
|-boost|p2a: Ralph|spe|1
|-sideend|p2: Appleking123|Stealth Rock|[from] move: Rapid Spin|[of] p2a: Ralph
|move|p1a: Slowking|Slack Off|p1a: Slowking
|-heal|p1a: Slowking|94/100
|
|-weather|SunnyDay|[upkeep]
|upkeep
|turn|13
|
|t:|1653860029
|switch|p2a: Egg|Chansey, F|85/100
|move|p1a: Slowking|Psychic|p2a: Egg
|-damage|p2a: Egg|75/100
|
|-weather|SunnyDay|[upkeep]
|upkeep
|turn|14
|
|t:|1653860032
|move|p2a: Egg|Teleport|p2a: Egg
|
|t:|1653860036
|switch|p2a: Cap|Hatterene, F|100/100|[from]move: Teleport
|move|p1a: Slowking|Teleport|p1a: Slowking
|
|t:|1653860040
|switch|p1a: Azelf|Azelf|100/100|[from]move: Teleport
|
|-weather|SunnyDay|[upkeep]
|upkeep
|turn|15
|
|t:|1653860045
|move|p1a: Azelf|Knock Off|p2a: Cap
|-damage|p2a: Cap|81/100
|-enditem|p2a: Cap|Leftovers|[from] move: Knock Off|[of] p1a: Azelf
|move|p2a: Cap|Draining Kiss|p1a: Azelf
|-damage|p1a: Azelf|66/100
|-heal|p2a: Cap|100/100|[from] drain|[of] p1a: Azelf
|
|-weather|SunnyDay|[upkeep]
|upkeep
|turn|16
|
|t:|1653860051
|move|p1a: Azelf|U-turn|p2a: Cap
|-crit|p2a: Cap
|-damage|p2a: Cap|79/100
|
|t:|1653860053
|switch|p1a: Slowking|Slowking, M|100/100|[from]move: U-turn
|move|p2a: Cap|Calm Mind|p2a: Cap
|-boost|p2a: Cap|spa|1
|-boost|p2a: Cap|spd|1
|
|-weather|SunnyDay|[upkeep]
|upkeep
|turn|17
|
|t:|1653860056
|move|p2a: Cap|Draining Kiss|p1a: Slowking
|-damage|p1a: Slowking|73/100
|-heal|p2a: Cap|100/100|[from] drain|[of] p1a: Slowking
|move|p1a: Slowking|Teleport|p1a: Slowking
|
|t:|1653860057
|switch|p1a: Salamence|Salamence, M|100/100|[from]move: Teleport
|
|-weather|SunnyDay|[upkeep]
|upkeep
|turn|18
|c|☆Appleking123|i think i win
|c|☆Appleking123|i think
|c|☆Gifwater|just lemme crit bro
|
|t:|1653860085
|move|p1a: Salamence|Dragon Dance|p1a: Salamence
|-boost|p1a: Salamence|atk|1
|-boost|p1a: Salamence|spe|1
|move|p2a: Cap|Draining Kiss|p1a: Salamence
|-supereffective|p1a: Salamence
|-damage|p1a: Salamence|22/100
|
|-weather|SunnyDay|[upkeep]
|upkeep
|turn|19
|c|☆Appleking123|no
|
|t:|1653860103
|move|p1a: Salamence|Dual Wingbeat|p2a: Cap
|-damage|p2a: Cap|76/100
|-damage|p2a: Cap|50/100
|-hitcount|p2a: Cap|2
|move|p2a: Cap|Draining Kiss|p1a: Salamence
|-supereffective|p1a: Salamence
|-damage|p1a: Salamence|0 fnt
|-heal|p2a: Cap|67/100|[from] drain|[of] p1a: Salamence
|faint|p1a: Salamence
|
|-weather|none
|upkeep
|
|t:|1653860110
|switch|p1a: Thundurus|Thundurus-Therian, M|100/100
|turn|20
|
|t:|1653860131
|move|p1a: Thundurus|Nasty Plot|p1a: Thundurus
|-boost|p1a: Thundurus|spa|2
|move|p2a: Cap|Draining Kiss|p1a: Thundurus
|-damage|p1a: Thundurus|53/100
|-heal|p2a: Cap|100/100|[from] drain|[of] p1a: Thundurus
|
|upkeep
|turn|21
|c|☆Gifwater|crit now
|
|t:|1653860137
|move|p1a: Thundurus|Thunderbolt|p2a: Cap
|-damage|p2a: Cap|26/100
|move|p2a: Cap|Draining Kiss|p1a: Thundurus
|-damage|p1a: Thundurus|7/100
|-heal|p2a: Cap|58/100|[from] drain|[of] p1a: Thundurus
|
|upkeep
|turn|22
|c|☆Appleking123|no
|
|t:|1653860142
|switch|p2a: Egg|Chansey, F|75/100
|move|p1a: Thundurus|Thunderbolt|p2a: Egg
|-damage|p2a: Egg|45/100
|
|upkeep
|turn|23
|
|t:|1653860145
|move|p1a: Thundurus|Focus Blast|p2a: Egg|[miss]
|-miss|p1a: Thundurus|p2a: Egg
|move|p2a: Egg|Seismic Toss|p1a: Thundurus
|-damage|p1a: Thundurus|0 fnt
|faint|p1a: Thundurus
|
|upkeep
|
|t:|1653860150
|switch|p1a: Azelf|Azelf|66/100
|turn|24
|
|t:|1653860153
|switch|p2a: Ralph|Torkoal, F|76/100
|-weather|SunnyDay|[from] ability: Drought|[of] p2a: Ralph
|move|p1a: Azelf|Knock Off|p2a: Ralph
|-damage|p2a: Ralph|63/100
|-enditem|p2a: Ralph|Heat Rock|[from] move: Knock Off|[of] p1a: Azelf
|
|-weather|SunnyDay|[upkeep]
|upkeep
|turn|25
|
|t:|1653860161
|move|p1a: Azelf|Psychic|p2a: Ralph
|-damage|p2a: Ralph|3/100
|move|p2a: Ralph|Lava Plume|p1a: Azelf
|-damage|p1a: Azelf|5/100
|-status|p1a: Azelf|brn
|
|-weather|SunnyDay|[upkeep]
|-damage|p1a: Azelf|0 fnt|[from] brn
|faint|p1a: Azelf
|upkeep
|c|☆Gifwater|sad
|
|t:|1653860166
|switch|p1a: Slowking|Slowking, M|100/100
|turn|26
|c|☆Appleking123|gg
|c|☆Gifwater|ggs
|
|t:|1653860170
|move|p2a: Ralph|Toxic|p1a: Slowking
|-status|p1a: Slowking|tox
|move|p1a: Slowking|Scald|p2a: Ralph
|-supereffective|p2a: Ralph
|-damage|p2a: Ralph|0 fnt
|faint|p2a: Ralph
|
|-weather|SunnyDay|[upkeep]
|-damage|p1a: Slowking|94/100 tox|[from] psn
|upkeep
|
|t:|1653860172
|switch|p2a: Frob|Venusaur, M|100/100
|turn|27
|
|t:|1653860174
|move|p2a: Frob|Giga Drain|p1a: Slowking
|-supereffective|p1a: Slowking
|-damage|p1a: Slowking|22/100 tox
|-damage|p2a: Frob|91/100|[from] item: Life Orb
|move|p1a: Slowking|Psychic|p2a: Frob
|-supereffective|p2a: Frob
|-damage|p2a: Frob|23/100
|
|-weather|SunnyDay|[upkeep]
|-damage|p1a: Slowking|10/100 tox|[from] psn
|upkeep
|turn|28
|
|t:|1653860176
|move|p2a: Frob|Giga Drain|p1a: Slowking
|-supereffective|p1a: Slowking
|-damage|p1a: Slowking|0 fnt
|-heal|p2a: Frob|29/100|[from] drain|[of] p1a: Slowking
|faint|p1a: Slowking
|-damage|p2a: Frob|19/100|[from] item: Life Orb
|
|win|Appleking123
|l|☆Appleking123
