|j|☆matt15rsp
|j|☆Bamarah
|player|p1|matt15rsp|125|1463
|player|p2|Bamarah|eusine-gen2|1358
|teamsize|p1|6
|teamsize|p2|6
|gametype|singles
|gen|8
|tier|[Gen 8] UU
|rated|
|clearpoke
|poke|p1|Galvantula, M|
|poke|p1|Tyranitar, F|
|poke|p1|Kyurem|
|poke|p1|Terrakion|
|poke|p1|Seismitoad, M|
|poke|p1|Obstagoon, M|
|poke|p2|Noivern, M|
|poke|p2|Keldeo-Resolute|
|poke|p2|Darmanitan, M|
|poke|p2|Chandelure, M|
|poke|p2|Skarmory, M|
|poke|p2|Blissey, F|
|rule|Sleep Clause Mod: Limit one foe put to sleep
|rule|Species Clause: Limit one of each Pokémon
|rule|OHKO Clause: OHKO moves are banned
|rule|Evasion Moves Clause: Evasion moves are banned
|rule|Endless Battle Clause: Forcing endless battles is banned
|rule|HP Percentage Mod: HP is shown in percentages
|rule|Dynamax Clause: You cannot dynamax
|teampreview
|inactive|Battle timer is ON: inactive players will automatically lose when time's up. (requested by Bamarah)
|inactive|matt15rsp also wants the timer to be on.
|
|start
|switch|p1a: Galvantula|Galvantula, M|100/100
|switch|p2a: Darmanitan|Darmanitan, M, shiny|100/100
|turn|1
|
|move|p2a: Darmanitan|U-turn|p1a: Galvantula
|-damage|p1a: Galvantula|57/100
|
|switch|p2a: Noivern|Noivern, M, shiny|100/100|[from]move: U-turn
|move|p1a: Galvantula|Sticky Web|p2a: Noivern
|-sidestart|p2: Bamarah|move: Sticky Web
|
|upkeep
|turn|2
|
|move|p2a: Noivern|Defog|p1a: Galvantula
|-unboost|p1a: Galvantula|evasion|1
|-sideend|p2: Bamarah|Sticky Web|[from] move: Defog|[of] p2a: Noivern
|move|p1a: Galvantula|Thunder|p2a: Noivern
|-damage|p2a: Noivern|33/100
|-status|p2a: Noivern|par
|
|upkeep
|turn|3
|
|move|p1a: Galvantula|Sticky Web|p2a: Noivern
|-sidestart|p2: Bamarah|move: Sticky Web
|move|p2a: Noivern|Flamethrower|p1a: Galvantula
|-supereffective|p1a: Galvantula
|-damage|p1a: Galvantula|0 fnt
|-damage|p2a: Noivern|23/100 par|[from] item: Life Orb
|faint|p1a: Galvantula
|
|upkeep
|
|switch|p1a: Kyurem|Kyurem|100/100
|-ability|p1a: Kyurem|Pressure
|turn|4
|
|switch|p1a: Tyranitar|Tyranitar, F|100/100
|-weather|Sandstorm|[from] ability: Sand Stream|[of] p1a: Tyranitar
|switch|p2a: Blissey|Blissey, F, shiny|100/100
|-activate|p2a: Blissey|move: Sticky Web
|-unboost|p2a: Blissey|spe|1
|
|-weather|Sandstorm|[upkeep]
|-damage|p2a: Blissey|94/100|[from] Sandstorm
|-heal|p2a: Blissey|100/100|[from] item: Leftovers
|upkeep
|turn|5
|
|switch|p2a: Skarmory|Skarmory, M, shiny|100/100
|move|p1a: Tyranitar|Stone Edge|p2a: Skarmory
|-damage|p2a: Skarmory|35/100
|
|-weather|Sandstorm|[upkeep]
|-heal|p2a: Skarmory|41/100|[from] item: Leftovers
|upkeep
|turn|6
|
|move|p2a: Skarmory|Roost|p2a: Skarmory
|-heal|p2a: Skarmory|91/100
|-singleturn|p2a: Skarmory|move: Roost
|move|p1a: Tyranitar|Stone Edge|p2a: Skarmory
|-resisted|p2a: Skarmory
|-crit|p2a: Skarmory
|-damage|p2a: Skarmory|41/100
|
|-weather|Sandstorm|[upkeep]
|-heal|p2a: Skarmory|47/100|[from] item: Leftovers
|upkeep
|turn|7
|
|switch|p1a: Kyurem|Kyurem|100/100
|-ability|p1a: Kyurem|Pressure
|move|p2a: Skarmory|Roost|p2a: Skarmory
|-heal|p2a: Skarmory|97/100
|-singleturn|p2a: Skarmory|move: Roost
|
|-weather|Sandstorm|[upkeep]
|-damage|p1a: Kyurem|94/100|[from] Sandstorm
|-heal|p2a: Skarmory|100/100|[from] item: Leftovers
|upkeep
|turn|8
|
|switch|p2a: Blissey|Blissey, F, shiny|100/100
|-activate|p2a: Blissey|move: Sticky Web
|-unboost|p2a: Blissey|spe|1
|move|p1a: Kyurem|Ice Beam|p2a: Blissey
|-damage|p2a: Blissey|81/100
|
|-weather|none
|-heal|p2a: Blissey|87/100|[from] item: Leftovers
|upkeep
|turn|9
|
|switch|p1a: Obstagoon|Obstagoon, M|100/100
|move|p2a: Blissey|Heal Bell|p2a: Blissey
|-activate|p2a: Blissey|move: Heal Bell
|-curestatus|p2: Noivern|par|[msg]
|
|-heal|p2a: Blissey|93/100|[from] item: Leftovers
|-status|p1a: Obstagoon|brn|[from] item: Flame Orb
|upkeep
|turn|10
|inactive|Bamarah has 120 seconds left.
|inactive|Bamarah has 90 seconds left.
|
|switch|p2a: Darmanitan|Darmanitan, M, shiny|100/100
|-activate|p2a: Darmanitan|move: Sticky Web
|-unboost|p2a: Darmanitan|spe|1
|move|p1a: Obstagoon|Knock Off|p2a: Darmanitan
|-damage|p2a: Darmanitan|4/100
|-enditem|p2a: Darmanitan|Choice Scarf|[from] move: Knock Off|[of] p1a: Obstagoon
|
|-damage|p1a: Obstagoon|94/100 brn|[from] brn
|upkeep
|turn|11
|
|move|p1a: Obstagoon|Knock Off|p2a: Darmanitan
|-damage|p2a: Darmanitan|0 fnt
|faint|p2a: Darmanitan
|
|-damage|p1a: Obstagoon|88/100 brn|[from] brn
|upkeep
|
|switch|p2a: Noivern|Noivern, M, shiny|23/100
|turn|12
|
|move|p2a: Noivern|Defog|p1a: Obstagoon
|-unboost|p1a: Obstagoon|evasion|1
|-sideend|p2: Bamarah|Sticky Web|[from] move: Defog|[of] p2a: Noivern
|move|p1a: Obstagoon|Knock Off|p2a: Noivern
|-crit|p2a: Noivern
|-damage|p2a: Noivern|0 fnt
|-enditem|p2a: Noivern|Life Orb|[from] move: Knock Off|[of] p1a: Obstagoon
|faint|p2a: Noivern
|
|-damage|p1a: Obstagoon|82/100 brn|[from] brn
|upkeep
|
|switch|p2a: Keldeo|Keldeo-Resolute|100/100
|turn|13
|
|move|p2a: Keldeo|Secret Sword|p1a: Obstagoon
|-supereffective|p1a: Obstagoon
|-damage|p1a: Obstagoon|0 fnt
|-damage|p2a: Keldeo|91/100|[from] item: Life Orb
|faint|p1a: Obstagoon
|
|upkeep
|
|switch|p1a: Kyurem|Kyurem|94/100
|-ability|p1a: Kyurem|Pressure
|turn|14
|
|switch|p2a: Blissey|Blissey, F, shiny|93/100
|move|p1a: Kyurem|Freeze-Dry|p2a: Blissey
|-damage|p2a: Blissey|77/100
|
|-heal|p2a: Blissey|83/100|[from] item: Leftovers
|upkeep
|turn|15
|
|switch|p1a: Terrakion|Terrakion|100/100
|move|p2a: Blissey|Thunder Wave|p1a: Terrakion
|-status|p1a: Terrakion|par
|
|-heal|p2a: Blissey|89/100|[from] item: Leftovers
|upkeep
|turn|16
|-message|matt15rsp forfeited.
|
|win|Bamarah
|l|☆matt15rsp
|raw|matt15rsp's rating: 1449 &rarr; <strong>1424</strong><br />(-25 for losing)
|raw|Bamarah's rating: 1358 &rarr; <strong>1383</strong><br />(+25 for winning)
