|j|☆DDD Reveal
|j|☆Fotesseter
|player|p1|DDD Reveal|pokemonranger-gen4|1389
|player|p2|Fotesseter|harlequin|1317
|teamsize|p1|6
|teamsize|p2|6
|gametype|singles
|gen|8
|tier|[Gen 8] UU
|rated|
|clearpoke
|poke|p1|Barraskewda, F|
|poke|p1|Heliolisk, F|
|poke|p1|Bronzong|
|poke|p1|Weezing-Galar, F|
|poke|p1|Flygon, F|
|poke|p1|Gardevoir, F|
|poke|p2|Milotic, F|
|poke|p2|Umbreon, M|
|poke|p2|Haxorus, F|
|poke|p2|Bronzong|
|poke|p2|Weezing-Galar, F|
|poke|p2|Polteageist|
|rule|Sleep Clause Mod: Limit one foe put to sleep
|rule|Species Clause: Limit one of each Pokémon
|rule|OHKO Clause: OHKO moves are banned
|rule|Evasion Moves Clause: Evasion moves are banned
|rule|Endless Battle Clause: Forcing endless battles is banned
|rule|HP Percentage Mod: HP is shown in percentages
|rule|Dynamax Clause: You cannot dynamax
|teampreview
|inactive|Battle timer is ON: inactive players will automatically lose when time's up. (requested by Fotesseter)
|inactive|DDD Reveal has 120 seconds left.
|inactive|DDD Reveal has 90 seconds left.
|j| myjava
|inactive|DDD Reveal has 60 seconds left.
|
|start
|switch|p1a: Flygon|Flygon, F|100/100
|switch|p2a: Haxorus|Haxorus, F|100/100
|-ability|p2a: Haxorus|Mold Breaker
|turn|1
|
|switch|p2a: Weezing|Weezing-Galar, F|100/100
|move|p1a: Flygon|U-turn|p2a: Weezing
|-resisted|p2a: Weezing
|-damage|p2a: Weezing|97/100
|
|switch|p1a: Gardevoir|Gardevoir, F|100/100|[from]move: U-turn
|-ability|p1a: Gardevoir|Levitate|[from] ability: Trace|[of] p2a: Weezing
|
|-heal|p2a: Weezing|100/100|[from] item: Black Sludge
|upkeep
|turn|2
|
|switch|p2a: Bronzong|Bronzong|100/100
|move|p1a: Gardevoir|Shadow Ball|p2a: Bronzong
|-supereffective|p2a: Bronzong
|-damage|p2a: Bronzong|67/100
|
|-heal|p2a: Bronzong|74/100|[from] item: Leftovers
|upkeep
|turn|3
|
|switch|p1a: Bronzong|Bronzong|100/100
|move|p2a: Bronzong|Protect||[still]
|-fail|p2a: Bronzong
|
|-heal|p2a: Bronzong|80/100|[from] item: Leftovers
|upkeep
|turn|4
|
|move|p2a: Bronzong|Stealth Rock|p1a: Bronzong
|-sidestart|p1: DDD Reveal|move: Stealth Rock
|move|p1a: Bronzong|Stealth Rock|p2a: Bronzong
|-sidestart|p2: Fotesseter|move: Stealth Rock
|
|-heal|p2a: Bronzong|86/100|[from] item: Leftovers
|upkeep
|turn|5
|
|switch|p2a: Milotic|Milotic, F|100/100
|-damage|p2a: Milotic|88/100|[from] Stealth Rock
|move|p1a: Bronzong|Shadow Ball|p2a: Milotic
|-damage|p2a: Milotic|76/100
|-unboost|p2a: Milotic|spd|1
|
|-status|p2a: Milotic|brn|[from] item: Flame Orb
|upkeep
|turn|6
|
|switch|p2a: Umbreon|Umbreon, M|100/100
|-damage|p2a: Umbreon|88/100|[from] Stealth Rock
|switch|p1a: Heliolisk|Heliolisk, F|100/100
|-damage|p1a: Heliolisk|88/100|[from] Stealth Rock
|
|-heal|p2a: Umbreon|94/100|[from] item: Leftovers
|upkeep
|turn|7
|
|move|p1a: Heliolisk|Volt Switch|p2a: Umbreon
|-damage|p2a: Umbreon|67/100
|
|switch|p1a: Weezing|Weezing-Galar, F|100/100|[from]move: Volt Switch
|-damage|p1a: Weezing|88/100|[from] Stealth Rock
|move|p2a: Umbreon|Wish|p2a: Umbreon
|
|-heal|p1a: Weezing|94/100|[from] item: Black Sludge
|-heal|p2a: Umbreon|73/100|[from] item: Leftovers
|upkeep
|turn|8
|
|switch|p2a: Milotic|Milotic, F|76/100 brn
|-damage|p2a: Milotic|64/100 brn|[from] Stealth Rock
|move|p1a: Weezing|Toxic Spikes|p2a: Milotic
|-sidestart|p2: Fotesseter|move: Toxic Spikes
|
|-heal|p2a: Milotic|100/100 brn|[from] move: Wish|[wisher] Umbreon
|-heal|p1a: Weezing|99/100|[from] item: Black Sludge
|-damage|p2a: Milotic|94/100 brn|[from] brn
|upkeep
|turn|9
|
|move|p1a: Weezing|Toxic Spikes|p2a: Milotic
|-sidestart|p2: Fotesseter|move: Toxic Spikes
|move|p2a: Milotic|Toxic|p1a: Weezing
|-immune|p1a: Weezing
|
|-heal|p1a: Weezing|100/100|[from] item: Black Sludge
|-damage|p2a: Milotic|88/100 brn|[from] brn
|upkeep
|turn|10
|
|switch|p1a: Bronzong|Bronzong|100/100
|-damage|p1a: Bronzong|94/100|[from] Stealth Rock
|move|p2a: Milotic|Toxic|p1a: Bronzong
|-immune|p1a: Bronzong
|
|-heal|p1a: Bronzong|100/100|[from] item: Leftovers
|-damage|p2a: Milotic|82/100 brn|[from] brn
|upkeep
|turn|11
|
|switch|p1a: Heliolisk|Heliolisk, F|88/100
|-damage|p1a: Heliolisk|76/100|[from] Stealth Rock
|move|p2a: Milotic|Toxic|p1a: Heliolisk
|-status|p1a: Heliolisk|tox
|
|-damage|p1a: Heliolisk|70/100 tox|[from] psn
|-damage|p2a: Milotic|76/100 brn|[from] brn
|upkeep
|turn|12
|
|switch|p2a: Bronzong|Bronzong|86/100
|-damage|p2a: Bronzong|80/100|[from] Stealth Rock
|move|p1a: Heliolisk|Thunderbolt|p2a: Bronzong
|-damage|p2a: Bronzong|36/100
|
|-heal|p2a: Bronzong|42/100|[from] item: Leftovers
|-damage|p1a: Heliolisk|57/100 tox|[from] psn
|upkeep
|turn|13
|
|switch|p1a: Bronzong|Bronzong|100/100
|-damage|p1a: Bronzong|94/100|[from] Stealth Rock
|move|p2a: Bronzong|Protect||[still]
|-fail|p2a: Bronzong
|
|-heal|p2a: Bronzong|48/100|[from] item: Leftovers
|-heal|p1a: Bronzong|100/100|[from] item: Leftovers
|upkeep
|turn|14
|
|move|p2a: Bronzong|Protect|p2a: Bronzong
|-singleturn|p2a: Bronzong|Protect
|move|p1a: Bronzong|Shadow Ball|p2a: Bronzong
|-activate|p2a: Bronzong|move: Protect
|
|-heal|p2a: Bronzong|55/100|[from] item: Leftovers
|upkeep
|turn|15
|
|switch|p2a: Umbreon|Umbreon, M|73/100
|-damage|p2a: Umbreon|60/100|[from] Stealth Rock
|-status|p2a: Umbreon|tox
|switch|p1a: Gardevoir|Gardevoir, F|100/100
|-damage|p1a: Gardevoir|88/100|[from] Stealth Rock
|-ability|p1a: Gardevoir|Synchronize|[from] ability: Trace|[of] p2a: Umbreon
|
|-heal|p1a: Gardevoir|94/100|[from] item: Leftovers
|-heal|p2a: Umbreon|66/100 tox|[from] item: Leftovers
|-damage|p2a: Umbreon|60/100 tox|[from] psn
|upkeep
|turn|16
|l| myjava
|
|switch|p2a: Bronzong|Bronzong|55/100
|-damage|p2a: Bronzong|48/100|[from] Stealth Rock
|move|p1a: Gardevoir|Calm Mind|p1a: Gardevoir
|-boost|p1a: Gardevoir|spa|1
|-boost|p1a: Gardevoir|spd|1
|
|-heal|p1a: Gardevoir|100/100|[from] item: Leftovers
|-heal|p2a: Bronzong|55/100|[from] item: Leftovers
|upkeep
|turn|17
|
|move|p1a: Gardevoir|Shadow Ball|p2a: Bronzong
|-supereffective|p2a: Bronzong
|-damage|p2a: Bronzong|0 fnt
|faint|p2a: Bronzong
|
|upkeep
|j| Yasmina93
|inactive|Fotesseter has 120 seconds left.
|inactive|Fotesseter has 90 seconds left.
|
|switch|p2a: Haxorus|Haxorus, F|100/100
|-damage|p2a: Haxorus|88/100|[from] Stealth Rock
|-status|p2a: Haxorus|tox
|-ability|p2a: Haxorus|Mold Breaker
|turn|18
|
|switch|p1a: Bronzong|Bronzong|100/100
|-damage|p1a: Bronzong|94/100|[from] Stealth Rock
|move|p2a: Haxorus|First Impression|p1a: Bronzong
|-damage|p1a: Bronzong|53/100
|
|-heal|p1a: Bronzong|59/100|[from] item: Leftovers
|-damage|p2a: Haxorus|82/100 tox|[from] psn
|upkeep
|turn|19
|
|switch|p2a: Umbreon|Umbreon, M|60/100 tox
|-damage|p2a: Umbreon|48/100 tox|[from] Stealth Rock
|switch|p1a: Gardevoir|Gardevoir, F|100/100
|-damage|p1a: Gardevoir|88/100|[from] Stealth Rock
|-ability|p1a: Gardevoir|Synchronize|[from] ability: Trace|[of] p2a: Umbreon
|
|-heal|p1a: Gardevoir|94/100|[from] item: Leftovers
|-heal|p2a: Umbreon|54/100 tox|[from] item: Leftovers
|-damage|p2a: Umbreon|48/100 tox|[from] psn
|upkeep
|turn|20
|
|move|p1a: Gardevoir|Moonblast|p2a: Umbreon
|-supereffective|p2a: Umbreon
|-damage|p2a: Umbreon|0 fnt
|faint|p2a: Umbreon
|
|-heal|p1a: Gardevoir|100/100|[from] item: Leftovers
|upkeep
|
|switch|p2a: Haxorus|Haxorus, F|82/100 tox
|-damage|p2a: Haxorus|70/100 tox|[from] Stealth Rock
|-ability|p2a: Haxorus|Mold Breaker
|turn|21
|
|switch|p1a: Bronzong|Bronzong|59/100
|-damage|p1a: Bronzong|53/100|[from] Stealth Rock
|move|p2a: Haxorus|First Impression|p1a: Bronzong
|-damage|p1a: Bronzong|13/100
|
|-heal|p1a: Bronzong|19/100|[from] item: Leftovers
|-damage|p2a: Haxorus|64/100 tox|[from] psn
|upkeep
|turn|22
|inactive|Fotesseter has 90 seconds left.
|
|switch|p2a: Milotic|Milotic, F|76/100 brn
|-damage|p2a: Milotic|64/100 brn|[from] Stealth Rock
|move|p1a: Bronzong|Gyro Ball|p2a: Milotic
|-resisted|p2a: Milotic
|-damage|p2a: Milotic|58/100 brn
|
|-heal|p1a: Bronzong|25/100|[from] item: Leftovers
|-damage|p2a: Milotic|52/100 brn|[from] brn
|upkeep
|turn|23
|inactive|Fotesseter has 90 seconds left.
|
|switch|p1a: Heliolisk|Heliolisk, F|57/100 tox
|-damage|p1a: Heliolisk|45/100 tox|[from] Stealth Rock
|move|p2a: Milotic|Recover|p2a: Milotic
|-heal|p2a: Milotic|100/100 brn
|
|-damage|p1a: Heliolisk|39/100 tox|[from] psn
|-damage|p2a: Milotic|94/100 brn|[from] brn
|upkeep
|turn|24
|inactive|Fotesseter has 90 seconds left.
|
|move|p1a: Heliolisk|Thunderbolt|p2a: Milotic
|-supereffective|p2a: Milotic
|-damage|p2a: Milotic|5/100 brn
|move|p2a: Milotic|Recover|p2a: Milotic
|-heal|p2a: Milotic|55/100 brn
|
|-damage|p1a: Heliolisk|27/100 tox|[from] psn
|-damage|p2a: Milotic|48/100 brn|[from] brn
|upkeep
|turn|25
|inactive|Fotesseter has 90 seconds left.
|
|move|p1a: Heliolisk|Thunderbolt|p2a: Milotic
|-supereffective|p2a: Milotic
|-damage|p2a: Milotic|0 fnt
|faint|p2a: Milotic
|
|-damage|p1a: Heliolisk|9/100 tox|[from] psn
|upkeep
|inactive|Fotesseter has 90 seconds left.
|
|switch|p2a: Weezing|Weezing-Galar, F|100/100
|-damage|p2a: Weezing|88/100|[from] Stealth Rock
|turn|26
|
|move|p1a: Heliolisk|Thunderbolt|p2a: Weezing
|-damage|p2a: Weezing|3/100
|-status|p2a: Weezing|par
|move|p2a: Weezing|Defog|p1a: Heliolisk
|-unboost|p1a: Heliolisk|evasion|1
|-sideend|p1: DDD Reveal|Stealth Rock|[from] move: Defog|[of] p2a: Weezing
|-sideend|p2: Fotesseter|Toxic Spikes|[from] move: Defog|[of] p2a: Weezing
|-sideend|p2: Fotesseter|Stealth Rock|[from] move: Defog|[of] p2a: Weezing
|
|-heal|p2a: Weezing|9/100 par|[from] item: Black Sludge
|-damage|p1a: Heliolisk|0 fnt|[from] psn
|faint|p1a: Heliolisk
|upkeep
|
|switch|p1a: Gardevoir|Gardevoir, F|100/100
|-ability|p1a: Gardevoir|Levitate|[from] ability: Trace|[of] p2a: Weezing
|turn|27
|
|move|p1a: Gardevoir|Psychic|p2a: Weezing
|-supereffective|p2a: Weezing
|-damage|p2a: Weezing|0 fnt
|faint|p2a: Weezing
|
|upkeep
|
|switch|p2a: Haxorus|Haxorus, F|64/100 tox
|-ability|p2a: Haxorus|Mold Breaker
|turn|28
|
|switch|p1a: Bronzong|Bronzong|25/100
|move|p2a: Haxorus|Earthquake|p1a: Bronzong
|-supereffective|p1a: Bronzong
|-damage|p1a: Bronzong|0 fnt
|faint|p1a: Bronzong
|
|-damage|p2a: Haxorus|57/100 tox|[from] psn
|upkeep
|
|switch|p1a: Flygon|Flygon, F|100/100
|turn|29
|
|move|p1a: Flygon|Outrage|p2a: Haxorus
|-supereffective|p2a: Haxorus
|-damage|p2a: Haxorus|0 fnt
|faint|p2a: Haxorus
|
|upkeep
|
|switch|p2a: Polteageist|Polteageist|100/100
|turn|30
|
|move|p1a: Flygon|Outrage|p2a: Polteageist|[from]lockedmove
|-damage|p2a: Polteageist|3/100
|-start|p1a: Flygon|confusion|[fatigue]
|move|p2a: Polteageist|Shell Smash|p2a: Polteageist
|-unboost|p2a: Polteageist|def|1
|-unboost|p2a: Polteageist|spd|1
|-boost|p2a: Polteageist|atk|2
|-boost|p2a: Polteageist|spa|2
|-boost|p2a: Polteageist|spe|2
|-enditem|p2a: Polteageist|White Herb
|-clearnegativeboost|p2a: Polteageist|[silent]
|
|upkeep
|turn|31
|
|move|p2a: Polteageist|Strength Sap|p1a: Flygon
|-unboost|p1a: Flygon|atk|1
|-heal|p2a: Polteageist|100/100
|-activate|p1a: Flygon|confusion
|move|p1a: Flygon|Outrage|p2a: Polteageist
|-damage|p2a: Polteageist|33/100
|
|upkeep
|turn|32
|
|move|p2a: Polteageist|Strength Sap|p1a: Flygon
|-unboost|p1a: Flygon|atk|1
|-heal|p2a: Polteageist|100/100
|-activate|p1a: Flygon|confusion
|-damage|p1a: Flygon|92/100|[from] confusion
|
|upkeep
|turn|33
|
|move|p2a: Polteageist|Shadow Ball|p1a: Flygon
|-damage|p1a: Flygon|0 fnt
|faint|p1a: Flygon
|
|upkeep
|
|switch|p1a: Gardevoir|Gardevoir, F|100/100
|-ability|p1a: Gardevoir|Cursed Body|[from] ability: Trace|[of] p2a: Polteageist
|turn|34
|
|move|p2a: Polteageist|Shadow Ball|p1a: Gardevoir
|-supereffective|p1a: Gardevoir
|-damage|p1a: Gardevoir|0 fnt
|-start|p2a: Polteageist|Disable|Shadow Ball|[from] ability: Cursed Body|[of] p1a: Gardevoir
|faint|p1a: Gardevoir
|
|upkeep
|
|switch|p1a: Barraskewda|Barraskewda, F|100/100
|turn|35
|
|move|p2a: Polteageist|Giga Drain|p1a: Barraskewda
|-supereffective|p1a: Barraskewda
|-damage|p1a: Barraskewda|0 fnt
|faint|p1a: Barraskewda
|
|upkeep
|-message|DDD Reveal forfeited.
|
|win|Fotesseter
|l|☆DDD Reveal
|raw|DDD Reveal's rating: 1390 &rarr; <strong>1366</strong><br />(-24 for losing)
|raw|Fotesseter's rating: 1318 &rarr; <strong>1342</strong><br />(+24 for winning)
|l| Yasmina93
