|j|☆Lnua
|j|☆fajita squad
|player|p1|Lnua|misty-gen2|1492
|player|p2|fajita squad|143|1364
|teamsize|p1|6
|teamsize|p2|6
|gametype|singles
|gen|8
|tier|[Gen 8] UU
|rated|
|clearpoke
|poke|p1|Noivern, M|
|poke|p1|Rhyperior, M|
|poke|p1|Sylveon, F|
|poke|p1|Reuniclus, F|
|poke|p1|Milotic, M|
|poke|p1|Cobalion|
|poke|p2|Polteageist-Antique|
|poke|p2|Corsola-Galar, M|
|poke|p2|Rotom-Wash|
|poke|p2|Flapple, F|
|poke|p2|Doublade, F|
|poke|p2|Umbreon, M|
|rule|Sleep Clause Mod: Limit one foe put to sleep
|rule|Species Clause: Limit one of each Pokémon
|rule|OHKO Clause: OHKO moves are banned
|rule|Evasion Moves Clause: Evasion moves are banned
|rule|Endless Battle Clause: Forcing endless battles is banned
|rule|HP Percentage Mod: HP is shown in percentages
|rule|Dynamax Clause: You cannot dynamax
|teampreview
|inactive|Battle timer is ON: inactive players will automatically lose when time's up. (requested by fajita squad)
|
|start
|switch|p1a: Rhyperior|Rhyperior, M|100/100
|switch|p2a: Rotom|Rotom-Wash|100/100
|turn|1
|
|switch|p1a: DrReuniclus3|Reuniclus, F|100/100
|move|p2a: Rotom|Hydro Pump|p1a: DrReuniclus3
|-damage|p1a: DrReuniclus3|83/100
|
|upkeep
|turn|2
|
|move|p2a: Rotom|Thunder Wave|p1a: DrReuniclus3
|-status|p1a: DrReuniclus3|par
|cant|p1a: DrReuniclus3|par
|
|upkeep
|turn|3
|
|move|p2a: Rotom|Volt Switch|p1a: DrReuniclus3
|-damage|p1a: DrReuniclus3|72/100 par
|
|switch|p2a: Umbreon|Umbreon, M, shiny|100/100|[from]move: Volt Switch
|move|p1a: DrReuniclus3|Knock Off|p2a: Umbreon
|-resisted|p2a: Umbreon
|-damage|p2a: Umbreon|94/100
|-enditem|p2a: Umbreon|Leftovers|[from] move: Knock Off|[of] p1a: DrReuniclus3
|
|upkeep
|turn|4
|
|switch|p2a: Corsola|Corsola-Galar, M, shiny|100/100
|switch|p1a: Cobalion|Cobalion|100/100
|
|upkeep
|turn|5
|
|switch|p1a: Rhyperior|Rhyperior, M|100/100
|move|p2a: Corsola|Stealth Rock|p1a: Rhyperior
|-sidestart|p1: Lnua|move: Stealth Rock
|
|upkeep
|turn|6
|
|move|p1a: Rhyperior|Stealth Rock|p2a: Corsola
|-sidestart|p2: fajita squad|move: Stealth Rock
|move|p2a: Corsola|Will-O-Wisp|p1a: Rhyperior
|-status|p1a: Rhyperior|brn
|
|-damage|p1a: Rhyperior|94/100 brn|[from] brn
|upkeep
|turn|7
|
|switch|p1a: yawn|Sylveon, F|100/100
|-damage|p1a: yawn|88/100|[from] Stealth Rock
|move|p2a: Corsola|Night Shade|p1a: yawn
|-damage|p1a: yawn|63/100
|
|-heal|p1a: yawn|69/100|[from] item: Leftovers
|upkeep
|turn|8
|
|switch|p2a: Doublade|Doublade, F, shiny|100/100
|-damage|p2a: Doublade|94/100|[from] Stealth Rock
|move|p1a: yawn|Calm Mind|p1a: yawn
|-boost|p1a: yawn|spa|1
|-boost|p1a: yawn|spd|1
|
|-heal|p1a: yawn|75/100|[from] item: Leftovers
|upkeep
|turn|9
|
|switch|p1a: Milotic|Milotic, M|100/100
|-damage|p1a: Milotic|88/100|[from] Stealth Rock
|move|p2a: Doublade|Iron Head|p1a: Milotic
|-resisted|p1a: Milotic
|-damage|p1a: Milotic|72/100
|
|-heal|p1a: Milotic|78/100|[from] item: Leftovers
|upkeep
|turn|10
|
|switch|p2a: Rotom|Rotom-Wash|100/100
|-damage|p2a: Rotom|88/100|[from] Stealth Rock
|move|p1a: Milotic|Scald|p2a: Rotom
|-resisted|p2a: Rotom
|-damage|p2a: Rotom|73/100
|
|-heal|p2a: Rotom|79/100|[from] item: Leftovers
|-heal|p1a: Milotic|84/100|[from] item: Leftovers
|upkeep
|turn|11
|
|switch|p1a: DrReuniclus3|Reuniclus, F|100/100 par
|-damage|p1a: DrReuniclus3|88/100 par|[from] Stealth Rock
|move|p2a: Rotom|Defog|p1a: DrReuniclus3
|-unboost|p1a: DrReuniclus3|evasion|1
|-sideend|p1: Lnua|Stealth Rock|[from] move: Defog|[of] p2a: Rotom
|-sideend|p2: fajita squad|Stealth Rock|[from] move: Defog|[of] p2a: Rotom
|
|-heal|p2a: Rotom|85/100|[from] item: Leftovers
|upkeep
|turn|12
|
|move|p2a: Rotom|Volt Switch|p1a: DrReuniclus3
|-damage|p1a: DrReuniclus3|76/100 par
|
|switch|p2a: Doublade|Doublade, F, shiny|94/100|[from]move: Volt Switch
|move|p1a: DrReuniclus3|Future Sight|p2a: Doublade
|-start|p1a: DrReuniclus3|move: Future Sight
|
|upkeep
|turn|13
|
|switch|p2a: Flapple|Flapple, F, shiny|100/100
|switch|p1a: Milotic|Milotic, M|84/100
|
|-heal|p1a: Milotic|90/100|[from] item: Leftovers
|upkeep
|turn|14
|
|switch|p1a: DrReuniclus3|Reuniclus, F|100/100 par
|move|p2a: Flapple|Grav Apple|p1a: DrReuniclus3
|-damage|p1a: DrReuniclus3|31/100 par
|-unboost|p1a: DrReuniclus3|def|1
|-damage|p2a: Flapple|91/100|[from] item: Life Orb
|
|-end|p2a: Flapple|move: Future Sight
|-damage|p2a: Flapple|0 fnt
|upkeep
|faint|p2a: Flapple
|
|switch|p2a: Corsola|Corsola-Galar, M, shiny|100/100
|turn|15
|
|switch|p1a: Rhyperior|Rhyperior, M|94/100 brn
|move|p2a: Corsola|Stealth Rock|p1a: Rhyperior
|-sidestart|p1: Lnua|move: Stealth Rock
|
|-heal|p1a: Rhyperior|100/100 brn|[from] item: Leftovers
|-damage|p1a: Rhyperior|94/100 brn|[from] brn
|upkeep
|turn|16
|
|switch|p2a: Polteageist-Antiqu|Polteageist-Antique, shiny|100/100
|move|p1a: Rhyperior|Stealth Rock|p2a: Polteageist-Antiqu
|-sidestart|p2: fajita squad|move: Stealth Rock
|
|-heal|p1a: Rhyperior|100/100 brn|[from] item: Leftovers
|-damage|p1a: Rhyperior|94/100 brn|[from] brn
|upkeep
|turn|17
|
|move|p2a: Polteageist-Antiqu|Shell Smash|p2a: Polteageist-Antiqu
|-unboost|p2a: Polteageist-Antiqu|def|1
|-unboost|p2a: Polteageist-Antiqu|spd|1
|-boost|p2a: Polteageist-Antiqu|atk|2
|-boost|p2a: Polteageist-Antiqu|spa|2
|-boost|p2a: Polteageist-Antiqu|spe|2
|move|p1a: Rhyperior|Toxic|p2a: Polteageist-Antiqu
|-status|p2a: Polteageist-Antiqu|tox
|
|-heal|p1a: Rhyperior|100/100 brn|[from] item: Leftovers
|-damage|p2a: Polteageist-Antiqu|94/100 tox|[from] psn
|-damage|p1a: Rhyperior|94/100 brn|[from] brn
|upkeep
|turn|18
|
|switch|p1a: Noivern|Noivern, M|100/100
|-item|p2a: Polteageist-Antiqu|Focus Sash|[from] ability: Frisk|[of] p1a: Noivern|[identify]
|move|p2a: Polteageist-Antiqu|Giga Drain|p1a: Noivern
|-resisted|p1a: Noivern
|-damage|p1a: Noivern|83/100
|-heal|p2a: Polteageist-Antiqu|100/100 tox|[from] drain|[of] p1a: Noivern
|
|-damage|p2a: Polteageist-Antiqu|88/100 tox|[from] psn
|upkeep
|turn|19
|
|move|p2a: Polteageist-Antiqu|Stored Power|p1a: Noivern
|-damage|p1a: Noivern|0 fnt
|faint|p1a: Noivern
|
|-damage|p2a: Polteageist-Antiqu|70/100 tox|[from] psn
|upkeep
|
|switch|p1a: DrReuniclus3|Reuniclus, F|64/100 par
|-damage|p1a: DrReuniclus3|52/100 par|[from] Stealth Rock
|turn|20
|
|switch|p1a: Cobalion|Cobalion|100/100
|-damage|p1a: Cobalion|97/100|[from] Stealth Rock
|move|p2a: Polteageist-Antiqu|Shadow Ball|p1a: Cobalion
|-damage|p1a: Cobalion|0 fnt
|faint|p1a: Cobalion
|
|-damage|p2a: Polteageist-Antiqu|45/100 tox|[from] psn
|upkeep
|
|switch|p1a: DrReuniclus3|Reuniclus, F|85/100 par
|-damage|p1a: DrReuniclus3|73/100 par|[from] Stealth Rock
|turn|21
|
|move|p2a: Polteageist-Antiqu|Shadow Ball|p1a: DrReuniclus3
|-supereffective|p1a: DrReuniclus3
|-crit|p1a: DrReuniclus3
|-damage|p1a: DrReuniclus3|0 fnt
|faint|p1a: DrReuniclus3
|
|-damage|p2a: Polteageist-Antiqu|15/100 tox|[from] psn
|upkeep
|c|☆Lnua|ah the crit
|c|☆Lnua|ok
|
|switch|p1a: Rhyperior|Rhyperior, M|94/100 brn
|-damage|p1a: Rhyperior|88/100 brn|[from] Stealth Rock
|turn|22
|c|☆fajita squad|doesnt matter
|c|☆Lnua|I think it did
|c|☆Lnua|I'll calc after
|
|move|p2a: Polteageist-Antiqu|Shadow Ball|p1a: Rhyperior
|-damage|p1a: Rhyperior|18/100 brn
|move|p1a: Rhyperior|Earthquake|p2a: Polteageist-Antiqu
|-damage|p2a: Polteageist-Antiqu|0 fnt
|faint|p2a: Polteageist-Antiqu
|
|-heal|p1a: Rhyperior|24/100 brn|[from] item: Leftovers
|-damage|p1a: Rhyperior|18/100 brn|[from] brn
|upkeep
|
|switch|p2a: Doublade|Doublade, F, shiny|94/100
|-damage|p2a: Doublade|88/100|[from] Stealth Rock
|turn|23
|
|switch|p1a: Milotic|Milotic, M|90/100
|-damage|p1a: Milotic|78/100|[from] Stealth Rock
|move|p2a: Doublade|Swords Dance|p2a: Doublade
|-boost|p2a: Doublade|atk|2
|
|-heal|p1a: Milotic|84/100|[from] item: Leftovers
|upkeep
|turn|24
|
|move|p1a: Milotic|Haze|p1a: Milotic
|-clearallboost
|move|p2a: Doublade|Close Combat|p1a: Milotic
|-damage|p1a: Milotic|49/100
|-unboost|p2a: Doublade|def|1
|-unboost|p2a: Doublade|spd|1
|
|-heal|p1a: Milotic|55/100|[from] item: Leftovers
|upkeep
|turn|25
|
|switch|p2a: Rotom|Rotom-Wash|85/100
|-damage|p2a: Rotom|73/100|[from] Stealth Rock
|move|p1a: Milotic|Recover|p1a: Milotic
|-heal|p1a: Milotic|100/100
|
|-heal|p2a: Rotom|79/100|[from] item: Leftovers
|upkeep
|turn|26
|j| geotal
|
|move|p2a: Rotom|Thunder Wave|p1a: Milotic
|-status|p1a: Milotic|par
|move|p1a: Milotic|Scald|p2a: Rotom
|-resisted|p2a: Rotom
|-damage|p2a: Rotom|65/100
|-status|p2a: Rotom|brn
|
|-heal|p2a: Rotom|71/100 brn|[from] item: Leftovers
|-damage|p2a: Rotom|65/100 brn|[from] brn
|upkeep
|turn|27
|
|move|p2a: Rotom|Volt Switch|p1a: Milotic
|-supereffective|p1a: Milotic
|-damage|p1a: Milotic|71/100 par
|
|switch|p2a: Corsola|Corsola-Galar, M, shiny|100/100|[from]move: Volt Switch
|-damage|p2a: Corsola|88/100|[from] Stealth Rock
|move|p1a: Milotic|Toxic|p2a: Corsola
|-status|p2a: Corsola|tox
|
|-heal|p1a: Milotic|77/100 par|[from] item: Leftovers
|-damage|p2a: Corsola|82/100 tox|[from] psn
|upkeep
|turn|28
|
|switch|p1a: yawn|Sylveon, F|75/100
|-damage|p1a: yawn|62/100|[from] Stealth Rock
|move|p2a: Corsola|Night Shade|p1a: yawn
|-damage|p1a: yawn|37/100
|
|-heal|p1a: yawn|43/100|[from] item: Leftovers
|-damage|p2a: Corsola|70/100 tox|[from] psn
|upkeep
|turn|29
|
|switch|p2a: Umbreon|Umbreon, M, shiny|94/100
|-damage|p2a: Umbreon|82/100|[from] Stealth Rock
|move|p1a: yawn|Rest|p1a: yawn
|-status|p1a: yawn|slp|[from] move: Rest
|-heal|p1a: yawn|100/100 slp|[silent]
|
|upkeep
|turn|30
|
|move|p2a: Umbreon|Heal Bell|p2a: Umbreon
|-activate|p2a: Umbreon|move: Heal Bell
|-curestatus|p2: Corsola|tox|[msg]
|-curestatus|p2: Rotom|brn|[msg]
|cant|p1a: yawn|slp
|move|p1a: yawn|Snore|p2a: Umbreon
|-supereffective|p2a: Umbreon
|-damage|p2a: Umbreon|57/100
|
|upkeep
|turn|31
|
|move|p2a: Umbreon|Wish|p2a: Umbreon
|cant|p1a: yawn|slp
|move|p1a: yawn|Snore|p2a: Umbreon
|-supereffective|p2a: Umbreon
|-damage|p2a: Umbreon|33/100
|
|upkeep
|turn|32
|
|switch|p2a: Doublade|Doublade, F, shiny|88/100
|-damage|p2a: Doublade|82/100|[from] Stealth Rock
|-curestatus|p1a: yawn|slp|[msg]
|move|p1a: yawn|Hyper Voice|p2a: Doublade
|-resisted|p2a: Doublade
|-damage|p2a: Doublade|56/100
|
|-heal|p2a: Doublade|100/100|[from] move: Wish|[wisher] Umbreon
|upkeep
|turn|33
|
|switch|p1a: Milotic|Milotic, M|77/100 par
|-damage|p1a: Milotic|65/100 par|[from] Stealth Rock
|move|p2a: Doublade|Swords Dance|p2a: Doublade
|-boost|p2a: Doublade|atk|2
|
|-heal|p1a: Milotic|71/100 par|[from] item: Leftovers
|upkeep
|turn|34
|
|move|p2a: Doublade|Close Combat|p1a: Milotic
|-damage|p1a: Milotic|25/100 par
|-unboost|p2a: Doublade|def|1
|-unboost|p2a: Doublade|spd|1
|move|p1a: Milotic|Recover|p1a: Milotic
|-heal|p1a: Milotic|75/100 par
|
|-heal|p1a: Milotic|82/100 par|[from] item: Leftovers
|upkeep
|turn|35
|
|move|p2a: Doublade|Swords Dance|p2a: Doublade
|-boost|p2a: Doublade|atk|2
|move|p1a: Milotic|Haze|p1a: Milotic
|-clearallboost
|
|-heal|p1a: Milotic|88/100 par|[from] item: Leftovers
|upkeep
|turn|36
|
|move|p2a: Doublade|Swords Dance|p2a: Doublade
|-boost|p2a: Doublade|atk|2
|move|p1a: Milotic|Scald|p2a: Doublade
|-damage|p2a: Doublade|65/100
|-status|p2a: Doublade|brn
|
|-heal|p1a: Milotic|94/100 par|[from] item: Leftovers
|-damage|p2a: Doublade|59/100 brn|[from] brn
|upkeep
|turn|37
|-message|fajita squad forfeited.
|
|win|Lnua
|l|☆fajita squad
|raw|Lnua's rating: 1492 &rarr; <strong>1505</strong><br />(+13 for winning)
|raw|fajita squad's rating: 1349 &rarr; <strong>1337</strong><br />(-12 for losing)
