|j|☆Drapion
|j|☆DQ Low Tier Legend
|t:|1657468639
|gametype|singles
|player|p1|Drapion|psychic-gen2|1509
|player|p2|DQ Low Tier Legend|170|1430
|teamsize|p1|6
|teamsize|p2|6
|gen|8
|tier|[Gen 8] UU
|rated|
|rule|Sleep Clause Mod: Limit one foe put to sleep
|rule|Species Clause: Limit one of each Pokémon
|rule|OHKO Clause: OHKO moves are banned
|rule|Evasion Moves Clause: Evasion moves are banned
|rule|Endless Battle Clause: Forcing endless battles is banned
|rule|HP Percentage Mod: HP is shown in percentages
|rule|Dynamax Clause: You cannot dynamax
|clearpoke
|poke|p1|Tapu Bulu|
|poke|p1|Necrozma|
|poke|p1|Marowak-Alola, F|
|poke|p1|Klefki, M|
|poke|p1|Umbreon, M|
|poke|p1|Zarude|
|poke|p2|Polteageist-Antique|
|poke|p2|Skarmory, F|
|poke|p2|Hippowdon, F|
|poke|p2|Hatterene, F|
|poke|p2|Rotom-Wash|
|poke|p2|Amoonguss, F|
|teampreview
|inactive|Battle timer is ON: inactive players will automatically lose when time's up. (requested by DQ Low Tier Legend)
|
|t:|1657468655
|start
|switch|p1a: Tapu Bulu|Tapu Bulu, shiny|100/100
|switch|p2a: Rotom|Rotom-Wash|100/100
|-fieldstart|move: Grassy Terrain|[from] ability: Grassy Surge|[of] p1a: Tapu Bulu
|turn|1
|
|t:|1657468662
|move|p1a: Tapu Bulu|Protect|p1a: Tapu Bulu
|-singleturn|p1a: Tapu Bulu|Protect
|move|p2a: Rotom|Volt Switch|p1a: Tapu Bulu
|-activate|p1a: Tapu Bulu|move: Protect
|
|upkeep
|turn|2
|
|t:|1657468672
|switch|p1a: Klefki|Klefki, M|100/100
|move|p2a: Rotom|Volt Switch|p1a: Klefki
|-damage|p1a: Klefki|78/100
|
|t:|1657468678
|switch|p2a: Amoonguss|Amoonguss, F|100/100|[from]move: Volt Switch
|
|-heal|p1a: Klefki|84/100|[from] Grassy Terrain
|-heal|p1a: Klefki|90/100|[from] item: Leftovers
|upkeep
|turn|3
|
|t:|1657468691
|switch|p1a: Umbreon|Umbreon, M|100/100
|move|p2a: Amoonguss|Spore|p1a: Umbreon
|-status|p1a: Umbreon|slp|[from] move: Spore
|
|upkeep
|turn|4
|
|t:|1657468712
|switch|p1a: Marowak|Marowak-Alola, F|100/100
|switch|p2a: Rotom|Rotom-Wash|100/100
|
|upkeep
|turn|5
|
|t:|1657468723
|switch|p1a: Zarude|Zarude|100/100
|move|p2a: Rotom|Trick|p1a: Zarude
|-activate|p2a: Rotom|move: Trick|[of] p1a: Zarude
|-item|p1a: Zarude|Choice Scarf|[from] move: Trick
|-item|p2a: Rotom|Life Orb|[from] move: Trick
|
|upkeep
|turn|6
|
|t:|1657468729
|switch|p2a: Skarmory|Skarmory, F|100/100
|move|p1a: Zarude|U-turn|p2a: Skarmory
|-resisted|p2a: Skarmory
|-damage|p2a: Skarmory|97/100
|-damage|p1a: Zarude|84/100|[from] item: Rocky Helmet|[of] p2a: Skarmory
|
|t:|1657468733
|switch|p1a: Marowak|Marowak-Alola, F|100/100|[from]move: U-turn
|
|upkeep
|turn|7
|
|t:|1657468738
|switch|p2a: Rotom|Rotom-Wash|100/100
|move|p1a: Marowak|Substitute|p1a: Marowak
|-start|p1a: Marowak|Substitute
|-damage|p1a: Marowak|75/100
|
|-heal|p1a: Marowak|82/100|[from] Grassy Terrain
|upkeep
|turn|8
|
|t:|1657468742
|move|p2a: Rotom|Hydro Pump|p1a: Marowak|[miss]
|-miss|p2a: Rotom|p1a: Marowak
|move|p1a: Marowak|Poltergeist|p2a: Rotom
|-activate|p2a: Rotom|move: Poltergeist|Life Orb
|-crit|p2a: Rotom
|-damage|p2a: Rotom|0 fnt
|faint|p2a: Rotom
|
|-heal|p1a: Marowak|88/100|[from] Grassy Terrain
|-fieldend|move: Grassy Terrain
|upkeep
|
|t:|1657468746
|switch|p2a: Hippowdon|Hippowdon, F|100/100
|-weather|Sandstorm|[from] ability: Sand Stream|[of] p2a: Hippowdon
|turn|9
|
|t:|1657468751
|move|p1a: Marowak|Poltergeist|p2a: Hippowdon|[miss]
|-miss|p1a: Marowak|p2a: Hippowdon
|move|p2a: Hippowdon|Earthquake|p1a: Marowak
|-supereffective|p1a: Marowak
|-end|p1a: Marowak|Substitute
|
|-weather|Sandstorm|[upkeep]
|-damage|p1a: Marowak|82/100|[from] Sandstorm
|upkeep
|turn|10
|
|t:|1657468757
|switch|p1a: Tapu Bulu|Tapu Bulu, shiny|100/100
|-fieldstart|move: Grassy Terrain|[from] ability: Grassy Surge|[of] p1a: Tapu Bulu
|move|p2a: Hippowdon|Stealth Rock|p1a: Tapu Bulu
|-sidestart|p1: Drapion|move: Stealth Rock
|
|-weather|Sandstorm|[upkeep]
|-damage|p1a: Tapu Bulu|94/100|[from] Sandstorm
|-heal|p1a: Tapu Bulu|100/100|[from] Grassy Terrain
|upkeep
|turn|11
|
|t:|1657468770
|switch|p1a: Klefki|Klefki, M|90/100
|-damage|p1a: Klefki|84/100|[from] Stealth Rock
|switch|p2a: Skarmory|Skarmory, F|97/100
|
|-weather|Sandstorm|[upkeep]
|-heal|p1a: Klefki|90/100|[from] Grassy Terrain
|-heal|p1a: Klefki|96/100|[from] item: Leftovers
|upkeep
|turn|12
|
|t:|1657468774
|move|p1a: Klefki|Thunder Wave|p2a: Skarmory
|-status|p2a: Skarmory|par
|cant|p2a: Skarmory|par
|
|-weather|Sandstorm|[upkeep]
|-heal|p1a: Klefki|100/100|[from] Grassy Terrain
|upkeep
|turn|13
|
|t:|1657468777
|move|p1a: Klefki|Defog|p2a: Skarmory
|-unboost|p2a: Skarmory|evasion|1
|-sideend|p1: Drapion|Stealth Rock|[from] move: Defog|[of] p1a: Klefki
|-fieldend|move: Grassy Terrain
|move|p2a: Skarmory|Iron Defense|p2a: Skarmory
|-boost|p2a: Skarmory|def|2
|
|-weather|none
|upkeep
|turn|14
|
|t:|1657468787
|switch|p1a: Necrozma|Necrozma|100/100
|move|p2a: Skarmory|Iron Defense|p2a: Skarmory
|-boost|p2a: Skarmory|def|2
|
|upkeep
|turn|15
|
|t:|1657468792
|move|p1a: Necrozma|Heat Wave|p2a: Skarmory
|-supereffective|p2a: Skarmory
|-damage|p2a: Skarmory|22/100 par
|move|p2a: Skarmory|Spikes|p1a: Necrozma
|-sidestart|p1: Drapion|Spikes
|
|upkeep
|turn|16
|
|t:|1657468803
|switch|p2a: Hippowdon|Hippowdon, F|100/100
|-weather|Sandstorm|[from] ability: Sand Stream|[of] p2a: Hippowdon
|move|p1a: Necrozma|Calm Mind|p1a: Necrozma
|-boost|p1a: Necrozma|spa|1
|-boost|p1a: Necrozma|spd|1
|
|-weather|Sandstorm|[upkeep]
|-damage|p1a: Necrozma|94/100|[from] Sandstorm
|upkeep
|turn|17
|
|t:|1657468807
|move|p1a: Necrozma|Photon Geyser|p2a: Hippowdon
|-damage|p2a: Hippowdon|53/100
|move|p2a: Hippowdon|Whirlwind|p1a: Necrozma
|drag|p1a: Zarude|Zarude|84/100
|-damage|p1a: Zarude|71/100|[from] Spikes
|
|-weather|Sandstorm|[upkeep]
|-damage|p1a: Zarude|65/100|[from] Sandstorm
|-heal|p2a: Hippowdon|60/100|[from] item: Leftovers
|upkeep
|turn|18
|
|t:|1657468817
|switch|p2a: Skarmory|Skarmory, F|22/100 par
|move|p1a: Zarude|Power Whip|p2a: Skarmory
|-resisted|p2a: Skarmory
|-damage|p2a: Skarmory|13/100 par
|-damage|p1a: Zarude|48/100|[from] item: Rocky Helmet|[of] p2a: Skarmory
|
|-weather|Sandstorm|[upkeep]
|-damage|p1a: Zarude|42/100|[from] Sandstorm
|upkeep
|turn|19
|
|t:|1657468826
|switch|p1a: Marowak|Marowak-Alola, F|82/100
|-damage|p1a: Marowak|69/100|[from] Spikes
|move|p2a: Skarmory|Spikes|p1a: Marowak
|-sidestart|p1: Drapion|Spikes
|
|-weather|Sandstorm|[upkeep]
|-damage|p1a: Marowak|63/100|[from] Sandstorm
|upkeep
|turn|20
|
|t:|1657468830
|switch|p2a: Hippowdon|Hippowdon, F|60/100
|move|p1a: Marowak|Substitute|p1a: Marowak
|-start|p1a: Marowak|Substitute
|-damage|p1a: Marowak|38/100
|
|-weather|none
|-heal|p2a: Hippowdon|66/100|[from] item: Leftovers
|upkeep
|turn|21
|
|t:|1657468836
|move|p1a: Marowak|Flare Blitz|p2a: Hippowdon
|-damage|p2a: Hippowdon|0 fnt
|faint|p2a: Hippowdon
|-damage|p1a: Marowak|9/100|[from] Recoil
|
|upkeep
|
|t:|1657468841
|switch|p2a: Skarmory|Skarmory, F|13/100 par
|turn|22
|
|t:|1657468844
|move|p1a: Marowak|Poltergeist|p2a: Skarmory|[miss]
|-miss|p1a: Marowak|p2a: Skarmory
|move|p2a: Skarmory|Spikes|p1a: Marowak
|-sidestart|p1: Drapion|Spikes
|
|upkeep
|turn|23
|
|t:|1657468856
|move|p1a: Marowak|Poltergeist|p2a: Skarmory
|-activate|p2a: Skarmory|move: Poltergeist|Rocky Helmet
|-damage|p2a: Skarmory|0 fnt
|faint|p2a: Skarmory
|
|upkeep
|
|t:|1657468864
|switch|p2a: Amoonguss|Amoonguss, F|100/100
|turn|24
|
|t:|1657468869
|move|p1a: Marowak|Pain Split|p2a: Amoonguss
|-sethp|p2a: Amoonguss|54/100|[from] move: Pain Split|[silent]
|-sethp|p1a: Marowak|74/100|[from] move: Pain Split
|move|p2a: Amoonguss|Foul Play|p1a: Marowak
|-supereffective|p1a: Marowak
|-end|p1a: Marowak|Substitute
|
|-heal|p2a: Amoonguss|60/100|[from] item: Black Sludge
|upkeep
|turn|25
|
|t:|1657468876
|move|p1a: Marowak|Flare Blitz|p2a: Amoonguss
|-supereffective|p2a: Amoonguss
|-damage|p2a: Amoonguss|0 fnt
|faint|p2a: Amoonguss
|-damage|p1a: Marowak|47/100|[from] Recoil
|
|upkeep
|
|t:|1657468878
|switch|p2a: Polteageist|Polteageist-Antique|100/100
|turn|26
|
|t:|1657468882
|move|p2a: Polteageist|Shadow Ball|p1a: Marowak
|-supereffective|p1a: Marowak
|-damage|p1a: Marowak|0 fnt
|faint|p1a: Marowak
|
|upkeep
|
|t:|1657468886
|switch|p1a: Klefki|Klefki, M|100/100
|-damage|p1a: Klefki|76/100|[from] Spikes
|turn|27
|
|t:|1657468894
|switch|p2a: Hatterene|Hatterene, F|100/100
|move|p1a: Klefki|Light Screen|p1a: Klefki
|-sidestart|p1: Drapion|move: Light Screen
|
|-heal|p1a: Klefki|82/100|[from] item: Leftovers
|upkeep
|turn|28
|
|t:|1657468897
|move|p1a: Klefki|Defog|p2a: Hatterene
|move|p2a: Hatterene|Defog|p1a: Klefki|[from]ability: Magic Bounce
|-unboost|p1a: Klefki|evasion|1
|-sideend|p1: Drapion|move: Light Screen
|-sideend|p1: Drapion|Spikes|[from] move: Defog|[of] p2a: Hatterene
|move|p2a: Hatterene|Calm Mind|p2a: Hatterene
|-boost|p2a: Hatterene|spa|1
|-boost|p2a: Hatterene|spd|1
|
|-heal|p1a: Klefki|88/100|[from] item: Leftovers
|upkeep
|turn|29
|
|t:|1657468904
|switch|p1a: Tapu Bulu|Tapu Bulu, shiny|100/100
|-fieldstart|move: Grassy Terrain|[from] ability: Grassy Surge|[of] p1a: Tapu Bulu
|move|p2a: Hatterene|Calm Mind|p2a: Hatterene
|-boost|p2a: Hatterene|spa|1
|-boost|p2a: Hatterene|spd|1
|
|upkeep
|turn|30
|
|t:|1657468906
|move|p1a: Tapu Bulu|Wood Hammer|p2a: Hatterene
|-damage|p2a: Hatterene|46/100
|-damage|p1a: Tapu Bulu|84/100|[from] Recoil
|move|p2a: Hatterene|Draining Kiss|p1a: Tapu Bulu
|-damage|p1a: Tapu Bulu|35/100
|-heal|p2a: Hatterene|86/100|[from] drain|[of] p1a: Tapu Bulu
|
|-heal|p1a: Tapu Bulu|41/100|[from] Grassy Terrain
|-heal|p2a: Hatterene|92/100|[from] Grassy Terrain
|-heal|p2a: Hatterene|98/100|[from] item: Leftovers
|upkeep
|turn|31
|
|t:|1657468914
|move|p1a: Tapu Bulu|Wood Hammer|p2a: Hatterene
|-damage|p2a: Hatterene|43/100
|-damage|p1a: Tapu Bulu|24/100|[from] Recoil
|move|p2a: Hatterene|Draining Kiss|p1a: Tapu Bulu
|-damage|p1a: Tapu Bulu|0 fnt
|-heal|p2a: Hatterene|62/100|[from] drain|[of] p1a: Tapu Bulu
|faint|p1a: Tapu Bulu
|
|-heal|p2a: Hatterene|68/100|[from] Grassy Terrain
|-heal|p2a: Hatterene|74/100|[from] item: Leftovers
|upkeep
|
|t:|1657468928
|switch|p1a: Zarude|Zarude|42/100
|turn|32
|
|t:|1657468932
|move|p1a: Zarude|Power Whip|p2a: Hatterene|[miss]
|-miss|p1a: Zarude|p2a: Hatterene
|move|p2a: Hatterene|Draining Kiss|p1a: Zarude
|-supereffective|p1a: Zarude
|-damage|p1a: Zarude|0 fnt
|-heal|p2a: Hatterene|100/100|[from] drain|[of] p1a: Zarude
|faint|p1a: Zarude
|
|upkeep
|
|t:|1657468955
|switch|p1a: Umbreon|Umbreon, M|100/100 slp
|turn|33
|l|☆DQ Low Tier Legend
|inactive|DQ Low Tier Legend disconnected and has a minute to reconnect!
|player|p2|
|j|☆DQ Low Tier Legend
|inactive|DQ Low Tier Legend reconnected and has 140 seconds left.
|player|p2|DQ Low Tier Legend|170
|
|t:|1657468976
|cant|p1a: Umbreon|slp
|move|p2a: Hatterene|Calm Mind|p2a: Hatterene
|-boost|p2a: Hatterene|spa|1
|-boost|p2a: Hatterene|spd|1
|
|upkeep
|turn|34
|
|t:|1657468980
|-curestatus|p1a: Umbreon|slp|[msg]
|move|p1a: Umbreon|Toxic|p2a: Hatterene
|move|p2a: Hatterene|Toxic|p1a: Umbreon|[from]ability: Magic Bounce
|-status|p1a: Umbreon|tox
|-activate|p1a: Umbreon|ability: Synchronize
|-status|p2a: Hatterene|tox
|move|p2a: Hatterene|Draining Kiss|p1a: Umbreon
|-supereffective|p1a: Umbreon
|-damage|p1a: Umbreon|41/100 tox
|
|-heal|p1a: Umbreon|47/100 tox|[from] Grassy Terrain
|-heal|p1a: Umbreon|53/100 tox|[from] item: Leftovers
|-damage|p1a: Umbreon|47/100 tox|[from] psn
|-damage|p2a: Hatterene|95/100 tox|[from] psn
|upkeep
|turn|35
|c|☆Drapion|Ye I'm no noo
|
|t:|1657468999
|move|p1a: Umbreon|Protect|p1a: Umbreon
|-singleturn|p1a: Umbreon|Protect
|move|p2a: Hatterene|Draining Kiss|p1a: Umbreon
|-activate|p1a: Umbreon|move: Protect
|
|-heal|p1a: Umbreon|53/100 tox|[from] Grassy Terrain
|-heal|p1a: Umbreon|59/100 tox|[from] item: Leftovers
|-heal|p2a: Hatterene|100/100 tox|[from] Grassy Terrain
|-damage|p1a: Umbreon|47/100 tox|[from] psn
|-damage|p2a: Hatterene|89/100 tox|[from] psn
|upkeep
|turn|36
|
|t:|1657469004
|switch|p1a: Klefki|Klefki, M|88/100
|move|p2a: Hatterene|Draining Kiss|p1a: Klefki
|-resisted|p1a: Klefki
|-damage|p1a: Klefki|63/100
|-heal|p2a: Hatterene|100/100 tox|[from] drain|[of] p1a: Klefki
|
|-heal|p1a: Klefki|69/100|[from] Grassy Terrain
|-heal|p1a: Klefki|75/100|[from] item: Leftovers
|-damage|p2a: Hatterene|83/100 tox|[from] psn
|-fieldend|move: Grassy Terrain
|upkeep
|turn|37
|
|t:|1657469009
|move|p1a: Klefki|Light Screen|p1a: Klefki
|-sidestart|p1: Drapion|move: Light Screen
|move|p2a: Hatterene|Mystical Fire|p1a: Klefki
|-supereffective|p1a: Klefki
|-damage|p1a: Klefki|32/100
|-unboost|p1a: Klefki|spa|1
|
|-heal|p1a: Klefki|38/100|[from] item: Leftovers
|-heal|p2a: Hatterene|89/100 tox|[from] item: Leftovers
|-damage|p2a: Hatterene|65/100 tox|[from] psn
|upkeep
|turn|38
|
|t:|1657469022
|switch|p1a: Necrozma|Necrozma|94/100
|move|p2a: Hatterene|Mystical Fire|p1a: Necrozma
|-damage|p1a: Necrozma|68/100
|-unboost|p1a: Necrozma|spa|1
|
|-heal|p2a: Hatterene|71/100 tox|[from] item: Leftovers
|-damage|p2a: Hatterene|41/100 tox|[from] psn
|upkeep
|turn|39
|
|t:|1657469036
|switch|p1a: Klefki|Klefki, M|38/100
|move|p2a: Hatterene|Mystical Fire|p1a: Klefki
|-supereffective|p1a: Klefki
|-damage|p1a: Klefki|0 fnt
|faint|p1a: Klefki
|
|-heal|p2a: Hatterene|47/100 tox|[from] item: Leftovers
|-damage|p2a: Hatterene|11/100 tox|[from] psn
|upkeep
|
|t:|1657469038
|switch|p1a: Umbreon|Umbreon, M|47/100 tox
|turn|40
|
|t:|1657469042
|move|p1a: Umbreon|Wish|p1a: Umbreon
|move|p2a: Hatterene|Draining Kiss|p1a: Umbreon
|-supereffective|p1a: Umbreon
|-damage|p1a: Umbreon|20/100 tox
|-heal|p2a: Hatterene|37/100 tox|[from] drain|[of] p1a: Umbreon
|
|-heal|p1a: Umbreon|26/100 tox|[from] item: Leftovers
|-heal|p2a: Hatterene|43/100 tox|[from] item: Leftovers
|-damage|p1a: Umbreon|20/100 tox|[from] psn
|-damage|p2a: Hatterene|1/100 tox|[from] psn
|upkeep
|turn|41
|
|t:|1657469048
|move|p1a: Umbreon|Protect|p1a: Umbreon
|-singleturn|p1a: Umbreon|Protect
|move|p2a: Hatterene|Draining Kiss|p1a: Umbreon
|-activate|p1a: Umbreon|move: Protect
|
|-heal|p1a: Umbreon|70/100 tox|[from] move: Wish|[wisher] Umbreon
|-heal|p1a: Umbreon|76/100 tox|[from] item: Leftovers
|-heal|p2a: Hatterene|7/100 tox|[from] item: Leftovers
|-damage|p1a: Umbreon|63/100 tox|[from] psn
|-damage|p2a: Hatterene|0 fnt|[from] psn
|faint|p2a: Hatterene
|-sideend|p1: Drapion|move: Light Screen
|upkeep
|
|t:|1657469051
|switch|p2a: Polteageist|Polteageist-Antique|100/100
|turn|42
|
|t:|1657469063
|move|p2a: Polteageist|Substitute|p2a: Polteageist
|-start|p2a: Polteageist|Substitute
|-damage|p2a: Polteageist|76/100
|move|p1a: Umbreon|Foul Play|p2a: Polteageist
|-supereffective|p2a: Polteageist
|-end|p2a: Polteageist|Substitute
|
|-heal|p1a: Umbreon|70/100 tox|[from] item: Leftovers
|-damage|p1a: Umbreon|51/100 tox|[from] psn
|upkeep
|turn|43
|
|t:|1657469071
|switch|p1a: Necrozma|Necrozma|68/100
|move|p2a: Polteageist|Substitute|p2a: Polteageist
|-start|p2a: Polteageist|Substitute
|-damage|p2a: Polteageist|51/100
|
|upkeep
|turn|44
|
|t:|1657469080
|move|p2a: Polteageist|Shell Smash|p2a: Polteageist
|-unboost|p2a: Polteageist|def|1
|-unboost|p2a: Polteageist|spd|1
|-boost|p2a: Polteageist|atk|2
|-boost|p2a: Polteageist|spa|2
|-boost|p2a: Polteageist|spe|2
|move|p1a: Necrozma|Photon Geyser|p2a: Polteageist
|-end|p2a: Polteageist|Substitute
|
|upkeep
|turn|45
|
|t:|1657469084
|move|p2a: Polteageist|Shadow Ball|p1a: Necrozma
|-supereffective|p1a: Necrozma
|-damage|p1a: Necrozma|0 fnt
|faint|p1a: Necrozma
|
|upkeep
|
|t:|1657469086
|switch|p1a: Umbreon|Umbreon, M|51/100 tox
|turn|46
|
|t:|1657469089
|move|p2a: Polteageist|Substitute|p2a: Polteageist
|-start|p2a: Polteageist|Substitute
|-damage|p2a: Polteageist|26/100
|move|p1a: Umbreon|Wish|p1a: Umbreon
|
|-heal|p1a: Umbreon|57/100 tox|[from] item: Leftovers
|-damage|p1a: Umbreon|51/100 tox|[from] psn
|upkeep
|turn|47
|
|t:|1657469094
|move|p2a: Polteageist|Giga Drain|p1a: Umbreon
|-damage|p1a: Umbreon|19/100 tox
|-heal|p2a: Polteageist|50/100|[from] drain|[of] p1a: Umbreon
|move|p1a: Umbreon|Foul Play|p2a: Polteageist
|-supereffective|p2a: Polteageist
|-end|p2a: Polteageist|Substitute
|
|-heal|p1a: Umbreon|69/100 tox|[from] move: Wish|[wisher] Umbreon
|-heal|p1a: Umbreon|75/100 tox|[from] item: Leftovers
|-damage|p1a: Umbreon|63/100 tox|[from] psn
|upkeep
|turn|48
|
|t:|1657469102
|move|p2a: Polteageist|Substitute|p2a: Polteageist
|-start|p2a: Polteageist|Substitute
|-damage|p2a: Polteageist|25/100
|move|p1a: Umbreon|Foul Play|p2a: Polteageist
|-supereffective|p2a: Polteageist
|-end|p2a: Polteageist|Substitute
|
|-heal|p1a: Umbreon|69/100 tox|[from] item: Leftovers
|-damage|p1a: Umbreon|51/100 tox|[from] psn
|upkeep
|turn|49
|c|☆Drapion|Gg
|
|t:|1657469109
|move|p2a: Polteageist|Giga Drain|p1a: Umbreon
|-damage|p1a: Umbreon|21/100 tox
|-heal|p2a: Polteageist|48/100|[from] drain|[of] p1a: Umbreon
|move|p1a: Umbreon|Foul Play|p2a: Polteageist
|-supereffective|p2a: Polteageist
|-damage|p2a: Polteageist|0 fnt
|faint|p2a: Polteageist
|
|win|Drapion
|raw|Drapion's rating: 1509 &rarr; <strong>1525</strong><br />(+16 for winning)
|raw|DQ Low Tier Legend's rating: 1430 &rarr; <strong>1414</strong><br />(-16 for losing)
|l|☆DQ Low Tier Legend
|l|☆Drapion
||Ladder isn't responding, score probably updated but might not have (Request timeout).
|j|☆Drapion
|player|p1|Drapion|psychic-gen2
