|j|☆UUBF5 detour
|j|☆Der Trainer
|t:|1617463294
|gametype|singles
|player|p1|UUBF5 detour|maid-gen4|1315
|player|p2|Der Trainer|265|1440
|teamsize|p1|6
|teamsize|p2|6
|gen|8
|tier|[Gen 8] UU
|rated|
|clearpoke
|poke|p1|Weezing-Galar, M|
|poke|p1|Pyukumuku, F|
|poke|p1|Chansey, F|
|poke|p1|Mew|
|poke|p1|Salamence, M|
|poke|p1|Amoonguss, F|
|poke|p2|Hatterene, F|
|poke|p2|Conkeldurr, F|
|poke|p2|Quagsire, M|
|poke|p2|Darmanitan, M|
|poke|p2|Umbreon, M|
|poke|p2|Aegislash, F|
|rule|Sleep Clause Mod: Limit one foe put to sleep
|rule|Species Clause: Limit one of each Pokémon
|rule|OHKO Clause: OHKO moves are banned
|rule|Evasion Moves Clause: Evasion moves are banned
|rule|Endless Battle Clause: Forcing endless battles is banned
|rule|HP Percentage Mod: HP is shown in percentages
|rule|Dynamax Clause: You cannot dynamax
|teampreview
|
|t:|1617463311
|start
|switch|p1a: Chansey|Chansey, F|100/100
|switch|p2a: Darmanitan|Darmanitan, M|100/100
|turn|1
|
|t:|1617463329
|move|p2a: Darmanitan|U-turn|p1a: Chansey
|-damage|p1a: Chansey|84/100
|
|t:|1617463333
|switch|p2a: Hatterene|Hatterene, F|100/100|[from]move: U-turn
|move|p1a: Chansey|Seismic Toss|p2a: Hatterene
|-damage|p2a: Hatterene|69/100
|
|-heal|p2a: Hatterene|75/100|[from] item: Leftovers
|upkeep
|turn|2
|
|t:|1617463343
|move|p1a: Chansey|Seismic Toss|p2a: Hatterene
|-damage|p2a: Hatterene|44/100
|move|p2a: Hatterene|Trick Room|p2a: Hatterene
|-fieldstart|move: Trick Room|[of] p2a: Hatterene
|
|-heal|p2a: Hatterene|50/100|[from] item: Leftovers
|upkeep
|turn|3
|j| Galarian Birds OU
|
|t:|1617463351
|switch|p2a: Conkeldurr|Conkeldurr, F|100/100
|move|p1a: Chansey|Seismic Toss|p2a: Conkeldurr
|-damage|p2a: Conkeldurr|76/100
|
|-status|p2a: Conkeldurr|brn|[from] item: Flame Orb
|upkeep
|turn|4
|
|t:|1617463359
|switch|p1a: Salamence|Salamence, M|100/100
|-ability|p1a: Salamence|Intimidate|boost
|-unboost|p2a: Conkeldurr|atk|1
|move|p2a: Conkeldurr|Facade|p1a: Salamence
|-damage|p1a: Salamence|58/100
|
|-damage|p2a: Conkeldurr|70/100 brn|[from] brn
|upkeep
|turn|5
|
|t:|1617463370
|switch|p2a: Aegislash|Aegislash, F|100/100
|move|p1a: Salamence|Roost|p1a: Salamence
|-heal|p1a: Salamence|100/100
|-singleturn|p1a: Salamence|move: Roost
|
|upkeep
|turn|6
|
|t:|1617463380
|switch|p1a: Amoonguss|Amoonguss, F|100/100
|-formechange|p2a: Aegislash|Aegislash-Blade||[from] ability: Stance Change
|move|p2a: Aegislash|Flash Cannon|p1a: Amoonguss
|-damage|p1a: Amoonguss|37/100
|
|-fieldend|move: Trick Room
|upkeep
|turn|7
|
|t:|1617463389
|switch|p1a: Chansey|Chansey, F|84/100
|move|p2a: Aegislash|Flash Cannon|p1a: Chansey
|-damage|p1a: Chansey|60/100
|
|upkeep
|turn|8
|
|t:|1617463399
|switch|p2a: Umbreon|Umbreon, M|100/100
|move|p1a: Chansey|Soft-Boiled|p1a: Chansey
|-heal|p1a: Chansey|100/100
|
|upkeep
|turn|9
|
|t:|1617463405
|move|p2a: Umbreon|Wish|p2a: Umbreon
|move|p1a: Chansey|Stealth Rock|p2a: Umbreon
|-sidestart|p2: Der Trainer|move: Stealth Rock
|
|upkeep
|turn|10
|
|t:|1617463411
|switch|p2a: Conkeldurr|Conkeldurr, F|70/100 brn
|-damage|p2a: Conkeldurr|64/100 brn|[from] Stealth Rock
|move|p1a: Chansey|Seismic Toss|p2a: Conkeldurr
|-damage|p2a: Conkeldurr|40/100 brn
|
|-heal|p2a: Conkeldurr|88/100 brn|[from] move: Wish|[wisher] Umbreon
|-damage|p2a: Conkeldurr|82/100 brn|[from] brn
|upkeep
|turn|11
|l| Galarian Birds OU
|
|t:|1617463422
|switch|p1a: Salamence|Salamence, M|100/100
|-ability|p1a: Salamence|Intimidate|boost
|-unboost|p2a: Conkeldurr|atk|1
|move|p2a: Conkeldurr|Knock Off|p1a: Salamence
|-damage|p1a: Salamence|74/100
|-enditem|p1a: Salamence|Heavy-Duty Boots|[from] move: Knock Off|[of] p2a: Conkeldurr
|
|-damage|p2a: Conkeldurr|76/100 brn|[from] brn
|upkeep
|turn|12
|
|t:|1617463434
|switch|p2a: Aegislash|Aegislash, F|100/100
|-damage|p2a: Aegislash|94/100|[from] Stealth Rock
|move|p1a: Salamence|Dual Wingbeat|p2a: Aegislash
|-resisted|p2a: Aegislash
|-damage|p2a: Aegislash|87/100
|-resisted|p2a: Aegislash
|-crit|p2a: Aegislash
|-damage|p2a: Aegislash|76/100
|-hitcount|p2a: Aegislash|2
|
|upkeep
|turn|13
|
|t:|1617463445
|switch|p1a: Chansey|Chansey, F|100/100
|-formechange|p2a: Aegislash|Aegislash-Blade||[from] ability: Stance Change
|move|p2a: Aegislash|Flash Cannon|p1a: Chansey
|-damage|p1a: Chansey|76/100
|
|upkeep
|turn|14
|
|t:|1617463451
|switch|p2a: Umbreon|Umbreon, M|100/100
|-damage|p2a: Umbreon|88/100|[from] Stealth Rock
|move|p1a: Chansey|Soft-Boiled|p1a: Chansey
|-heal|p1a: Chansey|100/100
|
|-heal|p2a: Umbreon|94/100|[from] item: Leftovers
|upkeep
|turn|15
|
|t:|1617463461
|switch|p1a: Amoonguss|Amoonguss, F|70/100
|move|p2a: Umbreon|Wish|p2a: Umbreon
|
|-heal|p2a: Umbreon|99/100|[from] item: Leftovers
|upkeep
|turn|16
|
|t:|1617463480
|switch|p2a: Darmanitan|Darmanitan, M|100/100
|-damage|p2a: Darmanitan|76/100|[from] Stealth Rock
|move|p1a: Amoonguss|Sludge Bomb|p2a: Darmanitan
|-damage|p2a: Darmanitan|33/100
|
|-heal|p2a: Darmanitan|89/100|[from] move: Wish|[wisher] Umbreon
|upkeep
|turn|17
|
|t:|1617463493
|switch|p1a: Salamence|Salamence, M|74/100
|-ability|p1a: Salamence|Intimidate|boost
|-unboost|p2a: Darmanitan|atk|1
|move|p2a: Darmanitan|Rock Slide|p1a: Salamence|[miss]
|-miss|p2a: Darmanitan|p1a: Salamence
|
|upkeep
|turn|18
|
|t:|1617463504
|switch|p2a: Aegislash|Aegislash, F|76/100
|-damage|p2a: Aegislash|70/100|[from] Stealth Rock
|move|p1a: Salamence|Roost|p1a: Salamence
|-heal|p1a: Salamence|100/100
|-singleturn|p1a: Salamence|move: Roost
|
|upkeep
|turn|19
|
|t:|1617463513
|switch|p1a: Chansey|Chansey, F|100/100
|switch|p2a: Conkeldurr|Conkeldurr, F|76/100 brn
|-damage|p2a: Conkeldurr|70/100 brn|[from] Stealth Rock
|
|-damage|p2a: Conkeldurr|64/100 brn|[from] brn
|upkeep
|turn|20
|
|t:|1617463523
|switch|p1a: Salamence|Salamence, M|100/100
|-ability|p1a: Salamence|Intimidate|boost
|-unboost|p2a: Conkeldurr|atk|1
|move|p2a: Conkeldurr|Drain Punch|p1a: Salamence
|-resisted|p1a: Salamence
|-crit|p1a: Salamence
|-damage|p1a: Salamence|63/100
|-heal|p2a: Conkeldurr|81/100 brn|[from] drain|[of] p1a: Salamence
|
|-damage|p2a: Conkeldurr|75/100 brn|[from] brn
|upkeep
|turn|21
|
|t:|1617463536
|switch|p2a: Aegislash|Aegislash, F|70/100
|-damage|p2a: Aegislash|64/100|[from] Stealth Rock
|move|p1a: Salamence|Roost|p1a: Salamence
|-heal|p1a: Salamence|100/100
|-singleturn|p1a: Salamence|move: Roost
|
|upkeep
|turn|22
|
|t:|1617463545
|switch|p1a: Chansey|Chansey, F|100/100
|-formechange|p2a: Aegislash|Aegislash-Blade||[from] ability: Stance Change
|move|p2a: Aegislash|Flash Cannon|p1a: Chansey
|-damage|p1a: Chansey|80/100
|
|upkeep
|turn|23
|
|t:|1617463552
|switch|p2a: Umbreon|Umbreon, M|99/100
|-damage|p2a: Umbreon|88/100|[from] Stealth Rock
|move|p1a: Chansey|Seismic Toss|p2a: Umbreon
|-damage|p2a: Umbreon|62/100
|
|-heal|p2a: Umbreon|69/100|[from] item: Leftovers
|upkeep
|turn|24
|
|t:|1617463574
|switch|p1a: Amoonguss|Amoonguss, F|100/100
|move|p2a: Umbreon|Wish|p2a: Umbreon
|
|-heal|p2a: Umbreon|75/100|[from] item: Leftovers
|upkeep
|turn|25
|
|t:|1617463588
|switch|p2a: Aegislash|Aegislash, F|64/100
|-damage|p2a: Aegislash|58/100|[from] Stealth Rock
|move|p1a: Amoonguss|Foul Play|p2a: Aegislash
|-supereffective|p2a: Aegislash
|-damage|p2a: Aegislash|43/100
|
|-heal|p2a: Aegislash|100/100|[from] move: Wish|[wisher] Umbreon
|upkeep
|turn|26
|
|t:|1617463605
|switch|p2a: Umbreon|Umbreon, M|75/100
|-damage|p2a: Umbreon|62/100|[from] Stealth Rock
|move|p1a: Amoonguss|Foul Play|p2a: Umbreon
|-resisted|p2a: Umbreon
|-damage|p2a: Umbreon|58/100
|
|-heal|p2a: Umbreon|64/100|[from] item: Leftovers
|upkeep
|turn|27
|
|t:|1617463616
|move|p2a: Umbreon|Wish|p2a: Umbreon
|move|p1a: Amoonguss|Sludge Bomb|p2a: Umbreon
|-damage|p2a: Umbreon|50/100
|
|-heal|p2a: Umbreon|56/100|[from] item: Leftovers
|upkeep
|turn|28
|
|t:|1617463632
|switch|p2a: Aegislash|Aegislash, F|100/100
|-damage|p2a: Aegislash|94/100|[from] Stealth Rock
|move|p1a: Amoonguss|Foul Play|p2a: Aegislash
|-supereffective|p2a: Aegislash
|-damage|p2a: Aegislash|78/100
|
|-heal|p2a: Aegislash|100/100|[from] move: Wish|[wisher] Umbreon
|upkeep
|turn|29
|
|t:|1617463642
|-formechange|p2a: Aegislash|Aegislash-Blade||[from] ability: Stance Change
|move|p2a: Aegislash|Steel Beam|p1a: Amoonguss
|-damage|p1a: Amoonguss|0 fnt
|-damage|p2a: Aegislash|50/100|[from] mindblown
|faint|p1a: Amoonguss
|
|upkeep
|
|t:|1617463656
|switch|p1a: Mew|Mew|100/100
|turn|30
|
|t:|1617463660
|switch|p2a: Umbreon|Umbreon, M|56/100
|-damage|p2a: Umbreon|44/100|[from] Stealth Rock
|move|p1a: Mew|Knock Off|p2a: Umbreon
|-resisted|p2a: Umbreon
|-damage|p2a: Umbreon|35/100
|-enditem|p2a: Umbreon|Leftovers|[from] move: Knock Off|[of] p1a: Mew
|
|upkeep
|turn|31
|
|t:|1617463669
|move|p1a: Mew|Spikes|p2a: Umbreon
|-sidestart|p2: Der Trainer|Spikes
|move|p2a: Umbreon|Wish|p2a: Umbreon
|
|upkeep
|turn|32
|
|t:|1617463680
|switch|p2a: Hatterene|Hatterene, F|50/100
|-damage|p2a: Hatterene|37/100|[from] Spikes
|-damage|p2a: Hatterene|25/100|[from] Stealth Rock
|move|p1a: Mew|Spikes|p2a: Hatterene
|move|p2a: Hatterene|Spikes|p1a: Mew|[from]ability: Magic Bounce
|-sidestart|p1: UUBF5 detour|Spikes
|
|-heal|p2a: Hatterene|87/100|[from] move: Wish|[wisher] Umbreon
|-heal|p2a: Hatterene|93/100|[from] item: Leftovers
|upkeep
|turn|33
|
|t:|1617463695
|move|p1a: Mew|Knock Off|p2a: Hatterene
|-damage|p2a: Hatterene|68/100
|-enditem|p2a: Hatterene|Leftovers|[from] move: Knock Off|[of] p1a: Mew
|move|p2a: Hatterene|Trick Room|p2a: Hatterene
|-fieldstart|move: Trick Room|[of] p2a: Hatterene
|
|upkeep
|turn|34
|
|t:|1617463701
|move|p2a: Hatterene|Shadow Ball|p1a: Mew
|-supereffective|p1a: Mew
|-damage|p1a: Mew|50/100
|move|p1a: Mew|Knock Off|p2a: Hatterene
|-damage|p2a: Hatterene|50/100
|
|-heal|p1a: Mew|56/100|[from] item: Leftovers
|upkeep
|turn|35
|
|t:|1617463710
|move|p2a: Hatterene|Shadow Ball|p1a: Mew
|-supereffective|p1a: Mew
|-damage|p1a: Mew|2/100
|move|p1a: Mew|Soft-Boiled|p1a: Mew
|-heal|p1a: Mew|52/100
|
|-heal|p1a: Mew|58/100|[from] item: Leftovers
|upkeep
|turn|36
|
|t:|1617463719
|move|p2a: Hatterene|Shadow Ball|p1a: Mew
|-supereffective|p1a: Mew
|-damage|p1a: Mew|2/100
|move|p1a: Mew|Soft-Boiled|p1a: Mew
|-heal|p1a: Mew|52/100
|
|-heal|p1a: Mew|58/100|[from] item: Leftovers
|upkeep
|turn|37
|
|t:|1617463728
|move|p2a: Hatterene|Shadow Ball|p1a: Mew
|-supereffective|p1a: Mew
|-damage|p1a: Mew|4/100
|move|p1a: Mew|Soft-Boiled|p1a: Mew
|-heal|p1a: Mew|54/100
|
|-heal|p1a: Mew|60/100|[from] item: Leftovers
|-fieldend|move: Trick Room
|upkeep
|turn|38
|
|t:|1617463737
|move|p1a: Mew|Soft-Boiled|p1a: Mew
|-heal|p1a: Mew|100/100
|move|p2a: Hatterene|Trick Room|p2a: Hatterene
|-fieldstart|move: Trick Room|[of] p2a: Hatterene
|
|upkeep
|turn|39
|
|t:|1617463743
|switch|p1a: Chansey|Chansey, F|80/100
|-damage|p1a: Chansey|67/100|[from] Spikes
|move|p2a: Hatterene|Shadow Ball|p1a: Chansey
|-immune|p1a: Chansey
|
|upkeep
|turn|40
|
|t:|1617463748
|switch|p2a: Conkeldurr|Conkeldurr, F|75/100 brn
|-damage|p2a: Conkeldurr|69/100 brn|[from] Stealth Rock
|-damage|p2a: Conkeldurr|57/100 brn|[from] Spikes
|move|p1a: Chansey|Seismic Toss|p2a: Conkeldurr
|-damage|p2a: Conkeldurr|33/100 brn
|
|-damage|p2a: Conkeldurr|27/100 brn|[from] brn
|upkeep
|turn|41
|
|t:|1617463760
|switch|p1a: Salamence|Salamence, M|100/100
|-ability|p1a: Salamence|Intimidate|boost
|-unboost|p2a: Conkeldurr|atk|1
|move|p2a: Conkeldurr|Drain Punch|p1a: Salamence
|-resisted|p1a: Salamence
|-damage|p1a: Salamence|85/100
|-heal|p2a: Conkeldurr|34/100 brn|[from] drain|[of] p1a: Salamence
|
|-damage|p2a: Conkeldurr|28/100 brn|[from] brn
|upkeep
|turn|42
|
|t:|1617463771
|move|p2a: Conkeldurr|Facade|p1a: Salamence
|-damage|p1a: Salamence|43/100
|move|p1a: Salamence|Flamethrower|p2a: Conkeldurr
|-damage|p2a: Conkeldurr|2/100 brn
|
|-damage|p2a: Conkeldurr|0 fnt|[from] brn
|faint|p2a: Conkeldurr
|-fieldend|move: Trick Room
|upkeep
|
|t:|1617463797
|switch|p2a: Darmanitan|Darmanitan, M|89/100
|-damage|p2a: Darmanitan|77/100|[from] Spikes
|-damage|p2a: Darmanitan|52/100|[from] Stealth Rock
|turn|43
|
|t:|1617463803
|switch|p1a: Pyukumuku|Pyukumuku, F|100/100
|move|p2a: Darmanitan|Rock Slide|p1a: Pyukumuku
|-damage|p1a: Pyukumuku|75/100
|
|upkeep
|turn|44
|
|t:|1617463811
|switch|p2a: Umbreon|Umbreon, M|35/100
|-damage|p2a: Umbreon|23/100|[from] Stealth Rock
|-damage|p2a: Umbreon|10/100|[from] Spikes
|move|p1a: Pyukumuku|Recover|p1a: Pyukumuku
|-heal|p1a: Pyukumuku|100/100
|
|upkeep
|turn|45
|
|t:|1617463825
|switch|p1a: Salamence|Salamence, M|43/100
|-ability|p1a: Salamence|Intimidate|boost
|-unboost|p2a: Umbreon|atk|1
|move|p2a: Umbreon|Wish|p2a: Umbreon
|
|upkeep
|turn|46
|
|t:|1617463832
|move|p2a: Umbreon|Protect|p2a: Umbreon
|-singleturn|p2a: Umbreon|Protect
|move|p1a: Salamence|Roost|p1a: Salamence
|-heal|p1a: Salamence|93/100
|-singleturn|p1a: Salamence|move: Roost
|
|-heal|p2a: Umbreon|60/100|[from] move: Wish|[wisher] Umbreon
|upkeep
|turn|47
|
|t:|1617463854
|switch|p1a: Chansey|Chansey, F|67/100
|-damage|p1a: Chansey|55/100|[from] Spikes
|move|p2a: Umbreon|Toxic|p1a: Chansey
|-status|p1a: Chansey|tox
|
|-damage|p1a: Chansey|48/100 tox|[from] psn
|upkeep
|turn|48
|
|t:|1617463864
|move|p2a: Umbreon|Wish|p2a: Umbreon
|move|p1a: Chansey|Soft-Boiled|p1a: Chansey
|-heal|p1a: Chansey|98/100 tox
|
|-damage|p1a: Chansey|86/100 tox|[from] psn
|upkeep
|turn|49
|
|t:|1617463871
|move|p2a: Umbreon|Foul Play|p1a: Chansey
|-damage|p1a: Chansey|82/100 tox
|move|p1a: Chansey|Seismic Toss|p2a: Umbreon
|-damage|p2a: Umbreon|35/100
|
|-heal|p2a: Umbreon|85/100|[from] move: Wish|[wisher] Umbreon
|-damage|p1a: Chansey|63/100 tox|[from] psn
|upkeep
|turn|50
|
|t:|1617463882
|switch|p1a: Mew|Mew|100/100
|-damage|p1a: Mew|88/100|[from] Spikes
|move|p2a: Umbreon|Wish|p2a: Umbreon
|
|-heal|p1a: Mew|94/100|[from] item: Leftovers
|upkeep
|turn|51
|
|t:|1617463891
|move|p2a: Umbreon|Protect|p2a: Umbreon
|-singleturn|p2a: Umbreon|Protect
|move|p1a: Mew|Knock Off|p2a: Umbreon
|-activate|p2a: Umbreon|move: Protect
|
|-heal|p2a: Umbreon|100/100|[from] move: Wish|[wisher] Umbreon
|-heal|p1a: Mew|100/100|[from] item: Leftovers
|upkeep
|turn|52
|
|t:|1617463900
|move|p1a: Mew|Spikes|p2a: Umbreon
|-sidestart|p2: Der Trainer|Spikes
|move|p2a: Umbreon|Foul Play|p1a: Mew
|-supereffective|p1a: Mew
|-damage|p1a: Mew|51/100
|
|-heal|p1a: Mew|58/100|[from] item: Leftovers
|upkeep
|turn|53
|
|t:|1617463909
|move|p1a: Mew|Soft-Boiled|p1a: Mew
|-heal|p1a: Mew|100/100
|move|p2a: Umbreon|Foul Play|p1a: Mew
|-supereffective|p1a: Mew
|-damage|p1a: Mew|54/100
|
|-heal|p1a: Mew|60/100|[from] item: Leftovers
|upkeep
|turn|54
|
|t:|1617463920
|move|p1a: Mew|Spikes|p2a: Umbreon
|-sidestart|p2: Der Trainer|Spikes
|move|p2a: Umbreon|Foul Play|p1a: Mew
|-supereffective|p1a: Mew
|-damage|p1a: Mew|8/100
|
|-heal|p1a: Mew|14/100|[from] item: Leftovers
|upkeep
|turn|55
|
|t:|1617463928
|move|p1a: Mew|Soft-Boiled|p1a: Mew
|-heal|p1a: Mew|64/100
|move|p2a: Umbreon|Foul Play|p1a: Mew
|-supereffective|p1a: Mew
|-crit|p1a: Mew
|-damage|p1a: Mew|0 fnt
|faint|p1a: Mew
|
|upkeep
|
|t:|1617463934
|switch|p1a: Chansey|Chansey, F|63/100
|-damage|p1a: Chansey|51/100|[from] Spikes
|turn|56
|
|t:|1617463940
|move|p2a: Umbreon|Toxic|p1a: Chansey
|-status|p1a: Chansey|tox
|move|p1a: Chansey|Soft-Boiled|p1a: Chansey
|-heal|p1a: Chansey|100/100 tox
|
|-damage|p1a: Chansey|94/100 tox|[from] psn
|upkeep
|turn|57
|
|t:|1617463948
|move|p2a: Umbreon|Foul Play|p1a: Chansey
|-damage|p1a: Chansey|90/100 tox
|move|p1a: Chansey|Heal Bell|p1a: Chansey
|-activate|p1a: Chansey|move: Heal Bell
|-curestatus|p1a: Chansey|tox|[msg]
|
|upkeep
|turn|58
|
|t:|1617463957
|switch|p1a: Weezing|Weezing-Galar, M|100/100
|-damage|p1a: Weezing|88/100|[from] Spikes
|-fieldstart|move: Misty Terrain|[from] ability: Misty Surge|[of] p1a: Weezing
|move|p2a: Umbreon|Wish|p2a: Umbreon
|
|upkeep
|turn|59
|
|t:|1617463978
|switch|p2a: Aegislash|Aegislash, F|50/100
|-damage|p2a: Aegislash|44/100|[from] Stealth Rock
|-damage|p2a: Aegislash|19/100|[from] Spikes
|switch|p1a: Chansey|Chansey, F|90/100
|-damage|p1a: Chansey|78/100|[from] Spikes
|
|-heal|p2a: Aegislash|80/100|[from] move: Wish|[wisher] Umbreon
|upkeep
|turn|60
|
|t:|1617464012
|switch|p2a: Quagsire|Quagsire, M|100/100
|-damage|p2a: Quagsire|76/100|[from] Spikes
|-damage|p2a: Quagsire|70/100|[from] Stealth Rock
|move|p1a: Chansey|Soft-Boiled|p1a: Chansey
|-heal|p1a: Chansey|100/100
|
|-heal|p2a: Quagsire|76/100|[from] item: Leftovers
|upkeep
|turn|61
|
|t:|1617464036
|switch|p1a: Pyukumuku|Pyukumuku, F|100/100
|move|p2a: Quagsire|Earthquake|p1a: Pyukumuku
|-damage|p1a: Pyukumuku|82/100
|
|-heal|p2a: Quagsire|82/100|[from] item: Leftovers
|upkeep
|turn|62
|
|t:|1617464045
|move|p2a: Quagsire|Recover|p2a: Quagsire
|-heal|p2a: Quagsire|100/100
|move|p1a: Pyukumuku|Spite|p2a: Quagsire
|-activate|p2a: Quagsire|move: Spite|Recover|4
|
|-fieldend|Misty Terrain
|upkeep
|turn|63
|
|t:|1617464071
|switch|p2a: Umbreon|Umbreon, M|100/100
|-damage|p2a: Umbreon|76/100|[from] Spikes
|-damage|p2a: Umbreon|63/100|[from] Stealth Rock
|move|p1a: Pyukumuku|Toxic|p2a: Umbreon
|-status|p2a: Umbreon|tox
|-activate|p2a: Umbreon|ability: Synchronize
|-status|p1a: Pyukumuku|tox
|
|-damage|p2a: Umbreon|57/100 tox|[from] psn
|-damage|p1a: Pyukumuku|76/100 tox|[from] psn
|upkeep
|turn|64
|
|t:|1617464084
|switch|p1a: Chansey|Chansey, F|100/100
|-damage|p1a: Chansey|88/100|[from] Spikes
|move|p2a: Umbreon|Wish|p2a: Umbreon
|
|-damage|p2a: Umbreon|45/100 tox|[from] psn
|upkeep
|turn|65
|
|t:|1617464101
|switch|p2a: Hatterene|Hatterene, F|50/100
|-damage|p2a: Hatterene|26/100|[from] Spikes
|-damage|p2a: Hatterene|13/100|[from] Stealth Rock
|move|p1a: Chansey|Seismic Toss|p2a: Hatterene
|-damage|p2a: Hatterene|0 fnt
|faint|p2a: Hatterene
|
|upkeep
|
|t:|1617464115
|switch|p2a: Umbreon|Umbreon, M|45/100 tox
|-damage|p2a: Umbreon|32/100 tox|[from] Stealth Rock
|-damage|p2a: Umbreon|8/100 tox|[from] Spikes
|turn|66
|
|t:|1617464134
|move|p2a: Umbreon|Wish|p2a: Umbreon
|move|p1a: Chansey|Seismic Toss|p2a: Umbreon
|-damage|p2a: Umbreon|0 fnt
|faint|p2a: Umbreon
|
|upkeep
|
|t:|1617464143
|switch|p2a: Darmanitan|Darmanitan, M|52/100
|-damage|p2a: Darmanitan|27/100|[from] Spikes
|-damage|p2a: Darmanitan|2/100|[from] Stealth Rock
|turn|67
|
|t:|1617464154
|move|p2a: Darmanitan|Trick|p1a: Chansey
|-activate|p2a: Darmanitan|move: Trick|[of] p1a: Chansey
|-item|p1a: Chansey|Choice Scarf|[from] move: Trick
|-item|p2a: Darmanitan|Eviolite|[from] move: Trick
|move|p1a: Chansey|Seismic Toss|p2a: Darmanitan
|-damage|p2a: Darmanitan|0 fnt
|faint|p2a: Darmanitan
|
|upkeep
|
|t:|1617464163
|switch|p2a: Aegislash|Aegislash, F|80/100
|-damage|p2a: Aegislash|55/100|[from] Spikes
|-damage|p2a: Aegislash|49/100|[from] Stealth Rock
|turn|68
|
|t:|1617464178
|switch|p1a: Weezing|Weezing-Galar, M|88/100
|-damage|p1a: Weezing|75/100|[from] Spikes
|-fieldstart|move: Misty Terrain|[from] ability: Misty Surge|[of] p1a: Weezing
|-formechange|p2a: Aegislash|Aegislash-Blade||[from] ability: Stance Change
|move|p2a: Aegislash|Flash Cannon|p1a: Weezing
|-supereffective|p1a: Weezing
|-damage|p1a: Weezing|0 fnt
|faint|p1a: Weezing
|
|upkeep
|
|t:|1617464186
|switch|p1a: Chansey|Chansey, F|88/100
|-damage|p1a: Chansey|75/100|[from] Spikes
|turn|69
|
|t:|1617464194
|move|p1a: Chansey|Heal Bell|p1a: Chansey
|-activate|p1a: Chansey|move: Heal Bell
|-curestatus|p1: Pyukumuku|tox|[msg]
|move|p2a: Aegislash|Flash Cannon|p1a: Chansey
|-damage|p1a: Chansey|40/100
|
|upkeep
|turn|70
|
|t:|1617464204
|switch|p1a: Pyukumuku|Pyukumuku, F|76/100
|move|p2a: Aegislash|Flash Cannon|p1a: Pyukumuku
|-resisted|p1a: Pyukumuku
|-damage|p1a: Pyukumuku|45/100
|
|upkeep
|turn|71
|
|t:|1617464213
|move|p2a: Aegislash|Flash Cannon|p1a: Pyukumuku
|-resisted|p1a: Pyukumuku
|-damage|p1a: Pyukumuku|16/100
|move|p1a: Pyukumuku|Recover|p1a: Pyukumuku
|-heal|p1a: Pyukumuku|66/100
|
|upkeep
|turn|72
|
|t:|1617464221
|switch|p2a: Quagsire|Quagsire, M|100/100
|-damage|p2a: Quagsire|94/100|[from] Stealth Rock
|-damage|p2a: Quagsire|70/100|[from] Spikes
|move|p1a: Pyukumuku|Recover|p1a: Pyukumuku
|-heal|p1a: Pyukumuku|100/100
|
|-heal|p2a: Quagsire|76/100|[from] item: Leftovers
|-fieldend|Misty Terrain
|upkeep
|turn|73
|
|t:|1617464237
|switch|p1a: Salamence|Salamence, M|93/100
|-ability|p1a: Salamence|Intimidate|boost
|-unboost|p2a: Quagsire|atk|1
|move|p2a: Quagsire|Scald|p1a: Salamence
|-resisted|p1a: Salamence
|-damage|p1a: Salamence|83/100
|
|-heal|p2a: Quagsire|82/100|[from] item: Leftovers
|upkeep
|turn|74
|
|t:|1617464248
|move|p1a: Salamence|Toxic|p2a: Quagsire
|-status|p2a: Quagsire|tox
|move|p2a: Quagsire|Scald|p1a: Salamence
|-resisted|p1a: Salamence
|-damage|p1a: Salamence|73/100
|
|-heal|p2a: Quagsire|88/100 tox|[from] item: Leftovers
|-damage|p2a: Quagsire|82/100 tox|[from] psn
|upkeep
|turn|75
|
|t:|1617464261
|switch|p2a: Aegislash|Aegislash, F|49/100
|-damage|p2a: Aegislash|43/100|[from] Stealth Rock
|-damage|p2a: Aegislash|18/100|[from] Spikes
|move|p1a: Salamence|Dual Wingbeat|p2a: Aegislash
|-resisted|p2a: Aegislash
|-damage|p2a: Aegislash|10/100
|-resisted|p2a: Aegislash
|-damage|p2a: Aegislash|3/100
|-hitcount|p2a: Aegislash|2
|
|upkeep
|turn|76
|
|t:|1617464272
|switch|p1a: Pyukumuku|Pyukumuku, F|100/100
|-formechange|p2a: Aegislash|Aegislash-Blade||[from] ability: Stance Change
|move|p2a: Aegislash|Flash Cannon|p1a: Pyukumuku
|-resisted|p1a: Pyukumuku
|-damage|p1a: Pyukumuku|70/100
|
|upkeep
|turn|77
|-message|Der Trainer forfeited.
|
|win|UUBF5 detour
|raw|UUBF5 detour's rating: 1315 &rarr; <strong>1342</strong><br />(+27 for winning)
|raw|Der Trainer's rating: 1440 &rarr; <strong>1413</strong><br />(-27 for losing)
|l|☆Der Trainer
