|j|☆Rinnegan sad
|j|☆Liz Angeles
|t:|1665321480
|gametype|singles
|player|p1|Rinnegan sad|265|1412
|player|p2|Liz Angeles|marley|1541
|teamsize|p1|6
|teamsize|p2|6
|gen|8
|tier|[Gen 8] UU
|rated|
|rule|Sleep Clause Mod: Limit one foe put to sleep
|rule|Species Clause: Limit one of each Pokémon
|rule|OHKO Clause: OHKO moves are banned
|rule|Evasion Items Clause: Evasion items are banned
|rule|Evasion Moves Clause: Evasion moves are banned
|rule|Endless Battle Clause: Forcing endless battles is banned
|rule|HP Percentage Mod: HP is shown in percentages
|rule|Dynamax Clause: You cannot dynamax
|clearpoke
|poke|p1|Regieleki|
|poke|p1|Rotom-Wash|
|poke|p1|Tapu Bulu|
|poke|p1|Jirachi|
|poke|p1|Moltres|
|poke|p1|Krookodile, F|
|poke|p2|Goodra, F|
|poke|p2|Skarmory, F|
|poke|p2|Sylveon, F|
|poke|p2|Hippowdon, M|
|poke|p2|Tentacruel, F|
|poke|p2|Raikou|
|teampreview
|inactive|Battle timer is ON: inactive players will automatically lose when time's up. (requested by Rinnegan sad)
|
|t:|1665321505
|start
|switch|p1a: Jirachi|Jirachi|100/100
|switch|p2a: Sylveon|Sylveon, F|100/100
|turn|1
|
|t:|1665321510
|switch|p2a: Hippowdon|Hippowdon, M|100/100
|move|p1a: Jirachi|Stealth Rock|p2a: Hippowdon
|-sidestart|p2: Liz Angeles|move: Stealth Rock
|
|upkeep
|turn|2
|
|t:|1665321513
|move|p1a: Jirachi|U-turn|p2a: Hippowdon
|-damage|p2a: Hippowdon|93/100
|-damage|p1a: Jirachi|84/100|[from] item: Rocky Helmet|[of] p2a: Hippowdon
|
|t:|1665321518
|switch|p1a: Tapu Bulu|Tapu Bulu|100/100|[from]move: U-turn
|-fieldstart|move: Grassy Terrain|[from] ability: Grassy Surge|[of] p1a: Tapu Bulu
|move|p2a: Hippowdon|Stealth Rock|p1a: Tapu Bulu
|-sidestart|p1: Rinnegan sad|move: Stealth Rock
|
|-heal|p2a: Hippowdon|99/100|[from] Grassy Terrain
|upkeep
|turn|3
|j| Bfswuu66c
|
|t:|1665321525
|switch|p2a: Goodra|Goodra, F|100/100
|-damage|p2a: Goodra|88/100|[from] Stealth Rock
|move|p1a: Tapu Bulu|Leech Seed|p2a: Goodra
|-ability|p2a: Goodra|Sap Sipper|boost
|-boost|p2a: Goodra|atk|1
|
|-heal|p2a: Goodra|94/100|[from] Grassy Terrain
|-heal|p2a: Goodra|100/100|[from] item: Leftovers
|upkeep
|turn|4
|
|t:|1665321536
|move|p1a: Tapu Bulu|Protect|p1a: Tapu Bulu
|-singleturn|p1a: Tapu Bulu|Protect
|move|p2a: Goodra|Curse|p2a: Goodra
|-unboost|p2a: Goodra|spe|1
|-boost|p2a: Goodra|atk|1
|-boost|p2a: Goodra|def|1
|
|upkeep
|turn|5
|
|t:|1665321546
|move|p1a: Tapu Bulu|Toxic|p2a: Goodra
|-status|p2a: Goodra|tox
|move|p2a: Goodra|Dragon Tail|p1a: Tapu Bulu
|-immune|p1a: Tapu Bulu
|
|-damage|p2a: Goodra|94/100 tox|[from] psn
|upkeep
|turn|6
|
|t:|1665321557
|switch|p1a: Jirachi|Jirachi|84/100
|-damage|p1a: Jirachi|78/100|[from] Stealth Rock
|move|p2a: Goodra|Iron Tail|p1a: Jirachi
|-resisted|p1a: Jirachi
|-damage|p1a: Jirachi|57/100
|-unboost|p1a: Jirachi|def|1
|
|-heal|p1a: Jirachi|63/100|[from] Grassy Terrain
|-heal|p1a: Jirachi|69/100|[from] item: Leftovers
|-heal|p2a: Goodra|100/100 tox|[from] Grassy Terrain
|-damage|p2a: Goodra|88/100 tox|[from] psn
|-fieldend|move: Grassy Terrain
|upkeep
|turn|7
|
|t:|1665321572
|switch|p2a: Hippowdon|Hippowdon, M|99/100
|-damage|p2a: Hippowdon|93/100|[from] Stealth Rock
|move|p1a: Jirachi|U-turn|p2a: Hippowdon
|-damage|p2a: Hippowdon|84/100
|-damage|p1a: Jirachi|52/100|[from] item: Rocky Helmet|[of] p2a: Hippowdon
|j| Senior Fathom
|
|t:|1665321581
|switch|p1a: Rotom|Rotom-Wash|100/100|[from]move: U-turn
|-damage|p1a: Rotom|88/100|[from] Stealth Rock
|
|-heal|p1a: Rotom|94/100|[from] item: Leftovers
|upkeep
|turn|8
|
|t:|1665321590
|switch|p2a: Sylveon|Sylveon, F|100/100
|-damage|p2a: Sylveon|88/100|[from] Stealth Rock
|move|p1a: Rotom|Hydro Pump|p2a: Sylveon
|-damage|p2a: Sylveon|66/100
|
|-heal|p1a: Rotom|100/100|[from] item: Leftovers
|-heal|p2a: Sylveon|72/100|[from] item: Leftovers
|upkeep
|turn|9
|
|t:|1665321605
|move|p1a: Rotom|Volt Switch|p2a: Sylveon
|-damage|p2a: Sylveon|56/100
|
|t:|1665321611
|switch|p1a: Tapu Bulu|Tapu Bulu|100/100|[from]move: Volt Switch
|-damage|p1a: Tapu Bulu|88/100|[from] Stealth Rock
|-fieldstart|move: Grassy Terrain|[from] ability: Grassy Surge|[of] p1a: Tapu Bulu
|move|p2a: Sylveon|Heal Bell|p2a: Sylveon
|-activate|p2a: Sylveon|move: Heal Bell
|-curestatus|p2: Goodra|tox|[msg]
|
|-heal|p1a: Tapu Bulu|94/100|[from] Grassy Terrain
|-heal|p1a: Tapu Bulu|99/100|[from] item: Leftovers
|-heal|p2a: Sylveon|62/100|[from] Grassy Terrain
|-heal|p2a: Sylveon|69/100|[from] item: Leftovers
|upkeep
|turn|10
|
|t:|1665321622
|move|p2a: Sylveon|Protect|p2a: Sylveon
|-singleturn|p2a: Sylveon|Protect
|move|p1a: Tapu Bulu|Leech Seed|p2a: Sylveon
|-activate|p2a: Sylveon|move: Protect
|
|-heal|p1a: Tapu Bulu|100/100|[from] Grassy Terrain
|-heal|p2a: Sylveon|75/100|[from] Grassy Terrain
|-heal|p2a: Sylveon|81/100|[from] item: Leftovers
|upkeep
|turn|11
|
|t:|1665321628
|switch|p2a: Goodra|Goodra, F|88/100
|-damage|p2a: Goodra|75/100|[from] Stealth Rock
|move|p1a: Tapu Bulu|Toxic|p2a: Goodra
|-status|p2a: Goodra|tox
|
|-heal|p2a: Goodra|82/100 tox|[from] Grassy Terrain
|-heal|p2a: Goodra|88/100 tox|[from] item: Leftovers
|-damage|p2a: Goodra|82/100 tox|[from] psn
|upkeep
|turn|12
|
|t:|1665321639
|move|p1a: Tapu Bulu|Protect|p1a: Tapu Bulu
|-singleturn|p1a: Tapu Bulu|Protect
|move|p2a: Goodra|Curse|p2a: Goodra
|-unboost|p2a: Goodra|spe|1
|-boost|p2a: Goodra|atk|1
|-boost|p2a: Goodra|def|1
|
|-heal|p2a: Goodra|88/100 tox|[from] Grassy Terrain
|-heal|p2a: Goodra|94/100 tox|[from] item: Leftovers
|-damage|p2a: Goodra|82/100 tox|[from] psn
|upkeep
|turn|13
|
|t:|1665321653
|switch|p1a: Jirachi|Jirachi|52/100
|-damage|p1a: Jirachi|46/100|[from] Stealth Rock
|move|p2a: Goodra|Dragon Tail|p1a: Jirachi
|-resisted|p1a: Jirachi
|-damage|p1a: Jirachi|32/100
|drag|p1a: Regieleki|Regieleki|100/100
|-damage|p1a: Regieleki|88/100|[from] Stealth Rock
|
|-heal|p1a: Regieleki|94/100|[from] Grassy Terrain
|-heal|p2a: Goodra|88/100 tox|[from] Grassy Terrain
|-heal|p2a: Goodra|94/100 tox|[from] item: Leftovers
|-damage|p2a: Goodra|75/100 tox|[from] psn
|-fieldend|move: Grassy Terrain
|upkeep
|turn|14
|
|t:|1665321672
|switch|p2a: Hippowdon|Hippowdon, M|84/100
|-damage|p2a: Hippowdon|78/100|[from] Stealth Rock
|move|p1a: Regieleki|Rapid Spin|p2a: Hippowdon
|-damage|p2a: Hippowdon|72/100
|-boost|p1a: Regieleki|spe|1
|-damage|p1a: Regieleki|78/100|[from] item: Rocky Helmet|[of] p2a: Hippowdon
|-sideend|p1: Rinnegan sad|Stealth Rock|[from] move: Rapid Spin|[of] p1a: Regieleki
|
|upkeep
|turn|15
|
|t:|1665321678
|switch|p1a: Moltres|Moltres|100/100
|move|p2a: Hippowdon|Stealth Rock|p1a: Moltres
|-sidestart|p1: Rinnegan sad|move: Stealth Rock
|
|upkeep
|turn|16
|
|t:|1665321685
|move|p1a: Moltres|Flamethrower|p2a: Hippowdon
|-damage|p2a: Hippowdon|18/100
|move|p2a: Hippowdon|Toxic|p1a: Moltres
|-status|p1a: Moltres|tox
|
|-damage|p1a: Moltres|94/100 tox|[from] psn
|upkeep
|turn|17
|
|t:|1665321692
|switch|p2a: Tentacruel|Tentacruel, F|100/100
|-damage|p2a: Tentacruel|88/100|[from] Stealth Rock
|move|p1a: Moltres|Flamethrower|p2a: Tentacruel
|-resisted|p2a: Tentacruel
|-damage|p2a: Tentacruel|69/100
|
|-heal|p2a: Tentacruel|75/100|[from] item: Black Sludge
|-damage|p1a: Moltres|82/100 tox|[from] psn
|upkeep
|turn|18
|
|t:|1665321696
|switch|p1a: Rotom|Rotom-Wash|100/100
|-damage|p1a: Rotom|88/100|[from] Stealth Rock
|move|p2a: Tentacruel|Rapid Spin|p1a: Rotom
|-damage|p1a: Rotom|79/100
|-boost|p2a: Tentacruel|spe|1
|-sideend|p2: Liz Angeles|Stealth Rock|[from] move: Rapid Spin|[of] p2a: Tentacruel
|
|-heal|p2a: Tentacruel|82/100|[from] item: Black Sludge
|-heal|p1a: Rotom|86/100|[from] item: Leftovers
|upkeep
|turn|19
|
|t:|1665321703
|switch|p2a: Goodra|Goodra, F|75/100 tox
|move|p1a: Rotom|Defog|p2a: Goodra
|-unboost|p2a: Goodra|evasion|1
|-sideend|p1: Rinnegan sad|Stealth Rock|[from] move: Defog|[of] p1a: Rotom
|
|-heal|p1a: Rotom|92/100|[from] item: Leftovers
|-heal|p2a: Goodra|82/100 tox|[from] item: Leftovers
|-damage|p2a: Goodra|75/100 tox|[from] psn
|upkeep
|turn|20
|
|t:|1665321707
|switch|p2a: Raikou|Raikou|100/100
|-ability|p2a: Raikou|Pressure
|move|p1a: Rotom|Volt Switch|p2a: Raikou
|-resisted|p2a: Raikou
|-damage|p2a: Raikou|87/100
|
|t:|1665321715
|switch|p1a: Krookodile|Krookodile, F|100/100|[from]move: Volt Switch
|-ability|p1a: Krookodile|Intimidate|boost
|-unboost|p2a: Raikou|atk|1
|
|upkeep
|turn|21
|
|t:|1665321726
|switch|p2a: Skarmory|Skarmory, F|100/100
|move|p1a: Krookodile|Earthquake|p2a: Skarmory
|-immune|p2a: Skarmory
|
|upkeep
|turn|22
|
|t:|1665321729
|switch|p1a: Rotom|Rotom-Wash|92/100
|move|p2a: Skarmory|Spikes|p1a: Rotom
|-sidestart|p1: Rinnegan sad|Spikes
|
|-heal|p1a: Rotom|98/100|[from] item: Leftovers
|upkeep
|turn|23
|l| Senior Fathom
|
|t:|1665321745
|switch|p2a: Raikou|Raikou|87/100
|-ability|p2a: Raikou|Pressure
|move|p1a: Rotom|Defog|p2a: Raikou
|-unboost|p2a: Raikou|evasion|1
|-sideend|p1: Rinnegan sad|Spikes|[from] move: Defog|[of] p1a: Rotom
|
|-heal|p1a: Rotom|100/100|[from] item: Leftovers
|upkeep
|turn|24
|
|t:|1665321751
|switch|p1a: Tapu Bulu|Tapu Bulu|100/100
|-fieldstart|move: Grassy Terrain|[from] ability: Grassy Surge|[of] p1a: Tapu Bulu
|move|p2a: Raikou|Volt Switch|p1a: Tapu Bulu
|-resisted|p1a: Tapu Bulu
|-damage|p1a: Tapu Bulu|85/100
|
|t:|1665321755
|switch|p2a: Hippowdon|Hippowdon, M|18/100|[from]move: Volt Switch
|
|-heal|p1a: Tapu Bulu|91/100|[from] Grassy Terrain
|-heal|p1a: Tapu Bulu|97/100|[from] item: Leftovers
|-heal|p2a: Hippowdon|24/100|[from] Grassy Terrain
|upkeep
|turn|25
|
|t:|1665321761
|switch|p2a: Goodra|Goodra, F|75/100 tox
|move|p1a: Tapu Bulu|Horn Leech|p2a: Goodra
|-ability|p2a: Goodra|Sap Sipper|boost
|-boost|p2a: Goodra|atk|1
|
|-heal|p1a: Tapu Bulu|100/100|[from] Grassy Terrain
|-heal|p2a: Goodra|82/100 tox|[from] Grassy Terrain
|-heal|p2a: Goodra|88/100 tox|[from] item: Leftovers
|-damage|p2a: Goodra|82/100 tox|[from] psn
|upkeep
|turn|26
|
|t:|1665321779
|switch|p1a: Krookodile|Krookodile, F|100/100
|-ability|p1a: Krookodile|Intimidate|boost
|-unboost|p2a: Goodra|atk|1
|switch|p2a: Hippowdon|Hippowdon, M|24/100
|
|-heal|p2a: Hippowdon|30/100|[from] Grassy Terrain
|upkeep
|turn|27
|
|t:|1665321786
|switch|p2a: Skarmory|Skarmory, F|100/100
|move|p1a: Krookodile|Knock Off|p2a: Skarmory
|-damage|p2a: Skarmory|71/100
|-damage|p1a: Krookodile|84/100|[from] item: Rocky Helmet|[of] p2a: Skarmory
|-enditem|p2a: Skarmory|Rocky Helmet|[from] move: Knock Off|[of] p1a: Krookodile
|
|-heal|p1a: Krookodile|90/100|[from] Grassy Terrain
|upkeep
|turn|28
|
|t:|1665321796
|switch|p1a: Rotom|Rotom-Wash|100/100
|move|p2a: Skarmory|Body Press|p1a: Rotom
|-damage|p1a: Rotom|63/100
|
|-heal|p1a: Rotom|69/100|[from] item: Leftovers
|-fieldend|move: Grassy Terrain
|upkeep
|turn|29
|
|t:|1665321801
|switch|p2a: Goodra|Goodra, F|82/100 tox
|move|p1a: Rotom|Volt Switch|p2a: Goodra
|-resisted|p2a: Goodra
|-damage|p2a: Goodra|75/100 tox
|
|t:|1665321809
|switch|p1a: Jirachi|Jirachi|32/100|[from]move: Volt Switch
|
|-heal|p1a: Jirachi|38/100|[from] item: Leftovers
|-heal|p2a: Goodra|81/100 tox|[from] item: Leftovers
|-damage|p2a: Goodra|75/100 tox|[from] psn
|upkeep
|turn|30
|
|t:|1665321812
|switch|p2a: Hippowdon|Hippowdon, M|30/100
|move|p1a: Jirachi|U-turn|p2a: Hippowdon
|-damage|p2a: Hippowdon|21/100
|-damage|p1a: Jirachi|21/100|[from] item: Rocky Helmet|[of] p2a: Hippowdon
|
|t:|1665321819
|switch|p1a: Moltres|Moltres|82/100 tox|[from]move: U-turn
|
|-damage|p1a: Moltres|76/100 tox|[from] psn
|upkeep
|turn|31
|
|t:|1665321824
|switch|p1a: Krookodile|Krookodile, F|90/100
|-ability|p1a: Krookodile|Intimidate|boost
|-unboost|p2a: Hippowdon|atk|1
|switch|p2a: Tentacruel|Tentacruel, F|82/100
|
|-heal|p2a: Tentacruel|88/100|[from] item: Black Sludge
|upkeep
|turn|32
|
|t:|1665321833
|switch|p2a: Skarmory|Skarmory, F|71/100
|move|p1a: Krookodile|Knock Off|p2a: Skarmory
|-damage|p2a: Skarmory|52/100
|
|upkeep
|turn|33
|
|t:|1665321837
|switch|p1a: Rotom|Rotom-Wash|69/100
|move|p2a: Skarmory|Roost|p2a: Skarmory
|-heal|p2a: Skarmory|100/100
|-singleturn|p2a: Skarmory|move: Roost
|
|-heal|p1a: Rotom|75/100|[from] item: Leftovers
|upkeep
|turn|34
|
|t:|1665321844
|switch|p2a: Raikou|Raikou|87/100
|-ability|p2a: Raikou|Pressure
|move|p1a: Rotom|Volt Switch|p2a: Raikou
|-resisted|p2a: Raikou
|-damage|p2a: Raikou|74/100
|
|t:|1665321854
|switch|p1a: Krookodile|Krookodile, F|90/100|[from]move: Volt Switch
|-ability|p1a: Krookodile|Intimidate|boost
|-unboost|p2a: Raikou|atk|1
|
|upkeep
|turn|35
|
|t:|1665321864
|switch|p1a: Rotom|Rotom-Wash|75/100
|switch|p2a: Skarmory|Skarmory, F|100/100
|
|-heal|p1a: Rotom|81/100|[from] item: Leftovers
|upkeep
|turn|36
|
|t:|1665321873
|switch|p2a: Sylveon|Sylveon, F|81/100
|move|p1a: Rotom|Hydro Pump|p2a: Sylveon
|-crit|p2a: Sylveon
|-damage|p2a: Sylveon|43/100
|
|-heal|p1a: Rotom|88/100|[from] item: Leftovers
|-heal|p2a: Sylveon|49/100|[from] item: Leftovers
|upkeep
|turn|37
|
|t:|1665321878
|move|p1a: Rotom|Nasty Plot|p1a: Rotom
|-boost|p1a: Rotom|spa|2
|move|p2a: Sylveon|Wish|p2a: Sylveon
|
|-heal|p1a: Rotom|94/100|[from] item: Leftovers
|-heal|p2a: Sylveon|55/100|[from] item: Leftovers
|upkeep
|turn|38
|
|t:|1665321892
|move|p1a: Rotom|Hydro Pump|p2a: Sylveon
|-damage|p2a: Sylveon|7/100
|move|p2a: Sylveon|Heal Bell|p2a: Sylveon
|-activate|p2a: Sylveon|move: Heal Bell
|-curestatus|p2: Goodra|tox|[msg]
|
|-heal|p2a: Sylveon|57/100|[from] move: Wish|[wisher] Sylveon
|-heal|p1a: Rotom|99/100|[from] item: Leftovers
|-heal|p2a: Sylveon|63/100|[from] item: Leftovers
|upkeep
|turn|39
|
|t:|1665321897
|switch|p2a: Goodra|Goodra, F|75/100
|move|p1a: Rotom|Nasty Plot|p1a: Rotom
|-boost|p1a: Rotom|spa|2
|
|-heal|p1a: Rotom|100/100|[from] item: Leftovers
|-heal|p2a: Goodra|81/100|[from] item: Leftovers
|upkeep
|turn|40
|
|t:|1665321904
|move|p1a: Rotom|Volt Switch|p2a: Goodra
|-resisted|p2a: Goodra
|-damage|p2a: Goodra|58/100
|
|t:|1665321908
|switch|p1a: Jirachi|Jirachi|21/100|[from]move: Volt Switch
|move|p2a: Goodra|Dragon Tail|p1a: Jirachi
|-resisted|p1a: Jirachi
|-damage|p1a: Jirachi|12/100
|drag|p1a: Rotom|Rotom-Wash|100/100
|
|-heal|p2a: Goodra|64/100|[from] item: Leftovers
|upkeep
|turn|41
|
|t:|1665321920
|switch|p1a: Krookodile|Krookodile, F|90/100
|-ability|p1a: Krookodile|Intimidate|boost
|-unboost|p2a: Goodra|atk|1
|move|p2a: Goodra|Dragon Tail|p1a: Krookodile
|-damage|p1a: Krookodile|73/100
|drag|p1a: Rotom|Rotom-Wash|100/100
|
|-heal|p2a: Goodra|70/100|[from] item: Leftovers
|upkeep
|turn|42
|j| Senior Fathom
|
|t:|1665321933
|move|p1a: Rotom|Nasty Plot|p1a: Rotom
|-boost|p1a: Rotom|spa|2
|move|p2a: Goodra|Dragon Tail|p1a: Rotom
|-damage|p1a: Rotom|86/100
|drag|p1a: Moltres|Moltres|76/100 tox
|
|-heal|p2a: Goodra|77/100|[from] item: Leftovers
|-damage|p1a: Moltres|69/100 tox|[from] psn
|upkeep
|turn|43
|
|t:|1665321945
|switch|p2a: Raikou|Raikou|74/100
|-ability|p2a: Raikou|Pressure
|move|p1a: Moltres|Hurricane|p2a: Raikou
|-resisted|p2a: Raikou
|-damage|p2a: Raikou|42/100
|
|-damage|p1a: Moltres|57/100 tox|[from] psn
|upkeep
|turn|44
|
|t:|1665321958
|switch|p1a: Tapu Bulu|Tapu Bulu|100/100
|-fieldstart|move: Grassy Terrain|[from] ability: Grassy Surge|[of] p1a: Tapu Bulu
|move|p2a: Raikou|Scald|p1a: Tapu Bulu
|-resisted|p1a: Tapu Bulu
|-damage|p1a: Tapu Bulu|88/100
|
|-heal|p2a: Raikou|48/100|[from] Grassy Terrain
|-heal|p1a: Tapu Bulu|94/100|[from] Grassy Terrain
|-heal|p1a: Tapu Bulu|100/100|[from] item: Leftovers
|upkeep
|turn|45
|
|t:|1665321975
|switch|p2a: Goodra|Goodra, F|77/100
|move|p1a: Tapu Bulu|Horn Leech|p2a: Goodra
|-ability|p2a: Goodra|Sap Sipper|boost
|-boost|p2a: Goodra|atk|1
|
|-heal|p2a: Goodra|83/100|[from] Grassy Terrain
|-heal|p2a: Goodra|89/100|[from] item: Leftovers
|upkeep
|turn|46
|
|t:|1665321979
|move|p1a: Tapu Bulu|Toxic|p2a: Goodra
|-status|p2a: Goodra|tox
|move|p2a: Goodra|Iron Tail|p1a: Tapu Bulu|[miss]
|-miss|p2a: Goodra|p1a: Tapu Bulu
|
|-heal|p2a: Goodra|95/100 tox|[from] Grassy Terrain
|-heal|p2a: Goodra|100/100 tox|[from] item: Leftovers
|-damage|p2a: Goodra|94/100 tox|[from] psn
|upkeep
|turn|47
|
|t:|1665321986
|switch|p1a: Rotom|Rotom-Wash|86/100
|move|p2a: Goodra|Curse|p2a: Goodra
|-unboost|p2a: Goodra|spe|1
|-boost|p2a: Goodra|atk|1
|-boost|p2a: Goodra|def|1
|
|-heal|p1a: Rotom|93/100|[from] item: Leftovers
|-heal|p2a: Goodra|100/100 tox|[from] Grassy Terrain
|-damage|p2a: Goodra|88/100 tox|[from] psn
|upkeep
|turn|48
|
|t:|1665321996
|move|p1a: Rotom|Nasty Plot|p1a: Rotom
|-boost|p1a: Rotom|spa|2
|move|p2a: Goodra|Dragon Tail|p1a: Rotom
|-damage|p1a: Rotom|47/100
|drag|p1a: Moltres|Moltres|57/100 tox
|
|-heal|p2a: Goodra|94/100 tox|[from] Grassy Terrain
|-heal|p2a: Goodra|100/100 tox|[from] item: Leftovers
|-damage|p1a: Moltres|51/100 tox|[from] psn
|-damage|p2a: Goodra|82/100 tox|[from] psn
|-fieldend|move: Grassy Terrain
|upkeep
|turn|49
|
|t:|1665322008
|move|p1a: Moltres|Roost|p1a: Moltres
|-heal|p1a: Moltres|100/100 tox
|-singleturn|p1a: Moltres|move: Roost
|move|p2a: Goodra|Rest|p2a: Goodra
|-status|p2a: Goodra|slp|[from] move: Rest
|-heal|p2a: Goodra|100/100 slp|[silent]
|
|-damage|p1a: Moltres|88/100 tox|[from] psn
|upkeep
|turn|50
|
|t:|1665322028
|switch|p1a: Jirachi|Jirachi|12/100
|cant|p2a: Goodra|slp
|
|-heal|p1a: Jirachi|18/100|[from] item: Leftovers
|upkeep
|turn|51
|
|t:|1665322033
|switch|p2a: Skarmory|Skarmory, F|100/100
|move|p1a: Jirachi|Stealth Rock|p2a: Skarmory
|-sidestart|p2: Liz Angeles|move: Stealth Rock
|
|-heal|p1a: Jirachi|24/100|[from] item: Leftovers
|upkeep
|turn|52
|
|t:|1665322036
|move|p1a: Jirachi|Thunder Wave|p2a: Skarmory
|-status|p2a: Skarmory|par
|move|p2a: Skarmory|Spikes|p1a: Jirachi
|-sidestart|p1: Rinnegan sad|Spikes
|
|-heal|p1a: Jirachi|30/100|[from] item: Leftovers
|upkeep
|turn|53
|
|t:|1665322054
|switch|p2a: Tentacruel|Tentacruel, F|88/100
|-damage|p2a: Tentacruel|75/100|[from] Stealth Rock
|move|p1a: Jirachi|U-turn|p2a: Tentacruel
|-resisted|p2a: Tentacruel
|-damage|p2a: Tentacruel|68/100
|
|t:|1665322061
|switch|p1a: Regieleki|Regieleki|78/100|[from]move: U-turn
|-damage|p1a: Regieleki|65/100|[from] Spikes
|
|-heal|p2a: Tentacruel|74/100|[from] item: Black Sludge
|upkeep
|turn|54
|
|t:|1665322064
|switch|p2a: Hippowdon|Hippowdon, M|21/100
|-damage|p2a: Hippowdon|15/100|[from] Stealth Rock
|move|p1a: Regieleki|Rapid Spin|p2a: Hippowdon
|-damage|p2a: Hippowdon|10/100
|-boost|p1a: Regieleki|spe|1
|-damage|p1a: Regieleki|49/100|[from] item: Rocky Helmet|[of] p2a: Hippowdon
|-sideend|p1: Rinnegan sad|Spikes|[from] move: Rapid Spin|[of] p1a: Regieleki
|
|upkeep
|turn|55
|
|t:|1665322076
|move|p1a: Regieleki|Ancient Power|p2a: Hippowdon
|-resisted|p2a: Hippowdon
|-damage|p2a: Hippowdon|2/100
|move|p2a: Hippowdon|Slack Off|p2a: Hippowdon
|-heal|p2a: Hippowdon|52/100
|
|upkeep
|turn|56
|
|t:|1665322086
|switch|p1a: Rotom|Rotom-Wash|47/100
|move|p2a: Hippowdon|Slack Off|p2a: Hippowdon
|-heal|p2a: Hippowdon|100/100
|
|-heal|p1a: Rotom|53/100|[from] item: Leftovers
|upkeep
|turn|57
|
|t:|1665322095
|switch|p2a: Goodra|Goodra, F|100/100 slp
|-damage|p2a: Goodra|88/100 slp|[from] Stealth Rock
|move|p1a: Rotom|Volt Switch|p2a: Goodra
|-resisted|p2a: Goodra
|-damage|p2a: Goodra|81/100 slp
|
|t:|1665322106
|switch|p1a: Jirachi|Jirachi|30/100|[from]move: Volt Switch
|
|-heal|p1a: Jirachi|36/100|[from] item: Leftovers
|-heal|p2a: Goodra|87/100 slp|[from] item: Leftovers
|upkeep
|turn|58
|
|t:|1665322116
|switch|p2a: Skarmory|Skarmory, F|100/100 par
|-damage|p2a: Skarmory|88/100 par|[from] Stealth Rock
|move|p1a: Jirachi|U-turn|p2a: Skarmory
|-resisted|p2a: Skarmory
|-damage|p2a: Skarmory|86/100 par
|
|t:|1665322123
|switch|p1a: Rotom|Rotom-Wash|53/100|[from]move: U-turn
|
|-heal|p1a: Rotom|59/100|[from] item: Leftovers
|upkeep
|turn|59
|
|t:|1665322131
|switch|p2a: Goodra|Goodra, F|87/100 slp
|-damage|p2a: Goodra|75/100 slp|[from] Stealth Rock
|move|p1a: Rotom|Volt Switch|p2a: Goodra
|-resisted|p2a: Goodra
|-damage|p2a: Goodra|68/100 slp
|
|t:|1665322141
|switch|p1a: Krookodile|Krookodile, F|73/100|[from]move: Volt Switch
|-ability|p1a: Krookodile|Intimidate|boost
|-unboost|p2a: Goodra|atk|1
|
|-heal|p2a: Goodra|74/100 slp|[from] item: Leftovers
|upkeep
|turn|60
|
|t:|1665322144
|switch|p2a: Hippowdon|Hippowdon, M|100/100
|-damage|p2a: Hippowdon|94/100|[from] Stealth Rock
|move|p1a: Krookodile|Darkest Lariat|p2a: Hippowdon
|-damage|p2a: Hippowdon|72/100
|-damage|p1a: Krookodile|57/100|[from] item: Rocky Helmet|[of] p2a: Hippowdon
|
|upkeep
|turn|61
|
|t:|1665322149
|switch|p1a: Tapu Bulu|Tapu Bulu|100/100
|-fieldstart|move: Grassy Terrain|[from] ability: Grassy Surge|[of] p1a: Tapu Bulu
|move|p2a: Hippowdon|Stealth Rock|p1a: Tapu Bulu
|-sidestart|p1: Rinnegan sad|move: Stealth Rock
|
|-heal|p2a: Hippowdon|78/100|[from] Grassy Terrain
|upkeep
|turn|62
|c|☆Rinnegan sad|U really like play this way?
|inactive|Rinnegan sad has 120 seconds left.
|c|☆Rinnegan sad|U dont haver life to live?
|c|☆Rinnegan sad|Omg
|-message|Rinnegan sad forfeited.
|
|win|Liz Angeles
|raw|Rinnegan sad's rating: 1412 &rarr; <strong>1399</strong><br />(-13 for losing)
|raw|Liz Angeles's rating: 1541 &rarr; <strong>1554</strong><br />(+13 for winning)
|c|☆Liz Angeles|zzz
|l|☆Rinnegan sad
||Ladder isn't responding, score probably updated but might not have (Request timeout).
