|j|☆Karolynia彡
|j|☆sam i yam
|player|p1|Karolynia彡|209|
|player|p2|sam i yam|169|
|teamsize|p1|6
|teamsize|p2|6
|gametype|singles
|gen|8
|tier|[Gen 8] UU
|rated|Tournament battle
|html|<div class="broadcast-red"><strong>UU is currently suspecting Mamoswine! For information on how to participate check out the <a href="https://www.smogon.com/forums/threads/3661513/">suspect thread</a>.</strong></div>
|clearpoke
|poke|p1|Rotom-Mow|
|poke|p1|Espeon, M|
|poke|p1|Mamoswine, M|
|poke|p1|Arcanine, M|
|poke|p1|Cramorant, F|
|poke|p1|Braviary, M|
|poke|p2|Incineroar, M|
|poke|p2|Noivern, M|
|poke|p2|Vaporeon, M|
|poke|p2|Mamoswine, M|
|poke|p2|Bronzong|
|poke|p2|Necrozma|
|rule|Sleep Clause Mod: Limit one foe put to sleep
|rule|Species Clause: Limit one of each Pokémon
|rule|OHKO Clause: OHKO moves are banned
|rule|Evasion Moves Clause: Evasion moves are banned
|rule|Endless Battle Clause: Forcing endless battles is banned
|rule|HP Percentage Mod: HP is shown in percentages
|rule|Dynamax Clause: You cannot dynamax
|teampreview
|j|*Lady Monita
|j|‽GiGA_AlakazaM
|j| Cookieco
|c|☆Karolynia彡|glhf
|inactive|Battle timer is ON: inactive players will automatically lose when time's up. (requested by sam i yam)
|j| BananaYTB
|c|☆sam i yam|hf
|j| Anime≧◡≦Sans
|
|start
|switch|p1a: Bravery|Braviary, M|100/100
|switch|p2a: Bronzong|Bronzong|100/100
|turn|1
|
|move|p1a: Bravery|U-turn|p2a: Bronzong
|-damage|p2a: Bronzong|67/100
|
|switch|p1a: Epson Salts|Espeon, M|100/100|[from]move: U-turn
|move|p2a: Bronzong|Trick|p1a: Epson Salts
|-activate|p2a: Bronzong|move: Trick|[of] p1a: Epson Salts
|-item|p1a: Epson Salts|Sticky Barb|[from] move: Trick
|-item|p2a: Bronzong|Choice Specs|[from] move: Trick
|
|-damage|p1a: Epson Salts|88/100|[from] item: Sticky Barb
|upkeep
|turn|2
|j| Loboz23
|
|move|p1a: Epson Salts|Trick|p2a: Bronzong
|-activate|p1a: Epson Salts|move: Trick|[of] p2a: Bronzong
|-item|p2a: Bronzong|Sticky Barb|[from] move: Trick
|-item|p1a: Epson Salts|Choice Specs|[from] move: Trick
|move|p2a: Bronzong|Gyro Ball|p1a: Epson Salts
|-damage|p1a: Epson Salts|5/100
|
|-damage|p2a: Bronzong|55/100|[from] item: Sticky Barb
|upkeep
|turn|3
|j| Crownfool
|
|move|p1a: Epson Salts|Shadow Ball|p2a: Bronzong
|-supereffective|p2a: Bronzong
|-damage|p2a: Bronzong|0 fnt
|faint|p2a: Bronzong
|
|upkeep
|
|switch|p2a: Incineroar|Incineroar, M|100/100
|-ability|p2a: Incineroar|Intimidate|boost
|-unboost|p1a: Epson Salts|atk|1
|turn|4
|
|switch|p1a: Cormorant|Cramorant, F|100/100
|move|p2a: Incineroar|Knock Off|p1a: Cormorant
|-damage|p1a: Cormorant|22/100
|-enditem|p1a: Cormorant|Leftovers|[from] move: Knock Off|[of] p2a: Incineroar
|
|upkeep
|turn|5
|
|move|p1a: Cormorant|Roost|p1a: Cormorant
|-heal|p1a: Cormorant|72/100
|-singleturn|p1a: Cormorant|move: Roost
|move|p2a: Incineroar|Parting Shot|p1a: Cormorant
|-unboost|p1a: Cormorant|atk|1
|-unboost|p1a: Cormorant|spa|1
|c|☆Karolynia彡|ooh it gets parting shot?
|
|switch|p2a: Mamoswine|Mamoswine, M|100/100|[from]move: Parting Shot
|
|upkeep
|turn|6
|
|move|p1a: Cormorant|Surf|p2a: Mamoswine
|-supereffective|p2a: Mamoswine
|-formechange|p1a: Cormorant|Cramorant-Gulping|
|-damage|p2a: Mamoswine|37/100
|move|p2a: Mamoswine|Icicle Crash|p1a: Cormorant
|-damage|p1a: Cormorant|0 fnt
|-damage|p2a: Mamoswine|12/100|[from] ability: Gulp Missile|[of] p1a: Cormorant
|-unboost|p2a: Mamoswine|def|1
|-formechange|p1a: Cormorant|Cramorant|
|faint|p1a: Cormorant
|
|upkeep
|
|switch|p1a: Arcane|Arcanine, M|100/100
|turn|7
|
|switch|p2a: Incineroar|Incineroar, M|100/100
|-ability|p2a: Incineroar|Intimidate|boost
|-unboost|p1a: Arcane|atk|1
|move|p1a: Arcane|Extreme Speed|p2a: Incineroar
|-damage|p2a: Incineroar|80/100
|-damage|p1a: Arcane|91/100|[from] item: Life Orb
|
|upkeep
|turn|8
|
|switch|p1a: Epson Salts|Espeon, M|5/100
|switch|p2a: Noivern|Noivern, M|100/100
|-item|p1a: Epson Salts|Choice Specs|[from] ability: Frisk|[of] p2a: Noivern|[identify]
|
|upkeep
|turn|9
|
|move|p2a: Noivern|Hurricane|p1a: Epson Salts|[miss]
|-miss|p2a: Noivern|p1a: Epson Salts
|move|p1a: Epson Salts|Dazzling Gleam|p2a: Noivern
|-supereffective|p2a: Noivern
|-damage|p2a: Noivern|16/100
|
|upkeep
|turn|10
|
|move|p2a: Noivern|Hurricane|p1a: Epson Salts
|-damage|p1a: Epson Salts|0 fnt
|faint|p1a: Epson Salts
|
|upkeep
|
|switch|p1a: Manliness|Mamoswine, M|100/100
|turn|11
|
|move|p2a: Noivern|Draco Meteor|p1a: Manliness
|-damage|p1a: Manliness|37/100
|-unboost|p2a: Noivern|spa|2
|move|p1a: Manliness|Stealth Rock|p2a: Noivern
|-sidestart|p2: sam i yam|move: Stealth Rock
|
|upkeep
|turn|12
|
|move|p1a: Manliness|Ice Shard|p2a: Noivern
|-supereffective|p2a: Noivern
|-damage|p2a: Noivern|0 fnt
|faint|p2a: Noivern
|
|upkeep
|
|switch|p2a: Incineroar|Incineroar, M|80/100
|-ability|p2a: Incineroar|Intimidate|boost
|-unboost|p1a: Manliness|atk|1
|turn|13
|
|switch|p2a: Vaporeon|Vaporeon, M|100/100
|-damage|p2a: Vaporeon|88/100|[from] Stealth Rock
|move|p1a: Manliness|Earthquake|p2a: Vaporeon
|-damage|p2a: Vaporeon|62/100
|
|-heal|p2a: Vaporeon|68/100|[from] item: Leftovers
|upkeep
|turn|14
|
|switch|p1a: Room-Mow|Rotom-Mow|100/100
|move|p2a: Vaporeon|Wish|p2a: Vaporeon
|
|-heal|p2a: Vaporeon|74/100|[from] item: Leftovers
|upkeep
|turn|15
|
|switch|p2a: Incineroar|Incineroar, M|80/100
|-ability|p2a: Incineroar|Intimidate|boost
|-unboost|p1a: Room-Mow|atk|1
|move|p1a: Room-Mow|Volt Switch|p2a: Incineroar
|-damage|p2a: Incineroar|57/100
|j| WarioNear
|
|switch|p1a: Manliness|Mamoswine, M|37/100|[from]move: Volt Switch
|
|-heal|p2a: Incineroar|100/100|[from] move: Wish|[wisher] Vaporeon
|upkeep
|turn|16
|
|switch|p2a: Mamoswine|Mamoswine, M|12/100
|-damage|p2a: Mamoswine|0 fnt|[from] Stealth Rock
|faint|p2a: Mamoswine
|move|p1a: Manliness|Earthquake|p2: Mamoswine|[notarget]
|-fail|p1a: Manliness
|
|upkeep
|l| WarioNear
|
|switch|p2a: Incineroar|Incineroar, M|100/100
|-ability|p2a: Incineroar|Intimidate|boost
|-unboost|p1a: Manliness|atk|1
|turn|17
|
|switch|p2a: Necrozma|Necrozma|100/100
|-damage|p2a: Necrozma|88/100|[from] Stealth Rock
|move|p1a: Manliness|Earthquake|p2a: Necrozma
|-damage|p2a: Necrozma|46/100
|
|-heal|p2a: Necrozma|52/100|[from] item: Leftovers
|upkeep
|turn|18
|j| monti9
|
|move|p1a: Manliness|Earthquake|p2a: Necrozma
|-damage|p2a: Necrozma|16/100
|move|p2a: Necrozma|Moonlight|p2a: Necrozma
|-heal|p2a: Necrozma|66/100
|
|-heal|p2a: Necrozma|72/100|[from] item: Leftovers
|upkeep
|turn|19
|
|switch|p1a: Bravery|Braviary, M|100/100
|move|p2a: Necrozma|Moonlight|p2a: Necrozma
|-heal|p2a: Necrozma|100/100
|
|upkeep
|turn|20
|
|move|p1a: Bravery|U-turn|p2a: Necrozma
|-supereffective|p2a: Necrozma
|-damage|p2a: Necrozma|49/100
|
|switch|p1a: Arcane|Arcanine, M|91/100|[from]move: U-turn
|move|p2a: Necrozma|Photon Geyser|p1a: Arcane
|-damage|p1a: Arcane|15/100
|
|-heal|p2a: Necrozma|55/100|[from] item: Leftovers
|upkeep
|turn|21
|
|switch|p2a: Incineroar|Incineroar, M|100/100
|-ability|p2a: Incineroar|Intimidate|boost
|-unboost|p1a: Arcane|atk|1
|move|p1a: Arcane|Crunch|p2a: Incineroar
|-resisted|p2a: Incineroar
|-damage|p2a: Incineroar|91/100
|-damage|p1a: Arcane|5/100|[from] item: Life Orb
|
|upkeep
|turn|22
|
|switch|p2a: Vaporeon|Vaporeon, M|74/100
|-damage|p2a: Vaporeon|61/100|[from] Stealth Rock
|move|p1a: Arcane|Wild Charge|p2a: Vaporeon
|-supereffective|p2a: Vaporeon
|-damage|p2a: Vaporeon|27/100
|-damage|p1a: Arcane|0 fnt|[from] Recoil
|faint|p1a: Arcane
|
|-heal|p2a: Vaporeon|33/100|[from] item: Leftovers
|upkeep
|
|switch|p1a: Room-Mow|Rotom-Mow|100/100
|turn|23
|
|move|p1a: Room-Mow|Volt Switch|p2a: Vaporeon
|-supereffective|p2a: Vaporeon
|-damage|p2a: Vaporeon|0 fnt
|faint|p2a: Vaporeon
|
|switch|p1a: Bravery|Braviary, M|100/100|[from]move: Volt Switch
|
|upkeep
|
|switch|p2a: Incineroar|Incineroar, M|91/100
|-ability|p2a: Incineroar|Intimidate|boost
|-unboost|p1a: Bravery|atk|1
|-ability|p1a: Bravery|Defiant
|-boost|p1a: Bravery|atk|2
|turn|24
|
|move|p1a: Bravery|U-turn|p2a: Incineroar
|-damage|p2a: Incineroar|42/100
|
|switch|p1a: Manliness|Mamoswine, M|37/100|[from]move: U-turn
|move|p2a: Incineroar|Will-O-Wisp|p1a: Manliness
|-status|p1a: Manliness|brn
|
|-damage|p1a: Manliness|31/100 brn|[from] brn
|upkeep
|turn|25
|
|move|p1a: Manliness|Earthquake|p2a: Incineroar
|-supereffective|p2a: Incineroar
|-damage|p2a: Incineroar|0 fnt
|faint|p2a: Incineroar
|
|-damage|p1a: Manliness|25/100 brn|[from] brn
|upkeep
|
|switch|p2a: Necrozma|Necrozma|55/100
|-damage|p2a: Necrozma|42/100|[from] Stealth Rock
|turn|26
|
|move|p1a: Manliness|Earthquake|p2a: Necrozma
|-damage|p2a: Necrozma|14/100
|move|p2a: Necrozma|Moonlight|p2a: Necrozma
|-heal|p2a: Necrozma|64/100
|
|-heal|p2a: Necrozma|70/100|[from] item: Leftovers
|-damage|p1a: Manliness|19/100 brn|[from] brn
|upkeep
|turn|27
|
|move|p1a: Manliness|Earthquake|p2a: Necrozma
|-damage|p2a: Necrozma|40/100
|move|p2a: Necrozma|Moonlight|p2a: Necrozma
|-heal|p2a: Necrozma|90/100
|
|-heal|p2a: Necrozma|96/100|[from] item: Leftovers
|-damage|p1a: Manliness|13/100 brn|[from] brn
|upkeep
|turn|28
|
|move|p1a: Manliness|Earthquake|p2a: Necrozma
|-damage|p2a: Necrozma|66/100
|move|p2a: Necrozma|Calm Mind|p2a: Necrozma
|-boost|p2a: Necrozma|spa|1
|-boost|p2a: Necrozma|spd|1
|
|-heal|p2a: Necrozma|72/100|[from] item: Leftovers
|-damage|p1a: Manliness|7/100 brn|[from] brn
|upkeep
|turn|29
|
|move|p1a: Manliness|Earthquake|p2a: Necrozma
|-damage|p2a: Necrozma|41/100
|move|p2a: Necrozma|Moonlight|p2a: Necrozma
|-heal|p2a: Necrozma|91/100
|
|-heal|p2a: Necrozma|97/100|[from] item: Leftovers
|-damage|p1a: Manliness|0 fnt|[from] brn
|faint|p1a: Manliness
|upkeep
|l|‽GiGA_AlakazaM
|
|switch|p1a: Bravery|Braviary, M|100/100
|turn|30
|
|move|p1a: Bravery|U-turn|p2a: Necrozma
|-supereffective|p2a: Necrozma
|-damage|p2a: Necrozma|46/100
|
|switch|p1a: Room-Mow|Rotom-Mow|100/100|[from]move: U-turn
|move|p2a: Necrozma|Moonlight|p2a: Necrozma
|-heal|p2a: Necrozma|95/100
|
|-heal|p2a: Necrozma|100/100|[from] item: Leftovers
|upkeep
|turn|31
|
|move|p1a: Room-Mow|Trick|p2a: Necrozma
|-activate|p1a: Room-Mow|move: Trick|[of] p2a: Necrozma
|-item|p2a: Necrozma|Choice Scarf|[from] move: Trick
|-item|p1a: Room-Mow|Leftovers|[from] move: Trick
|move|p2a: Necrozma|Photon Geyser|p1a: Room-Mow
|-damage|p1a: Room-Mow|0 fnt
|faint|p1a: Room-Mow
|
|upkeep
|c|☆Karolynia彡|fuck i think i threw
|
|switch|p1a: Bravery|Braviary, M|100/100
|turn|32
|j| M3cos48
|c|☆Karolynia彡|like
|c|☆Karolynia彡|99% sure
|c|☆Karolynia彡|miss with photon tbh
|
|move|p2a: Necrozma|Photon Geyser|p1a: Bravery
|-damage|p1a: Bravery|1/100
|move|p1a: Bravery|Brave Bird|p2a: Necrozma
|-damage|p2a: Necrozma|6/100
|-damage|p1a: Bravery|0 fnt|[from] Recoil
|faint|p1a: Bravery
|
|win|sam i yam
|l|*Lady Monita
|c|☆Karolynia彡|f
|c|☆Karolynia彡|gg
|l|☆Karolynia彡
|l| BananaYTB
|c|☆sam i yam|gg
|l|☆sam i yam
|l| Anime≧◡≦Sans
|l| Cookieco
|l| Crownfool
|j|‽GiGA_AlakazaM
