|j|☆SDK04
|j|☆Zephyyyr
|t:|1633741103
|gametype|singles
|player|p1|SDK04|nate|
|player|p2|Zephyyyr|richboy|
|teamsize|p1|6
|teamsize|p2|6
|gen|8
|tier|[Gen 8] UU
|rated|Tournament battle
|rule|Sleep Clause Mod: Limit one foe put to sleep
|rule|Species Clause: Limit one of each Pokémon
|rule|OHKO Clause: OHKO moves are banned
|rule|Evasion Moves Clause: Evasion moves are banned
|rule|Endless Battle Clause: Forcing endless battles is banned
|rule|HP Percentage Mod: HP is shown in percentages
|rule|Dynamax Clause: You cannot dynamax
|clearpoke
|poke|p1|Excadrill, M|
|poke|p1|Gigalith, M|
|poke|p1|Tangrowth, F|
|poke|p1|Rotom-Wash|
|poke|p1|Heracross, F|
|poke|p1|Salamence, F|
|poke|p2|Toxtricity, F|
|poke|p2|Excadrill, F|
|poke|p2|Tapu Bulu|
|poke|p2|Hydreigon, M|
|poke|p2|Slowking, F|
|poke|p2|Conkeldurr, F|
|teampreview
|j|+Codename Magnum
|c|☆Zephyyyr|Hf
|c|☆Zephyyyr|Where is the drascore
|c|☆Zephyyyr|I m kinda sad NGL
|
|t:|1633741150
|start
|switch|p1a: Gigalith|Gigalith, M|100/100
|switch|p2a: Hydreigon|Hydreigon, M|100/100
|-weather|Sandstorm|[from] ability: Sand Stream|[of] p1a: Gigalith
|turn|1
|c|☆SDK04|Just wanted to make sure no one is preparing for it
|
|t:|1633741159
|move|p2a: Hydreigon|U-turn|p1a: Gigalith
|-damage|p1a: Gigalith|90/100
|
|t:|1633741161
|switch|p2a: Conkeldurr|Conkeldurr, F|100/100|[from]move: U-turn
|move|p1a: Gigalith|Toxic|p2a: Conkeldurr
|-status|p2a: Conkeldurr|tox
|
|-weather|Sandstorm|[upkeep]
|-damage|p2a: Conkeldurr|95/100 tox|[from] Sandstorm
|-heal|p1a: Gigalith|96/100|[from] item: Leftovers
|-damage|p2a: Conkeldurr|89/100 tox|[from] psn
|upkeep
|turn|2
|j| Heres Duggy!
|
|t:|1633741170
|switch|p1a: Salamence|Salamence, F|100/100
|-ability|p1a: Salamence|Intimidate|boost
|-unboost|p2a: Conkeldurr|atk|1
|move|p2a: Conkeldurr|Knock Off|p1a: Salamence
|-damage|p1a: Salamence|61/100
|-enditem|p1a: Salamence|Heavy-Duty Boots|[from] move: Knock Off|[of] p2a: Conkeldurr
|
|-weather|Sandstorm|[upkeep]
|-damage|p1a: Salamence|55/100|[from] Sandstorm
|-damage|p2a: Conkeldurr|83/100 tox|[from] Sandstorm
|-damage|p2a: Conkeldurr|71/100 tox|[from] psn
|upkeep
|turn|3
|
|t:|1633741182
|switch|p2a: Slowking|Slowking, F|100/100
|move|p1a: Salamence|Roost|p1a: Salamence
|-heal|p1a: Salamence|100/100
|-singleturn|p1a: Salamence|move: Roost
|
|-weather|Sandstorm|[upkeep]
|-damage|p1a: Salamence|94/100|[from] Sandstorm
|-damage|p2a: Slowking|94/100|[from] Sandstorm
|upkeep
|turn|4
|
|t:|1633741186
|move|p1a: Salamence|Dual Wingbeat|p2a: Slowking
|-damage|p2a: Slowking|75/100
|-damage|p2a: Slowking|57/100
|-hitcount|p2a: Slowking|2
|move|p2a: Slowking|Future Sight|p1a: Salamence
|-start|p2a: Slowking|move: Future Sight
|
|-weather|Sandstorm|[upkeep]
|-damage|p1a: Salamence|88/100|[from] Sandstorm
|-damage|p2a: Slowking|51/100|[from] Sandstorm
|upkeep
|turn|5
|
|t:|1633741190
|move|p1a: Salamence|Dual Wingbeat|p2a: Slowking
|-damage|p2a: Slowking|32/100
|-damage|p2a: Slowking|14/100
|-hitcount|p2a: Slowking|2
|move|p2a: Slowking|Ice Beam|p1a: Salamence
|-supereffective|p1a: Salamence
|-damage|p1a: Salamence|0 fnt
|faint|p1a: Salamence
|
|-weather|none
|upkeep
|
|t:|1633741199
|switch|p1a: Gigalith|Gigalith, M|96/100
|-weather|Sandstorm|[from] ability: Sand Stream|[of] p1a: Gigalith
|turn|6
|
|t:|1633741206
|switch|p2a: Conkeldurr|Conkeldurr, F|71/100 tox
|move|p1a: Gigalith|Rock Blast|p2a: Conkeldurr
|-resisted|p2a: Conkeldurr
|-damage|p2a: Conkeldurr|65/100 tox
|-resisted|p2a: Conkeldurr
|-damage|p2a: Conkeldurr|59/100 tox
|-resisted|p2a: Conkeldurr
|-damage|p2a: Conkeldurr|54/100 tox
|-resisted|p2a: Conkeldurr
|-damage|p2a: Conkeldurr|49/100 tox
|-resisted|p2a: Conkeldurr
|-damage|p2a: Conkeldurr|43/100 tox
|-hitcount|p2a: Conkeldurr|5
|
|-weather|Sandstorm|[upkeep]
|-damage|p2a: Conkeldurr|37/100 tox|[from] Sandstorm
|-end|p1a: Gigalith|move: Future Sight
|-damage|p1a: Gigalith|75/100
|-heal|p1a: Gigalith|81/100|[from] item: Leftovers
|-damage|p2a: Conkeldurr|31/100 tox|[from] psn
|upkeep
|turn|7
|
|t:|1633741216
|switch|p1a: Tangrowth|Tangrowth, F|100/100
|move|p2a: Conkeldurr|Close Combat|p1a: Tangrowth
|-damage|p1a: Tangrowth|46/100
|-unboost|p2a: Conkeldurr|def|1
|-unboost|p2a: Conkeldurr|spd|1
|-damage|p2a: Conkeldurr|15/100 tox|[from] item: Rocky Helmet|[of] p1a: Tangrowth
|
|-weather|Sandstorm|[upkeep]
|-damage|p2a: Conkeldurr|9/100 tox|[from] Sandstorm
|-damage|p1a: Tangrowth|40/100|[from] Sandstorm
|-damage|p2a: Conkeldurr|0 fnt|[from] psn
|faint|p2a: Conkeldurr
|upkeep
|
|t:|1633741230
|switch|p2a: Hydreigon|Hydreigon, M|100/100
|turn|8
|
|t:|1633741242
|switch|p1a: Gigalith|Gigalith, M|81/100
|move|p2a: Hydreigon|Draco Meteor|p1a: Gigalith
|-damage|p1a: Gigalith|46/100
|-unboost|p2a: Hydreigon|spa|2
|
|-weather|Sandstorm|[upkeep]
|-damage|p2a: Hydreigon|94/100|[from] Sandstorm
|-heal|p1a: Gigalith|52/100|[from] item: Leftovers
|upkeep
|turn|9
|
|t:|1633741250
|switch|p2a: Tapu Bulu|Tapu Bulu|100/100
|-fieldstart|move: Grassy Terrain|[from] ability: Grassy Surge|[of] p2a: Tapu Bulu
|move|p1a: Gigalith|Rock Blast|p2a: Tapu Bulu
|-damage|p2a: Tapu Bulu|87/100
|-damage|p2a: Tapu Bulu|76/100
|-damage|p2a: Tapu Bulu|63/100
|-hitcount|p2a: Tapu Bulu|3
|
|-weather|Sandstorm|[upkeep]
|-damage|p2a: Tapu Bulu|57/100|[from] Sandstorm
|-heal|p2a: Tapu Bulu|63/100|[from] Grassy Terrain
|-heal|p1a: Gigalith|58/100|[from] Grassy Terrain
|-heal|p1a: Gigalith|64/100|[from] item: Leftovers
|upkeep
|turn|10
|
|t:|1633741268
|switch|p2a: Toxtricity|Toxtricity, F|100/100
|switch|p1a: Tangrowth|Tangrowth, F|73/100
|
|-weather|none
|-heal|p1a: Tangrowth|79/100|[from] Grassy Terrain
|upkeep
|turn|11
|
|t:|1633741285
|switch|p1a: Excadrill|Excadrill, M|100/100
|move|p2a: Toxtricity|Shift Gear|p2a: Toxtricity
|-boost|p2a: Toxtricity|spe|2
|-boost|p2a: Toxtricity|atk|1
|
|upkeep
|turn|12
|
|t:|1633741290
|move|p2a: Toxtricity|Drain Punch|p1a: Excadrill
|-supereffective|p1a: Excadrill
|-damage|p1a: Excadrill|0 fnt
|faint|p1a: Excadrill
|-damage|p2a: Toxtricity|91/100|[from] item: Life Orb
|
|-heal|p2a: Toxtricity|97/100|[from] Grassy Terrain
|upkeep
|
|t:|1633741293
|switch|p1a: Gigalith|Gigalith, M|64/100
|-weather|Sandstorm|[from] ability: Sand Stream|[of] p1a: Gigalith
|turn|13
|j|@laevin
|
|t:|1633741304
|move|p2a: Toxtricity|Drain Punch|p1a: Gigalith
|-supereffective|p1a: Gigalith
|-damage|p1a: Gigalith|9/100
|-heal|p2a: Toxtricity|100/100|[from] drain|[of] p1a: Gigalith
|-damage|p2a: Toxtricity|91/100|[from] item: Life Orb
|move|p1a: Gigalith|Earthquake|p2a: Toxtricity
|-supereffective|p2a: Toxtricity
|-damage|p2a: Toxtricity|0 fnt
|faint|p2a: Toxtricity
|
|-weather|Sandstorm|[upkeep]
|-heal|p1a: Gigalith|15/100|[from] Grassy Terrain
|-heal|p1a: Gigalith|21/100|[from] item: Leftovers
|-fieldend|move: Grassy Terrain
|upkeep
|
|t:|1633741320
|switch|p2a: Excadrill|Excadrill, F|100/100
|-ability|p2a: Excadrill|Mold Breaker
|turn|14
|
|t:|1633741326
|switch|p1a: Tangrowth|Tangrowth, F|100/100
|move|p2a: Excadrill|High Horsepower|p1a: Tangrowth
|-resisted|p1a: Tangrowth
|-damage|p1a: Tangrowth|89/100
|-damage|p2a: Excadrill|84/100|[from] item: Rocky Helmet|[of] p1a: Tangrowth
|
|-weather|Sandstorm|[upkeep]
|-damage|p1a: Tangrowth|83/100|[from] Sandstorm
|-heal|p2a: Excadrill|90/100|[from] item: Leftovers
|upkeep
|turn|15
|
|t:|1633741330
|move|p2a: Excadrill|Toxic|p1a: Tangrowth|[miss]
|-miss|p2a: Excadrill|p1a: Tangrowth
|move|p1a: Tangrowth|Knock Off|p2a: Excadrill
|-damage|p2a: Excadrill|59/100
|-enditem|p2a: Excadrill|Leftovers|[from] move: Knock Off|[of] p1a: Tangrowth
|
|-weather|Sandstorm|[upkeep]
|-damage|p1a: Tangrowth|76/100|[from] Sandstorm
|upkeep
|turn|16
|inactive|Battle timer is ON: inactive players will automatically lose when time's up. (requested by SDK04)
|
|t:|1633741340
|switch|p2a: Hydreigon|Hydreigon, M|94/100
|move|p1a: Tangrowth|Giga Drain|p2a: Hydreigon
|-resisted|p2a: Hydreigon
|-damage|p2a: Hydreigon|78/100
|-heal|p1a: Tangrowth|83/100|[from] drain|[of] p2a: Hydreigon
|
|-weather|Sandstorm|[upkeep]
|-damage|p2a: Hydreigon|72/100|[from] Sandstorm
|-damage|p1a: Tangrowth|77/100|[from] Sandstorm
|upkeep
|turn|17
|
|t:|1633741348
|switch|p1a: Gigalith|Gigalith, M|21/100
|move|p2a: Hydreigon|Draco Meteor|p1a: Gigalith
|-damage|p1a: Gigalith|0 fnt
|-unboost|p2a: Hydreigon|spa|2
|faint|p1a: Gigalith
|
|-weather|none
|upkeep
|
|t:|1633741367
|switch|p1a: Heracross|Heracross, F|100/100
|turn|18
|
|t:|1633741379
|switch|p2a: Excadrill|Excadrill, F|59/100
|-ability|p2a: Excadrill|Mold Breaker
|move|p1a: Heracross|Megahorn|p2a: Excadrill
|-resisted|p2a: Excadrill
|-damage|p2a: Excadrill|15/100
|
|-status|p1a: Heracross|brn|[from] item: Flame Orb
|upkeep
|turn|19
|
|t:|1633741384
|move|p2a: Excadrill|Iron Head|p1a: Heracross
|-damage|p1a: Heracross|47/100 brn
|move|p1a: Heracross|Facade|p2a: Excadrill
|-resisted|p2a: Excadrill
|-damage|p2a: Excadrill|0 fnt
|faint|p2a: Excadrill
|
|-damage|p1a: Heracross|41/100 brn|[from] brn
|upkeep
|
|t:|1633741389
|switch|p2a: Hydreigon|Hydreigon, M|72/100
|turn|20
|
|t:|1633741395
|switch|p1a: Rotom|Rotom-Wash|100/100
|move|p2a: Hydreigon|Draco Meteor|p1a: Rotom
|-damage|p1a: Rotom|25/100
|-unboost|p2a: Hydreigon|spa|2
|
|-heal|p1a: Rotom|32/100|[from] item: Leftovers
|upkeep
|turn|21
|inactive|SDK04 has 120 seconds left.
|c|☆SDK04|I’m in two tournaments rn, this one and a monotype one
|
|t:|1633741438
|move|p2a: Hydreigon|Draco Meteor|p1a: Rotom
|-damage|p1a: Rotom|0 fnt
|-unboost|p2a: Hydreigon|spa|2
|faint|p1a: Rotom
|
|upkeep
|
|t:|1633741443
|switch|p1a: Heracross|Heracross, F|41/100 brn
|turn|22
|
|t:|1633741449
|switch|p2a: Tapu Bulu|Tapu Bulu|63/100
|-fieldstart|move: Grassy Terrain|[from] ability: Grassy Surge|[of] p2a: Tapu Bulu
|move|p1a: Heracross|Megahorn|p2a: Tapu Bulu|[miss]
|-miss|p1a: Heracross|p2a: Tapu Bulu
|
|-heal|p1a: Heracross|47/100 brn|[from] Grassy Terrain
|-heal|p2a: Tapu Bulu|69/100|[from] Grassy Terrain
|-damage|p1a: Heracross|41/100 brn|[from] brn
|upkeep
|turn|23
|inactive|SDK04 has 120 seconds left.
|
|t:|1633741462
|move|p1a: Heracross|Megahorn|p2a: Tapu Bulu
|-damage|p2a: Tapu Bulu|0 fnt
|faint|p2a: Tapu Bulu
|
|-heal|p1a: Heracross|47/100 brn|[from] Grassy Terrain
|-damage|p1a: Heracross|41/100 brn|[from] brn
|upkeep
|
|t:|1633741465
|switch|p2a: Hydreigon|Hydreigon, M|72/100
|turn|24
|
|t:|1633741470
|switch|p1a: Tangrowth|Tangrowth, F|100/100
|move|p2a: Hydreigon|Draco Meteor|p1a: Tangrowth
|-damage|p1a: Tangrowth|1/100
|-unboost|p2a: Hydreigon|spa|2
|
|-heal|p1a: Tangrowth|7/100|[from] Grassy Terrain
|upkeep
|turn|25
|
|t:|1633741476
|move|p2a: Hydreigon|Draco Meteor|p1a: Tangrowth
|-damage|p1a: Tangrowth|0 fnt
|-unboost|p2a: Hydreigon|spa|2
|faint|p1a: Tangrowth
|
|upkeep
|
|t:|1633741477
|switch|p1a: Heracross|Heracross, F|41/100 brn
|turn|26
|
|t:|1633741480
|switch|p2a: Slowking|Slowking, F|47/100
|move|p1a: Heracross|Megahorn|p2a: Slowking
|-supereffective|p2a: Slowking
|-damage|p2a: Slowking|0 fnt
|faint|p2a: Slowking
|
|-heal|p1a: Heracross|47/100 brn|[from] Grassy Terrain
|-damage|p1a: Heracross|41/100 brn|[from] brn
|-fieldend|move: Grassy Terrain
|upkeep
|
|t:|1633741483
|switch|p2a: Hydreigon|Hydreigon, M|72/100
|turn|27
|
|t:|1633741495
|move|p2a: Hydreigon|Draco Meteor|p1a: Heracross
|-damage|p1a: Heracross|0 fnt
|-unboost|p2a: Hydreigon|spa|2
|faint|p1a: Heracross
|
|win|Zephyyyr
|n|☆SDK04|sdk04
|n|☆Zephyyyr|zephyyyr
|n| Codename Magnum|codenamemagnum
|n| Heres Duggy!|heresduggy
|n| laevin|laevin
