|j|☆Corporate Donkey
|j|☆teeheelove
|t:|1657167281
|gametype|singles
|player|p1|Corporate Donkey|ingo|1393
|player|p2|teeheelove|harlequin|1279
|teamsize|p1|6
|teamsize|p2|6
|gen|8
|tier|[Gen 8] UU
|rated|
|rule|Sleep Clause Mod: Limit one foe put to sleep
|rule|Species Clause: Limit one of each Pokémon
|rule|OHKO Clause: OHKO moves are banned
|rule|Evasion Moves Clause: Evasion moves are banned
|rule|Endless Battle Clause: Forcing endless battles is banned
|rule|HP Percentage Mod: HP is shown in percentages
|rule|Dynamax Clause: You cannot dynamax
|clearpoke
|poke|p1|Hippowdon, F|
|poke|p1|Hydreigon, M|
|poke|p1|Thundurus-Therian, M|
|poke|p1|Cobalion|
|poke|p1|Primarina, F|
|poke|p1|Amoonguss, M|
|poke|p2|Keldeo-Resolute|
|poke|p2|Mandibuzz, F|
|poke|p2|Skarmory, M|
|poke|p2|Scizor, F|
|poke|p2|Hydreigon, M|
|poke|p2|Jellicent, M|
|teampreview
|inactive|Battle timer is ON: inactive players will automatically lose when time's up. (requested by teeheelove)
|c|☆Corporate Donkey|gl hf
|c|☆teeheelove|U2
|
|t:|1657167329
|start
|switch|p1a: Sirena|Primarina, F|100/100
|switch|p2a: Hydreigon|Hydreigon, M|100/100
|turn|1
|inactive|Corporate Donkey has 120 seconds left.
|
|t:|1657167363
|switch|p2a: Jellicent|Jellicent, M|100/100
|move|p1a: Sirena|Moonblast|p2a: Jellicent
|-damage|p2a: Jellicent|54/100
|-unboost|p2a: Jellicent|spa|1
|
|-heal|p2a: Jellicent|60/100|[from] item: Leftovers
|upkeep
|turn|2
|
|t:|1657167369
|move|p1a: Sirena|Moonblast|p2a: Jellicent
|-crit|p2a: Jellicent
|-damage|p2a: Jellicent|0 fnt
|faint|p2a: Jellicent
|
|upkeep
|
|t:|1657167376
|switch|p2a: Skarmory|Skarmory, M|100/100
|turn|3
|
|t:|1657167379
|switch|p1a: Will Smith|Thundurus-Therian, M|100/100
|move|p2a: Skarmory|Spikes|p1a: Will Smith
|-sidestart|p1: Corporate Donkey|Spikes
|
|upkeep
|turn|4
|
|t:|1657167387
|move|p1a: Will Smith|Knock Off|p2a: Skarmory
|-damage|p2a: Skarmory|88/100
|-enditem|p2a: Skarmory|Heavy-Duty Boots|[from] move: Knock Off|[of] p1a: Will Smith
|move|p2a: Skarmory|Spikes|p1a: Will Smith
|-sidestart|p1: Corporate Donkey|Spikes
|
|upkeep
|turn|5
|
|t:|1657167395
|switch|p2a: Hydreigon|Hydreigon, M|100/100
|move|p1a: Will Smith|Volt Switch|p2a: Hydreigon
|-resisted|p2a: Hydreigon
|-damage|p2a: Hydreigon|76/100
|
|t:|1657167405
|switch|p1a: Sirena|Primarina, F|100/100|[from]move: Volt Switch
|-damage|p1a: Sirena|84/100|[from] Spikes
|
|upkeep
|turn|6
|
|t:|1657167415
|switch|p2a: Skarmory|Skarmory, M|88/100
|move|p1a: Sirena|Scald|p2a: Skarmory
|-damage|p2a: Skarmory|0 fnt
|faint|p2a: Skarmory
|
|upkeep
|
|t:|1657167422
|switch|p2a: Scizor|Scizor, F|100/100
|turn|7
|
|t:|1657167428
|switch|p1a: Horacio|Cobalion|100/100
|-damage|p1a: Horacio|84/100|[from] Spikes
|move|p2a: Scizor|Swords Dance|p2a: Scizor
|-boost|p2a: Scizor|atk|2
|
|upkeep
|turn|8
|
|t:|1657167431
|move|p1a: Horacio|Swords Dance|p1a: Horacio
|-boost|p1a: Horacio|atk|2
|move|p2a: Scizor|Superpower|p1a: Horacio
|-supereffective|p1a: Horacio
|-damage|p1a: Horacio|0 fnt
|-unboost|p2a: Scizor|atk|1
|-unboost|p2a: Scizor|def|1
|faint|p1a: Horacio
|-damage|p2a: Scizor|91/100|[from] item: Life Orb
|
|upkeep
|
|t:|1657167442
|switch|p1a: Sussus Mogus|Amoonguss, M|100/100
|-damage|p1a: Sussus Mogus|84/100|[from] Spikes
|turn|9
|
|t:|1657167447
|switch|p2a: Mandibuzz|Mandibuzz, F|100/100
|move|p1a: Sussus Mogus|Spore|p2a: Mandibuzz
|-immune|p2a: Mandibuzz|[from] ability: Overcoat
|
|upkeep
|turn|10
|
|t:|1657167450
|switch|p1a: Ricardo|Hydreigon, M|100/100
|move|p2a: Mandibuzz|Foul Play|p1a: Ricardo
|-resisted|p1a: Ricardo
|-damage|p1a: Ricardo|83/100
|
|upkeep
|turn|11
|
|t:|1657167452
|move|p1a: Ricardo|Defog|p2a: Mandibuzz
|-unboost|p2a: Mandibuzz|evasion|1
|-sideend|p1: Corporate Donkey|Spikes|[from] move: Defog|[of] p1a: Ricardo
|move|p2a: Mandibuzz|U-turn|p1a: Ricardo
|-supereffective|p1a: Ricardo
|-damage|p1a: Ricardo|57/100
|
|t:|1657167456
|switch|p2a: Keldeo|Keldeo-Resolute|100/100|[from]move: U-turn
|
|upkeep
|turn|12
|
|t:|1657167468
|switch|p1a: Sussus Mogus|Amoonguss, M|100/100
|move|p2a: Keldeo|Air Slash|p1a: Sussus Mogus
|-supereffective|p1a: Sussus Mogus
|-damage|p1a: Sussus Mogus|32/100
|
|upkeep
|turn|13
|
|t:|1657167477
|switch|p1a: Will Smith|Thundurus-Therian, M|100/100
|move|p2a: Keldeo|Air Slash|p1a: Will Smith
|-resisted|p1a: Will Smith
|-damage|p1a: Will Smith|72/100
|
|upkeep
|turn|14
|
|t:|1657167482
|switch|p2a: Hydreigon|Hydreigon, M|76/100
|move|p1a: Will Smith|Volt Switch|p2a: Hydreigon
|-resisted|p2a: Hydreigon
|-damage|p2a: Hydreigon|55/100
|
|t:|1657167488
|switch|p1a: Sirena|Primarina, F|84/100|[from]move: Volt Switch
|
|upkeep
|turn|15
|
|t:|1657167492
|move|p2a: Hydreigon|Earth Power|p1a: Sirena
|-damage|p1a: Sirena|55/100
|move|p1a: Sirena|Scald|p2a: Hydreigon
|-resisted|p2a: Hydreigon
|-damage|p2a: Hydreigon|16/100
|
|upkeep
|turn|16
|
|t:|1657167499
|switch|p1a: Will Smith|Thundurus-Therian, M|72/100
|move|p2a: Hydreigon|Earth Power|p1a: Will Smith
|-immune|p1a: Will Smith
|
|upkeep
|turn|17
|
|t:|1657167504
|switch|p2a: Mandibuzz|Mandibuzz, F|100/100
|move|p1a: Will Smith|Knock Off|p2a: Mandibuzz
|-resisted|p2a: Mandibuzz
|-damage|p2a: Mandibuzz|93/100
|-enditem|p2a: Mandibuzz|Heavy-Duty Boots|[from] move: Knock Off|[of] p1a: Will Smith
|
|upkeep
|turn|18
|
|t:|1657167507
|move|p1a: Will Smith|Volt Switch|p2a: Mandibuzz
|-supereffective|p2a: Mandibuzz
|-damage|p2a: Mandibuzz|42/100
|
|t:|1657167510
|switch|p1a: Donna|Hippowdon, F|100/100|[from]move: Volt Switch
|-weather|Sandstorm|[from] ability: Sand Stream|[of] p1a: Donna
|move|p2a: Mandibuzz|U-turn|p1a: Donna
|-damage|p1a: Donna|94/100
|
|t:|1657167517
|switch|p2a: Keldeo|Keldeo-Resolute|100/100|[from]move: U-turn
|
|-weather|Sandstorm|[upkeep]
|-damage|p2a: Keldeo|94/100|[from] Sandstorm
|-heal|p1a: Donna|99/100|[from] item: Leftovers
|upkeep
|turn|19
|
|t:|1657167520
|switch|p1a: Sussus Mogus|Amoonguss, M|65/100
|move|p2a: Keldeo|Hydro Pump|p1a: Sussus Mogus|[miss]
|-miss|p2a: Keldeo|p1a: Sussus Mogus
|
|-weather|Sandstorm|[upkeep]
|-damage|p2a: Keldeo|88/100|[from] Sandstorm
|-damage|p1a: Sussus Mogus|59/100|[from] Sandstorm
|upkeep
|turn|20
|
|t:|1657167526
|switch|p2a: Mandibuzz|Mandibuzz, F|42/100
|switch|p1a: Sirena|Primarina, F|55/100
|
|-weather|Sandstorm|[upkeep]
|-damage|p1a: Sirena|49/100|[from] Sandstorm
|upkeep
|turn|21
|
|t:|1657167531
|move|p1a: Sirena|Scald|p2a: Mandibuzz
|-damage|p2a: Mandibuzz|0 fnt
|faint|p2a: Mandibuzz
|
|-weather|Sandstorm|[upkeep]
|-damage|p1a: Sirena|43/100|[from] Sandstorm
|upkeep
|
|t:|1657167534
|switch|p2a: Keldeo|Keldeo-Resolute|88/100
|turn|22
|
|t:|1657167538
|switch|p1a: Will Smith|Thundurus-Therian, M|72/100
|move|p2a: Keldeo|Air Slash|p1a: Will Smith
|-resisted|p1a: Will Smith
|-damage|p1a: Will Smith|45/100
|
|-weather|none
|upkeep
|turn|23
|
|t:|1657167543
|switch|p2a: Hydreigon|Hydreigon, M|16/100
|move|p1a: Will Smith|Volt Switch|p2a: Hydreigon
|-resisted|p2a: Hydreigon
|-damage|p2a: Hydreigon|0 fnt
|faint|p2a: Hydreigon
|
|t:|1657167549
|switch|p1a: Ricardo|Hydreigon, M|57/100|[from]move: Volt Switch
|
|upkeep
|
|t:|1657167557
|switch|p2a: Scizor|Scizor, F|91/100
|turn|24
|
|t:|1657167560
|move|p1a: Ricardo|Dark Pulse|p2a: Scizor
|-damage|p2a: Scizor|27/100
|move|p2a: Scizor|Swords Dance|p2a: Scizor
|-boost|p2a: Scizor|atk|2
|
|upkeep
|turn|25
|
|t:|1657167569
|move|p2a: Scizor|Bullet Punch|p1a: Ricardo
|-damage|p1a: Ricardo|0 fnt
|faint|p1a: Ricardo
|-damage|p2a: Scizor|18/100|[from] item: Life Orb
|
|upkeep
|
|t:|1657167571
|switch|p1a: Sussus Mogus|Amoonguss, M|92/100
|turn|26
|
|t:|1657167575
|move|p2a: Scizor|Roost|p2a: Scizor
|-heal|p2a: Scizor|68/100
|-singleturn|p2a: Scizor|move: Roost
|move|p1a: Sussus Mogus|Foul Play|p2a: Scizor
|-damage|p2a: Scizor|0 fnt
|faint|p2a: Scizor
|
|upkeep
|
|t:|1657167579
|switch|p2a: Keldeo|Keldeo-Resolute|88/100
|turn|27
|c|☆Corporate Donkey|gg
|
|t:|1657167583
|move|p2a: Keldeo|Air Slash|p1a: Sussus Mogus
|-supereffective|p1a: Sussus Mogus
|-damage|p1a: Sussus Mogus|21/100
|move|p1a: Sussus Mogus|Seed Bomb|p2a: Keldeo
|-supereffective|p2a: Keldeo
|-damage|p2a: Keldeo|36/100
|
|upkeep
|turn|28
|
|t:|1657167588
|move|p2a: Keldeo|Air Slash|p1a: Sussus Mogus
|-supereffective|p1a: Sussus Mogus
|-damage|p1a: Sussus Mogus|0 fnt
|faint|p1a: Sussus Mogus
|
|upkeep
|
|t:|1657167591
|switch|p1a: Will Smith|Thundurus-Therian, M|45/100
|turn|29
|
|t:|1657167595
|move|p2a: Keldeo|Air Slash|p1a: Will Smith
|-resisted|p1a: Will Smith
|-damage|p1a: Will Smith|20/100
|move|p1a: Will Smith|Volt Switch|p2a: Keldeo
|-supereffective|p2a: Keldeo
|-damage|p2a: Keldeo|0 fnt
|faint|p2a: Keldeo
|
|win|Corporate Donkey
|raw|Corporate Donkey's rating: 1393 &rarr; <strong>1407</strong><br />(+14 for winning)
|raw|teeheelove's rating: 1279 &rarr; <strong>1262</strong><br />(-17 for losing)
|l|☆teeheelove
