|j|☆Xoyjaz
|j|☆ZurioGSP
|t:|1622756998
|gametype|singles
|player|p1|Xoyjaz|lucas|1375
|player|p2|ZurioGSP|lance-gen3|1234
|teamsize|p1|6
|teamsize|p2|6
|gen|8
|tier|[Gen 8] UU
|rated|
|rule|Sleep Clause Mod: Limit one foe put to sleep
|rule|Species Clause: Limit one of each Pokémon
|rule|OHKO Clause: OHKO moves are banned
|rule|Evasion Moves Clause: Evasion moves are banned
|rule|Endless Battle Clause: Forcing endless battles is banned
|rule|HP Percentage Mod: HP is shown in percentages
|rule|Dynamax Clause: You cannot dynamax
|clearpoke
|poke|p1|Sharpedo, F|
|poke|p1|Thundurus-Therian, M|
|poke|p1|Mamoswine, F|
|poke|p1|Keldeo-Resolute|
|poke|p1|Conkeldurr, M|
|poke|p1|Krookodile, F|
|poke|p2|Ninetales-Alola, F|
|poke|p2|Celesteela|
|poke|p2|Scizor, M|
|poke|p2|Chansey, F|
|poke|p2|Thundurus-Therian, M|
|poke|p2|Mew|
|teampreview
|inactive|Battle timer is ON: inactive players will automatically lose when time's up. (requested by ZurioGSP)
|j| lighthouse64
|
|t:|1622757054
|start
|switch|p1a: Mamoswine|Mamoswine, F|100/100
|switch|p2a: Ninetales|Ninetales-Alola, F, shiny|100/100
|-weather|Hail|[from] ability: Snow Warning|[of] p2a: Ninetales
|turn|1
|
|t:|1622757076
|move|p2a: Ninetales|Aurora Veil|p2a: Ninetales
|-sidestart|p2: ZurioGSP|move: Aurora Veil
|move|p1a: Mamoswine|Stealth Rock|p2a: Ninetales
|-sidestart|p2: ZurioGSP|move: Stealth Rock
|
|-weather|Hail|[upkeep]
|upkeep
|turn|2
|
|t:|1622757087
|move|p2a: Ninetales|Encore|p1a: Mamoswine
|-start|p1a: Mamoswine|Encore
|move|p1a: Mamoswine|Stealth Rock||[still]
|-fail|p1a: Mamoswine
|
|-weather|Hail|[upkeep]
|upkeep
|turn|3
|
|t:|1622757099
|switch|p2a: Scizor|Scizor, M|100/100
|-damage|p2a: Scizor|88/100|[from] Stealth Rock
|switch|p1a: Conkeldurr|Conkeldurr, M|100/100
|
|-weather|Hail|[upkeep]
|-damage|p2a: Scizor|82/100|[from] Hail
|-damage|p1a: Conkeldurr|94/100|[from] Hail
|upkeep
|turn|4
|
|t:|1622757103
|move|p2a: Scizor|Dual Wingbeat|p1a: Conkeldurr|[miss]
|-miss|p2a: Scizor|p1a: Conkeldurr
|move|p1a: Conkeldurr|Knock Off|p2a: Scizor
|-damage|p2a: Scizor|63/100
|-enditem|p2a: Scizor|Choice Band|[from] move: Knock Off|[of] p1a: Conkeldurr
|
|-weather|Hail|[upkeep]
|-damage|p2a: Scizor|57/100|[from] Hail
|-damage|p1a: Conkeldurr|88/100|[from] Hail
|upkeep
|turn|5
|c|☆ZurioGSP|wow
|
|t:|1622757114
|move|p2a: Scizor|Dual Wingbeat|p1a: Conkeldurr
|-supereffective|p1a: Conkeldurr
|-damage|p1a: Conkeldurr|50/100
|-supereffective|p1a: Conkeldurr
|-damage|p1a: Conkeldurr|13/100
|-hitcount|p1a: Conkeldurr|2
|move|p1a: Conkeldurr|Drain Punch|p2a: Scizor
|-damage|p2a: Scizor|35/100
|-heal|p1a: Conkeldurr|23/100|[from] drain|[of] p2a: Scizor
|
|-weather|none
|-sideend|p2: ZurioGSP|move: Aurora Veil
|upkeep
|turn|6
|
|t:|1622757123
|move|p1a: Conkeldurr|Mach Punch|p2a: Scizor
|-damage|p2a: Scizor|11/100
|move|p2a: Scizor|Dual Wingbeat|p1a: Conkeldurr
|-supereffective|p1a: Conkeldurr
|-damage|p1a: Conkeldurr|0 fnt
|faint|p1a: Conkeldurr
|-hitcount|p1: Conkeldurr|1
|
|upkeep
|
|t:|1622757151
|switch|p1a: Keldeo|Keldeo-Resolute|100/100
|turn|7
|
|t:|1622757156
|move|p1a: Keldeo|Secret Sword|p2a: Scizor
|-damage|p2a: Scizor|0 fnt
|faint|p2a: Scizor
|
|upkeep
|
|t:|1622757160
|switch|p2a: Thundurus|Thundurus-Therian, M, shiny|100/100
|turn|8
|
|t:|1622757165
|switch|p1a: Mamoswine|Mamoswine, F|100/100
|move|p2a: Thundurus|Nasty Plot|p2a: Thundurus
|-boost|p2a: Thundurus|spa|2
|
|upkeep
|turn|9
|
|t:|1622757183
|switch|p2a: Celesteela|Celesteela|100/100
|-damage|p2a: Celesteela|88/100|[from] Stealth Rock
|move|p1a: Mamoswine|Ice Shard|p2a: Celesteela
|-damage|p2a: Celesteela|67/100
|
|upkeep
|turn|10
|
|t:|1622757192
|switch|p1a: Thundurus|Thundurus-Therian, M|100/100
|move|p2a: Celesteela|Autotomize|p2a: Celesteela
|-boost|p2a: Celesteela|spe|2
|-start|p2a: Celesteela|Autotomize
|
|upkeep
|turn|11
|
|t:|1622757199
|move|p2a: Celesteela|Meteor Beam||[still]
|-prepare|p2a: Celesteela|Meteor Beam
|-boost|p2a: Celesteela|spa|1
|-enditem|p2a: Celesteela|Power Herb
|-anim|p2a: Celesteela|Meteor Beam|p1a: Thundurus
|-supereffective|p1a: Thundurus
|-damage|p1a: Thundurus|0 fnt
|faint|p1a: Thundurus
|-ability|p2a: Celesteela|Beast Boost|boost
|-boost|p2a: Celesteela|spa|1
|
|upkeep
|
|t:|1622757202
|switch|p1a: Mamoswine|Mamoswine, F|100/100
|turn|12
|
|t:|1622757220
|move|p2a: Celesteela|Air Slash|p1a: Mamoswine
|-crit|p1a: Mamoswine
|-enditem|p1a: Mamoswine|Focus Sash
|-damage|p1a: Mamoswine|1/100
|move|p1a: Mamoswine|Endeavor|p2a: Celesteela
|-damage|p2a: Celesteela|1/100
|
|upkeep
|turn|13
|
|t:|1622757228
|move|p1a: Mamoswine|Ice Shard|p2a: Celesteela
|-damage|p2a: Celesteela|0 fnt
|faint|p2a: Celesteela
|
|upkeep
|
|t:|1622757236
|switch|p2a: Ninetales|Ninetales-Alola, F, shiny|100/100
|-damage|p2a: Ninetales|76/100|[from] Stealth Rock
|-weather|Hail|[from] ability: Snow Warning|[of] p2a: Ninetales
|turn|14
|
|t:|1622757240
|switch|p1a: Keldeo|Keldeo-Resolute|100/100
|move|p2a: Ninetales|Moonblast|p1a: Keldeo
|-supereffective|p1a: Keldeo
|-damage|p1a: Keldeo|40/100
|-unboost|p1a: Keldeo|spa|1
|
|-weather|Hail|[upkeep]
|-damage|p1a: Keldeo|34/100|[from] Hail
|upkeep
|turn|15
|
|t:|1622757249
|move|p2a: Ninetales|Aurora Veil|p2a: Ninetales
|-sidestart|p2: ZurioGSP|move: Aurora Veil
|move|p1a: Keldeo|Secret Sword|p2a: Ninetales
|-damage|p2a: Ninetales|48/100
|
|-weather|Hail|[upkeep]
|-damage|p1a: Keldeo|28/100|[from] Hail
|upkeep
|turn|16
|
|t:|1622757253
|move|p2a: Ninetales|Moonblast|p1a: Keldeo
|-supereffective|p1a: Keldeo
|-damage|p1a: Keldeo|0 fnt
|faint|p1a: Keldeo
|
|-weather|Hail|[upkeep]
|upkeep
|
|t:|1622757261
|switch|p1a: Krookodile|Krookodile, F|100/100
|-ability|p1a: Krookodile|Intimidate|boost
|-unboost|p2a: Ninetales|atk|1
|turn|17
|
|t:|1622757264
|move|p1a: Krookodile|Stone Edge|p2a: Ninetales
|-supereffective|p2a: Ninetales
|-enditem|p2a: Ninetales|Charti Berry|[eat]
|-enditem|p2a: Ninetales|Charti Berry|[weaken]
|-damage|p2a: Ninetales|28/100
|move|p2a: Ninetales|Moonblast|p1a: Krookodile
|-supereffective|p1a: Krookodile
|-crit|p1a: Krookodile
|-damage|p1a: Krookodile|0 fnt
|faint|p1a: Krookodile
|
|-weather|Hail|[upkeep]
|upkeep
|
|t:|1622757270
|switch|p1a: Sharpedo|Sharpedo, F|100/100
|turn|18
|
|t:|1622757271
|move|p1a: Sharpedo|Protect|p1a: Sharpedo
|-singleturn|p1a: Sharpedo|Protect
|move|p2a: Ninetales|Moonblast|p1a: Sharpedo
|-activate|p1a: Sharpedo|move: Protect
|
|-weather|none
|-ability|p1a: Sharpedo|Speed Boost|boost
|-boost|p1a: Sharpedo|spe|1
|upkeep
|turn|19
|
|t:|1622757278
|move|p1a: Sharpedo|Crunch|p2a: Ninetales
|-resisted|p2a: Ninetales
|-crit|p2a: Ninetales
|-damage|p2a: Ninetales|0 fnt
|faint|p2a: Ninetales
|-damage|p1a: Sharpedo|91/100|[from] item: Life Orb
|
|-sideend|p2: ZurioGSP|move: Aurora Veil
|-ability|p1a: Sharpedo|Speed Boost|boost
|-boost|p1a: Sharpedo|spe|1
|upkeep
|c|☆ZurioGSP|charti berry pog
|c|☆Xoyjaz|truuee
|
|t:|1622757287
|switch|p2a: Mew|Mew|100/100
|-damage|p2a: Mew|88/100|[from] Stealth Rock
|turn|20
|
|t:|1622757291
|move|p1a: Sharpedo|Crunch|p2a: Mew
|-supereffective|p2a: Mew
|-damage|p2a: Mew|0 fnt
|faint|p2a: Mew
|-damage|p1a: Sharpedo|81/100|[from] item: Life Orb
|
|-ability|p1a: Sharpedo|Speed Boost|boost
|-boost|p1a: Sharpedo|spe|1
|upkeep
|
|t:|1622757294
|switch|p2a: Thundurus|Thundurus-Therian, M, shiny|100/100
|turn|21
|
|t:|1622757298
|move|p1a: Sharpedo|Ice Fang|p2a: Thundurus
|-supereffective|p2a: Thundurus
|-damage|p2a: Thundurus|8/100
|-damage|p1a: Sharpedo|71/100|[from] item: Life Orb
|move|p2a: Thundurus|Thunderbolt|p1a: Sharpedo
|-supereffective|p1a: Sharpedo
|-damage|p1a: Sharpedo|0 fnt
|faint|p1a: Sharpedo
|
|upkeep
|
|t:|1622757304
|switch|p1a: Mamoswine|Mamoswine, F|1/100
|turn|22
|
|t:|1622757307
|move|p1a: Mamoswine|Ice Shard|p2a: Thundurus
|-supereffective|p2a: Thundurus
|-damage|p2a: Thundurus|0 fnt
|faint|p2a: Thundurus
|
|upkeep
|c|☆Xoyjaz|gg
|
|t:|1622757308
|switch|p2a: Chansey|Chansey, F|100/100
|-damage|p2a: Chansey|88/100|[from] Stealth Rock
|turn|23
|
|t:|1622757311
|move|p1a: Mamoswine|Endeavor|p2a: Chansey
|-damage|p2a: Chansey|1/100
|move|p2a: Chansey|Seismic Toss|p1a: Mamoswine
|-damage|p1a: Mamoswine|0 fnt
|faint|p1a: Mamoswine
|
|win|ZurioGSP
|raw|Xoyjaz's rating: 1375 &rarr; <strong>1347</strong><br />(-28 for losing)
|raw|ZurioGSP's rating: 1234 &rarr; <strong>1269</strong><br />(+35 for winning)
|c|☆ZurioGSP|gg
|l|☆Xoyjaz
|l|☆ZurioGSP
