|j|☆Zero Two's Darling
|j|☆sepi
|player|p1|Zero Two's Darling|170|1263
|player|p2|sepi|137|1296
|teamsize|p1|6
|teamsize|p2|6
|gametype|singles
|gen|8
|tier|[Gen 8] UU
|rated|
|rule|Sleep Clause Mod: Limit one foe put to sleep
|rule|Species Clause: Limit one of each Pokémon
|rule|OHKO Clause: OHKO moves are banned
|rule|Evasion Moves Clause: Evasion moves are banned
|rule|Endless Battle Clause: Forcing endless battles is banned
|rule|HP Percentage Mod: HP is shown in percentages
|clearpoke
|poke|p1|Araquanid, F|
|poke|p1|Boltund, M|
|poke|p1|Kommo-o, F|
|poke|p1|Cloyster, M|
|poke|p1|Gengar, F|
|poke|p1|Falinks|
|poke|p2|Kommo-o, F|
|poke|p2|Weavile, F|
|poke|p2|Gastrodon, F|
|poke|p2|Weezing-Galar, F|
|poke|p2|Drapion, F|
|poke|p2|Steelix, F|
|rule|Dynamax Clause: You cannot dynamax
|teampreview
|inactive|Battle timer is ON: inactive players will automatically lose when time's up. (requested by Zero Two's Darling)
|
|start
|switch|p1a: Araquanid|Araquanid, F|100/100
|switch|p2a: Kommo-o|Kommo-o, F|100/100
|turn|1
|
|move|p2a: Kommo-o|Taunt|p1a: Araquanid
|-start|p1a: Araquanid|move: Taunt
|cant|p1a: Araquanid|move: Taunt|Sticky Web
|
|upkeep
|turn|2
|
|move|p2a: Kommo-o|Stealth Rock|p1a: Araquanid
|-sidestart|p1: Zero Two's Darling|move: Stealth Rock
|move|p1a: Araquanid|Liquidation|p2a: Kommo-o
|-resisted|p2a: Kommo-o
|-crit|p2a: Kommo-o
|-damage|p2a: Kommo-o|52/100
|
|upkeep
|turn|3
|
|move|p2a: Kommo-o|Clanging Scales|p1a: Araquanid
|-damage|p1a: Araquanid|63/100
|-unboost|p2a: Kommo-o|def|1
|move|p1a: Araquanid|Liquidation|p2a: Kommo-o
|-resisted|p2a: Kommo-o
|-damage|p2a: Kommo-o|1/100
|
|-end|p1a: Araquanid|move: Taunt
|upkeep
|turn|4
|
|move|p2a: Kommo-o|Clanging Scales|p1a: Araquanid
|-damage|p1a: Araquanid|31/100
|-unboost|p2a: Kommo-o|def|1
|move|p1a: Araquanid|Leech Life|p2a: Kommo-o
|-resisted|p2a: Kommo-o
|-damage|p2a: Kommo-o|0 fnt
|-heal|p1a: Araquanid|31/100|[from] drain|[of] p2a: Kommo-o
|faint|p2a: Kommo-o
|
|upkeep
|
|switch|p2a: Weavile|Weavile, F|100/100
|-ability|p2a: Weavile|Pressure
|turn|5
|
|move|p2a: Weavile|Throat Chop|p1a: Araquanid
|-damage|p1a: Araquanid|0 fnt
|faint|p1a: Araquanid
|
|upkeep
|
|switch|p1a: Falinks|Falinks|100/100
|-damage|p1a: Falinks|95/100|[from] Stealth Rock
|turn|6
|
|switch|p2a: Weezing|Weezing-Galar, F|100/100
|move|p1a: Falinks|No Retreat|p1a: Falinks
|-boost|p1a: Falinks|atk|1
|-boost|p1a: Falinks|def|1
|-boost|p1a: Falinks|spa|1
|-boost|p1a: Falinks|spd|1
|-boost|p1a: Falinks|spe|1
|-start|p1a: Falinks|move: No Retreat
|
|upkeep
|turn|7
|
|move|p1a: Falinks|Iron Head|p2a: Weezing
|-supereffective|p2a: Weezing
|-damage|p2a: Weezing|57/100
|move|p2a: Weezing|Strange Steam|p1a: Falinks
|-supereffective|p1a: Falinks
|-damage|p1a: Falinks|19/100
|
|-heal|p2a: Weezing|63/100|[from] item: Black Sludge
|upkeep
|turn|8
|
|move|p1a: Falinks|Iron Head|p2a: Weezing
|-supereffective|p2a: Weezing
|-damage|p2a: Weezing|19/100
|move|p2a: Weezing|Strange Steam|p1a: Falinks
|-supereffective|p1a: Falinks
|-damage|p1a: Falinks|0 fnt
|faint|p1a: Falinks
|
|-heal|p2a: Weezing|25/100|[from] item: Black Sludge
|upkeep
|
|switch|p1a: Boltund|Boltund, M|100/100
|-damage|p1a: Boltund|88/100|[from] Stealth Rock
|turn|9
|
|switch|p2a: Steelix|Steelix, F|100/100
|move|p1a: Boltund|Fire Fang|p2a: Steelix
|-supereffective|p2a: Steelix
|-damage|p2a: Steelix|62/100
|-damage|p1a: Boltund|78/100|[from] item: Life Orb
|
|-heal|p2a: Steelix|68/100|[from] item: Leftovers
|upkeep
|turn|10
|
|move|p1a: Boltund|Fire Fang|p2a: Steelix
|-supereffective|p2a: Steelix
|-damage|p2a: Steelix|26/100
|-damage|p1a: Boltund|68/100|[from] item: Life Orb
|move|p2a: Steelix|Earthquake|p1a: Boltund
|-supereffective|p1a: Boltund
|-damage|p1a: Boltund|0 fnt
|faint|p1a: Boltund
|
|-heal|p2a: Steelix|32/100|[from] item: Leftovers
|upkeep
|
|switch|p1a: Cloyster|Cloyster, M|100/100
|-damage|p1a: Cloyster|76/100|[from] Stealth Rock
|turn|11
|
|move|p1a: Cloyster|Shell Smash|p1a: Cloyster
|-unboost|p1a: Cloyster|def|1
|-unboost|p1a: Cloyster|spd|1
|-boost|p1a: Cloyster|atk|2
|-boost|p1a: Cloyster|spa|2
|-boost|p1a: Cloyster|spe|2
|move|p2a: Steelix|Body Press|p1a: Cloyster
|-supereffective|p1a: Cloyster
|-damage|p1a: Cloyster|0 fnt
|faint|p1a: Cloyster
|
|-heal|p2a: Steelix|38/100|[from] item: Leftovers
|upkeep
|
|switch|p1a: Kommo-o|Kommo-o, F|100/100
|-damage|p1a: Kommo-o|94/100|[from] Stealth Rock
|turn|12
|
|move|p1a: Kommo-o|Clangorous Soul|p1a: Kommo-o
|-boost|p1a: Kommo-o|atk|1
|-boost|p1a: Kommo-o|def|1
|-boost|p1a: Kommo-o|spa|1
|-boost|p1a: Kommo-o|spd|1
|-boost|p1a: Kommo-o|spe|1
|-damage|p1a: Kommo-o|61/100
|-enditem|p1a: Kommo-o|Throat Spray
|-boost|p1a: Kommo-o|spa|1
|move|p2a: Steelix|Body Press|p1a: Kommo-o
|-damage|p1a: Kommo-o|38/100
|
|-heal|p2a: Steelix|45/100|[from] item: Leftovers
|upkeep
|turn|13
|
|move|p1a: Kommo-o|Flamethrower|p2a: Steelix
|-supereffective|p2a: Steelix
|-damage|p2a: Steelix|0 fnt
|faint|p2a: Steelix
|
|upkeep
|
|switch|p2a: Gastrodon|Gastrodon, F|100/100
|turn|14
|
|move|p1a: Kommo-o|Clanging Scales|p2a: Gastrodon
|-damage|p2a: Gastrodon|40/100
|-unboost|p1a: Kommo-o|def|1
|move|p2a: Gastrodon|Ice Beam|p1a: Kommo-o
|-supereffective|p1a: Kommo-o
|-damage|p1a: Kommo-o|9/100
|
|-heal|p2a: Gastrodon|46/100|[from] item: Leftovers
|upkeep
|turn|15
|
|move|p1a: Kommo-o|Clanging Scales|p2a: Gastrodon
|-damage|p2a: Gastrodon|0 fnt
|-unboost|p1a: Kommo-o|def|1
|faint|p2a: Gastrodon
|
|upkeep
|
|switch|p2a: Weavile|Weavile, F|100/100
|-ability|p2a: Weavile|Pressure
|turn|16
|
|move|p2a: Weavile|Ice Shard|p1a: Kommo-o
|-supereffective|p1a: Kommo-o
|-damage|p1a: Kommo-o|0 fnt
|faint|p1a: Kommo-o
|
|upkeep
|
|switch|p1a: Gengar|Gengar, F|100/100
|-damage|p1a: Gengar|88/100|[from] Stealth Rock
|turn|17
|
|move|p2a: Weavile|Ice Shard|p1a: Gengar
|-damage|p1a: Gengar|30/100
|-start|p2a: Weavile|Disable|Ice Shard|[from] ability: Cursed Body|[of] p1a: Gengar
|move|p1a: Gengar|Substitute|p1a: Gengar
|-start|p1a: Gengar|Substitute
|-damage|p1a: Gengar|5/100
|
|-heal|p1a: Gengar|12/100|[from] item: Black Sludge
|upkeep
|turn|18
|
|switch|p2a: Drapion|Drapion, F|100/100
|move|p1a: Gengar|Nasty Plot|p1a: Gengar
|-boost|p1a: Gengar|spa|2
|
|-heal|p1a: Gengar|18/100|[from] item: Black Sludge
|upkeep
|turn|19
|
|move|p1a: Gengar|Focus Blast|p2a: Drapion
|-damage|p2a: Drapion|3/100
|move|p2a: Drapion|Knock Off|p1a: Gengar
|-supereffective|p1a: Gengar
|-end|p1a: Gengar|Substitute
|
|-heal|p1a: Gengar|24/100|[from] item: Black Sludge
|-heal|p2a: Drapion|9/100|[from] item: Black Sludge
|upkeep
|turn|20
|c|☆Zero Two's Darling|too bad
|-message|Zero Two's Darling forfeited.
|
|win|sepi
|l|☆Zero Two's Darling
