|j|☆pokemonisfun
|j|☆Fathiryxi
|t:|1637430795
|gametype|singles
|player|p1|pokemonisfun|preschooler|
|player|p2|Fathiryxi|preschoolers|
|teamsize|p1|6
|teamsize|p2|6
|gen|8
|tier|[Gen 8] UU
|rated|Tournament battle
|rule|Sleep Clause Mod: Limit one foe put to sleep
|rule|Species Clause: Limit one of each Pokémon
|rule|OHKO Clause: OHKO moves are banned
|rule|Evasion Moves Clause: Evasion moves are banned
|rule|Endless Battle Clause: Forcing endless battles is banned
|rule|HP Percentage Mod: HP is shown in percentages
|rule|Dynamax Clause: You cannot dynamax
|clearpoke
|poke|p1|Tauros, M|
|poke|p1|Diancie|
|poke|p1|Slowking, M|
|poke|p1|Thundurus-Therian, M|
|poke|p1|Tapu Bulu|
|poke|p1|Celesteela|
|poke|p2|Araquanid, F|
|poke|p2|Moltres-Galar|
|poke|p2|Mimikyu, F|
|poke|p2|Zygarde-10%|
|poke|p2|Azelf|
|poke|p2|Cobalion|
|teampreview
|j| Lanternlee16
|c|☆Fathiryxi|hf
|j| Corperate N
|l| Lanternlee16
|j| Lanternlee16
|j| Y1THEKING
|c|☆pokemonisfun|same brah
|
|t:|1637430841
|start
|switch|p1a: Thundurus|Thundurus-Therian, M|100/100
|switch|p2a: Zygarde|Zygarde-10%|100/100
|-ability|p2a: Zygarde|Aura Break
|turn|1
|j| PenguinMLESJL
|
|t:|1637430877
|switch|p1a: Slowking|Slowking, M|100/100
|move|p2a: Zygarde|Thousand Arrows|p1a: Slowking
|-damage|p1a: Slowking|74/100
|
|upkeep
|turn|2
|
|t:|1637430921
|switch|p2a: Azelf|Azelf|100/100
|move|p1a: Slowking|Scald|p2a: Azelf
|-damage|p2a: Azelf|55/100
|
|upkeep
|turn|3
|
|t:|1637430940
|move|p2a: Azelf|Nasty Plot|p2a: Azelf
|-boost|p2a: Azelf|spa|2
|move|p1a: Slowking|Scald|p2a: Azelf
|-damage|p2a: Azelf|9/100
|
|upkeep
|turn|4
|
|t:|1637430958
|switch|p1a: Celesteela|Celesteela|100/100
|move|p2a: Azelf|Energy Ball|p1a: Celesteela
|-resisted|p1a: Celesteela
|-damage|p1a: Celesteela|91/100
|
|-heal|p1a: Celesteela|97/100|[from] item: Leftovers
|upkeep
|turn|5
|
|t:|1637430969
|move|p1a: Celesteela|Protect|p1a: Celesteela
|-singleturn|p1a: Celesteela|Protect
|move|p2a: Azelf|Fire Blast|p1a: Celesteela
|-activate|p1a: Celesteela|move: Protect
|
|-heal|p1a: Celesteela|100/100|[from] item: Leftovers
|upkeep
|turn|6
|
|t:|1637431009
|move|p2a: Azelf|Fire Blast|p1a: Celesteela
|-supereffective|p1a: Celesteela
|-damage|p1a: Celesteela|0 fnt
|faint|p1a: Celesteela
|
|upkeep
|
|t:|1637431013
|switch|p1a: Diancie|Diancie|100/100
|turn|7
|j| Aqua's Tour Alt
|c| Aqua's Tour Alt|BENNY
|
|t:|1637431042
|move|p2a: Azelf|Energy Ball|p1a: Diancie
|-supereffective|p1a: Diancie
|-damage|p1a: Diancie|7/100
|move|p1a: Diancie|Moonblast|p2a: Azelf
|-damage|p2a: Azelf|0 fnt
|faint|p2a: Azelf
|
|-heal|p1a: Diancie|14/100|[from] item: Leftovers
|upkeep
|
|t:|1637431065
|switch|p2a: Araquanid|Araquanid, F|100/100
|turn|8
|
|t:|1637431083
|move|p1a: Diancie|Diamond Storm|p2a: Araquanid|[miss]
|-miss|p1a: Diancie|p2a: Araquanid
|move|p2a: Araquanid|Liquidation|p1a: Diancie
|-supereffective|p1a: Diancie
|-damage|p1a: Diancie|0 fnt
|faint|p1a: Diancie
|
|upkeep
|c|☆Fathiryxi|sry :/
|
|t:|1637431097
|switch|p1a: Wild Wild Love|Tauros, M|100/100
|turn|9
|c|☆pokemonisfun|no worries lol
|
|t:|1637431146
|move|p1a: Wild Wild Love|Body Slam|p2a: Araquanid
|-damage|p2a: Araquanid|33/100
|move|p2a: Araquanid|Liquidation|p1a: Wild Wild Love
|-damage|p1a: Wild Wild Love|19/100
|
|upkeep
|turn|10
|
|t:|1637431161
|move|p1a: Wild Wild Love|Body Slam|p2a: Araquanid
|-damage|p2a: Araquanid|0 fnt
|faint|p2a: Araquanid
|
|upkeep
|
|t:|1637431173
|switch|p2a: Zygarde|Zygarde-10%|100/100
|-ability|p2a: Zygarde|Aura Break
|turn|11
|
|t:|1637431181
|switch|p1a: Slowking|Slowking, M|100/100
|move|p2a: Zygarde|Thousand Arrows|p1a: Slowking
|-damage|p1a: Slowking|75/100
|
|upkeep
|turn|12
|
|t:|1637431213
|switch|p2a: Cobalion|Cobalion|100/100
|move|p1a: Slowking|Scald|p2a: Cobalion
|-damage|p2a: Cobalion|61/100
|
|upkeep
|turn|13
|
|t:|1637431222
|move|p2a: Cobalion|Megahorn|p1a: Slowking
|-supereffective|p1a: Slowking
|-damage|p1a: Slowking|28/100
|move|p1a: Slowking|Scald|p2a: Cobalion
|-damage|p2a: Cobalion|25/100
|
|upkeep
|turn|14
|
|t:|1637431258
|move|p2a: Cobalion|Stone Edge|p1a: Slowking
|-damage|p1a: Slowking|8/100
|move|p1a: Slowking|Scald|p2a: Cobalion
|-crit|p2a: Cobalion
|-damage|p2a: Cobalion|0 fnt
|faint|p2a: Cobalion
|
|upkeep
|
|t:|1637431273
|switch|p2a: Mimikyu|Mimikyu, F|100/100
|turn|15
|
|t:|1637431304
|move|p2a: Mimikyu|Play Rough|p1a: Slowking
|-damage|p1a: Slowking|0 fnt
|faint|p1a: Slowking
|-damage|p2a: Mimikyu|91/100|[from] item: Life Orb
|
|upkeep
|
|t:|1637431341
|switch|p1a: Thundurus|Thundurus-Therian, M|100/100
|turn|16
|
|t:|1637431351
|move|p1a: Thundurus|Volt Switch|p2a: Mimikyu
|-activate|p2a: Mimikyu|ability: Disguise
|-damage|p2a: Mimikyu|91/100
|detailschange|p2a: Mimikyu|Mimikyu-Busted, F
|-damage|p2a: Mimikyu|78/100|[from] pokemon: Mimikyu-Busted
|j| Arxtric
|
|t:|1637431375
|switch|p1a: Wild Wild Love|Tauros, M|19/100|[from]move: Volt Switch
|move|p2a: Mimikyu|Play Rough|p1a: Wild Wild Love
|-damage|p1a: Wild Wild Love|0 fnt
|faint|p1a: Wild Wild Love
|-damage|p2a: Mimikyu|68/100|[from] item: Life Orb
|
|upkeep
|
|t:|1637431381
|switch|p1a: Tapu Bulu|Tapu Bulu|100/100
|-fieldstart|move: Grassy Terrain|[from] ability: Grassy Surge|[of] p1a: Tapu Bulu
|turn|17
|
|t:|1637431399
|move|p2a: Mimikyu|Play Rough|p1a: Tapu Bulu
|-damage|p1a: Tapu Bulu|51/100
|-damage|p2a: Mimikyu|58/100|[from] item: Life Orb
|move|p1a: Tapu Bulu|Horn Leech|p2a: Mimikyu
|-damage|p2a: Mimikyu|0 fnt
|-heal|p1a: Tapu Bulu|77/100|[from] drain|[of] p2a: Mimikyu
|faint|p2a: Mimikyu
|
|-heal|p1a: Tapu Bulu|83/100|[from] Grassy Terrain
|-heal|p1a: Tapu Bulu|89/100|[from] item: Leftovers
|upkeep
|
|t:|1637431405
|switch|p2a: Moltres|Moltres-Galar|100/100
|turn|18
|
|t:|1637431440
|switch|p1a: Thundurus|Thundurus-Therian, M|100/100
|move|p2a: Moltres|Agility|p2a: Moltres
|-boost|p2a: Moltres|spe|2
|
|upkeep
|turn|19
|
|t:|1637431470
|move|p2a: Moltres|Fiery Wrath|p1a: Thundurus
|-damage|p1a: Thundurus|43/100
|move|p1a: Thundurus|Volt Switch|p2a: Moltres
|-supereffective|p2a: Moltres
|-damage|p2a: Moltres|27/100
|-enditem|p2a: Moltres|Weakness Policy
|-boost|p2a: Moltres|atk|2|[from] item: Weakness Policy
|-boost|p2a: Moltres|spa|2|[from] item: Weakness Policy
|-ability|p2a: Moltres|Berserk|boost
|-boost|p2a: Moltres|spa|1
|l| Arxtric
|l|penguinmlesjl
|
|t:|1637431542
|switch|p1a: Tapu Bulu|Tapu Bulu|89/100|[from]move: Volt Switch
|
|-heal|p1a: Tapu Bulu|96/100|[from] Grassy Terrain
|-heal|p1a: Tapu Bulu|100/100|[from] item: Leftovers
|upkeep
|turn|20
|
|t:|1637431562
|move|p2a: Moltres|Hurricane|p1a: Tapu Bulu|[miss]
|-miss|p2a: Moltres|p1a: Tapu Bulu
|move|p1a: Tapu Bulu|Horn Leech|p2a: Moltres
|-resisted|p2a: Moltres
|-crit|p2a: Moltres
|-damage|p2a: Moltres|0 fnt
|faint|p2a: Moltres
|
|upkeep
|c|☆Fathiryxi|yh i deserve
|c|☆Fathiryxi|gg
|-message|Fathiryxi forfeited.
|
|win|pokemonisfun
|n|☆pokemonisfun|pokemonisfun
|n|☆Fathiryxi|fathiryxi
|n| Corperate N|corperaten
|n| Lanternlee16|lanternlee16
|n| Y1THEKING|y1theking
|n| Aqua's Tour Alt|aquastouralt
