|j|‽xelaboonresoleros
|j|☆gaete
|t:|1634214743
|gametype|singles
|player|p1|xelaboonresoleros|li|1346
|player|p2|gaete|koga|1404
|teamsize|p1|6
|teamsize|p2|6
|gen|8
|tier|[Gen 8] UU
|rated|
|rule|Sleep Clause Mod: Limit one foe put to sleep
|rule|Species Clause: Limit one of each Pokémon
|rule|OHKO Clause: OHKO moves are banned
|rule|Evasion Moves Clause: Evasion moves are banned
|rule|Endless Battle Clause: Forcing endless battles is banned
|rule|HP Percentage Mod: HP is shown in percentages
|rule|Dynamax Clause: You cannot dynamax
|clearpoke
|poke|p1|Abomasnow, M|
|poke|p1|Dusclops, F|
|poke|p1|Conkeldurr, M|
|poke|p1|Hatterene, F|
|poke|p1|Stakataka|
|poke|p1|Reuniclus, M|
|poke|p2|Excadrill, M|
|poke|p2|Grimmsnarl, M|
|poke|p2|Hydreigon, F|
|poke|p2|Primarina, M|
|poke|p2|Celesteela|
|poke|p2|Zarude|
|teampreview
|
|t:|1634214767
|start
|switch|p1a: Dusclops|Dusclops, F|100/100
|switch|p2a: Hydreigon|Hydreigon, F|100/100
|-item|p2a: Hydreigon|Leftovers|[from] ability: Frisk|[of] p1a: Dusclops|[identify]
|turn|1
|
|t:|1634214773
|move|p2a: Hydreigon|Substitute|p2a: Hydreigon
|-start|p2a: Hydreigon|Substitute
|-damage|p2a: Hydreigon|76/100
|move|p1a: Dusclops|Night Shade|p2a: Hydreigon
|-end|p2a: Hydreigon|Substitute
|
|-heal|p2a: Hydreigon|82/100|[from] item: Leftovers
|upkeep
|turn|2
|
|t:|1634214777
|move|p2a: Hydreigon|Dark Pulse|p1a: Dusclops
|-supereffective|p1a: Dusclops
|-damage|p1a: Dusclops|62/100
|move|p1a: Dusclops|Trick Room|p1a: Dusclops
|-fieldstart|move: Trick Room|[of] p1a: Dusclops
|
|-heal|p2a: Hydreigon|88/100|[from] item: Leftovers
|upkeep
|turn|3
|
|t:|1634214783
|switch|p1a: Conkeldurr|Conkeldurr, M|100/100
|move|p2a: Hydreigon|Dark Pulse|p1a: Conkeldurr
|-resisted|p1a: Conkeldurr
|-damage|p1a: Conkeldurr|75/100
|
|-heal|p2a: Hydreigon|94/100|[from] item: Leftovers
|-status|p1a: Conkeldurr|brn|[from] item: Flame Orb
|upkeep
|turn|4
|
|t:|1634214790
|switch|p2a: Primarina|Primarina, M|100/100
|move|p1a: Conkeldurr|Close Combat|p2a: Primarina
|-resisted|p2a: Primarina
|-damage|p2a: Primarina|33/100
|-unboost|p1a: Conkeldurr|def|1
|-unboost|p1a: Conkeldurr|spd|1
|
|-heal|p2a: Primarina|39/100|[from] item: Leftovers
|-damage|p1a: Conkeldurr|69/100 brn|[from] brn
|upkeep
|turn|5
|
|t:|1634214800
|move|p1a: Conkeldurr|Close Combat|p2a: Primarina
|-resisted|p2a: Primarina
|-damage|p2a: Primarina|0 fnt
|-unboost|p1a: Conkeldurr|def|1
|-unboost|p1a: Conkeldurr|spd|1
|faint|p2a: Primarina
|
|-damage|p1a: Conkeldurr|63/100 brn|[from] brn
|upkeep
|
|t:|1634214808
|switch|p2a: Grimmsnarl|Grimmsnarl, M|100/100
|turn|6
|
|t:|1634214813
|move|p2a: Grimmsnarl|Reflect|p2a: Grimmsnarl
|-sidestart|p2: gaete|Reflect
|move|p1a: Conkeldurr|Close Combat|p2a: Grimmsnarl
|-damage|p2a: Grimmsnarl|35/100
|-unboost|p1a: Conkeldurr|def|1
|-unboost|p1a: Conkeldurr|spd|1
|
|-heal|p2a: Grimmsnarl|41/100|[from] item: Leftovers
|-damage|p1a: Conkeldurr|57/100 brn|[from] brn
|-fieldend|move: Trick Room
|upkeep
|turn|7
|
|t:|1634214820
|switch|p1a: Dusclops|Dusclops, F|62/100
|-item|p2a: Grimmsnarl|Leftovers|[from] ability: Frisk|[of] p1a: Dusclops|[identify]
|move|p2a: Grimmsnarl|Light Screen|p2a: Grimmsnarl
|-sidestart|p2: gaete|move: Light Screen
|
|-heal|p2a: Grimmsnarl|47/100|[from] item: Leftovers
|upkeep
|turn|8
|
|t:|1634214827
|move|p2a: Grimmsnarl|Taunt|p1a: Dusclops
|-start|p1a: Dusclops|move: Taunt
|move|p1a: Dusclops|Night Shade|p2a: Grimmsnarl
|-damage|p2a: Grimmsnarl|22/100
|
|-heal|p2a: Grimmsnarl|28/100|[from] item: Leftovers
|upkeep
|turn|9
|
|t:|1634214834
|switch|p2a: Celesteela|Celesteela|100/100
|move|p1a: Dusclops|Night Shade|p2a: Celesteela
|-damage|p2a: Celesteela|74/100
|
|upkeep
|turn|10
|
|t:|1634214841
|switch|p1a: Stakataka|Stakataka|100/100
|move|p2a: Celesteela|Autotomize|p2a: Celesteela
|-boost|p2a: Celesteela|spe|2
|-start|p2a: Celesteela|Autotomize
|
|-sideend|p2: gaete|Reflect
|upkeep
|turn|11
|
|t:|1634214847
|move|p2a: Celesteela|Flash Cannon|p1a: Stakataka
|-damage|p1a: Stakataka|64/100
|-unboost|p1a: Stakataka|spd|1
|move|p1a: Stakataka|Trick Room|p1a: Stakataka
|-fieldstart|move: Trick Room|[of] p1a: Stakataka
|
|-sideend|p2: gaete|move: Light Screen
|upkeep
|turn|12
|
|t:|1634214859
|move|p1a: Stakataka|Gyro Ball|p2a: Celesteela
|-resisted|p2a: Celesteela
|-damage|p2a: Celesteela|36/100
|move|p2a: Celesteela|Flash Cannon|p1a: Stakataka
|-damage|p1a: Stakataka|8/100
|
|upkeep
|turn|13
|
|t:|1634214866
|move|p1a: Stakataka|Body Press|p2a: Celesteela
|-damage|p2a: Celesteela|4/100
|move|p2a: Celesteela|Flash Cannon|p1a: Stakataka
|-damage|p1a: Stakataka|0 fnt
|faint|p1a: Stakataka
|-ability|p2a: Celesteela|Beast Boost|boost
|-boost|p2a: Celesteela|spa|1
|
|upkeep
|
|t:|1634214883
|switch|p1a: Reuniclus|Reuniclus, M|100/100
|turn|14
|inactive|Battle timer is ON: inactive players will automatically lose when time's up. (requested by gaete)
|
|t:|1634214888
|move|p1a: Reuniclus|Shadow Ball|p2a: Celesteela
|-damage|p2a: Celesteela|0 fnt
|faint|p2a: Celesteela
|
|upkeep
|
|t:|1634214893
|switch|p2a: Hydreigon|Hydreigon, F|94/100
|turn|15
|
|t:|1634214898
|move|p1a: Reuniclus|Focus Blast|p2a: Hydreigon
|-supereffective|p2a: Hydreigon
|-damage|p2a: Hydreigon|0 fnt
|faint|p2a: Hydreigon
|
|-fieldend|move: Trick Room
|upkeep
|
|t:|1634214902
|switch|p2a: Zarude|Zarude|100/100
|turn|16
|
|t:|1634214907
|move|p2a: Zarude|Bulk Up|p2a: Zarude
|-boost|p2a: Zarude|atk|1
|-boost|p2a: Zarude|def|1
|move|p1a: Reuniclus|Trick Room|p1a: Reuniclus
|-fieldstart|move: Trick Room|[of] p1a: Reuniclus
|
|upkeep
|turn|17
|
|t:|1634214912
|switch|p1a: Abomasnow|Abomasnow, M|100/100
|-weather|Hail|[from] ability: Snow Warning|[of] p1a: Abomasnow
|move|p2a: Zarude|Darkest Lariat|p1a: Abomasnow
|-damage|p1a: Abomasnow|0 fnt
|faint|p1a: Abomasnow
|-damage|p2a: Zarude|91/100|[from] item: Life Orb
|
|-weather|Hail|[upkeep]
|-damage|p2a: Zarude|85/100|[from] Hail
|upkeep
|
|t:|1634214921
|switch|p1a: Conkeldurr|Conkeldurr, M|57/100 brn
|turn|18
|
|t:|1634214926
|move|p1a: Conkeldurr|Close Combat|p2a: Zarude
|-supereffective|p2a: Zarude
|-damage|p2a: Zarude|0 fnt
|-unboost|p1a: Conkeldurr|def|1
|-unboost|p1a: Conkeldurr|spd|1
|faint|p2a: Zarude
|
|-weather|Hail|[upkeep]
|-damage|p1a: Conkeldurr|51/100 brn|[from] Hail
|-damage|p1a: Conkeldurr|45/100 brn|[from] brn
|upkeep
|
|t:|1634214930
|switch|p2a: Grimmsnarl|Grimmsnarl, M|28/100
|turn|19
|
|t:|1634214933
|move|p2a: Grimmsnarl|Reflect|p2a: Grimmsnarl
|-sidestart|p2: gaete|Reflect
|move|p1a: Conkeldurr|Close Combat|p2a: Grimmsnarl
|-damage|p2a: Grimmsnarl|0 fnt
|-unboost|p1a: Conkeldurr|def|1
|-unboost|p1a: Conkeldurr|spd|1
|faint|p2a: Grimmsnarl
|
|-weather|Hail|[upkeep]
|-damage|p1a: Conkeldurr|39/100 brn|[from] Hail
|-damage|p1a: Conkeldurr|33/100 brn|[from] brn
|upkeep
|
|t:|1634214936
|switch|p2a: Excadrill|Excadrill, M|100/100
|-ability|p2a: Excadrill|Mold Breaker
|turn|20
|
|t:|1634214941
|move|p1a: Conkeldurr|Close Combat|p2a: Excadrill
|-supereffective|p2a: Excadrill
|-enditem|p2a: Excadrill|Focus Sash
|-damage|p2a: Excadrill|1/100
|-unboost|p1a: Conkeldurr|def|1
|-unboost|p1a: Conkeldurr|spd|1
|move|p2a: Excadrill|Earthquake|p1a: Conkeldurr
|-damage|p1a: Conkeldurr|0 fnt
|faint|p1a: Conkeldurr
|
|-weather|Hail|[upkeep]
|-damage|p2a: Excadrill|0 fnt|[from] Hail
|faint|p2a: Excadrill
|
|win|xelaboonresoleros
|upkeep
|raw|xelaboonresoleros's rating: 1346 &rarr; <strong>1369</strong><br />(+23 for winning)
|raw|gaete's rating: 1404 &rarr; <strong>1381</strong><br />(-23 for losing)
|l|☆gaete
