|j|☆PlasticPinnochio
|j|☆vivalospride
|t:|1645962947
|gametype|singles
|player|p1|PlasticPinnochio|policeman-gen4|1426
|player|p2|vivalospride|#vivalospride|1379
|teamsize|p1|6
|teamsize|p2|6
|gen|8
|tier|[Gen 8] UU
|rated|
|rule|Sleep Clause Mod: Limit one foe put to sleep
|rule|Species Clause: Limit one of each Pokémon
|rule|OHKO Clause: OHKO moves are banned
|rule|Evasion Moves Clause: Evasion moves are banned
|rule|Endless Battle Clause: Forcing endless battles is banned
|rule|HP Percentage Mod: HP is shown in percentages
|rule|Dynamax Clause: You cannot dynamax
|clearpoke
|poke|p1|Tornadus, M|
|poke|p1|Excadrill, M|
|poke|p1|Aegislash, F|
|poke|p1|Zarude-Dada|
|poke|p1|Slowking, F|
|poke|p1|Conkeldurr, F|
|poke|p2|Aegislash, F|
|poke|p2|Vikavolt, F|
|poke|p2|Nidoking, M|
|poke|p2|Zarude-Dada|
|poke|p2|Thundurus-Therian, M|
|poke|p2|Cobalion|
|teampreview
|inactive|Battle timer is ON: inactive players will automatically lose when time's up. (requested by PlasticPinnochio)
|c|☆vivalospride|hf
|c|☆PlasticPinnochio|you too
|
|t:|1645962968
|start
|switch|p1a: Aegislash|Aegislash, F|100/100
|switch|p2a: Vikavolt|Vikavolt, F|100/100
|turn|1
|
|t:|1645962982
|switch|p2a: Zarude|Zarude-Dada|100/100
|move|p1a: Aegislash|Toxic|p2a: Zarude
|-status|p2a: Zarude|tox
|
|-damage|p2a: Zarude|95/100 tox|[from] psn
|upkeep
|turn|2
|
|t:|1645962986
|move|p1a: Aegislash|King's Shield|p1a: Aegislash
|-singleturn|p1a: Aegislash|Protect
|move|p2a: Zarude|Jungle Healing|p2a: Zarude
|-heal|p2a: Zarude|100/100 tox
|-curestatus|p2a: Zarude|tox|[msg]
|
|upkeep
|turn|3
|
|t:|1645962997
|switch|p1a: Conkeldurr|Conkeldurr, F|100/100
|move|p2a: Zarude|Darkest Lariat|p1a: Conkeldurr
|-resisted|p1a: Conkeldurr
|-damage|p1a: Conkeldurr|78/100
|
|-status|p1a: Conkeldurr|brn|[from] item: Flame Orb
|upkeep
|turn|4
|
|t:|1645963010
|switch|p2a: Aegislash|Aegislash, F|100/100
|move|p1a: Conkeldurr|Knock Off|p2a: Aegislash
|-supereffective|p2a: Aegislash
|-damage|p2a: Aegislash|0 fnt
|-enditem|p2a: Aegislash|Life Orb|[from] move: Knock Off|[of] p1a: Conkeldurr
|faint|p2a: Aegislash
|
|-damage|p1a: Conkeldurr|72/100 brn|[from] brn
|upkeep
|
|t:|1645963014
|switch|p2a: Thundurus|Thundurus-Therian, M|100/100
|turn|5
|
|t:|1645963021
|switch|p1a: Aegislash|Aegislash, F|100/100
|move|p2a: Thundurus|Psychic|p1a: Aegislash
|-resisted|p1a: Aegislash
|-damage|p1a: Aegislash|91/100
|
|-heal|p1a: Aegislash|97/100|[from] item: Leftovers
|upkeep
|turn|6
|
|t:|1645963026
|switch|p2a: Nidoking|Nidoking, M|100/100
|-formechange|p1a: Aegislash|Aegislash-Blade||[from] ability: Stance Change
|move|p1a: Aegislash|Shadow Ball|p2a: Nidoking
|-damage|p2a: Nidoking|55/100
|-unboost|p2a: Nidoking|spd|1
|
|-heal|p1a: Aegislash|100/100|[from] item: Leftovers
|upkeep
|turn|7
|
|t:|1645963030
|switch|p1a: Slowking|Slowking, F|100/100
|move|p2a: Nidoking|Stealth Rock|p1a: Slowking
|-sidestart|p1: PlasticPinnochio|move: Stealth Rock
|
|upkeep
|turn|8
|
|t:|1645963036
|switch|p2a: Vikavolt|Vikavolt, F|100/100
|move|p1a: Slowking|Teleport|p1a: Slowking
|
|t:|1645963040
|switch|p1a: Aegislash|Aegislash, F|100/100|[from]move: Teleport
|-damage|p1a: Aegislash|94/100|[from] Stealth Rock
|
|-heal|p1a: Aegislash|100/100|[from] item: Leftovers
|upkeep
|turn|9
|
|t:|1645963044
|move|p2a: Vikavolt|Thunderbolt|p1a: Aegislash
|-damage|p1a: Aegislash|69/100
|move|p1a: Aegislash|Toxic|p2a: Vikavolt
|-status|p2a: Vikavolt|tox
|
|-heal|p1a: Aegislash|75/100|[from] item: Leftovers
|-damage|p2a: Vikavolt|94/100 tox|[from] psn
|upkeep
|turn|10
|
|t:|1645963048
|move|p2a: Vikavolt|Sticky Web|p1a: Aegislash
|-sidestart|p1: PlasticPinnochio|move: Sticky Web
|-formechange|p1a: Aegislash|Aegislash-Blade||[from] ability: Stance Change
|move|p1a: Aegislash|Shadow Ball|p2a: Vikavolt
|-damage|p2a: Vikavolt|45/100 tox
|
|-heal|p1a: Aegislash|81/100|[from] item: Leftovers
|-damage|p2a: Vikavolt|33/100 tox|[from] psn
|upkeep
|turn|11
|
|t:|1645963061
|-formechange|p1a: Aegislash|Aegislash||[from] ability: Stance Change
|move|p1a: Aegislash|King's Shield|p1a: Aegislash
|-singleturn|p1a: Aegislash|Protect
|move|p2a: Vikavolt|Energy Ball|p1a: Aegislash
|-activate|p1a: Aegislash|move: Protect
|
|-heal|p1a: Aegislash|88/100|[from] item: Leftovers
|-damage|p2a: Vikavolt|15/100 tox|[from] psn
|upkeep
|turn|12
|
|t:|1645963067
|move|p1a: Aegislash|King's Shield||[still]
|-fail|p1a: Aegislash
|move|p2a: Vikavolt|Thunderbolt|p1a: Aegislash
|-damage|p1a: Aegislash|57/100
|
|-heal|p1a: Aegislash|63/100|[from] item: Leftovers
|-damage|p2a: Vikavolt|0 fnt|[from] psn
|faint|p2a: Vikavolt
|upkeep
|
|t:|1645963070
|switch|p2a: Nidoking|Nidoking, M|55/100
|turn|13
|
|t:|1645963074
|switch|p1a: Tornadus|Tornadus, M|100/100
|move|p2a: Nidoking|Earth Power|p1a: Tornadus
|-immune|p1a: Tornadus
|
|upkeep
|turn|14
|
|t:|1645963077
|move|p1a: Tornadus|Defog|p2a: Nidoking
|-unboost|p2a: Nidoking|evasion|1
|-sideend|p1: PlasticPinnochio|Stealth Rock|[from] move: Defog|[of] p1a: Tornadus
|-sideend|p1: PlasticPinnochio|Sticky Web|[from] move: Defog|[of] p1a: Tornadus
|move|p2a: Nidoking|Thunderbolt|p1a: Tornadus
|-supereffective|p1a: Tornadus
|-damage|p1a: Tornadus|0 fnt
|faint|p1a: Tornadus
|
|upkeep
|
|t:|1645963082
|switch|p1a: Excadrill|Excadrill, M|100/100
|-ability|p1a: Excadrill|Mold Breaker
|turn|15
|
|t:|1645963095
|move|p1a: Excadrill|Iron Head|p2a: Nidoking
|-damage|p2a: Nidoking|0 fnt
|faint|p2a: Nidoking
|
|upkeep
|
|t:|1645963099
|switch|p2a: Thundurus|Thundurus-Therian, M|100/100
|turn|16
|
|t:|1645963107
|switch|p1a: Zarude|Zarude-Dada|100/100
|move|p2a: Thundurus|Focus Blast|p1a: Zarude
|-supereffective|p1a: Zarude
|-damage|p1a: Zarude|14/100
|
|upkeep
|turn|17
|j| Galacman
|
|t:|1645963113
|switch|p2a: Cobalion|Cobalion|100/100
|move|p1a: Zarude|Jungle Healing|p1a: Zarude
|-heal|p1a: Zarude|40/100
|
|upkeep
|turn|18
|l| Galacman
|
|t:|1645963118
|switch|p1a: Aegislash|Aegislash, F|63/100
|move|p2a: Cobalion|Volt Switch|p1a: Aegislash
|-damage|p1a: Aegislash|54/100
|
|t:|1645963126
|switch|p2a: Zarude|Zarude-Dada|100/100|[from]move: Volt Switch
|
|-heal|p1a: Aegislash|60/100|[from] item: Leftovers
|upkeep
|turn|19
|
|t:|1645963133
|move|p1a: Aegislash|King's Shield|p1a: Aegislash
|-singleturn|p1a: Aegislash|Protect
|move|p2a: Zarude|Darkest Lariat|p1a: Aegislash
|-activate|p1a: Aegislash|move: Protect
|-unboost|p2a: Zarude|atk|1
|
|-heal|p1a: Aegislash|67/100|[from] item: Leftovers
|upkeep
|turn|20
|
|t:|1645963142
|move|p2a: Zarude|Darkest Lariat|p1a: Aegislash
|-supereffective|p1a: Aegislash
|-damage|p1a: Aegislash|20/100
|-formechange|p1a: Aegislash|Aegislash-Blade||[from] ability: Stance Change
|move|p1a: Aegislash|Close Combat|p2a: Zarude
|-supereffective|p2a: Zarude
|-damage|p2a: Zarude|28/100
|-unboost|p1a: Aegislash|def|1
|-unboost|p1a: Aegislash|spd|1
|
|-heal|p1a: Aegislash|26/100|[from] item: Leftovers
|upkeep
|turn|21
|
|t:|1645963151
|move|p2a: Zarude|Darkest Lariat|p1a: Aegislash
|-supereffective|p1a: Aegislash
|-damage|p1a: Aegislash|0 fnt
|faint|p1a: Aegislash
|
|upkeep
|
|t:|1645963153
|switch|p1a: Conkeldurr|Conkeldurr, F|72/100 brn
|turn|22
|
|t:|1645963163
|move|p2a: Zarude|Power Whip|p1a: Conkeldurr
|-damage|p1a: Conkeldurr|32/100 brn
|move|p1a: Conkeldurr|Close Combat|p2a: Zarude
|-supereffective|p2a: Zarude
|-damage|p2a: Zarude|0 fnt
|-unboost|p1a: Conkeldurr|def|1
|-unboost|p1a: Conkeldurr|spd|1
|faint|p2a: Zarude
|
|-damage|p1a: Conkeldurr|26/100 brn|[from] brn
|upkeep
|
|t:|1645963182
|switch|p2a: Thundurus|Thundurus-Therian, M|100/100
|turn|23
|
|t:|1645963188
|switch|p1a: Excadrill|Excadrill, M|100/100
|-ability|p1a: Excadrill|Mold Breaker
|move|p2a: Thundurus|Thunderbolt|p1a: Excadrill
|-immune|p1a: Excadrill
|
|upkeep
|turn|24
|
|t:|1645963194
|move|p2a: Thundurus|Focus Blast|p1a: Excadrill
|-supereffective|p1a: Excadrill
|-damage|p1a: Excadrill|0 fnt
|faint|p1a: Excadrill
|
|upkeep
|
|t:|1645963197
|switch|p1a: Zarude|Zarude-Dada|40/100
|turn|25
|
|t:|1645963209
|switch|p2a: Cobalion|Cobalion|100/100
|move|p1a: Zarude|U-turn|p2a: Cobalion
|-resisted|p2a: Cobalion
|-crit|p2a: Cobalion
|-damage|p2a: Cobalion|94/100
|
|t:|1645963212
|switch|p1a: Conkeldurr|Conkeldurr, F|26/100 brn|[from]move: U-turn
|
|-damage|p1a: Conkeldurr|20/100 brn|[from] brn
|upkeep
|turn|26
|
|t:|1645963215
|move|p1a: Conkeldurr|Mach Punch|p2a: Cobalion
|-supereffective|p2a: Cobalion
|-enditem|p2a: Cobalion|Chople Berry|[eat]
|-enditem|p2a: Cobalion|Chople Berry|[weaken]
|-damage|p2a: Cobalion|62/100
|move|p2a: Cobalion|Iron Head|p1a: Conkeldurr
|-damage|p1a: Conkeldurr|0 fnt
|faint|p1a: Conkeldurr
|
|upkeep
|
|t:|1645963219
|switch|p1a: Slowking|Slowking, F|100/100
|turn|27
|
|t:|1645963229
|move|p2a: Cobalion|Volt Switch|p1a: Slowking
|-supereffective|p1a: Slowking
|-damage|p1a: Slowking|78/100
|
|t:|1645963230
|switch|p2a: Thundurus|Thundurus-Therian, M|100/100|[from]move: Volt Switch
|move|p1a: Slowking|Psyshock|p2a: Thundurus
|-damage|p2a: Thundurus|57/100
|
|upkeep
|turn|28
|
|t:|1645963236
|switch|p1a: Zarude|Zarude-Dada|40/100
|move|p2a: Thundurus|Thunderbolt|p1a: Zarude
|-resisted|p1a: Zarude
|-damage|p1a: Zarude|16/100
|
|upkeep
|turn|29
|
|t:|1645963258
|switch|p2a: Cobalion|Cobalion|62/100
|move|p1a: Zarude|Power Whip|p2a: Cobalion
|-resisted|p2a: Cobalion
|-damage|p2a: Cobalion|35/100
|
|upkeep
|turn|30
|
|t:|1645963270
|move|p2a: Cobalion|Volt Switch|p1a: Zarude
|-resisted|p1a: Zarude
|-damage|p1a: Zarude|9/100
|
|t:|1645963271
|switch|p2a: Thundurus|Thundurus-Therian, M|57/100|[from]move: Volt Switch
|move|p1a: Zarude|Jungle Healing|p1a: Zarude
|-heal|p1a: Zarude|34/100
|
|upkeep
|turn|31
|
|t:|1645963276
|switch|p2a: Cobalion|Cobalion|35/100
|move|p1a: Zarude|Darkest Lariat|p2a: Cobalion
|-resisted|p2a: Cobalion
|-damage|p2a: Cobalion|18/100
|-ability|p2a: Cobalion|Justified|boost
|-boost|p2a: Cobalion|atk|1
|
|upkeep
|turn|32
|
|t:|1645963283
|switch|p1a: Slowking|Slowking, F|100/100
|move|p2a: Cobalion|Volt Switch|p1a: Slowking
|-supereffective|p1a: Slowking
|-damage|p1a: Slowking|78/100
|
|t:|1645963284
|switch|p2a: Thundurus|Thundurus-Therian, M|57/100|[from]move: Volt Switch
|
|upkeep
|turn|33
|
|t:|1645963290
|move|p2a: Thundurus|Focus Blast|p1a: Slowking
|-resisted|p1a: Slowking
|-damage|p1a: Slowking|60/100
|move|p1a: Slowking|Teleport|p1a: Slowking
|
|t:|1645963292
|switch|p1a: Zarude|Zarude-Dada|34/100|[from]move: Teleport
|
|upkeep
|turn|34
|
|t:|1645963295
|move|p1a: Zarude|Darkest Lariat|p2a: Thundurus
|-damage|p2a: Thundurus|0 fnt
|faint|p2a: Thundurus
|
|upkeep
|
|t:|1645963298
|switch|p2a: Cobalion|Cobalion|18/100
|turn|35
|c|☆vivalospride|gg
|c|☆PlasticPinnochio|gg
|
|t:|1645963308
|move|p2a: Cobalion|Close Combat|p1a: Zarude
|-supereffective|p1a: Zarude
|-damage|p1a: Zarude|0 fnt
|-unboost|p2a: Cobalion|def|1
|-unboost|p2a: Cobalion|spd|1
|faint|p1a: Zarude
|
|upkeep
|
|t:|1645963310
|switch|p1a: Slowking|Slowking, F|93/100
|turn|36
|
|t:|1645963311
|move|p2a: Cobalion|Iron Head|p1a: Slowking
|-resisted|p1a: Slowking
|-damage|p1a: Slowking|81/100
|move|p1a: Slowking|Scald|p2a: Cobalion
|-damage|p2a: Cobalion|0 fnt
|faint|p2a: Cobalion
|
|win|PlasticPinnochio
|raw|PlasticPinnochio's rating: 1426 &rarr; <strong>1443</strong><br />(+17 for winning)
|raw|vivalospride's rating: 1379 &rarr; <strong>1362</strong><br />(-17 for losing)
|l|☆vivalospride
