|j|☆pif
|j|☆Ekelbart
|t:|1644173235
|gametype|singles
|player|p1|pif|#uutrio2ladder|1709
|player|p2|Ekelbart|liza|1416
|teamsize|p1|6
|teamsize|p2|6
|gen|8
|tier|[Gen 8] UU
|rated|
|rule|Sleep Clause Mod: Limit one foe put to sleep
|rule|Species Clause: Limit one of each Pokémon
|rule|OHKO Clause: OHKO moves are banned
|rule|Evasion Moves Clause: Evasion moves are banned
|rule|Endless Battle Clause: Forcing endless battles is banned
|rule|HP Percentage Mod: HP is shown in percentages
|rule|Dynamax Clause: You cannot dynamax
|clearpoke
|poke|p1|Registeel|
|poke|p1|Tapu Bulu|
|poke|p1|Chansey, F|
|poke|p1|Seismitoad, F|
|poke|p1|Salamence, M|
|poke|p1|Hatterene, F|
|poke|p2|Torkoal, F|
|poke|p2|Venusaur, M|
|poke|p2|Espeon, F|
|poke|p2|Darmanitan, M|
|poke|p2|Primarina, F|
|poke|p2|Shiftry, F|
|teampreview
|inactive|Battle timer is ON: inactive players will automatically lose when time's up. (requested by Ekelbart)
|
|t:|1644173266
|start
|switch|p1a: soggy froggy|Seismitoad, F|100/100
|switch|p2a: Darmanitan|Darmanitan, M|100/100
|turn|1
|j| destructivepichu
|
|t:|1644173276
|move|p2a: Darmanitan|U-turn|p1a: soggy froggy
|-damage|p1a: soggy froggy|76/100
|
|t:|1644173283
|switch|p2a: Venusaur|Venusaur, M|100/100|[from]move: U-turn
|move|p1a: soggy froggy|Knock Off|p2a: Venusaur
|-damage|p2a: Venusaur|74/100
|-enditem|p2a: Venusaur|Life Orb|[from] move: Knock Off|[of] p1a: soggy froggy
|
|-heal|p1a: soggy froggy|82/100|[from] item: Leftovers
|upkeep
|turn|2
|
|t:|1644173301
|switch|p2a: Shiftry|Shiftry, F|100/100
|switch|p1a: stanky clanky|Registeel|100/100
|
|upkeep
|turn|3
|
|t:|1644173315
|switch|p2a: Torkoal|Torkoal, F, shiny|100/100
|-weather|SunnyDay|[from] ability: Drought|[of] p2a: Torkoal
|move|p1a: stanky clanky|Body Press|p2a: Torkoal
|-damage|p2a: Torkoal|81/100
|
|-weather|SunnyDay|[upkeep]
|upkeep
|turn|4
|
|t:|1644173333
|switch|p2a: Shiftry|Shiftry, F|100/100
|move|p1a: stanky clanky|Iron Defense|p1a: stanky clanky
|-boost|p1a: stanky clanky|def|2
|
|-weather|SunnyDay|[upkeep]
|upkeep
|turn|5
|
|t:|1644173343
|switch|p2a: Torkoal|Torkoal, F, shiny|81/100
|move|p1a: stanky clanky|Body Press|p2a: Torkoal
|-damage|p2a: Torkoal|42/100
|
|-weather|SunnyDay|[upkeep]
|upkeep
|turn|6
|
|t:|1644173352
|move|p1a: stanky clanky|Amnesia|p1a: stanky clanky
|-boost|p1a: stanky clanky|spd|2
|move|p2a: Torkoal|Lava Plume|p1a: stanky clanky
|-supereffective|p1a: stanky clanky
|-damage|p1a: stanky clanky|77/100
|
|-weather|SunnyDay|[upkeep]
|upkeep
|turn|7
|
|t:|1644173362
|switch|p2a: Primarina|Primarina, F|100/100
|move|p1a: stanky clanky|Iron Defense|p1a: stanky clanky
|-boost|p1a: stanky clanky|def|2
|
|-weather|SunnyDay|[upkeep]
|upkeep
|turn|8
|
|t:|1644173372
|move|p2a: Primarina|Weather Ball|p1a: stanky clanky
|-supereffective|p1a: stanky clanky
|-damage|p1a: stanky clanky|43/100
|move|p1a: stanky clanky|Rest|p1a: stanky clanky
|-status|p1a: stanky clanky|slp|[from] move: Rest
|-heal|p1a: stanky clanky|100/100 slp|[silent]
|-enditem|p1a: stanky clanky|Chesto Berry|[eat]
|-curestatus|p1a: stanky clanky|slp|[msg]
|
|-weather|SunnyDay|[upkeep]
|upkeep
|turn|9
|
|t:|1644173381
|move|p2a: Primarina|Weather Ball|p1a: stanky clanky
|-supereffective|p1a: stanky clanky
|-damage|p1a: stanky clanky|64/100
|move|p1a: stanky clanky|Amnesia|p1a: stanky clanky
|-boost|p1a: stanky clanky|spd|2
|
|-weather|SunnyDay|[upkeep]
|upkeep
|turn|10
|
|t:|1644173392
|move|p2a: Primarina|Weather Ball|p1a: stanky clanky
|-supereffective|p1a: stanky clanky
|-damage|p1a: stanky clanky|42/100
|move|p1a: stanky clanky|Iron Defense|p1a: stanky clanky
|-boost|p1a: stanky clanky|def|2
|
|-weather|none
|upkeep
|turn|11
|
|t:|1644173401
|switch|p2a: Torkoal|Torkoal, F, shiny|42/100
|-weather|SunnyDay|[from] ability: Drought|[of] p2a: Torkoal
|move|p1a: stanky clanky|Body Press|p2a: Torkoal
|-damage|p2a: Torkoal|0 fnt
|faint|p2a: Torkoal
|
|-weather|SunnyDay|[upkeep]
|upkeep
|
|t:|1644173410
|switch|p2a: Primarina|Primarina, F|100/100
|turn|12
|
|t:|1644173416
|move|p2a: Primarina|Weather Ball|p1a: stanky clanky
|-supereffective|p1a: stanky clanky
|-damage|p1a: stanky clanky|16/100
|move|p1a: stanky clanky|Body Press|p2a: Primarina
|-resisted|p2a: Primarina
|-damage|p2a: Primarina|0 fnt
|faint|p2a: Primarina
|
|-weather|SunnyDay|[upkeep]
|upkeep
|
|t:|1644173422
|switch|p2a: Darmanitan|Darmanitan, M|100/100
|turn|13
|
|t:|1644173430
|move|p2a: Darmanitan|Flare Blitz|p1a: stanky clanky
|-supereffective|p1a: stanky clanky
|-damage|p1a: stanky clanky|0 fnt
|faint|p1a: stanky clanky
|-damage|p2a: Darmanitan|95/100|[from] Recoil
|
|-weather|SunnyDay|[upkeep]
|upkeep
|
|t:|1644173435
|switch|p1a: mr mencey wencey|Salamence, M|100/100
|-ability|p1a: mr mencey wencey|Intimidate|boost
|-unboost|p2a: Darmanitan|atk|1
|turn|14
|
|t:|1644173444
|switch|p2a: Shiftry|Shiftry, F|100/100
|move|p1a: mr mencey wencey|Dual Wingbeat|p2a: Shiftry
|-supereffective|p2a: Shiftry
|-damage|p2a: Shiftry|31/100
|-supereffective|p2a: Shiftry
|-damage|p2a: Shiftry|0 fnt
|faint|p2a: Shiftry
|-hitcount|p2: Shiftry|2
|
|-weather|SunnyDay|[upkeep]
|upkeep
|
|t:|1644173449
|switch|p2a: Espeon|Espeon, F, shiny|100/100
|turn|15
|
|t:|1644173456
|switch|p1a: tit for hat|Hatterene, F|100/100
|move|p2a: Espeon|Psyshock|p1a: tit for hat
|-resisted|p1a: tit for hat
|-damage|p1a: tit for hat|73/100
|
|-weather|SunnyDay|[upkeep]
|-heal|p1a: tit for hat|79/100|[from] item: Leftovers
|upkeep
|turn|16
|j| Aqua8Jet
|
|t:|1644173466
|switch|p2a: Darmanitan|Darmanitan, M|95/100
|move|p1a: tit for hat|Psyshock|p2a: Darmanitan
|-damage|p2a: Darmanitan|43/100
|
|-weather|SunnyDay|[upkeep]
|-heal|p1a: tit for hat|85/100|[from] item: Leftovers
|upkeep
|turn|17
|
|t:|1644173472
|switch|p1a: soggy froggy|Seismitoad, F|82/100
|move|p2a: Darmanitan|Flare Blitz|p1a: soggy froggy
|-resisted|p1a: soggy froggy
|-damage|p1a: soggy froggy|31/100
|-damage|p2a: Darmanitan|23/100|[from] Recoil
|
|-weather|SunnyDay|[upkeep]
|-heal|p1a: soggy froggy|37/100|[from] item: Leftovers
|upkeep
|turn|18
|
|t:|1644173477
|move|p2a: Darmanitan|Flare Blitz|p1a: soggy froggy
|-resisted|p1a: soggy froggy
|-crit|p1a: soggy froggy
|-damage|p1a: soggy froggy|0 fnt
|faint|p1a: soggy froggy
|-damage|p2a: Darmanitan|9/100|[from] Recoil
|
|-weather|none
|upkeep
|
|t:|1644173480
|switch|p1a: mr mencey wencey|Salamence, M|100/100
|-ability|p1a: mr mencey wencey|Intimidate|boost
|-unboost|p2a: Darmanitan|atk|1
|turn|19
|
|t:|1644173486
|move|p2a: Darmanitan|Flare Blitz|p1a: mr mencey wencey
|-resisted|p1a: mr mencey wencey
|-damage|p1a: mr mencey wencey|77/100
|-damage|p2a: Darmanitan|0 fnt|[from] Recoil
|faint|p2a: Darmanitan
|move|p1a: mr mencey wencey|Dual Wingbeat|p2: Darmanitan|[notarget]
|-fail|p1a: mr mencey wencey
|
|upkeep
|
|t:|1644173493
|switch|p2a: Espeon|Espeon, F, shiny|100/100
|turn|20
|
|t:|1644173501
|switch|p1a: tit for hat|Hatterene, F|85/100
|move|p2a: Espeon|Psyshock|p1a: tit for hat
|-resisted|p1a: tit for hat
|-damage|p1a: tit for hat|60/100
|
|-heal|p1a: tit for hat|66/100|[from] item: Leftovers
|upkeep
|turn|21
|
|t:|1644173506
|move|p2a: Espeon|Psyshock|p1a: tit for hat
|-resisted|p1a: tit for hat
|-damage|p1a: tit for hat|42/100
|move|p1a: tit for hat|Mystical Fire|p2a: Espeon
|-damage|p2a: Espeon|71/100
|-unboost|p2a: Espeon|spa|1
|
|-heal|p1a: tit for hat|48/100|[from] item: Leftovers
|upkeep
|turn|22
|
|t:|1644173512
|move|p2a: Espeon|Psyshock|p1a: tit for hat
|-resisted|p1a: tit for hat
|-damage|p1a: tit for hat|31/100
|move|p1a: tit for hat|Calm Mind|p1a: tit for hat
|-boost|p1a: tit for hat|spa|1
|-boost|p1a: tit for hat|spd|1
|
|-heal|p1a: tit for hat|37/100|[from] item: Leftovers
|upkeep
|turn|23
|
|t:|1644173516
|switch|p2a: Venusaur|Venusaur, M|74/100
|move|p1a: tit for hat|Draining Kiss|p2a: Venusaur
|-resisted|p2a: Venusaur
|-damage|p2a: Venusaur|55/100
|-heal|p1a: tit for hat|50/100|[from] drain|[of] p2a: Venusaur
|
|-heal|p1a: tit for hat|56/100|[from] item: Leftovers
|upkeep
|turn|24
|
|t:|1644173524
|switch|p2a: Espeon|Espeon, F, shiny|71/100
|move|p1a: tit for hat|Psyshock|p2a: Espeon
|-resisted|p2a: Espeon
|-damage|p2a: Espeon|23/100
|
|-heal|p1a: tit for hat|62/100|[from] item: Leftovers
|upkeep
|turn|25
|-message|Ekelbart forfeited.
|
|win|pif
|raw|pif's rating: 1709 &rarr; <strong>1715</strong><br />(+6 for winning)
|raw|Ekelbart's rating: 1416 &rarr; <strong>1410</strong><br />(-6 for losing)
|l|☆Ekelbart
|l| destructivepichu
|c| Aqua8Jet|excellent
||Ladder isn't responding, score probably updated but might not have (Request timeout).
