|j|☆bioche80
|j|☆n8maxima
|t:|1640795640
|gametype|singles
|player|p1|bioche80|hugh|1398
|player|p2|n8maxima|gambler|1394
|teamsize|p1|6
|teamsize|p2|6
|gen|8
|tier|[Gen 8] UU
|rated|
|rule|Sleep Clause Mod: Limit one foe put to sleep
|rule|Species Clause: Limit one of each Pokémon
|rule|OHKO Clause: OHKO moves are banned
|rule|Evasion Moves Clause: Evasion moves are banned
|rule|Endless Battle Clause: Forcing endless battles is banned
|rule|HP Percentage Mod: HP is shown in percentages
|rule|Dynamax Clause: You cannot dynamax
|clearpoke
|poke|p1|Keldeo-Resolute|
|poke|p1|Mandibuzz, F|
|poke|p1|Darmanitan, M|
|poke|p1|Swampert, F|
|poke|p1|Tapu Bulu|
|poke|p1|Celesteela|
|poke|p2|Krookodile, M|
|poke|p2|Chansey, F|
|poke|p2|Conkeldurr, M|
|poke|p2|Gyarados, M|
|poke|p2|Moltres|
|poke|p2|Nihilego|
|teampreview
|inactive|Battle timer is ON: inactive players will automatically lose when time's up. (requested by n8maxima)
|
|t:|1640795647
|start
|switch|p1a: Celesteela|Celesteela|100/100
|switch|p2a: Chansey|Chansey, F, shiny|100/100
|turn|1
|
|t:|1640795655
|move|p1a: Celesteela|Heavy Slam|p2a: Chansey
|-damage|p2a: Chansey|50/100
|move|p2a: Chansey|Stealth Rock|p1a: Celesteela
|-sidestart|p1: bioche80|move: Stealth Rock
|
|upkeep
|turn|2
|
|t:|1640795663
|switch|p1a: Keldeo|Keldeo-Resolute|100/100
|-damage|p1a: Keldeo|94/100|[from] Stealth Rock
|switch|p2a: Moltres|Moltres, shiny|100/100
|
|upkeep
|turn|3
|
|t:|1640795671
|switch|p2a: Gyarados|Gyarados, M, shiny|100/100
|move|p1a: Keldeo|Secret Sword|p2a: Gyarados
|-resisted|p2a: Gyarados
|-crit|p2a: Gyarados
|-damage|p2a: Gyarados|39/100
|
|upkeep
|turn|4
|
|t:|1640795682
|move|p1a: Keldeo|Secret Sword|p2a: Gyarados
|-resisted|p2a: Gyarados
|-damage|p2a: Gyarados|0 fnt
|faint|p2a: Gyarados
|
|upkeep
|
|t:|1640795694
|switch|p2a: Conkeldurr|Conkeldurr, M, shiny|100/100
|turn|5
|
|t:|1640795701
|switch|p1a: Tapu Bulu|Tapu Bulu|100/100
|-damage|p1a: Tapu Bulu|88/100|[from] Stealth Rock
|-fieldstart|move: Grassy Terrain|[from] ability: Grassy Surge|[of] p1a: Tapu Bulu
|move|p2a: Conkeldurr|Drain Punch|p1a: Tapu Bulu
|-resisted|p1a: Tapu Bulu
|-damage|p1a: Tapu Bulu|72/100
|-damage|p2a: Conkeldurr|84/100|[from] item: Rocky Helmet|[of] p1a: Tapu Bulu
|
|-heal|p1a: Tapu Bulu|78/100|[from] Grassy Terrain
|-heal|p2a: Conkeldurr|90/100|[from] Grassy Terrain
|-status|p2a: Conkeldurr|brn|[from] item: Flame Orb
|upkeep
|turn|6
|
|t:|1640795715
|switch|p2a: Moltres|Moltres, shiny|100/100
|move|p1a: Tapu Bulu|Toxic|p2a: Moltres
|-status|p2a: Moltres|tox
|
|-heal|p1a: Tapu Bulu|84/100|[from] Grassy Terrain
|-damage|p2a: Moltres|94/100 tox|[from] psn
|upkeep
|turn|7
|
|t:|1640795727
|switch|p1a: Mandibuzz|Mandibuzz, F|100/100
|move|p2a: Moltres|Mystical Fire|p1a: Mandibuzz
|-damage|p1a: Mandibuzz|83/100
|-unboost|p1a: Mandibuzz|spa|1
|
|-damage|p2a: Moltres|82/100 tox|[from] psn
|upkeep
|turn|8
|
|t:|1640795737
|switch|p2a: Nihilego|Nihilego, shiny|100/100
|move|p1a: Mandibuzz|Defog|p2a: Nihilego
|-unboost|p2a: Nihilego|evasion|1
|-sideend|p1: bioche80|Stealth Rock|[from] move: Defog|[of] p1a: Mandibuzz
|-fieldend|move: Grassy Terrain
|
|upkeep
|turn|9
|
|t:|1640795748
|switch|p1a: Swampert|Swampert, F|100/100
|move|p2a: Nihilego|Charge Beam|p1a: Swampert
|-immune|p1a: Swampert
|
|upkeep
|turn|10
|
|t:|1640795760
|switch|p2a: Conkeldurr|Conkeldurr, M, shiny|90/100 brn
|move|p1a: Swampert|Flip Turn|p2a: Conkeldurr
|-damage|p2a: Conkeldurr|70/100 brn
|
|t:|1640795767
|switch|p1a: Keldeo|Keldeo-Resolute|94/100|[from]move: Flip Turn
|
|-damage|p2a: Conkeldurr|64/100 brn|[from] brn
|upkeep
|turn|11
|
|t:|1640795777
|move|p1a: Keldeo|Surf|p2a: Conkeldurr
|-damage|p2a: Conkeldurr|0 fnt
|faint|p2a: Conkeldurr
|
|upkeep
|
|t:|1640795784
|switch|p2a: Chansey|Chansey, F, shiny|50/100
|turn|12
|inactive|bioche80 has 120 seconds left.
|
|t:|1640795814
|switch|p1a: Darmanitan|Darmanitan, M|100/100
|move|p2a: Chansey|Soft-Boiled|p2a: Chansey
|-heal|p2a: Chansey|99/100
|
|upkeep
|turn|13
|inactive|bioche80 has 120 seconds left.
|
|t:|1640795831
|move|p1a: Darmanitan|Trick|p2a: Chansey
|-activate|p1a: Darmanitan|move: Trick|[of] p2a: Chansey
|-item|p2a: Chansey|Choice Scarf|[from] move: Trick
|-item|p1a: Darmanitan|Eviolite|[from] move: Trick
|move|p2a: Chansey|Stealth Rock|p1a: Darmanitan
|-sidestart|p1: bioche80|move: Stealth Rock
|
|upkeep
|turn|14
|inactive|bioche80 has 120 seconds left.
|
|t:|1640795844
|switch|p2a: Moltres|Moltres, shiny|82/100 tox
|move|p1a: Darmanitan|Flare Blitz|p2a: Moltres
|-resisted|p2a: Moltres
|-damage|p2a: Moltres|51/100 tox
|-damage|p1a: Darmanitan|89/100|[from] Recoil
|
|-damage|p2a: Moltres|45/100 tox|[from] psn
|upkeep
|turn|15
|
|t:|1640795852
|move|p1a: Darmanitan|Rock Slide|p2a: Moltres
|-supereffective|p2a: Moltres
|-damage|p2a: Moltres|0 fnt
|faint|p2a: Moltres
|
|upkeep
|
|t:|1640795867
|switch|p2a: Nihilego|Nihilego, shiny|100/100
|turn|16
|
|t:|1640795872
|switch|p1a: Swampert|Swampert, F|100/100
|-damage|p1a: Swampert|94/100|[from] Stealth Rock
|move|p2a: Nihilego|Power Gem|p1a: Swampert
|-resisted|p1a: Swampert
|-damage|p1a: Swampert|80/100
|
|-heal|p1a: Swampert|87/100|[from] item: Leftovers
|upkeep
|turn|17
|
|t:|1640795885
|move|p2a: Nihilego|Sludge Wave|p1a: Swampert
|-resisted|p1a: Swampert
|-damage|p1a: Swampert|69/100
|move|p1a: Swampert|Stealth Rock|p2a: Nihilego
|-sidestart|p2: n8maxima|move: Stealth Rock
|
|-heal|p1a: Swampert|76/100|[from] item: Leftovers
|upkeep
|turn|18
|
|t:|1640795891
|move|p2a: Nihilego|Psyshock|p1a: Swampert
|-damage|p1a: Swampert|51/100
|move|p1a: Swampert|High Horsepower|p2a: Nihilego
|-supereffective|p2a: Nihilego
|-damage|p2a: Nihilego|0 fnt
|faint|p2a: Nihilego
|
|-heal|p1a: Swampert|57/100|[from] item: Leftovers
|upkeep
|
|t:|1640795899
|switch|p2a: Krookodile|Krookodile, M|100/100
|-damage|p2a: Krookodile|94/100|[from] Stealth Rock
|turn|19
|
|t:|1640795905
|switch|p1a: Tapu Bulu|Tapu Bulu|84/100
|-damage|p1a: Tapu Bulu|72/100|[from] Stealth Rock
|-fieldstart|move: Grassy Terrain|[from] ability: Grassy Surge|[of] p1a: Tapu Bulu
|move|p2a: Krookodile|Knock Off|p1a: Tapu Bulu
|-resisted|p1a: Tapu Bulu
|-damage|p1a: Tapu Bulu|55/100
|-damage|p2a: Krookodile|78/100|[from] item: Rocky Helmet|[of] p1a: Tapu Bulu
|-enditem|p1a: Tapu Bulu|Rocky Helmet|[from] move: Knock Off|[of] p2a: Krookodile
|
|-heal|p2a: Krookodile|84/100|[from] Grassy Terrain
|-heal|p1a: Tapu Bulu|61/100|[from] Grassy Terrain
|upkeep
|turn|20
|
|t:|1640795919
|switch|p2a: Chansey|Chansey, F, shiny|99/100
|-damage|p2a: Chansey|87/100|[from] Stealth Rock
|move|p1a: Tapu Bulu|Bulk Up|p1a: Tapu Bulu
|-boost|p1a: Tapu Bulu|atk|1
|-boost|p1a: Tapu Bulu|def|1
|
|-heal|p2a: Chansey|93/100|[from] Grassy Terrain
|-heal|p1a: Tapu Bulu|68/100|[from] Grassy Terrain
|upkeep
|turn|21
|
|t:|1640795930
|move|p2a: Chansey|Toxic|p1a: Tapu Bulu
|-status|p1a: Tapu Bulu|tox
|move|p1a: Tapu Bulu|Bulk Up|p1a: Tapu Bulu
|-boost|p1a: Tapu Bulu|atk|1
|-boost|p1a: Tapu Bulu|def|1
|
|-heal|p2a: Chansey|99/100|[from] Grassy Terrain
|-heal|p1a: Tapu Bulu|74/100 tox|[from] Grassy Terrain
|-damage|p1a: Tapu Bulu|68/100 tox|[from] psn
|upkeep
|turn|22
|
|t:|1640795942
|move|p2a: Chansey|Toxic|p1a: Tapu Bulu
|-fail|p1a: Tapu Bulu|tox
|move|p1a: Tapu Bulu|Close Combat|p2a: Chansey
|-supereffective|p2a: Chansey
|-damage|p2a: Chansey|0 fnt
|-unboost|p1a: Tapu Bulu|def|1
|-unboost|p1a: Tapu Bulu|spd|1
|faint|p2a: Chansey
|
|-heal|p1a: Tapu Bulu|74/100 tox|[from] Grassy Terrain
|-damage|p1a: Tapu Bulu|61/100 tox|[from] psn
|upkeep
|
|t:|1640795953
|switch|p2a: Krookodile|Krookodile, M|84/100
|-damage|p2a: Krookodile|78/100|[from] Stealth Rock
|turn|23
|
|t:|1640795959
|move|p2a: Krookodile|Close Combat|p1a: Tapu Bulu
|-resisted|p1a: Tapu Bulu
|-damage|p1a: Tapu Bulu|53/100 tox
|-unboost|p2a: Krookodile|def|1
|-unboost|p2a: Krookodile|spd|1
|move|p1a: Tapu Bulu|Horn Leech|p2a: Krookodile
|-supereffective|p2a: Krookodile
|-damage|p2a: Krookodile|0 fnt
|-heal|p1a: Tapu Bulu|90/100 tox|[from] drain|[of] p2a: Krookodile
|faint|p2a: Krookodile
|
|win|bioche80
|raw|bioche80's rating: 1398 &rarr; <strong>1418</strong><br />(+20 for winning)
|raw|n8maxima's rating: 1394 &rarr; <strong>1374</strong><br />(-20 for losing)
|c|☆bioche80|gg
