|j|☆gogole2021
|j|☆Yellownoodle
|t:|1633283244
|gametype|singles
|player|p1|gogole2021|reporter|1320
|player|p2|Yellownoodle|266|1443
|teamsize|p1|6
|teamsize|p2|6
|gen|8
|tier|[Gen 8] UU
|rated|
|rule|Sleep Clause Mod: Limit one foe put to sleep
|rule|Species Clause: Limit one of each Pokémon
|rule|OHKO Clause: OHKO moves are banned
|rule|Evasion Moves Clause: Evasion moves are banned
|rule|Endless Battle Clause: Forcing endless battles is banned
|rule|HP Percentage Mod: HP is shown in percentages
|rule|Dynamax Clause: You cannot dynamax
|clearpoke
|poke|p1|Skarmory, M|
|poke|p1|Hydreigon, M|
|poke|p1|Politoed, M|
|poke|p1|Kingdra, F|
|poke|p1|Entei|
|poke|p1|Thundurus-Therian, M|
|poke|p2|Excadrill, F|
|poke|p2|Latias, F|
|poke|p2|Regieleki|
|poke|p2|Celesteela|
|poke|p2|Hydreigon, M|
|poke|p2|Entei|
|teampreview
|inactive|Battle timer is ON: inactive players will automatically lose when time's up. (requested by gogole2021)
|
|t:|1633283297
|start
|switch|p1a: Politoed|Politoed, M|100/100
|switch|p2a: Regieleki|Regieleki|100/100
|-weather|RainDance|[from] ability: Drizzle|[of] p1a: Politoed
|turn|1
|
|t:|1633283304
|switch|p1a: Thundurus|Thundurus-Therian, M|100/100
|move|p2a: Regieleki|Volt Switch|p1a: Thundurus
|-immune|p1a: Thundurus|[from] ability: Volt Absorb
|
|-weather|RainDance|[upkeep]
|upkeep
|turn|2
|
|t:|1633283311
|switch|p1a: Kingdra|Kingdra, F|100/100
|move|p2a: Regieleki|Explosion|p1a: Kingdra
|-damage|p1a: Kingdra|0 fnt
|faint|p2a: Regieleki
|faint|p1a: Kingdra
|
|-weather|RainDance|[upkeep]
|upkeep
|
|t:|1633283320
|switch|p2a: Hydreigon|Hydreigon, M|100/100
|switch|p1a: Thundurus|Thundurus-Therian, M|100/100
|turn|3
|
|t:|1633283326
|move|p2a: Hydreigon|Draco Meteor|p1a: Thundurus|[miss]
|-miss|p2a: Hydreigon|p1a: Thundurus
|move|p1a: Thundurus|Thunder|p2a: Hydreigon
|-resisted|p2a: Hydreigon
|-damage|p2a: Hydreigon|64/100
|
|-weather|RainDance|[upkeep]
|upkeep
|turn|4
|c|☆Yellownoodle|...
|
|t:|1633283337
|switch|p1a: Politoed|Politoed, M|100/100
|move|p2a: Hydreigon|Draco Meteor|p1a: Politoed
|-damage|p1a: Politoed|62/100
|-unboost|p2a: Hydreigon|spa|2
|
|-weather|RainDance|[upkeep]
|upkeep
|turn|5
|
|t:|1633283349
|switch|p2a: Excadrill|Excadrill, F|100/100
|-ability|p2a: Excadrill|Mold Breaker
|move|p1a: Politoed|Ice Beam|p2a: Excadrill
|-damage|p2a: Excadrill|63/100
|
|-weather|none
|upkeep
|turn|6
|
|t:|1633283358
|switch|p1a: Skarmory|Skarmory, M|100/100
|move|p2a: Excadrill|Toxic|p1a: Skarmory
|-immune|p1a: Skarmory
|
|upkeep
|turn|7
|
|t:|1633283363
|move|p2a: Excadrill|Stealth Rock|p1a: Skarmory
|-sidestart|p1: gogole2021|move: Stealth Rock
|move|p1a: Skarmory|Stealth Rock|p2a: Excadrill
|-sidestart|p2: Yellownoodle|move: Stealth Rock
|
|upkeep
|turn|8
|
|t:|1633283383
|switch|p2a: Entei|Entei|100/100
|move|p1a: Skarmory|Iron Defense|p1a: Skarmory
|-boost|p1a: Skarmory|def|2
|
|upkeep
|turn|9
|
|t:|1633283388
|move|p2a: Entei|Sacred Fire|p1a: Skarmory
|-supereffective|p1a: Skarmory
|-damage|p1a: Skarmory|68/100
|-status|p1a: Skarmory|brn
|move|p1a: Skarmory|Body Press|p2a: Entei
|-damage|p2a: Entei|71/100
|
|-heal|p1a: Skarmory|74/100 brn|[from] item: Leftovers
|-damage|p1a: Skarmory|68/100 brn|[from] brn
|upkeep
|turn|10
|
|t:|1633283398
|move|p2a: Entei|Stone Edge|p1a: Skarmory
|-damage|p1a: Skarmory|58/100 brn
|move|p1a: Skarmory|Iron Defense|p1a: Skarmory
|-boost|p1a: Skarmory|def|2
|
|-heal|p1a: Skarmory|64/100 brn|[from] item: Leftovers
|-damage|p1a: Skarmory|58/100 brn|[from] brn
|upkeep
|turn|11
|
|t:|1633283406
|move|p2a: Entei|Sacred Fire|p1a: Skarmory
|-supereffective|p1a: Skarmory
|-damage|p1a: Skarmory|36/100 brn
|move|p1a: Skarmory|Roost|p1a: Skarmory
|-heal|p1a: Skarmory|86/100 brn
|-singleturn|p1a: Skarmory|move: Roost
|
|-heal|p1a: Skarmory|92/100 brn|[from] item: Leftovers
|-damage|p1a: Skarmory|86/100 brn|[from] brn
|upkeep
|turn|12
|
|t:|1633283418
|move|p2a: Entei|Sacred Fire|p1a: Skarmory
|-supereffective|p1a: Skarmory
|-damage|p1a: Skarmory|66/100 brn
|move|p1a: Skarmory|Body Press|p2a: Entei
|-damage|p2a: Entei|28/100
|
|-heal|p1a: Skarmory|72/100 brn|[from] item: Leftovers
|-damage|p1a: Skarmory|66/100 brn|[from] brn
|upkeep
|turn|13
|
|t:|1633283427
|move|p2a: Entei|Sacred Fire|p1a: Skarmory
|-supereffective|p1a: Skarmory
|-damage|p1a: Skarmory|44/100 brn
|move|p1a: Skarmory|Roost|p1a: Skarmory
|-heal|p1a: Skarmory|94/100 brn
|-singleturn|p1a: Skarmory|move: Roost
|
|-heal|p1a: Skarmory|100/100 brn|[from] item: Leftovers
|-damage|p1a: Skarmory|94/100 brn|[from] brn
|upkeep
|turn|14
|
|t:|1633283438
|move|p2a: Entei|Sacred Fire|p1a: Skarmory
|-supereffective|p1a: Skarmory
|-damage|p1a: Skarmory|74/100 brn
|move|p1a: Skarmory|Iron Defense|p1a: Skarmory
|-boost|p1a: Skarmory|def|2
|
|-heal|p1a: Skarmory|80/100 brn|[from] item: Leftovers
|-damage|p1a: Skarmory|74/100 brn|[from] brn
|upkeep
|turn|15
|
|t:|1633283459
|move|p2a: Entei|Sacred Fire|p1a: Skarmory
|-supereffective|p1a: Skarmory
|-damage|p1a: Skarmory|60/100 brn
|move|p1a: Skarmory|Body Press|p2a: Entei
|-damage|p2a: Entei|0 fnt
|faint|p2a: Entei
|
|-heal|p1a: Skarmory|66/100 brn|[from] item: Leftovers
|-damage|p1a: Skarmory|60/100 brn|[from] brn
|upkeep
|
|t:|1633283462
|switch|p2a: Hydreigon|Hydreigon, M|64/100
|-damage|p2a: Hydreigon|51/100|[from] Stealth Rock
|turn|16
|
|t:|1633283472
|move|p2a: Hydreigon|Dark Pulse|p1a: Skarmory
|-damage|p1a: Skarmory|0 fnt
|faint|p1a: Skarmory
|
|upkeep
|
|t:|1633283483
|switch|p1a: Politoed|Politoed, M|62/100
|-damage|p1a: Politoed|50/100|[from] Stealth Rock
|-weather|RainDance|[from] ability: Drizzle|[of] p1a: Politoed
|turn|17
|
|t:|1633283492
|move|p2a: Hydreigon|Dark Pulse|p1a: Politoed
|-damage|p1a: Politoed|28/100
|move|p1a: Politoed|Scald|p2a: Hydreigon
|-resisted|p2a: Hydreigon
|-damage|p2a: Hydreigon|20/100
|-status|p2a: Hydreigon|brn
|
|-weather|RainDance|[upkeep]
|-damage|p2a: Hydreigon|14/100 brn|[from] brn
|upkeep
|turn|18
|
|t:|1633283504
|move|p2a: Hydreigon|Dark Pulse|p1a: Politoed
|-damage|p1a: Politoed|3/100
|move|p1a: Politoed|Scald|p2a: Hydreigon
|-resisted|p2a: Hydreigon
|-damage|p2a: Hydreigon|0 fnt
|faint|p2a: Hydreigon
|
|-weather|RainDance|[upkeep]
|upkeep
|
|t:|1633283507
|switch|p2a: Latias|Latias, F|100/100
|-damage|p2a: Latias|88/100|[from] Stealth Rock
|turn|19
|
|t:|1633283515
|move|p2a: Latias|Agility|p2a: Latias
|-boost|p2a: Latias|spe|2
|move|p1a: Politoed|Ice Beam|p2a: Latias
|-supereffective|p2a: Latias
|-damage|p2a: Latias|42/100
|-enditem|p2a: Latias|Weakness Policy
|-boost|p2a: Latias|atk|2|[from] item: Weakness Policy
|-boost|p2a: Latias|spa|2|[from] item: Weakness Policy
|
|-weather|RainDance|[upkeep]
|upkeep
|turn|20
|inactive|Yellownoodle has 120 seconds left.
|
|t:|1633283547
|move|p2a: Latias|Stored Power|p1a: Politoed
|-damage|p1a: Politoed|0 fnt
|faint|p1a: Politoed
|
|-weather|RainDance|[upkeep]
|upkeep
|
|t:|1633283553
|switch|p1a: Entei|Entei|100/100
|-damage|p1a: Entei|76/100|[from] Stealth Rock
|turn|21
|
|t:|1633283558
|move|p1a: Entei|Extreme Speed|p2a: Latias
|-damage|p2a: Latias|0 fnt
|faint|p2a: Latias
|
|-weather|none
|upkeep
|
|t:|1633283563
|switch|p2a: Celesteela|Celesteela|100/100
|-damage|p2a: Celesteela|88/100|[from] Stealth Rock
|turn|22
|
|t:|1633283567
|switch|p1a: Thundurus|Thundurus-Therian, M|100/100
|move|p2a: Celesteela|Autotomize|p2a: Celesteela
|-boost|p2a: Celesteela|spe|2
|-start|p2a: Celesteela|Autotomize
|
|upkeep
|turn|23
|
|t:|1633283574
|move|p2a: Celesteela|Meteor Beam||[still]
|-prepare|p2a: Celesteela|Meteor Beam
|-boost|p2a: Celesteela|spa|1
|-enditem|p2a: Celesteela|Power Herb
|-anim|p2a: Celesteela|Meteor Beam|p1a: Thundurus|[miss]
|-miss|p2a: Celesteela|p1a: Thundurus
|move|p1a: Thundurus|Volt Switch|p2a: Celesteela
|-supereffective|p2a: Celesteela
|-damage|p2a: Celesteela|11/100
|c|☆Yellownoodle|wtf
|c|☆gogole2021|sorry
|c|☆Yellownoodle|that was a win
|j| Almirante Matthew
|
|t:|1633283599
|switch|p1a: Hydreigon|Hydreigon, M|100/100|[from]move: Volt Switch
|-damage|p1a: Hydreigon|88/100|[from] Stealth Rock
|
|upkeep
|turn|24
|
|t:|1633283605
|move|p1a: Hydreigon|Dark Pulse|p2a: Celesteela
|-damage|p2a: Celesteela|0 fnt
|faint|p2a: Celesteela
|
|upkeep
|
|t:|1633283614
|switch|p2a: Excadrill|Excadrill, F|63/100
|-damage|p2a: Excadrill|60/100|[from] Stealth Rock
|-ability|p2a: Excadrill|Mold Breaker
|turn|25
|c|☆gogole2021|maybe win
|
|t:|1633283623
|move|p1a: Hydreigon|Dark Pulse|p2a: Excadrill
|-crit|p2a: Excadrill
|-damage|p2a: Excadrill|0 fnt
|faint|p2a: Excadrill
|
|win|gogole2021
|raw|gogole2021's rating: 1320 &rarr; <strong>1347</strong><br />(+27 for winning)
|raw|Yellownoodle's rating: 1443 &rarr; <strong>1416</strong><br />(-27 for losing)
|l|☆Yellownoodle
||Ladder isn't responding, score probably updated but might not have (Request timeout).
