|j|☆Bamarah
|j|☆EtherealNero
|player|p1|Bamarah|eusine-gen2|1280
|player|p2|EtherealNero|248|1190
|teamsize|p1|6
|teamsize|p2|6
|gametype|singles
|gen|8
|tier|[Gen 8] UU
|rated|
|clearpoke
|poke|p1|Noivern, M|
|poke|p1|Gengar, M|
|poke|p1|Keldeo-Resolute|
|poke|p1|Darmanitan, M|
|poke|p1|Skarmory, M|
|poke|p1|Blissey, F|
|poke|p2|Gardevoir, F|
|poke|p2|Obstagoon, M|
|poke|p2|Druddigon, M|
|poke|p2|Tsareena, F|
|poke|p2|Sirfetch’d, F|
|poke|p2|Toxtricity, M|
|rule|Sleep Clause Mod: Limit one foe put to sleep
|rule|Species Clause: Limit one of each Pokémon
|rule|OHKO Clause: OHKO moves are banned
|rule|Evasion Moves Clause: Evasion moves are banned
|rule|Endless Battle Clause: Forcing endless battles is banned
|rule|HP Percentage Mod: HP is shown in percentages
|rule|Dynamax Clause: You cannot dynamax
|teampreview
|inactive|Battle timer is ON: inactive players will automatically lose when time's up. (requested by Bamarah)
|
|start
|switch|p1a: Darmanitan|Darmanitan, M, shiny|100/100
|switch|p2a: Vritra|Druddigon, M|100/100
|turn|1
|
|move|p1a: Darmanitan|U-turn|p2a: Vritra
|-damage|p2a: Vritra|73/100
|-damage|p1a: Darmanitan|88/100|[from] ability: Rough Skin|[of] p2a: Vritra
|-damage|p1a: Darmanitan|72/100|[from] item: Rocky Helmet|[of] p2a: Vritra
|
|switch|p1a: Noivern|Noivern, M, shiny|100/100|[from]move: U-turn
|move|p2a: Vritra|Glare|p1a: Noivern
|-status|p1a: Noivern|par
|
|upkeep
|turn|2
|
|switch|p1a: Keldeo|Keldeo-Resolute|100/100
|switch|p2a: Callista|Gardevoir, F|100/100
|-ability|p2a: Callista|Justified|[from] ability: Trace|[of] p1a: Keldeo
|
|upkeep
|turn|3
|
|switch|p1a: Blissey|Blissey, F, shiny|100/100
|move|p2a: Callista|Psyshock|p1a: Blissey
|-damage|p1a: Blissey|0 fnt
|faint|p1a: Blissey
|
|upkeep
|
|switch|p1a: Darmanitan|Darmanitan, M, shiny|72/100
|turn|4
|
|switch|p2a: Vritra|Druddigon, M|73/100
|move|p1a: Darmanitan|Flare Blitz|p2a: Vritra
|-resisted|p2a: Vritra
|-damage|p2a: Vritra|27/100
|-damage|p1a: Darmanitan|59/100|[from] ability: Rough Skin|[of] p2a: Vritra
|-damage|p1a: Darmanitan|43/100|[from] item: Rocky Helmet|[of] p2a: Vritra
|-damage|p1a: Darmanitan|27/100|[from] Recoil
|
|upkeep
|turn|5
|
|move|p1a: Darmanitan|Flare Blitz|p2a: Vritra
|-resisted|p2a: Vritra
|-damage|p2a: Vritra|0 fnt
|-damage|p1a: Darmanitan|15/100|[from] ability: Rough Skin|[of] p2a: Vritra
|-damage|p1a: Darmanitan|0 fnt|[from] item: Rocky Helmet|[of] p2a: Vritra
|faint|p2a: Vritra
|faint|p1a: Darmanitan
|
|upkeep
|
|switch|p1a: Keldeo|Keldeo-Resolute|100/100
|switch|p2a: Mastema|Toxtricity, M|100/100
|turn|6
|
|move|p1a: Keldeo|Surf|p2a: Mastema
|-damage|p2a: Mastema|11/100
|-damage|p1a: Keldeo|91/100|[from] item: Life Orb
|move|p2a: Mastema|Shift Gear|p2a: Mastema
|-boost|p2a: Mastema|spe|2
|-boost|p2a: Mastema|atk|1
|
|upkeep
|turn|7
|
|move|p1a: Keldeo|Aqua Jet|p2a: Mastema
|-damage|p2a: Mastema|0 fnt
|-damage|p1a: Keldeo|81/100|[from] item: Life Orb
|faint|p2a: Mastema
|
|upkeep
|
|switch|p2a: Artemisia|Tsareena, F|100/100
|turn|8
|c|☆Bamarah|lame ass set
|
|switch|p1a: Skarmory|Skarmory, M, shiny|100/100
|move|p2a: Artemisia|U-turn|p1a: Skarmory
|-resisted|p1a: Skarmory
|-damage|p1a: Skarmory|97/100
|
|switch|p2a: Callista|Gardevoir, F|100/100|[from]move: U-turn
|-ability|p2a: Callista|Sturdy|[from] ability: Trace|[of] p1a: Skarmory
|
|-heal|p1a: Skarmory|100/100|[from] item: Leftovers
|upkeep
|turn|9
|c|☆EtherealNero|lol k
|
|switch|p1a: Noivern|Noivern, M, shiny|100/100 par
|move|p2a: Callista|Mystical Fire|p1a: Noivern
|-resisted|p1a: Noivern
|-damage|p1a: Noivern|77/100 par
|-unboost|p1a: Noivern|spa|1
|
|upkeep
|turn|10
|
|switch|p2a: Emperor|Obstagoon, M|100/100
|cant|p1a: Noivern|par
|
|-status|p2a: Emperor|brn|[from] item: Flame Orb
|upkeep
|turn|11
|inactive|Bamarah has 120 seconds left.
|
|move|p2a: Emperor|Knock Off|p1a: Noivern
|-damage|p1a: Noivern|0 fnt
|-enditem|p1a: Noivern|Life Orb|[from] move: Knock Off|[of] p2a: Emperor
|faint|p1a: Noivern
|
|-damage|p2a: Emperor|94/100 brn|[from] brn
|upkeep
|inactive|Bamarah has 120 seconds left.
|
|switch|p1a: Keldeo|Keldeo-Resolute|81/100
|turn|12
|
|move|p2a: Emperor|Obstruct|p2a: Emperor
|-singleturn|p2a: Emperor|Protect
|move|p1a: Keldeo|Surf|p2a: Emperor
|-activate|p2a: Emperor|move: Protect
|
|-damage|p2a: Emperor|88/100 brn|[from] brn
|upkeep
|turn|13
|
|move|p1a: Keldeo|Secret Sword|p2a: Emperor
|-supereffective|p2a: Emperor
|-damage|p2a: Emperor|0 fnt
|-damage|p1a: Keldeo|71/100|[from] item: Life Orb
|faint|p2a: Emperor
|
|upkeep
|
|switch|p2a: Callista|Gardevoir, F|100/100
|-ability|p2a: Callista|Justified|[from] ability: Trace|[of] p1a: Keldeo
|turn|14
|
|move|p1a: Keldeo|Surf|p2a: Callista
|-damage|p2a: Callista|33/100
|-damage|p1a: Keldeo|61/100|[from] item: Life Orb
|move|p2a: Callista|Psyshock|p1a: Keldeo
|-supereffective|p1a: Keldeo
|-damage|p1a: Keldeo|0 fnt
|faint|p1a: Keldeo
|
|upkeep
|
|switch|p1a: Gengar|Gengar, M, shiny|100/100
|turn|15
|
|switch|p2a: Gran Javelin|Sirfetch’d, F|100/100
|move|p1a: Gengar|Shadow Ball|p2a: Gran Javelin
|-damage|p2a: Gran Javelin|35/100
|-damage|p1a: Gengar|91/100|[from] item: Life Orb
|
|upkeep
|turn|16
|
|move|p2a: Gran Javelin|First Impression|p1a: Gengar
|-resisted|p1a: Gengar
|-crit|p1a: Gengar
|-damage|p1a: Gengar|63/100
|-start|p2a: Gran Javelin|Disable|First Impression|[from] ability: Cursed Body|[of] p1a: Gengar
|move|p1a: Gengar|Psychic|p2a: Gran Javelin
|-supereffective|p2a: Gran Javelin
|-damage|p2a: Gran Javelin|0 fnt
|-damage|p1a: Gengar|53/100|[from] item: Life Orb
|faint|p2a: Gran Javelin
|
|upkeep
|
|switch|p2a: Artemisia|Tsareena, F|100/100
|turn|17
|
|move|p2a: Artemisia|Power Whip|p1a: Gengar|[miss]
|-miss|p2a: Artemisia|p1a: Gengar
|move|p1a: Gengar|Sludge Wave|p2a: Artemisia
|-supereffective|p2a: Artemisia
|-damage|p2a: Artemisia|0 fnt
|-damage|p1a: Gengar|43/100|[from] item: Life Orb
|faint|p2a: Artemisia
|
|upkeep
|-message|EtherealNero forfeited.
|
|win|Bamarah
|l|☆EtherealNero
|c|☆Bamarah|lol
|raw|Bamarah's rating: 1280 &rarr; <strong>1299</strong><br />(+19 for winning)
|raw|EtherealNero's rating: 1190 &rarr; <strong>1171</strong><br />(-19 for losing)
