|j|☆Tempest brute
|j|☆who is lilou
|t:|1664249332
|gametype|singles
|player|p1|Tempest brute|2|1593
|player|p2|who is lilou|lucas-gen4pt|1508
|teamsize|p1|6
|teamsize|p2|6
|gen|8
|tier|[Gen 8] UU
|rated|
|rule|Sleep Clause Mod: Limit one foe put to sleep
|rule|Species Clause: Limit one of each Pokémon
|rule|OHKO Clause: OHKO moves are banned
|rule|Evasion Items Clause: Evasion items are banned
|rule|Evasion Moves Clause: Evasion moves are banned
|rule|Endless Battle Clause: Forcing endless battles is banned
|rule|HP Percentage Mod: HP is shown in percentages
|rule|Dynamax Clause: You cannot dynamax
|clearpoke
|poke|p1|Skarmory, M|
|poke|p1|Hydreigon, F|
|poke|p1|Cresselia, F|
|poke|p1|Primarina, F|
|poke|p1|Golisopod, M|
|poke|p1|Thundurus-Therian, M|
|poke|p2|Salamence, F|
|poke|p2|Nidoqueen, F|
|poke|p2|Celebi|
|poke|p2|Scizor, M|
|poke|p2|Lucario, F|
|poke|p2|Raikou|
|teampreview
|
|t:|1664249345
|start
|switch|p1a: Golisopod|Golisopod, M|100/100
|switch|p2a: supreme|Scizor, M|100/100
|turn|1
|
|t:|1664249350
|move|p2a: supreme|U-turn|p1a: Golisopod
|-crit|p1a: Golisopod
|-damage|p1a: Golisopod|31/100
|-activate|p1a: Golisopod|ability: Emergency Exit
|
|t:|1664249355
|switch|p1a: Thundurus|Thundurus-Therian, M|100/100
|
|upkeep
|turn|2
|
|t:|1664249361
|move|p1a: Thundurus|Nasty Plot|p1a: Thundurus
|-boost|p1a: Thundurus|spa|2
|move|p2a: supreme|U-turn|p1a: Thundurus
|-resisted|p1a: Thundurus
|-damage|p1a: Thundurus|56/100
|inactive|Battle timer is ON: inactive players will automatically lose when time's up. (requested by Tempest brute)
|
|t:|1664249408
|switch|p2a: gender fluid|Nidoqueen, F|100/100|[from]move: U-turn
|
|upkeep
|turn|3
|
|t:|1664249412
|move|p1a: Thundurus|Psychic|p2a: gender fluid
|-supereffective|p2a: gender fluid
|-damage|p2a: gender fluid|0 fnt
|faint|p2a: gender fluid
|
|upkeep
|
|t:|1664249417
|switch|p2a: colgate|Raikou|100/100
|turn|4
|
|t:|1664249422
|move|p2a: colgate|Scald|p1a: Thundurus
|-damage|p1a: Thundurus|18/100
|move|p1a: Thundurus|Focus Blast|p2a: colgate|[miss]
|-miss|p1a: Thundurus|p2a: colgate
|
|upkeep
|turn|5
|
|t:|1664249430
|switch|p1a: Hydreigon|Hydreigon, F|100/100
|move|p2a: colgate|Scald|p1a: Hydreigon
|-resisted|p1a: Hydreigon
|-damage|p1a: Hydreigon|91/100
|
|-heal|p1a: Hydreigon|97/100|[from] item: Leftovers
|upkeep
|turn|6
|inactive|who is lilou has 120 seconds left.
|
|t:|1664249484
|move|p2a: colgate|Aura Sphere|p1a: Hydreigon
|-supereffective|p1a: Hydreigon
|-damage|p1a: Hydreigon|61/100
|move|p1a: Hydreigon|Thunder Wave|p2a: colgate
|-immune|p2a: colgate
|
|-heal|p1a: Hydreigon|68/100|[from] item: Leftovers
|upkeep
|turn|7
|
|t:|1664249492
|move|p2a: colgate|Volt Switch|p1a: Hydreigon
|-resisted|p1a: Hydreigon
|-damage|p1a: Hydreigon|56/100
|
|t:|1664249495
|switch|p2a: supreme|Scizor, M|100/100|[from]move: Volt Switch
|move|p1a: Hydreigon|Roost|p1a: Hydreigon
|-heal|p1a: Hydreigon|100/100
|-singleturn|p1a: Hydreigon|move: Roost
|
|upkeep
|turn|8
|
|t:|1664249501
|switch|p1a: Skarmory|Skarmory, M|100/100
|move|p2a: supreme|U-turn|p1a: Skarmory
|-resisted|p1a: Skarmory
|-damage|p1a: Skarmory|92/100
|-damage|p2a: supreme|84/100|[from] item: Rocky Helmet|[of] p1a: Skarmory
|
|t:|1664249519
|switch|p2a: colgate|Raikou|100/100|[from]move: U-turn
|
|upkeep
|turn|9
|
|t:|1664249531
|switch|p1a: Cresselia|Cresselia, F|100/100
|move|p2a: colgate|Scald|p1a: Cresselia
|-damage|p1a: Cresselia|85/100
|-status|p1a: Cresselia|brn
|
|-heal|p1a: Cresselia|91/100 brn|[from] item: Leftovers
|-damage|p1a: Cresselia|85/100 brn|[from] brn
|upkeep
|turn|10
|
|t:|1664249540
|switch|p2a: supreme|Scizor, M|84/100
|switch|p1a: Thundurus|Thundurus-Therian, M|18/100
|
|upkeep
|turn|11
|inactive|who is lilou has 120 seconds left.
|
|t:|1664249546
|switch|p1a: Skarmory|Skarmory, M|92/100
|move|p2a: supreme|Knock Off|p1a: Skarmory
|-damage|p1a: Skarmory|56/100
|-damage|p2a: supreme|68/100|[from] item: Rocky Helmet|[of] p1a: Skarmory
|-enditem|p1a: Skarmory|Rocky Helmet|[from] move: Knock Off|[of] p2a: supreme
|
|upkeep
|turn|12
|
|t:|1664249555
|switch|p2a: colgate|Raikou|100/100
|move|p1a: Skarmory|Roost|p1a: Skarmory
|-heal|p1a: Skarmory|100/100
|-singleturn|p1a: Skarmory|move: Roost
|
|upkeep
|turn|13
|inactive|who is lilou has 120 seconds left.
|
|t:|1664249571
|switch|p1a: Golisopod|Golisopod, M|31/100
|move|p2a: colgate|Volt Switch|p1a: Golisopod
|-supereffective|p1a: Golisopod
|-damage|p1a: Golisopod|0 fnt
|faint|p1a: Golisopod
|inactive|who is lilou has 120 seconds left.
|inactive|who is lilou has 90 seconds left.
|
|t:|1664249616
|switch|p2a: supreme|Scizor, M|68/100|[from]move: Volt Switch
|
|upkeep
|
|t:|1664249619
|switch|p1a: Skarmory|Skarmory, M|100/100
|turn|14
|
|t:|1664249622
|move|p2a: supreme|U-turn|p1a: Skarmory
|-resisted|p1a: Skarmory
|-damage|p1a: Skarmory|91/100
|inactive|who is lilou has 90 seconds left.
|
|t:|1664249644
|switch|p2a: mence|Salamence, F|100/100|[from]move: U-turn
|move|p1a: Skarmory|Spikes|p2a: mence
|-sidestart|p2: who is lilou|Spikes
|
|upkeep
|turn|15
|inactive|who is lilou has 90 seconds left.
|
|t:|1664249653
|move|p2a: mence|Fire Blast|p1a: Skarmory
|-supereffective|p1a: Skarmory
|-damage|p1a: Skarmory|15/100
|move|p1a: Skarmory|Body Press|p2a: mence
|-resisted|p2a: mence
|-damage|p2a: mence|83/100
|
|upkeep
|turn|16
|inactive|who is lilou has 90 seconds left.
|
|t:|1664249687
|move|p2a: mence|Fire Blast|p1a: Skarmory
|-supereffective|p1a: Skarmory
|-damage|p1a: Skarmory|0 fnt
|faint|p1a: Skarmory
|-ability|p2a: mence|Moxie|boost
|-boost|p2a: mence|atk|1
|
|upkeep
|
|t:|1664249689
|switch|p1a: Primarina|Primarina, F|100/100
|turn|17
|inactive|who is lilou has 60 seconds left.
|inactive|who is lilou has 30 seconds left.
|
|t:|1664249745
|move|p2a: mence|Dual Wingbeat|p1a: Primarina
|-damage|p1a: Primarina|66/100
|-damage|p1a: Primarina|35/100
|-hitcount|p1a: Primarina|2
|move|p1a: Primarina|Moonblast|p2a: mence
|-supereffective|p2a: mence
|-damage|p2a: mence|0 fnt
|faint|p2a: mence
|
|-heal|p1a: Primarina|41/100|[from] item: Leftovers
|upkeep
|inactive|who is lilou has 30 seconds left.
|
|t:|1664249760
|switch|p2a: supreme|Scizor, M|68/100
|-damage|p2a: supreme|55/100|[from] Spikes
|turn|18
|
|t:|1664249763
|move|p2a: supreme|Bullet Punch|p1a: Primarina
|-damage|p1a: Primarina|0 fnt
|faint|p1a: Primarina
|
|upkeep
|
|t:|1664249768
|switch|p1a: Hydreigon|Hydreigon, F|100/100
|turn|19
|
|t:|1664249776
|move|p2a: supreme|Bullet Punch|p1a: Hydreigon
|-damage|p1a: Hydreigon|55/100
|move|p1a: Hydreigon|Thunder Wave|p2a: supreme
|-status|p2a: supreme|par
|
|-heal|p1a: Hydreigon|61/100|[from] item: Leftovers
|upkeep
|turn|20
|
|t:|1664249784
|switch|p2a: colgate|Raikou|100/100
|move|p1a: Hydreigon|Roost|p1a: Hydreigon
|-heal|p1a: Hydreigon|100/100
|-singleturn|p1a: Hydreigon|move: Roost
|
|upkeep
|turn|21
|
|t:|1664249789
|move|p2a: colgate|Volt Switch|p1a: Hydreigon
|-resisted|p1a: Hydreigon
|-damage|p1a: Hydreigon|88/100
|
|t:|1664249793
|switch|p2a: supreme|Scizor, M|55/100 par|[from]move: Volt Switch
|-damage|p2a: supreme|43/100 par|[from] Spikes
|move|p1a: Hydreigon|Nasty Plot|p1a: Hydreigon
|-boost|p1a: Hydreigon|spa|2
|
|-heal|p1a: Hydreigon|95/100|[from] item: Leftovers
|upkeep
|turn|22
|
|t:|1664249802
|move|p2a: supreme|Bullet Punch|p1a: Hydreigon
|-damage|p1a: Hydreigon|41/100
|move|p1a: Hydreigon|Dark Pulse|p2a: supreme
|-damage|p2a: supreme|0 fnt
|faint|p2a: supreme
|
|-heal|p1a: Hydreigon|47/100|[from] item: Leftovers
|upkeep
|inactive|who is lilou has 60 seconds left.
|
|t:|1664249816
|switch|p2a: TIMETRAVELTHREAT|Celebi|100/100
|-damage|p2a: TIMETRAVELTHREAT|88/100|[from] Spikes
|turn|23
|
|t:|1664249821
|move|p2a: TIMETRAVELTHREAT|Dazzling Gleam|p1a: Hydreigon
|-supereffective|p1a: Hydreigon
|-damage|p1a: Hydreigon|0 fnt
|faint|p1a: Hydreigon
|
|-heal|p2a: TIMETRAVELTHREAT|94/100|[from] item: Leftovers
|upkeep
|
|t:|1664249825
|switch|p1a: Cresselia|Cresselia, F|85/100 brn
|turn|24
|
|t:|1664249829
|move|p2a: TIMETRAVELTHREAT|Nasty Plot|p2a: TIMETRAVELTHREAT
|-boost|p2a: TIMETRAVELTHREAT|spa|2
|move|p1a: Cresselia|Calm Mind|p1a: Cresselia
|-boost|p1a: Cresselia|spa|1
|-boost|p1a: Cresselia|spd|1
|
|-heal|p2a: TIMETRAVELTHREAT|100/100|[from] item: Leftovers
|-heal|p1a: Cresselia|91/100 brn|[from] item: Leftovers
|-damage|p1a: Cresselia|85/100 brn|[from] brn
|upkeep
|turn|25
|inactive|who is lilou has 90 seconds left.
|
|t:|1664249839
|move|p2a: TIMETRAVELTHREAT|Nasty Plot|p2a: TIMETRAVELTHREAT
|-boost|p2a: TIMETRAVELTHREAT|spa|2
|move|p1a: Cresselia|Calm Mind|p1a: Cresselia
|-boost|p1a: Cresselia|spa|1
|-boost|p1a: Cresselia|spd|1
|
|-heal|p1a: Cresselia|91/100 brn|[from] item: Leftovers
|-damage|p1a: Cresselia|85/100 brn|[from] brn
|upkeep
|turn|26
|inactive|who is lilou has 90 seconds left.
|
|t:|1664249851
|move|p2a: TIMETRAVELTHREAT|Giga Drain|p1a: Cresselia
|-damage|p1a: Cresselia|56/100 brn
|move|p1a: Cresselia|Ice Beam|p2a: TIMETRAVELTHREAT
|-supereffective|p2a: TIMETRAVELTHREAT
|-damage|p2a: TIMETRAVELTHREAT|28/100
|
|-heal|p2a: TIMETRAVELTHREAT|34/100|[from] item: Leftovers
|-heal|p1a: Cresselia|62/100 brn|[from] item: Leftovers
|-damage|p1a: Cresselia|56/100 brn|[from] brn
|upkeep
|turn|27
|inactive|who is lilou has 90 seconds left.
|
|t:|1664249862
|move|p2a: TIMETRAVELTHREAT|Giga Drain|p1a: Cresselia
|-damage|p1a: Cresselia|26/100 brn
|-heal|p2a: TIMETRAVELTHREAT|54/100|[from] drain|[of] p1a: Cresselia
|move|p1a: Cresselia|Moonlight|p1a: Cresselia
|-heal|p1a: Cresselia|76/100 brn
|
|-heal|p2a: TIMETRAVELTHREAT|60/100|[from] item: Leftovers
|-heal|p1a: Cresselia|82/100 brn|[from] item: Leftovers
|-damage|p1a: Cresselia|76/100 brn|[from] brn
|upkeep
|turn|28
|inactive|who is lilou has 90 seconds left.
|
|t:|1664249876
|move|p2a: TIMETRAVELTHREAT|Giga Drain|p1a: Cresselia
|-damage|p1a: Cresselia|46/100 brn
|-heal|p2a: TIMETRAVELTHREAT|80/100|[from] drain|[of] p1a: Cresselia
|move|p1a: Cresselia|Calm Mind|p1a: Cresselia
|-boost|p1a: Cresselia|spa|1
|-boost|p1a: Cresselia|spd|1
|
|-heal|p2a: TIMETRAVELTHREAT|86/100|[from] item: Leftovers
|-heal|p1a: Cresselia|52/100 brn|[from] item: Leftovers
|-damage|p1a: Cresselia|46/100 brn|[from] brn
|upkeep
|turn|29
|inactive|who is lilou has 90 seconds left.
|
|t:|1664249891
|move|p2a: TIMETRAVELTHREAT|Nasty Plot|p2a: TIMETRAVELTHREAT
|-boost|p2a: TIMETRAVELTHREAT|spa|2
|move|p1a: Cresselia|Moonlight|p1a: Cresselia
|-heal|p1a: Cresselia|96/100 brn
|
|-heal|p2a: TIMETRAVELTHREAT|92/100|[from] item: Leftovers
|-heal|p1a: Cresselia|100/100 brn|[from] item: Leftovers
|-damage|p1a: Cresselia|94/100 brn|[from] brn
|upkeep
|turn|30
|inactive|who is lilou has 90 seconds left.
|
|t:|1664249902
|move|p2a: TIMETRAVELTHREAT|Giga Drain|p1a: Cresselia
|-damage|p1a: Cresselia|62/100 brn
|-heal|p2a: TIMETRAVELTHREAT|100/100|[from] drain|[of] p1a: Cresselia
|move|p1a: Cresselia|Calm Mind|p1a: Cresselia
|-boost|p1a: Cresselia|spa|1
|-boost|p1a: Cresselia|spd|1
|
|-heal|p1a: Cresselia|68/100 brn|[from] item: Leftovers
|-damage|p1a: Cresselia|62/100 brn|[from] brn
|upkeep
|turn|31
|
|t:|1664249911
|move|p2a: TIMETRAVELTHREAT|Giga Drain|p1a: Cresselia
|-damage|p1a: Cresselia|37/100 brn
|move|p1a: Cresselia|Moonlight|p1a: Cresselia
|-heal|p1a: Cresselia|87/100 brn
|
|-heal|p1a: Cresselia|93/100 brn|[from] item: Leftovers
|-damage|p1a: Cresselia|87/100 brn|[from] brn
|upkeep
|turn|32
|inactive|who is lilou has 90 seconds left.
|
|t:|1664249930
|move|p2a: TIMETRAVELTHREAT|Giga Drain|p1a: Cresselia
|-damage|p1a: Cresselia|62/100 brn
|move|p1a: Cresselia|Ice Beam|p2a: TIMETRAVELTHREAT
|-supereffective|p2a: TIMETRAVELTHREAT
|-crit|p2a: TIMETRAVELTHREAT
|-damage|p2a: TIMETRAVELTHREAT|0 fnt
|faint|p2a: TIMETRAVELTHREAT
|
|-heal|p1a: Cresselia|68/100 brn|[from] item: Leftovers
|-damage|p1a: Cresselia|62/100 brn|[from] brn
|upkeep
|inactive|who is lilou has 90 seconds left.
|
|t:|1664249942
|switch|p2a: ive been forgotten|Lucario, F|100/100
|-damage|p2a: ive been forgotten|88/100|[from] Spikes
|turn|33
|inactive|who is lilou has 90 seconds left.
|inactive|who is lilou has 60 seconds left.
|
|t:|1664249987
|move|p2a: ive been forgotten|Meteor Mash|p1a: Cresselia
|-damage|p1a: Cresselia|32/100 brn
|-damage|p2a: ive been forgotten|78/100|[from] item: Life Orb
|move|p1a: Cresselia|Moonlight|p1a: Cresselia
|-heal|p1a: Cresselia|82/100 brn
|
|-heal|p1a: Cresselia|88/100 brn|[from] item: Leftovers
|-damage|p1a: Cresselia|82/100 brn|[from] brn
|upkeep
|turn|34
|
|t:|1664249996
|move|p2a: ive been forgotten|Swords Dance|p2a: ive been forgotten
|-boost|p2a: ive been forgotten|atk|2
|move|p1a: Cresselia|Psyshock|p2a: ive been forgotten
|-damage|p2a: ive been forgotten|0 fnt
|faint|p2a: ive been forgotten
|
|-heal|p1a: Cresselia|88/100 brn|[from] item: Leftovers
|-damage|p1a: Cresselia|82/100 brn|[from] brn
|upkeep
|c|☆who is lilou|gg
|c|☆Tempest brute|gg
|c|☆who is lilou|the bulk is real
|
|t:|1664250012
|switch|p2a: colgate|Raikou|100/100
|turn|35
|c|☆Tempest brute|cresselia is clutch
|
|t:|1664250016
|move|p2a: colgate|Thunderbolt|p1a: Cresselia
|-damage|p1a: Cresselia|73/100 brn
|move|p1a: Cresselia|Psyshock|p2a: colgate
|-damage|p2a: colgate|13/100
|
|-heal|p1a: Cresselia|79/100 brn|[from] item: Leftovers
|-damage|p1a: Cresselia|73/100 brn|[from] brn
|upkeep
|turn|36
|inactive|who is lilou has 60 seconds left.
|c|☆who is lilou|i mean
|c|☆who is lilou|how did np celebi lose to it
|c|☆who is lilou|i never considered it an issue
|c|☆Tempest brute|cresselia is built different
|
|t:|1664250046
|move|p2a: colgate|Thunderbolt|p1a: Cresselia
|-damage|p1a: Cresselia|64/100 brn
|move|p1a: Cresselia|Psyshock|p2a: colgate
|-damage|p2a: colgate|0 fnt
|faint|p2a: colgate
|
|win|Tempest brute
|raw|Tempest brute's rating: 1593 &rarr; <strong>1608</strong><br />(+15 for winning)
|raw|who is lilou's rating: 1508 &rarr; <strong>1493</strong><br />(-15 for losing)
|c|☆Tempest brute|takes 36% form nasty plot azelf
|c|☆Tempest brute|+2
|c|☆who is lilou|nice team
|c|☆who is lilou|gl
|c|☆Tempest brute|thanks
|c|☆Tempest brute|you too
|c|☆Tempest brute|running a lot of ru mons in one team
||Ladder isn't responding, score probably updated but might not have (Request timeout).
