|j|☆Fairlumbo
|j|☆Persona111
|t:|1609301357
|player|p1|Fairlumbo|pokemonranger|1370
|player|p2|Persona111|bruno|1316
|teamsize|p1|6
|teamsize|p2|6
|gametype|singles
|gen|8
|tier|[Gen 8] UU
|rated|
|clearpoke
|poke|p1|Doublade, F|
|poke|p1|Krookodile, M|
|poke|p1|Keldeo-Resolute|
|poke|p1|Latias, F|
|poke|p1|Tangrowth, M|
|poke|p1|Rotom-Heat|
|poke|p2|Gyarados, F|
|poke|p2|Mew|
|poke|p2|Incineroar, F|
|poke|p2|Porygon-Z|
|poke|p2|Nidoqueen, F|
|poke|p2|Grimmsnarl, M|
|rule|Sleep Clause Mod: Limit one foe put to sleep
|rule|Species Clause: Limit one of each Pokémon
|rule|OHKO Clause: OHKO moves are banned
|rule|Evasion Moves Clause: Evasion moves are banned
|rule|Endless Battle Clause: Forcing endless battles is banned
|rule|HP Percentage Mod: HP is shown in percentages
|rule|Dynamax Clause: You cannot dynamax
|teampreview
|
|t:|1609301366
|start
|switch|p1a: Keldeo|Keldeo-Resolute|100/100
|switch|p2a: Mew|Mew|100/100
|turn|1
|
|t:|1609301377
|move|p1a: Keldeo|Hydro Pump|p2a: Mew|[miss]
|-miss|p1a: Keldeo|p2a: Mew
|move|p2a: Mew|Stealth Rock|p1a: Keldeo
|-sidestart|p1: Fairlumbo|move: Stealth Rock
|
|upkeep
|turn|2
|
|t:|1609301384
|move|p1a: Keldeo|Hydro Pump|p2a: Mew|[miss]
|-miss|p1a: Keldeo|p2a: Mew
|move|p2a: Mew|Spikes|p1a: Keldeo
|-sidestart|p1: Fairlumbo|Spikes
|
|upkeep
|turn|3
|
|t:|1609301387
|move|p1a: Keldeo|Hydro Pump|p2a: Mew
|-damage|p2a: Mew|67/100
|move|p2a: Mew|Spikes|p1a: Keldeo
|-sidestart|p1: Fairlumbo|Spikes
|
|-heal|p2a: Mew|73/100|[from] item: Leftovers
|upkeep
|turn|4
|
|t:|1609301396
|switch|p1a: Rotom|Rotom-Heat|100/100
|move|p2a: Mew|Spikes|p1a: Rotom
|-sidestart|p1: Fairlumbo|Spikes
|
|-heal|p2a: Mew|79/100|[from] item: Leftovers
|upkeep
|turn|5
|
|t:|1609301401
|move|p1a: Rotom|Volt Switch|p2a: Mew
|-damage|p2a: Mew|63/100
|
|t:|1609301405
|switch|p1a: Latias|Latias, F|100/100|[from]move: Volt Switch
|-damage|p1a: Latias|88/100|[from] Stealth Rock
|move|p2a: Mew|U-turn|p1a: Latias
|-supereffective|p1a: Latias
|-damage|p1a: Latias|50/100
|
|t:|1609301415
|switch|p2a: Incineroar|Incineroar, F|100/100|[from]move: U-turn
|-ability|p2a: Incineroar|Intimidate|boost
|-unboost|p1a: Latias|atk|1
|
|upkeep
|turn|6
|
|t:|1609301422
|move|p1a: Latias|Defog|p2a: Incineroar
|-unboost|p2a: Incineroar|evasion|1
|-sideend|p1: Fairlumbo|Spikes|[from] move: Defog|[of] p1a: Latias
|-sideend|p1: Fairlumbo|Stealth Rock|[from] move: Defog|[of] p1a: Latias
|move|p2a: Incineroar|Knock Off|p1a: Latias
|-supereffective|p1a: Latias
|-damage|p1a: Latias|0 fnt
|-enditem|p1a: Latias|Life Orb|[from] move: Knock Off|[of] p2a: Incineroar
|faint|p1a: Latias
|
|upkeep
|
|t:|1609301428
|switch|p1a: Keldeo|Keldeo-Resolute|100/100
|turn|7
|
|t:|1609301437
|switch|p2a: Gyarados|Gyarados, F|100/100
|move|p1a: Keldeo|Hydro Pump|p2a: Gyarados|[miss]
|-miss|p1a: Keldeo|p2a: Gyarados
|
|upkeep
|turn|8
|
|t:|1609301443
|switch|p1a: Tangrowth|Tangrowth, M|100/100
|move|p2a: Gyarados|Dragon Dance|p2a: Gyarados
|-boost|p2a: Gyarados|atk|1
|-boost|p2a: Gyarados|spe|1
|
|upkeep
|turn|9
|
|t:|1609301449
|switch|p1a: Krookodile|Krookodile, M|100/100
|-ability|p1a: Krookodile|Intimidate|boost
|-unboost|p2a: Gyarados|atk|1
|move|p2a: Gyarados|Ice Fang|p1a: Krookodile
|-supereffective|p1a: Krookodile
|-crit|p1a: Krookodile
|-damage|p1a: Krookodile|4/100
|
|upkeep
|turn|10
|
|t:|1609301457
|move|p2a: Gyarados|Dragon Dance|p2a: Gyarados
|-boost|p2a: Gyarados|atk|1
|-boost|p2a: Gyarados|spe|1
|move|p1a: Krookodile|Knock Off|p2a: Gyarados
|-damage|p2a: Gyarados|44/100
|-enditem|p2a: Gyarados|Heavy-Duty Boots|[from] move: Knock Off|[of] p1a: Krookodile
|
|upkeep
|turn|11
|
|t:|1609301464
|move|p2a: Gyarados|Waterfall|p1a: Krookodile
|-supereffective|p1a: Krookodile
|-damage|p1a: Krookodile|0 fnt
|faint|p1a: Krookodile
|-ability|p2a: Gyarados|Moxie|boost
|-boost|p2a: Gyarados|atk|1
|
|upkeep
|
|t:|1609301471
|switch|p1a: Doublade|Doublade, F|100/100
|turn|12
|
|t:|1609301474
|move|p2a: Gyarados|Waterfall|p1a: Doublade
|-damage|p1a: Doublade|60/100
|move|p1a: Doublade|Swords Dance|p1a: Doublade
|-boost|p1a: Doublade|atk|2
|
|upkeep
|turn|13
|
|t:|1609301479
|move|p1a: Doublade|Shadow Sneak|p2a: Gyarados
|-crit|p2a: Gyarados
|-damage|p2a: Gyarados|0 fnt
|faint|p2a: Gyarados
|
|upkeep
|
|t:|1609301483
|switch|p2a: Incineroar|Incineroar, F|100/100
|-ability|p2a: Incineroar|Intimidate|boost
|-unboost|p1a: Doublade|atk|1
|turn|14
|
|t:|1609301493
|switch|p1a: Keldeo|Keldeo-Resolute|100/100
|move|p2a: Incineroar|Knock Off|p1a: Keldeo
|-resisted|p1a: Keldeo
|-damage|p1a: Keldeo|69/100
|-ability|p1a: Keldeo|Justified|boost
|-boost|p1a: Keldeo|atk|1
|-enditem|p1a: Keldeo|Choice Scarf|[from] move: Knock Off|[of] p2a: Incineroar
|
|upkeep
|turn|15
|
|t:|1609301501
|switch|p2a: Mew|Mew|63/100
|move|p1a: Keldeo|Hydro Pump|p2a: Mew
|-damage|p2a: Mew|30/100
|
|-heal|p2a: Mew|37/100|[from] item: Leftovers
|upkeep
|turn|16
|
|t:|1609301512
|move|p1a: Keldeo|Hydro Pump|p2a: Mew
|-damage|p2a: Mew|0 fnt
|faint|p2a: Mew
|
|upkeep
|
|t:|1609301515
|switch|p2a: Porygon-Z|Porygon-Z|100/100
|turn|17
|
|t:|1609301523
|move|p2a: Porygon-Z|Thunder Wave|p1a: Keldeo
|-status|p1a: Keldeo|par
|move|p1a: Keldeo|Secret Sword|p2a: Porygon-Z
|-supereffective|p2a: Porygon-Z
|-damage|p2a: Porygon-Z|0 fnt
|faint|p2a: Porygon-Z
|
|upkeep
|
|t:|1609301536
|switch|p2a: Nidoqueen|Nidoqueen, F|100/100
|turn|18
|
|t:|1609301541
|move|p2a: Nidoqueen|Sludge Wave|p1a: Keldeo
|-damage|p1a: Keldeo|13/100 par
|cant|p1a: Keldeo|par
|
|upkeep
|turn|19
|
|t:|1609301546
|move|p2a: Nidoqueen|Sludge Wave|p1a: Keldeo
|-damage|p1a: Keldeo|0 fnt
|faint|p1a: Keldeo
|
|upkeep
|
|t:|1609301552
|switch|p1a: Rotom|Rotom-Heat|100/100
|turn|20
|
|t:|1609301561
|switch|p2a: Grimmsnarl|Grimmsnarl, M|100/100
|move|p1a: Rotom|Overheat|p2a: Grimmsnarl
|-crit|p2a: Grimmsnarl
|-damage|p2a: Grimmsnarl|50/100
|-unboost|p1a: Rotom|spa|2
|
|upkeep
|turn|21
|
|t:|1609301567
|move|p2a: Grimmsnarl|Light Screen|p2a: Grimmsnarl
|-sidestart|p2: Persona111|move: Light Screen
|move|p1a: Rotom|Toxic|p2a: Grimmsnarl
|-status|p2a: Grimmsnarl|tox
|
|-damage|p2a: Grimmsnarl|44/100 tox|[from] psn
|upkeep
|turn|22
|
|t:|1609301572
|switch|p1a: Tangrowth|Tangrowth, M|100/100
|move|p2a: Grimmsnarl|Reflect|p2a: Grimmsnarl
|-sidestart|p2: Persona111|Reflect
|
|-damage|p2a: Grimmsnarl|32/100 tox|[from] psn
|upkeep
|turn|23
|
|t:|1609301575
|move|p2a: Grimmsnarl|Thunder Wave|p1a: Tangrowth|[miss]
|-miss|p2a: Grimmsnarl|p1a: Tangrowth
|move|p1a: Tangrowth|Knock Off|p2a: Grimmsnarl
|-resisted|p2a: Grimmsnarl
|-damage|p2a: Grimmsnarl|28/100 tox
|-enditem|p2a: Grimmsnarl|Light Clay|[from] move: Knock Off|[of] p1a: Tangrowth
|
|-damage|p2a: Grimmsnarl|10/100 tox|[from] psn
|upkeep
|turn|24
|
|t:|1609301579
|switch|p1a: Rotom|Rotom-Heat|100/100
|move|p2a: Grimmsnarl|Thunder Wave|p1a: Rotom
|-immune|p1a: Rotom
|
|-damage|p2a: Grimmsnarl|0 fnt|[from] psn
|faint|p2a: Grimmsnarl
|upkeep
|
|t:|1609301583
|switch|p2a: Nidoqueen|Nidoqueen, F|100/100
|turn|25
|
|t:|1609301587
|switch|p1a: Doublade|Doublade, F|60/100
|move|p2a: Nidoqueen|Sludge Wave|p1a: Doublade
|-immune|p1a: Doublade
|
|upkeep
|turn|26
|
|t:|1609301592
|switch|p1a: Rotom|Rotom-Heat|100/100
|move|p2a: Nidoqueen|Earth Power|p1a: Rotom
|-immune|p1a: Rotom|[from] ability: Levitate
|
|upkeep
|turn|27
|
|t:|1609301596
|move|p1a: Rotom|Overheat|p2a: Nidoqueen
|-damage|p2a: Nidoqueen|83/100
|-unboost|p1a: Rotom|spa|2
|move|p2a: Nidoqueen|Earth Power|p1a: Rotom
|-immune|p1a: Rotom|[from] ability: Levitate
|
|upkeep
|turn|28
|
|t:|1609301599
|switch|p1a: Tangrowth|Tangrowth, M|100/100
|move|p2a: Nidoqueen|Sludge Wave|p1a: Tangrowth
|-supereffective|p1a: Tangrowth
|-damage|p1a: Tangrowth|37/100
|
|-sideend|p2: Persona111|move: Light Screen
|upkeep
|turn|29
|
|t:|1609301605
|switch|p1a: Doublade|Doublade, F|60/100
|move|p2a: Nidoqueen|Fire Blast|p1a: Doublade
|-supereffective|p1a: Doublade
|-damage|p1a: Doublade|0 fnt
|faint|p1a: Doublade
|
|-sideend|p2: Persona111|Reflect
|upkeep
|
|t:|1609301610
|switch|p1a: Rotom|Rotom-Heat|100/100
|turn|30
|
|t:|1609301614
|move|p1a: Rotom|Overheat|p2a: Nidoqueen
|-damage|p2a: Nidoqueen|52/100
|-unboost|p1a: Rotom|spa|2
|move|p2a: Nidoqueen|Sludge Wave|p1a: Rotom
|-damage|p1a: Rotom|61/100
|
|upkeep
|turn|31
|
|t:|1609301619
|move|p1a: Rotom|Overheat|p2a: Nidoqueen
|-damage|p2a: Nidoqueen|34/100
|-unboost|p1a: Rotom|spa|2
|move|p2a: Nidoqueen|Sludge Wave|p1a: Rotom
|-damage|p1a: Rotom|14/100
|
|upkeep
|turn|32
|
|t:|1609301621
|move|p1a: Rotom|Overheat|p2a: Nidoqueen
|-damage|p2a: Nidoqueen|23/100
|-unboost|p1a: Rotom|spa|2
|move|p2a: Nidoqueen|Sludge Wave|p1a: Rotom
|-damage|p1a: Rotom|0 fnt
|faint|p1a: Rotom
|
|upkeep
|
|t:|1609301624
|switch|p1a: Tangrowth|Tangrowth, M|70/100
|turn|33
|
|t:|1609301626
|move|p2a: Nidoqueen|Sludge Wave|p1a: Tangrowth
|-supereffective|p1a: Tangrowth
|-damage|p1a: Tangrowth|4/100
|move|p1a: Tangrowth|Earthquake|p2a: Nidoqueen
|-supereffective|p2a: Nidoqueen
|-damage|p2a: Nidoqueen|0 fnt
|faint|p2a: Nidoqueen
|
|upkeep
|
|t:|1609301629
|switch|p2a: Incineroar|Incineroar, F|100/100
|-ability|p2a: Incineroar|Intimidate|boost
|-unboost|p1a: Tangrowth|atk|1
|turn|34
|
|t:|1609301631
|move|p2a: Incineroar|Fake Out|p1a: Tangrowth
|-damage|p1a: Tangrowth|0 fnt
|faint|p1a: Tangrowth
|
|win|Persona111
|c|☆Persona111|gg
|c|☆Fairlumbo|gg
|raw|Fairlumbo's rating: 1370 &rarr; <strong>1347</strong><br />(-23 for losing)
|raw|Persona111's rating: 1316 &rarr; <strong>1339</strong><br />(+23 for winning)
|l|☆Fairlumbo
