|j|☆Low Ladder Terror
|j|☆lilmaq
|t:|1606708577
|player|p1|Low Ladder Terror|teamrocket|
|player|p2|lilmaq|beauty-gen4dp|
|teamsize|p1|6
|teamsize|p2|6
|gametype|singles
|gen|8
|tier|[Gen 8] UU
|rated|Tournament battle
|clearpoke
|poke|p1|Latias, F|
|poke|p1|Scizor, F|
|poke|p1|Tentacruel, F|
|poke|p1|Hippowdon, F|
|poke|p1|Zarude|
|poke|p1|Hatterene, F|
|poke|p2|Primarina, M|
|poke|p2|Scizor, F|
|poke|p2|Nihilego|
|poke|p2|Moltres-Galar|
|poke|p2|Mamoswine, F|
|poke|p2|Volcanion|
|rule|Sleep Clause Mod: Limit one foe put to sleep
|rule|Species Clause: Limit one of each Pokémon
|rule|OHKO Clause: OHKO moves are banned
|rule|Evasion Moves Clause: Evasion moves are banned
|rule|Endless Battle Clause: Forcing endless battles is banned
|rule|HP Percentage Mod: HP is shown in percentages
|rule|Dynamax Clause: You cannot dynamax
|teampreview
|inactive|Battle timer is ON: inactive players will automatically lose when time's up. (requested by Low Ladder Terror)
|j| AceSinner
|j| thatgirlgreyc
|inactive|Low Ladder Terror has 120 seconds left.
|
|t:|1606708614
|start
|switch|p1a: Scizor|Scizor, F|100/100
|switch|p2a: Mamoswine|Mamoswine, F|100/100
|turn|1
|
|t:|1606708624
|move|p1a: Scizor|Bullet Punch|p2a: Mamoswine
|-supereffective|p2a: Mamoswine
|-damage|p2a: Mamoswine|24/100
|move|p2a: Mamoswine|Knock Off|p1a: Scizor
|-damage|p1a: Scizor|56/100
|-enditem|p1a: Scizor|Leftovers|[from] move: Knock Off|[of] p2a: Mamoswine
|-damage|p2a: Mamoswine|14/100|[from] item: Life Orb
|
|upkeep
|turn|2
|j| Totem skarm
|
|t:|1606708636
|switch|p2a: Volcanion|Volcanion|100/100
|move|p1a: Scizor|Bullet Punch|p2a: Volcanion
|-resisted|p2a: Volcanion
|-damage|p2a: Volcanion|93/100
|
|upkeep
|turn|3
|
|t:|1606708650
|switch|p1a: Latias|Latias, F|100/100
|move|p2a: Volcanion|Flamethrower|p1a: Latias
|-resisted|p1a: Latias
|-damage|p1a: Latias|78/100
|
|upkeep
|turn|4
|j| jojoreference4444
|
|t:|1606708660
|switch|p2a: Scizor|Scizor, F|100/100
|move|p1a: Latias|Psyshock|p2a: Scizor
|-resisted|p2a: Scizor
|-damage|p2a: Scizor|75/100
|-damage|p1a: Latias|68/100|[from] item: Life Orb
|
|-heal|p2a: Scizor|81/100|[from] item: Leftovers
|upkeep
|turn|5
|j| Life Letters
|
|t:|1606708665
|move|p1a: Latias|Mystical Fire|p2a: Scizor
|-supereffective|p2a: Scizor
|-damage|p2a: Scizor|0 fnt
|-damage|p1a: Latias|58/100|[from] item: Life Orb
|faint|p2a: Scizor
|
|upkeep
|
|t:|1606708677
|switch|p2a: Primarina|Primarina, M|100/100
|turn|6
|
|t:|1606708684
|switch|p1a: Tentacruel|Tentacruel, F|100/100
|move|p2a: Primarina|Calm Mind|p2a: Primarina
|-boost|p2a: Primarina|spa|1
|-boost|p2a: Primarina|spd|1
|
|upkeep
|turn|7
|
|t:|1606708702
|move|p1a: Tentacruel|Knock Off|p2a: Primarina
|-resisted|p2a: Primarina
|-damage|p2a: Primarina|95/100
|-enditem|p2a: Primarina|Leftovers|[from] move: Knock Off|[of] p1a: Tentacruel
|move|p2a: Primarina|Substitute|p2a: Primarina
|-start|p2a: Primarina|Substitute
|-damage|p2a: Primarina|70/100
|
|upkeep
|turn|8
|j| ObeeseSlug
|
|t:|1606708721
|switch|p1a: Zarude|Zarude|100/100
|move|p2a: Primarina|Scald|p1a: Zarude
|-resisted|p1a: Zarude
|-damage|p1a: Zarude|75/100
|
|upkeep
|turn|9
|
|t:|1606708727
|move|p1a: Zarude|U-turn|p2a: Primarina
|-resisted|p2a: Primarina
|-activate|p2a: Primarina|move: Substitute|[damage]
|
|t:|1606708730
|switch|p1a: Tentacruel|Tentacruel, F|100/100|[from]move: U-turn
|move|p2a: Primarina|Draining Kiss|p1a: Tentacruel
|-resisted|p1a: Tentacruel
|-damage|p1a: Tentacruel|89/100
|-damage|p2a: Primarina|61/100|[from] ability: Liquid Ooze|[of] p1a: Tentacruel
|
|-heal|p1a: Tentacruel|95/100|[from] item: Black Sludge
|upkeep
|turn|10
|
|t:|1606708737
|move|p1a: Tentacruel|Scald|p2a: Primarina
|-resisted|p2a: Primarina
|-crit|p2a: Primarina
|-activate|p2a: Primarina|move: Substitute|[damage]
|move|p2a: Primarina|Scald|p1a: Tentacruel
|-resisted|p1a: Tentacruel
|-damage|p1a: Tentacruel|75/100
|-status|p1a: Tentacruel|brn
|
|-heal|p1a: Tentacruel|82/100 brn|[from] item: Black Sludge
|-damage|p1a: Tentacruel|75/100 brn|[from] brn
|upkeep
|turn|11
|
|t:|1606708746
|move|p1a: Tentacruel|Scald|p2a: Primarina
|-resisted|p2a: Primarina
|-end|p2a: Primarina|Substitute
|move|p2a: Primarina|Calm Mind|p2a: Primarina
|-boost|p2a: Primarina|spa|1
|-boost|p2a: Primarina|spd|1
|
|-heal|p1a: Tentacruel|82/100 brn|[from] item: Black Sludge
|-damage|p1a: Tentacruel|75/100 brn|[from] brn
|upkeep
|turn|12
|
|t:|1606708754
|move|p1a: Tentacruel|Scald|p2a: Primarina
|-resisted|p2a: Primarina
|-damage|p2a: Primarina|57/100
|move|p2a: Primarina|Substitute|p2a: Primarina
|-start|p2a: Primarina|Substitute
|-damage|p2a: Primarina|32/100
|
|-heal|p1a: Tentacruel|82/100 brn|[from] item: Black Sludge
|-damage|p1a: Tentacruel|75/100 brn|[from] brn
|upkeep
|turn|13
|l| jojoreference4444
|inactive|Low Ladder Terror has 120 seconds left.
|l| Life Letters
|
|t:|1606708796
|move|p1a: Tentacruel|Toxic Spikes|p2a: Primarina
|-sidestart|p2: lilmaq|move: Toxic Spikes
|move|p2a: Primarina|Scald|p1a: Tentacruel
|-resisted|p1a: Tentacruel
|-damage|p1a: Tentacruel|33/100 brn
|
|-heal|p1a: Tentacruel|39/100 brn|[from] item: Black Sludge
|-damage|p1a: Tentacruel|33/100 brn|[from] brn
|upkeep
|turn|14
|
|t:|1606708806
|move|p1a: Tentacruel|Scald|p2a: Primarina
|-resisted|p2a: Primarina
|-activate|p2a: Primarina|move: Substitute|[damage]
|move|p2a: Primarina|Scald|p1a: Tentacruel
|-resisted|p1a: Tentacruel
|-damage|p1a: Tentacruel|0 fnt
|faint|p1a: Tentacruel
|
|upkeep
|
|t:|1606708816
|switch|p1a: Scizor|Scizor, F|56/100
|turn|15
|
|t:|1606708824
|move|p1a: Scizor|Bullet Punch|p2a: Primarina
|-end|p2a: Primarina|Substitute
|move|p2a: Primarina|Scald|p1a: Scizor
|-damage|p1a: Scizor|0 fnt
|faint|p1a: Scizor
|
|upkeep
|
|t:|1606708837
|switch|p1a: Latias|Latias, F|58/100
|turn|16
|l| ObeeseSlug
|
|t:|1606708848
|switch|p2a: Moltres|Moltres-Galar|100/100
|move|p1a: Latias|Psyshock|p2a: Moltres
|-immune|p2a: Moltres
|
|upkeep
|turn|17
|j| Mygrein ⌐㋛_㋡
|inactive|Low Ladder Terror has 120 seconds left.
|
|t:|1606708871
|move|p1a: Latias|Mystical Fire|p2a: Moltres
|-damage|p2a: Moltres|76/100
|-unboost|p2a: Moltres|spa|1
|-damage|p1a: Latias|48/100|[from] item: Life Orb
|move|p2a: Moltres|Fiery Wrath|p1a: Latias
|-supereffective|p1a: Latias
|-damage|p1a: Latias|0 fnt
|faint|p1a: Latias
|
|upkeep
|
|t:|1606708878
|switch|p1a: Hatterene|Hatterene, F|100/100
|turn|18
|
|t:|1606708884
|move|p2a: Moltres|Taunt|p1a: Hatterene
|move|p1a: Hatterene|Taunt|p2a: Moltres|[from]ability: Magic Bounce
|-start|p2a: Moltres|move: Taunt
|move|p1a: Hatterene|Calm Mind|p1a: Hatterene
|-boost|p1a: Hatterene|spa|1
|-boost|p1a: Hatterene|spd|1
|
|upkeep
|turn|19
|c|☆lilmaq|oops
|
|t:|1606708902
|move|p2a: Moltres|Hurricane|p1a: Hatterene
|-damage|p1a: Hatterene|76/100
|-start|p1a: Hatterene|confusion
|-activate|p1a: Hatterene|confusion
|-damage|p1a: Hatterene|70/100|[from] confusion
|
|-heal|p1a: Hatterene|76/100|[from] item: Leftovers
|upkeep
|turn|20
|
|t:|1606708918
|switch|p2a: Mamoswine|Mamoswine, F|14/100
|-status|p2a: Mamoswine|psn
|-activate|p1a: Hatterene|confusion
|move|p1a: Hatterene|Calm Mind|p1a: Hatterene
|-boost|p1a: Hatterene|spa|1
|-boost|p1a: Hatterene|spd|1
|
|-heal|p1a: Hatterene|82/100|[from] item: Leftovers
|-damage|p2a: Mamoswine|2/100 psn|[from] psn
|upkeep
|turn|21
|
|t:|1606708932
|switch|p1a: Hippowdon|Hippowdon, F, shiny|100/100
|-weather|Sandstorm|[from] ability: Sand Stream|[of] p1a: Hippowdon
|move|p2a: Mamoswine|Knock Off|p1a: Hippowdon
|-damage|p1a: Hippowdon|77/100
|-damage|p2a: Mamoswine|0 fnt|[from] item: Rocky Helmet|[of] p1a: Hippowdon
|faint|p2a: Mamoswine
|
|-weather|Sandstorm|[upkeep]
|upkeep
|
|t:|1606708939
|switch|p2a: Nihilego|Nihilego|100/100
|-sideend|p2: lilmaq|move: Toxic Spikes|[of] p2a: Nihilego
|turn|22
|
|t:|1606708946
|move|p2a: Nihilego|Grass Knot|p1a: Hippowdon
|-supereffective|p1a: Hippowdon
|-damage|p1a: Hippowdon|0 fnt
|-damage|p2a: Nihilego|84/100|[from] item: Rocky Helmet|[of] p1a: Hippowdon
|faint|p1a: Hippowdon
|-ability|p2a: Nihilego|Beast Boost|boost
|-boost|p2a: Nihilego|spa|1
|
|-weather|Sandstorm|[upkeep]
|upkeep
|
|t:|1606708973
|switch|p1a: Zarude|Zarude|75/100
|turn|23
|
|t:|1606708986
|move|p1a: Zarude|U-turn|p2a: Nihilego
|-resisted|p2a: Nihilego
|-damage|p2a: Nihilego|65/100
|
|t:|1606708990
|switch|p1a: Hatterene|Hatterene, F|82/100|[from]move: U-turn
|move|p2a: Nihilego|Sludge Wave|p1a: Hatterene
|-supereffective|p1a: Hatterene
|-damage|p1a: Hatterene|0 fnt
|faint|p1a: Hatterene
|-ability|p2a: Nihilego|Beast Boost|boost
|-boost|p2a: Nihilego|spa|1
|
|-weather|Sandstorm|[upkeep]
|upkeep
|c|☆Low Ladder Terror|gg
|-message|Low Ladder Terror forfeited.
|
|win|lilmaq
