|j|☆Corporate Donkey
|j|☆Hydreigon > Latias
|t:|1663857720
|gametype|singles
|player|p1|Corporate Donkey|ingo|1484
|player|p2|Hydreigon > Latias|guitarist|1485
|teamsize|p1|6
|teamsize|p2|6
|gen|8
|tier|[Gen 8] UU
|rated|
|rule|Sleep Clause Mod: Limit one foe put to sleep
|rule|Species Clause: Limit one of each Pokémon
|rule|OHKO Clause: OHKO moves are banned
|rule|Evasion Items Clause: Evasion items are banned
|rule|Evasion Moves Clause: Evasion moves are banned
|rule|Endless Battle Clause: Forcing endless battles is banned
|rule|HP Percentage Mod: HP is shown in percentages
|rule|Dynamax Clause: You cannot dynamax
|clearpoke
|poke|p1|Talonflame, F|
|poke|p1|Excadrill, F|
|poke|p1|Azelf|
|poke|p1|Gyarados, M|
|poke|p1|Celesteela|
|poke|p1|Nihilego|
|poke|p2|Hippowdon, F|
|poke|p2|Roserade, F|
|poke|p2|Cobalion|
|poke|p2|Thundurus-Therian, M|
|poke|p2|Hydreigon, F|
|poke|p2|Slowking, F|
|teampreview
|c|☆Corporate Donkey|gl hf
|
|t:|1663857731
|start
|switch|p1a: Excadrill|Excadrill, F|100/100
|switch|p2a: 100% of pure fat|Hippowdon, F|100/100
|-ability|p1a: Excadrill|Mold Breaker
|turn|1
|c|☆Hydreigon > Latias|pog talon HO
|
|t:|1663857740
|move|p1a: Excadrill|Stealth Rock|p2a: 100% of pure fat
|-sidestart|p2: Hydreigon > Latias|move: Stealth Rock
|move|p2a: 100% of pure fat|Earthquake|p1a: Excadrill
|-supereffective|p1a: Excadrill
|-enditem|p1a: Excadrill|Focus Sash
|-damage|p1a: Excadrill|1/100
|
|upkeep
|turn|2
|
|t:|1663857747
|move|p1a: Excadrill|Earthquake|p2a: 100% of pure fat
|-damage|p2a: 100% of pure fat|70/100
|move|p2a: 100% of pure fat|Stealth Rock|p1a: Excadrill
|-sidestart|p1: Corporate Donkey|move: Stealth Rock
|
|-heal|p2a: 100% of pure fat|76/100|[from] item: Leftovers
|upkeep
|turn|3
|
|t:|1663857751
|switch|p2a: santa the goat|Cobalion|100/100
|-damage|p2a: santa the goat|97/100|[from] Stealth Rock
|move|p1a: Excadrill|Rapid Spin|p2a: santa the goat
|-resisted|p2a: santa the goat
|-damage|p2a: santa the goat|89/100
|-boost|p1a: Excadrill|spe|1
|-damage|p1a: Excadrill|0 fnt|[from] item: Rocky Helmet|[of] p2a: santa the goat
|faint|p1a: Excadrill
|
|upkeep
|
|t:|1663857772
|switch|p1a: Azelf|Azelf|100/100
|-damage|p1a: Azelf|88/100|[from] Stealth Rock
|turn|4
|
|t:|1663857783
|switch|p2a: flash!flash!flash!|Slowking, F|100/100
|-damage|p2a: flash!flash!flash!|88/100|[from] Stealth Rock
|move|p1a: Azelf|Dazzling Gleam|p2a: flash!flash!flash!
|-damage|p2a: flash!flash!flash!|67/100
|
|upkeep
|turn|5
|
|t:|1663857789
|move|p1a: Azelf|Nasty Plot|p1a: Azelf
|-boost|p1a: Azelf|spa|2
|move|p2a: flash!flash!flash!|Teleport|p2a: flash!flash!flash!
|
|t:|1663857794
|switch|p2a: +10 speed when|Hydreigon, F|100/100|[from]move: Teleport
|-damage|p2a: +10 speed when|88/100|[from] Stealth Rock
|
|upkeep
|turn|6
|
|t:|1663857800
|switch|p1a: Nihilego|Nihilego|100/100
|-damage|p1a: Nihilego|88/100|[from] Stealth Rock
|move|p2a: +10 speed when|Dark Pulse|p1a: Nihilego
|-damage|p1a: Nihilego|55/100
|
|upkeep
|turn|7
|c|☆Hydreigon > Latias|if its colbur i am going to cry
|
|t:|1663857823
|switch|p2a: santa the goat|Cobalion|89/100
|-damage|p2a: santa the goat|86/100|[from] Stealth Rock
|move|p1a: Nihilego|Meteor Beam||[still]
|-prepare|p1a: Nihilego|Meteor Beam
|-boost|p1a: Nihilego|spa|1
|-enditem|p1a: Nihilego|Power Herb
|-anim|p1a: Nihilego|Meteor Beam|p2a: santa the goat
|-resisted|p2a: santa the goat
|-damage|p2a: santa the goat|58/100
|
|upkeep
|turn|8
|
|t:|1663857833
|switch|p1a: Talonflame|Talonflame, F|100/100
|-damage|p1a: Talonflame|51/100|[from] Stealth Rock
|move|p2a: santa the goat|Iron Head|p1a: Talonflame
|-resisted|p1a: Talonflame
|-damage|p1a: Talonflame|27/100
|
|upkeep
|turn|9
|
|t:|1663857839
|switch|p2a: flash!flash!flash!|Slowking, F|100/100
|-damage|p2a: flash!flash!flash!|88/100|[from] Stealth Rock
|move|p1a: Talonflame|Swords Dance|p1a: Talonflame
|-boost|p1a: Talonflame|atk|2
|
|upkeep
|turn|10
|
|t:|1663857846
|move|p1a: Talonflame|Acrobatics|p2a: flash!flash!flash!
|-damage|p2a: flash!flash!flash!|17/100
|move|p2a: flash!flash!flash!|Scald|p1a: Talonflame
|-supereffective|p1a: Talonflame
|-damage|p1a: Talonflame|0 fnt
|faint|p1a: Talonflame
|
|upkeep
|
|t:|1663857856
|switch|p1a: Celesteela|Celesteela|100/100
|-damage|p1a: Celesteela|88/100|[from] Stealth Rock
|turn|11
|
|t:|1663857866
|move|p1a: Celesteela|Autotomize|p1a: Celesteela
|-boost|p1a: Celesteela|spe|2
|-start|p1a: Celesteela|Autotomize
|move|p2a: flash!flash!flash!|Teleport|p2a: flash!flash!flash!
|
|t:|1663857877
|switch|p2a: Thundurus|Thundurus-Therian, M|100/100|[from]move: Teleport
|
|upkeep
|turn|12
|
|t:|1663857881
|switch|p2a: Roserade|Roserade, F|100/100
|-damage|p2a: Roserade|88/100|[from] Stealth Rock
|move|p1a: Celesteela|Meteor Beam||[still]
|-prepare|p1a: Celesteela|Meteor Beam
|-boost|p1a: Celesteela|spa|1
|-enditem|p1a: Celesteela|Power Herb
|-anim|p1a: Celesteela|Meteor Beam|p2a: Roserade
|-damage|p2a: Roserade|24/100
|
|-heal|p2a: Roserade|31/100|[from] item: Black Sludge
|upkeep
|turn|13
|
|t:|1663857886
|move|p1a: Celesteela|Air Slash|p2a: Roserade
|-supereffective|p2a: Roserade
|-damage|p2a: Roserade|0 fnt
|faint|p2a: Roserade
|-ability|p1a: Celesteela|Beast Boost|boost
|-boost|p1a: Celesteela|spa|1
|
|upkeep
|
|t:|1663857889
|switch|p2a: Thundurus|Thundurus-Therian, M|100/100
|turn|14
|
|t:|1663857893
|move|p1a: Celesteela|Fire Blast|p2a: Thundurus
|-damage|p2a: Thundurus|8/100
|move|p2a: Thundurus|Volt Switch|p1a: Celesteela
|-supereffective|p1a: Celesteela
|-damage|p1a: Celesteela|13/100
|
|t:|1663857897
|switch|p2a: +10 speed when|Hydreigon, F|88/100|[from]move: Volt Switch
|-damage|p2a: +10 speed when|76/100|[from] Stealth Rock
|
|upkeep
|turn|15
|c|☆Hydreigon > Latias|timid steela!
|
|t:|1663857909
|move|p2a: +10 speed when|Dark Pulse|p1a: Celesteela
|-damage|p1a: Celesteela|0 fnt
|faint|p1a: Celesteela
|
|upkeep
|
|t:|1663857917
|switch|p1a: Nihilego|Nihilego|55/100
|-damage|p1a: Nihilego|43/100|[from] Stealth Rock
|turn|16
|
|t:|1663857923
|switch|p2a: santa the goat|Cobalion|58/100
|-damage|p2a: santa the goat|55/100|[from] Stealth Rock
|move|p1a: Nihilego|Power Gem|p2a: santa the goat
|-resisted|p2a: santa the goat
|-damage|p2a: santa the goat|41/100
|
|upkeep
|turn|17
|
|t:|1663857929
|move|p2a: santa the goat|Iron Head|p1a: Nihilego
|-supereffective|p1a: Nihilego
|-damage|p1a: Nihilego|0 fnt
|faint|p1a: Nihilego
|
|upkeep
|
|t:|1663857936
|switch|p1a: Gyarados|Gyarados, M|100/100
|-damage|p1a: Gyarados|76/100|[from] Stealth Rock
|turn|18
|
|t:|1663857943
|move|p2a: santa the goat|Stone Edge|p1a: Gyarados
|-supereffective|p1a: Gyarados
|-damage|p1a: Gyarados|7/100
|move|p1a: Gyarados|Dragon Dance|p1a: Gyarados
|-boost|p1a: Gyarados|atk|1
|-boost|p1a: Gyarados|spe|1
|
|upkeep
|turn|19
|
|t:|1663857948
|move|p1a: Gyarados|Waterfall|p2a: santa the goat
|-damage|p2a: santa the goat|0 fnt
|-damage|p1a: Gyarados|0 fnt|[from] item: Rocky Helmet|[of] p2a: santa the goat
|faint|p2a: santa the goat
|faint|p1a: Gyarados
|
|upkeep
|
|t:|1663857956
|switch|p2a: +10 speed when|Hydreigon, F|76/100
|switch|p1a: Azelf|Azelf|88/100
|-damage|p2a: +10 speed when|64/100|[from] Stealth Rock
|-damage|p1a: Azelf|76/100|[from] Stealth Rock
|turn|20
|c|☆Corporate Donkey|gg
|
|t:|1663857961
|move|p2a: +10 speed when|Dark Pulse|p1a: Azelf
|-supereffective|p1a: Azelf
|-damage|p1a: Azelf|0 fnt
|faint|p1a: Azelf
|
|win|Hydreigon > Latias
|raw|Corporate Donkey's rating: 1484 &rarr; <strong>1464</strong><br />(-20 for losing)
|raw|Hydreigon &gt; Latias's rating: 1485 &rarr; <strong>1505</strong><br />(+20 for winning)
|l|☆Corporate Donkey
|c|☆Hydreigon > Latias|gg
||Ladder isn't responding, score probably updated but might not have (Request timeout).
