|j|☆Exi_Dudi
|j|☆thesagespirit
|t:|1664481775
|gametype|singles
|player|p1|Exi_Dudi|doctor-gen8|1394
|player|p2|thesagespirit|sage-gen2jp|1414
|teamsize|p1|6
|teamsize|p2|6
|gen|8
|tier|[Gen 8] UU
|rated|
|rule|Sleep Clause Mod: Limit one foe put to sleep
|rule|Species Clause: Limit one of each Pokémon
|rule|OHKO Clause: OHKO moves are banned
|rule|Evasion Items Clause: Evasion items are banned
|rule|Evasion Moves Clause: Evasion moves are banned
|rule|Endless Battle Clause: Forcing endless battles is banned
|rule|HP Percentage Mod: HP is shown in percentages
|rule|Dynamax Clause: You cannot dynamax
|clearpoke
|poke|p1|Virizion|
|poke|p1|Slowbro-Galar, F|
|poke|p1|Raikou|
|poke|p1|Hippowdon, M|
|poke|p1|Salamence, M|
|poke|p1|Primarina, M|
|poke|p2|Torkoal, M|
|poke|p2|Venusaur, M|
|poke|p2|Darmanitan, F|
|poke|p2|Conkeldurr, F|
|poke|p2|Heliolisk, M|
|poke|p2|Zarude|
|teampreview
|inactive|Battle timer is ON: inactive players will automatically lose when time's up. (requested by thesagespirit)
|
|t:|1664481793
|start
|switch|p1a: Raikou|Raikou|100/100
|switch|p2a: Zarude|Zarude|100/100
|turn|1
|
|t:|1664481811
|move|p2a: Zarude|Power Whip|p1a: Raikou
|-damage|p1a: Raikou|18/100
|move|p1a: Raikou|Volt Switch|p2a: Zarude
|-resisted|p2a: Zarude
|-damage|p2a: Zarude|85/100
|
|t:|1664481820
|switch|p1a: Slowbro|Slowbro-Galar, F|100/100|[from]move: Volt Switch
|
|upkeep
|turn|2
|
|t:|1664481825
|switch|p2a: Torkoal|Torkoal, M|100/100
|-weather|SunnyDay|[from] ability: Drought|[of] p2a: Torkoal
|move|p1a: Slowbro|Calm Mind|p1a: Slowbro
|-boost|p1a: Slowbro|spa|1
|-boost|p1a: Slowbro|spd|1
|
|-weather|SunnyDay|[upkeep]
|upkeep
|turn|3
|
|t:|1664481842
|switch|p2a: Darmanitan|Darmanitan, F|100/100
|move|p1a: Slowbro|Calm Mind|p1a: Slowbro
|-boost|p1a: Slowbro|spa|1
|-boost|p1a: Slowbro|spd|1
|
|-weather|SunnyDay|[upkeep]
|upkeep
|turn|4
|
|t:|1664481860
|move|p2a: Darmanitan|Flare Blitz|p1a: Slowbro
|-damage|p1a: Slowbro|21/100
|-damage|p2a: Darmanitan|71/100|[from] Recoil
|move|p1a: Slowbro|Sludge Bomb|p2a: Darmanitan
|-crit|p2a: Darmanitan
|-damage|p2a: Darmanitan|0 fnt
|faint|p2a: Darmanitan
|
|-weather|SunnyDay|[upkeep]
|upkeep
|
|t:|1664481882
|switch|p2a: Heliolisk|Heliolisk, M|100/100
|turn|5
|
|t:|1664481888
|switch|p1a: Hippowdon|Hippowdon, M|100/100
|-weather|Sandstorm|[from] ability: Sand Stream|[of] p1a: Hippowdon
|move|p2a: Heliolisk|Hyper Voice|p1a: Hippowdon
|-damage|p1a: Hippowdon|45/100
|
|-weather|Sandstorm|[upkeep]
|-damage|p2a: Heliolisk|94/100|[from] Sandstorm
|-heal|p1a: Hippowdon|51/100|[from] item: Leftovers
|upkeep
|turn|6
|
|t:|1664481896
|switch|p2a: Zarude|Zarude|85/100
|switch|p1a: Virizion|Virizion|100/100
|
|-weather|Sandstorm|[upkeep]
|-damage|p2a: Zarude|79/100|[from] Sandstorm
|-damage|p1a: Virizion|94/100|[from] Sandstorm
|-heal|p1a: Virizion|100/100|[from] item: Leftovers
|upkeep
|turn|7
|
|t:|1664481901
|move|p2a: Zarude|U-turn|p1a: Virizion
|-crit|p1a: Virizion
|-damage|p1a: Virizion|74/100
|
|t:|1664481904
|switch|p2a: Torkoal|Torkoal, M|100/100|[from]move: U-turn
|-weather|SunnyDay|[from] ability: Drought|[of] p2a: Torkoal
|move|p1a: Virizion|Toxic|p2a: Torkoal
|-status|p2a: Torkoal|tox
|
|-weather|SunnyDay|[upkeep]
|-heal|p1a: Virizion|80/100|[from] item: Leftovers
|-damage|p2a: Torkoal|94/100 tox|[from] psn
|upkeep
|turn|8
|
|t:|1664481908
|switch|p1a: Hippowdon|Hippowdon, M|51/100
|-weather|Sandstorm|[from] ability: Sand Stream|[of] p1a: Hippowdon
|move|p2a: Torkoal|Lava Plume|p1a: Hippowdon
|-damage|p1a: Hippowdon|33/100
|
|-weather|Sandstorm|[upkeep]
|-damage|p2a: Torkoal|88/100 tox|[from] Sandstorm
|-heal|p1a: Hippowdon|39/100|[from] item: Leftovers
|-damage|p2a: Torkoal|76/100 tox|[from] psn
|upkeep
|turn|9
|
|t:|1664481916
|move|p1a: Hippowdon|Stealth Rock|p2a: Torkoal
|-sidestart|p2: thesagespirit|move: Stealth Rock
|move|p2a: Torkoal|Lava Plume|p1a: Hippowdon
|-damage|p1a: Hippowdon|18/100
|
|-weather|Sandstorm|[upkeep]
|-damage|p2a: Torkoal|70/100 tox|[from] Sandstorm
|-heal|p1a: Hippowdon|24/100|[from] item: Leftovers
|-damage|p2a: Torkoal|52/100 tox|[from] psn
|upkeep
|turn|10
|
|t:|1664481919
|switch|p2a: Zarude|Zarude|79/100
|-damage|p2a: Zarude|66/100|[from] Stealth Rock
|move|p1a: Hippowdon|Slack Off|p1a: Hippowdon
|-heal|p1a: Hippowdon|74/100
|
|-weather|Sandstorm|[upkeep]
|-damage|p2a: Zarude|60/100|[from] Sandstorm
|-heal|p1a: Hippowdon|80/100|[from] item: Leftovers
|upkeep
|turn|11
|
|t:|1664481929
|switch|p1a: Virizion|Virizion|80/100
|move|p2a: Zarude|U-turn|p1a: Virizion
|-damage|p1a: Virizion|60/100
|
|t:|1664481931
|switch|p2a: Torkoal|Torkoal, M|52/100 tox|[from]move: U-turn
|-damage|p2a: Torkoal|27/100 tox|[from] Stealth Rock
|-weather|SunnyDay|[from] ability: Drought|[of] p2a: Torkoal
|
|-weather|SunnyDay|[upkeep]
|-heal|p1a: Virizion|67/100|[from] item: Leftovers
|-damage|p2a: Torkoal|21/100 tox|[from] psn
|upkeep
|turn|12
|
|t:|1664481938
|switch|p1a: Hippowdon|Hippowdon, M|80/100
|-weather|Sandstorm|[from] ability: Sand Stream|[of] p1a: Hippowdon
|move|p2a: Torkoal|Stealth Rock|p1a: Hippowdon
|-sidestart|p1: Exi_Dudi|move: Stealth Rock
|
|-weather|Sandstorm|[upkeep]
|-damage|p2a: Torkoal|14/100 tox|[from] Sandstorm
|-heal|p1a: Hippowdon|87/100|[from] item: Leftovers
|-damage|p2a: Torkoal|2/100 tox|[from] psn
|upkeep
|turn|13
|
|t:|1664481956
|switch|p2a: Conkeldurr|Conkeldurr, F|100/100
|-damage|p2a: Conkeldurr|95/100|[from] Stealth Rock
|move|p1a: Hippowdon|Earthquake|p2a: Conkeldurr
|-damage|p2a: Conkeldurr|53/100
|
|-weather|Sandstorm|[upkeep]
|-damage|p2a: Conkeldurr|47/100|[from] Sandstorm
|-heal|p1a: Hippowdon|93/100|[from] item: Leftovers
|-status|p2a: Conkeldurr|brn|[from] item: Flame Orb
|upkeep
|turn|14
|
|t:|1664481960
|move|p2a: Conkeldurr|Drain Punch|p1a: Hippowdon
|-damage|p1a: Hippowdon|53/100
|-heal|p2a: Conkeldurr|71/100 brn|[from] drain|[of] p1a: Hippowdon
|move|p1a: Hippowdon|Earthquake|p2a: Conkeldurr
|-damage|p2a: Conkeldurr|35/100 brn
|
|-weather|Sandstorm|[upkeep]
|-damage|p2a: Conkeldurr|29/100 brn|[from] Sandstorm
|-heal|p1a: Hippowdon|59/100|[from] item: Leftovers
|-damage|p2a: Conkeldurr|23/100 brn|[from] brn
|upkeep
|turn|15
|
|t:|1664481968
|switch|p1a: Salamence|Salamence, M|100/100
|-ability|p1a: Salamence|Intimidate|boost
|-unboost|p2a: Conkeldurr|atk|1
|move|p2a: Conkeldurr|Facade|p1a: Salamence
|-damage|p1a: Salamence|59/100
|
|-weather|Sandstorm|[upkeep]
|-damage|p1a: Salamence|53/100|[from] Sandstorm
|-damage|p2a: Conkeldurr|17/100 brn|[from] Sandstorm
|-damage|p2a: Conkeldurr|11/100 brn|[from] brn
|upkeep
|turn|16
|
|t:|1664481977
|move|p2a: Conkeldurr|Mach Punch|p1a: Salamence
|-resisted|p1a: Salamence
|-damage|p1a: Salamence|43/100
|move|p1a: Salamence|Dual Wingbeat|p2a: Conkeldurr
|-supereffective|p2a: Conkeldurr
|-damage|p2a: Conkeldurr|0 fnt
|faint|p2a: Conkeldurr
|-hitcount|p2: Conkeldurr|1
|
|-weather|none
|upkeep
|
|t:|1664481981
|switch|p2a: Torkoal|Torkoal, M|2/100 tox
|-damage|p2a: Torkoal|0 fnt|[from] Stealth Rock
|faint|p2a: Torkoal
|
|t:|1664481987
|switch|p2a: Heliolisk|Heliolisk, M|94/100
|-damage|p2a: Heliolisk|82/100|[from] Stealth Rock
|turn|17
|
|t:|1664481993
|switch|p1a: Raikou|Raikou|18/100
|move|p2a: Heliolisk|Hyper Voice|p1a: Raikou
|-damage|p1a: Raikou|0 fnt
|faint|p1a: Raikou
|
|upkeep
|
|t:|1664481998
|switch|p1a: Primarina|Primarina, M|100/100
|-damage|p1a: Primarina|88/100|[from] Stealth Rock
|turn|18
|
|t:|1664482001
|move|p2a: Heliolisk|Hyper Voice|p1a: Primarina
|-damage|p1a: Primarina|22/100
|move|p1a: Primarina|Moonblast|p2a: Heliolisk
|-damage|p2a: Heliolisk|0 fnt
|faint|p2a: Heliolisk
|
|upkeep
|
|t:|1664482004
|switch|p2a: Venusaur|Venusaur, M|100/100
|-damage|p2a: Venusaur|88/100|[from] Stealth Rock
|turn|19
|
|t:|1664482012
|switch|p1a: Slowbro|Slowbro-Galar, F|55/100
|-damage|p1a: Slowbro|42/100|[from] Stealth Rock
|move|p2a: Venusaur|Sludge Bomb|p1a: Slowbro
|-resisted|p1a: Slowbro
|-damage|p1a: Slowbro|11/100
|-damage|p2a: Venusaur|78/100|[from] item: Life Orb
|
|upkeep
|turn|20
|
|t:|1664482018
|switch|p1a: Hippowdon|Hippowdon, M|59/100
|-damage|p1a: Hippowdon|53/100|[from] Stealth Rock
|-weather|Sandstorm|[from] ability: Sand Stream|[of] p1a: Hippowdon
|move|p2a: Venusaur|Sludge Bomb|p1a: Hippowdon
|-resisted|p1a: Hippowdon
|-damage|p1a: Hippowdon|31/100
|-damage|p2a: Venusaur|68/100|[from] item: Life Orb
|
|-weather|Sandstorm|[upkeep]
|-damage|p2a: Venusaur|62/100|[from] Sandstorm
|-heal|p1a: Hippowdon|37/100|[from] item: Leftovers
|upkeep
|turn|21
|
|t:|1664482024
|move|p2a: Venusaur|Giga Drain|p1a: Hippowdon
|-supereffective|p1a: Hippowdon
|-damage|p1a: Hippowdon|0 fnt
|-heal|p2a: Venusaur|88/100|[from] drain|[of] p1a: Hippowdon
|faint|p1a: Hippowdon
|-damage|p2a: Venusaur|78/100|[from] item: Life Orb
|
|-weather|Sandstorm|[upkeep]
|-damage|p2a: Venusaur|72/100|[from] Sandstorm
|upkeep
|
|t:|1664482031
|switch|p1a: Salamence|Salamence, M|43/100
|-ability|p1a: Salamence|Intimidate|boost
|-unboost|p2a: Venusaur|atk|1
|turn|22
|
|t:|1664482060
|move|p2a: Venusaur|Sludge Bomb|p1a: Salamence
|-damage|p1a: Salamence|0 fnt
|faint|p1a: Salamence
|-damage|p2a: Venusaur|62/100|[from] item: Life Orb
|
|-weather|Sandstorm|[upkeep]
|-damage|p2a: Venusaur|56/100|[from] Sandstorm
|upkeep
|
|t:|1664482064
|switch|p1a: Slowbro|Slowbro-Galar, F|45/100
|-damage|p1a: Slowbro|32/100|[from] Stealth Rock
|turn|23
|inactive|thesagespirit has 120 seconds left.
|
|t:|1664482086
|switch|p1a: Primarina|Primarina, M|22/100
|-damage|p1a: Primarina|10/100|[from] Stealth Rock
|move|p2a: Venusaur|Sludge Bomb|p1a: Primarina
|-supereffective|p1a: Primarina
|-damage|p1a: Primarina|0 fnt
|faint|p1a: Primarina
|-damage|p2a: Venusaur|46/100|[from] item: Life Orb
|
|-weather|Sandstorm|[upkeep]
|-damage|p2a: Venusaur|40/100|[from] Sandstorm
|upkeep
|
|t:|1664482087
|switch|p1a: Slowbro|Slowbro-Galar, F|65/100
|-damage|p1a: Slowbro|53/100|[from] Stealth Rock
|turn|24
|
|t:|1664482091
|move|p2a: Venusaur|Weather Ball|p1a: Slowbro
|-damage|p1a: Slowbro|12/100
|-damage|p2a: Venusaur|30/100|[from] item: Life Orb
|move|p1a: Slowbro|Slack Off|p1a: Slowbro
|-heal|p1a: Slowbro|62/100
|
|-weather|none
|upkeep
|turn|25
|
|t:|1664482095
|move|p2a: Venusaur|Growth|p2a: Venusaur
|-boost|p2a: Venusaur|atk|1
|-boost|p2a: Venusaur|spa|1
|move|p1a: Slowbro|Slack Off|p1a: Slowbro
|-heal|p1a: Slowbro|100/100
|
|upkeep
|turn|26
|
|t:|1664482110
|move|p2a: Venusaur|Sludge Bomb|p1a: Slowbro
|-resisted|p1a: Slowbro
|-damage|p1a: Slowbro|54/100
|-damage|p2a: Venusaur|20/100|[from] item: Life Orb
|move|p1a: Slowbro|Calm Mind|p1a: Slowbro
|-boost|p1a: Slowbro|spa|1
|-boost|p1a: Slowbro|spd|1
|
|upkeep
|turn|27
|
|t:|1664482113
|move|p2a: Venusaur|Growth|p2a: Venusaur
|-boost|p2a: Venusaur|atk|1
|-boost|p2a: Venusaur|spa|1
|move|p1a: Slowbro|Slack Off|p1a: Slowbro
|-heal|p1a: Slowbro|100/100
|
|upkeep
|turn|28
|
|t:|1664482119
|move|p2a: Venusaur|Sludge Bomb|p1a: Slowbro
|-resisted|p1a: Slowbro
|-damage|p1a: Slowbro|63/100
|-damage|p2a: Venusaur|10/100|[from] item: Life Orb
|move|p1a: Slowbro|Slack Off|p1a: Slowbro
|-heal|p1a: Slowbro|100/100
|
|upkeep
|turn|29
|
|t:|1664482126
|move|p2a: Venusaur|Giga Drain|p1a: Slowbro
|-resisted|p1a: Slowbro
|-damage|p1a: Slowbro|66/100
|-heal|p2a: Venusaur|33/100|[from] drain|[of] p1a: Slowbro
|-damage|p2a: Venusaur|23/100|[from] item: Life Orb
|move|p1a: Slowbro|Calm Mind|p1a: Slowbro
|-boost|p1a: Slowbro|spa|1
|-boost|p1a: Slowbro|spd|1
|
|upkeep
|turn|30
|
|t:|1664482129
|move|p2a: Venusaur|Growth|p2a: Venusaur
|-boost|p2a: Venusaur|atk|1
|-boost|p2a: Venusaur|spa|1
|move|p1a: Slowbro|Slack Off|p1a: Slowbro
|-heal|p1a: Slowbro|100/100
|
|upkeep
|turn|31
|
|t:|1664482132
|move|p2a: Venusaur|Giga Drain|p1a: Slowbro
|-resisted|p1a: Slowbro
|-damage|p1a: Slowbro|69/100
|-heal|p2a: Venusaur|44/100|[from] drain|[of] p1a: Slowbro
|-damage|p2a: Venusaur|34/100|[from] item: Life Orb
|move|p1a: Slowbro|Sludge Bomb|p2a: Venusaur
|-damage|p2a: Venusaur|0 fnt
|faint|p2a: Venusaur
|
|upkeep
|
|t:|1664482135
|switch|p2a: Zarude|Zarude|60/100
|-damage|p2a: Zarude|48/100|[from] Stealth Rock
|turn|32
|c|☆Exi_Dudi|GG
|
|t:|1664482144
|move|p2a: Zarude|Power Whip|p1a: Slowbro
|-resisted|p1a: Slowbro
|-damage|p1a: Slowbro|50/100
|move|p1a: Slowbro|Sludge Bomb|p2a: Zarude
|-supereffective|p2a: Zarude
|-damage|p2a: Zarude|0 fnt
|faint|p2a: Zarude
|
|win|Exi_Dudi
|raw|Exi_Dudi's rating: 1394 &rarr; <strong>1415</strong><br />(+21 for winning)
|raw|thesagespirit's rating: 1414 &rarr; <strong>1393</strong><br />(-21 for losing)
|l|☆thesagespirit
||Ladder isn't responding, score probably updated but might not have (Request timeout).
