|raw|<div class="broadcast-blue"><strong>This battle is required to be public due to a player having a name starting with 'uult91w'.</div>
|j|☆UULT91w udon
|j|☆uult91w mush
|t:|1652008397
|gametype|singles
|player|p1|UULT91w udon|dawn|1579
|player|p2|uult91w mush|adaman|1602
|teamsize|p1|6
|teamsize|p2|6
|gen|8
|tier|[Gen 8] UU
|rated|
|rule|Sleep Clause Mod: Limit one foe put to sleep
|rule|Species Clause: Limit one of each Pokémon
|rule|OHKO Clause: OHKO moves are banned
|rule|Evasion Moves Clause: Evasion moves are banned
|rule|Endless Battle Clause: Forcing endless battles is banned
|rule|HP Percentage Mod: HP is shown in percentages
|rule|Dynamax Clause: You cannot dynamax
|clearpoke
|poke|p1|Hydreigon, F|
|poke|p1|Cobalion|
|poke|p1|Azumarill, F|
|poke|p1|Tangrowth, M|
|poke|p1|Moltres|
|poke|p1|Aegislash, M|
|poke|p2|Hippowdon, F|
|poke|p2|Scizor, F|
|poke|p2|Hydreigon, F|
|poke|p2|Skarmory, M|
|poke|p2|Primarina, F|
|poke|p2|Raikou|
|teampreview
|c|☆uult91w mush|hf
|j| ASKOV
|inactive|Battle timer is ON: inactive players will automatically lose when time's up. (requested by uult91w mush)
|c|☆UULT91w udon|hf
|c|☆uult91w mush|no more chinese registeel
|
|t:|1652008427
|start
|switch|p1a: Tangrowth|Tangrowth, M|100/100
|switch|p2a: Raikou|Raikou|100/100
|turn|1
|
|t:|1652008441
|move|p2a: Raikou|Volt Switch|p1a: Tangrowth
|-resisted|p1a: Tangrowth
|-damage|p1a: Tangrowth|90/100
|
|t:|1652008442
|switch|p2a: Skarmory|Skarmory, M|100/100|[from]move: Volt Switch
|move|p1a: Tangrowth|Knock Off|p2a: Skarmory
|-damage|p2a: Skarmory|87/100
|-damage|p1a: Tangrowth|74/100|[from] item: Rocky Helmet|[of] p2a: Skarmory
|-enditem|p2a: Skarmory|Rocky Helmet|[from] move: Knock Off|[of] p1a: Tangrowth
|
|upkeep
|turn|2
|
|t:|1652008459
|switch|p1a: Aegislash|Aegislash, M|100/100
|move|p2a: Skarmory|Spikes|p1a: Aegislash
|-sidestart|p1: UULT91w udon|Spikes
|
|upkeep
|turn|3
|
|t:|1652008473
|switch|p2a: Primarina|Primarina, F|100/100
|-formechange|p1a: Aegislash|Aegislash-Blade||[from] ability: Stance Change
|move|p1a: Aegislash|Flash Cannon|p2a: Primarina
|-crit|p2a: Primarina
|-damage|p2a: Primarina|41/100
|-damage|p1a: Aegislash|91/100|[from] item: Life Orb
|
|-heal|p2a: Primarina|47/100|[from] item: Leftovers
|upkeep
|turn|4
|
|t:|1652008486
|switch|p1a: Tangrowth|Tangrowth, M|100/100
|-damage|p1a: Tangrowth|88/100|[from] Spikes
|move|p2a: Primarina|Rest|p2a: Primarina
|-status|p2a: Primarina|slp|[from] move: Rest
|-heal|p2a: Primarina|100/100 slp|[silent]
|
|upkeep
|turn|5
|
|t:|1652008501
|switch|p2a: Hydreigon|Hydreigon, F|100/100
|switch|p1a: Aegislash|Aegislash, M|91/100
|-damage|p1a: Aegislash|78/100|[from] Spikes
|
|upkeep
|turn|6
|
|t:|1652008506
|switch|p1a: Cobalion|Cobalion|100/100
|-damage|p1a: Cobalion|88/100|[from] Spikes
|move|p2a: Hydreigon|U-turn|p1a: Cobalion
|-resisted|p1a: Cobalion
|-damage|p1a: Cobalion|85/100
|-damage|p2a: Hydreigon|84/100|[from] item: Rocky Helmet|[of] p1a: Cobalion
|
|t:|1652008508
|switch|p2a: Raikou|Raikou|100/100|[from]move: U-turn
|
|upkeep
|turn|7
|
|t:|1652008514
|switch|p1a: Tangrowth|Tangrowth, M|100/100
|-damage|p1a: Tangrowth|88/100|[from] Spikes
|move|p2a: Raikou|Volt Switch|p1a: Tangrowth
|-resisted|p1a: Tangrowth
|-damage|p1a: Tangrowth|77/100
|
|t:|1652008518
|switch|p2a: Skarmory|Skarmory, M|87/100|[from]move: Volt Switch
|
|upkeep
|turn|8
|
|t:|1652008523
|switch|p2a: Hydreigon|Hydreigon, F|84/100
|switch|p1a: Moltres|Moltres|100/100
|
|upkeep
|turn|9
|
|t:|1652008527
|move|p2a: Hydreigon|Dark Pulse|p1a: Moltres
|-damage|p1a: Moltres|52/100
|move|p1a: Moltres|Roost|p1a: Moltres
|-heal|p1a: Moltres|100/100
|-singleturn|p1a: Moltres|move: Roost
|
|upkeep
|turn|10
|
|t:|1652008531
|switch|p2a: Hippowdon|Hippowdon, F|100/100
|switch|p1a: Cobalion|Cobalion|85/100
|-damage|p1a: Cobalion|72/100|[from] Spikes
|
|upkeep
|turn|11
|
|t:|1652008536
|switch|p1a: Hydreigon|Hydreigon, F|100/100
|move|p2a: Hippowdon|Toxic|p1a: Hydreigon
|-status|p1a: Hydreigon|tox
|
|-damage|p1a: Hydreigon|95/100 tox|[from] psn
|upkeep
|turn|12
|
|t:|1652008540
|switch|p2a: Primarina|Primarina, F|100/100 slp
|move|p1a: Hydreigon|Dark Pulse|p2a: Primarina
|-resisted|p2a: Primarina
|-damage|p2a: Primarina|77/100 slp
|
|-heal|p2a: Primarina|83/100 slp|[from] item: Leftovers
|-damage|p1a: Hydreigon|83/100 tox|[from] psn
|upkeep
|turn|13
|
|t:|1652008547
|switch|p1a: Tangrowth|Tangrowth, M|100/100
|-damage|p1a: Tangrowth|88/100|[from] Spikes
|switch|p2a: Hydreigon|Hydreigon, F|84/100
|
|upkeep
|turn|14
|
|t:|1652008554
|move|p2a: Hydreigon|Dark Pulse|p1a: Tangrowth
|-crit|p1a: Tangrowth
|-damage|p1a: Tangrowth|45/100
|move|p1a: Tangrowth|Knock Off|p2a: Hydreigon
|-resisted|p2a: Hydreigon
|-damage|p2a: Hydreigon|71/100
|-enditem|p2a: Hydreigon|Choice Scarf|[from] move: Knock Off|[of] p1a: Tangrowth
|
|upkeep
|turn|15
|
|t:|1652008565
|move|p2a: Hydreigon|U-turn|p1a: Tangrowth
|-supereffective|p1a: Tangrowth
|-damage|p1a: Tangrowth|25/100
|
|t:|1652008567
|switch|p2a: Skarmory|Skarmory, M|87/100|[from]move: U-turn
|move|p1a: Tangrowth|Sludge Bomb|p2a: Skarmory
|-immune|p2a: Skarmory
|
|upkeep
|turn|16
|
|t:|1652008572
|switch|p2a: Raikou|Raikou|100/100
|switch|p1a: Moltres|Moltres|100/100
|
|upkeep
|turn|17
|
|t:|1652008575
|switch|p1a: Tangrowth|Tangrowth, M|58/100
|-damage|p1a: Tangrowth|46/100|[from] Spikes
|move|p2a: Raikou|Toxic|p1a: Tangrowth
|-status|p1a: Tangrowth|tox
|
|-damage|p1a: Tangrowth|39/100 tox|[from] psn
|upkeep
|turn|18
|
|t:|1652008583
|move|p2a: Raikou|Volt Switch|p1a: Tangrowth
|-resisted|p1a: Tangrowth
|-damage|p1a: Tangrowth|29/100 tox
|
|t:|1652008586
|switch|p2a: Scizor|Scizor, F|100/100|[from]move: Volt Switch
|move|p1a: Tangrowth|Sludge Bomb|p2a: Scizor
|-immune|p2a: Scizor
|
|-damage|p1a: Tangrowth|17/100 tox|[from] psn
|upkeep
|turn|19
|
|t:|1652008590
|switch|p1a: Moltres|Moltres|100/100
|move|p2a: Scizor|Knock Off|p1a: Moltres
|-damage|p1a: Moltres|65/100
|-status|p2a: Scizor|brn|[from] ability: Flame Body|[of] p1a: Moltres
|-enditem|p1a: Moltres|Heavy-Duty Boots|[from] move: Knock Off|[of] p2a: Scizor
|
|-damage|p2a: Scizor|94/100 brn|[from] brn
|upkeep
|turn|20
|
|t:|1652008597
|switch|p2a: Hippowdon|Hippowdon, F|100/100
|move|p1a: Moltres|Hurricane|p2a: Hippowdon|[miss]
|-miss|p1a: Moltres|p2a: Hippowdon
|
|upkeep
|turn|21
|
|t:|1652008601
|move|p1a: Moltres|Hurricane|p2a: Hippowdon
|-damage|p2a: Hippowdon|51/100
|move|p2a: Hippowdon|Stealth Rock|p1a: Moltres
|-sidestart|p1: UULT91w udon|move: Stealth Rock
|
|-heal|p2a: Hippowdon|57/100|[from] item: Leftovers
|upkeep
|turn|22
|
|t:|1652008605
|move|p1a: Moltres|Defog|p2a: Hippowdon
|-unboost|p2a: Hippowdon|evasion|1
|-sideend|p1: UULT91w udon|Spikes|[from] move: Defog|[of] p1a: Moltres
|-sideend|p1: UULT91w udon|Stealth Rock|[from] move: Defog|[of] p1a: Moltres
|move|p2a: Hippowdon|Toxic|p1a: Moltres|[miss]
|-miss|p2a: Hippowdon|p1a: Moltres
|
|-heal|p2a: Hippowdon|63/100|[from] item: Leftovers
|upkeep
|turn|23
|l| ASKOV
|
|t:|1652008611
|move|p1a: Moltres|Hurricane|p2a: Hippowdon
|-damage|p2a: Hippowdon|16/100
|move|p2a: Hippowdon|Slack Off|p2a: Hippowdon
|-heal|p2a: Hippowdon|66/100
|
|-heal|p2a: Hippowdon|72/100|[from] item: Leftovers
|upkeep
|turn|24
|
|t:|1652008617
|move|p1a: Moltres|Hurricane|p2a: Hippowdon
|-damage|p2a: Hippowdon|25/100
|move|p2a: Hippowdon|Slack Off|p2a: Hippowdon
|-heal|p2a: Hippowdon|75/100
|
|-heal|p2a: Hippowdon|81/100|[from] item: Leftovers
|upkeep
|turn|25
|
|t:|1652008621
|move|p1a: Moltres|Hurricane|p2a: Hippowdon
|-damage|p2a: Hippowdon|35/100
|move|p2a: Hippowdon|Toxic|p1a: Moltres
|-status|p1a: Moltres|tox
|
|-heal|p2a: Hippowdon|42/100|[from] item: Leftovers
|-damage|p1a: Moltres|59/100 tox|[from] psn
|upkeep
|turn|26
|
|t:|1652008624
|switch|p2a: Raikou|Raikou|100/100
|move|p1a: Moltres|Overheat|p2a: Raikou
|-damage|p2a: Raikou|29/100
|-unboost|p1a: Moltres|spa|2
|
|-damage|p1a: Moltres|47/100 tox|[from] psn
|upkeep
|turn|27
|
|t:|1652008632
|switch|p1a: Tangrowth|Tangrowth, M|50/100 tox
|move|p2a: Raikou|Volt Switch|p1a: Tangrowth
|-resisted|p1a: Tangrowth
|-damage|p1a: Tangrowth|39/100 tox
|
|t:|1652008635
|switch|p2a: Hydreigon|Hydreigon, F|71/100|[from]move: Volt Switch
|
|-damage|p1a: Tangrowth|33/100 tox|[from] psn
|upkeep
|turn|28
|
|t:|1652008638
|switch|p1a: Azumarill|Azumarill, F|100/100
|move|p2a: Hydreigon|U-turn|p1a: Azumarill
|-resisted|p1a: Azumarill
|-damage|p1a: Azumarill|92/100
|
|t:|1652008642
|switch|p2a: Skarmory|Skarmory, M|87/100|[from]move: U-turn
|
|upkeep
|turn|29
|
|t:|1652008649
|switch|p2a: Hydreigon|Hydreigon, F|71/100
|move|p1a: Azumarill|Liquidation|p2a: Hydreigon
|-resisted|p2a: Hydreigon
|-damage|p2a: Hydreigon|21/100
|-unboost|p2a: Hydreigon|def|1
|
|upkeep
|turn|30
|
|t:|1652008652
|move|p2a: Hydreigon|U-turn|p1a: Azumarill
|-resisted|p1a: Azumarill
|-damage|p1a: Azumarill|85/100
|
|t:|1652008653
|switch|p2a: Primarina|Primarina, F|83/100 slp|[from]move: U-turn
|move|p1a: Azumarill|Liquidation|p2a: Primarina
|-resisted|p2a: Primarina
|-damage|p2a: Primarina|39/100 slp
|
|-heal|p2a: Primarina|45/100 slp|[from] item: Leftovers
|upkeep
|turn|31
|
|t:|1652008657
|cant|p2a: Primarina|slp
|move|p2a: Primarina|Sleep Talk|p2a: Primarina
|move|p2a: Primarina|Moonblast|p1a: Azumarill|[from]move: Sleep Talk
|-damage|p1a: Azumarill|43/100
|move|p1a: Azumarill|Liquidation|p2a: Primarina
|-resisted|p2a: Primarina
|-damage|p2a: Primarina|1/100 slp
|-unboost|p2a: Primarina|def|1
|
|-heal|p2a: Primarina|7/100 slp|[from] item: Leftovers
|upkeep
|turn|32
|
|t:|1652008663
|cant|p2a: Primarina|slp
|move|p1a: Azumarill|Liquidation|p2a: Primarina
|-resisted|p2a: Primarina
|-damage|p2a: Primarina|0 fnt
|faint|p2a: Primarina
|
|upkeep
|
|t:|1652008665
|switch|p2a: Raikou|Raikou|29/100
|turn|33
|
|t:|1652008684
|switch|p1a: Tangrowth|Tangrowth, M|66/100 tox
|move|p2a: Raikou|Volt Switch|p1a: Tangrowth
|-resisted|p1a: Tangrowth
|-damage|p1a: Tangrowth|57/100 tox
|
|t:|1652008687
|switch|p2a: Hippowdon|Hippowdon, F|42/100|[from]move: Volt Switch
|
|-heal|p2a: Hippowdon|48/100|[from] item: Leftovers
|-damage|p1a: Tangrowth|51/100 tox|[from] psn
|upkeep
|turn|34
|
|t:|1652008690
|move|p2a: Hippowdon|Slack Off|p2a: Hippowdon
|-heal|p2a: Hippowdon|98/100
|move|p1a: Tangrowth|Power Whip|p2a: Hippowdon
|-supereffective|p2a: Hippowdon
|-damage|p2a: Hippowdon|47/100
|
|-heal|p2a: Hippowdon|54/100|[from] item: Leftovers
|-damage|p1a: Tangrowth|38/100 tox|[from] psn
|upkeep
|turn|35
|
|t:|1652008698
|switch|p1a: Hydreigon|Hydreigon, F|83/100 tox
|move|p2a: Hippowdon|Stealth Rock|p1a: Hydreigon
|-sidestart|p1: UULT91w udon|move: Stealth Rock
|
|-heal|p2a: Hippowdon|60/100|[from] item: Leftovers
|-damage|p1a: Hydreigon|77/100 tox|[from] psn
|upkeep
|turn|36
|
|t:|1652008701
|move|p1a: Hydreigon|Draco Meteor|p2a: Hippowdon
|-damage|p2a: Hippowdon|0 fnt
|-unboost|p1a: Hydreigon|spa|2
|faint|p2a: Hippowdon
|
|-damage|p1a: Hydreigon|65/100 tox|[from] psn
|upkeep
|
|t:|1652008707
|switch|p2a: Scizor|Scizor, F|94/100 brn
|turn|37
|
|t:|1652008710
|switch|p1a: Moltres|Moltres|47/100 tox
|-damage|p1a: Moltres|0 fnt|[from] Stealth Rock
|faint|p1a: Moltres
|move|p2a: Scizor|Swords Dance|p2a: Scizor
|-boost|p2a: Scizor|atk|2
|
|-damage|p2a: Scizor|88/100 brn|[from] brn
|upkeep
|
|t:|1652008713
|switch|p1a: Hydreigon|Hydreigon, F|65/100 tox
|-damage|p1a: Hydreigon|52/100 tox|[from] Stealth Rock
|turn|38
|
|t:|1652008718
|switch|p2a: Hydreigon|Hydreigon, F|21/100
|move|p1a: Hydreigon|Dark Pulse|p2a: Hydreigon
|-resisted|p2a: Hydreigon
|-damage|p2a: Hydreigon|0 fnt
|faint|p2a: Hydreigon
|
|-damage|p1a: Hydreigon|46/100 tox|[from] psn
|upkeep
|
|t:|1652008721
|switch|p2a: Raikou|Raikou|29/100
|turn|39
|
|t:|1652008726
|move|p2a: Raikou|Volt Switch|p1a: Hydreigon
|-resisted|p1a: Hydreigon
|-damage|p1a: Hydreigon|30/100 tox
|
|t:|1652008727
|switch|p2a: Skarmory|Skarmory, M|87/100|[from]move: Volt Switch
|move|p1a: Hydreigon|Dark Pulse|p2a: Skarmory
|-crit|p2a: Skarmory
|-damage|p2a: Skarmory|0 fnt
|faint|p2a: Skarmory
|
|-damage|p1a: Hydreigon|18/100 tox|[from] psn
|upkeep
|
|t:|1652008729
|switch|p2a: Raikou|Raikou|29/100
|turn|40
|
|t:|1652008733
|move|p2a: Raikou|Thunderbolt|p1a: Hydreigon
|-resisted|p1a: Hydreigon
|-damage|p1a: Hydreigon|0 fnt
|faint|p1a: Hydreigon
|
|upkeep
|
|t:|1652008738
|switch|p1a: Aegislash|Aegislash, M|78/100
|-damage|p1a: Aegislash|72/100|[from] Stealth Rock
|turn|41
|j| P.Otaku❄
|
|t:|1652008744
|move|p2a: Raikou|Thunderbolt|p1a: Aegislash
|-damage|p1a: Aegislash|36/100
|-status|p1a: Aegislash|par
|-formechange|p1a: Aegislash|Aegislash-Blade||[from] ability: Stance Change
|move|p1a: Aegislash|Shadow Ball|p2a: Raikou
|-damage|p2a: Raikou|0 fnt
|faint|p2a: Raikou
|-damage|p1a: Aegislash|26/100 par|[from] item: Life Orb
|
|upkeep
|
|t:|1652008746
|switch|p2a: Scizor|Scizor, F|88/100 brn
|turn|42
|
|t:|1652008750
|move|p2a: Scizor|Swords Dance|p2a: Scizor
|-boost|p2a: Scizor|atk|2
|move|p1a: Aegislash|Shadow Ball|p2a: Scizor
|-damage|p2a: Scizor|21/100 brn
|-damage|p1a: Aegislash|16/100 par|[from] item: Life Orb
|
|-damage|p2a: Scizor|15/100 brn|[from] brn
|upkeep
|turn|43
|l| P.Otaku❄
|
|t:|1652008754
|move|p1a: Aegislash|Shadow Sneak|p2a: Scizor
|-damage|p2a: Scizor|0 fnt
|faint|p2a: Scizor
|-damage|p1a: Aegislash|6/100 par|[from] item: Life Orb
|
|win|UULT91w udon
|raw|UULT91w udon's rating: 1579 &rarr; <strong>1600</strong><br />(+21 for winning)
|raw|uult91w mush's rating: 1602 &rarr; <strong>1581</strong><br />(-21 for losing)
|c|☆uult91w mush|gg
|c|☆UULT91w udon|gg
|l|☆uult91w mush
|l|☆UULT91w udon
