|j|☆pinkdragontamer
|j|☆Gyara2345
|player|p1|pinkdragontamer|burglar-gen1|1561
|player|p2|Gyara2345|red|1479
|teamsize|p1|6
|teamsize|p2|6
|gametype|singles
|gen|8
|tier|[Gen 8] UU
|rated|
|clearpoke
|poke|p1|Necrozma|
|poke|p1|Vanilluxe, F|
|poke|p1|Celebi|
|poke|p1|Gyarados, F|
|poke|p1|Cobalion|
|poke|p1|Ribombee, F|
|poke|p2|Araquanid, F|
|poke|p2|Gyarados, M|
|poke|p2|Tsareena, F|
|poke|p2|Doublade, M|
|poke|p2|Incineroar, M|
|poke|p2|Mamoswine, F|
|rule|Sleep Clause Mod: Limit one foe put to sleep
|rule|Species Clause: Limit one of each Pokémon
|rule|OHKO Clause: OHKO moves are banned
|rule|Evasion Moves Clause: Evasion moves are banned
|rule|Endless Battle Clause: Forcing endless battles is banned
|rule|HP Percentage Mod: HP is shown in percentages
|rule|Dynamax Clause: You cannot dynamax
|teampreview
|
|start
|switch|p1a: Vanilluxe|Vanilluxe, F|100/100
|switch|p2a: Araquanid|Araquanid, F|100/100
|-weather|Hail|[from] ability: Snow Warning|[of] p1a: Vanilluxe
|turn|1
|
|move|p1a: Vanilluxe|Taunt|p2a: Araquanid
|-start|p2a: Araquanid|move: Taunt
|move|p2a: Araquanid|Liquidation|p1a: Vanilluxe
|-damage|p1a: Vanilluxe|23/100
|
|-weather|Hail|[upkeep]
|-damage|p2a: Araquanid|94/100|[from] Hail
|-heal|p2a: Araquanid|100/100|[from] item: Leftovers
|upkeep
|turn|2
|
|move|p1a: Vanilluxe|Aurora Veil|p1a: Vanilluxe
|-sidestart|p1: pinkdragontamer|move: Aurora Veil
|move|p2a: Araquanid|Liquidation|p1a: Vanilluxe
|-damage|p1a: Vanilluxe|0 fnt
|faint|p1a: Vanilluxe
|
|-weather|Hail|[upkeep]
|-damage|p2a: Araquanid|94/100|[from] Hail
|-heal|p2a: Araquanid|100/100|[from] item: Leftovers
|upkeep
|
|switch|p1a: Gyarados|Gyarados, F|100/100
|turn|3
|
|switch|p2a: Mamoswine|Mamoswine, F|100/100
|move|p1a: Gyarados|Dragon Dance|p1a: Gyarados
|-boost|p1a: Gyarados|atk|1
|-boost|p1a: Gyarados|spe|1
|
|-weather|Hail|[upkeep]
|-damage|p1a: Gyarados|94/100|[from] Hail
|upkeep
|turn|4
|
|move|p1a: Gyarados|Earthquake|p2a: Mamoswine
|-crit|p2a: Mamoswine
|-damage|p2a: Mamoswine|14/100
|move|p2a: Mamoswine|Stealth Rock|p1a: Gyarados
|-sidestart|p1: pinkdragontamer|move: Stealth Rock
|
|-weather|Hail|[upkeep]
|-damage|p1a: Gyarados|88/100|[from] Hail
|upkeep
|turn|5
|
|move|p1a: Gyarados|Waterfall|p2a: Mamoswine
|-supereffective|p2a: Mamoswine
|-damage|p2a: Mamoswine|0 fnt
|faint|p2a: Mamoswine
|-ability|p1a: Gyarados|Moxie|boost
|-boost|p1a: Gyarados|atk|1
|
|-weather|none
|upkeep
|
|switch|p2a: Araquanid|Araquanid, F|100/100
|turn|6
|
|move|p1a: Gyarados|Waterfall|p2a: Araquanid
|-resisted|p2a: Araquanid
|-damage|p2a: Araquanid|51/100
|move|p2a: Araquanid|Toxic|p1a: Gyarados
|-status|p1a: Gyarados|tox
|
|-heal|p2a: Araquanid|57/100|[from] item: Leftovers
|-damage|p1a: Gyarados|82/100 tox|[from] psn
|upkeep
|turn|7
|
|move|p1a: Gyarados|Waterfall|p2a: Araquanid
|-resisted|p2a: Araquanid
|-damage|p2a: Araquanid|5/100
|cant|p2a: Araquanid|flinch
|
|-heal|p2a: Araquanid|11/100|[from] item: Leftovers
|-damage|p1a: Gyarados|70/100 tox|[from] psn
|upkeep
|turn|8
|
|move|p1a: Gyarados|Waterfall|p2a: Araquanid
|-resisted|p2a: Araquanid
|-damage|p2a: Araquanid|0 fnt
|faint|p2a: Araquanid
|-ability|p1a: Gyarados|Moxie|boost
|-boost|p1a: Gyarados|atk|1
|
|-damage|p1a: Gyarados|52/100 tox|[from] psn
|upkeep
|
|switch|p2a: Tsareena|Tsareena, F|100/100
|turn|9
|
|move|p1a: Gyarados|Ice Fang|p2a: Tsareena
|-supereffective|p2a: Tsareena
|-damage|p2a: Tsareena|0 fnt
|faint|p2a: Tsareena
|-ability|p1a: Gyarados|Moxie|boost
|-boost|p1a: Gyarados|atk|1
|
|-damage|p1a: Gyarados|28/100 tox|[from] psn
|-sideend|p1: pinkdragontamer|move: Aurora Veil
|upkeep
|
|switch|p2a: Doublade|Doublade, M|100/100
|turn|10
|
|switch|p2a: Gyarados|Gyarados, M, shiny|100/100
|move|p1a: Gyarados|Earthquake|p2a: Gyarados
|-immune|p2a: Gyarados
|
|-damage|p1a: Gyarados|0 fnt|[from] psn
|faint|p1a: Gyarados
|upkeep
|
|switch|p1a: Cobalion|Cobalion|100/100
|-damage|p1a: Cobalion|97/100|[from] Stealth Rock
|turn|11
|
|move|p1a: Cobalion|Stone Edge|p2a: Gyarados
|-supereffective|p2a: Gyarados
|-damage|p2a: Gyarados|33/100
|move|p2a: Gyarados|Waterfall|p1a: Cobalion
|-damage|p1a: Cobalion|45/100
|
|upkeep
|turn|12
|
|switch|p1a: Celebi|Celebi|100/100
|-damage|p1a: Celebi|88/100|[from] Stealth Rock
|switch|p2a: Doublade|Doublade, M|100/100
|
|upkeep
|turn|13
|
|move|p1a: Celebi|Stealth Rock|p2a: Doublade
|-sidestart|p2: Gyara2345|move: Stealth Rock
|move|p2a: Doublade|Swords Dance|p2a: Doublade
|-boost|p2a: Doublade|atk|2
|
|upkeep
|turn|14
|
|move|p1a: Celebi|Shadow Ball|p2a: Doublade
|-supereffective|p2a: Doublade
|-damage|p2a: Doublade|46/100
|move|p2a: Doublade|Swords Dance|p2a: Doublade
|-boost|p2a: Doublade|atk|2
|
|upkeep
|turn|15
|
|move|p2a: Doublade|Shadow Sneak|p1a: Celebi
|-supereffective|p1a: Celebi
|-damage|p1a: Celebi|0 fnt
|faint|p1a: Celebi
|
|upkeep
|
|switch|p1a: Necrozma|Necrozma|100/100
|-damage|p1a: Necrozma|88/100|[from] Stealth Rock
|turn|16
|
|move|p2a: Doublade|Shadow Sneak|p1a: Necrozma
|-supereffective|p1a: Necrozma
|-damage|p1a: Necrozma|0 fnt
|faint|p1a: Necrozma
|
|upkeep
|-message|pinkdragontamer forfeited.
|
|win|Gyara2345
|l|☆pinkdragontamer
|raw|pinkdragontamer's rating: 1561 &rarr; <strong>1537</strong><br />(-24 for losing)
|raw|Gyara2345's rating: 1479 &rarr; <strong>1503</strong><br />(+24 for winning)
