|j|☆FrozenMan
|j|☆BewearHugger
|player|p1|FrozenMan|147|1645
|player|p2|BewearHugger|pokemaniac-gen3rs|1570
|teamsize|p1|6
|teamsize|p2|6
|gametype|singles
|gen|8
|tier|[Gen 8] UU
|rated|
|clearpoke
|poke|p1|Jirachi|
|poke|p1|Roserade, F|
|poke|p1|Tyranitar, F|
|poke|p1|Dragalge, F|
|poke|p1|Rotom-Wash|
|poke|p1|Obstagoon, M|
|poke|p2|Bewear, F|
|poke|p2|Grimmsnarl, M|
|poke|p2|Krookodile, M|
|poke|p2|Scolipede, M|
|poke|p2|Porygon-Z|
|poke|p2|Necrozma|
|rule|Sleep Clause Mod: Limit one foe put to sleep
|rule|Species Clause: Limit one of each Pokémon
|rule|OHKO Clause: OHKO moves are banned
|rule|Evasion Moves Clause: Evasion moves are banned
|rule|Endless Battle Clause: Forcing endless battles is banned
|rule|HP Percentage Mod: HP is shown in percentages
|rule|Dynamax Clause: You cannot dynamax
|teampreview
|inactive|Battle timer is ON: inactive players will automatically lose when time's up. (requested by BewearHugger)
|j| Luna Rox ❤
|j| Arbre et Buisson
|inactive|FrozenMan has 120 seconds left.
|
|start
|switch|p1a: Dragalge|Dragalge, F|100/100
|switch|p2a: Krookodile|Krookodile, M|100/100
|-ability|p2a: Krookodile|Intimidate|boost
|-unboost|p1a: Dragalge|atk|1
|turn|1
|
|switch|p1a: Rotom|Rotom-Wash, shiny|100/100
|move|p2a: Krookodile|Stealth Rock|p1a: Rotom
|-sidestart|p1: FrozenMan|move: Stealth Rock
|
|upkeep
|turn|2
|c| Luna Rox ❤|hey bewear
|
|move|p2a: Krookodile|Knock Off|p1a: Rotom
|-damage|p1a: Rotom|59/100
|-enditem|p1a: Rotom|Leftovers|[from] move: Knock Off|[of] p2a: Krookodile
|move|p1a: Rotom|Hydro Pump|p2a: Krookodile
|-supereffective|p2a: Krookodile
|-crit|p2a: Krookodile
|-enditem|p2a: Krookodile|Focus Sash
|-damage|p2a: Krookodile|1/100
|
|upkeep
|turn|3
|
|move|p2a: Krookodile|Taunt|p1a: Rotom
|-start|p1a: Rotom|move: Taunt
|move|p1a: Rotom|Hydro Pump|p2a: Krookodile
|-supereffective|p2a: Krookodile
|-damage|p2a: Krookodile|0 fnt
|faint|p2a: Krookodile
|
|upkeep
|
|switch|p2a: Grimmsnarl|Grimmsnarl, M|100/100
|turn|4
|
|move|p2a: Grimmsnarl|Reflect|p2a: Grimmsnarl
|-sidestart|p2: BewearHugger|Reflect
|move|p1a: Rotom|Volt Switch|p2a: Grimmsnarl
|-damage|p2a: Grimmsnarl|76/100
|j| MacBong
|
|switch|p1a: Tyranitar|Tyranitar, F, shiny|100/100|[from]move: Volt Switch
|-damage|p1a: Tyranitar|88/100|[from] Stealth Rock
|-weather|Sandstorm|[from] ability: Sand Stream|[of] p1a: Tyranitar
|
|-weather|Sandstorm|[upkeep]
|-damage|p2a: Grimmsnarl|70/100|[from] Sandstorm
|upkeep
|turn|5
|
|move|p2a: Grimmsnarl|Light Screen|p2a: Grimmsnarl
|-sidestart|p2: BewearHugger|move: Light Screen
|move|p1a: Tyranitar|Stealth Rock|p2a: Grimmsnarl
|-sidestart|p2: BewearHugger|move: Stealth Rock
|
|-weather|Sandstorm|[upkeep]
|-damage|p2a: Grimmsnarl|64/100|[from] Sandstorm
|upkeep
|turn|6
|
|switch|p1a: Jirachi|Jirachi, shiny|100/100
|-damage|p1a: Jirachi|94/100|[from] Stealth Rock
|switch|p2a: Bewear|Bewear, F|100/100
|-damage|p2a: Bewear|94/100|[from] Stealth Rock
|
|-weather|Sandstorm|[upkeep]
|-damage|p2a: Bewear|88/100|[from] Sandstorm
|upkeep
|turn|7
|
|move|p1a: Jirachi|Trick|p2a: Bewear
|-activate|p1a: Jirachi|move: Trick|[of] p2a: Bewear
|-item|p2a: Bewear|Choice Scarf|[from] move: Trick
|-item|p1a: Jirachi|Silk Scarf|[from] move: Trick
|move|p2a: Bewear|Double-Edge|p1a: Jirachi
|-resisted|p1a: Jirachi
|-damage|p1a: Jirachi|64/100
|-damage|p2a: Bewear|80/100|[from] Recoil
|
|-weather|Sandstorm|[upkeep]
|-damage|p2a: Bewear|73/100|[from] Sandstorm
|upkeep
|turn|8
|
|switch|p2a: Necrozma|Necrozma|100/100
|-damage|p2a: Necrozma|88/100|[from] Stealth Rock
|move|p1a: Jirachi|Iron Head|p2a: Necrozma
|-damage|p2a: Necrozma|70/100
|
|-weather|none
|upkeep
|turn|9
|
|move|p1a: Jirachi|Trick|p2a: Necrozma
|-activate|p1a: Jirachi|move: Trick|[of] p2a: Necrozma
|-item|p2a: Necrozma|Silk Scarf|[from] move: Trick
|-item|p1a: Jirachi|Weakness Policy|[from] move: Trick
|move|p2a: Necrozma|Autotomize|p2a: Necrozma
|-boost|p2a: Necrozma|spe|2
|-start|p2a: Necrozma|Autotomize
|
|upkeep
|turn|10
|
|switch|p1a: Tyranitar|Tyranitar, F, shiny|88/100
|-damage|p1a: Tyranitar|76/100|[from] Stealth Rock
|-weather|Sandstorm|[from] ability: Sand Stream|[of] p1a: Tyranitar
|move|p2a: Necrozma|Calm Mind|p2a: Necrozma
|-boost|p2a: Necrozma|spa|1
|-boost|p2a: Necrozma|spd|1
|
|-weather|Sandstorm|[upkeep]
|-damage|p2a: Necrozma|64/100|[from] Sandstorm
|upkeep
|turn|11
|
|move|p2a: Necrozma|Earth Power|p1a: Tyranitar
|-supereffective|p1a: Tyranitar
|-damage|p1a: Tyranitar|37/100
|move|p1a: Tyranitar|Thunder Wave|p2a: Necrozma
|-status|p2a: Necrozma|par
|
|-weather|Sandstorm|[upkeep]
|-damage|p2a: Necrozma|58/100 par|[from] Sandstorm
|-sideend|p2: BewearHugger|Reflect
|upkeep
|turn|12
|
|move|p2a: Necrozma|Earth Power|p1a: Tyranitar
|-supereffective|p1a: Tyranitar
|-damage|p1a: Tyranitar|0 fnt
|faint|p1a: Tyranitar
|
|-weather|Sandstorm|[upkeep]
|-damage|p2a: Necrozma|52/100 par|[from] Sandstorm
|-sideend|p2: BewearHugger|move: Light Screen
|upkeep
|
|switch|p1a: Jirachi|Jirachi, shiny|64/100
|-damage|p1a: Jirachi|58/100|[from] Stealth Rock
|turn|13
|
|move|p1a: Jirachi|Iron Head|p2a: Necrozma
|-damage|p2a: Necrozma|16/100 par
|cant|p2a: Necrozma|flinch
|
|-weather|Sandstorm|[upkeep]
|-damage|p2a: Necrozma|10/100 par|[from] Sandstorm
|upkeep
|turn|14
|
|move|p1a: Jirachi|Iron Head|p2a: Necrozma
|-damage|p2a: Necrozma|0 fnt
|faint|p2a: Necrozma
|
|-weather|none
|upkeep
|
|switch|p2a: Grimmsnarl|Grimmsnarl, M|64/100
|-damage|p2a: Grimmsnarl|52/100|[from] Stealth Rock
|turn|15
|inactive|FrozenMan has 120 seconds left.
|inactive|FrozenMan has 90 seconds left.
|
|switch|p1a: Rotom|Rotom-Wash, shiny|59/100
|-damage|p1a: Rotom|46/100|[from] Stealth Rock
|move|p2a: Grimmsnarl|Reflect|p2a: Grimmsnarl
|-sidestart|p2: BewearHugger|Reflect
|
|upkeep
|turn|16
|
|move|p2a: Grimmsnarl|Taunt|p1a: Rotom
|-start|p1a: Rotom|move: Taunt
|move|p1a: Rotom|Hydro Pump|p2a: Grimmsnarl
|-crit|p2a: Grimmsnarl
|-damage|p2a: Grimmsnarl|0 fnt
|faint|p2a: Grimmsnarl
|
|upkeep
|j| naaviii
|
|switch|p2a: Bewear|Bewear, F|73/100
|-damage|p2a: Bewear|67/100|[from] Stealth Rock
|turn|17
|
|move|p2a: Bewear|Double-Edge|p1a: Rotom
|-damage|p1a: Rotom|0 fnt
|-damage|p2a: Bewear|55/100|[from] Recoil
|faint|p1a: Rotom
|
|upkeep
|
|switch|p1a: Jirachi|Jirachi, shiny|58/100
|-damage|p1a: Jirachi|52/100|[from] Stealth Rock
|turn|18
|
|move|p1a: Jirachi|Iron Head|p2a: Bewear
|-damage|p2a: Bewear|47/100
|cant|p2a: Bewear|flinch
|
|upkeep
|turn|19
|
|switch|p2a: Porygon-Z|Porygon-Z|100/100
|-damage|p2a: Porygon-Z|88/100|[from] Stealth Rock
|move|p1a: Jirachi|Iron Head|p2a: Porygon-Z
|-damage|p2a: Porygon-Z|61/100
|
|upkeep
|turn|20
|inactive|FrozenMan has 120 seconds left.
|
|switch|p1a: Roserade|Roserade, F, shiny|100/100
|-damage|p1a: Roserade|88/100|[from] Stealth Rock
|move|p2a: Porygon-Z|Agility|p2a: Porygon-Z
|-boost|p2a: Porygon-Z|spe|2
|
|-heal|p1a: Roserade|94/100|[from] item: Black Sludge
|upkeep
|turn|21
|inactive|FrozenMan has 120 seconds left.
|
|move|p2a: Porygon-Z|Tri Attack|p1a: Roserade
|-crit|p1a: Roserade
|-damage|p1a: Roserade|0 fnt
|faint|p1a: Roserade
|
|upkeep
|
|switch|p1a: Obstagoon|Obstagoon, M|100/100
|-damage|p1a: Obstagoon|88/100|[from] Stealth Rock
|turn|22
|inactive|FrozenMan has 120 seconds left.
|
|move|p1a: Obstagoon|Obstruct|p1a: Obstagoon
|-singleturn|p1a: Obstagoon|Protect
|move|p2a: Porygon-Z|Tri Attack|p1a: Obstagoon
|-activate|p1a: Obstagoon|move: Protect
|
|-sideend|p2: BewearHugger|Reflect
|-status|p1a: Obstagoon|brn|[from] item: Flame Orb
|upkeep
|turn|23
|j| BlondeSasukeUchiha
|
|move|p2a: Porygon-Z|Tri Attack|p1a: Obstagoon
|-damage|p1a: Obstagoon|12/100 brn
|move|p1a: Obstagoon|Close Combat|p2a: Porygon-Z
|-supereffective|p2a: Porygon-Z
|-damage|p2a: Porygon-Z|0 fnt
|-unboost|p1a: Obstagoon|def|1
|-unboost|p1a: Obstagoon|spd|1
|faint|p2a: Porygon-Z
|
|-damage|p1a: Obstagoon|6/100 brn|[from] brn
|upkeep
|
|switch|p2a: Scolipede|Scolipede, M|100/100
|-damage|p2a: Scolipede|76/100|[from] Stealth Rock
|turn|24
|
|move|p2a: Scolipede|Earthquake|p1a: Obstagoon
|-damage|p1a: Obstagoon|0 fnt
|-damage|p2a: Scolipede|66/100|[from] item: Life Orb
|faint|p1a: Obstagoon
|
|-ability|p2a: Scolipede|Speed Boost|boost
|-boost|p2a: Scolipede|spe|1
|upkeep
|
|switch|p1a: Dragalge|Dragalge, F|100/100
|-damage|p1a: Dragalge|88/100|[from] Stealth Rock
|turn|25
|
|move|p2a: Scolipede|Earthquake|p1a: Dragalge
|-supereffective|p1a: Dragalge
|-damage|p1a: Dragalge|2/100
|-damage|p2a: Scolipede|56/100|[from] item: Life Orb
|move|p1a: Dragalge|Draco Meteor|p2a: Scolipede
|-damage|p2a: Scolipede|0 fnt
|-unboost|p1a: Dragalge|spa|2
|faint|p2a: Scolipede
|
|-heal|p1a: Dragalge|8/100|[from] item: Black Sludge
|upkeep
|
|switch|p2a: Bewear|Bewear, F|47/100
|-damage|p2a: Bewear|41/100|[from] Stealth Rock
|turn|26
|
|move|p2a: Bewear|Darkest Lariat|p1a: Dragalge
|-damage|p1a: Dragalge|0 fnt
|faint|p1a: Dragalge
|
|upkeep
|
|switch|p1a: Jirachi|Jirachi, shiny|52/100
|-damage|p1a: Jirachi|45/100|[from] Stealth Rock
|turn|27
|
|move|p1a: Jirachi|Iron Head|p2a: Bewear
|-damage|p2a: Bewear|25/100
|cant|p2a: Bewear|flinch
|
|upkeep
|turn|28
|
|move|p1a: Jirachi|Iron Head|p2a: Bewear
|-damage|p2a: Bewear|11/100
|cant|p2a: Bewear|flinch
|
|upkeep
|turn|29
|l| Luna Rox ❤
|
|move|p1a: Jirachi|Iron Head|p2a: Bewear
|-damage|p2a: Bewear|0 fnt
|faint|p2a: Bewear
|
|win|FrozenMan
|l|☆BewearHugger
|l| naaviii
|l| MacBong
|l| Arbre et Buisson
||Ladder (probably) updated, but score could not be retrieved (Request timeout).
|j| Arbre et Buisson
