|j|☆Liz Angeles
|j|☆Goro Yagami 9
|t:|1667940926
|gametype|singles
|player|p1|Liz Angeles|marley|
|player|p2|Goro Yagami 9|102|
|teamsize|p1|6
|teamsize|p2|6
|gen|8
|tier|[Gen 8] UU
|rule|Sleep Clause Mod: Limit one foe put to sleep
|rule|Species Clause: Limit one of each Pokémon
|rule|OHKO Clause: OHKO moves are banned
|rule|Evasion Items Clause: Evasion items are banned
|rule|Evasion Moves Clause: Evasion moves are banned
|rule|Endless Battle Clause: Forcing endless battles is banned
|rule|HP Percentage Mod: HP is shown in percentages
|rule|Dynamax Clause: You cannot dynamax
|clearpoke
|poke|p1|Chansey, F|
|poke|p1|Regieleki|
|poke|p1|Golisopod, F|
|poke|p1|Cobalion|
|poke|p1|Salamence, M|
|poke|p1|Zygarde-10%|
|poke|p2|Hippowdon, F|
|poke|p2|Cobalion|
|poke|p2|Rotom-Wash|
|poke|p2|Mandibuzz, F|
|poke|p2|Azelf|
|poke|p2|Slowbro-Galar, F|
|teampreview
|
|t:|1667940954
|start
|switch|p1a: Regijesus|Regieleki|100/100
|switch|p2a: Rotom|Rotom-Wash|100/100
|turn|1
|
|t:|1667940987
|switch|p1a: Godpod|Golisopod, F|100/100
|move|p2a: Rotom|Volt Switch|p1a: Godpod
|-supereffective|p1a: Godpod
|-crit|p1a: Godpod
|-damage|p1a: Godpod|20/100
|-activate|p1a: Godpod|ability: Emergency Exit
|
|t:|1667940994
|switch|p1a: Zygarde|Zygarde-10%|100/100
|-ability|p1a: Zygarde|Aura Break
|
|upkeep
|turn|2
|
|t:|1667941004
|switch|p2a: Mandibuzz|Mandibuzz, F|100/100
|move|p1a: Zygarde|Toxic|p2a: Mandibuzz
|-status|p2a: Mandibuzz|tox
|
|-damage|p2a: Mandibuzz|94/100 tox|[from] psn
|upkeep
|turn|3
|
|t:|1667941010
|switch|p1a: Cobalion|Cobalion|100/100
|move|p2a: Mandibuzz|U-turn|p1a: Cobalion
|-resisted|p1a: Cobalion
|-damage|p1a: Cobalion|98/100
|-damage|p2a: Mandibuzz|78/100 tox|[from] item: Rocky Helmet|[of] p1a: Cobalion
|
|t:|1667941043
|switch|p2a: Slowbro|Slowbro-Galar, F|100/100|[from]move: U-turn
|
|upkeep
|turn|4
|
|t:|1667941048
|move|p1a: Cobalion|Stealth Rock|p2a: Slowbro
|-sidestart|p2: Goro Yagami 9|move: Stealth Rock
|move|p2a: Slowbro|Future Sight|p1a: Cobalion
|-start|p2a: Slowbro|move: Future Sight
|
|upkeep
|turn|5
|
|t:|1667941060
|switch|p2a: Mandibuzz|Mandibuzz, F|78/100 tox
|move|p1a: Cobalion|Volt Switch|p2a: Mandibuzz
|-supereffective|p2a: Mandibuzz
|-damage|p2a: Mandibuzz|54/100 tox
|
|t:|1667941071
|switch|p1a: Regijesus|Regieleki|100/100|[from]move: Volt Switch
|
|-damage|p2a: Mandibuzz|48/100 tox|[from] psn
|upkeep
|turn|6
|
|t:|1667941085
|switch|p1a: Chansey|Chansey, F|100/100
|move|p2a: Mandibuzz|Roost|p2a: Mandibuzz
|-heal|p2a: Mandibuzz|98/100 tox
|-singleturn|p2a: Mandibuzz|move: Roost
|
|-end|p1a: Chansey|move: Future Sight
|-damage|p1a: Chansey|87/100
|-damage|p2a: Mandibuzz|86/100 tox|[from] psn
|upkeep
|turn|7
|
|t:|1667941092
|move|p2a: Mandibuzz|U-turn|p1a: Chansey
|-damage|p1a: Chansey|80/100
|
|t:|1667941104
|switch|p2a: Azelf|Azelf|100/100|[from]move: U-turn
|-damage|p2a: Azelf|88/100|[from] Stealth Rock
|move|p1a: Chansey|Wish|p1a: Chansey
|
|upkeep
|turn|8
|
|t:|1667941109
|move|p2a: Azelf|Knock Off|p1a: Chansey
|-damage|p1a: Chansey|63/100
|-enditem|p1a: Chansey|Eviolite|[from] move: Knock Off|[of] p2a: Azelf
|move|p1a: Chansey|Toxic|p2a: Azelf
|-status|p2a: Azelf|tox
|
|-heal|p1a: Chansey|100/100|[from] move: Wish|[wisher] Chansey
|-damage|p2a: Azelf|82/100 tox|[from] psn
|upkeep
|turn|9
|
|t:|1667941117
|move|p2a: Azelf|U-turn|p1a: Chansey
|-damage|p1a: Chansey|83/100
|
|t:|1667941123
|switch|p2a: Mandibuzz|Mandibuzz, F|86/100 tox|[from]move: U-turn
|move|p1a: Chansey|Seismic Toss|p2a: Mandibuzz
|-damage|p2a: Mandibuzz|62/100 tox
|
|-damage|p2a: Mandibuzz|56/100 tox|[from] psn
|upkeep
|turn|10
|
|t:|1667941126
|move|p2a: Mandibuzz|Defog|p1a: Chansey
|-unboost|p1a: Chansey|evasion|1
|-sideend|p2: Goro Yagami 9|Stealth Rock|[from] move: Defog|[of] p2a: Mandibuzz
|move|p1a: Chansey|Wish|p1a: Chansey
|
|-damage|p2a: Mandibuzz|44/100 tox|[from] psn
|upkeep
|turn|11
|
|t:|1667941131
|switch|p1a: Cobalion|Cobalion|98/100
|move|p2a: Mandibuzz|U-turn|p1a: Cobalion
|-resisted|p1a: Cobalion
|-damage|p1a: Cobalion|96/100
|-damage|p2a: Mandibuzz|27/100 tox|[from] item: Rocky Helmet|[of] p1a: Cobalion
|
|t:|1667941162
|switch|p2a: Azelf|Azelf|82/100 tox|[from]move: U-turn
|
|-heal|p1a: Cobalion|100/100|[from] move: Wish|[wisher] Chansey
|-damage|p2a: Azelf|76/100 tox|[from] psn
|upkeep
|turn|12
|
|t:|1667941173
|move|p2a: Azelf|U-turn|p1a: Cobalion
|-resisted|p1a: Cobalion
|-damage|p1a: Cobalion|96/100
|-damage|p2a: Azelf|59/100 tox|[from] item: Rocky Helmet|[of] p1a: Cobalion
|
|t:|1667941177
|switch|p2a: Slowbro|Slowbro-Galar, F|100/100|[from]move: U-turn
|move|p1a: Cobalion|Stealth Rock|p2a: Slowbro
|-sidestart|p2: Goro Yagami 9|move: Stealth Rock
|
|upkeep
|turn|13
|
|t:|1667941181
|move|p1a: Cobalion|Volt Switch|p2a: Slowbro
|-damage|p2a: Slowbro|93/100
|
|t:|1667941184
|switch|p1a: Zygarde|Zygarde-10%|100/100|[from]move: Volt Switch
|-ability|p1a: Zygarde|Aura Break
|move|p2a: Slowbro|Future Sight|p1a: Zygarde
|-start|p2a: Slowbro|move: Future Sight
|
|upkeep
|turn|14
|
|t:|1667941191
|switch|p2a: Mandibuzz|Mandibuzz, F|27/100 tox
|move|p1a: Zygarde|Thousand Arrows|p2a: Mandibuzz
|-damage|p2a: Mandibuzz|0 fnt
|faint|p2a: Mandibuzz
|
|upkeep
|
|t:|1667941194
|switch|p2a: Cobalion|Cobalion|100/100
|-damage|p2a: Cobalion|97/100|[from] Stealth Rock
|turn|15
|
|t:|1667941208
|switch|p1a: Salamence|Salamence, M|100/100
|-ability|p1a: Salamence|Intimidate|boost
|-unboost|p2a: Cobalion|atk|1
|move|p2a: Cobalion|Iron Head|p1a: Salamence
|-damage|p1a: Salamence|81/100
|
|-end|p1a: Salamence|move: Future Sight
|-damage|p1a: Salamence|37/100
|upkeep
|turn|16
|
|t:|1667941220
|switch|p2a: Slowbro|Slowbro-Galar, F|100/100
|-damage|p2a: Slowbro|88/100|[from] Stealth Rock
|move|p1a: Salamence|Roost|p1a: Salamence
|-heal|p1a: Salamence|87/100
|-singleturn|p1a: Salamence|move: Roost
|
|upkeep
|turn|17
|
|t:|1667941230
|switch|p1a: Cobalion|Cobalion|96/100
|move|p2a: Slowbro|Future Sight|p1a: Cobalion
|-start|p2a: Slowbro|move: Future Sight
|
|upkeep
|turn|18
|
|t:|1667941243
|switch|p2a: Hippowdon|Hippowdon, F|100/100
|-damage|p2a: Hippowdon|94/100|[from] Stealth Rock
|-weather|Sandstorm|[from] ability: Sand Stream|[of] p2a: Hippowdon
|move|p1a: Cobalion|Toxic|p2a: Hippowdon
|-status|p2a: Hippowdon|tox
|
|-weather|Sandstorm|[upkeep]
|-heal|p2a: Hippowdon|100/100 tox|[from] item: Leftovers
|-damage|p2a: Hippowdon|94/100 tox|[from] psn
|upkeep
|turn|19
|
|t:|1667941254
|switch|p1a: Salamence|Salamence, M|87/100
|-ability|p1a: Salamence|Intimidate|boost
|-unboost|p2a: Hippowdon|atk|1
|move|p2a: Hippowdon|Stealth Rock|p1a: Salamence
|-sidestart|p1: Liz Angeles|move: Stealth Rock
|
|-weather|Sandstorm|[upkeep]
|-damage|p1a: Salamence|81/100|[from] Sandstorm
|-end|p1a: Salamence|move: Future Sight
|-damage|p1a: Salamence|33/100
|-heal|p2a: Hippowdon|100/100 tox|[from] item: Leftovers
|-damage|p2a: Hippowdon|88/100 tox|[from] psn
|upkeep
|turn|20
|
|t:|1667941262
|move|p1a: Salamence|Roost|p1a: Salamence
|-heal|p1a: Salamence|83/100
|-singleturn|p1a: Salamence|move: Roost
|move|p2a: Hippowdon|Toxic|p1a: Salamence
|-status|p1a: Salamence|tox
|
|-weather|Sandstorm|[upkeep]
|-damage|p1a: Salamence|77/100 tox|[from] Sandstorm
|-heal|p2a: Hippowdon|94/100 tox|[from] item: Leftovers
|-damage|p1a: Salamence|71/100 tox|[from] psn
|-damage|p2a: Hippowdon|76/100 tox|[from] psn
|upkeep
|turn|21
|
|t:|1667941274
|switch|p1a: Zygarde|Zygarde-10%|100/100
|-damage|p1a: Zygarde|94/100|[from] Stealth Rock
|-ability|p1a: Zygarde|Aura Break
|switch|p2a: Slowbro|Slowbro-Galar, F|100/100
|-damage|p2a: Slowbro|88/100|[from] Stealth Rock
|
|-weather|Sandstorm|[upkeep]
|-damage|p2a: Slowbro|82/100|[from] Sandstorm
|upkeep
|turn|22
|
|t:|1667941281
|switch|p2a: Hippowdon|Hippowdon, F|76/100 tox
|-damage|p2a: Hippowdon|70/100 tox|[from] Stealth Rock
|move|p1a: Zygarde|Thousand Arrows|p2a: Hippowdon
|-damage|p2a: Hippowdon|34/100 tox
|
|-weather|none
|-heal|p2a: Hippowdon|40/100 tox|[from] item: Leftovers
|-damage|p2a: Hippowdon|34/100 tox|[from] psn
|upkeep
|turn|23
|c|☆Goro Yagami 9|good shit
|
|t:|1667941289
|move|p1a: Zygarde|Thousand Arrows|p2a: Hippowdon
|-damage|p2a: Hippowdon|0 fnt
|faint|p2a: Hippowdon
|
|upkeep
|c|☆Goro Yagami 9|am I telegraphing my moves too much?
|
|t:|1667941303
|switch|p2a: Cobalion|Cobalion|97/100
|-damage|p2a: Cobalion|94/100|[from] Stealth Rock
|turn|24
|c|☆Liz Angeles|I wouldn't necessarily say so, it's more that you're playing it a bit too slow at times
|c|☆Goro Yagami 9|slow?
|c|☆Goro Yagami 9|wym
|c|☆Liz Angeles|Like after toxic on mence you're obv gonna switch so it's really easy to go zydog cos it covers everything
|c|☆Liz Angeles|whereas if you toxic instead of rocks then you can switch as mence roosts and force progress and get rocks up later
|
|t:|1667941480
|switch|p1a: Godpod|Golisopod, F|20/100
|move|p2a: Cobalion|Close Combat|p1a: Godpod
|-resisted|p1a: Godpod
|-damage|p1a: Godpod|1/100
|-unboost|p2a: Cobalion|def|1
|-unboost|p2a: Cobalion|spd|1
|
|upkeep
|turn|25
|c|☆Goro Yagami 9|wish I could go back a turn or two during the battle
|
|t:|1667941486
|move|p1a: Godpod|First Impression|p2a: Cobalion
|-resisted|p2a: Cobalion
|-damage|p2a: Cobalion|79/100
|move|p2a: Cobalion|Iron Head|p1a: Godpod
|-resisted|p1a: Godpod
|-damage|p1a: Godpod|0 fnt
|faint|p1a: Godpod
|
|upkeep
|
|t:|1667941491
|switch|p1a: Regijesus|Regieleki|100/100
|turn|26
|
|t:|1667941505
|switch|p2a: Slowbro|Slowbro-Galar, F|100/100
|-damage|p2a: Slowbro|88/100|[from] Stealth Rock
|move|p1a: Regijesus|Thunderbolt|p2a: Slowbro
|-damage|p2a: Slowbro|56/100
|
|upkeep
|turn|27
|
|t:|1667941519
|move|p1a: Regijesus|Electro Ball|p2a: Slowbro
|-damage|p2a: Slowbro|0 fnt
|faint|p2a: Slowbro
|
|upkeep
|c|☆Goro Yagami 9|gg
|c|☆Liz Angeles|gg
|-message|Goro Yagami 9 forfeited.
|
|win|Liz Angeles
|c|☆Goro Yagami 9|another one?
|c|☆Liz Angeles|sure
|l|☆Goro Yagami 9
|l|☆Liz Angeles
|j|☆Goro Yagami 9
|player|p2|Goro Yagami 9|102
