|raw|<div class="broadcast-blue"><strong>This battle is required to be public due to a player having a name starting with 'uult93j'.</div>
|j|☆uult93j aquy
|j|☆UULT93J Glomerule
|t:|1653244701
|gametype|singles
|player|p1|uult93j aquy|shauntal|1557
|player|p2|UULT93J Glomerule|scientist-gen4dp|1570
|teamsize|p1|6
|teamsize|p2|6
|gen|8
|tier|[Gen 8] UU
|rated|
|rule|Sleep Clause Mod: Limit one foe put to sleep
|rule|Species Clause: Limit one of each Pokémon
|rule|OHKO Clause: OHKO moves are banned
|rule|Evasion Moves Clause: Evasion moves are banned
|rule|Endless Battle Clause: Forcing endless battles is banned
|rule|HP Percentage Mod: HP is shown in percentages
|rule|Dynamax Clause: You cannot dynamax
|clearpoke
|poke|p1|Keldeo-Resolute|
|poke|p1|Amoonguss, M|
|poke|p1|Excadrill, F|
|poke|p1|Primarina, F|
|poke|p1|Mandibuzz, F|
|poke|p1|Salamence, M|
|poke|p2|Hippowdon, M|
|poke|p2|Amoonguss, M|
|poke|p2|Chandelure, M|
|poke|p2|Rotom-Wash|
|poke|p2|Hatterene, F|
|poke|p2|Excadrill, M|
|teampreview
|inactive|Battle timer is ON: inactive players will automatically lose when time's up. (requested by uult93j aquy)
|j| t-yeu
|inactive|uult93j aquy has 120 seconds left.
|inactive|UULT93J Glomerule has 120 seconds left.
|
|t:|1653244743
|start
|switch|p1a: Primarina|Primarina, F|100/100
|switch|p2a: Amoonguss|Amoonguss, M|100/100
|turn|1
|
|t:|1653244758
|switch|p1a: Amoonguss|Amoonguss, M|100/100
|move|p2a: Amoonguss|Sludge Bomb|p1a: Amoonguss
|-damage|p1a: Amoonguss|77/100
|
|-heal|p1a: Amoonguss|83/100|[from] item: Black Sludge
|upkeep
|turn|2
|
|t:|1653244769
|switch|p1a: Excadrill|Excadrill, F|100/100
|-ability|p1a: Excadrill|Mold Breaker
|switch|p2a: Chandelure|Chandelure, M|100/100
|
|upkeep
|turn|3
|
|t:|1653244800
|switch|p1a: Mandibuzz|Mandibuzz, F|100/100
|move|p2a: Chandelure|Fire Blast|p1a: Mandibuzz
|-damage|p1a: Mandibuzz|51/100
|
|upkeep
|turn|4
|j| Sirwings
|j| Akeras
|
|t:|1653244813
|switch|p2a: Hippowdon|Hippowdon, M|100/100
|-weather|Sandstorm|[from] ability: Sand Stream|[of] p2a: Hippowdon
|move|p1a: Mandibuzz|Roost|p1a: Mandibuzz
|-heal|p1a: Mandibuzz|100/100
|-singleturn|p1a: Mandibuzz|move: Roost
|
|-weather|Sandstorm|[upkeep]
|upkeep
|turn|5
|j| Mimilucha
|j|+TSR
|
|t:|1653244820
|move|p1a: Mandibuzz|U-turn|p2a: Hippowdon
|-damage|p2a: Hippowdon|93/100
|
|t:|1653244822
|switch|p1a: Primarina|Primarina, F|100/100|[from]move: U-turn
|move|p2a: Hippowdon|Stealth Rock|p1a: Primarina
|-sidestart|p1: uult93j aquy|move: Stealth Rock
|
|-weather|Sandstorm|[upkeep]
|-damage|p1a: Primarina|94/100|[from] Sandstorm
|-heal|p1a: Primarina|100/100|[from] item: Leftovers
|upkeep
|turn|6
|
|t:|1653244831
|switch|p2a: Rotom|Rotom-Wash|100/100
|move|p1a: Primarina|Substitute|p1a: Primarina
|-start|p1a: Primarina|Substitute
|-damage|p1a: Primarina|75/100
|
|-weather|Sandstorm|[upkeep]
|-damage|p2a: Rotom|94/100|[from] Sandstorm
|-damage|p1a: Primarina|69/100|[from] Sandstorm
|-heal|p2a: Rotom|100/100|[from] item: Leftovers
|-heal|p1a: Primarina|75/100|[from] item: Leftovers
|upkeep
|turn|7
|
|t:|1653244837
|move|p2a: Rotom|Volt Switch|p1a: Primarina
|-supereffective|p1a: Primarina
|-end|p1a: Primarina|Substitute
|
|t:|1653244841
|switch|p2a: Excadrill|Excadrill, M|100/100|[from]move: Volt Switch
|move|p1a: Primarina|Calm Mind|p1a: Primarina
|-boost|p1a: Primarina|spa|1
|-boost|p1a: Primarina|spd|1
|
|-weather|Sandstorm|[upkeep]
|-damage|p1a: Primarina|69/100|[from] Sandstorm
|-heal|p1a: Primarina|75/100|[from] item: Leftovers
|upkeep
|turn|8
|
|t:|1653244855
|switch|p1a: Mandibuzz|Mandibuzz, F|100/100
|move|p2a: Excadrill|Earthquake|p1a: Mandibuzz
|-immune|p1a: Mandibuzz
|
|-weather|Sandstorm|[upkeep]
|upkeep
|turn|9
|
|t:|1653244875
|switch|p2a: Hippowdon|Hippowdon, M|93/100
|move|p1a: Mandibuzz|Defog|p2a: Hippowdon
|-unboost|p2a: Hippowdon|evasion|1
|-sideend|p1: uult93j aquy|Stealth Rock|[from] move: Defog|[of] p1a: Mandibuzz
|
|-weather|Sandstorm|[upkeep]
|upkeep
|turn|10
|
|t:|1653244888
|move|p1a: Mandibuzz|U-turn|p2a: Hippowdon
|-damage|p2a: Hippowdon|85/100
|
|t:|1653244892
|switch|p1a: Keldeo|Keldeo-Resolute|100/100|[from]move: U-turn
|move|p2a: Hippowdon|Stealth Rock|p1a: Keldeo
|-sidestart|p1: uult93j aquy|move: Stealth Rock
|
|-weather|Sandstorm|[upkeep]
|-damage|p1a: Keldeo|94/100|[from] Sandstorm
|upkeep
|turn|11
|j| uult93j ust
|
|t:|1653244924
|switch|p2a: Rotom|Rotom-Wash|100/100
|move|p1a: Keldeo|Scald|p2a: Rotom
|-resisted|p2a: Rotom
|-damage|p2a: Rotom|65/100
|
|-weather|none
|-heal|p2a: Rotom|71/100|[from] item: Leftovers
|upkeep
|turn|12
|
|t:|1653244932
|switch|p1a: Excadrill|Excadrill, F|100/100
|-damage|p1a: Excadrill|97/100|[from] Stealth Rock
|-ability|p1a: Excadrill|Mold Breaker
|move|p2a: Rotom|Hydro Pump|p1a: Excadrill|[miss]
|-miss|p2a: Rotom|p1a: Excadrill
|
|-heal|p1a: Excadrill|100/100|[from] item: Leftovers
|-heal|p2a: Rotom|77/100|[from] item: Leftovers
|upkeep
|turn|13
|c|☆UULT93J Glomerule|typical
|c|☆uult93j aquy|sry
|c|☆uult93j aquy|nice play
|c|☆UULT93J Glomerule|saccing the hatt answer and getting bailed
|inactive|uult93j aquy has 120 seconds left.
|inactive|UULT93J Glomerule has 120 seconds left.
|
|t:|1653244967
|switch|p2a: Amoonguss|Amoonguss, M|100/100
|move|p1a: Excadrill|Stealth Rock|p2a: Amoonguss
|-sidestart|p2: UULT93J Glomerule|move: Stealth Rock
|
|upkeep
|turn|14
|
|t:|1653244988
|switch|p1a: Mandibuzz|Mandibuzz, F|100/100
|switch|p2a: Chandelure|Chandelure, M|100/100
|-damage|p2a: Chandelure|76/100|[from] Stealth Rock
|
|upkeep
|turn|15
|
|t:|1653244998
|move|p2a: Chandelure|Trick|p1a: Mandibuzz
|-activate|p2a: Chandelure|move: Trick|[of] p1a: Mandibuzz
|-item|p1a: Mandibuzz|Choice Scarf|[from] move: Trick
|-item|p2a: Chandelure|Heavy-Duty Boots|[from] move: Trick
|move|p1a: Mandibuzz|U-turn|p2a: Chandelure
|-resisted|p2a: Chandelure
|-damage|p2a: Chandelure|72/100
|
|t:|1653245009
|switch|p1a: Keldeo|Keldeo-Resolute|94/100|[from]move: U-turn
|-damage|p1a: Keldeo|88/100|[from] Stealth Rock
|
|upkeep
|turn|16
|
|t:|1653245012
|switch|p2a: Amoonguss|Amoonguss, M|100/100
|-damage|p2a: Amoonguss|88/100|[from] Stealth Rock
|move|p1a: Keldeo|Flip Turn|p2a: Amoonguss
|-resisted|p2a: Amoonguss
|-damage|p2a: Amoonguss|83/100
|-damage|p1a: Keldeo|72/100|[from] item: Rocky Helmet|[of] p2a: Amoonguss
|inactive|uult93j aquy has 120 seconds left.
|inactive|uult93j aquy has 90 seconds left.
|
|t:|1653245047
|switch|p1a: Mandibuzz|Mandibuzz, F|100/100|[from]move: Flip Turn
|-damage|p1a: Mandibuzz|75/100|[from] Stealth Rock
|
|upkeep
|turn|17
|
|t:|1653245062
|move|p1a: Mandibuzz|U-turn|p2a: Amoonguss
|-damage|p2a: Amoonguss|74/100
|-damage|p1a: Mandibuzz|59/100|[from] item: Rocky Helmet|[of] p2a: Amoonguss
|
|t:|1653245069
|switch|p1a: Amoonguss|Amoonguss, M|100/100|[from]move: U-turn
|-damage|p1a: Amoonguss|88/100|[from] Stealth Rock
|move|p2a: Amoonguss|Sludge Bomb|p1a: Amoonguss
|-damage|p1a: Amoonguss|64/100
|
|-heal|p1a: Amoonguss|70/100|[from] item: Black Sludge
|upkeep
|turn|18
|inactive|UULT93J Glomerule has 120 seconds left.
|
|t:|1653245108
|move|p2a: Amoonguss|Sludge Bomb|p1a: Amoonguss
|-damage|p1a: Amoonguss|47/100
|move|p1a: Amoonguss|Clear Smog|p2a: Amoonguss
|-damage|p2a: Amoonguss|61/100
|-clearboost|p2a: Amoonguss
|
|-heal|p1a: Amoonguss|54/100|[from] item: Black Sludge
|upkeep
|turn|19
|inactive|uult93j aquy has 90 seconds left.
|
|t:|1653245142
|move|p1a: Amoonguss|Clear Smog|p2a: Amoonguss
|-crit|p2a: Amoonguss
|-damage|p2a: Amoonguss|39/100
|-clearboost|p2a: Amoonguss
|move|p2a: Amoonguss|Spore|p1a: Amoonguss
|-immune|p1a: Amoonguss
|
|-heal|p1a: Amoonguss|60/100|[from] item: Black Sludge
|upkeep
|turn|20
|
|t:|1653245148
|switch|p2a: Chandelure|Chandelure, M|72/100
|switch|p1a: Mandibuzz|Mandibuzz, F|59/100
|-damage|p1a: Mandibuzz|34/100|[from] Stealth Rock
|
|upkeep
|turn|21
|inactive|uult93j aquy has 90 seconds left.
|j| Ironx98
|
|t:|1653245177
|switch|p2a: Amoonguss|Amoonguss, M|72/100
|-damage|p2a: Amoonguss|60/100|[from] Stealth Rock
|move|p1a: Mandibuzz|Roost|p1a: Mandibuzz
|-heal|p1a: Mandibuzz|84/100
|-singleturn|p1a: Mandibuzz|move: Roost
|
|upkeep
|turn|22
|
|t:|1653245188
|switch|p2a: Chandelure|Chandelure, M|72/100
|move|p1a: Mandibuzz|Roost|p1a: Mandibuzz
|-heal|p1a: Mandibuzz|100/100
|-singleturn|p1a: Mandibuzz|move: Roost
|
|upkeep
|turn|23
|
|t:|1653245196
|switch|p1a: Keldeo|Keldeo-Resolute|72/100
|-damage|p1a: Keldeo|66/100|[from] Stealth Rock
|move|p2a: Chandelure|Shadow Ball|p1a: Keldeo
|-damage|p1a: Keldeo|10/100
|
|upkeep
|turn|24
|inactive|UULT93J Glomerule has 90 seconds left.
|inactive|UULT93J Glomerule has 60 seconds left.
|
|t:|1653245258
|switch|p2a: Amoonguss|Amoonguss, M|93/100
|-damage|p2a: Amoonguss|80/100|[from] Stealth Rock
|move|p1a: Keldeo|Scald|p2a: Amoonguss
|-resisted|p2a: Amoonguss
|-damage|p2a: Amoonguss|52/100
|
|upkeep
|turn|25
|j| Zaza BitchuLia
|inactive|uult93j aquy has 90 seconds left.
|
|t:|1653245289
|switch|p1a: Amoonguss|Amoonguss, M|93/100
|-damage|p1a: Amoonguss|81/100|[from] Stealth Rock
|move|p2a: Amoonguss|Sludge Bomb|p1a: Amoonguss
|-damage|p1a: Amoonguss|59/100
|
|-heal|p1a: Amoonguss|65/100|[from] item: Black Sludge
|upkeep
|turn|26
|inactive|uult93j aquy has 90 seconds left.
|
|t:|1653245302
|switch|p2a: Chandelure|Chandelure, M|72/100
|move|p1a: Amoonguss|Clear Smog|p2a: Chandelure
|-resisted|p2a: Chandelure
|-damage|p2a: Chandelure|61/100
|-clearboost|p2a: Chandelure
|
|-heal|p1a: Amoonguss|71/100|[from] item: Black Sludge
|upkeep
|turn|27
|j| Micciu20250
|inactive|uult93j aquy has 90 seconds left.
|
|t:|1653245312
|switch|p1a: Mandibuzz|Mandibuzz, F|100/100
|-damage|p1a: Mandibuzz|75/100|[from] Stealth Rock
|move|p2a: Chandelure|Fire Blast|p1a: Mandibuzz
|-crit|p1a: Mandibuzz
|-damage|p1a: Mandibuzz|0 fnt
|faint|p1a: Mandibuzz
|
|upkeep
|inactive|uult93j aquy has 90 seconds left.
|
|t:|1653245322
|switch|p1a: Excadrill|Excadrill, F|100/100
|-damage|p1a: Excadrill|97/100|[from] Stealth Rock
|-ability|p1a: Excadrill|Mold Breaker
|turn|28
|inactive|UULT93J Glomerule has 60 seconds left.
|j| Daizooki
|inactive|UULT93J Glomerule has 30 seconds left.
|
|t:|1653245367
|switch|p2a: Hippowdon|Hippowdon, M|85/100
|-damage|p2a: Hippowdon|79/100|[from] Stealth Rock
|-weather|Sandstorm|[from] ability: Sand Stream|[of] p2a: Hippowdon
|move|p1a: Excadrill|Earthquake|p2a: Hippowdon
|-damage|p2a: Hippowdon|42/100
|
|-weather|Sandstorm|[upkeep]
|-heal|p1a: Excadrill|100/100|[from] item: Leftovers
|upkeep
|turn|29
|
|t:|1653245371
|move|p1a: Excadrill|Iron Head|p2a: Hippowdon
|-damage|p2a: Hippowdon|14/100
|cant|p2a: Hippowdon|flinch
|
|-weather|Sandstorm|[upkeep]
|upkeep
|turn|30
|c|☆UULT93J Glomerule|remember when this died
|inactive|UULT93J Glomerule has 30 seconds left.
|c|☆uult93j aquy|its called hax
|inactive|uult93j aquy has 90 seconds left.
|c|☆uult93j aquy|and i exploited it
|c|☆UULT93J Glomerule|some of us are bad enough to rely on it more than others
|c|☆uult93j aquy|and honestly idgaf how u feel about it
|inactive|UULT93J Glomerule has 20 seconds left.
|c|☆uult93j aquy|tf
|inactive|UULT93J Glomerule has 15 seconds left.
|
|t:|1653245429
|move|p1a: Excadrill|Earthquake|p2a: Hippowdon
|-damage|p2a: Hippowdon|0 fnt
|faint|p2a: Hippowdon
|
|-weather|Sandstorm|[upkeep]
|upkeep
|inactive|UULT93J Glomerule has 20 seconds left this turn.
|inactive|UULT93J Glomerule has 15 seconds left.
|c| Daizooki|it was calculated
|
|t:|1653245435
|switch|p2a: Excadrill|Excadrill, M|100/100
|-damage|p2a: Excadrill|97/100|[from] Stealth Rock
|turn|31
|inactive|UULT93J Glomerule has 25 seconds left this turn.
|inactive|UULT93J Glomerule has 20 seconds left.
|c|☆uult93j aquy|stop complaining like fuck
|inactive|uult93j aquy has 60 seconds left.
|c|☆uult93j aquy|its pokemon
|
|t:|1653245471
|switch|p1a: Amoonguss|Amoonguss, M|100/100
|-damage|p1a: Amoonguss|88/100|[from] Stealth Rock
|move|p2a: Excadrill|Swords Dance|p2a: Excadrill
|-boost|p2a: Excadrill|atk|2
|
|-weather|Sandstorm|[upkeep]
|-damage|p1a: Amoonguss|82/100|[from] Sandstorm
|-heal|p1a: Amoonguss|88/100|[from] item: Black Sludge
|upkeep
|turn|32
|inactive|UULT93J Glomerule has 30 seconds left this turn.
|inactive|UULT93J Glomerule has 20 seconds left.
|
|t:|1653245481
|switch|p1a: Salamence|Salamence, M|100/100
|-ability|p1a: Salamence|Intimidate|boost
|-unboost|p2a: Excadrill|atk|1
|move|p2a: Excadrill|Earthquake|p1a: Salamence
|-immune|p1a: Salamence
|
|-weather|Sandstorm|[upkeep]
|-damage|p1a: Salamence|94/100|[from] Sandstorm
|upkeep
|turn|33
|inactive|UULT93J Glomerule has 30 seconds left this turn.
|
|t:|1653245495
|switch|p1a: Amoonguss|Amoonguss, M|100/100
|-damage|p1a: Amoonguss|88/100|[from] Stealth Rock
|move|p2a: Excadrill|Rock Slide|p1a: Amoonguss
|-damage|p1a: Amoonguss|54/100
|
|-weather|Sandstorm|[upkeep]
|-damage|p1a: Amoonguss|48/100|[from] Sandstorm
|-heal|p1a: Amoonguss|54/100|[from] item: Black Sludge
|upkeep
|turn|34
|inactive|uult93j aquy has 30 seconds left.
|c|☆uult93j aquy|damn my drill starting to look threatening
|inactive|uult93j aquy has 20 seconds left.
|inactive|uult93j aquy has 15 seconds left.
|
|t:|1653245540
|move|p2a: Excadrill|Iron Head|p1a: Amoonguss
|-damage|p1a: Amoonguss|0 fnt
|faint|p1a: Amoonguss
|
|-weather|Sandstorm|[upkeep]
|upkeep
|inactive|uult93j aquy has 20 seconds left this turn.
|
|t:|1653245545
|switch|p1a: Salamence|Salamence, M|94/100
|-ability|p1a: Salamence|Intimidate|boost
|-unboost|p2a: Excadrill|atk|1
|turn|35
|inactive|uult93j aquy has 30 seconds left this turn.
|c|☆UULT93J Glomerule|damn your timer starting to look low
|inactive|uult93j aquy has 20 seconds left.
|inactive|uult93j aquy has 15 seconds left.
|
|t:|1653245560
|move|p2a: Excadrill|Rock Slide|p1a: Salamence
|-supereffective|p1a: Salamence
|-damage|p1a: Salamence|22/100
|move|p1a: Salamence|Dragon Dance|p1a: Salamence
|-boost|p1a: Salamence|atk|1
|-boost|p1a: Salamence|spe|1
|
|-weather|none
|upkeep
|turn|36
|inactive|uult93j aquy has 25 seconds left this turn.
|inactive|uult93j aquy has 20 seconds left.
|
|t:|1653245573
|switch|p2a: Rotom|Rotom-Wash|77/100
|-damage|p2a: Rotom|65/100|[from] Stealth Rock
|move|p1a: Salamence|Earthquake|p2a: Rotom
|-immune|p2a: Rotom|[from] ability: Levitate
|
|-heal|p2a: Rotom|71/100|[from] item: Leftovers
|upkeep
|turn|37
|inactive|uult93j aquy has 30 seconds left this turn.
|inactive|uult93j aquy has 20 seconds left.
|
|t:|1653245584
|switch|p1a: Excadrill|Excadrill, F|100/100
|-damage|p1a: Excadrill|97/100|[from] Stealth Rock
|-ability|p1a: Excadrill|Mold Breaker
|move|p2a: Rotom|Volt Switch|p1a: Excadrill
|-immune|p1a: Excadrill
|
|-heal|p1a: Excadrill|100/100|[from] item: Leftovers
|-heal|p2a: Rotom|77/100|[from] item: Leftovers
|upkeep
|turn|38
|inactive|uult93j aquy has 30 seconds left this turn.
|
|t:|1653245597
|switch|p2a: Chandelure|Chandelure, M|61/100
|move|p1a: Excadrill|Earthquake|p2a: Chandelure
|-supereffective|p2a: Chandelure
|-damage|p2a: Chandelure|0 fnt
|faint|p2a: Chandelure
|
|upkeep
|inactive|uult93j aquy has 30 seconds left this turn.
|
|t:|1653245600
|switch|p2a: Amoonguss|Amoonguss, M|85/100
|-damage|p2a: Amoonguss|72/100|[from] Stealth Rock
|turn|39
|inactive|uult93j aquy has 30 seconds left.
|
|t:|1653245615
|switch|p1a: Keldeo|Keldeo-Resolute|10/100
|-damage|p1a: Keldeo|4/100|[from] Stealth Rock
|move|p2a: Amoonguss|Spore|p1a: Keldeo
|-status|p1a: Keldeo|slp|[from] move: Spore
|
|upkeep
|turn|40
|
|t:|1653245625
|switch|p1a: Excadrill|Excadrill, F|100/100
|-damage|p1a: Excadrill|97/100|[from] Stealth Rock
|-ability|p1a: Excadrill|Mold Breaker
|move|p2a: Amoonguss|Foul Play|p1a: Excadrill
|-damage|p1a: Excadrill|49/100
|
|-heal|p1a: Excadrill|55/100|[from] item: Leftovers
|upkeep
|turn|41
|
|t:|1653245635
|move|p1a: Excadrill|Earthquake|p2a: Amoonguss
|-damage|p2a: Amoonguss|32/100
|move|p2a: Amoonguss|Foul Play|p1a: Excadrill
|-crit|p1a: Excadrill
|-damage|p1a: Excadrill|0 fnt
|faint|p1a: Excadrill
|
|upkeep
|
|t:|1653245640
|switch|p1a: Salamence|Salamence, M|22/100
|-ability|p1a: Salamence|Intimidate|boost
|-unboost|p2a: Amoonguss|atk|1
|turn|42
|c|☆UULT93J Glomerule|easy
|inactive|UULT93J Glomerule has 60 seconds left.
|
|t:|1653245650
|move|p1a: Salamence|Dual Wingbeat|p2a: Amoonguss
|-supereffective|p2a: Amoonguss
|-damage|p2a: Amoonguss|0 fnt
|-damage|p1a: Salamence|5/100|[from] item: Rocky Helmet|[of] p2a: Amoonguss
|faint|p2a: Amoonguss
|-hitcount|p2: Amoonguss|1
|
|upkeep
|inactive|UULT93J Glomerule has 60 seconds left.
|
|t:|1653245656
|switch|p2a: Hatterene|Hatterene, F|100/100
|-damage|p2a: Hatterene|88/100|[from] Stealth Rock
|turn|43
|
|t:|1653245663
|move|p1a: Salamence|Dragon Dance|p1a: Salamence
|-boost|p1a: Salamence|atk|1
|-boost|p1a: Salamence|spe|1
|move|p2a: Hatterene|Draining Kiss|p1a: Salamence
|-supereffective|p1a: Salamence
|-damage|p1a: Salamence|0 fnt
|-heal|p2a: Hatterene|92/100|[from] drain|[of] p1a: Salamence
|faint|p1a: Salamence
|
|-heal|p2a: Hatterene|98/100|[from] item: Leftovers
|upkeep
|
|t:|1653245665
|switch|p1a: Primarina|Primarina, F|75/100
|-damage|p1a: Primarina|63/100|[from] Stealth Rock
|turn|44
|
|t:|1653245673
|move|p1a: Primarina|Calm Mind|p1a: Primarina
|-boost|p1a: Primarina|spa|1
|-boost|p1a: Primarina|spd|1
|move|p2a: Hatterene|Psyshock|p1a: Primarina
|-damage|p1a: Primarina|24/100
|
|-heal|p1a: Primarina|30/100|[from] item: Leftovers
|-heal|p2a: Hatterene|100/100|[from] item: Leftovers
|upkeep
|turn|45
|
|t:|1653245678
|move|p1a: Primarina|Draining Kiss|p2a: Hatterene
|-damage|p2a: Hatterene|69/100
|-heal|p1a: Primarina|50/100|[from] drain|[of] p2a: Hatterene
|move|p2a: Hatterene|Psyshock|p1a: Primarina
|-damage|p1a: Primarina|11/100
|
|-heal|p1a: Primarina|17/100|[from] item: Leftovers
|-heal|p2a: Hatterene|75/100|[from] item: Leftovers
|upkeep
|turn|46
|c|☆UULT93J Glomerule|even with all that hax
|c|☆UULT93J Glomerule|good bye
|c| uult93j ust|you are something else
|c| Daizooki|lol
|inactive|uult93j aquy has 60 seconds left.
|c|☆UULT93J Glomerule|you are easy
|c|☆UULT93J Glomerule|click the X button sis
|c| Daizooki|typical showdown player
|c|☆uult93j aquy|nigha u prolly old head playing a kids game
|c|☆uult93j aquy|i truly dgaf
|inactive|uult93j aquy has 30 seconds left.
|
|t:|1653245739
|move|p1a: Primarina|Draining Kiss|p2a: Hatterene
|-damage|p2a: Hatterene|39/100
|-heal|p1a: Primarina|41/100|[from] drain|[of] p2a: Hatterene
|move|p2a: Hatterene|Psyshock|p1a: Primarina
|-damage|p1a: Primarina|6/100
|
|-heal|p1a: Primarina|12/100|[from] item: Leftovers
|-heal|p2a: Hatterene|45/100|[from] item: Leftovers
|upkeep
|turn|47
|inactive|UULT93J Glomerule has 90 seconds left.
|j| Totem skarm
|l| Akeras
|c|☆uult93j aquy|get u sum bitches
|c|☆uult93j aquy|hoe ass nigha
|c|&|/log uult93j aquy was warned by Artemis (☆uult93j aquy: hoe ass nigha)
|c|&|/raw <small>This action was done automatically. Want to learn more about the AI? <a href="https://www.smogon.com/forums/threads/3570628/#post-9056769">Visit the information thread</a>.</small>
|c| Daizooki|LMFAO
|
|t:|1653245779
|move|p1a: Primarina|Scald|p2a: Hatterene
|-damage|p2a: Hatterene|0 fnt
|faint|p2a: Hatterene
|
|-heal|p1a: Primarina|18/100|[from] item: Leftovers
|upkeep
|
|t:|1653245789
|switch|p2a: Rotom|Rotom-Wash|77/100
|-damage|p2a: Rotom|65/100|[from] Stealth Rock
|turn|48
|
|t:|1653245796
|move|p2a: Rotom|Volt Switch|p1a: Primarina
|-supereffective|p1a: Primarina
|-damage|p1a: Primarina|0 fnt
|faint|p1a: Primarina
|c|☆UULT93J Glomerule|feel free to visit the information thread
|inactive|UULT93J Glomerule has 60 seconds left.
|
|t:|1653245824
|switch|p2a: Excadrill|Excadrill, M|97/100|[from]move: Volt Switch
|-damage|p2a: Excadrill|94/100|[from] Stealth Rock
|
|upkeep
|
|t:|1653245826
|switch|p1a: Keldeo|Keldeo-Resolute|4/100 slp
|-damage|p1a: Keldeo|0 fnt|[from] Stealth Rock
|faint|p1a: Keldeo
|
|win|UULT93J Glomerule
|raw|uult93j aquy's rating: 1557 &rarr; <strong>1538</strong><br />(-19 for losing)
|raw|UULT93J Glomerule's rating: 1570 &rarr; <strong>1589</strong><br />(+19 for winning)
|l|☆UULT93J Glomerule
|l| Sirwings
|l| Zaza BitchuLia
|j|@Lily
||Ladder isn't responding, score probably updated but might not have (Request timeout).
|l| Micciu20250
|l|+TSR
|l| Daizooki
|l|☆uult93j aquy
|l|@Lily
|l| Totem skarm
|l| uult93j ust
|j|+avarice
|l|+avarice
|l| t-yeu
|l| Mimilucha
|j|%estarossa
