|html|<div class="broadcast-blue"><strong>[Gen 8] UU is currently suspecting Scizor! For information on how to participate check out the <a href="https://www.smogon.com/forums/threads/ss-uu-stage-12-2-spider-dance.3704866/">suspect thread</a>.</strong></div>
|j|☆DLLT Wuchtbrumme
|j|☆aggron meta ✧
|t:|1658212653
|gametype|singles
|player|p1|DLLT Wuchtbrumme|169|1145
|player|p2|aggron meta ✧|teammagmagruntf-gen3|1119
|teamsize|p1|6
|teamsize|p2|6
|gen|8
|tier|[Gen 8] UU
|rated|
|rule|Sleep Clause Mod: Limit one foe put to sleep
|rule|Species Clause: Limit one of each Pokémon
|rule|OHKO Clause: OHKO moves are banned
|rule|Evasion Moves Clause: Evasion moves are banned
|rule|Endless Battle Clause: Forcing endless battles is banned
|rule|HP Percentage Mod: HP is shown in percentages
|rule|Dynamax Clause: You cannot dynamax
|clearpoke
|poke|p1|Noivern, F|
|poke|p1|Primarina, F|
|poke|p1|Jirachi|
|poke|p1|Darmanitan, M|
|poke|p1|Zarude|
|poke|p1|Rotom-Wash|
|poke|p2|Chansey, F|
|poke|p2|Quagsire, F|
|poke|p2|Umbreon, F|
|poke|p2|Salamence, M|
|poke|p2|Nihilego|
|poke|p2|Tangrowth, M|
|teampreview
|
|t:|1658212672
|start
|switch|p1a: Darmanitan|Darmanitan, M, shiny|100/100
|switch|p2a: shinryu dragon|Salamence, M|100/100
|-ability|p2a: shinryu dragon|Intimidate|boost
|-unboost|p1a: Darmanitan|atk|1
|turn|1
|
|t:|1658212680
|switch|p1a: Rotom|Rotom-Wash, shiny|100/100
|move|p2a: shinryu dragon|Hurricane|p1a: Rotom
|-resisted|p1a: Rotom
|-damage|p1a: Rotom|79/100
|
|-heal|p1a: Rotom|86/100|[from] item: Leftovers
|upkeep
|turn|2
|
|t:|1658212688
|switch|p2a: grassland of death|Tangrowth, M|100/100
|move|p1a: Rotom|Toxic|p2a: grassland of death
|-status|p2a: grassland of death|tox
|
|-heal|p1a: Rotom|92/100|[from] item: Leftovers
|-damage|p2a: grassland of death|94/100 tox|[from] psn
|upkeep
|turn|3
|
|t:|1658212698
|move|p1a: Rotom|Volt Switch|p2a: grassland of death
|-resisted|p2a: grassland of death
|-damage|p2a: grassland of death|75/100 tox
|
|t:|1658212704
|switch|p1a: Jirachi|Jirachi, shiny|100/100|[from]move: Volt Switch
|move|p2a: grassland of death|Knock Off|p1a: Jirachi
|-supereffective|p1a: Jirachi
|-damage|p1a: Jirachi|63/100
|-enditem|p1a: Jirachi|Leftovers|[from] move: Knock Off|[of] p2a: grassland of death
|
|-damage|p2a: grassland of death|63/100 tox|[from] psn
|upkeep
|turn|4
|
|t:|1658212714
|switch|p2a: shinryu dragon|Salamence, M|100/100
|-ability|p2a: shinryu dragon|Intimidate|boost
|-unboost|p1a: Jirachi|atk|1
|move|p1a: Jirachi|Protect||[still]
|-fail|p1a: Jirachi
|
|upkeep
|turn|5
|
|t:|1658212743
|move|p2a: shinryu dragon|Flamethrower|p1a: Jirachi
|-supereffective|p1a: Jirachi
|-damage|p1a: Jirachi|36/100
|move|p1a: Jirachi|U-turn|p2a: shinryu dragon
|-resisted|p2a: shinryu dragon
|-damage|p2a: shinryu dragon|95/100
|
|t:|1658212752
|switch|p1a: Primarina|Primarina, F, shiny|100/100|[from]move: U-turn
|
|upkeep
|turn|6
|
|t:|1658212767
|switch|p2a: sieur de cauncy|Chansey, F|100/100
|move|p1a: Primarina|Flip Turn|p2a: sieur de cauncy
|-damage|p2a: sieur de cauncy|91/100
|
|t:|1658212788
|switch|p1a: Darmanitan|Darmanitan, M, shiny|100/100|[from]move: Flip Turn
|
|upkeep
|turn|7
|
|t:|1658212796
|switch|p2a: shinryu dragon|Salamence, M|95/100
|-ability|p2a: shinryu dragon|Intimidate|boost
|-unboost|p1a: Darmanitan|atk|1
|move|p1a: Darmanitan|Flare Blitz|p2a: shinryu dragon
|-resisted|p2a: shinryu dragon
|-damage|p2a: shinryu dragon|55/100
|-damage|p1a: Darmanitan|86/100|[from] Recoil
|
|upkeep
|turn|8
|
|t:|1658212805
|switch|p1a: Primarina|Primarina, F, shiny|100/100
|move|p2a: shinryu dragon|Roost|p2a: shinryu dragon
|-heal|p2a: shinryu dragon|100/100
|-singleturn|p2a: shinryu dragon|move: Roost
|
|upkeep
|turn|9
|
|t:|1658212812
|switch|p2a: sieur de cauncy|Chansey, F|91/100
|move|p1a: Primarina|Moonblast|p2a: sieur de cauncy
|-damage|p2a: sieur de cauncy|74/100
|
|upkeep
|turn|10
|
|t:|1658212824
|move|p1a: Primarina|Flip Turn|p2a: sieur de cauncy
|-damage|p2a: sieur de cauncy|65/100
|
|t:|1658212827
|switch|p1a: Darmanitan|Darmanitan, M, shiny|86/100|[from]move: Flip Turn
|move|p2a: sieur de cauncy|Aromatherapy|p2a: sieur de cauncy
|-activate|p2a: sieur de cauncy|move: Aromatherapy
|-curestatus|p2: grassland of death|tox|[msg]
|
|upkeep
|turn|11
|
|t:|1658212858
|switch|p2a: shinryu dragon|Salamence, M|100/100
|-ability|p2a: shinryu dragon|Intimidate|boost
|-unboost|p1a: Darmanitan|atk|1
|move|p1a: Darmanitan|Flare Blitz|p2a: shinryu dragon
|-resisted|p2a: shinryu dragon
|-damage|p2a: shinryu dragon|63/100
|-damage|p1a: Darmanitan|72/100|[from] Recoil
|
|upkeep
|turn|12
|l|☆aggron meta ✧
|player|p2|
|inactive|Battle timer is ON: inactive players will automatically lose when time's up. (requested by DLLT Wuchtbrumme)
|j|☆aggron meta ✧
|inactive|aggron meta ✧ reconnected and has 145 seconds left.
|player|p2|aggron meta ✧|teammagmagruntf-gen3
|
|t:|1658212935
|switch|p1a: Primarina|Primarina, F, shiny|100/100
|move|p2a: shinryu dragon|Roost|p2a: shinryu dragon
|-heal|p2a: shinryu dragon|100/100
|-singleturn|p2a: shinryu dragon|move: Roost
|
|upkeep
|turn|13
|
|t:|1658212942
|switch|p2a: sieur de cauncy|Chansey, F|65/100
|move|p1a: Primarina|Flip Turn|p2a: sieur de cauncy
|-damage|p2a: sieur de cauncy|56/100
|
|t:|1658212947
|switch|p1a: Darmanitan|Darmanitan, M, shiny|72/100|[from]move: Flip Turn
|
|upkeep
|turn|14
|
|t:|1658212959
|switch|p2a: shinryu dragon|Salamence, M|100/100
|-ability|p2a: shinryu dragon|Intimidate|boost
|-unboost|p1a: Darmanitan|atk|1
|move|p1a: Darmanitan|U-turn|p2a: shinryu dragon
|-resisted|p2a: shinryu dragon
|-damage|p2a: shinryu dragon|90/100
|-damage|p1a: Darmanitan|62/100|[from] item: Life Orb
|
|t:|1658212967
|switch|p1a: Primarina|Primarina, F, shiny|100/100|[from]move: U-turn
|
|upkeep
|turn|15
|j| Opnoob 598✬
|inactive|aggron meta ✧ has 120 seconds left.
|c| Opnoob 598✬|aggron meta
|c| Opnoob 598✬|Read PM's or fake
|c| Opnoob 598✬|*or real
|
|t:|1658213012
|switch|p2a: sieur de cauncy|Chansey, F|56/100
|move|p1a: Primarina|Moonblast|p2a: sieur de cauncy
|-damage|p2a: sieur de cauncy|39/100
|
|upkeep
|turn|16
|
|t:|1658213022
|move|p1a: Primarina|Flip Turn|p2a: sieur de cauncy
|-damage|p2a: sieur de cauncy|29/100
|
|t:|1658213024
|switch|p1a: Darmanitan|Darmanitan, M, shiny|62/100|[from]move: Flip Turn
|move|p2a: sieur de cauncy|Soft-Boiled|p2a: sieur de cauncy
|-heal|p2a: sieur de cauncy|79/100
|
|upkeep
|turn|17
|inactive|aggron meta ✧ has 120 seconds left.
|
|t:|1658213045
|switch|p1a: Primarina|Primarina, F, shiny|100/100
|switch|p2a: shinryu dragon|Salamence, M|90/100
|-ability|p2a: shinryu dragon|Intimidate|boost
|-unboost|p1a: Primarina|atk|1
|
|upkeep
|turn|18
|
|t:|1658213052
|switch|p2a: sieur de cauncy|Chansey, F|79/100
|move|p1a: Primarina|Flip Turn|p2a: sieur de cauncy
|-damage|p2a: sieur de cauncy|73/100
|c| Opnoob 598✬|Haha goat
|
|t:|1658213057
|switch|p1a: Jirachi|Jirachi, shiny|36/100|[from]move: Flip Turn
|
|upkeep
|turn|19
|
|t:|1658213064
|move|p1a: Jirachi|Wish|p1a: Jirachi
|move|p2a: sieur de cauncy|Soft-Boiled|p2a: sieur de cauncy
|-heal|p2a: sieur de cauncy|100/100
|
|upkeep
|turn|20
|
|t:|1658213070
|move|p1a: Jirachi|Iron Head|p2a: sieur de cauncy
|-damage|p2a: sieur de cauncy|83/100
|cant|p2a: sieur de cauncy|flinch
|
|-heal|p1a: Jirachi|86/100|[from] move: Wish|[wisher] Jirachi
|upkeep
|turn|21
|
|t:|1658213078
|move|p1a: Jirachi|Wish|p1a: Jirachi
|move|p2a: sieur de cauncy|Soft-Boiled|p2a: sieur de cauncy
|-heal|p2a: sieur de cauncy|100/100
|
|upkeep
|turn|22
|inactive|aggron meta ✧ has 120 seconds left.
|
|t:|1658213109
|switch|p2a: shinryu dragon|Salamence, M|90/100
|-ability|p2a: shinryu dragon|Intimidate|boost
|-unboost|p1a: Jirachi|atk|1
|move|p1a: Jirachi|U-turn|p2a: shinryu dragon
|-resisted|p2a: shinryu dragon
|-damage|p2a: shinryu dragon|84/100
|c|☆DLLT Wuchtbrumme|oh boy, this will be a nasty battle
|
|t:|1658213119
|switch|p1a: Darmanitan|Darmanitan, M, shiny|62/100|[from]move: U-turn
|
|-heal|p1a: Darmanitan|100/100|[from] move: Wish|[wisher] Jirachi
|upkeep
|turn|23
|
|t:|1658213126
|switch|p1a: Primarina|Primarina, F, shiny|100/100
|move|p2a: shinryu dragon|Hurricane|p1a: Primarina
|-crit|p1a: Primarina
|-damage|p1a: Primarina|65/100
|
|upkeep
|turn|24
|
|t:|1658213135
|switch|p2a: sieur de cauncy|Chansey, F|100/100
|move|p1a: Primarina|Flip Turn|p2a: sieur de cauncy
|-damage|p2a: sieur de cauncy|91/100
|
|t:|1658213143
|switch|p1a: Zarude|Zarude|100/100|[from]move: Flip Turn
|
|upkeep
|turn|25
|
|t:|1658213153
|switch|p2a: shinryu dragon|Salamence, M|84/100
|-ability|p2a: shinryu dragon|Intimidate|boost
|-unboost|p1a: Zarude|atk|1
|move|p1a: Zarude|U-turn|p2a: shinryu dragon
|-resisted|p2a: shinryu dragon
|-damage|p2a: shinryu dragon|75/100
|
|t:|1658213159
|switch|p1a: Primarina|Primarina, F, shiny|65/100|[from]move: U-turn
|
|upkeep
|turn|26
|
|t:|1658213164
|move|p2a: shinryu dragon|Hurricane|p1a: Primarina
|-damage|p1a: Primarina|40/100
|move|p1a: Primarina|Moonblast|p2a: shinryu dragon
|-supereffective|p2a: shinryu dragon
|-crit|p2a: shinryu dragon
|-damage|p2a: shinryu dragon|0 fnt
|faint|p2a: shinryu dragon
|
|upkeep
|
|t:|1658213169
|switch|p2a: indefinite nothing|Nihilego|100/100
|turn|27
|
|t:|1658213180
|switch|p2a: grassland of death|Tangrowth, M|96/100
|switch|p1a: Rotom|Rotom-Wash, shiny|92/100
|
|-heal|p1a: Rotom|98/100|[from] item: Leftovers
|upkeep
|turn|28
|
|t:|1658213188
|move|p1a: Rotom|Volt Switch|p2a: grassland of death
|-resisted|p2a: grassland of death
|-damage|p2a: grassland of death|79/100
|
|t:|1658213196
|switch|p1a: Jirachi|Jirachi, shiny|86/100|[from]move: Volt Switch
|move|p2a: grassland of death|Giga Drain|p1a: Jirachi
|-resisted|p1a: Jirachi
|-damage|p1a: Jirachi|77/100
|-heal|p2a: grassland of death|83/100|[from] drain|[of] p1a: Jirachi
|
|upkeep
|turn|29
|
|t:|1658213211
|switch|p2a: doomsday|Umbreon, F|100/100
|move|p1a: Jirachi|Wish|p1a: Jirachi
|
|upkeep
|turn|30
|l|☆aggron meta ✧
|inactive|aggron meta ✧ disconnected and has a minute to reconnect!
|player|p2|
|inactive|aggron meta ✧ has 30 seconds to reconnect!
|inactive|aggron meta ✧ has 20 seconds to reconnect!
|inactive|aggron meta ✧ has 15 seconds to reconnect!
|j|☆aggron meta ✧
|inactive|aggron meta ✧ reconnected and has 85 seconds left.
|player|p2|aggron meta ✧|teammagmagruntf-gen3
|
|t:|1658213279
|move|p1a: Jirachi|U-turn|p2a: doomsday
|-supereffective|p2a: doomsday
|-damage|p2a: doomsday|82/100
|
|t:|1658213284
|switch|p1a: Primarina|Primarina, F, shiny|40/100|[from]move: U-turn
|move|p2a: doomsday|Toxic|p1a: Primarina|[miss]
|-miss|p2a: doomsday|p1a: Primarina
|
|-heal|p1a: Primarina|97/100|[from] move: Wish|[wisher] Jirachi
|-heal|p2a: doomsday|88/100|[from] item: Leftovers
|upkeep
|turn|31
|inactive|aggron meta ✧ has 90 seconds left.
|c|☆aggron meta ✧|uturn + flip turn+ volth switch momento
|
|t:|1658213298
|switch|p1a: Jirachi|Jirachi, shiny|77/100
|move|p2a: doomsday|Protect||[still]
|-fail|p2a: doomsday
|
|-heal|p2a: doomsday|94/100|[from] item: Leftovers
|upkeep
|turn|32
|
|t:|1658213306
|switch|p1a: Primarina|Primarina, F, shiny|97/100
|move|p2a: doomsday|Foul Play|p1a: Primarina
|-resisted|p1a: Primarina
|-damage|p1a: Primarina|84/100
|
|-heal|p2a: doomsday|100/100|[from] item: Leftovers
|upkeep
|turn|33
|
|t:|1658213319
|move|p2a: doomsday|Protect|p2a: doomsday
|-singleturn|p2a: doomsday|Protect
|move|p1a: Primarina|Moonblast|p2a: doomsday
|-activate|p2a: doomsday|move: Protect
|
|upkeep
|turn|34
|
|t:|1658213326
|switch|p2a: grassland of death|Tangrowth, M|100/100
|move|p1a: Primarina|Flip Turn|p2a: grassland of death
|-resisted|p2a: grassland of death
|-damage|p2a: grassland of death|97/100
|-damage|p1a: Primarina|68/100|[from] item: Rocky Helmet|[of] p2a: grassland of death
|
|t:|1658213334
|switch|p1a: Darmanitan|Darmanitan, M, shiny|100/100|[from]move: Flip Turn
|
|upkeep
|turn|35
|
|t:|1658213342
|switch|p2a: giant amphibian|Quagsire, F|100/100
|move|p1a: Darmanitan|Flare Blitz|p2a: giant amphibian
|-resisted|p2a: giant amphibian
|-damage|p2a: giant amphibian|63/100
|-damage|p1a: Darmanitan|87/100|[from] Recoil
|
|-heal|p2a: giant amphibian|69/100|[from] item: Leftovers
|upkeep
|turn|36
|
|t:|1658213352
|switch|p1a: Zarude|Zarude|100/100
|move|p2a: giant amphibian|Recover|p2a: giant amphibian
|-heal|p2a: giant amphibian|100/100
|
|upkeep
|turn|37
|inactive|aggron meta ✧ has 120 seconds left.
|
|t:|1658213376
|switch|p2a: grassland of death|Tangrowth, M|100/100
|move|p1a: Zarude|U-turn|p2a: grassland of death
|-supereffective|p2a: grassland of death
|-damage|p2a: grassland of death|77/100
|-damage|p1a: Zarude|84/100|[from] item: Rocky Helmet|[of] p2a: grassland of death
|c|☆aggron meta ✧|helm's goated
|
|t:|1658213393
|switch|p1a: Darmanitan|Darmanitan, M, shiny|87/100|[from]move: U-turn
|
|upkeep
|turn|38
|inactive|aggron meta ✧ has 120 seconds left.
|c|☆aggron meta ✧|turn this game annoying into more less annoying
|
|t:|1658213409
|switch|p2a: giant amphibian|Quagsire, F|100/100
|move|p1a: Darmanitan|U-turn|p2a: giant amphibian
|-damage|p2a: giant amphibian|74/100
|-damage|p1a: Darmanitan|77/100|[from] item: Life Orb
|inactive|DLLT Wuchtbrumme has 120 seconds left.
|
|t:|1658213437
|switch|p1a: Noivern|Noivern, F|100/100|[from]move: U-turn
|-item|p2a: giant amphibian|Leftovers|[from] ability: Frisk|[of] p1a: Noivern|[identify]
|
|-heal|p2a: giant amphibian|80/100|[from] item: Leftovers
|upkeep
|turn|39
|
|t:|1658213446
|switch|p2a: indefinite nothing|Nihilego|100/100
|move|p1a: Noivern|Hurricane|p2a: indefinite nothing|[miss]
|-miss|p1a: Noivern|p2a: indefinite nothing
|
|upkeep
|turn|40
|
|t:|1658213454
|switch|p1a: Jirachi|Jirachi, shiny|77/100
|move|p2a: indefinite nothing|Knock Off|p1a: Jirachi
|-supereffective|p1a: Jirachi
|-damage|p1a: Jirachi|62/100
|
|upkeep
|turn|41
|
|t:|1658213461
|switch|p2a: grassland of death|Tangrowth, M|100/100
|move|p1a: Jirachi|Wish|p1a: Jirachi
|
|upkeep
|turn|42
|
|t:|1658213470
|switch|p1a: Darmanitan|Darmanitan, M, shiny|77/100
|move|p2a: grassland of death|Knock Off|p1a: Darmanitan
|-damage|p1a: Darmanitan|44/100
|-enditem|p1a: Darmanitan|Life Orb|[from] move: Knock Off|[of] p2a: grassland of death
|
|-heal|p1a: Darmanitan|100/100|[from] move: Wish|[wisher] Jirachi
|upkeep
|turn|43
|
|t:|1658213481
|switch|p1a: Zarude|Zarude|84/100
|move|p2a: grassland of death|Sludge Bomb|p1a: Zarude
|-supereffective|p1a: Zarude
|-damage|p1a: Zarude|39/100
|
|upkeep
|turn|44
|
|t:|1658213490
|switch|p1a: Jirachi|Jirachi, shiny|62/100
|switch|p2a: doomsday|Umbreon, F|100/100
|
|upkeep
|turn|45
|
|t:|1658213497
|move|p1a: Jirachi|Protect|p1a: Jirachi
|-singleturn|p1a: Jirachi|Protect
|move|p2a: doomsday|Foul Play|p1a: Jirachi
|-activate|p1a: Jirachi|move: Protect
|
|upkeep
|turn|46
|
|t:|1658213504
|move|p1a: Jirachi|Protect||[still]
|-fail|p1a: Jirachi
|move|p2a: doomsday|Toxic|p1a: Jirachi
|-immune|p1a: Jirachi
|
|upkeep
|turn|47
|c|☆DLLT Wuchtbrumme|oops
|c|☆DLLT Wuchtbrumme|wanted to wish
|c|☆DLLT Wuchtbrumme|lol
|
|t:|1658213521
|move|p1a: Jirachi|Wish|p1a: Jirachi
|move|p2a: doomsday|Toxic|p1a: Jirachi
|-immune|p1a: Jirachi
|
|upkeep
|turn|48
|
|t:|1658213529
|move|p1a: Jirachi|Iron Head|p2a: doomsday
|-damage|p2a: doomsday|84/100
|move|p2a: doomsday|Toxic|p1a: Jirachi
|-immune|p1a: Jirachi
|
|-heal|p1a: Jirachi|100/100|[from] move: Wish|[wisher] Jirachi
|-heal|p2a: doomsday|90/100|[from] item: Leftovers
|upkeep
|turn|49
|
|t:|1658213539
|switch|p1a: Primarina|Primarina, F, shiny|68/100
|move|p2a: doomsday|Toxic|p1a: Primarina
|-status|p1a: Primarina|tox
|
|-heal|p2a: doomsday|96/100|[from] item: Leftovers
|-damage|p1a: Primarina|61/100 tox|[from] psn
|upkeep
|turn|50
|c|☆aggron meta ✧|goat
|
|t:|1658213552
|switch|p1a: Jirachi|Jirachi, shiny|100/100
|move|p2a: doomsday|Protect||[still]
|-fail|p2a: doomsday
|
|-heal|p2a: doomsday|100/100|[from] item: Leftovers
|upkeep
|turn|51
|
|t:|1658213561
|switch|p2a: grassland of death|Tangrowth, M|100/100
|move|p1a: Jirachi|Wish|p1a: Jirachi
|
|upkeep
|turn|52
|
|t:|1658213571
|move|p1a: Jirachi|U-turn|p2a: grassland of death
|-supereffective|p2a: grassland of death
|-damage|p2a: grassland of death|85/100
|-damage|p1a: Jirachi|84/100|[from] item: Rocky Helmet|[of] p2a: grassland of death
|
|t:|1658213580
|switch|p1a: Darmanitan|Darmanitan, M, shiny|100/100|[from]move: U-turn
|move|p2a: grassland of death|Sludge Bomb|p1a: Darmanitan
|-damage|p1a: Darmanitan|65/100
|
|-heal|p1a: Darmanitan|100/100|[from] move: Wish|[wisher] Jirachi
|upkeep
|turn|53
|
|t:|1658213589
|switch|p2a: giant amphibian|Quagsire, F|80/100
|move|p1a: Darmanitan|Flare Blitz|p2a: giant amphibian
|-resisted|p2a: giant amphibian
|-damage|p2a: giant amphibian|51/100
|-damage|p1a: Darmanitan|90/100|[from] Recoil
|
|-heal|p2a: giant amphibian|57/100|[from] item: Leftovers
|upkeep
|turn|54
|
|t:|1658213609
|move|p1a: Darmanitan|U-turn|p2a: giant amphibian
|-damage|p2a: giant amphibian|38/100
|
|t:|1658213612
|switch|p1a: Noivern|Noivern, F|100/100|[from]move: U-turn
|-item|p2a: giant amphibian|Leftovers|[from] ability: Frisk|[of] p1a: Noivern|[identify]
|move|p2a: giant amphibian|Recover|p2a: giant amphibian
|-heal|p2a: giant amphibian|88/100
|
|-heal|p2a: giant amphibian|94/100|[from] item: Leftovers
|upkeep
|turn|55
|
|t:|1658213622
|move|p1a: Noivern|U-turn|p2a: giant amphibian
|-damage|p2a: giant amphibian|86/100
|
|t:|1658213630
|switch|p1a: Rotom|Rotom-Wash, shiny|98/100|[from]move: U-turn
|move|p2a: giant amphibian|Toxic|p1a: Rotom
|-status|p1a: Rotom|tox
|
|-heal|p1a: Rotom|100/100 tox|[from] item: Leftovers
|-heal|p2a: giant amphibian|92/100|[from] item: Leftovers
|-damage|p1a: Rotom|94/100 tox|[from] psn
|upkeep
|turn|56
|
|t:|1658213640
|switch|p2a: indefinite nothing|Nihilego|100/100
|move|p1a: Rotom|Toxic|p2a: indefinite nothing
|-immune|p2a: indefinite nothing
|
|-heal|p1a: Rotom|100/100 tox|[from] item: Leftovers
|-damage|p1a: Rotom|88/100 tox|[from] psn
|upkeep
|turn|57
|
|t:|1658213650
|switch|p2a: grassland of death|Tangrowth, M|100/100
|switch|p1a: Zarude|Zarude|39/100
|
|upkeep
|turn|58
|
|t:|1658213657
|switch|p1a: Jirachi|Jirachi, shiny|84/100
|move|p2a: grassland of death|Sludge Bomb|p1a: Jirachi
|-immune|p1a: Jirachi
|
|upkeep
|turn|59
|
|t:|1658213672
|move|p1a: Jirachi|Wish|p1a: Jirachi
|move|p2a: grassland of death|Knock Off|p1a: Jirachi
|-supereffective|p1a: Jirachi
|-damage|p1a: Jirachi|60/100
|
|upkeep
|turn|60
|
|t:|1658213681
|move|p1a: Jirachi|Iron Head|p2a: grassland of death
|-damage|p2a: grassland of death|87/100
|-damage|p1a: Jirachi|43/100|[from] item: Rocky Helmet|[of] p2a: grassland of death
|cant|p2a: grassland of death|flinch
|
|-heal|p1a: Jirachi|93/100|[from] move: Wish|[wisher] Jirachi
|upkeep
|turn|61
|
|t:|1658213695
|switch|p1a: Zarude|Zarude|39/100
|move|p2a: grassland of death|Knock Off|p1a: Zarude
|-resisted|p1a: Zarude
|-damage|p1a: Zarude|29/100
|-enditem|p1a: Zarude|Choice Scarf|[from] move: Knock Off|[of] p2a: grassland of death
|
|upkeep
|turn|62
|
|t:|1658213712
|switch|p1a: Jirachi|Jirachi, shiny|93/100
|move|p2a: grassland of death|Knock Off|p1a: Jirachi
|-supereffective|p1a: Jirachi
|-damage|p1a: Jirachi|65/100
|
|upkeep
|turn|63
|
|t:|1658213720
|move|p1a: Jirachi|Protect|p1a: Jirachi
|-singleturn|p1a: Jirachi|Protect
|move|p2a: grassland of death|Knock Off|p1a: Jirachi
|-activate|p1a: Jirachi|move: Protect
|
|upkeep
|turn|64
|
|t:|1658213726
|move|p1a: Jirachi|Wish|p1a: Jirachi
|move|p2a: grassland of death|Knock Off|p1a: Jirachi
|-supereffective|p1a: Jirachi
|-damage|p1a: Jirachi|40/100
|
|upkeep
|turn|65
|
|t:|1658213731
|switch|p2a: giant amphibian|Quagsire, F|92/100
|move|p1a: Jirachi|Protect||[still]
|-fail|p1a: Jirachi
|
|-heal|p1a: Jirachi|90/100|[from] move: Wish|[wisher] Jirachi
|-heal|p2a: giant amphibian|98/100|[from] item: Leftovers
|upkeep
|turn|66
|
|t:|1658213740
|switch|p2a: grassland of death|Tangrowth, M|100/100
|move|p1a: Jirachi|Wish|p1a: Jirachi
|
|upkeep
|turn|67
|
|t:|1658213746
|switch|p1a: Darmanitan|Darmanitan, M, shiny|90/100
|move|p2a: grassland of death|Knock Off|p1a: Darmanitan
|-crit|p1a: Darmanitan
|-damage|p1a: Darmanitan|55/100
|
|-heal|p1a: Darmanitan|100/100|[from] move: Wish|[wisher] Jirachi
|upkeep
|turn|68
|
|t:|1658213757
|switch|p2a: giant amphibian|Quagsire, F|98/100
|move|p1a: Darmanitan|Flare Blitz|p2a: giant amphibian
|-resisted|p2a: giant amphibian
|-damage|p2a: giant amphibian|67/100
|-damage|p1a: Darmanitan|89/100|[from] Recoil
|
|-heal|p2a: giant amphibian|73/100|[from] item: Leftovers
|upkeep
|turn|69
|
|t:|1658213772
|switch|p1a: Jirachi|Jirachi, shiny|90/100
|move|p2a: giant amphibian|Toxic|p1a: Jirachi|[miss]
|-miss|p2a: giant amphibian|p1a: Jirachi
|
|-heal|p2a: giant amphibian|79/100|[from] item: Leftovers
|upkeep
|turn|70
|
|t:|1658213783
|move|p1a: Jirachi|Wish|p1a: Jirachi
|move|p2a: giant amphibian|Recover|p2a: giant amphibian
|-heal|p2a: giant amphibian|100/100
|
|upkeep
|turn|71
|
|t:|1658213789
|switch|p1a: Zarude|Zarude|29/100
|move|p2a: giant amphibian|Scald|p1a: Zarude
|-resisted|p1a: Zarude
|-damage|p1a: Zarude|19/100
|-status|p1a: Zarude|brn
|
|-heal|p1a: Zarude|76/100 brn|[from] move: Wish|[wisher] Jirachi
|-damage|p1a: Zarude|70/100 brn|[from] brn
|upkeep
|turn|72
|c|☆DLLT Wuchtbrumme|you fucker
|c|&|/log DLLT Wuchtbrumme was warned by Artemis (☆DLLT Wuchtbrumme: you fucker)
|c|&|/raw <small>This action was done automatically. Want to learn more about the AI? <a href="https://www.smogon.com/forums/threads/3570628/#post-9056769">Visit the information thread</a>.</small>
|c|☆aggron meta ✧|dang
|c|☆aggron meta ✧|rip
|c|☆DLLT Wuchtbrumme|lol
|c|☆DLLT Wuchtbrumme|i mean
|inactive|DLLT Wuchtbrumme has 120 seconds left.
|c|☆DLLT Wuchtbrumme|kinda lucky right?
|c|☆DLLT Wuchtbrumme|jesus
|
|t:|1658213827
|switch|p1a: Darmanitan|Darmanitan, M, shiny|89/100
|switch|p2a: grassland of death|Tangrowth, M|100/100
|
|upkeep
|turn|73
|inactive|DLLT Wuchtbrumme has 120 seconds left.
|c|☆aggron meta ✧|I missed tox once so ig it's fair?
|
|t:|1658213847
|switch|p2a: giant amphibian|Quagsire, F|100/100
|move|p1a: Darmanitan|U-turn|p2a: giant amphibian
|-damage|p2a: giant amphibian|82/100
|inactive|DLLT Wuchtbrumme has 120 seconds left.
|
|t:|1658213860
|switch|p1a: Rotom|Rotom-Wash, shiny|88/100 tox|[from]move: U-turn
|
|-heal|p1a: Rotom|94/100 tox|[from] item: Leftovers
|-heal|p2a: giant amphibian|89/100|[from] item: Leftovers
|-damage|p1a: Rotom|88/100 tox|[from] psn
|upkeep
|turn|74
|inactive|DLLT Wuchtbrumme has 120 seconds left.
|
|t:|1658213869
|switch|p2a: indefinite nothing|Nihilego|100/100
|move|p1a: Rotom|Volt Switch|p2a: indefinite nothing
|-damage|p2a: indefinite nothing|82/100
|inactive|DLLT Wuchtbrumme has 120 seconds left.
|
|t:|1658213885
|switch|p1a: Jirachi|Jirachi, shiny|90/100|[from]move: Volt Switch
|
|-heal|p2a: indefinite nothing|88/100|[from] item: Black Sludge
|upkeep
|turn|75
|
|t:|1658213893
|move|p2a: indefinite nothing|Stealth Rock|p1a: Jirachi
|-sidestart|p1: DLLT Wuchtbrumme|move: Stealth Rock
|move|p1a: Jirachi|U-turn|p2a: indefinite nothing
|-resisted|p2a: indefinite nothing
|-damage|p2a: indefinite nothing|74/100
|
|t:|1658213903
|switch|p1a: Rotom|Rotom-Wash, shiny|88/100 tox|[from]move: U-turn
|-damage|p1a: Rotom|75/100 tox|[from] Stealth Rock
|
|-heal|p2a: indefinite nothing|80/100|[from] item: Black Sludge
|-heal|p1a: Rotom|82/100 tox|[from] item: Leftovers
|-damage|p1a: Rotom|75/100 tox|[from] psn
|upkeep
|turn|76
|
|t:|1658213912
|move|p2a: indefinite nothing|Sludge Bomb|p1a: Rotom
|-damage|p1a: Rotom|24/100 tox
|move|p1a: Rotom|Defog|p2a: indefinite nothing
|-unboost|p2a: indefinite nothing|evasion|1
|-sideend|p1: DLLT Wuchtbrumme|Stealth Rock|[from] move: Defog|[of] p1a: Rotom
|
|-heal|p2a: indefinite nothing|86/100|[from] item: Black Sludge
|-heal|p1a: Rotom|30/100 tox|[from] item: Leftovers
|-damage|p1a: Rotom|18/100 tox|[from] psn
|upkeep
|turn|77
|
|t:|1658213923
|switch|p1a: Jirachi|Jirachi, shiny|90/100
|move|p2a: indefinite nothing|Stealth Rock|p1a: Jirachi
|-sidestart|p1: DLLT Wuchtbrumme|move: Stealth Rock
|
|-heal|p2a: indefinite nothing|92/100|[from] item: Black Sludge
|upkeep
|turn|78
|
|t:|1658213931
|switch|p2a: grassland of death|Tangrowth, M|100/100
|move|p1a: Jirachi|Iron Head|p2a: grassland of death
|-damage|p2a: grassland of death|86/100
|-damage|p1a: Jirachi|74/100|[from] item: Rocky Helmet|[of] p2a: grassland of death
|
|upkeep
|turn|79
|
|t:|1658213942
|switch|p2a: doomsday|Umbreon, F|100/100
|move|p1a: Jirachi|Wish|p1a: Jirachi
|
|upkeep
|turn|80
|
|t:|1658213950
|move|p1a: Jirachi|U-turn|p2a: doomsday
|-supereffective|p2a: doomsday
|-damage|p2a: doomsday|82/100
|
|t:|1658213957
|switch|p1a: Primarina|Primarina, F, shiny|61/100 tox|[from]move: U-turn
|-damage|p1a: Primarina|49/100 tox|[from] Stealth Rock
|move|p2a: doomsday|Foul Play|p1a: Primarina
|-resisted|p1a: Primarina
|-damage|p1a: Primarina|36/100 tox
|
|-heal|p1a: Primarina|93/100 tox|[from] move: Wish|[wisher] Jirachi
|-heal|p2a: doomsday|88/100|[from] item: Leftovers
|-damage|p1a: Primarina|87/100 tox|[from] psn
|upkeep
|turn|81
|
|t:|1658213971
|switch|p1a: Rotom|Rotom-Wash, shiny|18/100 tox
|-damage|p1a: Rotom|5/100 tox|[from] Stealth Rock
|move|p2a: doomsday|Protect||[still]
|-fail|p2a: doomsday
|
|-heal|p1a: Rotom|12/100 tox|[from] item: Leftovers
|-heal|p2a: doomsday|94/100|[from] item: Leftovers
|-damage|p1a: Rotom|5/100 tox|[from] psn
|upkeep
|turn|82
|
|t:|1658213981
|move|p1a: Rotom|Defog|p2a: doomsday
|-unboost|p2a: doomsday|evasion|1
|-sideend|p1: DLLT Wuchtbrumme|Stealth Rock|[from] move: Defog|[of] p1a: Rotom
|move|p2a: doomsday|Wish|p2a: doomsday
|
|-heal|p1a: Rotom|12/100 tox|[from] item: Leftovers
|-heal|p2a: doomsday|99/100|[from] item: Leftovers
|-damage|p1a: Rotom|0 fnt|[from] psn
|faint|p1a: Rotom
|upkeep
|inactive|DLLT Wuchtbrumme has 90 seconds left.
|
|t:|1658213995
|switch|p1a: Noivern|Noivern, F|100/100
|-item|p2a: doomsday|Leftovers|[from] ability: Frisk|[of] p1a: Noivern|[identify]
|turn|83
|inactive|DLLT Wuchtbrumme has 90 seconds left.
|
|t:|1658214000
|move|p1a: Noivern|Hurricane|p2a: doomsday
|-damage|p2a: doomsday|49/100
|move|p2a: doomsday|Toxic|p1a: Noivern|[miss]
|-miss|p2a: doomsday|p1a: Noivern
|
|-heal|p2a: doomsday|99/100|[from] move: Wish|[wisher] doomsday
|-heal|p2a: doomsday|100/100|[from] item: Leftovers
|upkeep
|turn|84
|inactive|DLLT Wuchtbrumme has 90 seconds left.
|c|☆aggron meta ✧|Ok that sucks
|
|t:|1658214012
|switch|p2a: grassland of death|Tangrowth, M|100/100
|move|p1a: Noivern|Hurricane|p2a: grassland of death
|-supereffective|p2a: grassland of death
|-damage|p2a: grassland of death|0 fnt
|faint|p2a: grassland of death
|
|upkeep
|c|☆aggron meta ✧|Misclick momento
|-message|aggron meta ✧ forfeited.
|
|win|DLLT Wuchtbrumme
|raw|DLLT Wuchtbrumme's rating: 1145 &rarr; <strong>1168</strong><br />(+23 for winning)
|raw|aggron meta ✧'s rating: 1119 &rarr; <strong>1096</strong><br />(-23 for losing)
|c|☆DLLT Wuchtbrumme|oh my god
