|j|☆SuperDragon050
|j|☆Appleking123
|t:|1652563205
|gametype|singles
|player|p1|SuperDragon050|101|
|player|p2|Appleking123|hiker-gen4|
|teamsize|p1|6
|teamsize|p2|6
|gen|8
|tier|[Gen 8] UU
|rule|Sleep Clause Mod: Limit one foe put to sleep
|rule|Species Clause: Limit one of each Pokémon
|rule|OHKO Clause: OHKO moves are banned
|rule|Evasion Moves Clause: Evasion moves are banned
|rule|Endless Battle Clause: Forcing endless battles is banned
|rule|HP Percentage Mod: HP is shown in percentages
|rule|Dynamax Clause: You cannot dynamax
|clearpoke
|poke|p1|Tangrowth, M|
|poke|p1|Primarina, F|
|poke|p1|Rotom-Heat|
|poke|p1|Metagross|
|poke|p1|Scolipede, M|
|poke|p1|Salamence, M|
|poke|p2|Torkoal, M|
|poke|p2|Venusaur, F|
|poke|p2|Darmanitan, F|
|poke|p2|Mamoswine, F|
|poke|p2|Rotom-Wash|
|poke|p2|Chansey, F|
|teampreview
|
|t:|1652563227
|start
|switch|p1a: Kirumi|Primarina, F|100/100
|switch|p2a: Ralph|Torkoal, M|100/100
|-weather|SunnyDay|[from] ability: Drought|[of] p2a: Ralph
|turn|1
|
|t:|1652563235
|switch|p2a: Washington|Rotom-Wash|100/100
|move|p1a: Kirumi|Hyper Voice|p2a: Washington
|-resisted|p2a: Washington
|-damage|p2a: Washington|88/100
|
|-weather|SunnyDay|[upkeep]
|-heal|p2a: Washington|95/100|[from] item: Leftovers
|upkeep
|turn|2
|
|t:|1652563244
|switch|p1a: Yasuhiro|Tangrowth, M|100/100
|move|p2a: Washington|Volt Switch|p1a: Yasuhiro
|-resisted|p1a: Yasuhiro
|-damage|p1a: Yasuhiro|80/100
|
|t:|1652563246
|switch|p2a: Frob|Venusaur, F|100/100|[from]move: Volt Switch
|
|-weather|SunnyDay|[upkeep]
|-heal|p1a: Yasuhiro|86/100|[from] item: Leftovers
|upkeep
|turn|3
|
|t:|1652563255
|switch|p1a: Kokichi|Scolipede, M, shiny|100/100
|move|p2a: Frob|Growth|p2a: Frob
|-boost|p2a: Frob|atk|2
|-boost|p2a: Frob|spa|2
|
|-weather|SunnyDay|[upkeep]
|upkeep
|turn|4
|
|t:|1652563268
|move|p1a: Kokichi|Protect|p1a: Kokichi
|-singleturn|p1a: Kokichi|Protect
|move|p2a: Frob|Weather Ball|p1a: Kokichi
|-activate|p1a: Kokichi|move: Protect
|
|-weather|SunnyDay|[upkeep]
|-ability|p1a: Kokichi|Speed Boost|boost
|-boost|p1a: Kokichi|spe|1
|upkeep
|turn|5
|
|t:|1652563297
|switch|p1a: Korekiyo|Rotom-Heat, shiny|100/100
|move|p2a: Frob|Weather Ball|p1a: Korekiyo
|-resisted|p1a: Korekiyo
|-damage|p1a: Korekiyo|23/100
|-damage|p2a: Frob|91/100|[from] item: Life Orb
|
|-weather|SunnyDay|[upkeep]
|upkeep
|turn|6
|
|t:|1652563305
|move|p2a: Frob|Giga Drain|p1a: Korekiyo
|-resisted|p1a: Korekiyo
|-damage|p1a: Korekiyo|0 fnt
|-heal|p2a: Frob|99/100|[from] drain|[of] p1a: Korekiyo
|faint|p1a: Korekiyo
|-damage|p2a: Frob|90/100|[from] item: Life Orb
|
|-weather|SunnyDay|[upkeep]
|upkeep
|
|t:|1652563319
|switch|p1a: Kirumi|Primarina, F|100/100
|turn|7
|
|t:|1652563324
|move|p2a: Frob|Sludge Bomb|p1a: Kirumi
|-supereffective|p1a: Kirumi
|-damage|p1a: Kirumi|0 fnt
|faint|p1a: Kirumi
|-damage|p2a: Frob|80/100|[from] item: Life Orb
|
|-weather|SunnyDay|[upkeep]
|upkeep
|
|t:|1652563330
|switch|p1a: Kaito|Salamence, M|100/100
|-ability|p1a: Kaito|Intimidate|boost
|-unboost|p2a: Frob|atk|1
|turn|8
|
|t:|1652563334
|move|p2a: Frob|Sludge Bomb|p1a: Kaito
|-damage|p1a: Kaito|0 fnt
|faint|p1a: Kaito
|-damage|p2a: Frob|70/100|[from] item: Life Orb
|
|-weather|none
|upkeep
|
|t:|1652563343
|switch|p1a: Kokichi|Scolipede, M, shiny|100/100
|turn|9
|c|☆Appleking123|i see why this thing rose to UU now lol
|
|t:|1652563357
|switch|p2a: Ralph|Torkoal, M|100/100
|-weather|SunnyDay|[from] ability: Drought|[of] p2a: Ralph
|move|p1a: Kokichi|Earthquake|p2a: Ralph
|-supereffective|p2a: Ralph
|-damage|p2a: Ralph|62/100
|
|-weather|SunnyDay|[upkeep]
|-ability|p1a: Kokichi|Speed Boost|boost
|-boost|p1a: Kokichi|spe|1
|upkeep
|turn|10
|c|☆SuperDragon050|jesus lol
|
|t:|1652563368
|move|p1a: Kokichi|Earthquake|p2a: Ralph
|-supereffective|p2a: Ralph
|-damage|p2a: Ralph|24/100
|move|p2a: Ralph|Lava Plume|p1a: Kokichi
|-supereffective|p1a: Kokichi
|-damage|p1a: Kokichi|0 fnt
|faint|p1a: Kokichi
|
|-weather|SunnyDay|[upkeep]
|upkeep
|
|t:|1652563376
|switch|p1a: Yasuhiro|Tangrowth, M|100/100
|turn|11
|
|t:|1652563379
|switch|p2a: Frob|Venusaur, F|70/100
|move|p1a: Yasuhiro|Knock Off|p2a: Frob
|-damage|p2a: Frob|42/100
|-enditem|p2a: Frob|Life Orb|[from] move: Knock Off|[of] p1a: Yasuhiro
|
|-weather|SunnyDay|[upkeep]
|upkeep
|turn|12
|
|t:|1652563389
|move|p2a: Frob|Weather Ball|p1a: Yasuhiro
|-supereffective|p1a: Yasuhiro
|-damage|p1a: Yasuhiro|0 fnt
|faint|p1a: Yasuhiro
|
|-weather|SunnyDay|[upkeep]
|upkeep
|
|t:|1652563395
|switch|p1a: Keebo|Metagross, shiny|100/100
|turn|13
|c|☆Appleking123|gg
|
|t:|1652563399
|move|p2a: Frob|Weather Ball|p1a: Keebo
|-supereffective|p1a: Keebo
|-damage|p1a: Keebo|0 fnt
|faint|p1a: Keebo
|
|win|Appleking123
|c|☆SuperDragon050|gg
