|j|☆GryphonEx
|j|☆GreatSwitch!
|t:|1668053817
|gametype|singles
|player|p1|GryphonEx|gardenia|1404
|player|p2|GreatSwitch!|1|1564
|teamsize|p1|6
|teamsize|p2|6
|gen|8
|tier|[Gen 8] UU
|rated|
|rule|Sleep Clause Mod: Limit one foe put to sleep
|rule|Species Clause: Limit one of each Pokémon
|rule|OHKO Clause: OHKO moves are banned
|rule|Evasion Items Clause: Evasion items are banned
|rule|Evasion Moves Clause: Evasion moves are banned
|rule|Endless Battle Clause: Forcing endless battles is banned
|rule|HP Percentage Mod: HP is shown in percentages
|rule|Dynamax Clause: You cannot dynamax
|clearpoke
|poke|p1|Hydreigon, F|
|poke|p1|Crawdaunt, F|
|poke|p1|Keldeo-Resolute|
|poke|p1|Salamence, M|
|poke|p1|Chansey, F|
|poke|p1|Corsola-Galar, M|
|poke|p2|Chandelure, M|
|poke|p2|Mamoswine, F|
|poke|p2|Slowking, M|
|poke|p2|Cobalion|
|poke|p2|Zarude-Dada|
|poke|p2|Salamence, F|
|teampreview
|inactive|Battle timer is ON: inactive players will automatically lose when time's up. (requested by GryphonEx)
|
|t:|1668053847
|start
|switch|p1a: Ragna Blade|Keldeo-Resolute|100/100
|switch|p2a: Zarude|Zarude-Dada|100/100
|turn|1
|
|t:|1668053852
|move|p2a: Zarude|U-turn|p1a: Ragna Blade
|-resisted|p1a: Ragna Blade
|-damage|p1a: Ragna Blade|88/100
|
|t:|1668053855
|switch|p2a: Slowking|Slowking, M|100/100|[from]move: U-turn
|move|p1a: Ragna Blade|Flip Turn|p2a: Slowking
|-resisted|p2a: Slowking
|-damage|p2a: Slowking|95/100
|
|t:|1668053857
|switch|p1a: Diggs W|Crawdaunt, F|100/100|[from]move: Flip Turn
|
|upkeep
|turn|2
|j| Tempest brute
|
|t:|1668053864
|switch|p2a: Salamence|Salamence, F|100/100
|-ability|p2a: Salamence|Intimidate|boost
|-unboost|p1a: Diggs W|atk|1
|move|p1a: Diggs W|Knock Off|p2a: Salamence
|-damage|p2a: Salamence|43/100
|-enditem|p2a: Salamence|Heavy-Duty Boots|[from] move: Knock Off|[of] p1a: Diggs W
|
|upkeep
|turn|3
|
|t:|1668053870
|switch|p1a: Gateskeeper|Hydreigon, F|100/100
|move|p2a: Salamence|Hurricane|p1a: Gateskeeper|[miss]
|-miss|p2a: Salamence|p1a: Gateskeeper
|
|upkeep
|turn|4
|
|t:|1668053872
|switch|p2a: Cobalion|Cobalion|100/100
|move|p1a: Gateskeeper|Draco Meteor|p2a: Cobalion
|-resisted|p2a: Cobalion
|-damage|p2a: Cobalion|34/100
|-unboost|p1a: Gateskeeper|spa|2
|
|upkeep
|turn|5
|
|t:|1668053875
|switch|p1a: If you switch conk|Corsola-Galar, M|100/100
|move|p2a: Cobalion|Stealth Rock|p1a: If you switch conk
|-sidestart|p1: GryphonEx|move: Stealth Rock
|
|upkeep
|turn|6
|
|t:|1668053878
|move|p2a: Cobalion|Toxic|p1a: If you switch conk
|-status|p1a: If you switch conk|tox
|move|p1a: If you switch conk|Stealth Rock|p2a: Cobalion
|-sidestart|p2: GreatSwitch!|move: Stealth Rock
|
|-damage|p1a: If you switch conk|94/100 tox|[from] psn
|upkeep
|turn|7
|
|t:|1668053882
|move|p2a: Cobalion|Volt Switch|p1a: If you switch conk
|-damage|p1a: If you switch conk|85/100 tox
|
|t:|1668053884
|switch|p2a: Chandelure|Chandelure, M|100/100|[from]move: Volt Switch
|-damage|p2a: Chandelure|76/100|[from] Stealth Rock
|move|p1a: If you switch conk|Night Shade|p2a: Chandelure
|-damage|p2a: Chandelure|37/100
|
|-damage|p1a: If you switch conk|72/100 tox|[from] psn
|upkeep
|turn|8
|
|t:|1668053892
|switch|p1a: Corsola-Kanye|Chansey, F|100/100
|-damage|p1a: Corsola-Kanye|88/100|[from] Stealth Rock
|move|p2a: Chandelure|Trick|p1a: Corsola-Kanye
|-activate|p2a: Chandelure|move: Trick|[of] p1a: Corsola-Kanye
|-item|p1a: Corsola-Kanye|Choice Specs|[from] move: Trick
|-item|p2a: Chandelure|Eviolite|[from] move: Trick
|
|upkeep
|turn|9
|
|t:|1668053899
|move|p2a: Chandelure|Energy Ball|p1a: Corsola-Kanye
|-crit|p1a: Corsola-Kanye
|-damage|p1a: Corsola-Kanye|64/100
|move|p1a: Corsola-Kanye|Teleport|p1a: Corsola-Kanye
|
|t:|1668053902
|switch|p1a: Ragna Blade|Keldeo-Resolute|88/100|[from]move: Teleport
|-damage|p1a: Ragna Blade|82/100|[from] Stealth Rock
|
|-heal|p1a: Ragna Blade|88/100|[from] item: Leftovers
|upkeep
|turn|10
|
|t:|1668053909
|move|p1a: Ragna Blade|Scald|p2a: Chandelure
|-supereffective|p2a: Chandelure
|-damage|p2a: Chandelure|0 fnt
|faint|p2a: Chandelure
|
|-heal|p1a: Ragna Blade|94/100|[from] item: Leftovers
|upkeep
|
|t:|1668053910
|switch|p2a: Zarude|Zarude-Dada|100/100
|-damage|p2a: Zarude|88/100|[from] Stealth Rock
|turn|11
|
|t:|1668053913
|switch|p1a: r|Salamence, M|100/100
|-ability|p1a: r|Intimidate|boost
|-unboost|p2a: Zarude|atk|1
|move|p2a: Zarude|Power Whip|p1a: r|[miss]
|-miss|p2a: Zarude|p1a: r
|
|upkeep
|turn|12
|
|t:|1668053917
|switch|p2a: Mamoswine|Mamoswine, F|100/100
|-damage|p2a: Mamoswine|88/100|[from] Stealth Rock
|move|p1a: r|Toxic|p2a: Mamoswine
|-status|p2a: Mamoswine|tox
|
|-damage|p2a: Mamoswine|82/100 tox|[from] psn
|upkeep
|turn|13
|
|t:|1668053922
|switch|p1a: Ragna Blade|Keldeo-Resolute|94/100
|-damage|p1a: Ragna Blade|88/100|[from] Stealth Rock
|move|p2a: Mamoswine|Icicle Crash|p1a: Ragna Blade
|-resisted|p1a: Ragna Blade
|-damage|p1a: Ragna Blade|52/100
|-damage|p2a: Mamoswine|72/100 tox|[from] item: Life Orb
|
|-heal|p1a: Ragna Blade|58/100|[from] item: Leftovers
|-damage|p2a: Mamoswine|60/100 tox|[from] psn
|upkeep
|turn|14
|
|t:|1668053930
|switch|p2a: Slowking|Slowking, M|100/100
|move|p1a: Ragna Blade|Secret Sword|p2a: Slowking
|-resisted|p2a: Slowking
|-damage|p2a: Slowking|84/100
|
|-heal|p1a: Ragna Blade|64/100|[from] item: Leftovers
|upkeep
|turn|15
|
|t:|1668053933
|move|p1a: Ragna Blade|Flip Turn|p2a: Slowking
|-resisted|p2a: Slowking
|-damage|p2a: Slowking|78/100
|
|t:|1668053940
|switch|p1a: Gateskeeper|Hydreigon, F|100/100|[from]move: Flip Turn
|-damage|p1a: Gateskeeper|88/100|[from] Stealth Rock
|move|p2a: Slowking|Teleport|p2a: Slowking
|j| Angelwingsmygoons
|
|t:|1668053944
|switch|p2a: Cobalion|Cobalion|34/100|[from]move: Teleport
|-damage|p2a: Cobalion|31/100|[from] Stealth Rock
|
|upkeep
|turn|16
|
|t:|1668053947
|switch|p1a: r|Salamence, M|100/100
|-ability|p1a: r|Intimidate|boost
|-unboost|p2a: Cobalion|atk|1
|move|p2a: Cobalion|Volt Switch|p1a: r
|-damage|p1a: r|88/100
|
|t:|1668053952
|switch|p2a: Salamence|Salamence, F|43/100|[from]move: Volt Switch
|-damage|p2a: Salamence|18/100|[from] Stealth Rock
|-ability|p2a: Salamence|Intimidate|boost
|-unboost|p1a: r|atk|1
|
|upkeep
|turn|17
|
|t:|1668053957
|switch|p1a: Corsola-Kanye|Chansey, F|64/100
|-damage|p1a: Corsola-Kanye|52/100|[from] Stealth Rock
|move|p2a: Salamence|Roost|p2a: Salamence
|-heal|p2a: Salamence|68/100
|-singleturn|p2a: Salamence|move: Roost
|
|upkeep
|turn|18
|
|t:|1668053964
|switch|p2a: Zarude|Zarude-Dada|88/100
|-damage|p2a: Zarude|76/100|[from] Stealth Rock
|move|p1a: Corsola-Kanye|Teleport|p1a: Corsola-Kanye
|
|t:|1668053967
|switch|p1a: r|Salamence, M|88/100|[from]move: Teleport
|-ability|p1a: r|Intimidate|boost
|-unboost|p2a: Zarude|atk|1
|
|upkeep
|turn|19
|
|t:|1668053974
|move|p2a: Zarude|U-turn|p1a: r
|-resisted|p1a: r
|-damage|p1a: r|82/100
|
|t:|1668053975
|switch|p2a: Slowking|Slowking, M|100/100|[from]move: U-turn
|move|p1a: r|Toxic|p2a: Slowking
|-status|p2a: Slowking|tox
|
|-damage|p2a: Slowking|94/100 tox|[from] psn
|upkeep
|turn|20
|
|t:|1668053981
|switch|p1a: Corsola-Kanye|Chansey, F|52/100
|-damage|p1a: Corsola-Kanye|40/100|[from] Stealth Rock
|move|p2a: Slowking|Future Sight|p1a: Corsola-Kanye
|-start|p2a: Slowking|move: Future Sight
|
|-damage|p2a: Slowking|82/100 tox|[from] psn
|upkeep
|turn|21
|
|t:|1668053983
|move|p1a: Corsola-Kanye|Soft-Boiled|p1a: Corsola-Kanye
|-heal|p1a: Corsola-Kanye|90/100
|move|p2a: Slowking|Teleport|p2a: Slowking
|
|t:|1668053988
|switch|p2a: Cobalion|Cobalion|31/100|[from]move: Teleport
|-damage|p2a: Cobalion|27/100|[from] Stealth Rock
|
|upkeep
|turn|22
|
|t:|1668053992
|switch|p1a: If you switch conk|Corsola-Galar, M|72/100 tox
|-damage|p1a: If you switch conk|60/100 tox|[from] Stealth Rock
|move|p2a: Cobalion|Toxic|p1a: If you switch conk
|-fail|p1a: If you switch conk|tox
|
|-end|p1a: If you switch conk|move: Future Sight
|-damage|p1a: If you switch conk|33/100 tox
|-damage|p1a: If you switch conk|27/100 tox|[from] psn
|upkeep
|turn|23
|
|t:|1668053994
|move|p2a: Cobalion|Volt Switch|p1a: If you switch conk
|-damage|p1a: If you switch conk|17/100 tox
|
|t:|1668053997
|switch|p2a: Slowking|Slowking, M|100/100 tox|[from]move: Volt Switch
|move|p1a: If you switch conk|Strength Sap|p2a: Slowking
|-unboost|p2a: Slowking|atk|1
|-heal|p1a: If you switch conk|65/100 tox
|
|-damage|p1a: If you switch conk|53/100 tox|[from] psn
|-damage|p2a: Slowking|94/100 tox|[from] psn
|upkeep
|turn|24
|
|t:|1668054003
|switch|p1a: Corsola-Kanye|Chansey, F|90/100
|-damage|p1a: Corsola-Kanye|77/100|[from] Stealth Rock
|move|p2a: Slowking|Future Sight|p1a: Corsola-Kanye
|-start|p2a: Slowking|move: Future Sight
|
|-damage|p2a: Slowking|82/100 tox|[from] psn
|upkeep
|turn|25
|
|t:|1668054007
|move|p1a: Corsola-Kanye|Teleport|p1a: Corsola-Kanye
|
|t:|1668054013
|switch|p1a: Ragna Blade|Keldeo-Resolute|64/100|[from]move: Teleport
|-damage|p1a: Ragna Blade|58/100|[from] Stealth Rock
|move|p2a: Slowking|Teleport|p2a: Slowking
|
|t:|1668054016
|switch|p2a: Zarude|Zarude-Dada|76/100|[from]move: Teleport
|-damage|p2a: Zarude|64/100|[from] Stealth Rock
|
|-heal|p1a: Ragna Blade|64/100|[from] item: Leftovers
|upkeep
|turn|26
|
|t:|1668054018
|move|p2a: Zarude|Darkest Lariat|p1a: Ragna Blade
|-resisted|p1a: Ragna Blade
|-crit|p1a: Ragna Blade
|-damage|p1a: Ragna Blade|27/100
|-ability|p1a: Ragna Blade|Justified|boost
|-boost|p1a: Ragna Blade|atk|1
|move|p1a: Ragna Blade|Flip Turn|p2a: Zarude
|-resisted|p2a: Zarude
|-damage|p2a: Zarude|53/100
|
|t:|1668054030
|switch|p1a: Gateskeeper|Hydreigon, F|88/100|[from]move: Flip Turn
|-damage|p1a: Gateskeeper|76/100|[from] Stealth Rock
|
|-end|p1a: Gateskeeper|move: Future Sight
|-immune|p1a: Gateskeeper
|upkeep
|turn|27
|
|t:|1668054035
|switch|p2a: Cobalion|Cobalion|27/100
|-damage|p2a: Cobalion|24/100|[from] Stealth Rock
|move|p1a: Gateskeeper|Draco Meteor|p2a: Cobalion
|-resisted|p2a: Cobalion
|-damage|p2a: Cobalion|0 fnt
|-unboost|p1a: Gateskeeper|spa|2
|faint|p2a: Cobalion
|
|upkeep
|
|t:|1668054037
|switch|p2a: Zarude|Zarude-Dada|53/100
|-damage|p2a: Zarude|41/100|[from] Stealth Rock
|turn|28
|
|t:|1668054045
|switch|p1a: r|Salamence, M|82/100
|-ability|p1a: r|Intimidate|boost
|-unboost|p2a: Zarude|atk|1
|move|p2a: Zarude|Jungle Healing|p2a: Zarude
|-heal|p2a: Zarude|66/100
|
|upkeep
|turn|29
|-message|GreatSwitch! forfeited.
|
|win|GryphonEx
|raw|GryphonEx's rating: 1404 &rarr; <strong>1433</strong><br />(+29 for winning)
|raw|GreatSwitch!'s rating: 1564 &rarr; <strong>1535</strong><br />(-29 for losing)
|l|☆GreatSwitch!
||Ladder isn't responding, score probably updated but might not have (Request timeout).
