|j|☆Gary.Blue.Br
|j|☆Fousfull
|t:|1663179862
|gametype|singles
|player|p1|Gary.Blue.Br|unknown|1468
|player|p2|Fousfull|roxie|1646
|teamsize|p1|6
|teamsize|p2|6
|gen|8
|tier|[Gen 8] UU
|rated|
|rule|Sleep Clause Mod: Limit one foe put to sleep
|rule|Species Clause: Limit one of each Pokémon
|rule|OHKO Clause: OHKO moves are banned
|rule|Evasion Items Clause: Evasion items are banned
|rule|Evasion Moves Clause: Evasion moves are banned
|rule|Endless Battle Clause: Forcing endless battles is banned
|rule|HP Percentage Mod: HP is shown in percentages
|rule|Dynamax Clause: You cannot dynamax
|clearpoke
|poke|p1|Swampert, F|
|poke|p1|Nidoking, M|
|poke|p1|Conkeldurr, F|
|poke|p1|Chansey, F|
|poke|p1|Skarmory, M|
|poke|p1|Ditto|
|poke|p2|Salamence, F|
|poke|p2|Slowking, F|
|poke|p2|Nihilego|
|poke|p2|Zarude-Dada|
|poke|p2|Cobalion|
|poke|p2|Mamoswine, F|
|teampreview
|
|t:|1663179872
|start
|switch|p1a: Swampert|Swampert, F|100/100
|switch|p2a: Zarude|Zarude-Dada|100/100
|turn|1
|inactive|Battle timer is ON: inactive players will automatically lose when time's up. (requested by Gary.Blue.Br)
|
|t:|1663179927
|switch|p1a: Skarmory|Skarmory, M|100/100
|move|p2a: Zarude|U-turn|p1a: Skarmory
|-resisted|p1a: Skarmory
|-damage|p1a: Skarmory|97/100
|-damage|p2a: Zarude|84/100|[from] item: Rocky Helmet|[of] p1a: Skarmory
|
|t:|1663179931
|switch|p2a: Salamence|Salamence, F|100/100|[from]move: U-turn
|-ability|p2a: Salamence|Intimidate|boost
|-unboost|p1a: Skarmory|atk|1
|
|upkeep
|turn|2
|
|t:|1663179937
|switch|p2a: Cobalion|Cobalion|100/100
|switch|p1a: Chansey|Chansey, F|100/100
|
|upkeep
|turn|3
|
|t:|1663179945
|switch|p1a: Skarmory|Skarmory, M|97/100
|move|p2a: Cobalion|Stealth Rock|p1a: Skarmory
|-sidestart|p1: Gary.Blue.Br|move: Stealth Rock
|
|upkeep
|turn|4
|
|t:|1663179951
|switch|p2a: Salamence|Salamence, F|100/100
|-ability|p2a: Salamence|Intimidate|boost
|-unboost|p1a: Skarmory|atk|1
|move|p1a: Skarmory|Spikes|p2a: Salamence
|-sidestart|p2: Fousfull|Spikes
|
|upkeep
|turn|5
|
|t:|1663179960
|switch|p1a: Chansey|Chansey, F|100/100
|-damage|p1a: Chansey|88/100|[from] Stealth Rock
|move|p2a: Salamence|Draco Meteor|p1a: Chansey
|-damage|p1a: Chansey|69/100
|-unboost|p2a: Salamence|spa|2
|
|upkeep
|turn|6
|
|t:|1663179968
|switch|p2a: Cobalion|Cobalion|100/100
|-damage|p2a: Cobalion|88/100|[from] Spikes
|move|p1a: Chansey|Teleport|p1a: Chansey
|
|t:|1663179973
|switch|p1a: Skarmory|Skarmory, M|97/100|[from]move: Teleport
|-damage|p1a: Skarmory|84/100|[from] Stealth Rock
|
|upkeep
|turn|7
|
|t:|1663179978
|switch|p2a: Salamence|Salamence, F|100/100
|-ability|p2a: Salamence|Intimidate|boost
|-unboost|p1a: Skarmory|atk|1
|move|p1a: Skarmory|Body Press|p2a: Salamence
|-resisted|p2a: Salamence
|-damage|p2a: Salamence|84/100
|
|upkeep
|turn|8
|
|t:|1663179986
|switch|p2a: Cobalion|Cobalion|88/100
|-damage|p2a: Cobalion|76/100|[from] Spikes
|switch|p1a: Chansey|Chansey, F|69/100
|-damage|p1a: Chansey|57/100|[from] Stealth Rock
|
|upkeep
|turn|9
|
|t:|1663179994
|switch|p1a: Skarmory|Skarmory, M|84/100
|-damage|p1a: Skarmory|72/100|[from] Stealth Rock
|move|p2a: Cobalion|Close Combat|p1a: Skarmory
|-damage|p1a: Skarmory|42/100
|-unboost|p2a: Cobalion|def|1
|-unboost|p2a: Cobalion|spd|1
|-damage|p2a: Cobalion|59/100|[from] item: Rocky Helmet|[of] p1a: Skarmory
|
|upkeep
|turn|10
|
|t:|1663180004
|switch|p2a: Salamence|Salamence, F|84/100
|-ability|p2a: Salamence|Intimidate|boost
|-unboost|p1a: Skarmory|atk|1
|move|p1a: Skarmory|Roost|p1a: Skarmory
|-heal|p1a: Skarmory|92/100
|-singleturn|p1a: Skarmory|move: Roost
|
|upkeep
|turn|11
|
|t:|1663180012
|switch|p1a: Chansey|Chansey, F|57/100
|-damage|p1a: Chansey|45/100|[from] Stealth Rock
|move|p2a: Salamence|Draco Meteor|p1a: Chansey
|-damage|p1a: Chansey|27/100
|-unboost|p2a: Salamence|spa|2
|
|upkeep
|turn|12
|
|t:|1663180020
|switch|p2a: Mamoswine|Mamoswine, F|100/100
|-damage|p2a: Mamoswine|88/100|[from] Spikes
|move|p1a: Chansey|Soft-Boiled|p1a: Chansey
|-heal|p1a: Chansey|77/100
|
|upkeep
|turn|13
|
|t:|1663180029
|switch|p1a: Swampert|Swampert, F|100/100
|-damage|p1a: Swampert|94/100|[from] Stealth Rock
|move|p2a: Mamoswine|Icicle Crash|p1a: Swampert
|-crit|p1a: Swampert
|-damage|p1a: Swampert|27/100
|
|-heal|p1a: Swampert|33/100|[from] item: Leftovers
|upkeep
|turn|14
|
|t:|1663180040
|move|p2a: Mamoswine|Icicle Crash|p1a: Swampert
|-damage|p1a: Swampert|0 fnt
|faint|p1a: Swampert
|
|upkeep
|
|t:|1663180045
|switch|p1a: Conkeldurr|Conkeldurr, F|100/100
|-damage|p1a: Conkeldurr|95/100|[from] Stealth Rock
|turn|15
|c|☆Fousfull|Sorry for the crit
|
|t:|1663180052
|switch|p2a: Salamence|Salamence, F|84/100
|-ability|p2a: Salamence|Intimidate|boost
|-unboost|p1a: Conkeldurr|atk|1
|move|p1a: Conkeldurr|Knock Off|p2a: Salamence
|-damage|p2a: Salamence|54/100
|-enditem|p2a: Salamence|Heavy-Duty Boots|[from] move: Knock Off|[of] p1a: Conkeldurr
|
|-status|p1a: Conkeldurr|brn|[from] item: Flame Orb
|upkeep
|turn|16
|
|t:|1663180067
|switch|p1a: Chansey|Chansey, F|77/100
|-damage|p1a: Chansey|65/100|[from] Stealth Rock
|move|p2a: Salamence|Roost|p2a: Salamence
|-heal|p2a: Salamence|100/100
|-singleturn|p2a: Salamence|move: Roost
|
|upkeep
|turn|17
|
|t:|1663180077
|switch|p2a: Slowking|Slowking, F|100/100
|-damage|p2a: Slowking|88/100|[from] Spikes
|move|p1a: Chansey|Soft-Boiled|p1a: Chansey
|-heal|p1a: Chansey|100/100
|
|upkeep
|turn|18
|
|t:|1663180084
|move|p1a: Chansey|Toxic|p2a: Slowking
|-status|p2a: Slowking|tox
|move|p2a: Slowking|Future Sight|p1a: Chansey
|-start|p2a: Slowking|move: Future Sight
|
|-damage|p2a: Slowking|82/100 tox|[from] psn
|upkeep
|turn|19
|
|t:|1663180091
|move|p1a: Chansey|Teleport|p1a: Chansey
|
|t:|1663180096
|switch|p1a: Ditto|Ditto|100/100|[from]move: Teleport
|-damage|p1a: Ditto|88/100|[from] Stealth Rock
|-transform|p1a: Ditto|p2a: Slowking|[from] ability: Imposter
|move|p2a: Slowking|Teleport|p2a: Slowking
|
|t:|1663180102
|switch|p2a: Zarude|Zarude-Dada|84/100|[from]move: Teleport
|-damage|p2a: Zarude|72/100|[from] Spikes
|
|upkeep
|turn|20
|
|t:|1663180111
|switch|p1a: Skarmory|Skarmory, M|92/100
|-damage|p1a: Skarmory|80/100|[from] Stealth Rock
|move|p2a: Zarude|U-turn|p1a: Skarmory
|-resisted|p1a: Skarmory
|-damage|p1a: Skarmory|76/100
|-damage|p2a: Zarude|55/100|[from] item: Rocky Helmet|[of] p1a: Skarmory
|
|t:|1663180117
|switch|p2a: Salamence|Salamence, F|100/100|[from]move: U-turn
|-ability|p2a: Salamence|Intimidate|boost
|-unboost|p1a: Skarmory|atk|1
|
|-end|p1a: Skarmory|move: Future Sight
|-resisted|p1a: Skarmory
|-damage|p1a: Skarmory|48/100
|upkeep
|turn|21
|
|t:|1663180125
|switch|p1a: Chansey|Chansey, F|100/100
|-damage|p1a: Chansey|88/100|[from] Stealth Rock
|move|p2a: Salamence|Flamethrower|p1a: Chansey
|-damage|p1a: Chansey|79/100
|
|upkeep
|turn|22
|
|t:|1663180134
|switch|p2a: Slowking|Slowking, F|100/100 tox
|-damage|p2a: Slowking|88/100 tox|[from] Spikes
|move|p1a: Chansey|Seismic Toss|p2a: Slowking
|-damage|p2a: Slowking|63/100 tox
|
|-damage|p2a: Slowking|56/100 tox|[from] psn
|upkeep
|turn|23
|
|t:|1663180145
|move|p1a: Chansey|Seismic Toss|p2a: Slowking
|-damage|p2a: Slowking|31/100 tox
|move|p2a: Slowking|Teleport|p2a: Slowking
|
|t:|1663180147
|switch|p2a: Cobalion|Cobalion|59/100|[from]move: Teleport
|-damage|p2a: Cobalion|47/100|[from] Spikes
|
|upkeep
|turn|24
|
|t:|1663180155
|switch|p1a: Skarmory|Skarmory, M|48/100
|-damage|p1a: Skarmory|36/100|[from] Stealth Rock
|move|p2a: Cobalion|Close Combat|p1a: Skarmory
|-damage|p1a: Skarmory|3/100
|-unboost|p2a: Cobalion|def|1
|-unboost|p2a: Cobalion|spd|1
|-damage|p2a: Cobalion|31/100|[from] item: Rocky Helmet|[of] p1a: Skarmory
|
|upkeep
|turn|25
|
|t:|1663180165
|move|p2a: Cobalion|Close Combat|p1a: Skarmory
|-damage|p1a: Skarmory|0 fnt
|-unboost|p2a: Cobalion|def|1
|-unboost|p2a: Cobalion|spd|1
|-damage|p2a: Cobalion|14/100|[from] item: Rocky Helmet|[of] p1a: Skarmory
|faint|p1a: Skarmory
|
|upkeep
|
|t:|1663180172
|switch|p1a: Conkeldurr|Conkeldurr, F|95/100 brn
|-damage|p1a: Conkeldurr|89/100 brn|[from] Stealth Rock
|turn|26
|
|t:|1663180177
|move|p1a: Conkeldurr|Mach Punch|p2a: Cobalion
|-supereffective|p2a: Cobalion
|-damage|p2a: Cobalion|0 fnt
|-damage|p1a: Conkeldurr|72/100 brn|[from] item: Rocky Helmet|[of] p2a: Cobalion
|faint|p2a: Cobalion
|
|-damage|p1a: Conkeldurr|66/100 brn|[from] brn
|upkeep
|
|t:|1663180183
|switch|p2a: Salamence|Salamence, F|100/100
|-ability|p2a: Salamence|Intimidate|boost
|-unboost|p1a: Conkeldurr|atk|1
|turn|27
|
|t:|1663180190
|switch|p2a: Mamoswine|Mamoswine, F|88/100
|-damage|p2a: Mamoswine|76/100|[from] Spikes
|switch|p1a: Chansey|Chansey, F|79/100
|-damage|p1a: Chansey|67/100|[from] Stealth Rock
|
|upkeep
|turn|28
|
|t:|1663180199
|move|p2a: Mamoswine|Knock Off|p1a: Chansey
|-damage|p1a: Chansey|32/100
|-enditem|p1a: Chansey|Eviolite|[from] move: Knock Off|[of] p2a: Mamoswine
|move|p1a: Chansey|Teleport|p1a: Chansey
|
|t:|1663180213
|switch|p1a: Conkeldurr|Conkeldurr, F|66/100 brn|[from]move: Teleport
|-damage|p1a: Conkeldurr|60/100 brn|[from] Stealth Rock
|
|-damage|p1a: Conkeldurr|54/100 brn|[from] brn
|upkeep
|turn|29
|
|t:|1663180220
|switch|p2a: Salamence|Salamence, F|100/100
|-ability|p2a: Salamence|Intimidate|boost
|-unboost|p1a: Conkeldurr|atk|1
|move|p1a: Conkeldurr|Close Combat|p2a: Salamence
|-resisted|p2a: Salamence
|-damage|p2a: Salamence|54/100
|-unboost|p1a: Conkeldurr|def|1
|-unboost|p1a: Conkeldurr|spd|1
|
|-damage|p1a: Conkeldurr|48/100 brn|[from] brn
|upkeep
|turn|30
|
|t:|1663180233
|switch|p1a: Chansey|Chansey, F|32/100
|-damage|p1a: Chansey|19/100|[from] Stealth Rock
|move|p2a: Salamence|Flamethrower|p1a: Chansey
|-damage|p1a: Chansey|7/100
|
|upkeep
|turn|31
|
|t:|1663180240
|move|p2a: Salamence|Flamethrower|p1a: Chansey
|-damage|p1a: Chansey|0 fnt
|faint|p1a: Chansey
|
|upkeep
|
|t:|1663180246
|switch|p1a: Ditto|Ditto|100/100
|-damage|p1a: Ditto|88/100|[from] Stealth Rock
|-transform|p1a: Ditto|p2a: Salamence|[from] ability: Imposter
|-ability|p1a: Ditto|Intimidate|boost
|-unboost|p2a: Salamence|atk|1
|turn|32
|
|t:|1663180257
|switch|p2a: Nihilego|Nihilego|100/100
|-damage|p2a: Nihilego|88/100|[from] Spikes
|move|p1a: Ditto|Draco Meteor|p2a: Nihilego
|-damage|p2a: Nihilego|45/100
|-unboost|p1a: Ditto|spa|2
|
|upkeep
|turn|33
|
|t:|1663180265
|switch|p1a: Nidoking|Nidoking, M|100/100
|-damage|p1a: Nidoking|95/100|[from] Stealth Rock
|move|p2a: Nihilego|Grass Knot|p1a: Nidoking
|-damage|p1a: Nidoking|57/100
|
|upkeep
|turn|34
|
|t:|1663180276
|move|p2a: Nihilego|Grass Knot|p1a: Nidoking
|-damage|p1a: Nidoking|21/100
|move|p1a: Nidoking|Sludge Wave|p2a: Nihilego
|-resisted|p2a: Nihilego
|-damage|p2a: Nihilego|33/100
|
|upkeep
|turn|35
|
|t:|1663180284
|move|p2a: Nihilego|Sludge Wave|p1a: Nidoking
|-resisted|p1a: Nidoking
|-damage|p1a: Nidoking|6/100
|move|p1a: Nidoking|Earth Power|p2a: Nihilego
|-supereffective|p2a: Nihilego
|-damage|p2a: Nihilego|0 fnt
|faint|p2a: Nihilego
|
|upkeep
|
|t:|1663180291
|switch|p2a: Salamence|Salamence, F|54/100
|-ability|p2a: Salamence|Intimidate|boost
|-unboost|p1a: Nidoking|atk|1
|turn|36
|
|t:|1663180295
|move|p2a: Salamence|Flamethrower|p1a: Nidoking
|-damage|p1a: Nidoking|0 fnt
|faint|p1a: Nidoking
|
|upkeep
|
|t:|1663180300
|switch|p1a: Ditto|Ditto|88/100
|-damage|p1a: Ditto|76/100|[from] Stealth Rock
|-transform|p1a: Ditto|p2a: Salamence|[from] ability: Imposter
|-ability|p1a: Ditto|Intimidate|boost
|-unboost|p2a: Salamence|atk|1
|turn|37
|
|t:|1663180308
|switch|p2a: Slowking|Slowking, F|64/100 tox
|-damage|p2a: Slowking|52/100 tox|[from] Spikes
|move|p1a: Ditto|Draco Meteor|p2a: Slowking
|-damage|p2a: Slowking|5/100 tox
|-unboost|p1a: Ditto|spa|2
|
|-damage|p2a: Slowking|0 fnt|[from] psn
|faint|p2a: Slowking
|upkeep
|
|t:|1663180315
|switch|p2a: Mamoswine|Mamoswine, F|76/100
|-damage|p2a: Mamoswine|63/100|[from] Spikes
|turn|38
|
|t:|1663180323
|switch|p1a: Conkeldurr|Conkeldurr, F|48/100 brn
|-damage|p1a: Conkeldurr|42/100 brn|[from] Stealth Rock
|move|p2a: Mamoswine|Ice Shard|p1a: Conkeldurr
|-damage|p1a: Conkeldurr|10/100 brn
|
|-damage|p1a: Conkeldurr|4/100 brn|[from] brn
|upkeep
|turn|39
|
|t:|1663180331
|move|p2a: Mamoswine|Ice Shard|p1a: Conkeldurr
|-damage|p1a: Conkeldurr|0 fnt
|faint|p1a: Conkeldurr
|
|upkeep
|
|t:|1663180335
|switch|p1a: Ditto|Ditto|76/100
|-damage|p1a: Ditto|63/100|[from] Stealth Rock
|-transform|p1a: Ditto|p2a: Mamoswine|[from] ability: Imposter
|turn|40
|j| ashtestus
|
|t:|1663180350
|switch|p2a: Salamence|Salamence, F|54/100
|-ability|p2a: Salamence|Intimidate|boost
|-fail|p1a: Ditto|unboost|Attack|[from] ability: Oblivious|[of] p1a: Ditto
|move|p1a: Ditto|Icicle Crash|p2a: Salamence
|-supereffective|p2a: Salamence
|-damage|p2a: Salamence|0 fnt
|faint|p2a: Salamence
|
|upkeep
|
|t:|1663180373
|switch|p2a: Mamoswine|Mamoswine, F|63/100
|-damage|p2a: Mamoswine|51/100|[from] Spikes
|turn|41
|
|t:|1663180377
|move|p2a: Mamoswine|Ice Shard|p1a: Ditto
|-damage|p1a: Ditto|19/100
|move|p1a: Ditto|Icicle Crash|p2a: Mamoswine
|-damage|p2a: Mamoswine|0 fnt
|faint|p2a: Mamoswine
|
|upkeep
|
|t:|1663180383
|switch|p2a: Zarude|Zarude-Dada|55/100
|-damage|p2a: Zarude|43/100|[from] Spikes
|turn|42
|
|t:|1663180387
|move|p2a: Zarude|Darkest Lariat|p1a: Ditto
|-damage|p1a: Ditto|0 fnt
|faint|p1a: Ditto
|
|win|Fousfull
|raw|Gary.Blue.Br's rating: 1468 &rarr; <strong>1457</strong><br />(-11 for losing)
|raw|Fousfull's rating: 1646 &rarr; <strong>1657</strong><br />(+11 for winning)
|l|☆Fousfull
