|j|☆Bsuuuu
|j|☆I'm Navii
|t:|1606109240
|player|p1|Bsuuuu|swimmer-gen4dp|
|player|p2|I'm Navii|ethan-pokeathlon|
|teamsize|p1|6
|teamsize|p2|6
|gametype|singles
|gen|8
|tier|[Gen 8] UU
|rated|Tournament battle
|clearpoke
|poke|p1|Nihilego|
|poke|p1|Volcarona, M|
|poke|p1|Magnezone|
|poke|p1|Keldeo-Resolute|
|poke|p1|Tangrowth, M|
|poke|p1|Krookodile, F|
|poke|p2|Shuckle, M|
|poke|p2|Bisharp, M|
|poke|p2|Latias, F|
|poke|p2|Victini|
|poke|p2|Azumarill, F|
|poke|p2|Scizor, M|
|rule|Sleep Clause Mod: Limit one foe put to sleep
|rule|Species Clause: Limit one of each Pokémon
|rule|OHKO Clause: OHKO moves are banned
|rule|Evasion Moves Clause: Evasion moves are banned
|rule|Endless Battle Clause: Forcing endless battles is banned
|rule|HP Percentage Mod: HP is shown in percentages
|rule|Dynamax Clause: You cannot dynamax
|teampreview
|inactive|Battle timer is ON: inactive players will automatically lose when time's up. (requested by I'm Navii)
|c|☆Bsuuuu|oh gross
|j| paradisin
|j|+7MM
|c|☆I'm Navii|):
|l|+7MM
|inactive|I'm Navii has 120 seconds left.
|
|t:|1606109274
|start
|switch|p1a: Keldeo|Keldeo-Resolute|100/100
|switch|p2a: SHUCKIE FUCKIE|Shuckle, M|100/100
|turn|1
|
|t:|1606109281
|move|p1a: Keldeo|Scald|p2a: SHUCKIE FUCKIE
|-supereffective|p2a: SHUCKIE FUCKIE
|-damage|p2a: SHUCKIE FUCKIE|24/100
|-status|p2a: SHUCKIE FUCKIE|brn
|move|p2a: SHUCKIE FUCKIE|Sticky Web|p1a: Keldeo
|-sidestart|p1: Bsuuuu|move: Sticky Web
|
|-damage|p2a: SHUCKIE FUCKIE|18/100 brn|[from] brn
|upkeep
|turn|2
|-enditem|p2a: SHUCKIE FUCKIE|Custap Berry|[eat]
|-activate|p2a: SHUCKIE FUCKIE|item: Custap Berry|[consumed]
|
|t:|1606109286
|move|p2a: SHUCKIE FUCKIE|Stealth Rock|p1a: Keldeo
|-sidestart|p1: Bsuuuu|move: Stealth Rock
|move|p1a: Keldeo|Scald|p2a: SHUCKIE FUCKIE
|-supereffective|p2a: SHUCKIE FUCKIE
|-crit|p2a: SHUCKIE FUCKIE
|-damage|p2a: SHUCKIE FUCKIE|0 fnt
|faint|p2a: SHUCKIE FUCKIE
|
|upkeep
|j| Totem skarm
|
|t:|1606109299
|switch|p2a: Jet|Latias, F|100/100
|turn|3
|c|☆Bsuuuu|whelp thats gg
|
|t:|1606109306
|switch|p1a: Tangrowth|Tangrowth, M|100/100
|-damage|p1a: Tangrowth|88/100|[from] Stealth Rock
|-activate|p1a: Tangrowth|move: Sticky Web
|-unboost|p1a: Tangrowth|spe|1
|move|p2a: Jet|Calm Mind|p2a: Jet
|-boost|p2a: Jet|spa|1
|-boost|p2a: Jet|spd|1
|
|upkeep
|turn|4
|
|t:|1606109325
|move|p2a: Jet|Mystical Fire|p1a: Tangrowth
|-supereffective|p1a: Tangrowth
|-damage|p1a: Tangrowth|0 fnt
|faint|p1a: Tangrowth
|
|upkeep
|j|+7MM
|
|t:|1606109336
|switch|p1a: Krookodile|Krookodile, F|100/100
|-activate|p1a: Krookodile|move: Sticky Web
|-unboost|p1a: Krookodile|spe|1
|-damage|p1a: Krookodile|94/100|[from] Stealth Rock
|-ability|p1a: Krookodile|Intimidate|boost
|-unboost|p2a: Jet|atk|1
|turn|5
|
|t:|1606109339
|move|p2a: Jet|Draco Meteor|p1a: Krookodile
|-damage|p1a: Krookodile|0 fnt
|-unboost|p2a: Jet|spa|2
|faint|p1a: Krookodile
|
|upkeep
|
|t:|1606109345
|switch|p1a: Volcarona|Volcarona, M|100/100
|turn|6
|
|t:|1606109359
|switch|p2a: Z-MOVE|Victini|100/100
|move|p1a: Volcarona|Quiver Dance|p1a: Volcarona
|-boost|p1a: Volcarona|spa|1
|-boost|p1a: Volcarona|spd|1
|-boost|p1a: Volcarona|spe|1
|
|upkeep
|turn|7
|
|t:|1606109364
|move|p1a: Volcarona|Substitute|p1a: Volcarona
|-start|p1a: Volcarona|Substitute
|-damage|p1a: Volcarona|76/100
|move|p2a: Z-MOVE|Bolt Strike|p1a: Volcarona
|-end|p1a: Volcarona|Substitute
|
|upkeep
|turn|8
|
|t:|1606109368
|move|p1a: Volcarona|Quiver Dance|p1a: Volcarona
|-boost|p1a: Volcarona|spa|1
|-boost|p1a: Volcarona|spd|1
|-boost|p1a: Volcarona|spe|1
|move|p2a: Z-MOVE|Bolt Strike|p1a: Volcarona
|-damage|p1a: Volcarona|20/100
|
|upkeep
|turn|9
|
|t:|1606109385
|move|p1a: Volcarona|Fiery Dance|p2a: Z-MOVE
|-resisted|p2a: Z-MOVE
|-damage|p2a: Z-MOVE|63/100
|-boost|p1a: Volcarona|spa|1
|move|p2a: Z-MOVE|Bolt Strike|p1a: Volcarona
|-damage|p1a: Volcarona|0 fnt
|faint|p1a: Volcarona
|
|upkeep
|
|t:|1606109392
|switch|p1a: Magnezone|Magnezone|100/100
|-damage|p1a: Magnezone|94/100|[from] Stealth Rock
|-activate|p1a: Magnezone|move: Sticky Web
|-unboost|p1a: Magnezone|spe|1
|turn|10
|c|+7MM|epic
|
|t:|1606109395
|move|p2a: Z-MOVE|Bolt Strike|p1a: Magnezone
|-resisted|p1a: Magnezone
|-damage|p1a: Magnezone|65/100
|move|p1a: Magnezone|Volt Switch|p2a: Z-MOVE
|-damage|p2a: Z-MOVE|0 fnt
|faint|p2a: Z-MOVE
|c|☆Bsuuuu|i shoulda used a dif team lol
|
|t:|1606109406
|switch|p1a: Keldeo|Keldeo-Resolute|100/100|[from]move: Volt Switch
|-damage|p1a: Keldeo|94/100|[from] Stealth Rock
|-activate|p1a: Keldeo|move: Sticky Web
|-unboost|p1a: Keldeo|spe|1
|
|upkeep
|
|t:|1606109414
|switch|p2a: Jet|Latias, F|100/100
|turn|11
|
|t:|1606109420
|switch|p1a: Nihilego|Nihilego|100/100
|-activate|p1a: Nihilego|move: Sticky Web
|-unboost|p1a: Nihilego|spe|1
|-damage|p1a: Nihilego|88/100|[from] Stealth Rock
|move|p2a: Jet|Psyshock|p1a: Nihilego
|-supereffective|p1a: Nihilego
|-damage|p1a: Nihilego|0 fnt
|faint|p1a: Nihilego
|
|upkeep
|-message|Bsuuuu forfeited.
|
|win|I'm Navii
