|j|☆Low Ladder Terror
|j|☆aquamarine313
|t:|1608000696
|player|p1|Low Ladder Terror|teamrocket|1669
|player|p2|aquamarine313|acetrainercouple|1603
|teamsize|p1|6
|teamsize|p2|6
|gametype|singles
|gen|8
|tier|[Gen 8] UU
|rated|
|clearpoke
|poke|p1|Obstagoon, F|
|poke|p1|Kyurem|
|poke|p1|Slowking, M|
|poke|p1|Nidoqueen, F|
|poke|p1|Rotom-Heat|
|poke|p1|Scizor, F|
|poke|p2|Jirachi|
|poke|p2|Seismitoad, F|
|poke|p2|Thundurus, M|
|poke|p2|Victini|
|poke|p2|Kommo-o, F|
|poke|p2|Salamence, F|
|rule|Sleep Clause Mod: Limit one foe put to sleep
|rule|Species Clause: Limit one of each Pokémon
|rule|OHKO Clause: OHKO moves are banned
|rule|Evasion Moves Clause: Evasion moves are banned
|rule|Endless Battle Clause: Forcing endless battles is banned
|rule|HP Percentage Mod: HP is shown in percentages
|rule|Dynamax Clause: You cannot dynamax
|teampreview
|inactive|Battle timer is ON: inactive players will automatically lose when time's up. (requested by Low Ladder Terror)
|inactive|Low Ladder Terror has 120 seconds left.
|inactive|aquamarine313 has 120 seconds left.
|
|t:|1608000746
|start
|switch|p1a: Slowking|Slowking, M, shiny|100/100
|switch|p2a: Kommo-o|Kommo-o, F|100/100
|turn|1
|
|t:|1608000762
|switch|p2a: Seismitoad|Seismitoad, F|100/100
|move|p1a: Slowking|Future Sight|p2a: Seismitoad
|-start|p1a: Slowking|move: Future Sight
|
|upkeep
|turn|2
|
|t:|1608000768
|move|p2a: Seismitoad|Stealth Rock|p1a: Slowking
|-sidestart|p1: Low Ladder Terror|move: Stealth Rock
|move|p1a: Slowking|Teleport|p1a: Slowking
|
|t:|1608000773
|switch|p1a: Obstagoon|Obstagoon, F, shiny|100/100|[from]move: Teleport
|-damage|p1a: Obstagoon|88/100|[from] Stealth Rock
|
|-status|p1a: Obstagoon|brn|[from] item: Flame Orb
|upkeep
|turn|3
|j| 8u8989ujhujh8ij
|
|t:|1608000780
|switch|p2a: Salamence|Salamence, F|100/100
|-ability|p2a: Salamence|Intimidate|boost
|-unboost|p1a: Obstagoon|atk|1
|move|p1a: Obstagoon|Facade|p2a: Salamence
|-damage|p2a: Salamence|45/100
|
|-end|p2a: Salamence|move: Future Sight
|-damage|p2a: Salamence|5/100
|-damage|p1a: Obstagoon|82/100 brn|[from] brn
|upkeep
|turn|4
|
|t:|1608000789
|switch|p2a: Kommo-o|Kommo-o, F|100/100
|move|p1a: Obstagoon|Knock Off|p2a: Kommo-o
|-resisted|p2a: Kommo-o
|-damage|p2a: Kommo-o|80/100
|-enditem|p2a: Kommo-o|Life Orb|[from] move: Knock Off|[of] p1a: Obstagoon
|
|-damage|p1a: Obstagoon|76/100 brn|[from] brn
|upkeep
|turn|5
|
|t:|1608000802
|switch|p1a: Slowking|Slowking, M, shiny|100/100
|-damage|p1a: Slowking|88/100|[from] Stealth Rock
|switch|p2a: Seismitoad|Seismitoad, F|100/100
|
|upkeep
|turn|6
|
|t:|1608000809
|move|p2a: Seismitoad|Toxic|p1a: Slowking
|-status|p1a: Slowking|tox
|move|p1a: Slowking|Future Sight|p2a: Seismitoad
|-start|p1a: Slowking|move: Future Sight
|
|-damage|p1a: Slowking|82/100 tox|[from] psn
|upkeep
|turn|7
|
|t:|1608000815
|move|p2a: Seismitoad|Knock Off|p1a: Slowking
|-supereffective|p1a: Slowking
|-enditem|p1a: Slowking|Colbur Berry|[eat]
|-enditem|p1a: Slowking|Colbur Berry|[weaken]
|-damage|p1a: Slowking|68/100 tox
|move|p1a: Slowking|Teleport|p1a: Slowking
|
|t:|1608000827
|switch|p1a: Obstagoon|Obstagoon, F, shiny|76/100 brn|[from]move: Teleport
|-damage|p1a: Obstagoon|64/100 brn|[from] Stealth Rock
|
|-damage|p1a: Obstagoon|58/100 brn|[from] brn
|upkeep
|turn|8
|
|t:|1608000831
|switch|p2a: Salamence|Salamence, F|5/100
|-ability|p2a: Salamence|Intimidate|boost
|-unboost|p1a: Obstagoon|atk|1
|move|p1a: Obstagoon|Facade|p2a: Salamence
|-damage|p2a: Salamence|0 fnt
|faint|p2a: Salamence
|
|-hint|Future Sight did not hit because the target is fainted.
|-damage|p1a: Obstagoon|52/100 brn|[from] brn
|upkeep
|
|t:|1608000849
|switch|p2a: Thundurus|Thundurus, M|100/100
|turn|9
|
|t:|1608000854
|switch|p1a: Rotom|Rotom-Heat, shiny|100/100
|move|p2a: Thundurus|Nasty Plot|p2a: Thundurus
|-boost|p2a: Thundurus|spa|2
|
|upkeep
|turn|10
|
|t:|1608000860
|move|p2a: Thundurus|Focus Blast|p1a: Rotom
|-damage|p1a: Rotom|0 fnt
|-damage|p2a: Thundurus|91/100|[from] item: Life Orb
|faint|p1a: Rotom
|
|upkeep
|
|t:|1608000869
|switch|p1a: Kyurem|Kyurem, shiny|100/100
|-damage|p1a: Kyurem|76/100|[from] Stealth Rock
|-ability|p1a: Kyurem|Pressure
|turn|11
|
|t:|1608000881
|switch|p2a: Jirachi|Jirachi|100/100
|move|p1a: Kyurem|Ice Beam|p2a: Jirachi
|-resisted|p2a: Jirachi
|-damage|p2a: Jirachi|85/100
|
|-heal|p2a: Jirachi|91/100|[from] item: Leftovers
|upkeep
|turn|12
|
|t:|1608000887
|switch|p1a: Scizor|Scizor, F|100/100
|-damage|p1a: Scizor|88/100|[from] Stealth Rock
|move|p2a: Jirachi|U-turn|p1a: Scizor
|-resisted|p1a: Scizor
|-damage|p1a: Scizor|78/100
|
|t:|1608000893
|switch|p2a: Victini|Victini|100/100|[from]move: U-turn
|
|upkeep
|turn|13
|
|t:|1608000898
|switch|p1a: Slowking|Slowking, M, shiny|100/100 tox
|-damage|p1a: Slowking|88/100 tox|[from] Stealth Rock
|move|p2a: Victini|U-turn|p1a: Slowking
|-supereffective|p1a: Slowking
|-damage|p1a: Slowking|61/100 tox
|
|t:|1608000906
|switch|p2a: Thundurus|Thundurus, M|91/100|[from]move: U-turn
|
|-damage|p1a: Slowking|55/100 tox|[from] psn
|upkeep
|turn|14
|
|t:|1608000911
|switch|p1a: Nidoqueen|Nidoqueen, F|100/100
|-damage|p1a: Nidoqueen|94/100|[from] Stealth Rock
|move|p2a: Thundurus|Nasty Plot|p2a: Thundurus
|-boost|p2a: Thundurus|spa|2
|
|upkeep
|turn|15
|
|t:|1608000920
|move|p2a: Thundurus|Psychic|p1a: Nidoqueen
|-supereffective|p1a: Nidoqueen
|-damage|p1a: Nidoqueen|0 fnt
|-damage|p2a: Thundurus|81/100|[from] item: Life Orb
|faint|p1a: Nidoqueen
|
|upkeep
|
|t:|1608000931
|switch|p1a: Kyurem|Kyurem, shiny|76/100
|-damage|p1a: Kyurem|51/100|[from] Stealth Rock
|-ability|p1a: Kyurem|Pressure
|turn|16
|
|t:|1608000938
|switch|p2a: Jirachi|Jirachi|91/100
|move|p1a: Kyurem|Ice Beam|p2a: Jirachi
|-resisted|p2a: Jirachi
|-damage|p2a: Jirachi|75/100
|
|-heal|p2a: Jirachi|81/100|[from] item: Leftovers
|upkeep
|turn|17
|-message|Low Ladder Terror forfeited.
|
|win|aquamarine313
|l|☆Low Ladder Terror
|c|☆aquamarine313|gg
|raw|Low Ladder Terror's rating: 1669 &rarr; <strong>1646</strong><br />(-23 for losing)
|raw|aquamarine313's rating: 1611 &rarr; <strong>1634</strong><br />(+23 for winning)
