|j|☆xyldaz
|j|☆Low Ladder Terror
|t:|1606356585
|player|p1|xyldaz|134|
|player|p2|Low Ladder Terror|teamrocket|
|teamsize|p1|6
|teamsize|p2|6
|gametype|singles
|gen|8
|tier|[Gen 8] UU
|rated|Tournament battle
|clearpoke
|poke|p1|Stakataka|
|poke|p1|Victini|
|poke|p1|Hatterene, F|
|poke|p1|Hydreigon, M|
|poke|p1|Slowking, M|
|poke|p1|Marowak-Alola, F|
|poke|p2|Chandelure, M|
|poke|p2|Sylveon, F|
|poke|p2|Cobalion|
|poke|p2|Gyarados, M|
|poke|p2|Krookodile, M|
|poke|p2|Tentacruel, M|
|rule|Sleep Clause Mod: Limit one foe put to sleep
|rule|Species Clause: Limit one of each Pokémon
|rule|OHKO Clause: OHKO moves are banned
|rule|Evasion Moves Clause: Evasion moves are banned
|rule|Endless Battle Clause: Forcing endless battles is banned
|rule|HP Percentage Mod: HP is shown in percentages
|rule|Dynamax Clause: You cannot dynamax
|teampreview
|j| Sir Tetris ⌐▭‿▭@!
|inactive|Battle timer is ON: inactive players will automatically lose when time's up. (requested by Low Ladder Terror)
|c|☆Low Ladder Terror|more trick room
|c|☆Low Ladder Terror|hurray
|c| Sir Tetris ⌐▭‿▭|hydreigon in tr o.O
|inactive|Low Ladder Terror has 120 seconds left.
|
|t:|1606356630
|start
|switch|p1a: Hatterene|Hatterene, F|100/100
|switch|p2a: Cobalion|Cobalion|100/100
|turn|1
|
|t:|1606356635
|switch|p1a: Slowking|Slowking, M|100/100
|move|p2a: Cobalion|Iron Head|p1a: Slowking
|-resisted|p1a: Slowking
|-damage|p1a: Slowking|89/100
|
|upkeep
|turn|2
|
|t:|1606356639
|switch|p1a: Hatterene|Hatterene, F|100/100
|move|p2a: Cobalion|Stealth Rock|p1a: Hatterene
|move|p1a: Hatterene|Stealth Rock|p2a: Cobalion|[from]ability: Magic Bounce
|-sidestart|p2: Low Ladder Terror|move: Stealth Rock
|
|upkeep
|turn|3
|
|t:|1606356643
|switch|p1a: Slowking|Slowking, M|100/100
|move|p2a: Cobalion|Iron Head|p1a: Slowking
|-resisted|p1a: Slowking
|-crit|p1a: Slowking
|-damage|p1a: Slowking|81/100
|
|upkeep
|turn|4
|
|t:|1606356646
|move|p2a: Cobalion|Stealth Rock|p1a: Slowking
|-sidestart|p1: xyldaz|move: Stealth Rock
|move|p1a: Slowking|Trick Room|p1a: Slowking
|-fieldstart|move: Trick Room|[of] p1a: Slowking
|
|upkeep
|turn|5
|
|t:|1606356660
|move|p2a: Cobalion|Thunder Wave|p1a: Slowking
|-status|p1a: Slowking|par
|cant|p1a: Slowking|par
|
|upkeep
|turn|6
|inactive|Low Ladder Terror has 120 seconds left.
|j| Mygrein ⌐㋛_㋡
|
|t:|1606356692
|switch|p2a: Sylveon|Sylveon, F|100/100
|-damage|p2a: Sylveon|88/100|[from] Stealth Rock
|move|p1a: Slowking|Teleport|p1a: Slowking
|
|t:|1606356700
|switch|p1a: Stakataka|Stakataka|100/100|[from]move: Teleport
|-damage|p1a: Stakataka|94/100|[from] Stealth Rock
|
|-heal|p2a: Sylveon|94/100|[from] item: Leftovers
|upkeep
|turn|7
|
|t:|1606356712
|move|p2a: Sylveon|Protect|p2a: Sylveon
|-singleturn|p2a: Sylveon|Protect
|move|p1a: Stakataka|Gyro Ball|p2a: Sylveon
|-activate|p2a: Sylveon|move: Protect
|
|-heal|p2a: Sylveon|99/100|[from] item: Leftovers
|upkeep
|turn|8
|j| pootiness
|
|t:|1606356715
|switch|p2a: Cobalion|Cobalion|100/100
|-damage|p2a: Cobalion|97/100|[from] Stealth Rock
|move|p1a: Stakataka|Heat Crash|p2a: Cobalion
|-supereffective|p2a: Cobalion
|-damage|p2a: Cobalion|47/100
|
|-fieldend|move: Trick Room
|upkeep
|turn|9
|
|t:|1606356721
|switch|p2a: Chandelure|Chandelure, M, shiny|100/100
|switch|p1a: Slowking|Slowking, M|100/100 par
|
|upkeep
|turn|10
|
|t:|1606356729
|switch|p1a: Hydreigon|Hydreigon, M|100/100
|-damage|p1a: Hydreigon|88/100|[from] Stealth Rock
|move|p2a: Chandelure|Hex|p1a: Hydreigon
|-resisted|p1a: Hydreigon
|-damage|p1a: Hydreigon|67/100
|
|upkeep
|turn|11
|j| jhyjgkj
|c| jhyjgkj|helo
|
|t:|1606356743
|switch|p2a: Tentacruel|Tentacruel, M, shiny|100/100
|-damage|p2a: Tentacruel|88/100|[from] Stealth Rock
|move|p1a: Hydreigon|U-turn|p2a: Tentacruel
|-resisted|p2a: Tentacruel
|-damage|p2a: Tentacruel|78/100
|
|t:|1606356758
|switch|p1a: Hatterene|Hatterene, F|100/100|[from]move: U-turn
|-damage|p1a: Hatterene|88/100|[from] Stealth Rock
|
|-heal|p2a: Tentacruel|84/100|[from] item: Black Sludge
|upkeep
|turn|12
|l| jhyjgkj
|
|t:|1606356770
|move|p2a: Tentacruel|Sludge Bomb|p1a: Hatterene
|-supereffective|p1a: Hatterene
|-damage|p1a: Hatterene|37/100
|move|p1a: Hatterene|Trick Room|p1a: Hatterene
|-fieldstart|move: Trick Room|[of] p1a: Hatterene
|
|-heal|p2a: Tentacruel|90/100|[from] item: Black Sludge
|upkeep
|turn|13
|
|t:|1606356777
|switch|p2a: Sylveon|Sylveon, F|99/100
|-damage|p2a: Sylveon|88/100|[from] Stealth Rock
|move|p1a: Hatterene|Psychic|p2a: Sylveon
|-crit|p2a: Sylveon
|-damage|p2a: Sylveon|35/100
|
|-heal|p2a: Sylveon|41/100|[from] item: Leftovers
|upkeep
|turn|14
|
|t:|1606356783
|switch|p1a: Stakataka|Stakataka|94/100
|-damage|p1a: Stakataka|88/100|[from] Stealth Rock
|move|p2a: Sylveon|Wish|p2a: Sylveon
|
|-heal|p2a: Sylveon|47/100|[from] item: Leftovers
|upkeep
|turn|15
|
|t:|1606356787
|move|p2a: Sylveon|Protect|p2a: Sylveon
|-singleturn|p2a: Sylveon|Protect
|move|p1a: Stakataka|Gyro Ball|p2a: Sylveon
|-activate|p2a: Sylveon|move: Protect
|
|-heal|p2a: Sylveon|97/100|[from] move: Wish|[wisher] Sylveon
|-heal|p2a: Sylveon|100/100|[from] item: Leftovers
|upkeep
|turn|16
|j| megaluna51
|
|t:|1606356797
|switch|p2a: Tentacruel|Tentacruel, M, shiny|90/100
|-damage|p2a: Tentacruel|78/100|[from] Stealth Rock
|move|p1a: Stakataka|Gyro Ball|p2a: Tentacruel
|-resisted|p2a: Tentacruel
|-damage|p2a: Tentacruel|19/100
|
|-heal|p2a: Tentacruel|25/100|[from] item: Black Sludge
|-fieldend|move: Trick Room
|upkeep
|turn|17
|
|t:|1606356811
|move|p2a: Tentacruel|Toxic Spikes|p1a: Stakataka
|-sidestart|p1: xyldaz|move: Toxic Spikes
|move|p1a: Stakataka|Trick Room|p1a: Stakataka
|-fieldstart|move: Trick Room|[of] p1a: Stakataka
|
|-heal|p2a: Tentacruel|31/100|[from] item: Black Sludge
|upkeep
|turn|18
|j| jhyjgkj
|
|t:|1606356827
|switch|p2a: Cobalion|Cobalion|47/100
|-damage|p2a: Cobalion|44/100|[from] Stealth Rock
|move|p1a: Stakataka|Gyro Ball|p2a: Cobalion
|-resisted|p2a: Cobalion
|-damage|p2a: Cobalion|10/100
|
|upkeep
|turn|19
|c| jhyjgkj|helo
|
|t:|1606356840
|move|p1a: Stakataka|Heat Crash|p2a: Cobalion
|-supereffective|p2a: Cobalion
|-damage|p2a: Cobalion|0 fnt
|faint|p2a: Cobalion
|-ability|p1a: Stakataka|Beast Boost|boost
|-boost|p1a: Stakataka|atk|1
|
|upkeep
|
|t:|1606356847
|switch|p2a: Sylveon|Sylveon, F|100/100
|-damage|p2a: Sylveon|88/100|[from] Stealth Rock
|turn|20
|
|t:|1606356850
|move|p2a: Sylveon|Protect|p2a: Sylveon
|-singleturn|p2a: Sylveon|Protect
|move|p1a: Stakataka|Stone Edge|p2a: Sylveon
|-activate|p2a: Sylveon|move: Protect
|
|-heal|p2a: Sylveon|94/100|[from] item: Leftovers
|upkeep
|turn|21
|
|t:|1606356853
|switch|p2a: Tentacruel|Tentacruel, M, shiny|31/100
|-damage|p2a: Tentacruel|18/100|[from] Stealth Rock
|move|p1a: Stakataka|Gyro Ball|p2a: Tentacruel
|-resisted|p2a: Tentacruel
|-damage|p2a: Tentacruel|0 fnt
|faint|p2a: Tentacruel
|-ability|p1a: Stakataka|Beast Boost|boost
|-boost|p1a: Stakataka|atk|1
|
|-fieldend|move: Trick Room
|upkeep
|j| Crushy Soul
|
|t:|1606356857
|switch|p2a: Krookodile|Krookodile, M|100/100
|-damage|p2a: Krookodile|94/100|[from] Stealth Rock
|-ability|p2a: Krookodile|Intimidate|boost
|-unboost|p1a: Stakataka|atk|1
|turn|22
|
|t:|1606356864
|move|p2a: Krookodile|Close Combat|p1a: Stakataka
|-supereffective|p1a: Stakataka
|-damage|p1a: Stakataka|0 fnt
|-unboost|p2a: Krookodile|def|1
|-unboost|p2a: Krookodile|spd|1
|faint|p1a: Stakataka
|
|upkeep
|
|t:|1606356885
|switch|p1a: Hydreigon|Hydreigon, M|67/100
|-damage|p1a: Hydreigon|55/100|[from] Stealth Rock
|turn|23
|
|t:|1606356904
|switch|p2a: Sylveon|Sylveon, F|94/100
|-damage|p2a: Sylveon|82/100|[from] Stealth Rock
|move|p1a: Hydreigon|U-turn|p2a: Sylveon
|-resisted|p2a: Sylveon
|-damage|p2a: Sylveon|75/100
|
|t:|1606356907
|switch|p1a: Victini|Victini|100/100|[from]move: U-turn
|
|-heal|p2a: Sylveon|81/100|[from] item: Leftovers
|upkeep
|turn|24
|
|t:|1606356923
|switch|p2a: Chandelure|Chandelure, M, shiny|100/100
|move|p1a: Victini|Trick Room|p1a: Victini
|-fieldstart|move: Trick Room|[of] p1a: Victini
|
|upkeep
|turn|25
|
|t:|1606356935
|move|p1a: Victini|Bolt Strike|p2a: Chandelure
|-damage|p2a: Chandelure|46/100
|-status|p2a: Chandelure|par
|move|p2a: Chandelure|Substitute|p2a: Chandelure
|-start|p2a: Chandelure|Substitute
|-damage|p2a: Chandelure|21/100 par
|
|upkeep
|turn|26
|
|t:|1606356947
|move|p2a: Chandelure|Hex|p1a: Victini
|-supereffective|p1a: Victini
|-damage|p1a: Victini|41/100
|move|p1a: Victini|Bolt Strike|p2a: Chandelure
|-end|p2a: Chandelure|Substitute
|
|upkeep
|turn|27
|
|t:|1606356965
|switch|p1a: Hatterene|Hatterene, F|37/100
|-damage|p1a: Hatterene|25/100|[from] Stealth Rock
|-status|p1a: Hatterene|psn
|cant|p2a: Chandelure|par
|
|-damage|p1a: Hatterene|13/100 psn|[from] psn
|upkeep
|turn|28
|inactive|Low Ladder Terror has 120 seconds left.
|
|t:|1606357014
|switch|p2a: Gyarados|Gyarados, M, shiny|100/100
|move|p1a: Hatterene|Psychic|p2a: Gyarados
|-crit|p2a: Gyarados
|-damage|p2a: Gyarados|13/100
|
|-damage|p1a: Hatterene|0 fnt|[from] psn
|faint|p1a: Hatterene
|-fieldend|move: Trick Room
|upkeep
|
|t:|1606357022
|switch|p1a: Hydreigon|Hydreigon, M|55/100
|-damage|p1a: Hydreigon|42/100|[from] Stealth Rock
|turn|29
|c|☆Low Ladder Terror|crittin everything
|inactive|Low Ladder Terror has 120 seconds left.
|
|t:|1606357038
|switch|p2a: Sylveon|Sylveon, F|81/100
|-damage|p2a: Sylveon|69/100|[from] Stealth Rock
|move|p1a: Hydreigon|Dark Pulse|p2a: Sylveon
|-resisted|p2a: Sylveon
|-damage|p2a: Sylveon|54/100
|
|-heal|p2a: Sylveon|60/100|[from] item: Leftovers
|upkeep
|turn|30
|
|t:|1606357049
|switch|p1a: Slowking|Slowking, M|100/100 par
|move|p2a: Sylveon|Wish|p2a: Sylveon
|
|-heal|p2a: Sylveon|66/100|[from] item: Leftovers
|upkeep
|turn|31
|
|t:|1606357052
|switch|p2a: Gyarados|Gyarados, M, shiny|13/100
|cant|p1a: Slowking|par
|
|-heal|p2a: Gyarados|73/100|[from] move: Wish|[wisher] Sylveon
|upkeep
|turn|32
|c|☆xyldaz|lol
|
|t:|1606357062
|move|p2a: Gyarados|Substitute|p2a: Gyarados
|-start|p2a: Gyarados|Substitute
|-damage|p2a: Gyarados|48/100
|move|p1a: Slowking|Trick Room|p1a: Slowking
|-fieldstart|move: Trick Room|[of] p1a: Slowking
|
|upkeep
|turn|33
|
|t:|1606357071
|move|p1a: Slowking|Psyshock|p2a: Gyarados
|-end|p2a: Gyarados|Substitute
|move|p2a: Gyarados|Dragon Dance|p2a: Gyarados
|-boost|p2a: Gyarados|atk|1
|-boost|p2a: Gyarados|spe|1
|
|upkeep
|turn|34
|inactive|Low Ladder Terror has 120 seconds left.
|
|t:|1606357098
|switch|p2a: Sylveon|Sylveon, F|66/100
|-damage|p2a: Sylveon|53/100|[from] Stealth Rock
|move|p1a: Slowking|Teleport|p1a: Slowking
|
|t:|1606357103
|switch|p1a: Victini|Victini|41/100|[from]move: Teleport
|
|-heal|p2a: Sylveon|60/100|[from] item: Leftovers
|upkeep
|turn|35
|inactive|Low Ladder Terror has 120 seconds left.
|
|t:|1606357123
|move|p2a: Sylveon|Protect|p2a: Sylveon
|-singleturn|p2a: Sylveon|Protect
|move|p1a: Victini|V-create|p2a: Sylveon
|-activate|p2a: Sylveon|move: Protect
|
|-heal|p2a: Sylveon|66/100|[from] item: Leftovers
|upkeep
|turn|36
|inactive|Low Ladder Terror has 120 seconds left.
|
|t:|1606357131
|move|p2a: Sylveon|Hyper Voice|p1a: Victini
|-resisted|p1a: Victini
|-damage|p1a: Victini|25/100
|move|p1a: Victini|Bolt Strike|p2a: Sylveon
|-damage|p2a: Sylveon|29/100
|
|-heal|p2a: Sylveon|35/100|[from] item: Leftovers
|-fieldend|move: Trick Room
|upkeep
|turn|37
|inactive|Low Ladder Terror has 120 seconds left.
|
|t:|1606357151
|move|p1a: Victini|V-create|p2a: Sylveon
|-damage|p2a: Sylveon|0 fnt
|-unboost|p1a: Victini|spe|1
|-unboost|p1a: Victini|def|1
|-unboost|p1a: Victini|spd|1
|faint|p2a: Sylveon
|
|upkeep
|
|t:|1606357157
|switch|p2a: Gyarados|Gyarados, M, shiny|48/100
|turn|38
|inactive|Low Ladder Terror has 120 seconds left.
|
|t:|1606357165
|switch|p1a: Slowking|Slowking, M|100/100 par
|move|p2a: Gyarados|Waterfall|p1a: Slowking
|-resisted|p1a: Slowking
|-damage|p1a: Slowking|86/100 par
|
|upkeep
|turn|39
|l| Mygrein ⌐㋛_㋡
|
|t:|1606357174
|move|p2a: Gyarados|Dragon Dance|p2a: Gyarados
|-boost|p2a: Gyarados|atk|1
|-boost|p2a: Gyarados|spe|1
|move|p1a: Slowking|Trick Room|p1a: Slowking
|-fieldstart|move: Trick Room|[of] p1a: Slowking
|
|upkeep
|turn|40
|
|t:|1606357178
|move|p1a: Slowking|Psyshock|p2a: Gyarados
|-damage|p2a: Gyarados|12/100
|move|p2a: Gyarados|Substitute|p2a: Gyarados
|-fail|p2a: Gyarados|move: Substitute|[weak]
|
|upkeep
|turn|41
|
|t:|1606357182
|move|p1a: Slowking|Psyshock|p2a: Gyarados
|-damage|p2a: Gyarados|0 fnt
|faint|p2a: Gyarados
|
|upkeep
|
|t:|1606357195
|switch|p2a: Chandelure|Chandelure, M, shiny|21/100 par
|turn|42
|l| pootiness
|
|t:|1606357205
|move|p1a: Slowking|Scald|p2a: Chandelure
|-supereffective|p2a: Chandelure
|-damage|p2a: Chandelure|0 fnt
|faint|p2a: Chandelure
|
|upkeep
|c|☆Low Ladder Terror|cheap
|-message|Low Ladder Terror forfeited.
|
|win|xyldaz
