|j|☆DDD951
|j|☆Bladeecco2k
|t:|1656113767
|gametype|singles
|player|p1|DDD951|101|1501
|player|p2|Bladeecco2k|169|1368
|teamsize|p1|6
|teamsize|p2|6
|gen|8
|tier|[Gen 8] UU
|rated|
|rule|Sleep Clause Mod: Limit one foe put to sleep
|rule|Species Clause: Limit one of each Pokémon
|rule|OHKO Clause: OHKO moves are banned
|rule|Evasion Moves Clause: Evasion moves are banned
|rule|Endless Battle Clause: Forcing endless battles is banned
|rule|HP Percentage Mod: HP is shown in percentages
|rule|Dynamax Clause: You cannot dynamax
|clearpoke
|poke|p1|Scizor, F|
|poke|p1|Gyarados, F|
|poke|p1|Starmie|
|poke|p1|Nihilego|
|poke|p1|Tangrowth, F|
|poke|p1|Darmanitan, M|
|poke|p2|Excadrill, M|
|poke|p2|Celesteela|
|poke|p2|Gyarados, M|
|poke|p2|Scizor, M|
|poke|p2|Azelf|
|poke|p2|Keldeo-Resolute|
|teampreview
|
|t:|1656113773
|start
|switch|p1a: Darmanitan|Darmanitan, M|100/100
|switch|p2a: Excadrill|Excadrill, M|100/100
|-ability|p2a: Excadrill|Mold Breaker
|turn|1
|
|t:|1656113780
|move|p1a: Darmanitan|U-turn|p2a: Excadrill
|-resisted|p2a: Excadrill
|-damage|p2a: Excadrill|81/100
|
|t:|1656113784
|switch|p1a: Gyarados|Gyarados, F|100/100|[from]move: U-turn
|-ability|p1a: Gyarados|Intimidate|boost
|-unboost|p2a: Excadrill|atk|1
|move|p2a: Excadrill|Stealth Rock|p1a: Gyarados
|-sidestart|p1: DDD951|move: Stealth Rock
|
|upkeep
|turn|2
|
|t:|1656113796
|switch|p1a: Tangrowth|Tangrowth, F|100/100
|-damage|p1a: Tangrowth|88/100|[from] Stealth Rock
|move|p2a: Excadrill|Rock Tomb|p1a: Tangrowth
|-damage|p1a: Tangrowth|78/100
|-unboost|p1a: Tangrowth|spe|1
|
|upkeep
|turn|3
|
|t:|1656113804
|switch|p2a: Scizor|Scizor, M|100/100
|move|p1a: Tangrowth|Knock Off|p2a: Scizor
|-damage|p2a: Scizor|75/100
|-enditem|p2a: Scizor|Life Orb|[from] move: Knock Off|[of] p1a: Tangrowth
|
|upkeep
|turn|4
|
|t:|1656113815
|switch|p1a: Starmie|Starmie|100/100
|-damage|p1a: Starmie|88/100|[from] Stealth Rock
|move|p2a: Scizor|Knock Off|p1a: Starmie
|-supereffective|p1a: Starmie
|-damage|p1a: Starmie|0 fnt
|-enditem|p1a: Starmie|Life Orb|[from] move: Knock Off|[of] p2a: Scizor
|faint|p1a: Starmie
|
|upkeep
|
|t:|1656113823
|switch|p1a: Darmanitan|Darmanitan, M|100/100
|-damage|p1a: Darmanitan|76/100|[from] Stealth Rock
|turn|5
|
|t:|1656113828
|switch|p2a: Excadrill|Excadrill, M|81/100
|-ability|p2a: Excadrill|Mold Breaker
|move|p1a: Darmanitan|Flare Blitz|p2a: Excadrill
|-supereffective|p2a: Excadrill
|-damage|p2a: Excadrill|0 fnt
|faint|p2a: Excadrill
|-damage|p1a: Darmanitan|49/100|[from] Recoil
|
|upkeep
|
|t:|1656113843
|switch|p2a: Gyarados|Gyarados, M|100/100
|turn|6
|
|t:|1656113846
|move|p1a: Darmanitan|Flare Blitz|p2a: Gyarados
|-resisted|p2a: Gyarados
|-damage|p2a: Gyarados|43/100
|-damage|p1a: Darmanitan|31/100|[from] Recoil
|move|p2a: Gyarados|Dragon Dance|p2a: Gyarados
|-boost|p2a: Gyarados|atk|1
|-boost|p2a: Gyarados|spe|1
|
|upkeep
|turn|7
|
|t:|1656113853
|move|p1a: Darmanitan|Flare Blitz|p2a: Gyarados
|-resisted|p2a: Gyarados
|-damage|p2a: Gyarados|0 fnt
|faint|p2a: Gyarados
|-damage|p1a: Darmanitan|18/100|[from] Recoil
|
|upkeep
|
|t:|1656113861
|switch|p2a: Keldeo|Keldeo-Resolute|100/100
|turn|8
|
|t:|1656113865
|move|p1a: Darmanitan|Flare Blitz|p2a: Keldeo
|-resisted|p2a: Keldeo
|-damage|p2a: Keldeo|54/100
|-damage|p1a: Darmanitan|3/100|[from] Recoil
|move|p2a: Keldeo|Calm Mind|p2a: Keldeo
|-boost|p2a: Keldeo|spa|1
|-boost|p2a: Keldeo|spd|1
|
|-heal|p2a: Keldeo|60/100|[from] item: Leftovers
|upkeep
|turn|9
|
|t:|1656113873
|move|p1a: Darmanitan|Flare Blitz|p2a: Keldeo
|-resisted|p2a: Keldeo
|-damage|p2a: Keldeo|12/100
|-damage|p1a: Darmanitan|0 fnt|[from] Recoil
|faint|p1a: Darmanitan
|move|p2a: Keldeo|Calm Mind|p2a: Keldeo
|-boost|p2a: Keldeo|spa|1
|-boost|p2a: Keldeo|spd|1
|
|-heal|p2a: Keldeo|18/100|[from] item: Leftovers
|upkeep
|
|t:|1656113888
|switch|p1a: Tangrowth|Tangrowth, F|100/100
|-damage|p1a: Tangrowth|88/100|[from] Stealth Rock
|turn|10
|
|t:|1656113891
|move|p2a: Keldeo|Air Slash|p1a: Tangrowth
|-supereffective|p1a: Tangrowth
|-damage|p1a: Tangrowth|21/100
|cant|p1a: Tangrowth|flinch
|
|-heal|p2a: Keldeo|25/100|[from] item: Leftovers
|upkeep
|turn|11
|
|t:|1656113898
|switch|p1a: Nihilego|Nihilego|100/100
|-damage|p1a: Nihilego|88/100|[from] Stealth Rock
|move|p2a: Keldeo|Air Slash|p1a: Nihilego
|-resisted|p1a: Nihilego
|-damage|p1a: Nihilego|69/100
|
|-heal|p2a: Keldeo|31/100|[from] item: Leftovers
|-heal|p1a: Nihilego|75/100|[from] item: Black Sludge
|upkeep
|turn|12
|
|t:|1656113908
|move|p2a: Keldeo|Scald|p1a: Nihilego
|-supereffective|p1a: Nihilego
|-damage|p1a: Nihilego|0 fnt
|faint|p1a: Nihilego
|
|-heal|p2a: Keldeo|37/100|[from] item: Leftovers
|upkeep
|
|t:|1656113914
|switch|p1a: Gyarados|Gyarados, F|100/100
|-damage|p1a: Gyarados|76/100|[from] Stealth Rock
|-ability|p1a: Gyarados|Intimidate|boost
|-unboost|p2a: Keldeo|atk|1
|turn|13
|
|t:|1656113921
|switch|p2a: Celesteela|Celesteela|100/100
|move|p1a: Gyarados|Dragon Dance|p1a: Gyarados
|-boost|p1a: Gyarados|atk|1
|-boost|p1a: Gyarados|spe|1
|
|-heal|p1a: Gyarados|82/100|[from] item: Leftovers
|upkeep
|turn|14
|
|t:|1656113931
|move|p1a: Gyarados|Substitute|p1a: Gyarados
|-start|p1a: Gyarados|Substitute
|-damage|p1a: Gyarados|57/100
|move|p2a: Celesteela|Meteor Beam||[still]
|-prepare|p2a: Celesteela|Meteor Beam
|-boost|p2a: Celesteela|spa|1
|-enditem|p2a: Celesteela|Power Herb
|-anim|p2a: Celesteela|Meteor Beam|p1a: Gyarados
|-supereffective|p1a: Gyarados
|-end|p1a: Gyarados|Substitute
|
|-heal|p1a: Gyarados|63/100|[from] item: Leftovers
|upkeep
|turn|15
|
|t:|1656113941
|move|p1a: Gyarados|Waterfall|p2a: Celesteela
|-damage|p2a: Celesteela|45/100
|cant|p2a: Celesteela|flinch
|
|-heal|p1a: Gyarados|69/100|[from] item: Leftovers
|upkeep
|turn|16
|
|t:|1656113949
|move|p1a: Gyarados|Waterfall|p2a: Celesteela
|-damage|p2a: Celesteela|0 fnt
|faint|p2a: Celesteela
|
|-heal|p1a: Gyarados|75/100|[from] item: Leftovers
|upkeep
|
|t:|1656113954
|switch|p2a: Scizor|Scizor, M|75/100
|turn|17
|
|t:|1656113958
|move|p1a: Gyarados|Waterfall|p2a: Scizor
|-damage|p2a: Scizor|0 fnt
|faint|p2a: Scizor
|
|-heal|p1a: Gyarados|81/100|[from] item: Leftovers
|upkeep
|
|t:|1656113962
|switch|p2a: Keldeo|Keldeo-Resolute|37/100
|turn|18
|
|t:|1656113965
|move|p1a: Gyarados|Waterfall|p2a: Keldeo
|-resisted|p2a: Keldeo
|-damage|p2a: Keldeo|5/100
|move|p2a: Keldeo|Air Slash|p1a: Gyarados
|-damage|p1a: Gyarados|58/100
|
|-heal|p1a: Gyarados|64/100|[from] item: Leftovers
|-heal|p2a: Keldeo|12/100|[from] item: Leftovers
|upkeep
|turn|19
|
|t:|1656113973
|move|p1a: Gyarados|Substitute|p1a: Gyarados
|-start|p1a: Gyarados|Substitute
|-damage|p1a: Gyarados|39/100
|move|p2a: Keldeo|Air Slash|p1a: Gyarados
|-activate|p1a: Gyarados|move: Substitute|[damage]
|
|-heal|p1a: Gyarados|45/100|[from] item: Leftovers
|-heal|p2a: Keldeo|18/100|[from] item: Leftovers
|upkeep
|turn|20
|
|t:|1656113981
|move|p1a: Gyarados|Waterfall|p2a: Keldeo
|-resisted|p2a: Keldeo
|-damage|p2a: Keldeo|0 fnt
|faint|p2a: Keldeo
|
|-heal|p1a: Gyarados|51/100|[from] item: Leftovers
|upkeep
|
|t:|1656113990
|switch|p2a: Azelf|Azelf|100/100
|turn|21
|-message|Bladeecco2k forfeited.
|
|win|DDD951
|raw|DDD951's rating: 1501 &rarr; <strong>1514</strong><br />(+13 for winning)
|raw|Bladeecco2k's rating: 1368 &rarr; <strong>1355</strong><br />(-13 for losing)
|l|☆Bladeecco2k
||Ladder isn't responding, score probably updated but might not have (Request timeout).
