|j|☆themathgician
|j|☆allmydreams
|inactive|Battle timer is ON: inactive players will automatically lose when time's up.
|t:|1661139582
|gametype|singles
|player|p1|themathgician|clown|
|player|p2|allmydreams|psychic-gen3|
|teamsize|p1|6
|teamsize|p2|6
|gen|8
|tier|[Gen 8] UU
|rated|Tournament battle
|rule|Sleep Clause Mod: Limit one foe put to sleep
|rule|Species Clause: Limit one of each Pokémon
|rule|OHKO Clause: OHKO moves are banned
|rule|Evasion Items Clause: Evasion items are banned
|rule|Evasion Moves Clause: Evasion moves are banned
|rule|Endless Battle Clause: Forcing endless battles is banned
|rule|HP Percentage Mod: HP is shown in percentages
|rule|Dynamax Clause: You cannot dynamax
|clearpoke
|poke|p1|Politoed, F|
|poke|p1|Qwilfish, F|
|poke|p1|Druddigon, F|
|poke|p1|Magneton|
|poke|p1|Ludicolo, F|
|poke|p1|Hitmonlee, M|
|poke|p2|Thundurus-Therian, M|
|poke|p2|Slowking, F|
|poke|p2|Nihilego|
|poke|p2|Salamence, F|
|poke|p2|Zarude-Dada|
|poke|p2|Cobalion|
|teampreview
|j|*Lady Monita
|inactive|themathgician also wants the timer to be on.
|
|t:|1661139602
|start
|switch|p1a: Politoed|Politoed, F|100/100
|switch|p2a: Thundurus|Thundurus-Therian, M|100/100
|-weather|RainDance|[from] ability: Drizzle|[of] p1a: Politoed
|turn|1
|
|t:|1661139616
|switch|p1a: Magneton|Magneton|100/100
|move|p2a: Thundurus|Thunderbolt|p1a: Magneton
|-resisted|p1a: Magneton
|-damage|p1a: Magneton|50/100
|
|-weather|RainDance|[upkeep]
|upkeep
|turn|2
|
|t:|1661139626
|move|p1a: Magneton|Steel Beam|p2a: Thundurus
|-resisted|p2a: Thundurus
|-damage|p2a: Thundurus|56/100
|-damage|p1a: Magneton|0 fnt|[from] mindblown
|faint|p1a: Magneton
|move|p2a: Thundurus|Thunderbolt|p1: Magneton|[notarget]
|-fail|p2a: Thundurus
|
|-weather|RainDance|[upkeep]
|upkeep
|
|t:|1661139634
|switch|p1a: Qwilfish|Qwilfish, F|100/100
|turn|3
|
|t:|1661139637
|switch|p2a: Slowking|Slowking, F|100/100
|move|p1a: Qwilfish|Liquidation|p2a: Slowking
|-resisted|p2a: Slowking
|-damage|p2a: Slowking|67/100
|
|-weather|RainDance|[upkeep]
|upkeep
|turn|4
|
|t:|1661139643
|move|p1a: Qwilfish|Liquidation|p2a: Slowking
|-resisted|p2a: Slowking
|-crit|p2a: Slowking
|-damage|p2a: Slowking|17/100
|move|p2a: Slowking|Future Sight|p1a: Qwilfish
|-start|p2a: Slowking|move: Future Sight
|
|-weather|RainDance|[upkeep]
|upkeep
|turn|5
|
|t:|1661139649
|switch|p2a: Salamence|Salamence, F|100/100
|-ability|p2a: Salamence|Intimidate|boost
|-unboost|p1a: Qwilfish|atk|1
|move|p1a: Qwilfish|Liquidation|p2a: Salamence
|-resisted|p2a: Salamence
|-damage|p2a: Salamence|78/100
|
|-weather|RainDance|[upkeep]
|upkeep
|turn|6
|
|t:|1661139662
|switch|p1a: Politoed|Politoed, F|100/100
|move|p2a: Salamence|Dual Wingbeat|p1a: Politoed
|-damage|p1a: Politoed|79/100
|-damage|p1a: Politoed|57/100
|-hitcount|p1a: Politoed|2
|
|-weather|RainDance|[upkeep]
|-end|p1a: Politoed|move: Future Sight
|-damage|p1a: Politoed|29/100
|upkeep
|turn|7
|
|t:|1661139673
|switch|p1a: Druddigon|Druddigon, F|100/100
|move|p2a: Salamence|Dual Wingbeat|p1a: Druddigon
|-damage|p1a: Druddigon|86/100
|-damage|p2a: Salamence|66/100|[from] ability: Rough Skin|[of] p1a: Druddigon
|-damage|p2a: Salamence|49/100|[from] item: Rocky Helmet|[of] p1a: Druddigon
|-damage|p1a: Druddigon|73/100
|-damage|p2a: Salamence|37/100|[from] ability: Rough Skin|[of] p1a: Druddigon
|-damage|p2a: Salamence|21/100|[from] item: Rocky Helmet|[of] p1a: Druddigon
|-hitcount|p1a: Druddigon|2
|
|-weather|RainDance|[upkeep]
|upkeep
|turn|8
|
|t:|1661139686
|move|p2a: Salamence|Roost|p2a: Salamence
|-heal|p2a: Salamence|71/100
|-singleturn|p2a: Salamence|move: Roost
|move|p1a: Druddigon|Stealth Rock|p2a: Salamence
|-sidestart|p2: allmydreams|move: Stealth Rock
|
|-weather|none
|upkeep
|turn|9
|
|t:|1661139695
|move|p2a: Salamence|Defog|p1a: Druddigon
|-unboost|p1a: Druddigon|evasion|1
|-sideend|p2: allmydreams|Stealth Rock|[from] move: Defog|[of] p2a: Salamence
|move|p1a: Druddigon|Dragon Tail|p2a: Salamence
|-supereffective|p2a: Salamence
|-damage|p2a: Salamence|32/100
|drag|p2a: Nihilego|Nihilego|100/100
|
|upkeep
|turn|10
|
|t:|1661139709
|move|p2a: Nihilego|Stealth Rock|p1a: Druddigon
|-sidestart|p1: themathgician|move: Stealth Rock
|move|p1a: Druddigon|Dragon Tail|p2a: Nihilego
|-damage|p2a: Nihilego|58/100
|drag|p2a: Salamence|Salamence, F|32/100
|-ability|p2a: Salamence|Intimidate|boost
|-unboost|p1a: Druddigon|atk|1
|
|upkeep
|turn|11
|
|t:|1661139718
|move|p2a: Salamence|Roost|p2a: Salamence
|-heal|p2a: Salamence|82/100
|-singleturn|p2a: Salamence|move: Roost
|move|p1a: Druddigon|Stealth Rock|p2a: Salamence
|-sidestart|p2: allmydreams|move: Stealth Rock
|
|upkeep
|turn|12
|
|t:|1661139725
|move|p2a: Salamence|Fire Blast|p1a: Druddigon
|-resisted|p1a: Druddigon
|-damage|p1a: Druddigon|60/100
|move|p1a: Druddigon|Stealth Rock||[still]
|-fail|p1a: Druddigon
|
|upkeep
|turn|13
|
|t:|1661139732
|move|p2a: Salamence|Fire Blast|p1a: Druddigon
|-resisted|p1a: Druddigon
|-damage|p1a: Druddigon|46/100
|move|p1a: Druddigon|Rain Dance|p1a: Druddigon
|-weather|RainDance
|
|-weather|RainDance|[upkeep]
|upkeep
|turn|14
|
|t:|1661139739
|move|p2a: Salamence|Dual Wingbeat|p1a: Druddigon
|-damage|p1a: Druddigon|33/100
|-damage|p2a: Salamence|70/100|[from] ability: Rough Skin|[of] p1a: Druddigon
|-damage|p2a: Salamence|54/100|[from] item: Rocky Helmet|[of] p1a: Druddigon
|-damage|p1a: Druddigon|19/100
|-damage|p2a: Salamence|41/100|[from] ability: Rough Skin|[of] p1a: Druddigon
|-damage|p2a: Salamence|25/100|[from] item: Rocky Helmet|[of] p1a: Druddigon
|-hitcount|p1a: Druddigon|2
|move|p1a: Druddigon|Dragon Tail|p2a: Salamence
|-supereffective|p2a: Salamence
|-damage|p2a: Salamence|0 fnt
|faint|p2a: Salamence
|
|-weather|RainDance|[upkeep]
|upkeep
|
|t:|1661139748
|switch|p2a: Thundurus|Thundurus-Therian, M|56/100
|turn|15
|
|t:|1661139754
|move|p2a: Thundurus|Thunderbolt|p1a: Druddigon
|-resisted|p1a: Druddigon
|-damage|p1a: Druddigon|0 fnt
|faint|p1a: Druddigon
|
|-weather|RainDance|[upkeep]
|upkeep
|
|t:|1661139760
|switch|p1a: Qwilfish|Qwilfish, F|100/100
|-damage|p1a: Qwilfish|88/100|[from] Stealth Rock
|turn|16
|
|t:|1661139770
|switch|p2a: Cobalion|Cobalion|100/100
|-damage|p2a: Cobalion|97/100|[from] Stealth Rock
|move|p1a: Qwilfish|Liquidation|p2a: Cobalion
|-damage|p2a: Cobalion|19/100
|
|-weather|RainDance|[upkeep]
|upkeep
|turn|17
|
|t:|1661139777
|move|p1a: Qwilfish|Liquidation|p2a: Cobalion
|-damage|p2a: Cobalion|0 fnt
|faint|p2a: Cobalion
|
|-weather|none
|upkeep
|
|t:|1661139780
|switch|p2a: Slowking|Slowking, F|50/100
|turn|18
|
|t:|1661139790
|switch|p1a: Politoed|Politoed, F|29/100
|-damage|p1a: Politoed|16/100|[from] Stealth Rock
|-weather|RainDance|[from] ability: Drizzle|[of] p1a: Politoed
|move|p2a: Slowking|Slack Off|p2a: Slowking
|-heal|p2a: Slowking|99/100
|
|-weather|RainDance|[upkeep]
|upkeep
|turn|19
|
|t:|1661139798
|switch|p1a: Ludicolo|Ludicolo, F|100/100
|-damage|p1a: Ludicolo|88/100|[from] Stealth Rock
|move|p2a: Slowking|Future Sight|p1a: Ludicolo
|-start|p2a: Slowking|move: Future Sight
|
|-weather|RainDance|[upkeep]
|upkeep
|turn|20
|
|t:|1661139809
|move|p1a: Ludicolo|Ice Beam|p2a: Slowking
|-resisted|p2a: Slowking
|-damage|p2a: Slowking|85/100
|-status|p2a: Slowking|frz
|cant|p2a: Slowking|frz
|
|-weather|RainDance|[upkeep]
|upkeep
|turn|21
|
|t:|1661139817
|move|p1a: Ludicolo|Ice Beam|p2a: Slowking
|-resisted|p2a: Slowking
|-damage|p2a: Slowking|68/100 frz
|-curestatus|p2a: Slowking|frz|[from] move: Scald
|move|p2a: Slowking|Scald|p1a: Ludicolo
|-resisted|p1a: Ludicolo
|-damage|p1a: Ludicolo|78/100
|
|-weather|RainDance|[upkeep]
|-end|p1a: Ludicolo|move: Future Sight
|-damage|p1a: Ludicolo|38/100
|upkeep
|turn|22
|
|t:|1661139829
|switch|p1a: Hitmonlee|Hitmonlee, M|100/100
|-damage|p1a: Hitmonlee|94/100|[from] Stealth Rock
|switch|p2a: Zarude|Zarude-Dada|100/100
|-damage|p2a: Zarude|88/100|[from] Stealth Rock
|
|-weather|RainDance|[upkeep]
|upkeep
|turn|23
|
|t:|1661139837
|move|p2a: Zarude|Power Whip|p1a: Hitmonlee
|-damage|p1a: Hitmonlee|0 fnt
|faint|p1a: Hitmonlee
|
|-weather|RainDance|[upkeep]
|upkeep
|
|t:|1661139849
|switch|p1a: Ludicolo|Ludicolo, F|38/100
|-damage|p1a: Ludicolo|25/100|[from] Stealth Rock
|turn|24
|
|t:|1661139854
|switch|p2a: Slowking|Slowking, F|100/100
|move|p1a: Ludicolo|Giga Drain|p2a: Slowking
|-supereffective|p2a: Slowking
|-damage|p2a: Slowking|17/100
|-heal|p1a: Ludicolo|71/100|[from] drain|[of] p2a: Slowking
|
|-weather|RainDance|[upkeep]
|upkeep
|turn|25
|j| chrismarswu
|
|t:|1661139861
|switch|p2a: Nihilego|Nihilego|58/100
|-damage|p2a: Nihilego|46/100|[from] Stealth Rock
|move|p1a: Ludicolo|Giga Drain|p2a: Nihilego
|-damage|p2a: Nihilego|12/100
|-heal|p1a: Ludicolo|88/100|[from] drain|[of] p2a: Nihilego
|
|-weather|none
|-heal|p2a: Nihilego|18/100|[from] item: Black Sludge
|upkeep
|turn|26
|
|t:|1661139876
|switch|p1a: Politoed|Politoed, F|16/100
|-damage|p1a: Politoed|4/100|[from] Stealth Rock
|-weather|RainDance|[from] ability: Drizzle|[of] p1a: Politoed
|move|p2a: Nihilego|Sludge Bomb|p1a: Politoed
|-damage|p1a: Politoed|0 fnt
|faint|p1a: Politoed
|-ability|p2a: Nihilego|Beast Boost|boost
|-boost|p2a: Nihilego|spa|1
|
|-weather|RainDance|[upkeep]
|-heal|p2a: Nihilego|24/100|[from] item: Black Sludge
|upkeep
|
|t:|1661139887
|switch|p1a: Qwilfish|Qwilfish, F|88/100
|-damage|p1a: Qwilfish|75/100|[from] Stealth Rock
|turn|27
|
|t:|1661139891
|move|p1a: Qwilfish|Liquidation|p2a: Nihilego
|-supereffective|p2a: Nihilego
|-damage|p2a: Nihilego|0 fnt
|faint|p2a: Nihilego
|
|-weather|RainDance|[upkeep]
|upkeep
|
|t:|1661139893
|switch|p2a: Slowking|Slowking, F|50/100
|turn|28
|
|t:|1661139898
|move|p1a: Qwilfish|Liquidation|p2a: Slowking
|-resisted|p2a: Slowking
|-damage|p2a: Slowking|20/100
|move|p2a: Slowking|Slack Off|p2a: Slowking
|-heal|p2a: Slowking|70/100
|
|-weather|RainDance|[upkeep]
|upkeep
|turn|29
|
|t:|1661139905
|switch|p1a: Ludicolo|Ludicolo, F|88/100
|-damage|p1a: Ludicolo|75/100|[from] Stealth Rock
|move|p2a: Slowking|Slack Off|p2a: Slowking
|-heal|p2a: Slowking|100/100
|
|-weather|RainDance|[upkeep]
|upkeep
|turn|30
|
|t:|1661139913
|switch|p2a: Thundurus|Thundurus-Therian, M|56/100
|move|p1a: Ludicolo|Leaf Storm|p2a: Thundurus
|-resisted|p2a: Thundurus
|-damage|p2a: Thundurus|0 fnt
|-unboost|p1a: Ludicolo|spa|2
|faint|p2a: Thundurus
|
|-weather|RainDance|[upkeep]
|upkeep
|
|t:|1661139930
|switch|p2a: Zarude|Zarude-Dada|88/100
|-damage|p2a: Zarude|76/100|[from] Stealth Rock
|turn|31
|
|t:|1661139940
|switch|p1a: Qwilfish|Qwilfish, F|75/100
|-damage|p1a: Qwilfish|63/100|[from] Stealth Rock
|move|p2a: Zarude|U-turn|p1a: Qwilfish
|-resisted|p1a: Qwilfish
|-damage|p1a: Qwilfish|47/100
|
|t:|1661139942
|switch|p2a: Slowking|Slowking, F|100/100|[from]move: U-turn
|
|-weather|RainDance|[upkeep]
|upkeep
|turn|32
|
|t:|1661139955
|switch|p1a: Ludicolo|Ludicolo, F|75/100
|-damage|p1a: Ludicolo|63/100|[from] Stealth Rock
|move|p2a: Slowking|Future Sight|p1a: Ludicolo
|-start|p2a: Slowking|move: Future Sight
|
|-weather|RainDance|[upkeep]
|upkeep
|turn|33
|
|t:|1661139979
|switch|p1a: Qwilfish|Qwilfish, F|47/100
|-damage|p1a: Qwilfish|34/100|[from] Stealth Rock
|move|p2a: Slowking|Teleport|p2a: Slowking
|
|t:|1661139982
|switch|p2a: Zarude|Zarude-Dada|76/100|[from]move: Teleport
|-damage|p2a: Zarude|64/100|[from] Stealth Rock
|
|-weather|none
|upkeep
|turn|34
|j| yellowhead
|
|t:|1661140005
|move|p2a: Zarude|Darkest Lariat|p1a: Qwilfish
|-damage|p1a: Qwilfish|0 fnt
|faint|p1a: Qwilfish
|
|-hint|Future Sight did not hit because the target is fainted.
|upkeep
|
|t:|1661140010
|switch|p1a: Ludicolo|Ludicolo, F|63/100
|-damage|p1a: Ludicolo|50/100|[from] Stealth Rock
|turn|35
|
|t:|1661140014
|move|p2a: Zarude|Darkest Lariat|p1a: Ludicolo
|-damage|p1a: Ludicolo|0 fnt
|faint|p1a: Ludicolo
|
|win|allmydreams
|n|☆themathgician|themathgician
|n|☆allmydreams|allmydreams
|n|*Lady Monita|ladymonita
|n| chrismarswu|chrismarswu
|n| yellowhead|yellowhead
|l|*Lady Monita
|l|☆allmydreams
