|j|☆sponger man
|j|☆The Gabagool King
|t:|1667852813
|gametype|singles
|player|p1|sponger man|lance-gen2|1367
|player|p2|The Gabagool King|1|1434
|teamsize|p1|6
|teamsize|p2|6
|gen|8
|tier|[Gen 8] UU
|rated|
|rule|Sleep Clause Mod: Limit one foe put to sleep
|rule|Species Clause: Limit one of each Pokémon
|rule|OHKO Clause: OHKO moves are banned
|rule|Evasion Items Clause: Evasion items are banned
|rule|Evasion Moves Clause: Evasion moves are banned
|rule|Endless Battle Clause: Forcing endless battles is banned
|rule|HP Percentage Mod: HP is shown in percentages
|rule|Dynamax Clause: You cannot dynamax
|clearpoke
|poke|p1|Crobat, F|
|poke|p1|Chandelure, M|
|poke|p1|Amoonguss, F|
|poke|p1|Mamoswine, F|
|poke|p1|Rotom-Wash|
|poke|p1|Bronzong|
|poke|p2|Tapu Bulu|
|poke|p2|Chansey, F|
|poke|p2|Conkeldurr, F|
|poke|p2|Excadrill, F|
|poke|p2|Azelf|
|poke|p2|Salamence, M|
|teampreview
|inactive|Battle timer is ON: inactive players will automatically lose when time's up. (requested by sponger man)
|
|t:|1667852834
|start
|switch|p1a: Crobat|Crobat, F|100/100
|switch|p2a: Azelf|Azelf|100/100
|turn|1
|
|t:|1667852837
|switch|p2a: Salamence|Salamence, M|100/100
|-ability|p2a: Salamence|Intimidate|boost
|-fail|p1a: Crobat|unboost|Attack|[from] ability: Inner Focus|[of] p1a: Crobat
|move|p1a: Crobat|U-turn|p2a: Salamence
|-resisted|p2a: Salamence
|-damage|p2a: Salamence|93/100
|
|t:|1667852855
|switch|p1a: Mamoswine|Mamoswine, F|100/100|[from]move: U-turn
|
|upkeep
|turn|2
|
|t:|1667852869
|switch|p2a: Chansey|Chansey, F|100/100
|move|p1a: Mamoswine|Knock Off|p2a: Chansey
|-damage|p2a: Chansey|69/100
|-enditem|p2a: Chansey|Eviolite|[from] move: Knock Off|[of] p1a: Mamoswine
|-damage|p1a: Mamoswine|91/100|[from] item: Life Orb
|
|upkeep
|turn|3
|j| TreeWatching
|inactive|sponger man has 120 seconds left.
|
|t:|1667852904
|move|p1a: Mamoswine|Icicle Crash|p2a: Chansey
|-damage|p2a: Chansey|12/100
|-damage|p1a: Mamoswine|81/100|[from] item: Life Orb
|move|p2a: Chansey|Soft-Boiled|p2a: Chansey
|-heal|p2a: Chansey|62/100
|
|upkeep
|turn|4
|
|t:|1667852913
|move|p1a: Mamoswine|Earthquake|p2a: Chansey
|-damage|p2a: Chansey|0 fnt
|faint|p2a: Chansey
|-damage|p1a: Mamoswine|71/100|[from] item: Life Orb
|
|upkeep
|
|t:|1667852918
|switch|p2a: Tapu Bulu|Tapu Bulu|100/100
|-fieldstart|move: Grassy Terrain|[from] ability: Grassy Surge|[of] p2a: Tapu Bulu
|turn|5
|
|t:|1667852923
|switch|p2a: Azelf|Azelf|100/100
|switch|p1a: Vecna Returns|Bronzong|100/100
|
|upkeep
|turn|6
|
|t:|1667852925
|move|p2a: Azelf|Nasty Plot|p2a: Azelf
|-boost|p2a: Azelf|spa|2
|move|p1a: Vecna Returns|Speed Swap|p2a: Azelf
|-activate|p1a: Vecna Returns|move: Speed Swap|[of] p2a: Azelf
|
|upkeep
|turn|7
|
|t:|1667852932
|move|p1a: Vecna Returns|Heavy Slam|p2a: Azelf
|-damage|p2a: Azelf|42/100
|move|p2a: Azelf|Flamethrower|p1a: Vecna Returns
|-supereffective|p1a: Vecna Returns
|-damage|p1a: Vecna Returns|60/100
|-status|p1a: Vecna Returns|brn
|
|-heal|p1a: Vecna Returns|66/100 brn|[from] Grassy Terrain
|-heal|p1a: Vecna Returns|72/100 brn|[from] item: Leftovers
|-damage|p1a: Vecna Returns|69/100 brn|[from] brn
|upkeep
|turn|8
|
|t:|1667852943
|switch|p2a: Salamence|Salamence, M|93/100
|-ability|p2a: Salamence|Intimidate|boost
|-unboost|p1a: Vecna Returns|atk|1
|move|p1a: Vecna Returns|Heavy Slam|p2a: Salamence
|-damage|p2a: Salamence|90/100
|
|-heal|p1a: Vecna Returns|76/100 brn|[from] Grassy Terrain
|-heal|p1a: Vecna Returns|82/100 brn|[from] item: Leftovers
|-damage|p1a: Vecna Returns|79/100 brn|[from] brn
|upkeep
|turn|9
|
|t:|1667852954
|switch|p1a: Crobat|Crobat, F|100/100
|switch|p2a: Excadrill|Excadrill, F|100/100
|-ability|p2a: Excadrill|Mold Breaker
|
|-fieldend|move: Grassy Terrain
|upkeep
|turn|10
|
|t:|1667852960
|move|p1a: Crobat|U-turn|p2a: Excadrill
|-resisted|p2a: Excadrill
|-damage|p2a: Excadrill|89/100
|
|t:|1667852962
|switch|p1a: Amoonguss|Amoonguss, F|100/100|[from]move: U-turn
|move|p2a: Excadrill|Stealth Rock|p1a: Amoonguss
|-sidestart|p1: sponger man|move: Stealth Rock
|
|-heal|p2a: Excadrill|95/100|[from] item: Leftovers
|upkeep
|turn|11
|
|t:|1667852968
|switch|p2a: Salamence|Salamence, M|90/100
|-ability|p2a: Salamence|Intimidate|boost
|-unboost|p1a: Amoonguss|atk|1
|move|p1a: Amoonguss|Sludge Bomb|p2a: Salamence
|-damage|p2a: Salamence|61/100
|-status|p2a: Salamence|psn
|
|-damage|p2a: Salamence|49/100 psn|[from] psn
|upkeep
|turn|12
|
|t:|1667852980
|switch|p1a: Rotom|Rotom-Wash|100/100
|-damage|p1a: Rotom|88/100|[from] Stealth Rock
|move|p2a: Salamence|Flamethrower|p1a: Rotom
|-resisted|p1a: Rotom
|-damage|p1a: Rotom|76/100
|
|-heal|p1a: Rotom|82/100|[from] item: Leftovers
|-damage|p2a: Salamence|37/100 psn|[from] psn
|upkeep
|turn|13
|
|t:|1667852987
|move|p1a: Rotom|Volt Switch|p2a: Salamence
|-damage|p2a: Salamence|11/100 psn
|
|t:|1667852992
|switch|p1a: Crobat|Crobat, F|100/100|[from]move: Volt Switch
|move|p2a: Salamence|Toxic|p1a: Crobat
|-immune|p1a: Crobat
|
|-damage|p2a: Salamence|0 fnt|[from] psn
|faint|p2a: Salamence
|upkeep
|
|t:|1667853000
|switch|p2a: Tapu Bulu|Tapu Bulu|100/100
|-fieldstart|move: Grassy Terrain|[from] ability: Grassy Surge|[of] p2a: Tapu Bulu
|turn|14
|
|t:|1667853011
|move|p2a: Tapu Bulu|Stone Edge|p1a: Crobat
|-supereffective|p1a: Crobat
|-damage|p1a: Crobat|18/100
|move|p1a: Crobat|U-turn|p2a: Tapu Bulu
|-damage|p2a: Tapu Bulu|79/100
|
|t:|1667853023
|switch|p1a: Amoonguss|Amoonguss, F|100/100|[from]move: U-turn
|-damage|p1a: Amoonguss|88/100|[from] Stealth Rock
|
|-heal|p2a: Tapu Bulu|85/100|[from] Grassy Terrain
|-heal|p1a: Amoonguss|94/100|[from] Grassy Terrain
|upkeep
|turn|15
|
|t:|1667853030
|switch|p2a: Azelf|Azelf|42/100
|move|p1a: Amoonguss|Spore|p2a: Azelf
|-status|p2a: Azelf|slp|[from] move: Spore
|
|-heal|p1a: Amoonguss|100/100|[from] Grassy Terrain
|upkeep
|turn|16
|
|t:|1667853033
|switch|p2a: Conkeldurr|Conkeldurr, F|100/100
|move|p1a: Amoonguss|Foul Play|p2a: Conkeldurr
|-resisted|p2a: Conkeldurr
|-damage|p2a: Conkeldurr|83/100
|
|-heal|p2a: Conkeldurr|89/100|[from] Grassy Terrain
|-status|p2a: Conkeldurr|brn|[from] item: Flame Orb
|upkeep
|turn|17
|
|t:|1667853041
|switch|p1a: Vecna Returns|Bronzong|79/100 brn
|-damage|p1a: Vecna Returns|72/100 brn|[from] Stealth Rock
|move|p2a: Conkeldurr|Facade|p1a: Vecna Returns
|-resisted|p1a: Vecna Returns
|-damage|p1a: Vecna Returns|39/100 brn
|
|-heal|p2a: Conkeldurr|95/100 brn|[from] Grassy Terrain
|-heal|p1a: Vecna Returns|45/100 brn|[from] Grassy Terrain
|-heal|p1a: Vecna Returns|51/100 brn|[from] item: Leftovers
|-damage|p2a: Conkeldurr|89/100 brn|[from] brn
|-damage|p1a: Vecna Returns|48/100 brn|[from] brn
|upkeep
|turn|18
|
|t:|1667853045
|move|p2a: Conkeldurr|Knock Off|p1a: Vecna Returns
|-supereffective|p1a: Vecna Returns
|-damage|p1a: Vecna Returns|0 fnt
|-enditem|p1a: Vecna Returns|Leftovers|[from] move: Knock Off|[of] p2a: Conkeldurr
|faint|p1a: Vecna Returns
|
|-heal|p2a: Conkeldurr|95/100 brn|[from] Grassy Terrain
|-damage|p2a: Conkeldurr|89/100 brn|[from] brn
|-fieldend|move: Grassy Terrain
|upkeep
|
|t:|1667853056
|switch|p1a: uk what we do|Chandelure, M|100/100
|turn|19
|
|t:|1667853066
|move|p1a: uk what we do|Hex|p2a: Conkeldurr
|-damage|p2a: Conkeldurr|0 fnt
|faint|p2a: Conkeldurr
|
|upkeep
|
|t:|1667853069
|switch|p2a: Tapu Bulu|Tapu Bulu|85/100
|-fieldstart|move: Grassy Terrain|[from] ability: Grassy Surge|[of] p2a: Tapu Bulu
|turn|20
|
|t:|1667853086
|move|p1a: uk what we do|Protect|p1a: uk what we do
|-singleturn|p1a: uk what we do|Protect
|move|p2a: Tapu Bulu|Stone Edge|p1a: uk what we do
|-activate|p1a: uk what we do|move: Protect
|
|-heal|p2a: Tapu Bulu|91/100|[from] Grassy Terrain
|upkeep
|turn|21
|
|t:|1667853091
|switch|p2a: Excadrill|Excadrill, F|95/100
|-ability|p2a: Excadrill|Mold Breaker
|switch|p1a: Amoonguss|Amoonguss, F|100/100
|-damage|p1a: Amoonguss|88/100|[from] Stealth Rock
|
|-heal|p2a: Excadrill|100/100|[from] Grassy Terrain
|-heal|p1a: Amoonguss|94/100|[from] Grassy Terrain
|upkeep
|turn|22
|
|t:|1667853094
|move|p2a: Excadrill|Iron Head|p1a: Amoonguss
|-damage|p1a: Amoonguss|63/100
|-damage|p2a: Excadrill|84/100|[from] item: Rocky Helmet|[of] p1a: Amoonguss
|move|p1a: Amoonguss|Foul Play|p2a: Excadrill
|-damage|p2a: Excadrill|32/100
|
|-heal|p2a: Excadrill|38/100|[from] Grassy Terrain
|-heal|p2a: Excadrill|44/100|[from] item: Leftovers
|-heal|p1a: Amoonguss|70/100|[from] Grassy Terrain
|upkeep
|turn|23
|
|t:|1667853098
|move|p2a: Excadrill|Iron Head|p1a: Amoonguss
|-damage|p1a: Amoonguss|36/100
|-damage|p2a: Excadrill|27/100|[from] item: Rocky Helmet|[of] p1a: Amoonguss
|move|p1a: Amoonguss|Foul Play|p2a: Excadrill
|-damage|p2a: Excadrill|0 fnt
|faint|p2a: Excadrill
|
|-heal|p1a: Amoonguss|42/100|[from] Grassy Terrain
|upkeep
|c|☆sponger man|gg
|c|☆sponger man|:)
|c|☆The Gabagool King|My man. We played last night - is there any way you’d help me out and give me this one?
|c|☆The Gabagool King|im tilting so hard
|inactive|The Gabagool King has 120 seconds left.
|c|☆The Gabagool King|and would appreciate a break even
|c|☆The Gabagool King|Would mean a lot to me
|c|☆sponger man|i'm sorry but you beat me last night too
|c|☆sponger man|I tilted down to 1200
|inactive|The Gabagool King has 90 seconds left.
|c|☆The Gabagool King|I’ll get you back when we match again
|c|☆The Gabagool King|I just need to hit a certain ELO on this account
|c|☆The Gabagool King|when I match you on my other one - the higher one- I’ll give you a win
|inactive|The Gabagool King has 60 seconds left.
|l| TreeWatching
|c|☆The Gabagool King|No?
|
|t:|1667853214
|switch|p2a: Azelf|Azelf|42/100 slp
|turn|24
|c|☆sponger man|not this time, my elo dropped 4% yesterday
|
|t:|1667853221
|cant|p2a: Azelf|slp
|move|p1a: Amoonguss|Foul Play|p2a: Azelf
|-supereffective|p2a: Azelf
|-damage|p2a: Azelf|0 fnt
|faint|p2a: Azelf
|
|-heal|p1a: Amoonguss|48/100|[from] Grassy Terrain
|-fieldend|move: Grassy Terrain
|upkeep
|c|☆sponger man|next time
|-message|The Gabagool King forfeited.
|
|win|sponger man
|raw|sponger man's rating: 1367 &rarr; <strong>1391</strong><br />(+24 for winning)
|raw|The Gabagool King's rating: 1434 &rarr; <strong>1410</strong><br />(-24 for losing)
|l|☆The Gabagool King
||Ladder isn't responding, score probably updated but might not have (Request timeout).
