|j|☆ninjadouche
|j|☆Eazigzagoon
|t:|1657709144
|gametype|singles
|player|p1|ninjadouche|burglar|1497
|player|p2|Eazigzagoon|tuberf|1478
|teamsize|p1|6
|teamsize|p2|6
|gen|8
|tier|[Gen 8] UU
|rated|
|rule|Sleep Clause Mod: Limit one foe put to sleep
|rule|Species Clause: Limit one of each Pokémon
|rule|OHKO Clause: OHKO moves are banned
|rule|Evasion Moves Clause: Evasion moves are banned
|rule|Endless Battle Clause: Forcing endless battles is banned
|rule|HP Percentage Mod: HP is shown in percentages
|rule|Dynamax Clause: You cannot dynamax
|clearpoke
|poke|p1|Marowak-Alola, F|
|poke|p1|Ninetales, F|
|poke|p1|Rotom-Wash|
|poke|p1|Snorlax, M|
|poke|p1|Shiftry, F|
|poke|p1|Aggron, F|
|poke|p2|Primarina, F|
|poke|p2|Hydreigon, M|
|poke|p2|Skarmory, M|
|poke|p2|Hippowdon, F|
|poke|p2|Slowbro-Galar, M|
|poke|p2|Azelf|
|teampreview
|inactive|Battle timer is ON: inactive players will automatically lose when time's up. (requested by ninjadouche)
|
|t:|1657709170
|start
|switch|p1a: Snorlax|Snorlax, M|100/100
|switch|p2a: Azelf|Azelf|100/100
|turn|1
|
|t:|1657709176
|move|p2a: Azelf|U-turn|p1a: Snorlax
|-damage|p1a: Snorlax|84/100
|
|t:|1657709181
|switch|p2a: Skarmory|Skarmory, M|100/100|[from]move: U-turn
|move|p1a: Snorlax|Double-Edge|p2a: Skarmory
|-resisted|p2a: Skarmory
|-crit|p2a: Skarmory
|-damage|p2a: Skarmory|57/100
|-damage|p1a: Snorlax|68/100|[from] item: Rocky Helmet|[of] p2a: Skarmory
|-damage|p1a: Snorlax|57/100|[from] Recoil
|
|upkeep
|turn|2
|
|t:|1657709187
|switch|p1a: Rotom|Rotom-Wash|100/100
|move|p2a: Skarmory|Roost|p2a: Skarmory
|-heal|p2a: Skarmory|100/100
|-singleturn|p2a: Skarmory|move: Roost
|
|upkeep
|turn|3
|
|t:|1657709192
|switch|p2a: Slowbro|Slowbro-Galar, M|100/100
|move|p1a: Rotom|Will-O-Wisp|p2a: Slowbro
|-status|p2a: Slowbro|brn
|
|-damage|p2a: Slowbro|94/100 brn|[from] brn
|upkeep
|turn|4
|
|t:|1657709197
|move|p1a: Rotom|Volt Switch|p2a: Slowbro
|-damage|p2a: Slowbro|81/100 brn
|
|t:|1657709201
|switch|p1a: Ninetales|Ninetales, F, shiny|100/100|[from]move: Volt Switch
|-weather|SunnyDay|[from] ability: Drought|[of] p1a: Ninetales
|move|p2a: Slowbro|Future Sight|p1a: Ninetales
|-start|p2a: Slowbro|move: Future Sight
|
|-weather|SunnyDay|[upkeep]
|-damage|p2a: Slowbro|75/100 brn|[from] brn
|upkeep
|turn|5
|
|t:|1657709216
|switch|p2a: Hippowdon|Hippowdon, F|100/100
|-weather|Sandstorm|[from] ability: Sand Stream|[of] p2a: Hippowdon
|move|p1a: Ninetales|Overheat|p2a: Hippowdon|[miss]
|-miss|p1a: Ninetales|p2a: Hippowdon
|
|-weather|Sandstorm|[upkeep]
|-damage|p1a: Ninetales|95/100|[from] Sandstorm
|upkeep
|turn|6
|
|t:|1657709236
|switch|p1a: Shiftry|Shiftry, F|100/100
|move|p2a: Hippowdon|Stealth Rock|p1a: Shiftry
|-sidestart|p1: ninjadouche|move: Stealth Rock
|
|-weather|Sandstorm|[upkeep]
|-damage|p1a: Shiftry|94/100|[from] Sandstorm
|-end|p1a: Shiftry|move: Future Sight
|-immune|p1a: Shiftry
|upkeep
|turn|7
|
|t:|1657709243
|switch|p1a: Rotom|Rotom-Wash|100/100
|-damage|p1a: Rotom|88/100|[from] Stealth Rock
|switch|p2a: Skarmory|Skarmory, M|100/100
|
|-weather|Sandstorm|[upkeep]
|-damage|p1a: Rotom|82/100|[from] Sandstorm
|-heal|p1a: Rotom|88/100|[from] item: Leftovers
|upkeep
|turn|8
|j| shell smash big no
|
|t:|1657709250
|switch|p2a: Slowbro|Slowbro-Galar, M|100/100 brn
|move|p1a: Rotom|Defog|p2a: Slowbro
|-unboost|p2a: Slowbro|evasion|1
|-sideend|p1: ninjadouche|Stealth Rock|[from] move: Defog|[of] p1a: Rotom
|
|-weather|Sandstorm|[upkeep]
|-damage|p1a: Rotom|82/100|[from] Sandstorm
|-damage|p2a: Slowbro|94/100 brn|[from] Sandstorm
|-heal|p1a: Rotom|88/100|[from] item: Leftovers
|-damage|p2a: Slowbro|88/100 brn|[from] brn
|upkeep
|turn|9
|
|t:|1657709256
|move|p1a: Rotom|Volt Switch|p2a: Slowbro
|-damage|p2a: Slowbro|74/100 brn
|
|t:|1657709262
|switch|p1a: Marowak|Marowak-Alola, F|100/100|[from]move: Volt Switch
|move|p2a: Slowbro|Shell Side Arm|p1a: Marowak|[anim] Shell Side Arm Special
|-resisted|p1a: Marowak
|-damage|p1a: Marowak|78/100
|-hint|Special Shell Side Arm
|
|-weather|none
|-damage|p2a: Slowbro|68/100 brn|[from] brn
|upkeep
|turn|10
|
|t:|1657709274
|switch|p2a: Hydreigon|Hydreigon, M|100/100
|move|p1a: Marowak|Substitute|p1a: Marowak
|-start|p1a: Marowak|Substitute
|-damage|p1a: Marowak|53/100
|
|upkeep
|turn|11
|
|t:|1657709277
|-singleturn|p1a: Marowak|move: Focus Punch
|move|p2a: Hydreigon|Dark Pulse|p1a: Marowak
|-supereffective|p1a: Marowak
|-end|p1a: Marowak|Substitute
|move|p1a: Marowak|Focus Punch|p2a: Hydreigon
|-supereffective|p2a: Hydreigon
|-damage|p2a: Hydreigon|0 fnt
|faint|p2a: Hydreigon
|
|upkeep
|
|t:|1657709283
|switch|p2a: Hippowdon|Hippowdon, F|100/100
|-weather|Sandstorm|[from] ability: Sand Stream|[of] p2a: Hippowdon
|turn|12
|
|t:|1657709297
|move|p1a: Marowak|Poltergeist|p2a: Hippowdon
|-activate|p2a: Hippowdon|move: Poltergeist|Leftovers
|-damage|p2a: Hippowdon|44/100
|move|p2a: Hippowdon|Stealth Rock|p1a: Marowak
|-sidestart|p1: ninjadouche|move: Stealth Rock
|
|-weather|Sandstorm|[upkeep]
|-damage|p1a: Marowak|47/100|[from] Sandstorm
|-heal|p2a: Hippowdon|50/100|[from] item: Leftovers
|upkeep
|turn|13
|
|t:|1657709308
|switch|p2a: Skarmory|Skarmory, M|100/100
|move|p1a: Marowak|Poltergeist|p2a: Skarmory
|-activate|p2a: Skarmory|move: Poltergeist|Rocky Helmet
|-damage|p2a: Skarmory|41/100
|
|-weather|Sandstorm|[upkeep]
|-damage|p1a: Marowak|40/100|[from] Sandstorm
|upkeep
|turn|14
|
|t:|1657709320
|move|p2a: Skarmory|Roost|p2a: Skarmory
|-heal|p2a: Skarmory|91/100
|-singleturn|p2a: Skarmory|move: Roost
|move|p1a: Marowak|Poltergeist|p2a: Skarmory
|-activate|p2a: Skarmory|move: Poltergeist|Rocky Helmet
|-damage|p2a: Skarmory|38/100
|
|-weather|Sandstorm|[upkeep]
|-damage|p1a: Marowak|34/100|[from] Sandstorm
|upkeep
|turn|15
|
|t:|1657709325
|-singleturn|p1a: Marowak|move: Focus Punch
|move|p2a: Skarmory|Roost|p2a: Skarmory
|-heal|p2a: Skarmory|88/100
|-singleturn|p2a: Skarmory|move: Roost
|move|p1a: Marowak|Focus Punch|p2a: Skarmory
|-supereffective|p2a: Skarmory
|-damage|p2a: Skarmory|0 fnt
|-damage|p1a: Marowak|18/100|[from] item: Rocky Helmet|[of] p2a: Skarmory
|faint|p2a: Skarmory
|
|-weather|Sandstorm|[upkeep]
|-damage|p1a: Marowak|12/100|[from] Sandstorm
|upkeep
|
|t:|1657709329
|switch|p2a: Azelf|Azelf|100/100
|turn|16
|
|t:|1657709336
|move|p2a: Azelf|Knock Off|p1a: Marowak
|-supereffective|p1a: Marowak
|-damage|p1a: Marowak|0 fnt
|-enditem|p1a: Marowak|Thick Club|[from] move: Knock Off|[of] p2a: Azelf
|faint|p1a: Marowak
|
|-weather|none
|upkeep
|
|t:|1657709344
|switch|p1a: Snorlax|Snorlax, M|57/100
|-damage|p1a: Snorlax|45/100|[from] Stealth Rock
|turn|17
|
|t:|1657709352
|move|p2a: Azelf|U-turn|p1a: Snorlax
|-damage|p1a: Snorlax|27/100
|
|t:|1657709354
|switch|p2a: Hippowdon|Hippowdon, F|50/100|[from]move: U-turn
|-weather|Sandstorm|[from] ability: Sand Stream|[of] p2a: Hippowdon
|move|p1a: Snorlax|Double-Edge|p2a: Hippowdon
|-damage|p2a: Hippowdon|0 fnt
|faint|p2a: Hippowdon
|-damage|p1a: Snorlax|12/100|[from] Recoil
|
|-weather|Sandstorm|[upkeep]
|-damage|p1a: Snorlax|5/100|[from] Sandstorm
|upkeep
|
|t:|1657709361
|switch|p2a: Azelf|Azelf|100/100
|turn|18
|j| Faiz Kediri Butuh
|
|t:|1657709366
|move|p2a: Azelf|Knock Off|p1a: Snorlax
|-damage|p1a: Snorlax|0 fnt
|-enditem|p1a: Snorlax|Choice Band|[from] move: Knock Off|[of] p2a: Azelf
|faint|p1a: Snorlax
|
|-weather|Sandstorm|[upkeep]
|-damage|p2a: Azelf|94/100|[from] Sandstorm
|upkeep
|
|t:|1657709374
|switch|p1a: Ninetales|Ninetales, F, shiny|95/100
|-damage|p1a: Ninetales|70/100|[from] Stealth Rock
|-weather|SunnyDay|[from] ability: Drought|[of] p1a: Ninetales
|turn|19
|
|t:|1657709377
|switch|p1a: Rotom|Rotom-Wash|88/100
|-damage|p1a: Rotom|76/100|[from] Stealth Rock
|move|p2a: Azelf|Psychic|p1a: Rotom
|-damage|p1a: Rotom|24/100
|
|-weather|SunnyDay|[upkeep]
|-heal|p1a: Rotom|30/100|[from] item: Leftovers
|upkeep
|turn|20
|
|t:|1657709384
|move|p2a: Azelf|Knock Off|p1a: Rotom
|-damage|p1a: Rotom|9/100
|-enditem|p1a: Rotom|Leftovers|[from] move: Knock Off|[of] p2a: Azelf
|move|p1a: Rotom|Volt Switch|p2a: Azelf
|-damage|p2a: Azelf|57/100
|
|t:|1657709387
|switch|p1a: Shiftry|Shiftry, F|94/100|[from]move: Volt Switch
|-damage|p1a: Shiftry|82/100|[from] Stealth Rock
|
|-weather|SunnyDay|[upkeep]
|upkeep
|turn|21
|
|t:|1657709394
|switch|p2a: Primarina|Primarina, F|100/100
|move|p1a: Shiftry|Knock Off|p2a: Primarina
|-resisted|p2a: Primarina
|-damage|p2a: Primarina|70/100
|-enditem|p2a: Primarina|Leftovers|[from] move: Knock Off|[of] p1a: Shiftry
|-damage|p1a: Shiftry|72/100|[from] item: Life Orb
|
|-weather|SunnyDay|[upkeep]
|upkeep
|turn|22
|l| Faiz Kediri Butuh
|
|t:|1657709399
|switch|p2a: Slowbro|Slowbro-Galar, M|100/100 brn
|move|p1a: Shiftry|Leaf Storm|p2a: Slowbro
|-resisted|p2a: Slowbro
|-damage|p2a: Slowbro|84/100 brn
|-unboost|p1a: Shiftry|spa|2
|-damage|p1a: Shiftry|62/100|[from] item: Life Orb
|
|-weather|SunnyDay|[upkeep]
|-damage|p2a: Slowbro|78/100 brn|[from] brn
|upkeep
|turn|23
|
|t:|1657709414
|move|p1a: Shiftry|Knock Off|p2a: Slowbro
|-supereffective|p2a: Slowbro
|-damage|p2a: Slowbro|0 fnt
|-enditem|p2a: Slowbro|Assault Vest|[from] move: Knock Off|[of] p1a: Shiftry
|faint|p2a: Slowbro
|-damage|p1a: Shiftry|52/100|[from] item: Life Orb
|
|-weather|none
|upkeep
|
|t:|1657709419
|switch|p2a: Azelf|Azelf|57/100
|turn|24
|
|t:|1657709422
|switch|p1a: Rotom|Rotom-Wash|9/100
|-damage|p1a: Rotom|0 fnt|[from] Stealth Rock
|faint|p1a: Rotom
|move|p2a: Azelf|Psychic|p1: Rotom|[notarget]
|-fail|p2a: Azelf
|
|upkeep
|
|t:|1657709426
|switch|p1a: Ninetales|Ninetales, F, shiny|70/100
|-damage|p1a: Ninetales|45/100|[from] Stealth Rock
|-weather|SunnyDay|[from] ability: Drought|[of] p1a: Ninetales
|turn|25
|
|t:|1657709440
|switch|p1a: Aggron|Aggron, F|100/100
|-damage|p1a: Aggron|95/100|[from] Stealth Rock
|move|p2a: Azelf|Psychic|p1a: Aggron
|-resisted|p1a: Aggron
|-damage|p1a: Aggron|49/100
|
|-weather|SunnyDay|[upkeep]
|upkeep
|turn|26
|
|t:|1657709447
|move|p1a: Aggron|Endure|p1a: Aggron
|-singleturn|p1a: Aggron|move: Endure
|move|p2a: Azelf|Flamethrower|p1a: Aggron
|-activate|p1a: Aggron|move: Endure
|-damage|p1a: Aggron|1/100
|
|-weather|SunnyDay|[upkeep]
|upkeep
|turn|27
|-enditem|p1a: Aggron|Custap Berry|[eat]
|-activate|p1a: Aggron|item: Custap Berry|[consumed]
|
|t:|1657709474
|move|p1a: Aggron|Head Smash|p2a: Azelf|[miss]
|-miss|p1a: Aggron|p2a: Azelf
|move|p2a: Azelf|Psychic|p1a: Aggron
|-resisted|p1a: Aggron
|-damage|p1a: Aggron|0 fnt
|faint|p1a: Aggron
|
|-weather|SunnyDay|[upkeep]
|upkeep
|
|t:|1657709480
|switch|p1a: Shiftry|Shiftry, F|52/100
|-damage|p1a: Shiftry|39/100|[from] Stealth Rock
|turn|28
|l| shell smash big no
|
|t:|1657709487
|switch|p2a: Primarina|Primarina, F|70/100
|move|p1a: Shiftry|Leaf Storm|p2a: Primarina
|-supereffective|p2a: Primarina
|-damage|p2a: Primarina|0 fnt
|-unboost|p1a: Shiftry|spa|2
|faint|p2a: Primarina
|-damage|p1a: Shiftry|29/100|[from] item: Life Orb
|
|-weather|SunnyDay|[upkeep]
|upkeep
|
|t:|1657709489
|switch|p2a: Azelf|Azelf|57/100
|turn|29
|
|t:|1657709494
|move|p1a: Shiftry|Knock Off|p2a: Azelf
|-supereffective|p2a: Azelf
|-damage|p2a: Azelf|0 fnt
|-enditem|p2a: Azelf|Heavy-Duty Boots|[from] move: Knock Off|[of] p1a: Shiftry
|faint|p2a: Azelf
|-damage|p1a: Shiftry|20/100|[from] item: Life Orb
|
|win|ninjadouche
|raw|ninjadouche's rating: 1497 &rarr; <strong>1516</strong><br />(+19 for winning)
|raw|Eazigzagoon's rating: 1478 &rarr; <strong>1459</strong><br />(-19 for losing)
|l|☆Eazigzagoon
