|j|☆Verstraeten
|j|☆luc ario power
|t:|1646609710
|gametype|singles
|player|p1|Verstraeten|scientist|1352
|player|p2|luc ario power|birdkeeper-gen4dp|1532
|teamsize|p1|6
|teamsize|p2|6
|gen|8
|tier|[Gen 8] UU
|rated|
|rule|Sleep Clause Mod: Limit one foe put to sleep
|rule|Species Clause: Limit one of each Pokémon
|rule|OHKO Clause: OHKO moves are banned
|rule|Evasion Moves Clause: Evasion moves are banned
|rule|Endless Battle Clause: Forcing endless battles is banned
|rule|HP Percentage Mod: HP is shown in percentages
|rule|Dynamax Clause: You cannot dynamax
|clearpoke
|poke|p1|Salamence, M|
|poke|p1|Galvantula, F|
|poke|p1|Tsareena, F|
|poke|p1|Salazzle, F|
|poke|p1|Malamar, M|
|poke|p1|Stakataka|
|poke|p2|Aegislash, M|
|poke|p2|Volcanion|
|poke|p2|Azumarill, F|
|poke|p2|Mandibuzz, F|
|poke|p2|Raikou|
|poke|p2|Mamoswine, F|
|teampreview
|c|☆Verstraeten|glhf!
|inactive|Battle timer is ON: inactive players will automatically lose when time's up. (requested by Verstraeten)
|c|☆luc ario power|u2!
|
|t:|1646609739
|start
|switch|p1a: Galvan-Eyes|Galvantula, F, shiny|100/100
|switch|p2a: reee|Mamoswine, F|100/100
|turn|1
|
|t:|1646609744
|move|p1a: Galvan-Eyes|Sticky Web|p2a: reee
|-sidestart|p2: luc ario power|move: Sticky Web
|move|p2a: reee|Earthquake|p1a: Galvan-Eyes
|-enditem|p1a: Galvan-Eyes|Focus Sash
|-damage|p1a: Galvan-Eyes|1/100
|
|upkeep
|turn|2
|
|t:|1646609755
|move|p2a: reee|Ice Shard|p1a: Galvan-Eyes
|-damage|p1a: Galvan-Eyes|0 fnt
|faint|p1a: Galvan-Eyes
|
|upkeep
|
|t:|1646609773
|switch|p1a: Ramalam|Malamar, M|100/100
|turn|3
|
|t:|1646609790
|switch|p2a: best boi|Azumarill, F|100/100
|-activate|p2a: best boi|move: Sticky Web
|-unboost|p2a: best boi|spe|1
|move|p1a: Ramalam|Superpower|p2a: best boi
|-resisted|p2a: best boi
|-damage|p2a: best boi|81/100
|-boost|p1a: Ramalam|atk|1
|-boost|p1a: Ramalam|def|1
|
|upkeep
|turn|4
|
|t:|1646609798
|move|p1a: Ramalam|Superpower|p2a: best boi
|-resisted|p2a: best boi
|-damage|p2a: best boi|55/100
|-boost|p1a: Ramalam|atk|1
|-boost|p1a: Ramalam|def|1
|move|p2a: best boi|Play Rough|p1a: Ramalam
|-supereffective|p1a: Ramalam
|-damage|p1a: Ramalam|30/100
|
|-heal|p1a: Ramalam|36/100|[from] item: Leftovers
|upkeep
|turn|5
|
|t:|1646609803
|move|p1a: Ramalam|Protect|p1a: Ramalam
|-singleturn|p1a: Ramalam|Protect
|move|p2a: best boi|Play Rough|p1a: Ramalam
|-activate|p1a: Ramalam|move: Protect
|
|-heal|p1a: Ramalam|42/100|[from] item: Leftovers
|upkeep
|turn|6
|
|t:|1646609807
|move|p1a: Ramalam|Psycho Cut|p2a: best boi
|-damage|p2a: best boi|0 fnt
|faint|p2a: best boi
|
|-heal|p1a: Ramalam|48/100|[from] item: Leftovers
|upkeep
|inactive|luc ario power has 120 seconds left.
|inactive|luc ario power has 90 seconds left.
|
|t:|1646609890
|switch|p2a: berb|Mandibuzz, F|100/100
|turn|7
|
|t:|1646609899
|move|p1a: Ramalam|Protect|p1a: Ramalam
|-singleturn|p1a: Ramalam|Protect
|move|p2a: berb|Foul Play|p1a: Ramalam
|-activate|p1a: Ramalam|move: Protect
|
|-heal|p1a: Ramalam|54/100|[from] item: Leftovers
|upkeep
|turn|8
|
|t:|1646609902
|move|p1a: Ramalam|Superpower|p2a: berb
|-damage|p2a: berb|60/100
|-boost|p1a: Ramalam|atk|1
|-boost|p1a: Ramalam|def|1
|move|p2a: berb|Foul Play|p1a: Ramalam
|-damage|p1a: Ramalam|3/100
|
|-heal|p1a: Ramalam|9/100|[from] item: Leftovers
|-heal|p2a: berb|66/100|[from] item: Leftovers
|upkeep
|turn|9
|inactive|luc ario power has 90 seconds left.
|
|t:|1646609915
|move|p1a: Ramalam|Knock Off|p2a: berb
|-resisted|p2a: berb
|-damage|p2a: berb|33/100
|-enditem|p2a: berb|Leftovers|[from] move: Knock Off|[of] p1a: Ramalam
|move|p2a: berb|Foul Play|p1a: Ramalam
|-damage|p1a: Ramalam|0 fnt
|faint|p1a: Ramalam
|
|upkeep
|
|t:|1646609919
|switch|p1a: #Slay|Tsareena, F, shiny|100/100
|turn|10
|
|t:|1646609922
|move|p1a: #Slay|Rapid Spin|p2a: berb
|-damage|p2a: berb|23/100
|-boost|p1a: #Slay|spe|1
|move|p2a: berb|Brave Bird|p1a: #Slay
|-supereffective|p1a: #Slay
|-damage|p1a: #Slay|35/100
|-damage|p2a: berb|9/100|[from] Recoil
|
|-heal|p1a: #Slay|41/100|[from] item: Leftovers
|upkeep
|turn|11
|
|t:|1646609931
|move|p1a: #Slay|Rapid Spin|p2a: berb
|-damage|p2a: berb|0 fnt
|-boost|p1a: #Slay|spe|1
|faint|p2a: berb
|
|-heal|p1a: #Slay|47/100|[from] item: Leftovers
|upkeep
|
|t:|1646609938
|switch|p2a: reee|Mamoswine, F|100/100
|-activate|p2a: reee|move: Sticky Web
|-unboost|p2a: reee|spe|1
|turn|12
|
|t:|1646609941
|move|p2a: reee|Ice Shard||[still]
|cant|p1a: #Slay|ability: Queenly Majesty|Ice Shard|[of] p2a: reee
|move|p1a: #Slay|Seed Bomb|p2a: reee
|-supereffective|p2a: reee
|-enditem|p2a: reee|Focus Sash
|-damage|p2a: reee|1/100
|
|-heal|p1a: #Slay|53/100|[from] item: Leftovers
|upkeep
|turn|13
|c|☆luc ario power|fudgeeeee
|inactive|luc ario power has 120 seconds left.
|c|☆luc ario power|i forgot about that
|c|☆Verstraeten|happens to the best of us!
|
|t:|1646609957
|move|p1a: #Slay|Knock Off|p2a: reee
|-damage|p2a: reee|0 fnt
|faint|p2a: reee
|
|-heal|p1a: #Slay|59/100|[from] item: Leftovers
|upkeep
|inactive|luc ario power has 90 seconds left.
|
|t:|1646609987
|switch|p2a: eye of rhajat|Aegislash, M|100/100
|-activate|p2a: eye of rhajat|move: Sticky Web
|-unboost|p2a: eye of rhajat|spe|1
|turn|14
|
|t:|1646609991
|move|p1a: #Slay|Seed Bomb|p2a: eye of rhajat
|-resisted|p2a: eye of rhajat
|-damage|p2a: eye of rhajat|80/100
|move|p2a: eye of rhajat|Autotomize|p2a: eye of rhajat
|-boost|p2a: eye of rhajat|spe|2
|-start|p2a: eye of rhajat|Autotomize
|
|-heal|p1a: #Slay|65/100|[from] item: Leftovers
|upkeep
|turn|15
|inactive|luc ario power has 90 seconds left.
|
|t:|1646610026
|move|p2a: eye of rhajat|King's Shield|p2a: eye of rhajat
|-singleturn|p2a: eye of rhajat|Protect
|move|p1a: #Slay|Knock Off|p2a: eye of rhajat
|-activate|p2a: eye of rhajat|move: Protect
|-unboost|p1a: #Slay|atk|1
|
|-heal|p1a: #Slay|71/100|[from] item: Leftovers
|upkeep
|turn|16
|inactive|luc ario power has 60 seconds left.
|j| DTA Bhris
|inactive|luc ario power has 30 seconds left.
|
|t:|1646610086
|move|p1a: #Slay|Knock Off|p2a: eye of rhajat
|-supereffective|p2a: eye of rhajat
|-damage|p2a: eye of rhajat|38/100
|-enditem|p2a: eye of rhajat|Weakness Policy
|-boost|p2a: eye of rhajat|atk|2|[from] item: Weakness Policy
|-boost|p2a: eye of rhajat|spa|2|[from] item: Weakness Policy
|-formechange|p2a: eye of rhajat|Aegislash-Blade||[from] ability: Stance Change
|move|p2a: eye of rhajat|Shadow Ball|p1a: #Slay
|-damage|p1a: #Slay|0 fnt
|faint|p1a: #Slay
|
|upkeep
|
|t:|1646610092
|switch|p1a: WhiteWomanSpotted|Salazzle, F, shiny|100/100
|turn|17
|
|t:|1646610096
|move|p1a: WhiteWomanSpotted|Flamethrower|p2a: eye of rhajat
|-supereffective|p2a: eye of rhajat
|-damage|p2a: eye of rhajat|0 fnt
|faint|p2a: eye of rhajat
|
|upkeep
|
|t:|1646610109
|switch|p2a: huh|Raikou|100/100
|-activate|p2a: huh|move: Sticky Web
|-unboost|p2a: huh|spe|1
|turn|18
|
|t:|1646610113
|move|p1a: WhiteWomanSpotted|Nasty Plot|p1a: WhiteWomanSpotted
|-boost|p1a: WhiteWomanSpotted|spa|2
|move|p2a: huh|Scald|p1a: WhiteWomanSpotted
|-supereffective|p1a: WhiteWomanSpotted
|-damage|p1a: WhiteWomanSpotted|2/100
|
|upkeep
|turn|19
|
|t:|1646610123
|move|p1a: WhiteWomanSpotted|Sludge Wave|p2a: huh
|-damage|p2a: huh|42/100
|move|p2a: huh|Scald|p1a: WhiteWomanSpotted
|-supereffective|p1a: WhiteWomanSpotted
|-damage|p1a: WhiteWomanSpotted|0 fnt
|faint|p1a: WhiteWomanSpotted
|
|upkeep
|
|t:|1646610125
|switch|p1a: Salamenace|Salamence, M|100/100
|turn|20
|
|t:|1646610132
|move|p1a: Salamenace|Dragon Dance|p1a: Salamenace
|-boost|p1a: Salamenace|atk|1
|-boost|p1a: Salamenace|spe|1
|move|p2a: huh|Thunderbolt|p1a: Salamenace
|-damage|p1a: Salamenace|45/100
|
|-heal|p1a: Salamenace|51/100|[from] item: Leftovers
|upkeep
|turn|21
|
|t:|1646610137
|move|p1a: Salamenace|Earthquake|p2a: huh
|-supereffective|p2a: huh
|-damage|p2a: huh|0 fnt
|faint|p2a: huh
|-ability|p1a: Salamenace|Moxie|boost
|-boost|p1a: Salamenace|atk|1
|
|-heal|p1a: Salamenace|57/100|[from] item: Leftovers
|upkeep
|
|t:|1646610139
|switch|p2a: dabeers|Volcanion|100/100
|turn|22
|c|☆Verstraeten|gg!
|c|☆luc ario power|gg
|
|t:|1646610142
|move|p1a: Salamenace|Earthquake|p2a: dabeers
|-supereffective|p2a: dabeers
|-damage|p2a: dabeers|0 fnt
|faint|p2a: dabeers
|
|win|Verstraeten
|raw|Verstraeten's rating: 1352 &rarr; <strong>1382</strong><br />(+30 for winning)
|raw|luc ario power's rating: 1532 &rarr; <strong>1502</strong><br />(-30 for losing)
