|j|☆pif
|j|☆wuhoodude
|t:|1596939193
|player|p1|pif|preschooler|1905
|player|p2|wuhoodude|pokemaniac-gen3rs|1669
|teamsize|p1|6
|teamsize|p2|6
|gametype|singles
|gen|8
|tier|[Gen 8] UU
|rated|
|clearpoke
|poke|p1|Jirachi|
|poke|p1|Slowking, M|
|poke|p1|Druddigon, M|
|poke|p1|Incineroar, F|
|poke|p1|Weezing-Galar, M|
|poke|p1|Gastrodon, F|
|poke|p2|Bewear, F|
|poke|p2|Hatterene, F|
|poke|p2|Kyurem|
|poke|p2|Doublade, M|
|poke|p2|Noivern, M|
|poke|p2|Jirachi|
|rule|Sleep Clause Mod: Limit one foe put to sleep
|rule|Species Clause: Limit one of each Pokémon
|rule|OHKO Clause: OHKO moves are banned
|rule|Evasion Moves Clause: Evasion moves are banned
|rule|Endless Battle Clause: Forcing endless battles is banned
|rule|HP Percentage Mod: HP is shown in percentages
|rule|Dynamax Clause: You cannot dynamax
|teampreview
|
|t:|1596939218
|start
|switch|p1a: Slowking|Slowking, M|100/100
|switch|p2a: Jirachi|Jirachi|100/100
|turn|1
|
|t:|1596939225
|move|p2a: Jirachi|Thunder|p1a: Slowking|[miss]
|-miss|p2a: Jirachi|p1a: Slowking
|move|p1a: Slowking|Scald|p2a: Jirachi
|-crit|p2a: Jirachi
|-damage|p2a: Jirachi|51/100
|-status|p2a: Jirachi|brn
|
|-heal|p2a: Jirachi|57/100 brn|[from] item: Leftovers
|-damage|p2a: Jirachi|51/100 brn|[from] brn
|upkeep
|turn|2
|
|t:|1596939239
|move|p2a: Jirachi|Stealth Rock|p1a: Slowking
|-sidestart|p1: pif|move: Stealth Rock
|move|p1a: Slowking|Scald|p2a: Jirachi
|-damage|p2a: Jirachi|18/100 brn
|
|-heal|p2a: Jirachi|24/100 brn|[from] item: Leftovers
|-damage|p2a: Jirachi|18/100 brn|[from] brn
|upkeep
|turn|3
|
|t:|1596939244
|move|p2a: Jirachi|U-turn|p1a: Slowking
|-supereffective|p1a: Slowking
|-damage|p1a: Slowking|83/100
|
|t:|1596939247
|switch|p2a: Kyurem|Kyurem|100/100|[from]move: U-turn
|-ability|p2a: Kyurem|Pressure
|move|p1a: Slowking|Scald|p2a: Kyurem
|-resisted|p2a: Kyurem
|-damage|p2a: Kyurem|83/100
|
|upkeep
|turn|4
|j| Kim Kardashian
|
|t:|1596939253
|switch|p1a: Jirachi|Jirachi|100/100
|-damage|p1a: Jirachi|94/100|[from] Stealth Rock
|move|p2a: Kyurem|Earth Power|p1a: Jirachi
|-supereffective|p1a: Jirachi
|-damage|p1a: Jirachi|20/100
|
|-heal|p1a: Jirachi|26/100|[from] item: Leftovers
|upkeep
|turn|5
|
|t:|1596939264
|move|p1a: Jirachi|Protect|p1a: Jirachi
|-singleturn|p1a: Jirachi|Protect
|move|p2a: Kyurem|Earth Power|p1a: Jirachi
|-activate|p1a: Jirachi|move: Protect
|
|-heal|p1a: Jirachi|32/100|[from] item: Leftovers
|upkeep
|turn|6
|
|t:|1596939277
|switch|p2a: Doublade|Doublade, M|100/100
|move|p1a: Jirachi|Iron Head|p2a: Doublade
|-resisted|p2a: Doublade
|-damage|p2a: Doublade|93/100
|
|-heal|p1a: Jirachi|39/100|[from] item: Leftovers
|upkeep
|turn|7
|
|t:|1596939298
|switch|p1a: Slowking|Slowking, M|100/100
|move|p2a: Doublade|Close Combat|p1a: Slowking
|-resisted|p1a: Slowking
|-damage|p1a: Slowking|79/100
|-unboost|p2a: Doublade|def|1
|-unboost|p2a: Doublade|spd|1
|
|upkeep
|turn|8
|
|t:|1596939311
|move|p2a: Doublade|Swords Dance|p2a: Doublade
|-boost|p2a: Doublade|atk|2
|move|p1a: Slowking|Teleport|p1a: Slowking
|
|t:|1596939319
|switch|p1a: Gastrodon|Gastrodon, F|100/100|[from]move: Teleport
|
|upkeep
|turn|9
|
|t:|1596939324
|switch|p2a: Kyurem|Kyurem|83/100
|-ability|p2a: Kyurem|Pressure
|move|p1a: Gastrodon|Earthquake|p2a: Kyurem
|-damage|p2a: Kyurem|53/100
|
|upkeep
|turn|10
|
|t:|1596939335
|switch|p1a: Jirachi|Jirachi|39/100
|-damage|p1a: Jirachi|32/100|[from] Stealth Rock
|move|p2a: Kyurem|Freeze-Dry|p1a: Jirachi
|-resisted|p1a: Jirachi
|-damage|p1a: Jirachi|9/100
|
|-heal|p1a: Jirachi|16/100|[from] item: Leftovers
|upkeep
|turn|11
|
|t:|1596939356
|switch|p2a: Doublade|Doublade, M|93/100
|move|p1a: Jirachi|U-turn|p2a: Doublade
|-resisted|p2a: Doublade
|-damage|p2a: Doublade|92/100
|
|t:|1596939374
|switch|p1a: Incineroar|Incineroar, F|100/100|[from]move: U-turn
|-ability|p1a: Incineroar|Intimidate|boost
|-unboost|p2a: Doublade|atk|1
|
|upkeep
|turn|12
|
|t:|1596939395
|switch|p2a: Hatterene|Hatterene, F|100/100
|move|p1a: Incineroar|U-turn|p2a: Hatterene
|-damage|p2a: Hatterene|82/100
|
|t:|1596939404
|switch|p1a: Jirachi|Jirachi|16/100|[from]move: U-turn
|-damage|p1a: Jirachi|9/100|[from] Stealth Rock
|
|-heal|p1a: Jirachi|16/100|[from] item: Leftovers
|-heal|p2a: Hatterene|88/100|[from] item: Leftovers
|upkeep
|turn|13
|
|t:|1596939409
|move|p1a: Jirachi|U-turn|p2a: Hatterene
|-damage|p2a: Hatterene|73/100
|
|t:|1596939413
|switch|p1a: Slowking|Slowking, M|100/100|[from]move: U-turn
|move|p2a: Hatterene|Mystical Fire|p1a: Slowking
|-resisted|p1a: Slowking
|-damage|p1a: Slowking|92/100
|-unboost|p1a: Slowking|spa|1
|
|-heal|p2a: Hatterene|79/100|[from] item: Leftovers
|upkeep
|turn|14
|
|t:|1596939422
|move|p2a: Hatterene|Calm Mind|p2a: Hatterene
|-boost|p2a: Hatterene|spa|1
|-boost|p2a: Hatterene|spd|1
|move|p1a: Slowking|Teleport|p1a: Slowking
|
|t:|1596939427
|switch|p1a: Jirachi|Jirachi|16/100|[from]move: Teleport
|-damage|p1a: Jirachi|9/100|[from] Stealth Rock
|
|-heal|p1a: Jirachi|16/100|[from] item: Leftovers
|-heal|p2a: Hatterene|85/100|[from] item: Leftovers
|upkeep
|turn|15
|
|t:|1596939433
|move|p1a: Jirachi|Iron Head|p2a: Hatterene
|-supereffective|p2a: Hatterene
|-damage|p2a: Hatterene|43/100
|cant|p2a: Hatterene|flinch
|
|-heal|p1a: Jirachi|22/100|[from] item: Leftovers
|-heal|p2a: Hatterene|49/100|[from] item: Leftovers
|upkeep
|turn|16
|
|t:|1596939440
|move|p1a: Jirachi|Iron Head|p2a: Hatterene
|-supereffective|p2a: Hatterene
|-crit|p2a: Hatterene
|-damage|p2a: Hatterene|0 fnt
|faint|p2a: Hatterene
|
|-heal|p1a: Jirachi|28/100|[from] item: Leftovers
|upkeep
|
|t:|1596939443
|switch|p2a: Doublade|Doublade, M|92/100
|turn|17
|
|t:|1596939455
|switch|p1a: Gastrodon|Gastrodon, F|100/100
|move|p2a: Doublade|Swords Dance|p2a: Doublade
|-boost|p2a: Doublade|atk|2
|
|upkeep
|turn|18
|
|t:|1596939464
|switch|p2a: Noivern|Noivern, M|100/100
|move|p1a: Gastrodon|Scald|p2a: Noivern
|-resisted|p2a: Noivern
|-damage|p2a: Noivern|88/100
|
|upkeep
|turn|19
|
|t:|1596939472
|move|p2a: Noivern|U-turn|p1a: Gastrodon
|-damage|p1a: Gastrodon|92/100
|
|t:|1596939474
|switch|p2a: Kyurem|Kyurem|53/100|[from]move: U-turn
|-ability|p2a: Kyurem|Pressure
|move|p1a: Gastrodon|Scald|p2a: Kyurem
|-resisted|p2a: Kyurem
|-damage|p2a: Kyurem|43/100
|-status|p2a: Kyurem|brn
|
|-damage|p2a: Kyurem|37/100 brn|[from] brn
|upkeep
|turn|20
|
|t:|1596939487
|switch|p1a: Jirachi|Jirachi|28/100
|-damage|p1a: Jirachi|22/100|[from] Stealth Rock
|move|p2a: Kyurem|Earth Power|p1a: Jirachi
|-supereffective|p1a: Jirachi
|-damage|p1a: Jirachi|0 fnt
|faint|p1a: Jirachi
|
|-damage|p2a: Kyurem|30/100 brn|[from] brn
|upkeep
|
|t:|1596939505
|switch|p1a: Weezing|Weezing-Galar, M|100/100
|-damage|p1a: Weezing|88/100|[from] Stealth Rock
|turn|21
|
|t:|1596939527
|switch|p2a: Jirachi|Jirachi|18/100 brn
|move|p1a: Weezing|Fire Blast|p2a: Jirachi
|-supereffective|p2a: Jirachi
|-damage|p2a: Jirachi|0 fnt
|faint|p2a: Jirachi
|
|-heal|p1a: Weezing|94/100|[from] item: Black Sludge
|upkeep
|
|t:|1596939533
|switch|p2a: Kyurem|Kyurem|30/100 brn
|-ability|p2a: Kyurem|Pressure
|turn|22
|
|t:|1596939555
|switch|p1a: Slowking|Slowking, M|100/100
|move|p2a: Kyurem|Ice Beam|p1a: Slowking
|-resisted|p1a: Slowking
|-damage|p1a: Slowking|74/100
|
|-damage|p2a: Kyurem|24/100 brn|[from] brn
|upkeep
|turn|23
|
|t:|1596939565
|move|p2a: Kyurem|Ice Beam|p1a: Slowking
|-resisted|p1a: Slowking
|-damage|p1a: Slowking|45/100
|move|p1a: Slowking|Future Sight|p2a: Kyurem
|-start|p1a: Slowking|move: Future Sight
|
|-damage|p2a: Kyurem|18/100 brn|[from] brn
|upkeep
|turn|24
|
|t:|1596939572
|move|p2a: Kyurem|Ice Beam|p1a: Slowking
|-resisted|p1a: Slowking
|-damage|p1a: Slowking|19/100
|move|p1a: Slowking|Scald|p2a: Kyurem
|-resisted|p2a: Kyurem
|-damage|p2a: Kyurem|0 fnt
|faint|p2a: Kyurem
|
|upkeep
|
|t:|1596939576
|switch|p2a: Bewear|Bewear, F|100/100
|turn|25
|
|t:|1596939592
|switch|p2a: Noivern|Noivern, M|88/100
|move|p1a: Slowking|Teleport|p1a: Slowking
|
|t:|1596939608
|switch|p1a: Weezing|Weezing-Galar, M|94/100|[from]move: Teleport
|-damage|p1a: Weezing|82/100|[from] Stealth Rock
|
|-end|p2a: Noivern|move: Future Sight
|-damage|p2a: Noivern|21/100
|-heal|p1a: Weezing|88/100|[from] item: Black Sludge
|upkeep
|turn|26
|
|t:|1596939615
|move|p2a: Noivern|Air Slash|p1a: Weezing
|-damage|p1a: Weezing|43/100
|cant|p1a: Weezing|flinch
|
|-heal|p1a: Weezing|49/100|[from] item: Black Sludge
|upkeep
|turn|27
|
|t:|1596939620
|move|p2a: Noivern|Air Slash|p1a: Weezing
|-damage|p1a: Weezing|2/100
|move|p1a: Weezing|Sludge Bomb|p2a: Noivern
|-damage|p2a: Noivern|0 fnt
|faint|p2a: Noivern
|
|-heal|p1a: Weezing|8/100|[from] item: Black Sludge
|upkeep
|
|t:|1596939624
|switch|p2a: Bewear|Bewear, F|100/100
|turn|28
|
|t:|1596939630
|move|p2a: Bewear|Double-Edge|p1a: Weezing
|-damage|p1a: Weezing|0 fnt
|-damage|p2a: Bewear|98/100|[from] Recoil
|faint|p1a: Weezing
|
|upkeep
|
|t:|1596939636
|switch|p1a: Druddigon|Druddigon, M|100/100
|-damage|p1a: Druddigon|88/100|[from] Stealth Rock
|turn|29
|
|t:|1596939640
|switch|p2a: Doublade|Doublade, M|92/100
|move|p1a: Druddigon|Glare|p2a: Doublade
|-status|p2a: Doublade|par
|
|upkeep
|turn|30
|
|t:|1596939658
|switch|p1a: Gastrodon|Gastrodon, F|92/100
|move|p2a: Doublade|Swords Dance|p2a: Doublade
|-boost|p2a: Doublade|atk|2
|
|upkeep
|turn|31
|
|t:|1596939705
|move|p1a: Gastrodon|Earthquake|p2a: Doublade
|-supereffective|p2a: Doublade
|-damage|p2a: Doublade|63/100 par
|move|p2a: Doublade|Swords Dance|p2a: Doublade
|-boost|p2a: Doublade|atk|2
|
|upkeep
|turn|32
|
|t:|1596939733
|move|p1a: Gastrodon|Scald|p2a: Doublade
|-damage|p2a: Doublade|33/100 par
|move|p2a: Doublade|Close Combat|p1a: Gastrodon
|-damage|p1a: Gastrodon|0 fnt
|-unboost|p2a: Doublade|def|1
|-unboost|p2a: Doublade|spd|1
|faint|p1a: Gastrodon
|
|upkeep
|
|t:|1596939739
|switch|p1a: Incineroar|Incineroar, F|100/100
|-ability|p1a: Incineroar|Intimidate|boost
|-unboost|p2a: Doublade|atk|1
|turn|33
|
|t:|1596939746
|move|p2a: Doublade|Shadow Sneak|p1a: Incineroar
|-resisted|p1a: Incineroar
|-damage|p1a: Incineroar|71/100
|move|p1a: Incineroar|Knock Off|p2a: Doublade
|-supereffective|p2a: Doublade
|-damage|p2a: Doublade|0 fnt
|-enditem|p2a: Doublade|Eviolite|[from] move: Knock Off|[of] p1a: Incineroar
|faint|p2a: Doublade
|
|upkeep
|
|t:|1596939749
|switch|p2a: Bewear|Bewear, F|98/100
|turn|34
|
|t:|1596939758
|switch|p1a: Slowking|Slowking, M|52/100
|move|p2a: Bewear|Swords Dance|p2a: Bewear
|-boost|p2a: Bewear|atk|2
|
|upkeep
|turn|35
|j| Luna Rox1
|
|t:|1596939812
|switch|p1a: Druddigon|Druddigon, M|88/100
|-damage|p1a: Druddigon|76/100|[from] Stealth Rock
|move|p2a: Bewear|Swords Dance|p2a: Bewear
|-boost|p2a: Bewear|atk|2
|
|upkeep
|turn|36
|
|t:|1596939835
|move|p2a: Bewear|Double-Edge|p1a: Druddigon
|-damage|p1a: Druddigon|0 fnt
|-damage|p2a: Bewear|86/100|[from] ability: Rough Skin|[of] p1a: Druddigon
|-damage|p2a: Bewear|70/100|[from] item: Rocky Helmet|[of] p1a: Druddigon
|-damage|p2a: Bewear|46/100|[from] Recoil
|faint|p1a: Druddigon
|
|upkeep
|
|t:|1596939844
|switch|p1a: Incineroar|Incineroar, F|71/100
|-ability|p1a: Incineroar|Intimidate|boost
|-unboost|p2a: Bewear|atk|1
|turn|37
|
|t:|1596939853
|move|p2a: Bewear|Double-Edge|p1a: Incineroar
|-damage|p1a: Incineroar|0 fnt
|-damage|p2a: Bewear|26/100|[from] Recoil
|faint|p1a: Incineroar
|
|upkeep
|
|t:|1596939859
|switch|p1a: Slowking|Slowking, M|85/100
|turn|38
|
|t:|1596939870
|move|p2a: Bewear|Double-Edge|p1a: Slowking
|-damage|p1a: Slowking|0 fnt
|-damage|p2a: Bewear|0 fnt|[from] Recoil
|faint|p1a: Slowking
|faint|p2a: Bewear
|
|win|wuhoodude
|c|☆wuhoodude|gg
|l| Luna Rox1
|c| Kim Kardashian|stronk bear
|c|☆pif|gg
|raw|pif's rating: 1905 &rarr; <strong>1873</strong><br />(-32 for losing)
|raw|wuhoodude's rating: 1670 &rarr; <strong>1701</strong><br />(+31 for winning)
|l|☆pif
|l| Kim Kardashian
