|j|☆Permission Slip
|j|☆Takatk
|t:|1667611435
|gametype|singles
|player|p1|Permission Slip|morty-masters2|
|player|p2|Takatk|janitor|
|teamsize|p1|6
|teamsize|p2|6
|gen|8
|tier|[Gen 8] UU
|rule|Sleep Clause Mod: Limit one foe put to sleep
|rule|Species Clause: Limit one of each Pokémon
|rule|OHKO Clause: OHKO moves are banned
|rule|Evasion Items Clause: Evasion items are banned
|rule|Evasion Moves Clause: Evasion moves are banned
|rule|Endless Battle Clause: Forcing endless battles is banned
|rule|HP Percentage Mod: HP is shown in percentages
|rule|Dynamax Clause: You cannot dynamax
|clearpoke
|poke|p1|Shuckle, F|
|poke|p1|Necrozma|
|poke|p1|Polteageist|
|poke|p1|Excadrill, M|
|poke|p1|Gyarados, M|
|poke|p1|Zygarde-10%|
|poke|p2|Lycanroc-Dusk, F|
|poke|p2|Necrozma|
|poke|p2|Hatterene, F|
|poke|p2|Celesteela|
|poke|p2|Thundurus-Therian, M|
|poke|p2|Cobalion|
|teampreview
|inactive|Battle timer is ON: inactive players will automatically lose when time's up. (requested by Takatk)
|c|☆Permission Slip|hf
|c|☆Takatk|u2
|inactive|Takatk has 270 seconds left.
|
|t:|1667611468
|start
|switch|p1a: Excadrill|Excadrill, M|100/100
|switch|p2a: Lycanroc|Lycanroc-Dusk, F|100/100
|-ability|p1a: Excadrill|Mold Breaker
|-item|p1a: Excadrill|Air Balloon
|turn|1
|
|t:|1667611472
|switch|p1a: Shuckle|Shuckle, F|100/100
|move|p2a: Lycanroc|Close Combat|p1a: Shuckle
|-damage|p1a: Shuckle|74/100
|-unboost|p2a: Lycanroc|def|1
|-unboost|p2a: Lycanroc|spd|1
|
|upkeep
|turn|2
|
|t:|1667611481
|switch|p1a: Excadrill|Excadrill, M|100/100
|-ability|p1a: Excadrill|Mold Breaker
|-item|p1a: Excadrill|Air Balloon
|move|p2a: Lycanroc|Stealth Rock|p1a: Excadrill
|-sidestart|p1: Permission Slip|move: Stealth Rock
|
|upkeep
|turn|3
|
|t:|1667611489
|switch|p1a: Shuckle|Shuckle, F|74/100
|-damage|p1a: Shuckle|49/100|[from] Stealth Rock
|move|p2a: Lycanroc|Close Combat|p1a: Shuckle
|-damage|p1a: Shuckle|21/100
|-unboost|p2a: Lycanroc|def|1
|-unboost|p2a: Lycanroc|spd|1
|
|upkeep
|turn|4
|
|t:|1667611498
|move|p2a: Lycanroc|Close Combat|p1a: Shuckle
|-damage|p1a: Shuckle|0 fnt
|-unboost|p2a: Lycanroc|def|1
|-unboost|p2a: Lycanroc|spd|1
|faint|p1a: Shuckle
|
|upkeep
|
|t:|1667611500
|switch|p1a: Zygarde|Zygarde-10%|100/100
|-damage|p1a: Zygarde|94/100|[from] Stealth Rock
|-ability|p1a: Zygarde|Aura Break
|turn|5
|
|t:|1667611504
|move|p2a: Lycanroc|Close Combat|p1a: Zygarde
|-damage|p1a: Zygarde|19/100
|-unboost|p2a: Lycanroc|def|1
|-unboost|p2a: Lycanroc|spd|1
|move|p1a: Zygarde|Thousand Waves|p2a: Lycanroc
|-supereffective|p2a: Lycanroc
|-enditem|p2a: Lycanroc|Focus Sash
|-damage|p2a: Lycanroc|1/100
|-activate|p2a: Lycanroc|trapped
|
|-heal|p1a: Zygarde|25/100|[from] item: Leftovers
|upkeep
|turn|6
|
|t:|1667611516
|move|p2a: Lycanroc|Close Combat|p1a: Zygarde
|-damage|p1a: Zygarde|0 fnt
|-unboost|p2a: Lycanroc|def|1
|-unboost|p2a: Lycanroc|spd|1
|faint|p1a: Zygarde
|
|upkeep
|
|t:|1667611518
|switch|p1a: Necrozma|Necrozma|100/100
|-damage|p1a: Necrozma|88/100|[from] Stealth Rock
|turn|7
|
|t:|1667611520
|move|p2a: Lycanroc|Endeavor|p1a: Necrozma
|-damage|p1a: Necrozma|1/100
|move|p1a: Necrozma|Photon Geyser|p2a: Lycanroc
|-damage|p2a: Lycanroc|0 fnt
|faint|p2a: Lycanroc
|
|upkeep
|
|t:|1667611532
|switch|p2a: Thundurus|Thundurus-Therian, M|100/100
|turn|8
|
|t:|1667611535
|move|p2a: Thundurus|Grass Knot|p1a: Necrozma
|-damage|p1a: Necrozma|0 fnt
|faint|p1a: Necrozma
|
|upkeep
|
|t:|1667611539
|switch|p1a: Excadrill|Excadrill, M|100/100
|-damage|p1a: Excadrill|97/100|[from] Stealth Rock
|-ability|p1a: Excadrill|Mold Breaker
|-item|p1a: Excadrill|Air Balloon
|turn|9
|
|t:|1667611541
|move|p2a: Thundurus|Focus Blast|p1a: Excadrill
|-supereffective|p1a: Excadrill
|-damage|p1a: Excadrill|0 fnt
|-enditem|p1a: Excadrill|Air Balloon
|faint|p1a: Excadrill
|
|upkeep
|
|t:|1667611544
|switch|p1a: Polteageist|Polteageist|100/100
|-damage|p1a: Polteageist|88/100|[from] Stealth Rock
|turn|10
|
|t:|1667611563
|move|p2a: Thundurus|Thunderbolt|p1a: Polteageist
|-damage|p1a: Polteageist|32/100
|move|p1a: Polteageist|Shell Smash|p1a: Polteageist
|-unboost|p1a: Polteageist|def|1
|-unboost|p1a: Polteageist|spd|1
|-boost|p1a: Polteageist|atk|2
|-boost|p1a: Polteageist|spa|2
|-boost|p1a: Polteageist|spe|2
|
|upkeep
|turn|11
|
|t:|1667611571
|move|p1a: Polteageist|Shadow Ball|p2a: Thundurus
|-damage|p2a: Thundurus|0 fnt
|faint|p2a: Thundurus
|
|upkeep
|
|t:|1667611573
|switch|p2a: Celesteela|Celesteela|100/100
|turn|12
|
|t:|1667611578
|move|p1a: Polteageist|Shadow Ball|p2a: Celesteela
|-damage|p2a: Celesteela|7/100
|move|p2a: Celesteela|Air Slash|p1a: Polteageist
|-crit|p1a: Polteageist
|-damage|p1a: Polteageist|0 fnt
|faint|p1a: Polteageist
|-ability|p2a: Celesteela|Beast Boost|boost
|-boost|p2a: Celesteela|spa|1
|
|upkeep
|
|t:|1667611582
|switch|p1a: Gyarados|Gyarados, M|100/100
|-damage|p1a: Gyarados|76/100|[from] Stealth Rock
|turn|13
|
|t:|1667611585
|move|p1a: Gyarados|Waterfall|p2a: Celesteela
|-damage|p2a: Celesteela|0 fnt
|faint|p2a: Celesteela
|-ability|p1a: Gyarados|Moxie|boost
|-boost|p1a: Gyarados|atk|1
|
|upkeep
|
|t:|1667611594
|switch|p2a: Hatterene|Hatterene, F|100/100
|turn|14
|
|t:|1667611597
|move|p1a: Gyarados|Dragon Dance|p1a: Gyarados
|-boost|p1a: Gyarados|atk|1
|-boost|p1a: Gyarados|spe|1
|move|p2a: Hatterene|Trick Room|p2a: Hatterene
|-fieldstart|move: Trick Room|[of] p2a: Hatterene
|
|upkeep
|turn|15
|
|t:|1667611599
|move|p2a: Hatterene|Psyshock|p1a: Gyarados
|-damage|p1a: Gyarados|0 fnt
|faint|p1a: Gyarados
|-damage|p2a: Hatterene|91/100|[from] item: Life Orb
|
|win|Takatk
|c|☆Permission Slip|ggs
|c|☆Takatk|ggwps
|l|☆Permission Slip
