|html|<div class="broadcast-blue"><strong>[Gen 8] UU is currently suspecting Moltres-Galar! For information on how to participate check out the <a href="https://www.smogon.com/forums/threads/np-ss-uu-stage-12-get-lucky.3700621/">suspect thread</a>.</strong></div>
|j|☆KSt3ve
|j|☆Corazan
|t:|1650733874
|gametype|singles
|player|p1|KSt3ve|lucas|
|player|p2|Corazan|schoolkid-gen4dp|
|teamsize|p1|6
|teamsize|p2|6
|gen|8
|tier|[Gen 8] UU
|rule|Sleep Clause Mod: Limit one foe put to sleep
|rule|Species Clause: Limit one of each Pokémon
|rule|OHKO Clause: OHKO moves are banned
|rule|Evasion Moves Clause: Evasion moves are banned
|rule|Endless Battle Clause: Forcing endless battles is banned
|rule|HP Percentage Mod: HP is shown in percentages
|rule|Dynamax Clause: You cannot dynamax
|clearpoke
|poke|p1|Chansey, F|
|poke|p1|Skarmory, M|
|poke|p1|Salamence, F|
|poke|p1|Scizor, F|
|poke|p1|Quagsire, M|
|poke|p1|Amoonguss, F|
|poke|p2|Primarina, F|
|poke|p2|Cobalion|
|poke|p2|Krookodile, M|
|poke|p2|Rotom-Wash|
|poke|p2|Scizor, F|
|poke|p2|Amoonguss, M|
|teampreview
|c|☆KSt3ve|hf
|c|☆KSt3ve|/log KSt3ve made this room public.
|l|☆KSt3ve
|player|p1|
|j|☆KSt3ve
|player|p1|KSt3ve|lucas
|l|☆Corazan
|player|p2|
|j| SAMOAN DROP
|j| Cherbou
|j| Sharow 水上
|j|☆Corazan
|player|p2|Corazan|schoolkid-gen4dp
|j| UFG DX
|j| PE MarioReL
|j| MS3D
|n| Rubyblood|samoandrop
|j| NT77y DestinyBond
|j| Dunoks
|j| Celestin34
|j| Neco0s
|j| AzZoCcX
|j| Ryuji-Sensei
|j| NULAlomomohamed
|j| Jeza.p
|j| Whats in ur head
|j| PokemonCestDur
|j| Hoshibi
|j| Hervalt
|j| Le Dictionnaire
|j|+Tuthur
|j| vhkv
|j| Sean Boswell
|j| Skeletor Facts
|j| Shafofficiel
|j| Metagrossistheboss
|j| HaxxLR
|j| Aclios
|j| Aeglos
|j| fhjhyj
|l| Skeletor Facts
|j| Astreau
|j| Maxwellime
|j| Mecherebel
|c|☆KSt3ve|je peux timer ?
|n| Cousiin|seanboswell
|inactive|Battle timer is ON: inactive players will automatically lose when time's up. (requested by Corazan)
|j| S-arcobaleno
|j| Eledyr
|j| Greycat01
|j| P.Otaku ☯
|j| Exiline
|j| Dieu Amphibien
|j| The Delta Maybca☆〜
|j| LunaryAscenders
|c| S-arcobaleno|tous les deux en perfect oulala
|j| Quartos
|j| la petite gaterie
|c| Dieu Amphibien|corazan bonjour ca va
|c| P.Otaku ☯|Go Steve
|c| Rubyblood|perfect au stt ça veut rien dire
|c| Jeza.p|Gl both. J'reviens sans 100 tours
|c|☆KSt3ve|cora nrv
|l| Greycat01
|c| Rubyblood|lets go congelo
|l| Celestin34
|j| shadowlight ninja
|inactive|KSt3ve has 270 seconds left.
|c|☆Corazan|bonjour dieu amphibien
|l| NULAlomomohamed
|c|☆Corazan|je suis concentré
|
|t:|1650733997
|start
|switch|p1a: Amoonguss|Amoonguss, F|100/100
|switch|p2a: Scizor|Scizor, F|100/100
|turn|1
|j| HaxxSel♔
|c|☆Corazan|et toi ?
|j| Sirwings
|l| P.Otaku ☯
|j| NULAlomomohamed
|j| Celestin34
|c| Dieu Amphibien|comme le jus de tomate (concentré) (haha) oui je viens bien et toi
|l| Jeza.p
|l| Exiline
|c| Astreau|la team de congélo a une odeur on dirait Hervalt et MS3D
|c| Rubyblood|il est concentré sans le centré
|c| Rubyblood|tsé
|j| Flex OKLM
|j| Greycat01
|c| MS3D|Pq Hervalt ?
|inactive|Corazan has 270 seconds left.
|
|t:|1650734035
|switch|p1a: Skarmory|Skarmory, M|100/100
|move|p2a: Scizor|Knock Off|p1a: Skarmory
|-damage|p1a: Skarmory|83/100
|-damage|p2a: Scizor|84/100|[from] item: Rocky Helmet|[of] p1a: Skarmory
|-enditem|p1a: Skarmory|Rocky Helmet|[from] move: Knock Off|[of] p2a: Scizor
|
|upkeep
|turn|2
|
|t:|1650734043
|move|p1a: Skarmory|Spikes|p2a: Scizor
|-sidestart|p2: Corazan|Spikes
|move|p2a: Scizor|U-turn|p1a: Skarmory
|-resisted|p1a: Skarmory
|-damage|p1a: Skarmory|79/100
|
|t:|1650734046
|switch|p2a: Rotom|Rotom-Wash|100/100|[from]move: U-turn
|
|upkeep
|turn|3
|c| Rubyblood|astreau je susi moi surpris de la team
|c| Rubyblood|ct pas la prep de base ça
|c| Astreau|tu t'es même pas demandé pourquoi toi
|c| Astreau|PTDR
|
|t:|1650734055
|switch|p1a: Amoonguss|Amoonguss, F|100/100
|move|p2a: Rotom|Defog|p1a: Amoonguss
|-unboost|p1a: Amoonguss|evasion|1
|-sideend|p2: Corazan|Spikes|[from] move: Defog|[of] p2a: Rotom
|
|upkeep
|turn|4
|j| gei
|c| Dieu Amphibien|corazan tu savais que scizor est rouge c car il est communiste (je crois)
|
|t:|1650734064
|move|p2a: Rotom|Volt Switch|p1a: Amoonguss
|-resisted|p1a: Amoonguss
|-damage|p1a: Amoonguss|94/100
|c| Rubyblood|manette
|
|t:|1650734068
|switch|p2a: Amoonguss|Amoonguss, M|100/100|[from]move: Volt Switch
|move|p1a: Amoonguss|Foul Play|p2a: Amoonguss
|-damage|p2a: Amoonguss|86/100
|-damage|p1a: Amoonguss|78/100|[from] item: Rocky Helmet|[of] p2a: Amoonguss
|
|upkeep
|turn|5
|j| Kridane
|
|t:|1650734076
|move|p2a: Amoonguss|Sludge Bomb|p1a: Amoonguss
|-damage|p1a: Amoonguss|63/100
|move|p1a: Amoonguss|Sludge Bomb|p2a: Amoonguss
|-damage|p2a: Amoonguss|65/100
|
|upkeep
|turn|6
|
|t:|1650734083
|switch|p1a: Chansey|Chansey, F|100/100
|move|p2a: Amoonguss|Sludge Bomb|p1a: Chansey
|-damage|p1a: Chansey|92/100
|
|upkeep
|turn|7
|j| Beyond The Galaxy
|
|t:|1650734092
|move|p1a: Chansey|Stealth Rock|p2a: Amoonguss
|-sidestart|p2: Corazan|move: Stealth Rock
|move|p2a: Amoonguss|Spore|p1a: Chansey
|-status|p1a: Chansey|slp|[from] move: Spore
|
|upkeep
|turn|8
|j| jeu qui pue
|
|t:|1650734098
|-curestatus|p1a: Chansey|slp|[from] ability: Natural Cure
|switch|p1a: Amoonguss|Amoonguss, F|97/100
|switch|p2a: Rotom|Rotom-Wash|100/100
|-damage|p2a: Rotom|88/100|[from] Stealth Rock
|
|-heal|p2a: Rotom|94/100|[from] item: Leftovers
|upkeep
|turn|9
|l| Ryuji-Sensei
|l| NULAlomomohamed
|c| Rubyblood|https://www.youtube.com/watch?v=vNpl-M3_9_o&ab_channel=PNL
|j| NULAlomomohamed
|c| Rubyblood|un petit classique
|
|t:|1650734121
|move|p2a: Rotom|Volt Switch|p1a: Amoonguss
|-resisted|p1a: Amoonguss
|-damage|p1a: Amoonguss|90/100
|
|t:|1650734123
|switch|p2a: Amoonguss|Amoonguss, M|98/100|[from]move: Volt Switch
|-damage|p2a: Amoonguss|86/100|[from] Stealth Rock
|move|p1a: Amoonguss|Giga Drain|p2a: Amoonguss
|-resisted|p2a: Amoonguss
|-damage|p2a: Amoonguss|82/100
|-heal|p1a: Amoonguss|92/100|[from] drain|[of] p2a: Amoonguss
|
|upkeep
|turn|10
|c| Rubyblood|en attendant la fin de cette game
|c|☆KSt3ve|on écoute du méta ici
|
|t:|1650734134
|switch|p1a: Chansey|Chansey, F|92/100
|move|p2a: Amoonguss|Sludge Bomb|p1a: Chansey
|-damage|p1a: Chansey|84/100
|
|upkeep
|turn|11
|
|t:|1650734144
|switch|p1a: Amoonguss|Amoonguss, F|100/100
|move|p2a: Amoonguss|Sludge Bomb|p1a: Amoonguss
|-damage|p1a: Amoonguss|85/100
|
|upkeep
|turn|12
|l| Mecherebel
|c| Rubyblood|moi j'écoute flex se faire enculer par ses oppos
|c| Rubyblood|perso
|l| Beyond The Galaxy
|c| Astreau|ide
|l| NULAlomomohamed
|c| Astreau|m
|c| gei|jsavais pas que le covid long ca touchait aussi les oreilles
|
|t:|1650734158
|move|p2a: Amoonguss|Stomping Tantrum|p1a: Amoonguss
|-damage|p1a: Amoonguss|73/100
|move|p1a: Amoonguss|Foul Play|p2a: Amoonguss
|-damage|p2a: Amoonguss|66/100
|-damage|p1a: Amoonguss|56/100|[from] item: Rocky Helmet|[of] p2a: Amoonguss
|
|upkeep
|turn|13
|c| Flex OKLM|csc ruby
|j| NULAlomomohamed
|
|t:|1650734168
|switch|p1a: Chansey|Chansey, F|84/100
|switch|p2a: Cobalion|Cobalion|100/100
|-damage|p2a: Cobalion|97/100|[from] Stealth Rock
|
|upkeep
|turn|14
|c| Rubyblood|au moins moi gei j'ai encore mes genoux
|
|t:|1650734185
|switch|p1a: Salamence|Salamence, F|100/100
|-ability|p1a: Salamence|Intimidate|boost
|-unboost|p2a: Cobalion|atk|1
|move|p2a: Cobalion|Stealth Rock|p1a: Salamence
|-sidestart|p1: KSt3ve|move: Stealth Rock
|
|upkeep
|turn|15
|c| gei|hein
|
|t:|1650734198
|switch|p2a: chanel|Primarina, F|100/100
|-damage|p2a: chanel|88/100|[from] Stealth Rock
|move|p1a: Salamence|Defog|p2a: chanel
|-unboost|p2a: chanel|evasion|1
|-sideend|p2: Corazan|Stealth Rock|[from] move: Defog|[of] p1a: Salamence
|-sideend|p1: KSt3ve|Stealth Rock|[from] move: Defog|[of] p1a: Salamence
|
|-heal|p2a: chanel|94/100|[from] item: Leftovers
|upkeep
|turn|16
|c| gei|(jparlais du metal)
|
|t:|1650734207
|switch|p1a: Amoonguss|Amoonguss, F|90/100
|switch|p2a: Cobalion|Cobalion|97/100
|
|upkeep
|turn|17
|c| Rubyblood|ah t'as bien raison
|c| Rubyblood|nvm
|
|t:|1650734214
|switch|p2a: Amoonguss|Amoonguss, M|99/100
|move|p1a: Amoonguss|Stomping Tantrum|p2a: Amoonguss
|-damage|p2a: Amoonguss|87/100
|-damage|p1a: Amoonguss|73/100|[from] item: Rocky Helmet|[of] p2a: Amoonguss
|
|upkeep
|turn|18
|l| Cherbou
|c| Rubyblood|après le métal ça va
|
|t:|1650734226
|switch|p1a: Chansey|Chansey, F|84/100
|move|p2a: Amoonguss|Spore|p1a: Chansey
|-status|p1a: Chansey|slp|[from] move: Spore
|
|upkeep
|turn|19
|c| gei|mais developpe
|c| Rubyblood|il ya des gens ici
|c| Rubyblood|qui écoute de la kpop
|c| Rubyblood|jsp gei j'ai dis ça au pif
|c|☆KSt3ve|ces gens n'ont pas le droit de vote
|c| gei|mdrr
|j| Pyramid King Pat
|c| Rubyblood|jcrois t'es basketteur non
|c| gei|j'étais
|c| Rubyblood|tsé les ligaments croisé
|c| gei|je suis vieux mtn
|
|t:|1650734253
|-curestatus|p1a: Chansey|slp|[from] ability: Natural Cure
|switch|p1a: Amoonguss|Amoonguss, F|100/100
|switch|p2a: Rotom|Rotom-Wash|94/100
|
|-heal|p2a: Rotom|99/100|[from] item: Leftovers
|upkeep
|turn|20
|c| Rubyblood|t'as 25ans
|c| Rubyblood|lache ça
|
|t:|1650734262
|move|p2a: Rotom|Will-O-Wisp|p1a: Amoonguss
|-status|p1a: Amoonguss|brn
|move|p1a: Amoonguss|Sludge Bomb|p2a: Rotom
|-damage|p2a: Rotom|76/100
|
|-heal|p2a: Rotom|82/100|[from] item: Leftovers
|-damage|p1a: Amoonguss|94/100 brn|[from] brn
|upkeep
|turn|21
|
|t:|1650734267
|move|p2a: Rotom|Volt Switch|p1a: Amoonguss
|-resisted|p1a: Amoonguss
|-damage|p1a: Amoonguss|87/100 brn
|l| NULAlomomohamed
|
|t:|1650734271
|switch|p2a: Scizor|Scizor, F|84/100|[from]move: Volt Switch
|move|p1a: Amoonguss|Sludge Bomb|p2a: Scizor
|-immune|p2a: Scizor
|
|-damage|p1a: Amoonguss|81/100 brn|[from] brn
|upkeep
|turn|22
|
|t:|1650734276
|switch|p1a: Skarmory|Skarmory, M|79/100
|move|p2a: Scizor|U-turn|p1a: Skarmory
|-resisted|p1a: Skarmory
|-damage|p1a: Skarmory|74/100
|
|t:|1650734284
|switch|p2a: Rotom|Rotom-Wash|82/100|[from]move: U-turn
|
|-heal|p2a: Rotom|88/100|[from] item: Leftovers
|upkeep
|turn|23
|
|t:|1650734287
|switch|p1a: Quagsire|Quagsire, M|100/100
|move|p2a: Rotom|Volt Switch|p1a: Quagsire
|-immune|p1a: Quagsire
|
|-heal|p2a: Rotom|94/100|[from] item: Leftovers
|upkeep
|turn|24
|j| Jteconaispas
|
|t:|1650734296
|switch|p2a: Amoonguss|Amoonguss, M|100/100
|move|p1a: Quagsire|Scald|p2a: Amoonguss
|-resisted|p2a: Amoonguss
|-damage|p2a: Amoonguss|93/100
|
|upkeep
|turn|25
|
|t:|1650734303
|switch|p1a: Chansey|Chansey, F|84/100
|move|p2a: Amoonguss|Spore|p1a: Chansey
|-status|p1a: Chansey|slp|[from] move: Spore
|
|upkeep
|turn|26
|j| NULAlomomohamed
|
|t:|1650734319
|-curestatus|p1a: Chansey|slp|[from] ability: Natural Cure
|switch|p1a: Amoonguss|Amoonguss, F|100/100 brn
|switch|p2a: Rotom|Rotom-Wash|94/100
|
|-heal|p2a: Rotom|99/100|[from] item: Leftovers
|-damage|p1a: Amoonguss|94/100 brn|[from] brn
|upkeep
|turn|27
|l| Greycat01
|j| wertsd26
|
|t:|1650734332
|switch|p1a: Quagsire|Quagsire, M|100/100
|move|p2a: Rotom|Volt Switch|p1a: Quagsire
|-immune|p1a: Quagsire
|
|-heal|p2a: Rotom|100/100|[from] item: Leftovers
|upkeep
|turn|28
|l| NULAlomomohamed
|j| Heika
|
|t:|1650734341
|switch|p2a: Amoonguss|Amoonguss, M|100/100
|move|p1a: Quagsire|Scald|p2a: Amoonguss
|-resisted|p2a: Amoonguss
|-damage|p2a: Amoonguss|92/100
|
|upkeep
|turn|29
|
|t:|1650734345
|switch|p1a: Chansey|Chansey, F|84/100
|move|p2a: Amoonguss|Spore|p1a: Chansey
|-status|p1a: Chansey|slp|[from] move: Spore
|
|upkeep
|turn|30
|j| CarbonLifeform456
|
|t:|1650734360
|-curestatus|p1a: Chansey|slp|[from] ability: Natural Cure
|switch|p1a: Amoonguss|Amoonguss, F|100/100 brn
|switch|p2a: Scizor|Scizor, F|84/100
|
|-damage|p1a: Amoonguss|94/100 brn|[from] brn
|upkeep
|turn|31
|
|t:|1650734364
|switch|p1a: Skarmory|Skarmory, M|74/100
|move|p2a: Scizor|U-turn|p1a: Skarmory
|-resisted|p1a: Skarmory
|-damage|p1a: Skarmory|70/100
|
|t:|1650734370
|switch|p2a: Rotom|Rotom-Wash|100/100|[from]move: U-turn
|
|upkeep
|turn|32
|j| Greycat01
|
|t:|1650734379
|switch|p1a: Chansey|Chansey, F|84/100
|move|p2a: Rotom|Hydro Pump|p1a: Chansey
|-damage|p1a: Chansey|73/100
|
|upkeep
|turn|33
|l| gei
|
|t:|1650734388
|move|p2a: Rotom|Volt Switch|p1a: Chansey
|-damage|p1a: Chansey|65/100
|
|t:|1650734390
|switch|p2a: Cobalion|Cobalion|97/100|[from]move: Volt Switch
|move|p1a: Chansey|Soft-Boiled|p1a: Chansey
|-heal|p1a: Chansey|100/100
|
|upkeep
|turn|34
|j| P.Otaku ☯
|
|t:|1650734407
|switch|p2a: Rotom|Rotom-Wash|100/100
|switch|p1a: Salamence|Salamence, F|100/100
|-ability|p1a: Salamence|Intimidate|boost
|-unboost|p2a: Rotom|atk|1
|
|upkeep
|turn|35
|l| wertsd26
|j| Jeza.p
|
|t:|1650734430
|switch|p1a: Quagsire|Quagsire, M|100/100
|move|p2a: Rotom|Volt Switch|p1a: Quagsire
|-immune|p1a: Quagsire
|
|upkeep
|turn|36
|
|t:|1650734459
|switch|p2a: Amoonguss|Amoonguss, M|100/100
|switch|p1a: Chansey|Chansey, F|100/100
|
|upkeep
|turn|37
|
|t:|1650734467
|switch|p2a: Cobalion|Cobalion|97/100
|move|p1a: Chansey|Stealth Rock|p2a: Cobalion
|-sidestart|p2: Corazan|move: Stealth Rock
|
|upkeep
|turn|38
|
|t:|1650734474
|switch|p1a: Skarmory|Skarmory, M|70/100
|move|p2a: Cobalion|Stealth Rock|p1a: Skarmory
|-sidestart|p1: KSt3ve|move: Stealth Rock
|
|upkeep
|turn|39
|j| Givrix
|
|t:|1650734480
|switch|p2a: Amoonguss|Amoonguss, M|100/100
|-damage|p2a: Amoonguss|88/100|[from] Stealth Rock
|move|p1a: Skarmory|Roost|p1a: Skarmory
|-heal|p1a: Skarmory|100/100
|-singleturn|p1a: Skarmory|move: Roost
|
|upkeep
|turn|40
|
|t:|1650734488
|switch|p1a: Amoonguss|Amoonguss, F|100/100 brn
|-damage|p1a: Amoonguss|88/100 brn|[from] Stealth Rock
|move|p2a: Amoonguss|Spore|p1a: Amoonguss
|-immune|p1a: Amoonguss
|
|-damage|p1a: Amoonguss|82/100 brn|[from] brn
|upkeep
|turn|41
|j| Alkione
|
|t:|1650734506
|move|p1a: Amoonguss|Sludge Bomb|p2a: Amoonguss
|-damage|p2a: Amoonguss|65/100
|move|p2a: Amoonguss|Spore|p1a: Amoonguss
|-immune|p1a: Amoonguss
|
|-damage|p1a: Amoonguss|75/100 brn|[from] brn
|upkeep
|turn|42
|
|t:|1650734519
|switch|p2a: Scizor|Scizor, F|84/100
|move|p1a: Amoonguss|Foul Play|p2a: Scizor
|-damage|p2a: Scizor|70/100
|
|-damage|p1a: Amoonguss|69/100 brn|[from] brn
|upkeep
|turn|43
|
|t:|1650734525
|switch|p1a: Salamence|Salamence, F|100/100
|-ability|p1a: Salamence|Intimidate|boost
|-unboost|p2a: Scizor|atk|1
|move|p2a: Scizor|U-turn|p1a: Salamence
|-resisted|p1a: Salamence
|-damage|p1a: Salamence|92/100
|l| P.Otaku ☯
|l| Alkione
|
|t:|1650734549
|switch|p2a: many|Krookodile, M|100/100|[from]move: U-turn
|-damage|p2a: many|94/100|[from] Stealth Rock
|-ability|p2a: many|Intimidate|boost
|-unboost|p1a: Salamence|atk|1
|
|upkeep
|turn|44
|j| Ryuji-Sensei
|j| Grimji
|
|t:|1650734566
|switch|p2a: Rotom|Rotom-Wash|100/100
|-damage|p2a: Rotom|88/100|[from] Stealth Rock
|switch|p1a: Skarmory|Skarmory, M|100/100
|-damage|p1a: Skarmory|88/100|[from] Stealth Rock
|
|-heal|p2a: Rotom|94/100|[from] item: Leftovers
|upkeep
|turn|45
|
|t:|1650734572
|switch|p1a: Quagsire|Quagsire, M|100/100
|move|p2a: Rotom|Will-O-Wisp|p1a: Quagsire
|-status|p1a: Quagsire|brn
|
|-heal|p2a: Rotom|99/100|[from] item: Leftovers
|-damage|p1a: Quagsire|94/100 brn|[from] brn
|upkeep
|turn|46
|
|t:|1650734598
|switch|p2a: Amoonguss|Amoonguss, M|99/100
|-damage|p2a: Amoonguss|86/100|[from] Stealth Rock
|move|p1a: Quagsire|Scald|p2a: Amoonguss
|-resisted|p2a: Amoonguss
|-damage|p2a: Amoonguss|79/100
|
|-damage|p1a: Quagsire|88/100 brn|[from] brn
|upkeep
|turn|47
|l| The Delta Maybca☆〜
|
|t:|1650734607
|switch|p2a: Scizor|Scizor, F|70/100
|move|p1a: Quagsire|Scald|p2a: Scizor
|-damage|p2a: Scizor|54/100
|
|-damage|p1a: Quagsire|82/100 brn|[from] brn
|upkeep
|turn|48
|c|☆KSt3ve|l'eau est froide aujourd'hui
|
|t:|1650734628
|move|p2a: Scizor|U-turn|p1a: Quagsire
|-damage|p1a: Quagsire|53/100 brn
|
|t:|1650734631
|switch|p2a: chanel|Primarina, F|94/100|[from]move: U-turn
|-damage|p2a: chanel|82/100|[from] Stealth Rock
|move|p1a: Quagsire|Recover|p1a: Quagsire
|-heal|p1a: Quagsire|100/100 brn
|
|-heal|p2a: chanel|88/100|[from] item: Leftovers
|-damage|p1a: Quagsire|94/100 brn|[from] brn
|upkeep
|turn|49
|
|t:|1650734637
|switch|p2a: Scizor|Scizor, F|54/100
|switch|p1a: Amoonguss|Amoonguss, F|100/100 brn
|-damage|p1a: Amoonguss|88/100 brn|[from] Stealth Rock
|
|-damage|p1a: Amoonguss|82/100 brn|[from] brn
|upkeep
|turn|50
|
|t:|1650734639
|switch|p1a: Salamence|Salamence, F|92/100
|-ability|p1a: Salamence|Intimidate|boost
|-unboost|p2a: Scizor|atk|1
|move|p2a: Scizor|Roost|p2a: Scizor
|-heal|p2a: Scizor|100/100
|-singleturn|p2a: Scizor|move: Roost
|
|upkeep
|turn|51
|l| Grimji
|
|t:|1650734659
|switch|p2a: chanel|Primarina, F|88/100
|-damage|p2a: chanel|75/100|[from] Stealth Rock
|move|p1a: Salamence|Defog|p2a: chanel
|-unboost|p2a: chanel|evasion|1
|-sideend|p2: Corazan|Stealth Rock|[from] move: Defog|[of] p1a: Salamence
|-sideend|p1: KSt3ve|Stealth Rock|[from] move: Defog|[of] p1a: Salamence
|
|-heal|p2a: chanel|82/100|[from] item: Leftovers
|upkeep
|turn|52
|
|t:|1650734667
|switch|p1a: Amoonguss|Amoonguss, F|100/100 brn
|switch|p2a: Cobalion|Cobalion|97/100
|
|-damage|p1a: Amoonguss|94/100 brn|[from] brn
|upkeep
|turn|53
|
|t:|1650734671
|switch|p1a: Salamence|Salamence, F|92/100
|-ability|p1a: Salamence|Intimidate|boost
|-unboost|p2a: Cobalion|atk|1
|move|p2a: Cobalion|Stealth Rock|p1a: Salamence
|-sidestart|p1: KSt3ve|move: Stealth Rock
|
|upkeep
|turn|54
|
|t:|1650734683
|switch|p2a: chanel|Primarina, F|82/100
|move|p1a: Salamence|Defog|p2a: chanel
|-unboost|p2a: chanel|evasion|1
|-sideend|p1: KSt3ve|Stealth Rock|[from] move: Defog|[of] p1a: Salamence
|
|-heal|p2a: chanel|88/100|[from] item: Leftovers
|upkeep
|turn|55
|l| Greycat01
|
|t:|1650734706
|switch|p1a: Chansey|Chansey, F|100/100
|switch|p2a: Rotom|Rotom-Wash|99/100
|
|-heal|p2a: Rotom|100/100|[from] item: Leftovers
|upkeep
|turn|56
|j| Alkione
|
|t:|1650734713
|move|p2a: Rotom|Volt Switch|p1a: Chansey
|-damage|p1a: Chansey|92/100
|
|t:|1650734714
|switch|p2a: Cobalion|Cobalion|97/100|[from]move: Volt Switch
|move|p1a: Chansey|Seismic Toss|p2a: Cobalion
|-damage|p2a: Cobalion|66/100
|
|upkeep
|turn|57
|
|t:|1650734725
|switch|p1a: Salamence|Salamence, F|92/100
|-ability|p1a: Salamence|Intimidate|boost
|-unboost|p2a: Cobalion|atk|1
|move|p2a: Cobalion|Stealth Rock|p1a: Salamence
|-sidestart|p1: KSt3ve|move: Stealth Rock
|
|upkeep
|turn|58
|
|t:|1650734737
|switch|p2a: Rotom|Rotom-Wash|100/100
|move|p1a: Salamence|Defog|p2a: Rotom
|-unboost|p2a: Rotom|evasion|1
|-sideend|p1: KSt3ve|Stealth Rock|[from] move: Defog|[of] p1a: Salamence
|
|upkeep
|turn|59
|
|t:|1650734749
|switch|p1a: Quagsire|Quagsire, M|94/100 brn
|move|p2a: Rotom|Volt Switch|p1a: Quagsire
|-immune|p1a: Quagsire
|
|-damage|p1a: Quagsire|88/100 brn|[from] brn
|upkeep
|turn|60
|n| SAMOAN DROP|rubyblood
|
|t:|1650734758
|move|p2a: Rotom|Volt Switch|p1a: Quagsire
|-immune|p1a: Quagsire
|move|p1a: Quagsire|Scald|p2a: Rotom
|-resisted|p2a: Rotom
|-damage|p2a: Rotom|92/100
|
|-heal|p2a: Rotom|98/100|[from] item: Leftovers
|-damage|p1a: Quagsire|82/100 brn|[from] brn
|upkeep
|turn|61
|
|t:|1650734770
|move|p2a: Rotom|Hydro Pump|p1a: Quagsire
|-damage|p1a: Quagsire|48/100 brn
|move|p1a: Quagsire|Toxic|p2a: Rotom
|-status|p2a: Rotom|tox
|
|-heal|p2a: Rotom|100/100 tox|[from] item: Leftovers
|-damage|p2a: Rotom|95/100 tox|[from] psn
|-damage|p1a: Quagsire|42/100 brn|[from] brn
|upkeep
|turn|62
|
|t:|1650734780
|switch|p2a: Scizor|Scizor, F|100/100
|move|p1a: Quagsire|Recover|p1a: Quagsire
|-heal|p1a: Quagsire|92/100 brn
|
|-damage|p1a: Quagsire|86/100 brn|[from] brn
|upkeep
|turn|63
|l| Jteconaispas
|
|t:|1650734785
|switch|p1a: Skarmory|Skarmory, M|88/100
|move|p2a: Scizor|U-turn|p1a: Skarmory
|-resisted|p1a: Skarmory
|-damage|p1a: Skarmory|83/100
|l| Jeza.p
|
|t:|1650734791
|switch|p2a: Rotom|Rotom-Wash|95/100 tox|[from]move: U-turn
|
|-heal|p2a: Rotom|100/100 tox|[from] item: Leftovers
|-damage|p2a: Rotom|95/100 tox|[from] psn
|upkeep
|turn|64
|
|t:|1650734798
|switch|p2a: chanel|Primarina, F|88/100
|switch|p1a: Chansey|Chansey, F|92/100
|
|-heal|p2a: chanel|94/100|[from] item: Leftovers
|upkeep
|turn|65
|
|t:|1650734805
|switch|p2a: Scizor|Scizor, F|100/100
|move|p1a: Chansey|Heal Bell|p1a: Chansey
|-activate|p1a: Chansey|move: Heal Bell
|-curestatus|p1: Amoonguss|brn|[msg]
|-curestatus|p1: Quagsire|brn|[msg]
|
|upkeep
|turn|66
|
|t:|1650734820
|switch|p1a: Skarmory|Skarmory, M|83/100
|move|p2a: Scizor|Knock Off|p1a: Skarmory
|-damage|p1a: Skarmory|71/100
|
|upkeep
|turn|67
|
|t:|1650734825
|move|p1a: Skarmory|Roost|p1a: Skarmory
|-heal|p1a: Skarmory|100/100
|-singleturn|p1a: Skarmory|move: Roost
|move|p2a: Scizor|U-turn|p1a: Skarmory
|-resisted|p1a: Skarmory
|-damage|p1a: Skarmory|91/100
|
|t:|1650734828
|switch|p2a: Rotom|Rotom-Wash|95/100 tox|[from]move: U-turn
|
|-heal|p2a: Rotom|100/100 tox|[from] item: Leftovers
|-damage|p2a: Rotom|95/100 tox|[from] psn
|upkeep
|turn|68
|c|☆KSt3ve|oh je suis rapide
|c|☆KSt3ve|c'est fou
|j| Greycat01
|l| SAMOAN DROP
|
|t:|1650734849
|switch|p2a: Cobalion|Cobalion|66/100
|switch|p1a: Chansey|Chansey, F|92/100
|
|upkeep
|turn|69
|c| Alkione|🏇🏇🏇
|inactive|Corazan has 270 seconds left.
|l| CarbonLifeform456
|c| AzZoCcX|🏇
|c| Alkione|Pouah AzZoCcX toi aussi tu 🏇?
|inactive|Corazan has 240 seconds left.
|
|t:|1650734913
|switch|p1a: Salamence|Salamence, F|92/100
|-ability|p1a: Salamence|Intimidate|boost
|-unboost|p2a: Cobalion|atk|1
|move|p2a: Cobalion|Swords Dance|p2a: Cobalion
|-boost|p2a: Cobalion|atk|2
|
|upkeep
|turn|70
|inactive|Corazan has 240 seconds left.
|
|t:|1650734932
|move|p2a: Cobalion|Stealth Rock|p1a: Salamence
|-sidestart|p1: KSt3ve|move: Stealth Rock
|move|p1a: Salamence|Flamethrower|p2a: Cobalion
|-supereffective|p2a: Cobalion
|-damage|p2a: Cobalion|12/100
|
|upkeep
|turn|71
|c| AzZoCcX|Alkione oui et toi tu 🏇 ?
|
|t:|1650734939
|move|p2a: Cobalion|Stone Edge|p1a: Salamence
|-supereffective|p1a: Salamence
|-damage|p1a: Salamence|31/100
|move|p1a: Salamence|Flamethrower|p2a: Cobalion
|-supereffective|p2a: Cobalion
|-damage|p2a: Cobalion|0 fnt
|faint|p2a: Cobalion
|
|upkeep
|j| Koruzcal
|c| Alkione|Je kiff 🏇
|
|t:|1650734950
|switch|p2a: many|Krookodile, M|94/100
|-ability|p2a: many|Intimidate|boost
|-unboost|p1a: Salamence|atk|1
|turn|72
|l| vhkv
|inactive|KSt3ve has 270 seconds left.
|n| DonSalvatore|metagrossistheboss
|l| Celestin34
|l| DonSalvatore
|
|t:|1650735008
|switch|p2a: Rotom|Rotom-Wash|95/100 tox
|switch|p1a: Skarmory|Skarmory, M|91/100
|-damage|p1a: Skarmory|78/100|[from] Stealth Rock
|
|-heal|p2a: Rotom|100/100 tox|[from] item: Leftovers
|-damage|p2a: Rotom|95/100 tox|[from] psn
|upkeep
|turn|73
|
|t:|1650735015
|switch|p2a: chanel|Primarina, F|94/100
|switch|p1a: Quagsire|Quagsire, M|86/100
|
|-heal|p2a: chanel|99/100|[from] item: Leftovers
|upkeep
|turn|74
|l| Kridane
|
|t:|1650735022
|switch|p2a: Scizor|Scizor, F|100/100
|switch|p1a: Amoonguss|Amoonguss, F|100/100
|-damage|p1a: Amoonguss|88/100|[from] Stealth Rock
|
|upkeep
|turn|75
|inactive|Corazan has 270 seconds left.
|
|t:|1650735042
|move|p2a: Scizor|Knock Off|p1a: Amoonguss
|-damage|p1a: Amoonguss|66/100
|-enditem|p1a: Amoonguss|Assault Vest|[from] move: Knock Off|[of] p2a: Scizor
|move|p1a: Amoonguss|Foul Play|p2a: Scizor
|-damage|p2a: Scizor|75/100
|
|upkeep
|turn|76
|
|t:|1650735048
|switch|p1a: Skarmory|Skarmory, M|78/100
|-damage|p1a: Skarmory|66/100|[from] Stealth Rock
|move|p2a: Scizor|Knock Off|p1a: Skarmory
|-crit|p1a: Skarmory
|-damage|p1a: Skarmory|46/100
|
|upkeep
|turn|77
|
|t:|1650735050
|move|p1a: Skarmory|Roost|p1a: Skarmory
|-heal|p1a: Skarmory|96/100
|-singleturn|p1a: Skarmory|move: Roost
|move|p2a: Scizor|U-turn|p1a: Skarmory
|-resisted|p1a: Skarmory
|-damage|p1a: Skarmory|87/100
|
|t:|1650735052
|switch|p2a: Rotom|Rotom-Wash|95/100 tox|[from]move: U-turn
|
|-heal|p2a: Rotom|100/100 tox|[from] item: Leftovers
|-damage|p2a: Rotom|95/100 tox|[from] psn
|upkeep
|turn|78
|inactive|KSt3ve has 270 seconds left.
|
|t:|1650735071
|switch|p2a: Scizor|Scizor, F|75/100
|switch|p1a: Quagsire|Quagsire, M|86/100
|
|upkeep
|turn|79
|inactive|KSt3ve has 270 seconds left.
|
|t:|1650735077
|move|p2a: Scizor|U-turn|p1a: Quagsire
|-damage|p1a: Quagsire|55/100
|
|t:|1650735081
|switch|p2a: Amoonguss|Amoonguss, M|100/100|[from]move: U-turn
|move|p1a: Quagsire|Scald|p2a: Amoonguss
|-resisted|p2a: Amoonguss
|-damage|p2a: Amoonguss|93/100
|
|upkeep
|turn|80
|
|t:|1650735092
|move|p1a: Quagsire|Recover|p1a: Quagsire
|-heal|p1a: Quagsire|100/100
|move|p2a: Amoonguss|Spore|p1a: Quagsire
|-status|p1a: Quagsire|slp|[from] move: Spore
|
|upkeep
|turn|81
|inactive|KSt3ve has 270 seconds left.
|j| Celestin34
|c| Alkione|Att j'reve pas on a risqué ça là ?
|c|☆KSt3ve|je connais mon tirt
|c| Flex OKLM|oui mdrrr
|c| Dunoks|s'il connait alors :paz:
|inactive|KSt3ve has 240 seconds left.
|l| shadowlight ninja
|
|t:|1650735141
|switch|p1a: Scizor|Scizor, F|100/100
|switch|p2a: chanel|Primarina, F|99/100
|
|-heal|p2a: chanel|100/100|[from] item: Leftovers
|upkeep
|turn|82
|c| PE MarioReL|c'est un taré
|inactive|KSt3ve has 240 seconds left.
|c|☆KSt3ve|il avait qu'à me punir
|c| Alkione|Oh oui punis moi maiiiitre
|
|t:|1650735169
|switch|p1a: Amoonguss|Amoonguss, F|99/100
|-damage|p1a: Amoonguss|87/100|[from] Stealth Rock
|move|p2a: chanel|Substitute|p2a: chanel
|-start|p2a: chanel|Substitute
|-damage|p2a: chanel|75/100
|
|-heal|p2a: chanel|82/100|[from] item: Leftovers
|upkeep
|turn|83
|
|t:|1650735173
|move|p2a: chanel|Scald|p1a: Amoonguss
|-resisted|p1a: Amoonguss
|-damage|p1a: Amoonguss|74/100
|move|p1a: Amoonguss|Sludge Bomb|p2a: chanel
|-supereffective|p2a: chanel
|-end|p2a: chanel|Substitute
|
|-heal|p2a: chanel|88/100|[from] item: Leftovers
|upkeep
|turn|84
|
|t:|1650735181
|switch|p2a: Scizor|Scizor, F|75/100
|move|p1a: Amoonguss|Sludge Bomb|p2a: Scizor
|-immune|p2a: Scizor
|
|upkeep
|turn|85
|
|t:|1650735192
|move|p2a: Scizor|U-turn|p1a: Amoonguss
|-damage|p1a: Amoonguss|49/100
|
|t:|1650735198
|switch|p2a: Amoonguss|Amoonguss, M|100/100|[from]move: U-turn
|move|p1a: Amoonguss|Foul Play|p2a: Amoonguss
|-damage|p2a: Amoonguss|84/100
|-damage|p1a: Amoonguss|32/100|[from] item: Rocky Helmet|[of] p2a: Amoonguss
|
|upkeep
|turn|86
|
|t:|1650735205
|switch|p2a: Rotom|Rotom-Wash|95/100 tox
|switch|p1a: Scizor|Scizor, F|100/100
|
|-heal|p2a: Rotom|100/100 tox|[from] item: Leftovers
|-damage|p2a: Rotom|95/100 tox|[from] psn
|upkeep
|turn|87
|j| Jeza.p
|
|t:|1650735214
|switch|p2a: chanel|Primarina, F|88/100
|switch|p1a: Quagsire|Quagsire, M|100/100 slp
|
|-heal|p2a: chanel|94/100|[from] item: Leftovers
|upkeep
|turn|88
|l| Ryuji-Sensei
|inactive|KSt3ve has 270 seconds left.
|
|t:|1650735225
|switch|p1a: Chansey|Chansey, F|92/100
|-damage|p1a: Chansey|80/100|[from] Stealth Rock
|move|p2a: chanel|Scald|p1a: Chansey
|-damage|p1a: Chansey|69/100
|-status|p1a: Chansey|brn
|
|-heal|p2a: chanel|99/100|[from] item: Leftovers
|-damage|p1a: Chansey|63/100 brn|[from] brn
|upkeep
|turn|89
|
|t:|1650735230
|move|p2a: chanel|Calm Mind|p2a: chanel
|-boost|p2a: chanel|spa|1
|-boost|p2a: chanel|spd|1
|move|p1a: Chansey|Soft-Boiled|p1a: Chansey
|-heal|p1a: Chansey|100/100 brn
|
|-heal|p2a: chanel|100/100|[from] item: Leftovers
|-damage|p1a: Chansey|94/100 brn|[from] brn
|upkeep
|turn|90
|
|t:|1650735236
|move|p2a: chanel|Calm Mind|p2a: chanel
|-boost|p2a: chanel|spa|1
|-boost|p2a: chanel|spd|1
|move|p1a: Chansey|Heal Bell|p1a: Chansey
|-activate|p1a: Chansey|move: Heal Bell
|-curestatus|p1a: Chansey|brn|[msg]
|-curestatus|p1: Quagsire|slp|[msg]
|
|upkeep
|turn|91
|j| Skyrio
|
|t:|1650735247
|switch|p1a: Quagsire|Quagsire, M|100/100
|move|p2a: chanel|Substitute|p2a: chanel
|-start|p2a: chanel|Substitute
|-damage|p2a: chanel|75/100
|
|-heal|p2a: chanel|82/100|[from] item: Leftovers
|upkeep
|turn|92
|
|t:|1650735250
|move|p2a: chanel|Calm Mind|p2a: chanel
|-boost|p2a: chanel|spa|1
|-boost|p2a: chanel|spd|1
|move|p1a: Quagsire|Haze|p1a: Quagsire
|-clearallboost
|
|-heal|p2a: chanel|88/100|[from] item: Leftovers
|upkeep
|turn|93
|c| Sharow 水上|dmg
|c| AzZoCcX|ah
|c| AzZoCcX|🏇
|
|t:|1650735265
|switch|p1a: Amoonguss|Amoonguss, F|65/100
|-damage|p1a: Amoonguss|53/100|[from] Stealth Rock
|move|p2a: chanel|Scald|p1a: Amoonguss
|-resisted|p1a: Amoonguss
|-damage|p1a: Amoonguss|38/100
|
|-heal|p2a: chanel|94/100|[from] item: Leftovers
|upkeep
|turn|94
|
|t:|1650735275
|switch|p1a: Chansey|Chansey, F|94/100
|-damage|p1a: Chansey|82/100|[from] Stealth Rock
|move|p2a: chanel|Scald|p1a: Chansey
|-damage|p1a: Chansey|71/100
|-status|p1a: Chansey|brn
|
|-heal|p2a: chanel|99/100|[from] item: Leftovers
|-damage|p1a: Chansey|65/100 brn|[from] brn
|upkeep
|turn|95
|
|t:|1650735277
|move|p2a: chanel|Calm Mind|p2a: chanel
|-boost|p2a: chanel|spa|1
|-boost|p2a: chanel|spd|1
|move|p1a: Chansey|Soft-Boiled|p1a: Chansey
|-heal|p1a: Chansey|100/100 brn
|
|-heal|p2a: chanel|100/100|[from] item: Leftovers
|-damage|p1a: Chansey|94/100 brn|[from] brn
|upkeep
|turn|96
|
|t:|1650735279
|-curestatus|p1a: Chansey|brn|[from] ability: Natural Cure
|switch|p1a: Quagsire|Quagsire, M|100/100
|move|p2a: chanel|Calm Mind|p2a: chanel
|-boost|p2a: chanel|spa|1
|-boost|p2a: chanel|spd|1
|
|upkeep
|turn|97
|
|t:|1650735281
|move|p2a: chanel|Moonblast|p1a: Quagsire
|-crit|p1a: Quagsire
|-damage|p1a: Quagsire|53/100
|move|p1a: Quagsire|Haze|p1a: Quagsire
|-clearallboost
|
|upkeep
|turn|98
|
|t:|1650735284
|move|p2a: chanel|Scald|p1a: Quagsire
|-damage|p1a: Quagsire|27/100
|move|p1a: Quagsire|Recover|p1a: Quagsire
|-heal|p1a: Quagsire|77/100
|
|upkeep
|turn|99
|
|t:|1650735288
|move|p2a: chanel|Scald|p1a: Quagsire
|-damage|p1a: Quagsire|49/100
|move|p1a: Quagsire|Recover|p1a: Quagsire
|-heal|p1a: Quagsire|99/100
|
|upkeep
|turn|100
|
|t:|1650735294
|switch|p1a: Chansey|Chansey, F|94/100
|-damage|p1a: Chansey|82/100|[from] Stealth Rock
|move|p2a: chanel|Scald|p1a: Chansey
|-damage|p1a: Chansey|71/100
|
|upkeep
|turn|101
|
|t:|1650735297
|move|p2a: chanel|Calm Mind|p2a: chanel
|-boost|p2a: chanel|spa|1
|-boost|p2a: chanel|spd|1
|move|p1a: Chansey|Soft-Boiled|p1a: Chansey
|-heal|p1a: Chansey|100/100
|
|upkeep
|turn|102
|
|t:|1650735300
|switch|p1a: Amoonguss|Amoonguss, F|72/100
|-damage|p1a: Amoonguss|59/100|[from] Stealth Rock
|move|p2a: chanel|Calm Mind|p2a: chanel
|-boost|p2a: chanel|spa|1
|-boost|p2a: chanel|spd|1
|
|upkeep
|turn|103
|
|t:|1650735302
|switch|p1a: Quagsire|Quagsire, M|99/100
|move|p2a: chanel|Calm Mind|p2a: chanel
|-boost|p2a: chanel|spa|1
|-boost|p2a: chanel|spd|1
|
|upkeep
|turn|104
|
|t:|1650735304
|move|p2a: chanel|Scald|p1a: Quagsire
|-damage|p1a: Quagsire|70/100
|move|p1a: Quagsire|Haze|p1a: Quagsire
|-clearallboost
|
|upkeep
|turn|105
|
|t:|1650735309
|move|p2a: chanel|Scald|p1a: Quagsire
|-damage|p1a: Quagsire|44/100
|-status|p1a: Quagsire|brn
|move|p1a: Quagsire|Recover|p1a: Quagsire
|-heal|p1a: Quagsire|94/100 brn
|
|-damage|p1a: Quagsire|88/100 brn|[from] brn
|upkeep
|turn|106
|
|t:|1650735315
|switch|p1a: Chansey|Chansey, F|100/100
|-damage|p1a: Chansey|88/100|[from] Stealth Rock
|move|p2a: chanel|Calm Mind|p2a: chanel
|-boost|p2a: chanel|spa|1
|-boost|p2a: chanel|spd|1
|
|upkeep
|turn|107
|
|t:|1650735326
|move|p2a: chanel|Calm Mind|p2a: chanel
|-boost|p2a: chanel|spa|1
|-boost|p2a: chanel|spd|1
|move|p1a: Chansey|Seismic Toss|p2a: chanel
|-end|p2a: chanel|Substitute
|
|upkeep
|turn|108
|
|t:|1650735330
|move|p2a: chanel|Calm Mind|p2a: chanel
|-boost|p2a: chanel|spa|1
|-boost|p2a: chanel|spd|1
|move|p1a: Chansey|Seismic Toss|p2a: chanel
|-damage|p2a: chanel|73/100
|
|-heal|p2a: chanel|79/100|[from] item: Leftovers
|upkeep
|turn|109
|
|t:|1650735360
|move|p2a: chanel|Calm Mind|p2a: chanel
|-boost|p2a: chanel|spa|1
|-boost|p2a: chanel|spd|1
|move|p1a: Chansey|Heal Bell|p1a: Chansey
|-activate|p1a: Chansey|move: Heal Bell
|-curestatus|p1: Quagsire|brn|[msg]
|
|-heal|p2a: chanel|85/100|[from] item: Leftovers
|upkeep
|turn|110
|
|t:|1650735371
|switch|p1a: Quagsire|Quagsire, M|88/100
|move|p2a: chanel|Moonblast|p1a: Quagsire
|-damage|p1a: Quagsire|54/100
|
|-heal|p2a: chanel|91/100|[from] item: Leftovers
|upkeep
|turn|111
|
|t:|1650735374
|move|p2a: chanel|Substitute|p2a: chanel
|-start|p2a: chanel|Substitute
|-damage|p2a: chanel|66/100
|move|p1a: Quagsire|Recover|p1a: Quagsire
|-heal|p1a: Quagsire|100/100
|
|-heal|p2a: chanel|72/100|[from] item: Leftovers
|upkeep
|turn|112
|
|t:|1650735378
|move|p2a: chanel|Scald|p1a: Quagsire
|-damage|p1a: Quagsire|74/100
|move|p1a: Quagsire|Haze|p1a: Quagsire
|-clearallboost
|
|-heal|p2a: chanel|78/100|[from] item: Leftovers
|upkeep
|turn|113
|l| Skyrio
|
|t:|1650735406
|move|p2a: chanel|Calm Mind|p2a: chanel
|-boost|p2a: chanel|spa|1
|-boost|p2a: chanel|spd|1
|move|p1a: Quagsire|Scald|p2a: chanel
|-resisted|p2a: chanel
|-activate|p2a: chanel|move: Substitute|[damage]
|
|-heal|p2a: chanel|84/100|[from] item: Leftovers
|upkeep
|turn|114
|
|t:|1650735410
|move|p2a: chanel|Scald|p1a: Quagsire
|-damage|p1a: Quagsire|45/100
|-status|p1a: Quagsire|brn
|move|p1a: Quagsire|Haze|p1a: Quagsire
|-clearallboost
|
|-heal|p2a: chanel|90/100|[from] item: Leftovers
|-damage|p1a: Quagsire|39/100 brn|[from] brn
|upkeep
|turn|115
|
|t:|1650735413
|move|p2a: chanel|Moonblast|p1a: Quagsire
|-damage|p1a: Quagsire|9/100 brn
|move|p1a: Quagsire|Recover|p1a: Quagsire
|-heal|p1a: Quagsire|59/100 brn
|
|-heal|p2a: chanel|96/100|[from] item: Leftovers
|-damage|p1a: Quagsire|53/100 brn|[from] brn
|upkeep
|turn|116
|l| Jeza.p
|
|t:|1650735417
|move|p2a: chanel|Calm Mind|p2a: chanel
|-boost|p2a: chanel|spa|1
|-boost|p2a: chanel|spd|1
|move|p1a: Quagsire|Recover|p1a: Quagsire
|-heal|p1a: Quagsire|100/100 brn
|
|-heal|p2a: chanel|100/100|[from] item: Leftovers
|-damage|p1a: Quagsire|94/100 brn|[from] brn
|upkeep
|turn|117
|l| Sirwings
|j| Jeza.p
|inactive|KSt3ve has 270 seconds left.
|
|t:|1650735457
|switch|p1a: Chansey|Chansey, F|88/100
|-damage|p1a: Chansey|76/100|[from] Stealth Rock
|move|p2a: chanel|Moonblast|p1a: Chansey
|-damage|p1a: Chansey|56/100
|-unboost|p1a: Chansey|spa|1
|
|upkeep
|turn|118
|
|t:|1650735461
|move|p2a: chanel|Calm Mind|p2a: chanel
|-boost|p2a: chanel|spa|1
|-boost|p2a: chanel|spd|1
|move|p1a: Chansey|Soft-Boiled|p1a: Chansey
|-heal|p1a: Chansey|100/100
|
|upkeep
|turn|119
|
|t:|1650735464
|move|p2a: chanel|Calm Mind|p2a: chanel
|-boost|p2a: chanel|spa|1
|-boost|p2a: chanel|spd|1
|move|p1a: Chansey|Seismic Toss|p2a: chanel
|-end|p2a: chanel|Substitute
|
|upkeep
|turn|120
|
|t:|1650735467
|move|p2a: chanel|Calm Mind|p2a: chanel
|-boost|p2a: chanel|spa|1
|-boost|p2a: chanel|spd|1
|move|p1a: Chansey|Seismic Toss|p2a: chanel
|-damage|p2a: chanel|73/100
|
|-heal|p2a: chanel|79/100|[from] item: Leftovers
|upkeep
|turn|121
|
|t:|1650735477
|move|p2a: chanel|Moonblast|p1a: Chansey
|-damage|p1a: Chansey|67/100
|move|p1a: Chansey|Seismic Toss|p2a: chanel
|-damage|p2a: chanel|52/100
|
|-heal|p2a: chanel|58/100|[from] item: Leftovers
|upkeep
|turn|122
|
|t:|1650735502
|move|p2a: chanel|Scald|p1a: Chansey
|-damage|p1a: Chansey|34/100
|move|p1a: Chansey|Soft-Boiled|p1a: Chansey
|-heal|p1a: Chansey|84/100
|
|-heal|p2a: chanel|64/100|[from] item: Leftovers
|upkeep
|turn|123
|
|t:|1650735506
|move|p2a: chanel|Scald|p1a: Chansey
|-damage|p1a: Chansey|51/100
|move|p1a: Chansey|Seismic Toss|p2a: chanel
|-damage|p2a: chanel|36/100
|
|-heal|p2a: chanel|42/100|[from] item: Leftovers
|upkeep
|turn|124
|l| Koruzcal
|
|t:|1650735512
|move|p2a: chanel|Calm Mind|p2a: chanel
|-boost|p2a: chanel|spa|1
|-boost|p2a: chanel|spd|1
|move|p1a: Chansey|Soft-Boiled|p1a: Chansey
|-heal|p1a: Chansey|100/100
|
|-heal|p2a: chanel|48/100|[from] item: Leftovers
|upkeep
|turn|125
|
|t:|1650735524
|move|p2a: chanel|Moonblast|p1a: Chansey
|-damage|p1a: Chansey|60/100
|move|p1a: Chansey|Seismic Toss|p2a: chanel
|-damage|p2a: chanel|21/100
|
|-heal|p2a: chanel|27/100|[from] item: Leftovers
|upkeep
|turn|126
|
|t:|1650735526
|move|p2a: chanel|Scald|p1a: Chansey
|-damage|p1a: Chansey|8/100
|move|p1a: Chansey|Seismic Toss|p2a: chanel
|-damage|p2a: chanel|0 fnt
|faint|p2a: chanel
|
|upkeep
|c| Alkione|Menace évitée
|
|t:|1650735541
|switch|p2a: Rotom|Rotom-Wash|95/100 tox
|turn|127
|c| Jeza.p|St3ve tes plays sont nuls 🙄
|c| PE MarioReL|tg jeza on t'a rien demandz
|c| PE MarioReL|demandé
|inactive|KSt3ve has 270 seconds left.
|c| Jeza.p|Qui es tu?
|l| Celestin34
|inactive|KSt3ve has 240 seconds left.
|c|☆KSt3ve|ouais jeza
|c|☆KSt3ve|tu es
|c|☆KSt3ve|nul
|c| Alkione|Il est vrai qu'il est plus simple de proposer de bons plays à trois contre un....
|
|t:|1650735614
|switch|p1a: Amoonguss|Amoonguss, F|92/100
|-damage|p1a: Amoonguss|80/100|[from] Stealth Rock
|move|p2a: Rotom|Hydro Pump|p1a: Amoonguss
|-resisted|p1a: Amoonguss
|-damage|p1a: Amoonguss|64/100
|
|-heal|p2a: Rotom|100/100 tox|[from] item: Leftovers
|-damage|p2a: Rotom|95/100 tox|[from] psn
|upkeep
|turn|128
|
|t:|1650735621
|switch|p2a: Scizor|Scizor, F|75/100
|move|p1a: Amoonguss|Foul Play|p2a: Scizor
|-damage|p2a: Scizor|50/100
|
|upkeep
|turn|129
|
|t:|1650735625
|switch|p1a: Salamence|Salamence, F|31/100
|-ability|p1a: Salamence|Intimidate|boost
|-unboost|p2a: Scizor|atk|1
|move|p2a: Scizor|U-turn|p1a: Salamence
|-resisted|p1a: Salamence
|-damage|p1a: Salamence|23/100
|c| la petite gaterie|pour linstant on peux dire que corazan perd ou pas
|j| Koruzcal
|
|t:|1650735632
|switch|p2a: many|Krookodile, M|94/100|[from]move: U-turn
|-ability|p2a: many|Intimidate|boost
|-unboost|p1a: Salamence|atk|1
|
|upkeep
|turn|130
|c| la petite gaterie|?
|l| Koruzcal
|
|t:|1650735638
|switch|p2a: Rotom|Rotom-Wash|95/100 tox
|switch|p1a: Amoonguss|Amoonguss, F|97/100
|-damage|p1a: Amoonguss|85/100|[from] Stealth Rock
|
|-heal|p2a: Rotom|100/100 tox|[from] item: Leftovers
|-damage|p2a: Rotom|95/100 tox|[from] psn
|upkeep
|turn|131
|
|t:|1650735644
|move|p2a: Rotom|Volt Switch|p1a: Amoonguss
|-resisted|p1a: Amoonguss
|-damage|p1a: Amoonguss|73/100
|
|t:|1650735645
|switch|p2a: Scizor|Scizor, F|50/100|[from]move: Volt Switch
|move|p1a: Amoonguss|Foul Play|p2a: Scizor
|-damage|p2a: Scizor|24/100
|
|upkeep
|turn|132
|inactive|KSt3ve has 270 seconds left.
|
|t:|1650735654
|move|p2a: Scizor|Knock Off|p1a: Amoonguss
|-damage|p1a: Amoonguss|57/100
|move|p1a: Amoonguss|Foul Play|p2a: Scizor
|-damage|p2a: Scizor|0 fnt
|faint|p2a: Scizor
|
|upkeep
|c|☆KSt3ve|gg
|c| Sharow 水上|VAMOS
|c| Alkione|Early gg but gg
|c|☆Corazan|gg
|-message|Corazan forfeited.
|
|win|KSt3ve
|l| Hervalt
|l| Dunoks
|l| PokemonCestDur
|l| Alkione
|l| UFG DX
|l| la petite gaterie
|c| PE MarioReL|🐐🐐🐐🐐🐐
|c|☆Corazan|mon guss ne touchait pas quag btw
|l|+Tuthur
|l| Jeza.p
|c|☆KSt3ve|ouais logique
|l| Quartos
|l| AzZoCcX
|l| Pyramid King Pat
|l| Dieu Amphibien
|l| MS3D
|l| Cousiin
|j| Ryuji-Sensei
|l| Astreau
|l| Ryuji-Sensei
|l| Flex OKLM
|j| Celestin34
|l| PE MarioReL
|j| opela
|l| Whats in ur head
|j| Grimji
|l| Aclios
|l| Grimji
