|raw|<div class="broadcast-blue"><strong>This battle is required to be public due to a player having a name starting with 'uult91w'.</div>
|j|☆dragapultlvl
|j|☆uult91w mush
|t:|1652003255
|gametype|singles
|player|p1|dragapultlvl|2|1448
|player|p2|uult91w mush|adaman|1646
|teamsize|p1|6
|teamsize|p2|6
|gen|8
|tier|[Gen 8] UU
|rated|
|rule|Sleep Clause Mod: Limit one foe put to sleep
|rule|Species Clause: Limit one of each Pokémon
|rule|OHKO Clause: OHKO moves are banned
|rule|Evasion Moves Clause: Evasion moves are banned
|rule|Endless Battle Clause: Forcing endless battles is banned
|rule|HP Percentage Mod: HP is shown in percentages
|rule|Dynamax Clause: You cannot dynamax
|clearpoke
|poke|p1|Vikavolt, M|
|poke|p1|Gyarados, M|
|poke|p1|Entei|
|poke|p1|Azelf|
|poke|p1|Celesteela|
|poke|p1|Cobalion|
|poke|p2|Hippowdon, F|
|poke|p2|Skarmory, F|
|poke|p2|Zarude-Dada|
|poke|p2|Slowking, M|
|poke|p2|Thundurus-Therian, M|
|poke|p2|Noivern, F|
|teampreview
|c|☆uult91w mush|hf
|inactive|Battle timer is ON: inactive players will automatically lose when time's up. (requested by uult91w mush)
|
|t:|1652003289
|start
|switch|p1a: Vikavolt|Vikavolt, M|100/100
|switch|p2a: Noivern|Noivern, F|100/100
|turn|1
|
|t:|1652003292
|move|p2a: Noivern|U-turn|p1a: Vikavolt
|-damage|p1a: Vikavolt|86/100
|
|t:|1652003295
|switch|p2a: Hippowdon|Hippowdon, F|100/100|[from]move: U-turn
|-weather|Sandstorm|[from] ability: Sand Stream|[of] p2a: Hippowdon
|move|p1a: Vikavolt|Sticky Web|p2a: Hippowdon
|-sidestart|p2: uult91w mush|move: Sticky Web
|
|-weather|Sandstorm|[upkeep]
|-damage|p1a: Vikavolt|80/100|[from] Sandstorm
|upkeep
|turn|2
|
|t:|1652003302
|move|p1a: Vikavolt|Energy Ball|p2a: Hippowdon
|-supereffective|p2a: Hippowdon
|-damage|p2a: Hippowdon|47/100
|move|p2a: Hippowdon|Stealth Rock|p1a: Vikavolt
|-sidestart|p1: dragapultlvl|move: Stealth Rock
|
|-weather|Sandstorm|[upkeep]
|-damage|p1a: Vikavolt|74/100|[from] Sandstorm
|upkeep
|turn|3
|j| Michielleus
|
|t:|1652003314
|move|p1a: Vikavolt|Bug Buzz|p2a: Hippowdon
|-damage|p2a: Hippowdon|5/100
|move|p2a: Hippowdon|Toxic|p1a: Vikavolt
|-status|p1a: Vikavolt|tox
|
|-weather|Sandstorm|[upkeep]
|-damage|p1a: Vikavolt|68/100 tox|[from] Sandstorm
|-damage|p1a: Vikavolt|62/100 tox|[from] psn
|upkeep
|turn|4
|
|t:|1652003324
|move|p1a: Vikavolt|Bug Buzz|p2a: Hippowdon
|-damage|p2a: Hippowdon|0 fnt
|faint|p2a: Hippowdon
|
|-weather|Sandstorm|[upkeep]
|-damage|p1a: Vikavolt|55/100 tox|[from] Sandstorm
|-damage|p1a: Vikavolt|43/100 tox|[from] psn
|upkeep
|
|t:|1652003328
|switch|p2a: Noivern|Noivern, F|100/100
|turn|5
|
|t:|1652003333
|move|p2a: Noivern|Flamethrower|p1a: Vikavolt
|-supereffective|p1a: Vikavolt
|-damage|p1a: Vikavolt|0 fnt
|faint|p1a: Vikavolt
|
|-weather|none
|upkeep
|
|t:|1652003343
|switch|p1a: Entei|Entei|100/100
|turn|6
|
|t:|1652003350
|move|p2a: Noivern|U-turn|p1a: Entei
|-resisted|p1a: Entei
|-damage|p1a: Entei|95/100
|
|t:|1652003351
|switch|p2a: Slowking|Slowking, M|100/100|[from]move: U-turn
|-activate|p2a: Slowking|move: Sticky Web
|-unboost|p2a: Slowking|spe|1
|move|p1a: Entei|Stone Edge|p2a: Slowking
|-crit|p2a: Slowking
|-damage|p2a: Slowking|62/100
|
|upkeep
|turn|7
|
|t:|1652003368
|switch|p1a: Azelf|Azelf|100/100
|-damage|p1a: Azelf|88/100|[from] Stealth Rock
|move|p2a: Slowking|Scald|p1a: Azelf
|-damage|p1a: Azelf|49/100
|
|upkeep
|turn|8
|
|t:|1652003375
|switch|p2a: Noivern|Noivern, F|100/100
|move|p1a: Azelf|Energy Ball|p2a: Noivern
|-resisted|p2a: Noivern
|-damage|p2a: Noivern|91/100
|
|upkeep
|turn|9
|
|t:|1652003381
|switch|p1a: Entei|Entei|95/100
|move|p2a: Noivern|Flamethrower|p1a: Entei
|-resisted|p1a: Entei
|-damage|p1a: Entei|81/100
|
|upkeep
|turn|10
|
|t:|1652003383
|switch|p2a: Slowking|Slowking, M|95/100
|-activate|p2a: Slowking|move: Sticky Web
|-unboost|p2a: Slowking|spe|1
|move|p1a: Entei|Extreme Speed|p2a: Slowking
|-damage|p2a: Slowking|75/100
|
|upkeep
|turn|11
|
|t:|1652003400
|move|p1a: Entei|Sacred Fire|p2a: Slowking
|-resisted|p2a: Slowking
|-damage|p2a: Slowking|53/100
|-status|p2a: Slowking|brn
|move|p2a: Slowking|Scald|p1a: Entei
|-supereffective|p1a: Entei
|-crit|p1a: Entei
|-damage|p1a: Entei|0 fnt
|faint|p1a: Entei
|
|-damage|p2a: Slowking|47/100 brn|[from] brn
|upkeep
|inactive|dragapultlvl has 120 seconds left.
|
|t:|1652003421
|switch|p1a: Azelf|Azelf|49/100
|-damage|p1a: Azelf|36/100|[from] Stealth Rock
|turn|12
|
|t:|1652003425
|move|p1a: Azelf|Dazzling Gleam|p2a: Slowking
|-damage|p2a: Slowking|29/100 brn
|move|p2a: Slowking|Teleport|p2a: Slowking
|
|t:|1652003432
|switch|p2a: Noivern|Noivern, F|91/100|[from]move: Teleport
|
|upkeep
|turn|13
|
|t:|1652003435
|move|p2a: Noivern|U-turn|p1a: Azelf
|-supereffective|p1a: Azelf
|-damage|p1a: Azelf|4/100
|
|t:|1652003440
|switch|p2a: Slowking|Slowking, M|62/100 brn|[from]move: U-turn
|-activate|p2a: Slowking|move: Sticky Web
|-unboost|p2a: Slowking|spe|1
|move|p1a: Azelf|Dazzling Gleam|p2a: Slowking
|-damage|p2a: Slowking|42/100 brn
|
|-damage|p2a: Slowking|36/100 brn|[from] brn
|upkeep
|turn|14
|
|t:|1652003446
|move|p1a: Azelf|Energy Ball|p2a: Slowking
|-supereffective|p2a: Slowking
|-damage|p2a: Slowking|0 fnt
|faint|p2a: Slowking
|
|upkeep
|
|t:|1652003448
|switch|p2a: Noivern|Noivern, F|91/100
|turn|15
|
|t:|1652003451
|move|p2a: Noivern|U-turn|p1a: Azelf
|-supereffective|p1a: Azelf
|-damage|p1a: Azelf|0 fnt
|faint|p1a: Azelf
|
|t:|1652003453
|switch|p2a: Thundurus|Thundurus-Therian, M|100/100|[from]move: U-turn
|
|upkeep
|
|t:|1652003455
|switch|p1a: sweepy sheepy|Cobalion|100/100
|-damage|p1a: sweepy sheepy|97/100|[from] Stealth Rock
|turn|16
|
|t:|1652003460
|switch|p2a: Skarmory|Skarmory, F|100/100
|move|p1a: sweepy sheepy|Stone Edge|p2a: Skarmory
|-damage|p2a: Skarmory|83/100
|
|upkeep
|turn|17
|
|t:|1652003466
|move|p1a: sweepy sheepy|Swords Dance|p1a: sweepy sheepy
|-boost|p1a: sweepy sheepy|atk|2
|move|p2a: Skarmory|Body Press|p1a: sweepy sheepy
|-supereffective|p1a: sweepy sheepy
|-damage|p1a: sweepy sheepy|48/100
|
|upkeep
|turn|18
|
|t:|1652003469
|move|p1a: sweepy sheepy|Close Combat|p2a: Skarmory
|-damage|p2a: Skarmory|25/100
|-unboost|p1a: sweepy sheepy|def|1
|-unboost|p1a: sweepy sheepy|spd|1
|-damage|p1a: sweepy sheepy|32/100|[from] item: Rocky Helmet|[of] p2a: Skarmory
|move|p2a: Skarmory|Roost|p2a: Skarmory
|-heal|p2a: Skarmory|75/100
|-singleturn|p2a: Skarmory|move: Roost
|
|upkeep
|turn|19
|
|t:|1652003491
|move|p1a: sweepy sheepy|Stone Edge|p2a: Skarmory
|-damage|p2a: Skarmory|42/100
|move|p2a: Skarmory|Spikes|p1a: sweepy sheepy
|-sidestart|p1: dragapultlvl|Spikes
|
|upkeep
|turn|20
|
|t:|1652003499
|move|p1a: sweepy sheepy|Close Combat|p2a: Skarmory
|-damage|p2a: Skarmory|0 fnt
|-unboost|p1a: sweepy sheepy|def|1
|-unboost|p1a: sweepy sheepy|spd|1
|-damage|p1a: sweepy sheepy|16/100|[from] item: Rocky Helmet|[of] p2a: Skarmory
|faint|p2a: Skarmory
|
|upkeep
|
|t:|1652003507
|switch|p2a: Noivern|Noivern, F|91/100
|turn|21
|
|t:|1652003510
|move|p2a: Noivern|Flamethrower|p1a: sweepy sheepy
|-supereffective|p1a: sweepy sheepy
|-damage|p1a: sweepy sheepy|0 fnt
|faint|p1a: sweepy sheepy
|
|upkeep
|
|t:|1652003513
|switch|p1a: Gyarados|Gyarados, M|100/100
|-damage|p1a: Gyarados|76/100|[from] Stealth Rock
|turn|22
|
|t:|1652003517
|move|p2a: Noivern|U-turn|p1a: Gyarados
|-resisted|p1a: Gyarados
|-damage|p1a: Gyarados|69/100
|
|t:|1652003519
|switch|p2a: Zarude|Zarude-Dada|100/100|[from]move: U-turn
|move|p1a: Gyarados|Dragon Dance|p1a: Gyarados
|-boost|p1a: Gyarados|atk|1
|-boost|p1a: Gyarados|spe|1
|
|upkeep
|turn|23
|
|t:|1652003531
|move|p1a: Gyarados|Ice Fang|p2a: Zarude
|-supereffective|p2a: Zarude
|-crit|p2a: Zarude
|-damage|p2a: Zarude|1/100
|move|p2a: Zarude|Power Whip|p1a: Gyarados
|-damage|p1a: Gyarados|0 fnt
|faint|p1a: Gyarados
|
|upkeep
|
|t:|1652003537
|switch|p1a: Celesteela|Celesteela|100/100
|-damage|p1a: Celesteela|88/100|[from] Stealth Rock
|turn|24
|
|t:|1652003540
|move|p2a: Zarude|U-turn|p1a: Celesteela
|-resisted|p1a: Celesteela
|-damage|p1a: Celesteela|83/100
|
|t:|1652003542
|switch|p2a: Thundurus|Thundurus-Therian, M|100/100|[from]move: U-turn
|move|p1a: Celesteela|Autotomize|p1a: Celesteela
|-boost|p1a: Celesteela|spe|2
|-start|p1a: Celesteela|Autotomize
|
|upkeep
|turn|25
|j| minecraftboy36
|
|t:|1652003548
|switch|p2a: Zarude|Zarude-Dada|1/100
|move|p1a: Celesteela|Meteor Beam||[still]
|-prepare|p1a: Celesteela|Meteor Beam
|-boost|p1a: Celesteela|spa|1
|-enditem|p1a: Celesteela|Power Herb
|-anim|p1a: Celesteela|Meteor Beam|p2a: Zarude
|-damage|p2a: Zarude|0 fnt
|faint|p2a: Zarude
|-ability|p1a: Celesteela|Beast Boost|boost
|-boost|p1a: Celesteela|spa|1
|
|upkeep
|
|t:|1652003549
|switch|p2a: Thundurus|Thundurus-Therian, M|100/100
|turn|26
|
|t:|1652003561
|move|p1a: Celesteela|Fire Blast|p2a: Thundurus
|-damage|p2a: Thundurus|0 fnt
|faint|p2a: Thundurus
|-ability|p1a: Celesteela|Beast Boost|boost
|-boost|p1a: Celesteela|spa|1
|
|upkeep
|
|t:|1652003564
|switch|p2a: Noivern|Noivern, F|91/100
|turn|27
|
|t:|1652003567
|move|p1a: Celesteela|Air Slash|p2a: Noivern
|-damage|p2a: Noivern|0 fnt
|faint|p2a: Noivern
|
|win|dragapultlvl
|raw|dragapultlvl's rating: 1448 &rarr; <strong>1478</strong><br />(+30 for winning)
|raw|uult91w mush's rating: 1646 &rarr; <strong>1616</strong><br />(-30 for losing)
|c|☆uult91w mush|gg
|l|☆uult91w mush
