|j|☆kwasar
|j|☆Lygophobia
|player|p1|kwasar|219|1325
|player|p2|Lygophobia|picnicker|1293
|teamsize|p1|6
|teamsize|p2|6
|gametype|singles
|gen|8
|tier|[Gen 8] UU
|rated|
|rule|Sleep Clause Mod: Limit one foe put to sleep
|rule|Species Clause: Limit one of each Pokémon
|rule|OHKO Clause: OHKO moves are banned
|rule|Evasion Moves Clause: Evasion moves are banned
|rule|Endless Battle Clause: Forcing endless battles is banned
|rule|HP Percentage Mod: HP is shown in percentages
|clearpoke
|poke|p1|Haxorus, F|
|poke|p1|Gigalith, M|
|poke|p1|Araquanid, M|
|poke|p1|Mamoswine, F|
|poke|p1|Duraludon, M|
|poke|p1|Gengar, F|
|poke|p2|Morpeko, M|
|poke|p2|Charizard, F|
|poke|p2|Frosmoth, M|
|poke|p2|Durant, M|
|poke|p2|Vaporeon, F|
|poke|p2|Greedent, M|
|teampreview
|
|start
|switch|p1a: Araquanid|Araquanid, M, shiny|100/100
|switch|p2a: Durant|Durant, M|100/100
|turn|1
|
|move|p2a: Durant|First Impression|p1a: Araquanid
|-damage|p1a: Araquanid|21/100
|-damage|p2a: Durant|91/100|[from] item: Life Orb
|move|p1a: Araquanid|Sticky Web|p2a: Durant
|-sidestart|p2: Lygophobia|move: Sticky Web
|
|upkeep
|turn|2
|
|move|p2a: Durant|X-Scissor|p1a: Araquanid
|-damage|p1a: Araquanid|0 fnt
|-damage|p2a: Durant|81/100|[from] item: Life Orb
|faint|p1a: Araquanid
|
|upkeep
|
|switch|p1a: Duraludon|Duraludon, M, shiny|100/100
|turn|3
|
|move|p2a: Durant|Superpower|p1a: Duraludon|[miss]
|-miss|p2a: Durant|p1a: Duraludon
|move|p1a: Duraludon|Thunderbolt|p2a: Durant
|-damage|p2a: Durant|0 fnt
|faint|p2a: Durant
|
|upkeep
|
|switch|p2a: Morpeko|Morpeko, M|100/100
|-activate|p2a: Morpeko|move: Sticky Web
|-unboost|p2a: Morpeko|spe|1
|turn|4
|
|-start|p1a: Duraludon|Dynamax
|-heal|p1a: Duraludon|100/100|[silent]
|move|p1a: Duraludon|Max Wyrmwind|p2a: Morpeko
|-damage|p2a: Morpeko|0 fnt
|faint|p2a: Morpeko
|
|upkeep
|
|switch|p2a: Vaporeon|Vaporeon, F|100/100
|-activate|p2a: Vaporeon|move: Sticky Web
|-unboost|p2a: Vaporeon|spe|1
|turn|5
|
|move|p1a: Duraludon|Max Lightning|p2a: Vaporeon
|-supereffective|p2a: Vaporeon
|-damage|p2a: Vaporeon|49/100
|-fieldstart|move: Electric Terrain
|move|p2a: Vaporeon|Wish|p2a: Vaporeon
|
|-heal|p2a: Vaporeon|55/100|[from] item: Leftovers
|upkeep
|turn|6
|
|move|p2a: Vaporeon|Protect|p2a: Vaporeon
|-singleturn|p2a: Vaporeon|Protect
|move|p1a: Duraludon|Max Lightning|p2a: Vaporeon
|-supereffective|p2a: Vaporeon
|-zbroken|p2a: Vaporeon
|-damage|p2a: Vaporeon|37/100
|
|-heal|p2a: Vaporeon|87/100|[from] move: Wish|[wisher] Vaporeon
|-heal|p2a: Vaporeon|94/100|[from] item: Leftovers
|-end|p1a: Duraludon|Dynamax
|-heal|p1a: Duraludon|100/100|[silent]
|upkeep
|turn|7
|
|move|p1a: Duraludon|Thunderbolt|p2a: Vaporeon
|-supereffective|p2a: Vaporeon
|-damage|p2a: Vaporeon|14/100
|move|p2a: Vaporeon|Wish|p2a: Vaporeon
|
|-heal|p2a: Vaporeon|21/100|[from] item: Leftovers
|upkeep
|turn|8
|
|move|p2a: Vaporeon|Protect|p2a: Vaporeon
|-singleturn|p2a: Vaporeon|Protect
|move|p1a: Duraludon|Thunderbolt|p2a: Vaporeon
|-activate|p2a: Vaporeon|move: Protect
|
|-heal|p2a: Vaporeon|71/100|[from] move: Wish|[wisher] Vaporeon
|-heal|p2a: Vaporeon|77/100|[from] item: Leftovers
|upkeep
|turn|9
|
|switch|p2a: Frosmoth|Frosmoth, M|100/100
|move|p1a: Duraludon|Thunderbolt|p2a: Frosmoth
|-damage|p2a: Frosmoth|54/100
|
|-fieldend|move: Electric Terrain
|upkeep
|turn|10
|
|switch|p1a: Gigalith|Gigalith, M, shiny|100/100
|-weather|Sandstorm|[from] ability: Sand Stream|[of] p1a: Gigalith
|move|p2a: Frosmoth|Quiver Dance|p2a: Frosmoth
|-boost|p2a: Frosmoth|spa|1
|-boost|p2a: Frosmoth|spd|1
|-boost|p2a: Frosmoth|spe|1
|
|-weather|Sandstorm|[upkeep]
|-damage|p2a: Frosmoth|47/100|[from] Sandstorm
|upkeep
|turn|11
|
|move|p2a: Frosmoth|Ice Beam|p1a: Gigalith
|-damage|p1a: Gigalith|66/100
|move|p1a: Gigalith|Heavy Slam|p2a: Frosmoth
|-supereffective|p2a: Frosmoth
|-damage|p2a: Frosmoth|0 fnt
|faint|p2a: Frosmoth
|
|-weather|Sandstorm|[upkeep]
|upkeep
|
|switch|p2a: Greedent|Greedent, M|100/100
|-activate|p2a: Greedent|move: Sticky Web
|-unboost|p2a: Greedent|spe|1
|turn|12
|
|move|p1a: Gigalith|Stone Edge|p2a: Greedent
|-damage|p2a: Greedent|66/100
|move|p2a: Greedent|Body Press|p1a: Gigalith
|-supereffective|p1a: Gigalith
|-damage|p1a: Gigalith|25/100
|
|-weather|Sandstorm|[upkeep]
|-damage|p2a: Greedent|60/100|[from] Sandstorm
|upkeep
|turn|13
|
|move|p1a: Gigalith|Explosion|p2a: Greedent
|-damage|p2a: Greedent|2/100
|-enditem|p2a: Greedent|Sitrus Berry|[eat]
|-heal|p2a: Greedent|27/100|[from] item: Sitrus Berry
|-heal|p2a: Greedent|60/100|[from] ability: Cheek Pouch
|faint|p1a: Gigalith
|move|p2a: Greedent|Body Press|p1: Gigalith|[notarget]
|-fail|p2a: Greedent
|
|-weather|Sandstorm|[upkeep]
|-damage|p2a: Greedent|54/100|[from] Sandstorm
|upkeep
|
|switch|p1a: Duraludon|Duraludon, M, shiny|100/100
|turn|14
|
|-start|p2a: Greedent|Dynamax
|-heal|p2a: Greedent|54/100|[silent]
|move|p1a: Duraludon|Draco Meteor|p2a: Greedent
|-damage|p2a: Greedent|10/100
|-unboost|p1a: Duraludon|spa|2
|move|p2a: Greedent|Max Knuckle|p1a: Duraludon
|-supereffective|p1a: Duraludon
|-damage|p1a: Duraludon|60/100
|-boost|p2a: Greedent|atk|1
|
|-weather|none
|upkeep
|turn|15
|
|move|p1a: Duraludon|Draco Meteor|p2a: Greedent
|-damage|p2a: Greedent|0 fnt
|-unboost|p1a: Duraludon|spa|2
|faint|p2a: Greedent
|
|upkeep
|
|switch|p2a: Charizard|Charizard, F|100/100
|turn|16
|
|move|p2a: Charizard|Flamethrower|p1a: Duraludon
|-damage|p1a: Duraludon|0 fnt
|faint|p1a: Duraludon
|
|upkeep
|
|switch|p1a: Haxorus|Haxorus, F, shiny|100/100
|-ability|p1a: Haxorus|Mold Breaker
|turn|17
|
|move|p2a: Charizard|Air Slash|p1a: Haxorus
|-damage|p1a: Haxorus|44/100
|move|p1a: Haxorus|Outrage|p2a: Charizard
|-damage|p2a: Charizard|0 fnt
|faint|p2a: Charizard
|
|upkeep
|
|switch|p2a: Vaporeon|Vaporeon, F|77/100
|-activate|p2a: Vaporeon|move: Sticky Web
|-unboost|p2a: Vaporeon|spe|1
|turn|18
|
|move|p2a: Vaporeon|Protect|p2a: Vaporeon
|-singleturn|p2a: Vaporeon|Protect
|move|p1a: Haxorus|Outrage|p2a: Vaporeon|[from]lockedmove
|-activate|p2a: Vaporeon|move: Protect
|-start|p1a: Haxorus|confusion|[fatigue]
|
|-heal|p2a: Vaporeon|83/100|[from] item: Leftovers
|upkeep
|turn|19
|
|-activate|p1a: Haxorus|confusion
|move|p1a: Haxorus|Outrage|p2a: Vaporeon
|-damage|p2a: Vaporeon|0 fnt
|faint|p2a: Vaporeon
|
|win|kwasar
|l|☆Lygophobia
