|j|☆big baz
|j|☆Chaddy_ricketts
|player|p1|big baz|ltsurge|1489
|player|p2|Chaddy_ricketts|260|1316
|teamsize|p1|6
|teamsize|p2|6
|gametype|singles
|gen|8
|tier|[Gen 8] UU
|rated|
|html|<div class="broadcast-red"><strong>UU is currently suspecting Mamoswine! For information on how to participate check out the <a href="https://www.smogon.com/forums/threads/3661513/">suspect thread</a>.</strong></div>
|clearpoke
|poke|p1|Chandelure, M|
|poke|p1|Sirfetch'd, M|
|poke|p1|Silvally-*|
|poke|p1|Cobalion|
|poke|p1|Umbreon, F|
|poke|p1|Vikavolt, M|
|poke|p2|Milotic, M|
|poke|p2|Noivern, M|
|poke|p2|Arcanine, F|
|poke|p2|Scrafty, M|
|poke|p2|Claydol|
|poke|p2|Dhelmise|
|rule|Sleep Clause Mod: Limit one foe put to sleep
|rule|Species Clause: Limit one of each Pokémon
|rule|OHKO Clause: OHKO moves are banned
|rule|Evasion Moves Clause: Evasion moves are banned
|rule|Endless Battle Clause: Forcing endless battles is banned
|rule|HP Percentage Mod: HP is shown in percentages
|rule|Dynamax Clause: You cannot dynamax
|teampreview
|
|start
|switch|p1a: Vikavolt|Vikavolt, M|100/100
|switch|p2a: Noivern|Noivern, M|100/100
|turn|1
|inactive|Battle timer is ON: inactive players will automatically lose when time's up. (requested by Chaddy_ricketts)
|
|switch|p1a: Umbreon|Umbreon, F|100/100
|move|p2a: Noivern|Flamethrower|p1a: Umbreon
|-damage|p1a: Umbreon|78/100
|
|-heal|p1a: Umbreon|84/100|[from] item: Leftovers
|upkeep
|turn|2
|
|switch|p2a: Scrafty|Scrafty, M, shiny|100/100
|move|p1a: Umbreon|Wish|p1a: Umbreon
|
|-heal|p1a: Umbreon|90/100|[from] item: Leftovers
|upkeep
|turn|3
|
|switch|p1a: Silvally|Silvally-Fairy|100/100
|move|p2a: Scrafty|Knock Off|p1a: Silvally
|-resisted|p1a: Silvally
|-damage|p1a: Silvally|90/100
|
|-heal|p1a: Silvally|100/100|[from] move: Wish|[wisher] Umbreon
|upkeep
|turn|4
|
|switch|p2a: Arcanine|Arcanine, F|100/100
|-ability|p2a: Arcanine|Intimidate|boost
|-unboost|p1a: Silvally|atk|1
|move|p1a: Silvally|Parting Shot|p2a: Arcanine
|-unboost|p2a: Arcanine|atk|1
|-unboost|p2a: Arcanine|spa|1
|
|switch|p1a: Chandelure|Chandelure, M|100/100|[from]move: Parting Shot
|
|upkeep
|turn|5
|
|switch|p2a: Scrafty|Scrafty, M, shiny|100/100
|move|p1a: Chandelure|Trick|p2a: Scrafty
|-activate|p1a: Chandelure|move: Trick|[of] p2a: Scrafty
|-item|p2a: Scrafty|Choice Scarf|[from] move: Trick
|-item|p1a: Chandelure|Leftovers|[from] move: Trick
|
|upkeep
|turn|6
|
|switch|p1a: Silvally|Silvally-Fairy|100/100
|move|p2a: Scrafty|Knock Off|p1a: Silvally
|-resisted|p1a: Silvally
|-damage|p1a: Silvally|91/100
|
|upkeep
|turn|7
|
|switch|p2a: Claydol|Claydol|100/100
|move|p1a: Silvally|Parting Shot|p2a: Claydol
|-unboost|p2a: Claydol|atk|1
|-unboost|p2a: Claydol|spa|1
|
|switch|p1a: Vikavolt|Vikavolt, M|100/100|[from]move: Parting Shot
|
|upkeep
|turn|8
|
|move|p2a: Claydol|Light Screen|p2a: Claydol
|-sidestart|p2: Chaddy_ricketts|move: Light Screen
|move|p1a: Vikavolt|Bug Buzz|p2a: Claydol
|-supereffective|p2a: Claydol
|-damage|p2a: Claydol|61/100
|
|upkeep
|turn|9
|
|move|p2a: Claydol|Stealth Rock|p1a: Vikavolt
|-sidestart|p1: big baz|move: Stealth Rock
|move|p1a: Vikavolt|Bug Buzz|p2a: Claydol
|-supereffective|p2a: Claydol
|-damage|p2a: Claydol|23/100
|
|upkeep
|turn|10
|
|switch|p2a: Noivern|Noivern, M|100/100
|switch|p1a: Umbreon|Umbreon, F|90/100
|-damage|p1a: Umbreon|78/100|[from] Stealth Rock
|
|-heal|p1a: Umbreon|84/100|[from] item: Leftovers
|upkeep
|turn|11
|
|move|p2a: Noivern|Switcheroo|p1a: Umbreon
|-activate|p2a: Noivern|move: Trick|[of] p1a: Umbreon
|-item|p1a: Umbreon|Choice Specs|[from] move: Switcheroo
|-item|p2a: Noivern|Leftovers|[from] move: Switcheroo
|move|p1a: Umbreon|Wish|p1a: Umbreon
|
|upkeep
|turn|12
|
|switch|p2a: Arcanine|Arcanine, F|100/100
|-ability|p2a: Arcanine|Intimidate|boost
|-unboost|p1a: Umbreon|atk|1
|switch|p1a: Silvally|Silvally-Fairy|91/100
|-damage|p1a: Silvally|78/100|[from] Stealth Rock
|
|-heal|p1a: Silvally|100/100|[from] move: Wish|[wisher] Umbreon
|upkeep
|turn|13
|
|move|p1a: Silvally|Defog|p2a: Arcanine
|-unboost|p2a: Arcanine|evasion|1
|-sideend|p2: Chaddy_ricketts|move: Light Screen
|-sideend|p1: big baz|Stealth Rock|[from] move: Defog|[of] p1a: Silvally
|move|p2a: Arcanine|Flare Blitz|p1a: Silvally
|-damage|p1a: Silvally|16/100
|-damage|p2a: Arcanine|71/100|[from] Recoil
|-damage|p2a: Arcanine|61/100|[from] item: Life Orb
|
|upkeep
|turn|14
|
|move|p1a: Silvally|Parting Shot|p2a: Arcanine
|-unboost|p2a: Arcanine|atk|1
|-unboost|p2a: Arcanine|spa|1
|
|switch|p1a: Umbreon|Umbreon, F|84/100|[from]move: Parting Shot
|move|p2a: Arcanine|Wild Charge|p1a: Umbreon
|-damage|p1a: Umbreon|64/100
|-damage|p2a: Arcanine|55/100|[from] Recoil
|-damage|p2a: Arcanine|45/100|[from] item: Life Orb
|
|upkeep
|turn|15
|
|switch|p2a: Claydol|Claydol|23/100
|move|p1a: Umbreon|Foul Play|p2a: Claydol
|-supereffective|p2a: Claydol
|-damage|p2a: Claydol|0 fnt
|faint|p2a: Claydol
|
|upkeep
|
|switch|p2a: Milotic|Milotic, M|100/100
|turn|16
|
|move|p2a: Milotic|Scald|p1a: Umbreon
|-damage|p1a: Umbreon|50/100
|move|p1a: Umbreon|Foul Play|p2a: Milotic
|-damage|p2a: Milotic|84/100
|
|-status|p2a: Milotic|brn|[from] item: Flame Orb
|upkeep
|turn|17
|
|move|p2a: Milotic|Toxic||[still]
|-status|p1a: Umbreon|tox
|-activate|p1a: Umbreon|ability: Synchronize
|-fail|p1a: Umbreon
|move|p1a: Umbreon|Foul Play|p2a: Milotic
|-damage|p2a: Milotic|74/100 brn
|
|-damage|p2a: Milotic|68/100 brn|[from] brn
|-damage|p1a: Umbreon|44/100 tox|[from] psn
|upkeep
|turn|18
|
|switch|p1a: Vikavolt|Vikavolt, M|100/100
|move|p2a: Milotic|Recover|p2a: Milotic
|-heal|p2a: Milotic|100/100 brn
|
|-damage|p2a: Milotic|94/100 brn|[from] brn
|upkeep
|turn|19
|
|switch|p2a: Dhelmise|Dhelmise|100/100
|move|p1a: Vikavolt|Thunderbolt|p2a: Dhelmise
|-resisted|p2a: Dhelmise
|-damage|p2a: Dhelmise|80/100
|
|upkeep
|turn|20
|
|move|p1a: Vikavolt|Bug Buzz|p2a: Dhelmise
|-damage|p2a: Dhelmise|37/100
|move|p2a: Dhelmise|Shadow Claw|p1a: Vikavolt
|-damage|p1a: Vikavolt|48/100
|
|upkeep
|turn|21
|
|switch|p2a: Noivern|Noivern, M|100/100
|move|p1a: Vikavolt|Bug Buzz|p2a: Noivern
|-resisted|p2a: Noivern
|-damage|p2a: Noivern|67/100
|
|-heal|p2a: Noivern|73/100|[from] item: Leftovers
|upkeep
|turn|22
|
|switch|p1a: Silvally|Silvally-Fairy|16/100
|move|p2a: Noivern|Flamethrower|p1a: Silvally
|-damage|p1a: Silvally|0 fnt
|faint|p1a: Silvally
|
|-heal|p2a: Noivern|79/100|[from] item: Leftovers
|upkeep
|
|switch|p1a: Chandelure|Chandelure, M|100/100
|turn|23
|
|switch|p2a: Scrafty|Scrafty, M, shiny|100/100
|move|p1a: Chandelure|Shadow Ball|p2a: Scrafty
|-resisted|p2a: Scrafty
|-damage|p2a: Scrafty|86/100
|
|upkeep
|turn|24
|
|switch|p1a: Umbreon|Umbreon, F|44/100 tox
|move|p2a: Scrafty|Drain Punch|p1a: Umbreon
|-supereffective|p1a: Umbreon
|-damage|p1a: Umbreon|9/100 tox
|-heal|p2a: Scrafty|100/100|[from] drain|[of] p1a: Umbreon
|
|-damage|p1a: Umbreon|3/100 tox|[from] psn
|upkeep
|turn|25
|
|switch|p1a: Chandelure|Chandelure, M|100/100
|move|p2a: Scrafty|Drain Punch|p1a: Chandelure
|-immune|p1a: Chandelure
|
|upkeep
|turn|26
|
|switch|p2a: Dhelmise|Dhelmise|37/100
|move|p1a: Chandelure|Shadow Ball|p2a: Dhelmise
|-supereffective|p2a: Dhelmise
|-damage|p2a: Dhelmise|0 fnt
|faint|p2a: Dhelmise
|
|upkeep
|
|switch|p2a: Noivern|Noivern, M|79/100
|turn|27
|
|move|p2a: Noivern|Air Slash|p1a: Chandelure
|-damage|p1a: Chandelure|49/100
|cant|p1a: Chandelure|flinch
|
|-heal|p2a: Noivern|85/100|[from] item: Leftovers
|-heal|p1a: Chandelure|55/100|[from] item: Leftovers
|upkeep
|turn|28
|
|move|p2a: Noivern|Draco Meteor|p1a: Chandelure
|-damage|p1a: Chandelure|0 fnt
|-unboost|p2a: Noivern|spa|2
|faint|p1a: Chandelure
|
|-heal|p2a: Noivern|91/100|[from] item: Leftovers
|upkeep
|
|switch|p1a: Cobalion|Cobalion|100/100
|turn|29
|
|move|p1a: Cobalion|Swords Dance|p1a: Cobalion
|-boost|p1a: Cobalion|atk|2
|move|p2a: Noivern|Flamethrower|p1a: Cobalion
|-supereffective|p1a: Cobalion
|-damage|p1a: Cobalion|62/100
|
|-heal|p2a: Noivern|97/100|[from] item: Leftovers
|upkeep
|turn|30
|
|switch|p2a: Arcanine|Arcanine, F|45/100
|-ability|p2a: Arcanine|Intimidate|boost
|-unboost|p1a: Cobalion|atk|1
|move|p1a: Cobalion|Iron Head|p2a: Arcanine
|-resisted|p2a: Arcanine
|-damage|p2a: Arcanine|19/100
|
|upkeep
|turn|31
|
|move|p1a: Cobalion|Iron Head|p2a: Arcanine
|-resisted|p2a: Arcanine
|-damage|p2a: Arcanine|0 fnt
|faint|p2a: Arcanine
|
|upkeep
|
|switch|p2a: Milotic|Milotic, M|94/100 brn
|turn|32
|
|switch|p1a: Umbreon|Umbreon, F|3/100 tox
|move|p2a: Milotic|Scald|p1a: Umbreon
|-damage|p1a: Umbreon|0 fnt
|faint|p1a: Umbreon
|
|-damage|p2a: Milotic|88/100 brn|[from] brn
|upkeep
|
|switch|p1a: Vikavolt|Vikavolt, M|48/100
|turn|33
|
|switch|p2a: Noivern|Noivern, M|97/100
|move|p1a: Vikavolt|Thunderbolt|p2a: Noivern
|-damage|p2a: Noivern|19/100
|
|-heal|p2a: Noivern|25/100|[from] item: Leftovers
|upkeep
|turn|34
|
|switch|p1a: Sirfetch'd|Sirfetch'd, M|100/100
|move|p2a: Noivern|Flamethrower|p1a: Sirfetch'd
|-damage|p1a: Sirfetch'd|61/100
|
|-heal|p2a: Noivern|32/100|[from] item: Leftovers
|upkeep
|turn|35
|
|move|p1a: Sirfetch'd|First Impression|p2a: Noivern
|-resisted|p2a: Noivern
|-damage|p2a: Noivern|0 fnt
|faint|p2a: Noivern
|
|upkeep
|
|switch|p2a: Milotic|Milotic, M|88/100 brn
|turn|36
|
|switch|p1a: Cobalion|Cobalion|62/100
|move|p2a: Milotic|Scald|p1a: Cobalion
|-damage|p1a: Cobalion|25/100
|
|-damage|p2a: Milotic|82/100 brn|[from] brn
|upkeep
|turn|37
|
|move|p1a: Cobalion|Close Combat|p2a: Milotic
|-damage|p2a: Milotic|49/100 brn
|-unboost|p1a: Cobalion|def|1
|-unboost|p1a: Cobalion|spd|1
|move|p2a: Milotic|Scald|p1a: Cobalion
|-damage|p1a: Cobalion|0 fnt
|faint|p1a: Cobalion
|
|-damage|p2a: Milotic|43/100 brn|[from] brn
|upkeep
|
|switch|p1a: Vikavolt|Vikavolt, M|48/100
|turn|38
|
|move|p2a: Milotic|Scald|p1a: Vikavolt
|-damage|p1a: Vikavolt|10/100
|move|p1a: Vikavolt|Sticky Web|p2a: Milotic
|-sidestart|p2: Chaddy_ricketts|move: Sticky Web
|
|-damage|p2a: Milotic|37/100 brn|[from] brn
|upkeep
|turn|39
|
|move|p2a: Milotic|Scald|p1a: Vikavolt
|-damage|p1a: Vikavolt|0 fnt
|faint|p1a: Vikavolt
|
|-damage|p2a: Milotic|31/100 brn|[from] brn
|upkeep
|
|switch|p1a: Sirfetch'd|Sirfetch'd, M|61/100
|turn|40
|
|move|p1a: Sirfetch'd|Close Combat|p2a: Milotic
|-damage|p2a: Milotic|0 fnt
|-unboost|p1a: Sirfetch'd|def|1
|-unboost|p1a: Sirfetch'd|spd|1
|faint|p2a: Milotic
|
|upkeep
|
|switch|p2a: Scrafty|Scrafty, M, shiny|100/100
|-activate|p2a: Scrafty|move: Sticky Web
|-unboost|p2a: Scrafty|spe|1
|turn|41
|
|move|p1a: Sirfetch'd|Close Combat|p2a: Scrafty
|-supereffective|p2a: Scrafty
|-damage|p2a: Scrafty|0 fnt
|-unboost|p1a: Sirfetch'd|def|1
|-unboost|p1a: Sirfetch'd|spd|1
|faint|p2a: Scrafty
|
|win|big baz
|c|☆big baz|gg
|l|☆Chaddy_ricketts
|raw|big baz's rating: 1489 &rarr; <strong>1500</strong><br />(+11 for winning)
|raw|Chaddy_ricketts's rating: 1316 &rarr; <strong>1305</strong><br />(-11 for losing)
