|html|<div class="broadcast-blue"><strong>[Gen 8] UU is currently suspecting Thundurus! For information on how to participate check out the <a href="https://www.smogon.com/forums/threads/np-ss-uu-stage-9-1-king-of-the-clouds.3689570/">suspect thread</a>.</strong></div>
|j|☆KSt3ve
|j|☆motistrat
|t:|1630437892
|gametype|singles
|player|p1|KSt3ve|102|
|player|p2|motistrat|n|
|teamsize|p1|6
|teamsize|p2|6
|gen|8
|tier|[Gen 8] UU
|rule|Sleep Clause Mod: Limit one foe put to sleep
|rule|Species Clause: Limit one of each Pokémon
|rule|OHKO Clause: OHKO moves are banned
|rule|Evasion Moves Clause: Evasion moves are banned
|rule|Endless Battle Clause: Forcing endless battles is banned
|rule|HP Percentage Mod: HP is shown in percentages
|rule|Dynamax Clause: You cannot dynamax
|clearpoke
|poke|p1|Slowbro-Galar, M|
|poke|p1|Zarude|
|poke|p1|Togekiss, M|
|poke|p1|Rotom-Wash|
|poke|p1|Cobalion|
|poke|p1|Diggersby, M|
|poke|p2|Hatterene, F|
|poke|p2|Krookodile, M|
|poke|p2|Celesteela|
|poke|p2|Tangrowth, F|
|poke|p2|Gyarados, M|
|poke|p2|Coalossal, M|
|teampreview
|c|☆KSt3ve|hf
|c|☆motistrat|gl hf
|j| Mdraa
|j| SpeedyBlu
|
|t:|1630437988
|start
|switch|p1a: Zarude|Zarude|100/100
|switch|p2a: Tangrowth|Tangrowth, F|100/100
|turn|1
|
|t:|1630437995
|move|p1a: Zarude|U-turn|p2a: Tangrowth
|-supereffective|p2a: Tangrowth
|-damage|p2a: Tangrowth|67/100
|
|t:|1630437998
|switch|p1a: Slowbro|Slowbro-Galar, M|100/100|[from]move: U-turn
|move|p2a: Tangrowth|Knock Off|p1a: Slowbro
|-supereffective|p1a: Slowbro
|-damage|p1a: Slowbro|74/100
|-enditem|p1a: Slowbro|Safety Goggles|[from] move: Knock Off|[of] p2a: Tangrowth
|
|upkeep
|turn|2
|
|t:|1630438023
|switch|p2a: Coalossal|Coalossal, M|100/100
|move|p1a: Slowbro|Scald|p2a: Coalossal
|-supereffective|p2a: Coalossal
|-damage|p2a: Coalossal|57/100
|
|upkeep
|turn|3
|inactive|Battle timer is ON: inactive players will automatically lose when time's up. (requested by KSt3ve)
|
|t:|1630438037
|switch|p1a: Rotom|Rotom-Wash|100/100
|move|p2a: Coalossal|Stealth Rock|p1a: Rotom
|-sidestart|p1: KSt3ve|move: Stealth Rock
|
|upkeep
|turn|4
|
|t:|1630438042
|switch|p2a: Tangrowth|Tangrowth, F|99/100
|move|p1a: Rotom|Defog|p2a: Tangrowth
|-unboost|p2a: Tangrowth|evasion|1
|-sideend|p1: KSt3ve|Stealth Rock|[from] move: Defog|[of] p1a: Rotom
|
|upkeep
|turn|5
|
|t:|1630438049
|move|p1a: Rotom|Volt Switch|p2a: Tangrowth
|-resisted|p2a: Tangrowth
|-damage|p2a: Tangrowth|93/100
|
|t:|1630438054
|switch|p1a: Slowbro|Slowbro-Galar, M|100/100|[from]move: Volt Switch
|move|p2a: Tangrowth|Earthquake|p1a: Slowbro
|-supereffective|p1a: Slowbro
|-damage|p1a: Slowbro|69/100
|
|upkeep
|turn|6
|
|t:|1630438064
|switch|p2a: Celesteela|Celesteela|100/100
|move|p1a: Slowbro|Scald|p2a: Celesteela
|-damage|p2a: Celesteela|87/100
|
|-heal|p2a: Celesteela|93/100|[from] item: Leftovers
|upkeep
|turn|7
|j| Jaggoes
|
|t:|1630438076
|move|p2a: Celesteela|Leech Seed|p1a: Slowbro
|-start|p1a: Slowbro|move: Leech Seed
|move|p1a: Slowbro|Scald|p2a: Celesteela
|-damage|p2a: Celesteela|79/100
|
|-heal|p2a: Celesteela|85/100|[from] item: Leftovers
|-damage|p1a: Slowbro|57/100|[from] Leech Seed|[of] p2a: Celesteela
|-heal|p2a: Celesteela|97/100|[silent]
|upkeep
|turn|8
|
|t:|1630438083
|switch|p1a: Rotom|Rotom-Wash|100/100
|move|p2a: Celesteela|Heavy Slam|p1a: Rotom
|-resisted|p1a: Rotom
|-damage|p1a: Rotom|89/100
|
|-heal|p1a: Rotom|95/100|[from] item: Leftovers
|-heal|p2a: Celesteela|100/100|[from] item: Leftovers
|upkeep
|turn|9
|
|t:|1630438093
|move|p1a: Rotom|Volt Switch|p2a: Celesteela
|-supereffective|p2a: Celesteela
|-damage|p2a: Celesteela|63/100
|
|t:|1630438097
|switch|p1a: Slowbro|Slowbro-Galar, M|90/100|[from]move: Volt Switch
|move|p2a: Celesteela|Leech Seed|p1a: Slowbro
|-start|p1a: Slowbro|move: Leech Seed
|
|-heal|p2a: Celesteela|69/100|[from] item: Leftovers
|-damage|p1a: Slowbro|77/100|[from] Leech Seed|[of] p2a: Celesteela
|-heal|p2a: Celesteela|81/100|[silent]
|upkeep
|turn|10
|
|t:|1630438108
|move|p2a: Celesteela|Leech Seed||[still]
|-fail|p2a: Celesteela
|move|p1a: Slowbro|Scald|p2a: Celesteela
|-damage|p2a: Celesteela|68/100
|
|-heal|p2a: Celesteela|74/100|[from] item: Leftovers
|-damage|p1a: Slowbro|65/100|[from] Leech Seed|[of] p2a: Celesteela
|-heal|p2a: Celesteela|86/100|[silent]
|upkeep
|turn|11
|
|t:|1630438133
|move|p2a: Celesteela|Flamethrower|p1a: Slowbro
|-damage|p1a: Slowbro|38/100
|move|p1a: Slowbro|Scald|p2a: Celesteela
|-damage|p2a: Celesteela|74/100
|
|-heal|p2a: Celesteela|80/100|[from] item: Leftovers
|-damage|p1a: Slowbro|25/100|[from] Leech Seed|[of] p2a: Celesteela
|-heal|p2a: Celesteela|92/100|[silent]
|upkeep
|turn|12
|
|t:|1630438144
|switch|p1a: Rotom|Rotom-Wash|95/100
|move|p2a: Celesteela|Leech Seed|p1a: Rotom
|-start|p1a: Rotom|move: Leech Seed
|
|-heal|p1a: Rotom|100/100|[from] item: Leftovers
|-heal|p2a: Celesteela|98/100|[from] item: Leftovers
|-damage|p1a: Rotom|88/100|[from] Leech Seed|[of] p2a: Celesteela
|-heal|p2a: Celesteela|100/100|[silent]
|upkeep
|turn|13
|
|t:|1630438164
|move|p1a: Rotom|Volt Switch|p2a: Celesteela
|-supereffective|p2a: Celesteela
|-damage|p2a: Celesteela|64/100
|
|t:|1630438170
|switch|p1a: Cobalion|Cobalion|100/100|[from]move: Volt Switch
|move|p2a: Celesteela|Flamethrower|p1a: Cobalion
|-supereffective|p1a: Cobalion
|-damage|p1a: Cobalion|43/100
|
|-heal|p2a: Celesteela|70/100|[from] item: Leftovers
|upkeep
|turn|14
|
|t:|1630438179
|switch|p1a: Rotom|Rotom-Wash|88/100
|move|p2a: Celesteela|Leech Seed|p1a: Rotom
|-start|p1a: Rotom|move: Leech Seed
|
|-heal|p1a: Rotom|94/100|[from] item: Leftovers
|-heal|p2a: Celesteela|76/100|[from] item: Leftovers
|-damage|p1a: Rotom|82/100|[from] Leech Seed|[of] p2a: Celesteela
|-heal|p2a: Celesteela|86/100|[silent]
|upkeep
|turn|15
|
|t:|1630438189
|move|p1a: Rotom|Volt Switch|p2a: Celesteela
|-supereffective|p2a: Celesteela
|-damage|p2a: Celesteela|50/100
|
|t:|1630438191
|switch|p1a: Slowbro|Slowbro-Galar, M|58/100|[from]move: Volt Switch
|move|p2a: Celesteela|Heavy Slam|p1a: Slowbro
|-damage|p1a: Slowbro|32/100
|
|-heal|p2a: Celesteela|56/100|[from] item: Leftovers
|upkeep
|turn|16
|
|t:|1630438200
|switch|p1a: Rotom|Rotom-Wash|82/100
|move|p2a: Celesteela|Protect||[still]
|-fail|p2a: Celesteela
|
|-heal|p1a: Rotom|88/100|[from] item: Leftovers
|-heal|p2a: Celesteela|62/100|[from] item: Leftovers
|upkeep
|turn|17
|
|t:|1630438205
|move|p2a: Celesteela|Protect|p2a: Celesteela
|-singleturn|p2a: Celesteela|Protect
|move|p1a: Rotom|Volt Switch|p2a: Celesteela
|-activate|p2a: Celesteela|move: Protect
|
|-heal|p1a: Rotom|94/100|[from] item: Leftovers
|-heal|p2a: Celesteela|68/100|[from] item: Leftovers
|upkeep
|turn|18
|
|t:|1630438210
|switch|p2a: Tangrowth|Tangrowth, F|100/100
|move|p1a: Rotom|Volt Switch|p2a: Tangrowth
|-resisted|p2a: Tangrowth
|-damage|p2a: Tangrowth|92/100
|
|t:|1630438216
|switch|p1a: Slowbro|Slowbro-Galar, M|65/100|[from]move: Volt Switch
|
|upkeep
|turn|19
|
|t:|1630438223
|move|p2a: Tangrowth|Earthquake|p1a: Slowbro
|-supereffective|p1a: Slowbro
|-damage|p1a: Slowbro|34/100
|move|p1a: Slowbro|Scald|p2a: Tangrowth
|-resisted|p2a: Tangrowth
|-damage|p2a: Tangrowth|87/100
|
|upkeep
|turn|20
|
|t:|1630438230
|switch|p1a: Rotom|Rotom-Wash|94/100
|move|p2a: Tangrowth|Giga Drain|p1a: Rotom
|-supereffective|p1a: Rotom
|-damage|p1a: Rotom|35/100
|-heal|p2a: Tangrowth|100/100|[from] drain|[of] p1a: Rotom
|
|-heal|p1a: Rotom|41/100|[from] item: Leftovers
|upkeep
|turn|21
|
|t:|1630438237
|move|p1a: Rotom|Pain Split|p2a: Tangrowth
|-sethp|p2a: Tangrowth|66/100|[from] move: Pain Split|[silent]
|-sethp|p1a: Rotom|87/100|[from] move: Pain Split
|move|p2a: Tangrowth|Knock Off|p1a: Rotom
|-damage|p1a: Rotom|64/100
|-enditem|p1a: Rotom|Leftovers|[from] move: Knock Off|[of] p2a: Tangrowth
|
|upkeep
|turn|22
|
|t:|1630438244
|move|p1a: Rotom|Volt Switch|p2a: Tangrowth
|-resisted|p2a: Tangrowth
|-damage|p2a: Tangrowth|58/100
|
|t:|1630438248
|switch|p1a: Slowbro|Slowbro-Galar, M|67/100|[from]move: Volt Switch
|move|p2a: Tangrowth|Earthquake|p1a: Slowbro
|-supereffective|p1a: Slowbro
|-damage|p1a: Slowbro|37/100
|
|upkeep
|turn|23
|
|t:|1630438258
|move|p2a: Tangrowth|Earthquake|p1a: Slowbro
|-supereffective|p1a: Slowbro
|-damage|p1a: Slowbro|5/100
|move|p1a: Slowbro|Slack Off|p1a: Slowbro
|-heal|p1a: Slowbro|55/100
|
|upkeep
|turn|24
|
|t:|1630438273
|move|p2a: Tangrowth|Earthquake|p1a: Slowbro
|-supereffective|p1a: Slowbro
|-damage|p1a: Slowbro|24/100
|move|p1a: Slowbro|Slack Off|p1a: Slowbro
|-heal|p1a: Slowbro|74/100
|
|upkeep
|turn|25
|
|t:|1630438295
|switch|p2a: Hatterene|Hatterene, F|100/100
|move|p1a: Slowbro|Scald|p2a: Hatterene
|-damage|p2a: Hatterene|82/100
|
|-heal|p2a: Hatterene|88/100|[from] item: Leftovers
|upkeep
|turn|26
|
|t:|1630438300
|move|p1a: Slowbro|Shell Side Arm|p2a: Hatterene|[anim] Shell Side Arm Special
|-supereffective|p2a: Hatterene
|-crit|p2a: Hatterene
|-damage|p2a: Hatterene|0 fnt
|-hint|Special Shell Side Arm
|faint|p2a: Hatterene
|
|upkeep
|
|t:|1630438306
|switch|p2a: Krookodile|Krookodile, M|100/100
|-ability|p2a: Krookodile|Intimidate|boost
|-unboost|p1a: Slowbro|atk|1
|turn|27
|
|t:|1630438322
|switch|p1a: Zarude|Zarude|100/100
|move|p2a: Krookodile|Stealth Rock|p1a: Zarude
|-sidestart|p1: KSt3ve|move: Stealth Rock
|
|upkeep
|turn|28
|
|t:|1630438327
|switch|p2a: Tangrowth|Tangrowth, F|92/100
|move|p1a: Zarude|Darkest Lariat|p2a: Tangrowth
|-crit|p2a: Tangrowth
|-damage|p2a: Tangrowth|46/100
|
|upkeep
|turn|29
|
|t:|1630438334
|switch|p1a: Slowbro|Slowbro-Galar, M|100/100
|-damage|p1a: Slowbro|88/100|[from] Stealth Rock
|switch|p2a: Celesteela|Celesteela|68/100
|
|-heal|p2a: Celesteela|74/100|[from] item: Leftovers
|upkeep
|turn|30
|
|t:|1630438343
|move|p2a: Celesteela|Leech Seed|p1a: Slowbro
|-start|p1a: Slowbro|move: Leech Seed
|move|p1a: Slowbro|Scald|p2a: Celesteela
|-damage|p2a: Celesteela|61/100
|
|-heal|p2a: Celesteela|67/100|[from] item: Leftovers
|-damage|p1a: Slowbro|76/100|[from] Leech Seed|[of] p2a: Celesteela
|-heal|p2a: Celesteela|79/100|[silent]
|upkeep
|turn|31
|c|☆KSt3ve|ça veut pas burn auj
|c|☆motistrat|effectivement
|
|t:|1630438367
|switch|p2a: Tangrowth|Tangrowth, F|79/100
|move|p1a: Slowbro|Scald|p2a: Tangrowth
|-resisted|p2a: Tangrowth
|-damage|p2a: Tangrowth|74/100
|
|-damage|p1a: Slowbro|63/100|[from] Leech Seed|[of] p2a: Tangrowth
|-heal|p2a: Tangrowth|86/100|[silent]
|upkeep
|turn|32
|
|t:|1630438374
|switch|p2a: Celesteela|Celesteela|79/100
|move|p1a: Slowbro|Shell Side Arm|p2a: Celesteela|[anim] Shell Side Arm Special
|-immune|p2a: Celesteela
|
|-heal|p2a: Celesteela|85/100|[from] item: Leftovers
|-damage|p1a: Slowbro|51/100|[from] Leech Seed|[of] p2a: Celesteela
|-heal|p2a: Celesteela|97/100|[silent]
|upkeep
|turn|33
|
|t:|1630438380
|switch|p1a: Rotom|Rotom-Wash|64/100
|-damage|p1a: Rotom|51/100|[from] Stealth Rock
|move|p2a: Celesteela|Leech Seed|p1a: Rotom
|-start|p1a: Rotom|move: Leech Seed
|
|-heal|p2a: Celesteela|100/100|[from] item: Leftovers
|-damage|p1a: Rotom|39/100|[from] Leech Seed|[of] p2a: Celesteela
|upkeep
|turn|34
|
|t:|1630438392
|switch|p2a: Coalossal|Coalossal, M|57/100
|move|p1a: Rotom|Pain Split|p2a: Coalossal
|-sethp|p2a: Coalossal|42/100|[from] move: Pain Split|[silent]
|-sethp|p1a: Rotom|59/100|[from] move: Pain Split
|
|-damage|p1a: Rotom|47/100|[from] Leech Seed|[of] p2a: Coalossal
|-heal|p2a: Coalossal|51/100|[silent]
|upkeep
|turn|35
|
|t:|1630438404
|switch|p2a: Tangrowth|Tangrowth, F|100/100
|move|p1a: Rotom|Volt Switch|p2a: Tangrowth
|-resisted|p2a: Tangrowth
|-damage|p2a: Tangrowth|93/100
|inactive|KSt3ve has 270 seconds left.
|
|t:|1630438431
|switch|p1a: Togekiss|Togekiss, M|100/100|[from]move: Volt Switch
|
|upkeep
|turn|36
|inactive|KSt3ve has 270 seconds left.
|
|t:|1630438446
|move|p1a: Togekiss|Air Slash|p2a: Tangrowth
|-supereffective|p2a: Tangrowth
|-damage|p2a: Tangrowth|56/100
|move|p2a: Tangrowth|Knock Off|p1a: Togekiss
|-resisted|p1a: Togekiss
|-damage|p1a: Togekiss|90/100
|-enditem|p1a: Togekiss|Heavy-Duty Boots|[from] move: Knock Off|[of] p2a: Tangrowth
|
|upkeep
|turn|37
|
|t:|1630438452
|switch|p2a: Celesteela|Celesteela|100/100
|move|p1a: Togekiss|Thunder Wave|p2a: Celesteela
|-status|p2a: Celesteela|par
|
|upkeep
|turn|38
|
|t:|1630438461
|switch|p1a: Rotom|Rotom-Wash|47/100
|-damage|p1a: Rotom|34/100|[from] Stealth Rock
|move|p2a: Celesteela|Heavy Slam|p1a: Rotom
|-resisted|p1a: Rotom
|-damage|p1a: Rotom|24/100
|
|upkeep
|turn|39
|
|t:|1630438477
|switch|p2a: Coalossal|Coalossal, M|51/100
|move|p1a: Rotom|Pain Split|p2a: Coalossal
|-sethp|p2a: Coalossal|34/100|[from] move: Pain Split|[silent]
|-sethp|p1a: Rotom|48/100|[from] move: Pain Split
|
|upkeep
|turn|40
|
|t:|1630438494
|move|p1a: Rotom|Defog|p2a: Coalossal
|-unboost|p2a: Coalossal|evasion|1
|-sideend|p1: KSt3ve|Stealth Rock|[from] move: Defog|[of] p1a: Rotom
|move|p2a: Coalossal|Stealth Rock|p1a: Rotom
|-sidestart|p1: KSt3ve|move: Stealth Rock
|
|upkeep
|turn|41
|
|t:|1630438510
|switch|p2a: Tangrowth|Tangrowth, F|89/100
|move|p1a: Rotom|Defog|p2a: Tangrowth
|-unboost|p2a: Tangrowth|evasion|1
|-sideend|p1: KSt3ve|Stealth Rock|[from] move: Defog|[of] p1a: Rotom
|
|upkeep
|turn|42
|
|t:|1630438528
|move|p1a: Rotom|Volt Switch|p2a: Tangrowth
|-resisted|p2a: Tangrowth
|-damage|p2a: Tangrowth|82/100
|
|t:|1630438537
|switch|p1a: Slowbro|Slowbro-Galar, M|84/100|[from]move: Volt Switch
|move|p2a: Tangrowth|Giga Drain|p1a: Slowbro
|-resisted|p1a: Slowbro
|-crit|p1a: Slowbro
|-damage|p1a: Slowbro|59/100
|-heal|p2a: Tangrowth|94/100|[from] drain|[of] p1a: Slowbro
|
|upkeep
|turn|43
|
|t:|1630438551
|switch|p1a: Diggersby|Diggersby, M|100/100
|move|p2a: Tangrowth|Giga Drain|p1a: Diggersby
|-supereffective|p1a: Diggersby
|-damage|p1a: Diggersby|25/100
|-heal|p2a: Tangrowth|100/100|[from] drain|[of] p1a: Diggersby
|
|upkeep
|turn|44
|
|t:|1630438570
|switch|p1a: Slowbro|Slowbro-Galar, M|93/100
|move|p2a: Tangrowth|Giga Drain|p1a: Slowbro
|-resisted|p1a: Slowbro
|-damage|p1a: Slowbro|77/100
|
|upkeep
|turn|45
|
|t:|1630438581
|move|p2a: Tangrowth|Giga Drain|p1a: Slowbro
|-resisted|p1a: Slowbro
|-damage|p1a: Slowbro|60/100
|move|p1a: Slowbro|Calm Mind|p1a: Slowbro
|-boost|p1a: Slowbro|spa|1
|-boost|p1a: Slowbro|spd|1
|
|upkeep
|turn|46
|
|t:|1630438589
|switch|p2a: Celesteela|Celesteela|100/100 par
|move|p1a: Slowbro|Shell Side Arm|p2a: Celesteela|[anim] Shell Side Arm Special
|-immune|p2a: Celesteela
|
|upkeep
|turn|47
|
|t:|1630438599
|switch|p1a: Rotom|Rotom-Wash|48/100
|move|p2a: Celesteela|Leech Seed|p1a: Rotom
|-start|p1a: Rotom|move: Leech Seed
|
|-damage|p1a: Rotom|35/100|[from] Leech Seed|[of] p2a: Celesteela
|upkeep
|turn|48
|
|t:|1630438628
|move|p2a: Celesteela|Protect|p2a: Celesteela
|-singleturn|p2a: Celesteela|Protect
|move|p1a: Rotom|Volt Switch|p2a: Celesteela
|-activate|p2a: Celesteela|move: Protect
|
|-damage|p1a: Rotom|23/100|[from] Leech Seed|[of] p2a: Celesteela
|upkeep
|turn|49
|
|t:|1630438646
|switch|p2a: Tangrowth|Tangrowth, F|100/100
|move|p1a: Rotom|Volt Switch|p2a: Tangrowth
|-resisted|p2a: Tangrowth
|-damage|p2a: Tangrowth|92/100
|
|t:|1630438660
|switch|p1a: Togekiss|Togekiss, M|90/100|[from]move: Volt Switch
|
|upkeep
|turn|50
|
|t:|1630438663
|switch|p2a: Celesteela|Celesteela|100/100 par
|move|p1a: Togekiss|Air Slash|p2a: Celesteela
|-resisted|p2a: Celesteela
|-damage|p2a: Celesteela|89/100 par
|
|-heal|p2a: Celesteela|95/100 par|[from] item: Leftovers
|upkeep
|turn|51
|inactive|KSt3ve has 270 seconds left.
|inactive|KSt3ve has 240 seconds left.
|
|t:|1630438719
|switch|p1a: Slowbro|Slowbro-Galar, M|94/100
|move|p2a: Celesteela|Flamethrower|p1a: Slowbro
|-damage|p1a: Slowbro|67/100
|
|-heal|p2a: Celesteela|100/100 par|[from] item: Leftovers
|upkeep
|turn|52
|inactive|KSt3ve has 240 seconds left.
|inactive|KSt3ve has 210 seconds left.
|inactive|KSt3ve has 180 seconds left.
|
|t:|1630438794
|move|p1a: Slowbro|Calm Mind|p1a: Slowbro
|-boost|p1a: Slowbro|spa|1
|-boost|p1a: Slowbro|spd|1
|cant|p2a: Celesteela|par
|
|upkeep
|turn|53
|
|t:|1630438798
|move|p1a: Slowbro|Scald|p2a: Celesteela
|-damage|p2a: Celesteela|81/100 par
|move|p2a: Celesteela|Leech Seed|p1a: Slowbro
|-start|p1a: Slowbro|move: Leech Seed
|
|-heal|p2a: Celesteela|87/100 par|[from] item: Leftovers
|-damage|p1a: Slowbro|54/100|[from] Leech Seed|[of] p2a: Celesteela
|-heal|p2a: Celesteela|99/100 par|[silent]
|upkeep
|turn|54
|
|t:|1630438807
|move|p1a: Slowbro|Slack Off|p1a: Slowbro
|-heal|p1a: Slowbro|100/100
|move|p2a: Celesteela|Heavy Slam|p1a: Slowbro
|-crit|p1a: Slowbro
|-damage|p1a: Slowbro|63/100
|
|-heal|p2a: Celesteela|100/100 par|[from] item: Leftovers
|-damage|p1a: Slowbro|51/100|[from] Leech Seed|[of] p2a: Celesteela
|upkeep
|turn|55
|j| High Jump Miss DL
|
|t:|1630438825
|move|p1a: Slowbro|Slack Off|p1a: Slowbro
|-heal|p1a: Slowbro|100/100
|move|p2a: Celesteela|Heavy Slam|p1a: Slowbro
|-damage|p1a: Slowbro|72/100
|
|-damage|p1a: Slowbro|60/100|[from] Leech Seed|[of] p2a: Celesteela
|upkeep
|turn|56
|
|t:|1630438835
|move|p1a: Slowbro|Slack Off|p1a: Slowbro
|-heal|p1a: Slowbro|100/100
|move|p2a: Celesteela|Heavy Slam|p1a: Slowbro
|-damage|p1a: Slowbro|74/100
|
|-damage|p1a: Slowbro|61/100|[from] Leech Seed|[of] p2a: Celesteela
|upkeep
|turn|57
|inactive|KSt3ve has 180 seconds left.
|
|t:|1630438885
|move|p1a: Slowbro|Slack Off|p1a: Slowbro
|-heal|p1a: Slowbro|100/100
|move|p2a: Celesteela|Leech Seed||[still]
|-fail|p2a: Celesteela
|
|-damage|p1a: Slowbro|88/100|[from] Leech Seed|[of] p2a: Celesteela
|upkeep
|turn|58
|
|t:|1630438890
|move|p1a: Slowbro|Calm Mind|p1a: Slowbro
|-boost|p1a: Slowbro|spa|1
|-boost|p1a: Slowbro|spd|1
|move|p2a: Celesteela|Flamethrower|p1a: Slowbro
|-damage|p1a: Slowbro|76/100
|
|-damage|p1a: Slowbro|64/100|[from] Leech Seed|[of] p2a: Celesteela
|upkeep
|turn|59
|
|t:|1630438913
|move|p1a: Slowbro|Slack Off|p1a: Slowbro
|-heal|p1a: Slowbro|100/100
|cant|p2a: Celesteela|par
|
|-damage|p1a: Slowbro|88/100|[from] Leech Seed|[of] p2a: Celesteela
|upkeep
|turn|60
|
|t:|1630438918
|move|p1a: Slowbro|Calm Mind|p1a: Slowbro
|-boost|p1a: Slowbro|spa|1
|-boost|p1a: Slowbro|spd|1
|move|p2a: Celesteela|Flamethrower|p1a: Slowbro
|-damage|p1a: Slowbro|78/100
|
|-damage|p1a: Slowbro|65/100|[from] Leech Seed|[of] p2a: Celesteela
|upkeep
|turn|61
|
|t:|1630438928
|switch|p2a: Krookodile|Krookodile, M|100/100
|-ability|p2a: Krookodile|Intimidate|boost
|-unboost|p1a: Slowbro|atk|1
|move|p1a: Slowbro|Scald|p2a: Krookodile
|-supereffective|p2a: Krookodile
|-damage|p2a: Krookodile|0 fnt
|faint|p2a: Krookodile
|
|upkeep
|
|t:|1630438938
|switch|p2a: Celesteela|Celesteela|100/100 par
|turn|62
|inactive|KSt3ve has 180 seconds left.
|
|t:|1630438957
|move|p1a: Slowbro|Scald|p2a: Celesteela
|-damage|p2a: Celesteela|70/100 par
|move|p2a: Celesteela|Flamethrower|p1a: Slowbro
|-damage|p1a: Slowbro|55/100
|-status|p1a: Slowbro|brn
|
|-heal|p2a: Celesteela|76/100 par|[from] item: Leftovers
|-damage|p1a: Slowbro|43/100 brn|[from] Leech Seed|[of] p2a: Celesteela
|-heal|p2a: Celesteela|88/100 par|[silent]
|-damage|p1a: Slowbro|37/100 brn|[from] brn
|upkeep
|turn|63
|c|☆KSt3ve|marrant
|c|☆motistrat|mdr
|
|t:|1630438971
|move|p1a: Slowbro|Slack Off|p1a: Slowbro
|-heal|p1a: Slowbro|87/100 brn
|cant|p2a: Celesteela|par
|
|-heal|p2a: Celesteela|94/100 par|[from] item: Leftovers
|-damage|p1a: Slowbro|74/100 brn|[from] Leech Seed|[of] p2a: Celesteela
|-heal|p2a: Celesteela|100/100 par|[silent]
|-damage|p1a: Slowbro|68/100 brn|[from] brn
|upkeep
|turn|64
|inactive|KSt3ve has 180 seconds left.
|
|t:|1630438996
|move|p1a: Slowbro|Calm Mind|p1a: Slowbro
|-boost|p1a: Slowbro|spa|1
|-boost|p1a: Slowbro|spd|1
|move|p2a: Celesteela|Heavy Slam|p1a: Slowbro
|-damage|p1a: Slowbro|41/100 brn
|
|-damage|p1a: Slowbro|28/100 brn|[from] Leech Seed|[of] p2a: Celesteela
|-damage|p1a: Slowbro|22/100 brn|[from] brn
|upkeep
|turn|65
|
|t:|1630439002
|move|p1a: Slowbro|Slack Off|p1a: Slowbro
|-heal|p1a: Slowbro|72/100 brn
|move|p2a: Celesteela|Heavy Slam|p1a: Slowbro
|-damage|p1a: Slowbro|47/100 brn
|
|-damage|p1a: Slowbro|35/100 brn|[from] Leech Seed|[of] p2a: Celesteela
|-damage|p1a: Slowbro|28/100 brn|[from] brn
|upkeep
|turn|66
|
|t:|1630439009
|switch|p1a: Rotom|Rotom-Wash|23/100
|move|p2a: Celesteela|Heavy Slam|p1a: Rotom
|-resisted|p1a: Rotom
|-damage|p1a: Rotom|11/100
|
|upkeep
|turn|67
|
|t:|1630439017
|switch|p2a: Tangrowth|Tangrowth, F|100/100
|move|p1a: Rotom|Pain Split|p2a: Tangrowth
|-sethp|p2a: Tangrowth|54/100|[from] move: Pain Split|[silent]
|-sethp|p1a: Rotom|72/100|[from] move: Pain Split
|
|upkeep
|turn|68
|inactive|KSt3ve has 180 seconds left.
|
|t:|1630439054
|move|p1a: Rotom|Volt Switch|p2a: Tangrowth
|-resisted|p2a: Tangrowth
|-damage|p2a: Tangrowth|47/100
|
|t:|1630439056
|switch|p1a: Slowbro|Slowbro-Galar, M|62/100 brn|[from]move: Volt Switch
|move|p2a: Tangrowth|Giga Drain|p1a: Slowbro
|-resisted|p1a: Slowbro
|-damage|p1a: Slowbro|46/100 brn
|-heal|p2a: Tangrowth|54/100|[from] drain|[of] p1a: Slowbro
|
|-damage|p1a: Slowbro|40/100 brn|[from] brn
|upkeep
|turn|69
|
|t:|1630439065
|switch|p2a: Celesteela|Celesteela|100/100 par
|switch|p1a: Togekiss|Togekiss, M|90/100
|
|upkeep
|turn|70
|l| High Jump Miss DL
|inactive|KSt3ve has 180 seconds left.
|
|t:|1630439100
|switch|p1a: Slowbro|Slowbro-Galar, M|74/100 brn
|switch|p2a: Coalossal|Coalossal, M|34/100
|
|-damage|p1a: Slowbro|68/100 brn|[from] brn
|upkeep
|turn|71
|j| Esnavi
|
|t:|1630439125
|switch|p2a: Celesteela|Celesteela|100/100 par
|move|p1a: Slowbro|Scald|p2a: Celesteela
|-damage|p2a: Celesteela|87/100 par
|
|-heal|p2a: Celesteela|93/100 par|[from] item: Leftovers
|-damage|p1a: Slowbro|61/100 brn|[from] brn
|upkeep
|turn|72
|
|t:|1630439139
|switch|p1a: Rotom|Rotom-Wash|72/100
|switch|p2a: Gyarados|Gyarados, M|100/100
|
|upkeep
|turn|73
|inactive|KSt3ve has 180 seconds left.
|
|t:|1630439170
|switch|p1a: Togekiss|Togekiss, M|90/100
|switch|p2a: Tangrowth|Tangrowth, F|87/100
|
|upkeep
|turn|74
|
|t:|1630439176
|switch|p2a: Celesteela|Celesteela|93/100 par
|move|p1a: Togekiss|Air Slash|p2a: Celesteela|[miss]
|-miss|p1a: Togekiss|p2a: Celesteela
|
|-heal|p2a: Celesteela|99/100 par|[from] item: Leftovers
|upkeep
|turn|75
|
|t:|1630439204
|switch|p1a: Rotom|Rotom-Wash|72/100
|switch|p2a: Coalossal|Coalossal, M|34/100
|
|upkeep
|turn|76
|
|t:|1630439210
|switch|p2a: Tangrowth|Tangrowth, F|100/100
|move|p1a: Rotom|Hydro Pump|p2a: Tangrowth
|-resisted|p2a: Tangrowth
|-damage|p2a: Tangrowth|88/100
|
|upkeep
|turn|77
|
|t:|1630439218
|move|p1a: Rotom|Volt Switch|p2a: Tangrowth
|-resisted|p2a: Tangrowth
|-damage|p2a: Tangrowth|81/100
|inactive|KSt3ve has 150 seconds left.
|inactive|KSt3ve has 120 seconds left.
|inactive|KSt3ve has 90 seconds left.
|
|t:|1630439312
|switch|p1a: Slowbro|Slowbro-Galar, M|95/100 brn|[from]move: Volt Switch
|move|p2a: Tangrowth|Sludge Bomb|p1a: Slowbro
|-resisted|p1a: Slowbro
|-damage|p1a: Slowbro|83/100 brn
|
|-damage|p1a: Slowbro|77/100 brn|[from] brn
|upkeep
|turn|78
|inactive|KSt3ve has 90 seconds left.
|
|t:|1630439348
|move|p2a: Tangrowth|Giga Drain|p1a: Slowbro
|-resisted|p1a: Slowbro
|-damage|p1a: Slowbro|61/100 brn
|-heal|p2a: Tangrowth|89/100|[from] drain|[of] p1a: Slowbro
|move|p1a: Slowbro|Shell Side Arm|p2a: Tangrowth|[anim] Shell Side Arm Special
|-supereffective|p2a: Tangrowth
|-damage|p2a: Tangrowth|48/100
|-hint|Special Shell Side Arm
|
|-damage|p1a: Slowbro|55/100 brn|[from] brn
|upkeep
|turn|79
|
|t:|1630439359
|switch|p2a: Celesteela|Celesteela|99/100 par
|move|p1a: Slowbro|Shell Side Arm|p2a: Celesteela|[anim] Shell Side Arm Special
|-immune|p2a: Celesteela
|
|-heal|p2a: Celesteela|100/100 par|[from] item: Leftovers
|-damage|p1a: Slowbro|49/100 brn|[from] brn
|upkeep
|turn|80
|
|t:|1630439365
|switch|p1a: Rotom|Rotom-Wash|72/100
|switch|p2a: Tangrowth|Tangrowth, F|81/100
|
|upkeep
|turn|81
|
|t:|1630439374
|switch|p1a: Slowbro|Slowbro-Galar, M|82/100 brn
|move|p2a: Tangrowth|Sludge Bomb|p1a: Slowbro
|-resisted|p1a: Slowbro
|-damage|p1a: Slowbro|70/100 brn
|
|-damage|p1a: Slowbro|64/100 brn|[from] brn
|upkeep
|turn|82
|
|t:|1630439385
|switch|p2a: Celesteela|Celesteela|100/100 par
|switch|p1a: Cobalion|Cobalion|43/100
|
|upkeep
|turn|83
|
|t:|1630439389
|move|p1a: Cobalion|Stealth Rock|p2a: Celesteela
|-sidestart|p2: motistrat|move: Stealth Rock
|move|p2a: Celesteela|Flamethrower|p1a: Cobalion
|-supereffective|p1a: Cobalion
|-damage|p1a: Cobalion|0 fnt
|faint|p1a: Cobalion
|-ability|p2a: Celesteela|Beast Boost|boost
|-boost|p2a: Celesteela|def|1
|
|upkeep
|inactive|KSt3ve has 90 seconds left.
|
|t:|1630439398
|switch|p1a: Rotom|Rotom-Wash|72/100
|turn|84
|
|t:|1630439405
|move|p1a: Rotom|Volt Switch|p2a: Celesteela
|-supereffective|p2a: Celesteela
|-damage|p2a: Celesteela|63/100 par
|
|t:|1630439407
|switch|p1a: Slowbro|Slowbro-Galar, M|97/100 brn|[from]move: Volt Switch
|cant|p2a: Celesteela|par
|
|-heal|p2a: Celesteela|69/100 par|[from] item: Leftovers
|-damage|p1a: Slowbro|91/100 brn|[from] brn
|upkeep
|turn|85
|
|t:|1630439421
|switch|p1a: Rotom|Rotom-Wash|72/100
|move|p2a: Celesteela|Flamethrower|p1a: Rotom
|-resisted|p1a: Rotom
|-damage|p1a: Rotom|61/100
|
|-heal|p2a: Celesteela|75/100 par|[from] item: Leftovers
|upkeep
|turn|86
|
|t:|1630439426
|move|p2a: Celesteela|Protect|p2a: Celesteela
|-singleturn|p2a: Celesteela|Protect
|move|p1a: Rotom|Pain Split|p2a: Celesteela
|-activate|p2a: Celesteela|move: Protect
|
|-heal|p2a: Celesteela|81/100 par|[from] item: Leftovers
|upkeep
|turn|87
|
|t:|1630439434
|switch|p2a: Tangrowth|Tangrowth, F|100/100
|-damage|p2a: Tangrowth|88/100|[from] Stealth Rock
|move|p1a: Rotom|Volt Switch|p2a: Tangrowth
|-resisted|p2a: Tangrowth
|-damage|p2a: Tangrowth|81/100
|
|t:|1630439440
|switch|p1a: Togekiss|Togekiss, M|90/100|[from]move: Volt Switch
|
|upkeep
|turn|88
|
|t:|1630439447
|switch|p2a: Coalossal|Coalossal, M|34/100
|move|p1a: Togekiss|Flamethrower|p2a: Coalossal
|-resisted|p2a: Coalossal
|-damage|p2a: Coalossal|31/100
|
|upkeep
|turn|89
|
|t:|1630439458
|switch|p1a: Rotom|Rotom-Wash|61/100
|move|p2a: Coalossal|Rapid Spin|p1a: Rotom
|-damage|p1a: Rotom|52/100
|-boost|p2a: Coalossal|spe|1
|-sideend|p2: motistrat|Stealth Rock|[from] move: Rapid Spin|[of] p2a: Coalossal
|
|upkeep
|turn|90
|
|t:|1630439467
|switch|p2a: Tangrowth|Tangrowth, F|100/100
|move|p1a: Rotom|Pain Split|p2a: Tangrowth
|-sethp|p2a: Tangrowth|70/100|[from] move: Pain Split|[silent]
|-sethp|p1a: Rotom|93/100|[from] move: Pain Split
|
|upkeep
|turn|91
|
|t:|1630439473
|move|p1a: Rotom|Volt Switch|p2a: Tangrowth
|-resisted|p2a: Tangrowth
|-damage|p2a: Tangrowth|62/100
|inactive|KSt3ve has 150 seconds left.
|
|t:|1630439478
|switch|p1a: Slowbro|Slowbro-Galar, M|100/100 brn|[from]move: Volt Switch
|move|p2a: Tangrowth|Earthquake|p1a: Slowbro
|-supereffective|p1a: Slowbro
|-damage|p1a: Slowbro|69/100 brn
|
|-damage|p1a: Slowbro|63/100 brn|[from] brn
|upkeep
|turn|92
|c|☆KSt3ve|c'est long et chiant
|inactive|KSt3ve has 150 seconds left.
|c|☆motistrat|oui
|
|t:|1630439498
|switch|p2a: Celesteela|Celesteela|81/100 par
|switch|p1a: Togekiss|Togekiss, M|90/100
|
|-heal|p2a: Celesteela|87/100 par|[from] item: Leftovers
|upkeep
|turn|93
|c|☆motistrat|c'est de l'UU avec les régé force classique quoi
|
|t:|1630439510
|switch|p1a: Rotom|Rotom-Wash|93/100
|switch|p2a: Coalossal|Coalossal, M|31/100
|
|upkeep
|turn|94
|
|t:|1630439517
|switch|p2a: Tangrowth|Tangrowth, F|95/100
|move|p1a: Rotom|Volt Switch|p2a: Tangrowth
|-resisted|p2a: Tangrowth
|-damage|p2a: Tangrowth|88/100
|
|t:|1630439521
|switch|p1a: Togekiss|Togekiss, M|90/100|[from]move: Volt Switch
|
|upkeep
|turn|95
|
|t:|1630439532
|move|p1a: Togekiss|Air Slash|p2a: Tangrowth|[miss]
|-miss|p1a: Togekiss|p2a: Tangrowth
|move|p2a: Tangrowth|Giga Drain|p1a: Togekiss
|-resisted|p1a: Togekiss
|-damage|p1a: Togekiss|79/100
|-heal|p2a: Tangrowth|93/100|[from] drain|[of] p1a: Togekiss
|
|upkeep
|turn|96
|
|t:|1630439539
|move|p1a: Togekiss|Air Slash|p2a: Tangrowth
|-supereffective|p2a: Tangrowth
|-damage|p2a: Tangrowth|57/100
|move|p2a: Tangrowth|Sludge Bomb|p1a: Togekiss
|-supereffective|p1a: Togekiss
|-damage|p1a: Togekiss|46/100
|
|upkeep
|turn|97
|
|t:|1630439545
|switch|p2a: Coalossal|Coalossal, M|31/100
|move|p1a: Togekiss|Air Slash|p2a: Coalossal
|-resisted|p2a: Coalossal
|-crit|p2a: Coalossal
|-damage|p2a: Coalossal|17/100
|
|upkeep
|turn|98
|
|t:|1630439550
|move|p1a: Togekiss|Air Slash|p2a: Coalossal
|-resisted|p2a: Coalossal
|-damage|p2a: Coalossal|8/100
|cant|p2a: Coalossal|flinch
|
|upkeep
|turn|99
|
|t:|1630439557
|move|p1a: Togekiss|Air Slash|p2a: Coalossal
|-resisted|p2a: Coalossal
|-damage|p2a: Coalossal|0 fnt
|faint|p2a: Coalossal
|
|upkeep
|
|t:|1630439564
|switch|p2a: Celesteela|Celesteela|87/100 par
|turn|100
|
|t:|1630439568
|switch|p1a: Rotom|Rotom-Wash|93/100
|switch|p2a: Tangrowth|Tangrowth, F|90/100
|
|upkeep
|turn|101
|
|t:|1630439574
|move|p1a: Rotom|Volt Switch|p2a: Tangrowth
|-resisted|p2a: Tangrowth
|-damage|p2a: Tangrowth|83/100
|
|t:|1630439576
|switch|p1a: Slowbro|Slowbro-Galar, M|96/100 brn|[from]move: Volt Switch
|move|p2a: Tangrowth|Knock Off|p1a: Slowbro
|-supereffective|p1a: Slowbro
|-damage|p1a: Slowbro|75/100 brn
|
|-damage|p1a: Slowbro|69/100 brn|[from] brn
|upkeep
|turn|102
|inactive|KSt3ve has 240 seconds left.
|
|t:|1630439592
|switch|p2a: Celesteela|Celesteela|87/100 par
|switch|p1a: Rotom|Rotom-Wash|93/100
|
|-heal|p2a: Celesteela|93/100 par|[from] item: Leftovers
|upkeep
|turn|103
|
|t:|1630439598
|switch|p2a: Tangrowth|Tangrowth, F|100/100
|move|p1a: Rotom|Volt Switch|p2a: Tangrowth
|-resisted|p2a: Tangrowth
|-damage|p2a: Tangrowth|93/100
|
|t:|1630439599
|switch|p1a: Slowbro|Slowbro-Galar, M|100/100 brn|[from]move: Volt Switch
|
|-damage|p1a: Slowbro|94/100 brn|[from] brn
|upkeep
|turn|104
|
|t:|1630439604
|switch|p2a: Celesteela|Celesteela|93/100 par
|move|p1a: Slowbro|Calm Mind|p1a: Slowbro
|-boost|p1a: Slowbro|spa|1
|-boost|p1a: Slowbro|spd|1
|
|-heal|p2a: Celesteela|99/100 par|[from] item: Leftovers
|-damage|p1a: Slowbro|88/100 brn|[from] brn
|upkeep
|turn|105
|
|t:|1630439610
|move|p1a: Slowbro|Calm Mind|p1a: Slowbro
|-boost|p1a: Slowbro|spa|1
|-boost|p1a: Slowbro|spd|1
|move|p2a: Celesteela|Flamethrower|p1a: Slowbro
|-damage|p1a: Slowbro|77/100 brn
|
|-heal|p2a: Celesteela|100/100 par|[from] item: Leftovers
|-damage|p1a: Slowbro|71/100 brn|[from] brn
|upkeep
|turn|106
|
|t:|1630439614
|move|p1a: Slowbro|Scald|p2a: Celesteela
|-damage|p2a: Celesteela|75/100 par
|move|p2a: Celesteela|Heavy Slam|p1a: Slowbro
|-damage|p1a: Slowbro|46/100 brn
|
|-heal|p2a: Celesteela|81/100 par|[from] item: Leftovers
|-damage|p1a: Slowbro|40/100 brn|[from] brn
|upkeep
|turn|107
|
|t:|1630439619
|move|p1a: Slowbro|Slack Off|p1a: Slowbro
|-heal|p1a: Slowbro|90/100 brn
|cant|p2a: Celesteela|par
|
|-heal|p2a: Celesteela|87/100 par|[from] item: Leftovers
|-damage|p1a: Slowbro|84/100 brn|[from] brn
|upkeep
|turn|108
|
|t:|1630439623
|move|p1a: Slowbro|Calm Mind|p1a: Slowbro
|-boost|p1a: Slowbro|spa|1
|-boost|p1a: Slowbro|spd|1
|cant|p2a: Celesteela|par
|
|-heal|p2a: Celesteela|93/100 par|[from] item: Leftovers
|-damage|p1a: Slowbro|78/100 brn|[from] brn
|upkeep
|turn|109
|
|t:|1630439626
|move|p1a: Slowbro|Scald|p2a: Celesteela
|-damage|p2a: Celesteela|62/100 par
|cant|p2a: Celesteela|par
|
|-heal|p2a: Celesteela|68/100 par|[from] item: Leftovers
|-damage|p1a: Slowbro|72/100 brn|[from] brn
|upkeep
|turn|110
|
|t:|1630439632
|move|p1a: Slowbro|Scald|p2a: Celesteela
|-damage|p2a: Celesteela|36/100 par
|move|p2a: Celesteela|Leech Seed|p1a: Slowbro
|-start|p1a: Slowbro|move: Leech Seed
|
|-heal|p2a: Celesteela|42/100 par|[from] item: Leftovers
|-damage|p1a: Slowbro|59/100 brn|[from] Leech Seed|[of] p2a: Celesteela
|-heal|p2a: Celesteela|55/100 par|[silent]
|-damage|p1a: Slowbro|53/100 brn|[from] brn
|upkeep
|turn|111
|
|t:|1630439638
|switch|p1a: Rotom|Rotom-Wash|93/100
|move|p2a: Celesteela|Heavy Slam|p1a: Rotom
|-resisted|p1a: Rotom
|-damage|p1a: Rotom|83/100
|
|-heal|p2a: Celesteela|61/100 par|[from] item: Leftovers
|upkeep
|turn|112
|
|t:|1630439641
|move|p2a: Celesteela|Protect|p2a: Celesteela
|-singleturn|p2a: Celesteela|Protect
|move|p1a: Rotom|Volt Switch|p2a: Celesteela
|-activate|p2a: Celesteela|move: Protect
|
|-heal|p2a: Celesteela|67/100 par|[from] item: Leftovers
|upkeep
|turn|113
|
|t:|1630439645
|switch|p2a: Tangrowth|Tangrowth, F|100/100
|move|p1a: Rotom|Volt Switch|p2a: Tangrowth
|-resisted|p2a: Tangrowth
|-damage|p2a: Tangrowth|93/100
|
|t:|1630439647
|switch|p1a: Slowbro|Slowbro-Galar, M|86/100 brn|[from]move: Volt Switch
|
|-damage|p1a: Slowbro|80/100 brn|[from] brn
|upkeep
|turn|114
|
|t:|1630439651
|move|p2a: Tangrowth|Earthquake|p1a: Slowbro
|-supereffective|p1a: Slowbro
|-damage|p1a: Slowbro|50/100 brn
|move|p1a: Slowbro|Calm Mind|p1a: Slowbro
|-boost|p1a: Slowbro|spa|1
|-boost|p1a: Slowbro|spd|1
|
|-damage|p1a: Slowbro|44/100 brn|[from] brn
|upkeep
|turn|115
|
|t:|1630439657
|move|p2a: Tangrowth|Earthquake|p1a: Slowbro
|-supereffective|p1a: Slowbro
|-damage|p1a: Slowbro|13/100 brn
|move|p1a: Slowbro|Slack Off|p1a: Slowbro
|-heal|p1a: Slowbro|63/100 brn
|
|-damage|p1a: Slowbro|57/100 brn|[from] brn
|upkeep
|turn|116
|
|t:|1630439662
|switch|p2a: Celesteela|Celesteela|67/100 par
|move|p1a: Slowbro|Slack Off|p1a: Slowbro
|-heal|p1a: Slowbro|100/100 brn
|
|-heal|p2a: Celesteela|73/100 par|[from] item: Leftovers
|-damage|p1a: Slowbro|94/100 brn|[from] brn
|upkeep
|turn|117
|
|t:|1630439668
|move|p1a: Slowbro|Calm Mind|p1a: Slowbro
|-boost|p1a: Slowbro|spa|1
|-boost|p1a: Slowbro|spd|1
|move|p2a: Celesteela|Leech Seed|p1a: Slowbro
|-start|p1a: Slowbro|move: Leech Seed
|
|-heal|p2a: Celesteela|79/100 par|[from] item: Leftovers
|-damage|p1a: Slowbro|82/100 brn|[from] Leech Seed|[of] p2a: Celesteela
|-heal|p2a: Celesteela|91/100 par|[silent]
|-damage|p1a: Slowbro|76/100 brn|[from] brn
|upkeep
|turn|118
|
|t:|1630439676
|switch|p1a: Rotom|Rotom-Wash|83/100
|move|p2a: Celesteela|Flamethrower|p1a: Rotom
|-resisted|p1a: Rotom
|-damage|p1a: Rotom|72/100
|
|-heal|p2a: Celesteela|97/100 par|[from] item: Leftovers
|upkeep
|turn|119
|
|t:|1630439682
|switch|p1a: Togekiss|Togekiss, M|46/100
|switch|p2a: Tangrowth|Tangrowth, F|100/100
|
|upkeep
|turn|120
|
|t:|1630439685
|switch|p2a: Celesteela|Celesteela|97/100 par
|move|p1a: Togekiss|Roost|p1a: Togekiss
|-heal|p1a: Togekiss|96/100
|-singleturn|p1a: Togekiss|move: Roost
|
|-heal|p2a: Celesteela|100/100 par|[from] item: Leftovers
|upkeep
|turn|121
|
|t:|1630439690
|switch|p1a: Slowbro|Slowbro-Galar, M|100/100 brn
|move|p2a: Celesteela|Flamethrower|p1a: Slowbro
|-damage|p1a: Slowbro|77/100 brn
|
|-damage|p1a: Slowbro|71/100 brn|[from] brn
|upkeep
|turn|122
|
|t:|1630439695
|switch|p1a: Rotom|Rotom-Wash|72/100
|switch|p2a: Gyarados|Gyarados, M|100/100
|
|upkeep
|turn|123
|
|t:|1630439700
|switch|p1a: Togekiss|Togekiss, M|96/100
|switch|p2a: Tangrowth|Tangrowth, F|100/100
|
|upkeep
|turn|124
|
|t:|1630439706
|switch|p2a: Celesteela|Celesteela|100/100 par
|move|p1a: Togekiss|Flamethrower|p2a: Celesteela
|-supereffective|p2a: Celesteela
|-damage|p2a: Celesteela|68/100 par
|
|-heal|p2a: Celesteela|74/100 par|[from] item: Leftovers
|upkeep
|turn|125
|
|t:|1630439712
|switch|p2a: Tangrowth|Tangrowth, F|100/100
|move|p1a: Togekiss|Flamethrower|p2a: Tangrowth
|-supereffective|p2a: Tangrowth
|-damage|p2a: Tangrowth|69/100
|
|upkeep
|turn|126
|
|t:|1630439715
|move|p1a: Togekiss|Flamethrower|p2a: Tangrowth
|-supereffective|p2a: Tangrowth
|-damage|p2a: Tangrowth|39/100
|move|p2a: Tangrowth|Sludge Bomb|p1a: Togekiss
|-supereffective|p1a: Togekiss
|-damage|p1a: Togekiss|64/100
|
|upkeep
|turn|127
|
|t:|1630439722
|switch|p2a: Celesteela|Celesteela|74/100 par
|move|p1a: Togekiss|Flamethrower|p2a: Celesteela
|-supereffective|p2a: Celesteela
|-damage|p2a: Celesteela|37/100 par
|
|-heal|p2a: Celesteela|43/100 par|[from] item: Leftovers
|upkeep
|turn|128
|
|t:|1630439729
|move|p1a: Togekiss|Flamethrower|p2a: Celesteela
|-supereffective|p2a: Celesteela
|-damage|p2a: Celesteela|9/100 par
|cant|p2a: Celesteela|par
|
|-heal|p2a: Celesteela|15/100 par|[from] item: Leftovers
|upkeep
|turn|129
|
|t:|1630439733
|cant|p2a: Celesteela|par
|move|p1a: Togekiss|Flamethrower|p2a: Celesteela
|-supereffective|p2a: Celesteela
|-damage|p2a: Celesteela|0 fnt
|faint|p2a: Celesteela
|
|upkeep
|
|t:|1630439740
|switch|p2a: Tangrowth|Tangrowth, F|72/100
|turn|130
|
|t:|1630439748
|move|p1a: Togekiss|Air Slash|p2a: Tangrowth
|-supereffective|p2a: Tangrowth
|-damage|p2a: Tangrowth|33/100
|move|p2a: Tangrowth|Sludge Bomb|p1a: Togekiss
|-supereffective|p1a: Togekiss
|-damage|p1a: Togekiss|35/100
|
|upkeep
|turn|131
|
|t:|1630439754
|move|p1a: Togekiss|Air Slash|p2a: Tangrowth
|-supereffective|p2a: Tangrowth
|-damage|p2a: Tangrowth|0 fnt
|faint|p2a: Tangrowth
|
|upkeep
|
|t:|1630439756
|switch|p2a: Gyarados|Gyarados, M|100/100
|turn|132
|
|t:|1630439760
|move|p2a: Gyarados|Dragon Dance|p2a: Gyarados
|-boost|p2a: Gyarados|atk|1
|-boost|p2a: Gyarados|spe|1
|move|p1a: Togekiss|Thunder Wave|p2a: Gyarados
|-status|p2a: Gyarados|par
|
|upkeep
|turn|133
|
|t:|1630439765
|move|p1a: Togekiss|Air Slash|p2a: Gyarados
|-damage|p2a: Gyarados|68/100 par
|cant|p2a: Gyarados|flinch
|
|upkeep
|turn|134
|
|t:|1630439769
|move|p1a: Togekiss|Air Slash|p2a: Gyarados
|-damage|p2a: Gyarados|37/100 par
|cant|p2a: Gyarados|flinch
|
|upkeep
|turn|135
|
|t:|1630439772
|move|p1a: Togekiss|Air Slash|p2a: Gyarados
|-damage|p2a: Gyarados|6/100 par
|cant|p2a: Gyarados|flinch
|
|upkeep
|turn|136
|
|t:|1630439775
|move|p1a: Togekiss|Flamethrower|p2a: Gyarados
|-resisted|p2a: Gyarados
|-damage|p2a: Gyarados|0 fnt
|faint|p2a: Gyarados
|
|win|KSt3ve
|c|☆KSt3ve|"gg"
|c|☆motistrat|gg
|c|☆KSt3ve|les para sont moches
