|html|<div class="broadcast-blue"><strong>[Gen 8] UU is currently suspecting Latias! For information on how to participate check out the <a href="https://www.smogon.com/forums/threads/np-ss-uu-stage-10-airplanes-latias-retest.3691692/page-3#post-9007205">suspect thread</a>.</strong></div>
|j|☆Truffles360
|j|‽IDRINKWHENIWANT
|t:|1635342234
|gametype|singles
|player|p1|Truffles360|medium|1632
|player|p2|IDRINKWHENIWANT|ninjaboy|1520
|teamsize|p1|6
|teamsize|p2|6
|gen|8
|tier|[Gen 8] UU
|rated|
|rule|Sleep Clause Mod: Limit one foe put to sleep
|rule|Species Clause: Limit one of each Pokémon
|rule|OHKO Clause: OHKO moves are banned
|rule|Evasion Moves Clause: Evasion moves are banned
|rule|Endless Battle Clause: Forcing endless battles is banned
|rule|HP Percentage Mod: HP is shown in percentages
|rule|Dynamax Clause: You cannot dynamax
|clearpoke
|poke|p1|Tapu Bulu|
|poke|p1|Aegislash, F|
|poke|p1|Cloyster, M|
|poke|p1|Hydreigon, F|
|poke|p1|Swampert, M|
|poke|p1|Noivern, M|
|poke|p2|Excadrill, F|
|poke|p2|Amoonguss, F|
|poke|p2|Primarina, M|
|poke|p2|Mandibuzz, F|
|poke|p2|Raikou|
|poke|p2|Kommo-o, F|
|teampreview
|
|t:|1635342247
|start
|switch|p1a: Cloyster|Cloyster, M|100/100
|switch|p2a: Mandibuzz|Mandibuzz, F|100/100
|turn|1
|
|t:|1635342251
|move|p1a: Cloyster|Icicle Spear|p2a: Mandibuzz
|-supereffective|p2a: Mandibuzz
|-damage|p2a: Mandibuzz|79/100
|-supereffective|p2a: Mandibuzz
|-damage|p2a: Mandibuzz|56/100
|-supereffective|p2a: Mandibuzz
|-damage|p2a: Mandibuzz|34/100
|-supereffective|p2a: Mandibuzz
|-damage|p2a: Mandibuzz|12/100
|-supereffective|p2a: Mandibuzz
|-damage|p2a: Mandibuzz|0 fnt
|faint|p2a: Mandibuzz
|-hitcount|p2: Mandibuzz|5
|
|upkeep
|inactive|Battle timer is ON: inactive players will automatically lose when time's up. (requested by IDRINKWHENIWANT)
|
|t:|1635342260
|switch|p2a: Primarina|Primarina, M|100/100
|turn|2
|
|t:|1635342263
|switch|p1a: Tapu Bulu|Tapu Bulu|100/100
|-fieldstart|move: Grassy Terrain|[from] ability: Grassy Surge|[of] p1a: Tapu Bulu
|move|p2a: Primarina|Scald|p1a: Tapu Bulu
|-resisted|p1a: Tapu Bulu
|-damage|p1a: Tapu Bulu|88/100
|
|-heal|p1a: Tapu Bulu|94/100|[from] Grassy Terrain
|upkeep
|turn|3
|
|t:|1635342267
|switch|p1a: Cloyster|Cloyster, M|100/100
|switch|p2a: Amoonguss|Amoonguss, F|100/100
|
|upkeep
|turn|4
|
|t:|1635342271
|switch|p2a: Primarina|Primarina, M|100/100
|move|p1a: Cloyster|Icicle Spear|p2a: Primarina
|-resisted|p2a: Primarina
|-crit|p2a: Primarina
|-damage|p2a: Primarina|88/100
|-resisted|p2a: Primarina
|-damage|p2a: Primarina|79/100
|-resisted|p2a: Primarina
|-damage|p2a: Primarina|70/100
|-resisted|p2a: Primarina
|-damage|p2a: Primarina|62/100
|-resisted|p2a: Primarina
|-damage|p2a: Primarina|52/100
|-hitcount|p2a: Primarina|5
|
|-heal|p2a: Primarina|58/100|[from] Grassy Terrain
|-heal|p2a: Primarina|65/100|[from] item: Leftovers
|upkeep
|turn|5
|
|t:|1635342283
|switch|p1a: Tapu Bulu|Tapu Bulu|94/100
|move|p2a: Primarina|Scald|p1a: Tapu Bulu
|-resisted|p1a: Tapu Bulu
|-damage|p1a: Tapu Bulu|82/100
|
|-heal|p1a: Tapu Bulu|88/100|[from] Grassy Terrain
|-heal|p2a: Primarina|71/100|[from] Grassy Terrain
|-heal|p2a: Primarina|77/100|[from] item: Leftovers
|upkeep
|turn|6
|
|t:|1635342299
|switch|p2a: Kommo-o|Kommo-o, F|100/100
|move|p1a: Tapu Bulu|Nature's Madness|p2a: Kommo-o|[miss]
|-miss|p1a: Tapu Bulu|p2a: Kommo-o
|
|-heal|p1a: Tapu Bulu|94/100|[from] Grassy Terrain
|-fieldend|move: Grassy Terrain
|upkeep
|turn|7
|
|t:|1635342304
|switch|p1a: Swampert|Swampert, M|100/100
|move|p2a: Kommo-o|Stealth Rock|p1a: Swampert
|-sidestart|p1: Truffles360|move: Stealth Rock
|
|upkeep
|turn|8
|
|t:|1635342307
|switch|p2a: Amoonguss|Amoonguss, F|100/100
|move|p1a: Swampert|Stealth Rock|p2a: Amoonguss
|-sidestart|p2: IDRINKWHENIWANT|move: Stealth Rock
|
|upkeep
|turn|9
|
|t:|1635342313
|switch|p1a: Noivern|Noivern, M|100/100
|move|p2a: Amoonguss|Spore|p1a: Noivern
|-status|p1a: Noivern|slp|[from] move: Spore
|
|upkeep
|turn|10
|
|t:|1635342323
|switch|p1a: Hydreigon|Hydreigon, F|100/100
|-damage|p1a: Hydreigon|88/100|[from] Stealth Rock
|switch|p2a: Primarina|Primarina, M|77/100
|-damage|p2a: Primarina|64/100|[from] Stealth Rock
|
|-heal|p2a: Primarina|70/100|[from] item: Leftovers
|upkeep
|turn|11
|
|t:|1635342326
|move|p1a: Hydreigon|U-turn|p2a: Primarina
|-resisted|p2a: Primarina
|-damage|p2a: Primarina|63/100
|
|t:|1635342330
|switch|p1a: Tapu Bulu|Tapu Bulu|94/100|[from]move: U-turn
|-damage|p1a: Tapu Bulu|81/100|[from] Stealth Rock
|-fieldstart|move: Grassy Terrain|[from] ability: Grassy Surge|[of] p1a: Tapu Bulu
|move|p2a: Primarina|Draining Kiss|p1a: Tapu Bulu
|-damage|p1a: Tapu Bulu|67/100
|-heal|p2a: Primarina|73/100|[from] drain|[of] p1a: Tapu Bulu
|
|-heal|p1a: Tapu Bulu|74/100|[from] Grassy Terrain
|-heal|p2a: Primarina|79/100|[from] Grassy Terrain
|-heal|p2a: Primarina|85/100|[from] item: Leftovers
|upkeep
|turn|12
|
|t:|1635342336
|switch|p2a: Kommo-o|Kommo-o, F|100/100
|-damage|p2a: Kommo-o|94/100|[from] Stealth Rock
|move|p1a: Tapu Bulu|Nature's Madness|p2a: Kommo-o
|-damage|p2a: Kommo-o|47/100
|
|-heal|p2a: Kommo-o|54/100|[from] Grassy Terrain
|-heal|p1a: Tapu Bulu|80/100|[from] Grassy Terrain
|upkeep
|turn|13
|
|t:|1635342341
|switch|p1a: Aegislash|Aegislash, F|100/100
|-damage|p1a: Aegislash|94/100|[from] Stealth Rock
|move|p2a: Kommo-o|Flamethrower|p1a: Aegislash
|-supereffective|p1a: Aegislash
|-damage|p1a: Aegislash|54/100
|
|-heal|p2a: Kommo-o|60/100|[from] Grassy Terrain
|-heal|p1a: Aegislash|60/100|[from] Grassy Terrain
|-heal|p1a: Aegislash|66/100|[from] item: Leftovers
|upkeep
|turn|14
|
|t:|1635342352
|move|p2a: Kommo-o|Flamethrower|p1a: Aegislash
|-supereffective|p1a: Aegislash
|-damage|p1a: Aegislash|27/100
|-formechange|p1a: Aegislash|Aegislash-Blade||[from] ability: Stance Change
|move|p1a: Aegislash|Flash Cannon|p2a: Kommo-o
|-damage|p2a: Kommo-o|5/100
|
|-heal|p2a: Kommo-o|11/100|[from] Grassy Terrain
|-heal|p1a: Aegislash|33/100|[from] Grassy Terrain
|-heal|p1a: Aegislash|39/100|[from] item: Leftovers
|upkeep
|turn|15
|
|t:|1635342359
|-formechange|p1a: Aegislash|Aegislash||[from] ability: Stance Change
|move|p1a: Aegislash|King's Shield|p1a: Aegislash
|-singleturn|p1a: Aegislash|Protect
|move|p2a: Kommo-o|Clanging Scales|p1a: Aegislash
|-activate|p1a: Aegislash|move: Protect
|
|-heal|p2a: Kommo-o|17/100|[from] Grassy Terrain
|-heal|p1a: Aegislash|46/100|[from] Grassy Terrain
|-heal|p1a: Aegislash|52/100|[from] item: Leftovers
|-fieldend|move: Grassy Terrain
|upkeep
|turn|16
|
|t:|1635342385
|move|p2a: Kommo-o|Flamethrower|p1a: Aegislash
|-supereffective|p1a: Aegislash
|-damage|p1a: Aegislash|13/100
|-formechange|p1a: Aegislash|Aegislash-Blade||[from] ability: Stance Change
|move|p1a: Aegislash|Flash Cannon|p2a: Kommo-o
|-damage|p2a: Kommo-o|0 fnt
|faint|p2a: Kommo-o
|
|-heal|p1a: Aegislash|20/100|[from] item: Leftovers
|upkeep
|inactive|IDRINKWHENIWANT has 120 seconds left.
|
|t:|1635342403
|switch|p2a: Excadrill|Excadrill, F|100/100
|-damage|p2a: Excadrill|97/100|[from] Stealth Rock
|-ability|p2a: Excadrill|Mold Breaker
|turn|17
|
|t:|1635342408
|switch|p1a: Swampert|Swampert, M|100/100
|-damage|p1a: Swampert|94/100|[from] Stealth Rock
|move|p2a: Excadrill|Earthquake|p1a: Swampert
|-damage|p1a: Swampert|64/100
|
|-heal|p2a: Excadrill|100/100|[from] item: Leftovers
|-heal|p1a: Swampert|70/100|[from] item: Leftovers
|upkeep
|turn|18
|
|t:|1635342412
|switch|p2a: Amoonguss|Amoonguss, F|100/100
|-damage|p2a: Amoonguss|88/100|[from] Stealth Rock
|move|p1a: Swampert|Flip Turn|p2a: Amoonguss
|-resisted|p2a: Amoonguss
|-damage|p2a: Amoonguss|79/100
|-damage|p1a: Swampert|53/100|[from] item: Rocky Helmet|[of] p2a: Amoonguss
|
|t:|1635342414
|switch|p1a: Cloyster|Cloyster, M|100/100|[from]move: Flip Turn
|-damage|p1a: Cloyster|76/100|[from] Stealth Rock
|
|upkeep
|turn|19
|
|t:|1635342425
|switch|p2a: Primarina|Primarina, M|85/100
|-damage|p2a: Primarina|72/100|[from] Stealth Rock
|move|p1a: Cloyster|Icicle Spear|p2a: Primarina
|-resisted|p2a: Primarina
|-damage|p2a: Primarina|64/100
|-resisted|p2a: Primarina
|-damage|p2a: Primarina|55/100
|-resisted|p2a: Primarina
|-damage|p2a: Primarina|46/100
|-resisted|p2a: Primarina
|-damage|p2a: Primarina|37/100
|-resisted|p2a: Primarina
|-damage|p2a: Primarina|28/100
|-hitcount|p2a: Primarina|5
|
|-heal|p2a: Primarina|34/100|[from] item: Leftovers
|upkeep
|turn|20
|
|t:|1635342432
|move|p1a: Cloyster|Icicle Spear|p2a: Primarina
|-resisted|p2a: Primarina
|-damage|p2a: Primarina|25/100
|-resisted|p2a: Primarina
|-damage|p2a: Primarina|15/100
|-resisted|p2a: Primarina
|-damage|p2a: Primarina|7/100
|-resisted|p2a: Primarina
|-damage|p2a: Primarina|0 fnt
|faint|p2a: Primarina
|-hitcount|p2: Primarina|4
|
|upkeep
|
|t:|1635342444
|switch|p2a: Raikou|Raikou|100/100
|turn|21
|
|t:|1635342471
|switch|p1a: Tapu Bulu|Tapu Bulu|80/100
|-damage|p1a: Tapu Bulu|67/100|[from] Stealth Rock
|-fieldstart|move: Grassy Terrain|[from] ability: Grassy Surge|[of] p1a: Tapu Bulu
|move|p2a: Raikou|Aura Sphere|p1a: Tapu Bulu
|-resisted|p1a: Tapu Bulu
|-damage|p1a: Tapu Bulu|58/100
|
|-heal|p1a: Tapu Bulu|64/100|[from] Grassy Terrain
|upkeep
|turn|22
|
|t:|1635342479
|switch|p2a: Amoonguss|Amoonguss, F|100/100
|-damage|p2a: Amoonguss|88/100|[from] Stealth Rock
|move|p1a: Tapu Bulu|Nature's Madness|p2a: Amoonguss
|-damage|p2a: Amoonguss|44/100
|
|-heal|p1a: Tapu Bulu|70/100|[from] Grassy Terrain
|-heal|p2a: Amoonguss|50/100|[from] Grassy Terrain
|upkeep
|turn|23
|
|t:|1635342494
|switch|p1a: Aegislash|Aegislash, F|20/100
|-damage|p1a: Aegislash|13/100|[from] Stealth Rock
|move|p2a: Amoonguss|Sludge Bomb|p1a: Aegislash
|-immune|p1a: Aegislash
|
|-heal|p1a: Aegislash|20/100|[from] Grassy Terrain
|-heal|p1a: Aegislash|26/100|[from] item: Leftovers
|-heal|p2a: Amoonguss|57/100|[from] Grassy Terrain
|upkeep
|turn|24
|
|t:|1635342502
|-formechange|p1a: Aegislash|Aegislash-Blade||[from] ability: Stance Change
|move|p1a: Aegislash|Shadow Ball|p2a: Amoonguss
|-damage|p2a: Amoonguss|9/100
|move|p2a: Amoonguss|Stomping Tantrum|p1a: Aegislash
|-supereffective|p1a: Aegislash
|-damage|p1a: Aegislash|0 fnt
|faint|p1a: Aegislash
|
|-heal|p2a: Amoonguss|15/100|[from] Grassy Terrain
|upkeep
|
|t:|1635342514
|switch|p1a: Hydreigon|Hydreigon, F|88/100
|-damage|p1a: Hydreigon|76/100|[from] Stealth Rock
|turn|25
|
|t:|1635342517
|move|p1a: Hydreigon|Dark Pulse|p2a: Amoonguss
|-damage|p2a: Amoonguss|0 fnt
|faint|p2a: Amoonguss
|
|-fieldend|move: Grassy Terrain
|upkeep
|j| mesprit lies ♪
|inactive|IDRINKWHENIWANT has 120 seconds left.
|
|t:|1635342557
|switch|p2a: Excadrill|Excadrill, F|100/100
|-damage|p2a: Excadrill|97/100|[from] Stealth Rock
|-ability|p2a: Excadrill|Mold Breaker
|turn|26
|
|t:|1635342568
|move|p1a: Hydreigon|Dark Pulse|p2a: Excadrill
|-damage|p2a: Excadrill|57/100
|move|p2a: Excadrill|Rapid Spin|p1a: Hydreigon
|-damage|p1a: Hydreigon|57/100
|-boost|p2a: Excadrill|spe|1
|-sideend|p2: IDRINKWHENIWANT|Stealth Rock|[from] move: Rapid Spin|[of] p2a: Excadrill
|
|-heal|p2a: Excadrill|63/100|[from] item: Leftovers
|upkeep
|turn|27
|
|t:|1635342579
|move|p1a: Hydreigon|Dark Pulse|p2a: Excadrill
|-damage|p2a: Excadrill|21/100
|move|p2a: Excadrill|Rapid Spin|p1a: Hydreigon
|-damage|p1a: Hydreigon|41/100
|-boost|p2a: Excadrill|spe|1
|
|-heal|p2a: Excadrill|27/100|[from] item: Leftovers
|upkeep
|turn|28
|
|t:|1635342585
|move|p2a: Excadrill|Iron Head|p1a: Hydreigon
|-damage|p1a: Hydreigon|2/100
|move|p1a: Hydreigon|Dark Pulse|p2a: Excadrill
|-damage|p2a: Excadrill|0 fnt
|faint|p2a: Excadrill
|
|upkeep
|
|t:|1635342587
|switch|p2a: Raikou|Raikou|100/100
|turn|29
|-message|IDRINKWHENIWANT forfeited.
|
|win|Truffles360
|raw|Truffles360's rating: 1644 &rarr; <strong>1656</strong><br />(+12 for winning)
|raw|IDRINKWHENIWANT's rating: 1494 &rarr; <strong>1482</strong><br />(-12 for losing)
|l|‽IDRINKWHENIWANT
||Ladder isn't responding, score probably updated but might not have (Request timeout).
