|j|☆UULT91w Micciu
|j|☆Springerk
|t:|1651834909
|gametype|singles
|player|p1|UULT91w Micciu|teammagmagruntf-gen3|1461
|player|p2|Springerk|tuberf|1395
|teamsize|p1|6
|teamsize|p2|6
|gen|8
|tier|[Gen 8] UU
|rated|
|rule|Sleep Clause Mod: Limit one foe put to sleep
|rule|Species Clause: Limit one of each Pokémon
|rule|OHKO Clause: OHKO moves are banned
|rule|Evasion Moves Clause: Evasion moves are banned
|rule|Endless Battle Clause: Forcing endless battles is banned
|rule|HP Percentage Mod: HP is shown in percentages
|rule|Dynamax Clause: You cannot dynamax
|clearpoke
|poke|p1|Azelf|
|poke|p1|Zarude|
|poke|p1|Scizor, M|
|poke|p1|Salamence, F|
|poke|p1|Primarina, M|
|poke|p1|Nidoqueen, F|
|poke|p2|Weezing-Galar, M|
|poke|p2|Hitmonlee, M|
|poke|p2|Necrozma|
|poke|p2|Keldeo-Resolute|
|poke|p2|Virizion|
|poke|p2|Celesteela|
|teampreview
|inactive|Battle timer is ON: inactive players will automatically lose when time's up. (requested by UULT91w Micciu)
|inactive|Springerk has 120 seconds left.
|inactive|Springerk has 90 seconds left.
|inactive|Springerk has 60 seconds left.
|
|t:|1651835012
|start
|switch|p1a: Azelf|Azelf|100/100
|switch|p2a: Necrozma|Necrozma|100/100
|turn|1
|inactive|Springerk has 120 seconds left.
|
|t:|1651835020
|move|p1a: Azelf|U-turn|p2a: Necrozma
|-supereffective|p2a: Necrozma
|-damage|p2a: Necrozma|74/100
|-enditem|p2a: Necrozma|Weakness Policy
|-boost|p2a: Necrozma|atk|2|[from] item: Weakness Policy
|-boost|p2a: Necrozma|spa|2|[from] item: Weakness Policy
|
|t:|1651835027
|switch|p1a: Primarina|Primarina, M|100/100|[from]move: U-turn
|move|p2a: Necrozma|X-Scissor|p1a: Primarina
|-resisted|p1a: Primarina
|-damage|p1a: Primarina|74/100
|
|-heal|p1a: Primarina|80/100|[from] item: Leftovers
|upkeep
|turn|2
|
|t:|1651835038
|move|p2a: Necrozma|Photon Geyser|p1a: Primarina
|-damage|p1a: Primarina|0 fnt
|faint|p1a: Primarina
|
|upkeep
|
|t:|1651835041
|switch|p1a: Salamence|Salamence, F|100/100
|-ability|p1a: Salamence|Intimidate|boost
|-unboost|p2a: Necrozma|atk|1
|turn|3
|
|t:|1651835048
|move|p1a: Salamence|Dual Wingbeat|p2a: Necrozma
|-damage|p2a: Necrozma|57/100
|-damage|p2a: Necrozma|39/100
|-hitcount|p2a: Necrozma|2
|move|p2a: Necrozma|Dragon Dance|p2a: Necrozma
|-boost|p2a: Necrozma|atk|1
|-boost|p2a: Necrozma|spe|1
|
|upkeep
|turn|4
|
|t:|1651835058
|move|p2a: Necrozma|Photon Geyser|p1a: Salamence
|-damage|p1a: Salamence|27/100
|move|p1a: Salamence|Dual Wingbeat|p2a: Necrozma
|-damage|p2a: Necrozma|22/100
|-damage|p2a: Necrozma|4/100
|-hitcount|p2a: Necrozma|2
|
|upkeep
|turn|5
|
|t:|1651835068
|switch|p1a: Scizor|Scizor, M|100/100
|move|p2a: Necrozma|Photon Geyser|p1a: Scizor
|-resisted|p1a: Scizor
|-damage|p1a: Scizor|57/100
|
|upkeep
|turn|6
|
|t:|1651835077
|move|p1a: Scizor|Bullet Punch|p2a: Necrozma
|-damage|p2a: Necrozma|0 fnt
|faint|p2a: Necrozma
|
|upkeep
|
|t:|1651835094
|switch|p2a: Celesteela|Celesteela|100/100
|turn|7
|
|t:|1651835102
|switch|p1a: Nidoqueen|Nidoqueen, F|100/100
|move|p2a: Celesteela|Autotomize|p2a: Celesteela
|-boost|p2a: Celesteela|spe|2
|-start|p2a: Celesteela|Autotomize
|
|upkeep
|turn|8
|
|t:|1651835106
|move|p2a: Celesteela|Air Slash|p1a: Nidoqueen
|-damage|p1a: Nidoqueen|60/100
|move|p1a: Nidoqueen|Fire Blast|p2a: Celesteela
|-supereffective|p2a: Celesteela
|-damage|p2a: Celesteela|8/100
|
|upkeep
|turn|9
|
|t:|1651835117
|move|p2a: Celesteela|Air Slash|p1a: Nidoqueen
|-damage|p1a: Nidoqueen|15/100
|cant|p1a: Nidoqueen|flinch
|
|upkeep
|turn|10
|c|☆UULT91w Micciu|ofc
|
|t:|1651835124
|move|p2a: Celesteela|Meteor Beam||[still]
|-prepare|p2a: Celesteela|Meteor Beam
|-boost|p2a: Celesteela|spa|1
|-enditem|p2a: Celesteela|Power Herb
|-anim|p2a: Celesteela|Meteor Beam|p1a: Nidoqueen
|-resisted|p1a: Nidoqueen
|-damage|p1a: Nidoqueen|0 fnt
|faint|p1a: Nidoqueen
|-ability|p2a: Celesteela|Beast Boost|boost
|-boost|p2a: Celesteela|spa|1
|
|upkeep
|
|t:|1651835126
|switch|p1a: Scizor|Scizor, M|57/100
|turn|11
|
|t:|1651835144
|move|p1a: Scizor|Bullet Punch|p2a: Celesteela
|-resisted|p2a: Celesteela
|-damage|p2a: Celesteela|0 fnt
|faint|p2a: Celesteela
|
|upkeep
|
|t:|1651835148
|switch|p2a: Virizion|Virizion|100/100
|turn|12
|c|☆Springerk|yeah ofc
|
|t:|1651835178
|move|p2a: Virizion|Close Combat|p1a: Scizor
|-damage|p1a: Scizor|0 fnt
|-unboost|p2a: Virizion|def|1
|-unboost|p2a: Virizion|spd|1
|faint|p1a: Scizor
|-damage|p2a: Virizion|91/100|[from] item: Life Orb
|
|upkeep
|inactive|UULT91w Micciu has 120 seconds left.
|
|t:|1651835197
|switch|p1a: Azelf|Azelf|100/100
|turn|13
|
|t:|1651835208
|switch|p2a: Weezing|Weezing-Galar, M|100/100
|-fieldstart|move: Misty Terrain|[from] ability: Misty Surge|[of] p2a: Weezing
|move|p1a: Azelf|Psychic|p2a: Weezing
|-supereffective|p2a: Weezing
|-damage|p2a: Weezing|0 fnt
|faint|p2a: Weezing
|
|upkeep
|
|t:|1651835211
|switch|p2a: Hitmonlee|Hitmonlee, M|100/100
|-enditem|p2a: Hitmonlee|Misty Seed
|-boost|p2a: Hitmonlee|spd|1|[from] item: Misty Seed
|turn|14
|
|t:|1651835220
|switch|p1a: Salamence|Salamence, F|27/100
|-ability|p1a: Salamence|Intimidate|boost
|-unboost|p2a: Hitmonlee|atk|1
|move|p2a: Hitmonlee|Knock Off|p1a: Salamence
|-damage|p1a: Salamence|8/100
|-enditem|p1a: Salamence|Heavy-Duty Boots|[from] move: Knock Off|[of] p2a: Hitmonlee
|
|upkeep
|turn|15
|
|t:|1651835240
|move|p2a: Hitmonlee|Knock Off|p1a: Salamence
|-damage|p1a: Salamence|0 fnt
|faint|p1a: Salamence
|
|upkeep
|
|t:|1651835242
|switch|p1a: Azelf|Azelf|100/100
|turn|16
|
|t:|1651835245
|move|p2a: Hitmonlee|Knock Off|p1a: Azelf
|-supereffective|p1a: Azelf
|-damage|p1a: Azelf|21/100
|-enditem|p1a: Azelf|Heavy-Duty Boots|[from] move: Knock Off|[of] p2a: Hitmonlee
|move|p1a: Azelf|Psychic|p2a: Hitmonlee
|-supereffective|p2a: Hitmonlee
|-damage|p2a: Hitmonlee|31/100
|-unboost|p2a: Hitmonlee|spd|1
|
|upkeep
|turn|17
|
|t:|1651835252
|switch|p1a: Zarude|Zarude|100/100
|move|p2a: Hitmonlee|Knock Off|p1a: Zarude
|-resisted|p1a: Zarude
|-damage|p1a: Zarude|89/100
|-enditem|p1a: Zarude|Heavy-Duty Boots|[from] move: Knock Off|[of] p2a: Hitmonlee
|
|upkeep
|turn|18
|
|t:|1651835256
|move|p2a: Hitmonlee|Close Combat|p1a: Zarude
|-supereffective|p1a: Zarude
|-damage|p1a: Zarude|12/100
|-unboost|p2a: Hitmonlee|def|1
|-unboost|p2a: Hitmonlee|spd|1
|move|p1a: Zarude|Darkest Lariat|p2a: Hitmonlee
|-resisted|p2a: Hitmonlee
|-damage|p2a: Hitmonlee|0 fnt
|faint|p2a: Hitmonlee
|
|upkeep
|
|t:|1651835272
|switch|p2a: Keldeo|Keldeo-Resolute|100/100
|turn|19
|
|t:|1651835282
|move|p2a: Keldeo|Secret Sword|p1a: Zarude
|-supereffective|p1a: Zarude
|-damage|p1a: Zarude|0 fnt
|faint|p1a: Zarude
|
|upkeep
|
|t:|1651835283
|switch|p1a: Azelf|Azelf|21/100
|turn|20
|
|t:|1651835287
|move|p1a: Azelf|Psychic|p2a: Keldeo
|-supereffective|p2a: Keldeo
|-damage|p2a: Keldeo|0 fnt
|faint|p2a: Keldeo
|
|-fieldend|Misty Terrain
|upkeep
|
|t:|1651835290
|switch|p2a: Virizion|Virizion|91/100
|turn|21
|
|t:|1651835292
|move|p1a: Azelf|Psychic|p2a: Virizion
|-supereffective|p2a: Virizion
|-damage|p2a: Virizion|19/100
|move|p2a: Virizion|Leaf Blade|p1a: Azelf
|-damage|p1a: Azelf|0 fnt
|faint|p1a: Azelf
|-damage|p2a: Virizion|9/100|[from] item: Life Orb
|
|win|Springerk
|raw|UULT91w Micciu's rating: 1461 &rarr; <strong>1437</strong><br />(-24 for losing)
|raw|Springerk's rating: 1395 &rarr; <strong>1419</strong><br />(+24 for winning)
|l|☆UULT91w Micciu
