|j|☆4KT Kami
|j|☆Arcangel666
|t:|1659728312
|gametype|singles
|player|p1|4KT Kami|guitarist|1325
|player|p2|Arcangel666|piers|1470
|teamsize|p1|6
|teamsize|p2|6
|gen|8
|tier|[Gen 8] UU
|rated|
|rule|Sleep Clause Mod: Limit one foe put to sleep
|rule|Species Clause: Limit one of each Pokémon
|rule|OHKO Clause: OHKO moves are banned
|rule|Evasion Items Clause: Evasion items are banned
|rule|Evasion Moves Clause: Evasion moves are banned
|rule|Endless Battle Clause: Forcing endless battles is banned
|rule|HP Percentage Mod: HP is shown in percentages
|rule|Dynamax Clause: You cannot dynamax
|clearpoke
|poke|p1|Amoonguss, M|
|poke|p1|Jirachi|
|poke|p1|Keldeo-Resolute|
|poke|p1|Moltres|
|poke|p1|Krookodile, M|
|poke|p1|Thundurus-Therian, M|
|poke|p2|Tangrowth, M|
|poke|p2|Chansey, F|
|poke|p2|Conkeldurr, F|
|poke|p2|Hydreigon, M|
|poke|p2|Celesteela|
|poke|p2|Lycanroc-Dusk, M|
|teampreview
|inactive|Battle timer is ON: inactive players will automatically lose when time's up. (requested by 4KT Kami)
|
|t:|1659728330
|start
|switch|p1a: 毒|Amoonguss, M, shiny|100/100
|switch|p2a: Conkeldurr|Conkeldurr, F|100/100
|turn|1
|
|t:|1659728334
|move|p2a: Conkeldurr|Knock Off|p1a: 毒
|-damage|p1a: 毒|70/100
|-enditem|p1a: 毒|Black Sludge|[from] move: Knock Off|[of] p2a: Conkeldurr
|move|p1a: 毒|Sludge Bomb|p2a: Conkeldurr
|-damage|p2a: Conkeldurr|68/100
|
|-status|p2a: Conkeldurr|brn|[from] item: Flame Orb
|upkeep
|turn|2
|
|t:|1659728340
|move|p2a: Conkeldurr|Facade|p1a: 毒
|-damage|p1a: 毒|10/100
|move|p1a: 毒|Synthesis|p1a: 毒
|-heal|p1a: 毒|60/100
|
|-damage|p2a: Conkeldurr|62/100 brn|[from] brn
|upkeep
|turn|3
|
|t:|1659728351
|switch|p1a: 地震情報|Krookodile, M|100/100
|-ability|p1a: 地震情報|Intimidate|boost
|-unboost|p2a: Conkeldurr|atk|1
|move|p2a: Conkeldurr|Knock Off|p1a: 地震情報
|-resisted|p1a: 地震情報
|-damage|p1a: 地震情報|78/100
|-enditem|p1a: 地震情報|Leftovers|[from] move: Knock Off|[of] p2a: Conkeldurr
|
|-damage|p2a: Conkeldurr|56/100 brn|[from] brn
|upkeep
|turn|4
|
|t:|1659728367
|switch|p2a: Tangrowth|Tangrowth, M, shiny|100/100
|move|p1a: 地震情報|Stealth Rock|p2a: Tangrowth
|-sidestart|p2: Arcangel666|move: Stealth Rock
|
|upkeep
|turn|5
|
|t:|1659728372
|switch|p1a: 毒|Amoonguss, M, shiny|94/100
|move|p2a: Tangrowth|Giga Drain|p1a: 毒
|-resisted|p1a: 毒
|-damage|p1a: 毒|88/100
|
|upkeep
|turn|6
|
|t:|1659728379
|switch|p2a: Chansey|Chansey, F|100/100
|-damage|p2a: Chansey|88/100|[from] Stealth Rock
|move|p1a: 毒|Sludge Bomb|p2a: Chansey
|-damage|p2a: Chansey|80/100
|-status|p2a: Chansey|psn
|
|-damage|p2a: Chansey|68/100 psn|[from] psn
|upkeep
|turn|7
|
|t:|1659728389
|switch|p1a: 水|Keldeo-Resolute|100/100
|move|p2a: Chansey|Teleport|p2a: Chansey
|
|t:|1659728396
|-curestatus|p2a: Chansey|psn|[from] ability: Natural Cure
|switch|p2a: Celesteela|Celesteela, shiny|100/100|[from]move: Teleport
|-damage|p2a: Celesteela|88/100|[from] Stealth Rock
|
|-heal|p2a: Celesteela|94/100|[from] item: Leftovers
|upkeep
|turn|8
|
|t:|1659728400
|switch|p1a: Zanka no Tachi|Moltres|100/100
|move|p2a: Celesteela|Leech Seed|p1a: Zanka no Tachi
|-start|p1a: Zanka no Tachi|move: Leech Seed
|
|-heal|p2a: Celesteela|99/100|[from] item: Leftovers
|-damage|p1a: Zanka no Tachi|88/100|[from] Leech Seed|[of] p2a: Celesteela
|-heal|p2a: Celesteela|100/100|[silent]
|upkeep
|turn|9
|
|t:|1659728407
|switch|p1a: 毒|Amoonguss, M, shiny|100/100
|move|p2a: Celesteela|Protect||[still]
|-fail|p2a: Celesteela
|
|upkeep
|turn|10
|
|t:|1659728415
|move|p2a: Celesteela|Air Slash|p1a: 毒
|-supereffective|p1a: 毒
|-damage|p1a: 毒|52/100
|cant|p1a: 毒|flinch
|
|upkeep
|turn|11
|
|t:|1659728419
|switch|p1a: Zanka no Tachi|Moltres|88/100
|move|p2a: Celesteela|Leech Seed|p1a: Zanka no Tachi|[miss]
|-miss|p2a: Celesteela|p1a: Zanka no Tachi
|
|upkeep
|turn|12
|
|t:|1659728426
|move|p1a: Zanka no Tachi|Fire Blast|p2a: Celesteela
|-supereffective|p2a: Celesteela
|-damage|p2a: Celesteela|46/100
|move|p2a: Celesteela|Air Slash|p1a: Zanka no Tachi
|-damage|p1a: Zanka no Tachi|58/100
|
|-heal|p2a: Celesteela|52/100|[from] item: Leftovers
|upkeep
|turn|13
|
|t:|1659728435
|switch|p2a: Hydreigon|Hydreigon, M, shiny|100/100
|-damage|p2a: Hydreigon|88/100|[from] Stealth Rock
|move|p1a: Zanka no Tachi|Fire Blast|p2a: Hydreigon|[miss]
|-miss|p1a: Zanka no Tachi|p2a: Hydreigon
|
|upkeep
|turn|14
|
|t:|1659728453
|move|p2a: Hydreigon|Draco Meteor|p1a: Zanka no Tachi
|-damage|p1a: Zanka no Tachi|0 fnt
|-unboost|p2a: Hydreigon|spa|2
|faint|p1a: Zanka no Tachi
|-damage|p2a: Hydreigon|78/100|[from] item: Life Orb
|
|upkeep
|
|t:|1659728466
|switch|p1a: 水|Keldeo-Resolute|100/100
|turn|15
|
|t:|1659728469
|switch|p2a: Tangrowth|Tangrowth, M, shiny|100/100
|-damage|p2a: Tangrowth|88/100|[from] Stealth Rock
|move|p1a: 水|Secret Sword|p2a: Tangrowth
|-crit|p2a: Tangrowth
|-damage|p2a: Tangrowth|38/100
|
|upkeep
|turn|16
|
|t:|1659728480
|switch|p1a: 毒|Amoonguss, M, shiny|85/100
|switch|p2a: Hydreigon|Hydreigon, M, shiny|78/100
|-damage|p2a: Hydreigon|66/100|[from] Stealth Rock
|
|upkeep
|turn|17
|
|t:|1659728484
|move|p2a: Hydreigon|Flamethrower|p1a: 毒
|-supereffective|p1a: 毒
|-damage|p1a: 毒|5/100
|-damage|p2a: Hydreigon|56/100|[from] item: Life Orb
|move|p1a: 毒|Spore|p2a: Hydreigon
|-status|p2a: Hydreigon|slp|[from] move: Spore
|
|upkeep
|turn|18
|
|t:|1659728489
|switch|p2a: Lycanroc|Lycanroc-Dusk, M|100/100
|-damage|p2a: Lycanroc|88/100|[from] Stealth Rock
|switch|p1a: 水|Keldeo-Resolute|100/100
|
|upkeep
|turn|19
|
|t:|1659728496
|switch|p2a: Chansey|Chansey, F|68/100
|-damage|p2a: Chansey|56/100|[from] Stealth Rock
|move|p1a: 水|Surf|p2a: Chansey
|-damage|p2a: Chansey|33/100
|
|upkeep
|turn|20
|
|t:|1659728518
|switch|p1a: Minazuki|Thundurus-Therian, M, shiny|100/100
|move|p2a: Chansey|Soft-Boiled|p2a: Chansey
|-heal|p2a: Chansey|83/100
|
|upkeep
|turn|21
|
|t:|1659728525
|move|p1a: Minazuki|Focus Blast|p2a: Chansey|[miss]
|-miss|p1a: Minazuki|p2a: Chansey
|move|p2a: Chansey|Teleport|p2a: Chansey
|
|t:|1659728532
|switch|p2a: Lycanroc|Lycanroc-Dusk, M|88/100|[from]move: Teleport
|-damage|p2a: Lycanroc|76/100|[from] Stealth Rock
|
|upkeep
|turn|22
|
|t:|1659728547
|switch|p1a: Kyouka Suigetsu|Jirachi|100/100
|move|p2a: Lycanroc|Swords Dance|p2a: Lycanroc
|-boost|p2a: Lycanroc|atk|2
|
|upkeep
|turn|23
|
|t:|1659728555
|switch|p2a: Tangrowth|Tangrowth, M, shiny|72/100
|-damage|p2a: Tangrowth|59/100|[from] Stealth Rock
|move|p1a: Kyouka Suigetsu|Iron Head|p2a: Tangrowth
|-damage|p2a: Tangrowth|41/100
|-damage|p1a: Kyouka Suigetsu|84/100|[from] item: Rocky Helmet|[of] p2a: Tangrowth
|
|upkeep
|turn|24
|
|t:|1659728562
|switch|p1a: 毒|Amoonguss, M, shiny|38/100
|switch|p2a: Conkeldurr|Conkeldurr, F|56/100 brn
|-damage|p2a: Conkeldurr|50/100 brn|[from] Stealth Rock
|
|-damage|p2a: Conkeldurr|44/100 brn|[from] brn
|upkeep
|turn|25
|
|t:|1659728568
|switch|p1a: 地震情報|Krookodile, M|78/100
|-ability|p1a: 地震情報|Intimidate|boost
|-unboost|p2a: Conkeldurr|atk|1
|move|p2a: Conkeldurr|Facade|p1a: 地震情報
|-damage|p1a: 地震情報|15/100
|
|-damage|p2a: Conkeldurr|38/100 brn|[from] brn
|upkeep
|turn|26
|
|t:|1659728582
|move|p2a: Conkeldurr|Mach Punch|p1a: 地震情報
|-supereffective|p1a: 地震情報
|-damage|p1a: 地震情報|0 fnt
|faint|p1a: 地震情報
|
|-damage|p2a: Conkeldurr|32/100 brn|[from] brn
|upkeep
|
|t:|1659728604
|switch|p1a: Minazuki|Thundurus-Therian, M, shiny|100/100
|turn|27
|
|t:|1659728609
|switch|p2a: Chansey|Chansey, F|83/100
|-damage|p2a: Chansey|71/100|[from] Stealth Rock
|move|p1a: Minazuki|Volt Switch|p2a: Chansey
|-damage|p2a: Chansey|56/100
|-damage|p1a: Minazuki|91/100|[from] item: Life Orb
|
|t:|1659728611
|switch|p1a: 水|Keldeo-Resolute|100/100|[from]move: Volt Switch
|
|upkeep
|turn|28
|
|t:|1659728622
|move|p1a: 水|Air Slash|p2a: Chansey
|-damage|p2a: Chansey|44/100
|move|p2a: Chansey|Teleport|p2a: Chansey
|
|t:|1659728626
|switch|p2a: Lycanroc|Lycanroc-Dusk, M|76/100|[from]move: Teleport
|-damage|p2a: Lycanroc|63/100|[from] Stealth Rock
|
|upkeep
|turn|29
|
|t:|1659728633
|switch|p1a: Kyouka Suigetsu|Jirachi|84/100
|move|p2a: Lycanroc|Swords Dance|p2a: Lycanroc
|-boost|p2a: Lycanroc|atk|2
|
|upkeep
|turn|30
|
|t:|1659728637
|switch|p2a: Tangrowth|Tangrowth, M, shiny|74/100
|-damage|p2a: Tangrowth|61/100|[from] Stealth Rock
|move|p1a: Kyouka Suigetsu|Iron Head|p2a: Tangrowth
|-damage|p2a: Tangrowth|43/100
|-damage|p1a: Kyouka Suigetsu|68/100|[from] item: Rocky Helmet|[of] p2a: Tangrowth
|
|upkeep
|turn|31
|
|t:|1659728652
|switch|p1a: Minazuki|Thundurus-Therian, M, shiny|91/100
|switch|p2a: Conkeldurr|Conkeldurr, F|32/100 brn
|-damage|p2a: Conkeldurr|26/100 brn|[from] Stealth Rock
|
|-damage|p2a: Conkeldurr|20/100 brn|[from] brn
|upkeep
|turn|32
|
|t:|1659728657
|move|p2a: Conkeldurr|Mach Punch|p1a: Minazuki
|-resisted|p1a: Minazuki
|-damage|p1a: Minazuki|61/100
|move|p1a: Minazuki|Volt Switch|p2a: Conkeldurr
|-damage|p2a: Conkeldurr|0 fnt
|faint|p2a: Conkeldurr
|-damage|p1a: Minazuki|51/100|[from] item: Life Orb
|inactive|4KT Kami has 120 seconds left.
|
|t:|1659728689
|switch|p1a: Kyouka Suigetsu|Jirachi|68/100|[from]move: Volt Switch
|
|upkeep
|
|t:|1659728694
|switch|p2a: Tangrowth|Tangrowth, M, shiny|76/100
|-damage|p2a: Tangrowth|64/100|[from] Stealth Rock
|turn|33
|
|t:|1659728705
|switch|p1a: 毒|Amoonguss, M, shiny|72/100
|move|p2a: Tangrowth|Knock Off|p1a: 毒
|-crit|p1a: 毒
|-damage|p1a: 毒|54/100
|
|upkeep
|turn|34
|
|t:|1659728712
|switch|p2a: Celesteela|Celesteela, shiny|52/100
|-damage|p2a: Celesteela|39/100|[from] Stealth Rock
|move|p1a: 毒|Synthesis|p1a: 毒
|-heal|p1a: 毒|100/100
|
|-heal|p2a: Celesteela|45/100|[from] item: Leftovers
|upkeep
|turn|35
|inactive|4KT Kami has 120 seconds left.
|inactive|4KT Kami has 90 seconds left.
|
|t:|1659728781
|switch|p1a: Minazuki|Thundurus-Therian, M, shiny|51/100
|move|p2a: Celesteela|Leech Seed|p1a: Minazuki
|-start|p1a: Minazuki|move: Leech Seed
|
|-heal|p2a: Celesteela|52/100|[from] item: Leftovers
|-damage|p1a: Minazuki|39/100|[from] Leech Seed|[of] p2a: Celesteela
|-heal|p2a: Celesteela|61/100|[silent]
|upkeep
|turn|36
|
|t:|1659728791
|move|p2a: Celesteela|Protect|p2a: Celesteela
|-singleturn|p2a: Celesteela|Protect
|move|p1a: Minazuki|Volt Switch|p2a: Celesteela
|-activate|p2a: Celesteela|move: Protect
|
|-heal|p2a: Celesteela|67/100|[from] item: Leftovers
|-damage|p1a: Minazuki|26/100|[from] Leech Seed|[of] p2a: Celesteela
|-heal|p2a: Celesteela|76/100|[silent]
|upkeep
|turn|37
|
|t:|1659728801
|switch|p2a: Chansey|Chansey, F|44/100
|-damage|p2a: Chansey|32/100|[from] Stealth Rock
|move|p1a: Minazuki|Volt Switch|p2a: Chansey
|-damage|p2a: Chansey|16/100
|-damage|p1a: Minazuki|17/100|[from] item: Life Orb
|inactive|4KT Kami has 90 seconds left.
|
|t:|1659728811
|switch|p1a: 水|Keldeo-Resolute|100/100|[from]move: Volt Switch
|
|upkeep
|turn|38
|
|t:|1659728814
|move|p1a: 水|Hydro Pump|p2a: Chansey
|-damage|p2a: Chansey|0 fnt
|faint|p2a: Chansey
|
|upkeep
|
|t:|1659728817
|switch|p2a: Tangrowth|Tangrowth, M, shiny|97/100
|-damage|p2a: Tangrowth|84/100|[from] Stealth Rock
|turn|39
|
|t:|1659728822
|switch|p1a: 毒|Amoonguss, M, shiny|100/100
|move|p2a: Tangrowth|Knock Off|p1a: 毒
|-damage|p1a: 毒|89/100
|
|upkeep
|turn|40
|inactive|4KT Kami has 120 seconds left.
|
|t:|1659728834
|switch|p2a: Celesteela|Celesteela, shiny|76/100
|-damage|p2a: Celesteela|64/100|[from] Stealth Rock
|switch|p1a: 水|Keldeo-Resolute|100/100
|
|-heal|p2a: Celesteela|70/100|[from] item: Leftovers
|upkeep
|turn|41
|
|t:|1659728840
|move|p2a: Celesteela|Protect|p2a: Celesteela
|-singleturn|p2a: Celesteela|Protect
|move|p1a: 水|Hydro Pump|p2a: Celesteela
|-activate|p2a: Celesteela|move: Protect
|
|-heal|p2a: Celesteela|76/100|[from] item: Leftovers
|upkeep
|turn|42
|
|t:|1659728844
|move|p1a: 水|Hydro Pump|p2a: Celesteela
|-damage|p2a: Celesteela|26/100
|move|p2a: Celesteela|Leech Seed|p1a: 水
|-start|p1a: 水|move: Leech Seed
|
|-heal|p2a: Celesteela|32/100|[from] item: Leftovers
|-damage|p1a: 水|88/100|[from] Leech Seed|[of] p2a: Celesteela
|-heal|p2a: Celesteela|42/100|[silent]
|upkeep
|turn|43
|
|t:|1659728853
|switch|p1a: Minazuki|Thundurus-Therian, M, shiny|17/100
|move|p2a: Celesteela|Protect||[still]
|-fail|p2a: Celesteela
|
|-heal|p2a: Celesteela|48/100|[from] item: Leftovers
|upkeep
|turn|44
|
|t:|1659728859
|switch|p2a: Tangrowth|Tangrowth, M, shiny|100/100
|-damage|p2a: Tangrowth|88/100|[from] Stealth Rock
|move|p1a: Minazuki|Volt Switch|p2a: Tangrowth
|-resisted|p2a: Tangrowth
|-damage|p2a: Tangrowth|44/100
|-damage|p1a: Minazuki|7/100|[from] item: Life Orb
|
|t:|1659728861
|switch|p1a: 水|Keldeo-Resolute|88/100|[from]move: Volt Switch
|
|upkeep
|turn|45
|
|t:|1659728873
|move|p1a: 水|Hydro Pump|p2a: Tangrowth
|-resisted|p2a: Tangrowth
|-damage|p2a: Tangrowth|0 fnt
|faint|p2a: Tangrowth
|
|upkeep
|
|t:|1659728876
|switch|p2a: Celesteela|Celesteela, shiny|48/100
|-damage|p2a: Celesteela|36/100|[from] Stealth Rock
|turn|46
|
|t:|1659728881
|move|p2a: Celesteela|Protect|p2a: Celesteela
|-singleturn|p2a: Celesteela|Protect
|move|p1a: 水|Hydro Pump|p2a: Celesteela
|-activate|p2a: Celesteela|move: Protect
|
|-heal|p2a: Celesteela|42/100|[from] item: Leftovers
|upkeep
|turn|47
|
|t:|1659728883
|move|p1a: 水|Hydro Pump|p2a: Celesteela
|-damage|p2a: Celesteela|0 fnt
|faint|p2a: Celesteela
|
|upkeep
|
|t:|1659728886
|switch|p2a: Lycanroc|Lycanroc-Dusk, M|63/100
|-damage|p2a: Lycanroc|51/100|[from] Stealth Rock
|turn|48
|
|t:|1659728909
|switch|p1a: Kyouka Suigetsu|Jirachi|68/100
|move|p2a: Lycanroc|Swords Dance|p2a: Lycanroc
|-boost|p2a: Lycanroc|atk|2
|
|upkeep
|turn|49
|
|t:|1659728912
|move|p1a: Kyouka Suigetsu|Iron Head|p2a: Lycanroc
|-supereffective|p2a: Lycanroc
|-damage|p2a: Lycanroc|0 fnt
|faint|p2a: Lycanroc
|
|upkeep
|
|t:|1659728914
|switch|p2a: Hydreigon|Hydreigon, M, shiny|56/100 slp
|-damage|p2a: Hydreigon|44/100 slp|[from] Stealth Rock
|turn|50
|c|☆4KT Kami|Gg
|
|t:|1659728921
|move|p1a: Kyouka Suigetsu|Iron Head|p2a: Hydreigon
|-damage|p2a: Hydreigon|1/100 slp
|cant|p2a: Hydreigon|slp
|
|upkeep
|turn|51
|
|t:|1659728929
|switch|p1a: Minazuki|Thundurus-Therian, M, shiny|7/100
|cant|p2a: Hydreigon|slp
|
|upkeep
|turn|52
|
|t:|1659728934
|switch|p1a: 水|Keldeo-Resolute|88/100
|-curestatus|p2a: Hydreigon|slp|[msg]
|move|p2a: Hydreigon|Dark Pulse|p1a: 水
|-resisted|p1a: 水
|-damage|p1a: 水|55/100
|-ability|p1a: 水|Justified|boost
|-boost|p1a: 水|atk|1
|-damage|p2a: Hydreigon|0 fnt|[from] item: Life Orb
|faint|p2a: Hydreigon
|
|win|4KT Kami
|raw|4KT Kami's rating: 1325 &rarr; <strong>1353</strong><br />(+28 for winning)
|raw|Arcangel666's rating: 1470 &rarr; <strong>1442</strong><br />(-28 for losing)
|l|☆Arcangel666
