|j|☆Nakeeb^*!
|j|☆Sneakyplanner
|t:|1664070073
|gametype|singles
|player|p1|Nakeeb^*!|2|1397
|player|p2|Sneakyplanner|rocketgruntf|1372
|teamsize|p1|6
|teamsize|p2|6
|gen|8
|tier|[Gen 8] UU
|rated|
|rule|Sleep Clause Mod: Limit one foe put to sleep
|rule|Species Clause: Limit one of each Pokémon
|rule|OHKO Clause: OHKO moves are banned
|rule|Evasion Items Clause: Evasion items are banned
|rule|Evasion Moves Clause: Evasion moves are banned
|rule|Endless Battle Clause: Forcing endless battles is banned
|rule|HP Percentage Mod: HP is shown in percentages
|rule|Dynamax Clause: You cannot dynamax
|clearpoke
|poke|p1|Salamence, M|
|poke|p1|Slowking, M|
|poke|p1|Tapu Bulu|
|poke|p1|Krookodile, M|
|poke|p1|Scizor, M|
|poke|p1|Thundurus-Therian, M|
|poke|p2|Jirachi|
|poke|p2|Amoonguss, F|
|poke|p2|Lycanroc-Dusk, M|
|poke|p2|Mandibuzz, F|
|poke|p2|Salamence, F|
|poke|p2|Swampert, M|
|teampreview
|inactive|Battle timer is ON: inactive players will automatically lose when time's up. (requested by Nakeeb^*!)
|
|t:|1664070091
|start
|switch|p1a: Krookodile|Krookodile, M|100/100
|switch|p2a: Jirachi|Jirachi|100/100
|-ability|p1a: Krookodile|Intimidate|boost
|-unboost|p2a: Jirachi|atk|1
|turn|1
|
|t:|1664070118
|move|p2a: Jirachi|U-turn|p1a: Krookodile
|-supereffective|p1a: Krookodile
|-damage|p1a: Krookodile|73/100
|
|t:|1664070122
|switch|p2a: Buzby|Mandibuzz, F|100/100|[from]move: U-turn
|move|p1a: Krookodile|Knock Off|p2a: Buzby
|-resisted|p2a: Buzby
|-damage|p2a: Buzby|86/100
|-enditem|p2a: Buzby|Heavy-Duty Boots|[from] move: Knock Off|[of] p1a: Krookodile
|
|-heal|p1a: Krookodile|79/100|[from] item: Leftovers
|upkeep
|turn|2
|
|t:|1664070130
|move|p1a: Krookodile|Toxic|p2a: Buzby
|-status|p2a: Buzby|tox
|move|p2a: Buzby|Knock Off|p1a: Krookodile
|-resisted|p1a: Krookodile
|-damage|p1a: Krookodile|68/100
|-enditem|p1a: Krookodile|Leftovers|[from] move: Knock Off|[of] p2a: Buzby
|
|-damage|p2a: Buzby|80/100 tox|[from] psn
|upkeep
|turn|3
|
|t:|1664070139
|move|p1a: Krookodile|Stealth Rock|p2a: Buzby
|-sidestart|p2: Sneakyplanner|move: Stealth Rock
|move|p2a: Buzby|Defog|p1a: Krookodile
|-unboost|p1a: Krookodile|evasion|1
|-sideend|p2: Sneakyplanner|Stealth Rock|[from] move: Defog|[of] p2a: Buzby
|
|-damage|p2a: Buzby|68/100 tox|[from] psn
|upkeep
|turn|4
|
|t:|1664070146
|move|p1a: Krookodile|Stealth Rock|p2a: Buzby
|-sidestart|p2: Sneakyplanner|move: Stealth Rock
|move|p2a: Buzby|U-turn|p1a: Krookodile
|-supereffective|p1a: Krookodile
|-damage|p1a: Krookodile|45/100
|c|☆Nakeeb^*!|at what cost
|
|t:|1664070153
|switch|p2a: Deluge|Swampert, M|100/100|[from]move: U-turn
|-damage|p2a: Deluge|94/100|[from] Stealth Rock
|
|-heal|p2a: Deluge|100/100|[from] item: Leftovers
|upkeep
|turn|5
|
|t:|1664070160
|switch|p1a: Salamence|Salamence, M|100/100
|-ability|p1a: Salamence|Intimidate|boost
|-unboost|p2a: Deluge|atk|1
|move|p2a: Deluge|Toxic|p1a: Salamence
|-status|p1a: Salamence|tox
|
|-damage|p1a: Salamence|94/100 tox|[from] psn
|upkeep
|turn|6
|
|t:|1664070169
|move|p1a: Salamence|Hurricane|p2a: Deluge|[miss]
|-miss|p1a: Salamence|p2a: Deluge
|move|p2a: Deluge|Stealth Rock|p1a: Salamence
|-sidestart|p1: Nakeeb^*!|move: Stealth Rock
|
|-damage|p1a: Salamence|82/100 tox|[from] psn
|upkeep
|turn|7
|
|t:|1664070175
|move|p1a: Salamence|Hurricane|p2a: Deluge
|-crit|p2a: Deluge
|-damage|p2a: Deluge|31/100
|move|p2a: Deluge|Flip Turn|p1a: Salamence
|-resisted|p1a: Salamence
|-damage|p1a: Salamence|68/100 tox
|
|t:|1664070181
|switch|p2a: Sunset|Lycanroc-Dusk, M|100/100|[from]move: Flip Turn
|-damage|p2a: Sunset|88/100|[from] Stealth Rock
|
|-damage|p1a: Salamence|50/100 tox|[from] psn
|upkeep
|turn|8
|
|t:|1664070190
|switch|p1a: Krookodile|Krookodile, M|45/100
|-damage|p1a: Krookodile|39/100|[from] Stealth Rock
|-ability|p1a: Krookodile|Intimidate|boost
|-unboost|p2a: Sunset|atk|1
|move|p2a: Sunset|Stone Edge|p1a: Krookodile
|-resisted|p1a: Krookodile
|-damage|p1a: Krookodile|20/100
|-damage|p2a: Sunset|78/100|[from] item: Life Orb
|
|upkeep
|turn|9
|
|t:|1664070199
|switch|p1a: Scizor|Scizor, M|100/100
|move|p2a: Sunset|Close Combat|p1a: Scizor
|-damage|p1a: Scizor|63/100
|-unboost|p2a: Sunset|def|1
|-unboost|p2a: Sunset|spd|1
|-damage|p2a: Sunset|68/100|[from] item: Life Orb
|
|upkeep
|turn|10
|
|t:|1664070215
|switch|p2a: Breloomish|Amoonguss, F|100/100
|-damage|p2a: Breloomish|88/100|[from] Stealth Rock
|move|p1a: Scizor|U-turn|p2a: Breloomish
|-damage|p2a: Breloomish|64/100
|-damage|p1a: Scizor|46/100|[from] item: Rocky Helmet|[of] p2a: Breloomish
|
|t:|1664070233
|switch|p1a: Tapu Bulu|Tapu Bulu|100/100|[from]move: U-turn
|-damage|p1a: Tapu Bulu|88/100|[from] Stealth Rock
|-fieldstart|move: Grassy Terrain|[from] ability: Grassy Surge|[of] p1a: Tapu Bulu
|
|-heal|p1a: Tapu Bulu|94/100|[from] Grassy Terrain
|-heal|p2a: Breloomish|70/100|[from] Grassy Terrain
|upkeep
|turn|11
|c|☆Nakeeb^*!|missclick
|c|☆Nakeeb^*!|fuck
|
|t:|1664070242
|move|p1a: Tapu Bulu|Zen Headbutt|p2a: Breloomish
|-supereffective|p2a: Breloomish
|-damage|p2a: Breloomish|6/100
|-damage|p1a: Tapu Bulu|78/100|[from] item: Rocky Helmet|[of] p2a: Breloomish
|move|p2a: Breloomish|Sludge Bomb|p1a: Tapu Bulu
|-supereffective|p1a: Tapu Bulu
|-crit|p1a: Tapu Bulu
|-damage|p1a: Tapu Bulu|0 fnt
|faint|p1a: Tapu Bulu
|
|-heal|p2a: Breloomish|12/100|[from] Grassy Terrain
|upkeep
|c|☆Nakeeb^*!|THAT DOESNT KILl
|c|☆Nakeeb^*!|ADAMANT BAND ZEN
|inactive|Nakeeb^*! has 120 seconds left.
|c|☆Sneakyplanner|Bulky shroom
|
|t:|1664070281
|switch|p1a: Thundurus|Thundurus-Therian, M|100/100
|turn|12
|
|t:|1664070297
|switch|p2a: Deluge|Swampert, M|31/100
|-damage|p2a: Deluge|25/100|[from] Stealth Rock
|move|p1a: Thundurus|Thunderbolt|p2a: Deluge
|-immune|p2a: Deluge
|
|-heal|p2a: Deluge|31/100|[from] Grassy Terrain
|-heal|p2a: Deluge|38/100|[from] item: Leftovers
|upkeep
|turn|13
|
|t:|1664070306
|switch|p2a: Jirachi|Jirachi|100/100
|-damage|p2a: Jirachi|94/100|[from] Stealth Rock
|move|p1a: Thundurus|Grass Knot|p2a: Jirachi
|-resisted|p2a: Jirachi
|-damage|p2a: Jirachi|91/100
|
|-heal|p2a: Jirachi|97/100|[from] Grassy Terrain
|upkeep
|turn|14
|inactive|Nakeeb^*! has 120 seconds left.
|
|t:|1664070321
|move|p2a: Jirachi|U-turn|p1a: Thundurus
|-resisted|p1a: Thundurus
|-damage|p1a: Thundurus|85/100
|
|t:|1664070328
|switch|p2a: Breloomish|Amoonguss, F|45/100|[from]move: U-turn
|-damage|p2a: Breloomish|33/100|[from] Stealth Rock
|move|p1a: Thundurus|Volt Switch|p2a: Breloomish
|-resisted|p2a: Breloomish
|-damage|p2a: Breloomish|14/100
|inactive|Nakeeb^*! has 120 seconds left.
|
|t:|1664070352
|switch|p1a: Scizor|Scizor, M|46/100|[from]move: Volt Switch
|
|-heal|p1a: Scizor|52/100|[from] Grassy Terrain
|-heal|p2a: Breloomish|20/100|[from] Grassy Terrain
|-fieldend|move: Grassy Terrain
|upkeep
|turn|15
|
|t:|1664070358
|move|p1a: Scizor|U-turn|p2a: Breloomish
|-damage|p2a: Breloomish|0 fnt
|-damage|p1a: Scizor|36/100|[from] item: Rocky Helmet|[of] p2a: Breloomish
|faint|p2a: Breloomish
|c|☆Nakeeb^*!|annoying ass shit
|
|t:|1664070369
|switch|p1a: Thundurus|Thundurus-Therian, M|85/100|[from]move: U-turn
|
|upkeep
|
|t:|1664070392
|switch|p2a: Sunset|Lycanroc-Dusk, M|68/100
|-damage|p2a: Sunset|56/100|[from] Stealth Rock
|turn|16
|inactive|Nakeeb^*! has 120 seconds left.
|
|t:|1664070411
|switch|p1a: Krookodile|Krookodile, M|20/100
|-damage|p1a: Krookodile|14/100|[from] Stealth Rock
|-ability|p1a: Krookodile|Intimidate|boost
|-unboost|p2a: Sunset|atk|1
|move|p2a: Sunset|Stone Edge|p1a: Krookodile
|-resisted|p1a: Krookodile
|-damage|p1a: Krookodile|0 fnt
|faint|p1a: Krookodile
|-damage|p2a: Sunset|46/100|[from] item: Life Orb
|
|upkeep
|
|t:|1664070425
|switch|p1a: Slowking|Slowking, M|100/100
|-damage|p1a: Slowking|88/100|[from] Stealth Rock
|turn|17
|
|t:|1664070437
|switch|p2a: Jirachi|Jirachi|97/100
|-damage|p2a: Jirachi|91/100|[from] Stealth Rock
|move|p1a: Slowking|Scald|p2a: Jirachi
|-damage|p2a: Jirachi|62/100
|
|upkeep
|turn|18
|
|t:|1664070451
|switch|p1a: Salamence|Salamence, M|50/100 tox
|-ability|p1a: Salamence|Intimidate|boost
|-unboost|p2a: Jirachi|atk|1
|move|p2a: Jirachi|Trick|p1a: Salamence
|-activate|p2a: Jirachi|move: Trick|[of] p1a: Salamence
|-item|p1a: Salamence|Choice Scarf|[from] move: Trick
|-item|p2a: Jirachi|Heavy-Duty Boots|[from] move: Trick
|
|-damage|p1a: Salamence|44/100 tox|[from] psn
|upkeep
|turn|19
|
|t:|1664070467
|switch|p2a: Deluge|Swampert, M|38/100
|-damage|p2a: Deluge|31/100|[from] Stealth Rock
|move|p1a: Salamence|Flamethrower|p2a: Deluge
|-resisted|p2a: Deluge
|-damage|p2a: Deluge|19/100
|-status|p2a: Deluge|brn
|
|-heal|p2a: Deluge|25/100 brn|[from] item: Leftovers
|-damage|p1a: Salamence|32/100 tox|[from] psn
|-damage|p2a: Deluge|19/100 brn|[from] brn
|upkeep
|turn|20
|
|t:|1664070485
|switch|p1a: Slowking|Slowking, M|100/100
|-damage|p1a: Slowking|88/100|[from] Stealth Rock
|move|p2a: Deluge|Flip Turn|p1a: Slowking
|-resisted|p1a: Slowking
|-damage|p1a: Slowking|82/100
|
|t:|1664070503
|switch|p2a: Abdul|Salamence, F|100/100|[from]move: Flip Turn
|-ability|p2a: Abdul|Intimidate|boost
|-unboost|p1a: Slowking|atk|1
|
|upkeep
|turn|21
|c|☆Nakeeb^*!|salam abdul
|inactive|Nakeeb^*! has 90 seconds left.
|
|t:|1664070534
|move|p2a: Abdul|Hurricane|p1a: Slowking|[miss]
|-miss|p2a: Abdul|p1a: Slowking
|move|p1a: Slowking|Scald|p2a: Abdul
|-resisted|p2a: Abdul
|-crit|p2a: Abdul
|-damage|p2a: Abdul|76/100
|
|upkeep
|turn|22
|
|t:|1664070548
|move|p2a: Abdul|Hurricane|p1a: Slowking
|-damage|p1a: Slowking|40/100
|move|p1a: Slowking|Psychic|p2a: Abdul
|-damage|p2a: Abdul|36/100
|
|upkeep
|turn|23
|
|t:|1664070566
|switch|p1a: Salamence|Salamence, M|32/100 tox
|-damage|p1a: Salamence|7/100 tox|[from] Stealth Rock
|-ability|p1a: Salamence|Intimidate|boost
|-unboost|p2a: Abdul|atk|1
|move|p2a: Abdul|Draco Meteor|p1a: Salamence
|-supereffective|p1a: Salamence
|-damage|p1a: Salamence|0 fnt
|-unboost|p2a: Abdul|spa|2
|faint|p1a: Salamence
|
|upkeep
|inactive|Nakeeb^*! has 60 seconds left.
|
|t:|1664070592
|switch|p1a: Slowking|Slowking, M|74/100
|-damage|p1a: Slowking|61/100|[from] Stealth Rock
|turn|24
|inactive|Nakeeb^*! has 60 seconds left.
|
|t:|1664070599
|switch|p2a: Jirachi|Jirachi|62/100
|move|p1a: Slowking|Teleport|p1a: Slowking
|
|t:|1664070602
|switch|p1a: Scizor|Scizor, M|36/100|[from]move: Teleport
|
|upkeep
|turn|25
|
|t:|1664070609
|move|p2a: Jirachi|Iron Head|p1a: Scizor
|-resisted|p1a: Scizor
|-crit|p1a: Scizor
|-damage|p1a: Scizor|10/100
|cant|p1a: Scizor|flinch
|
|upkeep
|turn|26
|c|☆Nakeeb^*!|dont
|c|☆Nakeeb^*!|ofc
|
|t:|1664070624
|switch|p1a: Slowking|Slowking, M|95/100
|-damage|p1a: Slowking|82/100|[from] Stealth Rock
|move|p2a: Jirachi|Iron Head|p1a: Slowking
|-resisted|p1a: Slowking
|-damage|p1a: Slowking|69/100
|
|upkeep
|turn|27
|c|☆Nakeeb^*!|just like that
|c|☆Nakeeb^*!|it's gg
|inactive|Sneakyplanner has 120 seconds left.
|
|t:|1664070653
|move|p2a: Jirachi|U-turn|p1a: Slowking
|-supereffective|p1a: Slowking
|-damage|p1a: Slowking|39/100
|inactive|Sneakyplanner has 120 seconds left.
|
|t:|1664070659
|switch|p2a: Buzby|Mandibuzz, F|68/100 tox|[from]move: U-turn
|-damage|p2a: Buzby|43/100 tox|[from] Stealth Rock
|move|p1a: Slowking|Teleport|p1a: Slowking
|inactive|Nakeeb^*! has 90 seconds left.
|
|t:|1664070668
|switch|p1a: Thundurus|Thundurus-Therian, M|85/100|[from]move: Teleport
|
|-damage|p2a: Buzby|37/100 tox|[from] psn
|upkeep
|turn|28
|inactive|Nakeeb^*! has 90 seconds left.
|
|t:|1664070679
|move|p1a: Thundurus|Volt Switch|p2a: Buzby
|-supereffective|p2a: Buzby
|-damage|p2a: Buzby|0 fnt
|faint|p2a: Buzby
|inactive|Nakeeb^*! has 90 seconds left.
|
|t:|1664070685
|switch|p1a: Slowking|Slowking, M|72/100|[from]move: Volt Switch
|-damage|p1a: Slowking|60/100|[from] Stealth Rock
|
|upkeep
|
|t:|1664070694
|switch|p2a: Abdul|Salamence, F|36/100
|-ability|p2a: Abdul|Intimidate|boost
|-unboost|p1a: Slowking|atk|1
|turn|29
|inactive|Nakeeb^*! has 90 seconds left.
|
|t:|1664070714
|move|p2a: Abdul|Roost|p2a: Abdul
|-heal|p2a: Abdul|87/100
|-singleturn|p2a: Abdul|move: Roost
|move|p1a: Slowking|Slack Off|p1a: Slowking
|-heal|p1a: Slowking|100/100
|
|upkeep
|turn|30
|inactive|Nakeeb^*! has 90 seconds left.
|
|t:|1664070724
|move|p2a: Abdul|Hurricane|p1a: Slowking
|-damage|p1a: Slowking|59/100
|move|p1a: Slowking|Psychic|p2a: Abdul
|-damage|p2a: Abdul|48/100
|
|upkeep
|turn|31
|inactive|Nakeeb^*! has 90 seconds left.
|
|t:|1664070731
|move|p2a: Abdul|Roost|p2a: Abdul
|-heal|p2a: Abdul|98/100
|-singleturn|p2a: Abdul|move: Roost
|move|p1a: Slowking|Slack Off|p1a: Slowking
|-heal|p1a: Slowking|100/100
|
|upkeep
|turn|32
|
|t:|1664070740
|switch|p2a: Jirachi|Jirachi|62/100
|move|p1a: Slowking|Psychic|p2a: Jirachi
|-resisted|p2a: Jirachi
|-damage|p2a: Jirachi|55/100
|
|upkeep
|turn|33
|
|t:|1664070762
|move|p2a: Jirachi|Iron Head|p1a: Slowking
|-resisted|p1a: Slowking
|-damage|p1a: Slowking|87/100
|move|p1a: Slowking|Teleport|p1a: Slowking
|
|t:|1664070766
|switch|p1a: Thundurus|Thundurus-Therian, M|85/100|[from]move: Teleport
|
|upkeep
|turn|34
|
|t:|1664070773
|move|p1a: Thundurus|Thunderbolt|p2a: Jirachi
|-damage|p2a: Jirachi|6/100
|move|p2a: Jirachi|Healing Wish|p2a: Jirachi
|faint|p2a: Jirachi
|
|upkeep
|
|t:|1664070779
|switch|p2a: Deluge|Swampert, M|19/100 brn
|-heal|p2a: Deluge|100/100|[from] move: Healing Wish
|-damage|p2a: Deluge|94/100|[from] Stealth Rock
|turn|35
|inactive|Nakeeb^*! has 120 seconds left.
|
|t:|1664070815
|switch|p2a: Abdul|Salamence, F|98/100
|-ability|p2a: Abdul|Intimidate|boost
|-unboost|p1a: Thundurus|atk|1
|move|p1a: Thundurus|Grass Knot|p2a: Abdul
|-resisted|p2a: Abdul
|-damage|p2a: Abdul|85/100
|
|upkeep
|turn|36
|
|t:|1664070826
|move|p1a: Thundurus|Volt Switch|p2a: Abdul
|-damage|p2a: Abdul|33/100
|
|t:|1664070832
|switch|p1a: Slowking|Slowking, M|100/100|[from]move: Volt Switch
|-damage|p1a: Slowking|88/100|[from] Stealth Rock
|move|p2a: Abdul|Draco Meteor|p1a: Slowking
|-damage|p1a: Slowking|37/100
|-unboost|p2a: Abdul|spa|2
|
|upkeep
|turn|37
|
|t:|1664070841
|switch|p2a: Deluge|Swampert, M|94/100
|-damage|p2a: Deluge|88/100|[from] Stealth Rock
|switch|p1a: Thundurus|Thundurus-Therian, M|85/100
|
|-heal|p2a: Deluge|94/100|[from] item: Leftovers
|upkeep
|turn|38
|
|t:|1664070857
|switch|p2a: Abdul|Salamence, F|33/100
|-ability|p2a: Abdul|Intimidate|boost
|-unboost|p1a: Thundurus|atk|1
|move|p1a: Thundurus|Grass Knot|p2a: Abdul
|-resisted|p2a: Abdul
|-damage|p2a: Abdul|22/100
|
|upkeep
|turn|39
|
|t:|1664070864
|move|p1a: Thundurus|Psychic|p2a: Abdul
|-damage|p2a: Abdul|0 fnt
|faint|p2a: Abdul
|
|upkeep
|
|t:|1664070869
|switch|p2a: Sunset|Lycanroc-Dusk, M|46/100
|-damage|p2a: Sunset|33/100|[from] Stealth Rock
|turn|40
|inactive|Nakeeb^*! has 120 seconds left.
|
|t:|1664070895
|switch|p1a: Scizor|Scizor, M|10/100
|move|p2a: Sunset|Stone Edge|p1a: Scizor
|-crit|p1a: Scizor
|-damage|p1a: Scizor|0 fnt
|faint|p1a: Scizor
|-damage|p2a: Sunset|24/100|[from] item: Life Orb
|
|upkeep
|
|t:|1664070899
|switch|p1a: Slowking|Slowking, M|70/100
|-damage|p1a: Slowking|57/100|[from] Stealth Rock
|turn|41
|inactive|Nakeeb^*! has 90 seconds left.
|inactive|Sneakyplanner has 120 seconds left.
|
|t:|1664070964
|move|p2a: Sunset|Stone Edge|p1a: Slowking
|-damage|p1a: Slowking|15/100
|-damage|p2a: Sunset|14/100|[from] item: Life Orb
|move|p1a: Slowking|Scald|p2a: Sunset
|-supereffective|p2a: Sunset
|-damage|p2a: Sunset|0 fnt
|faint|p2a: Sunset
|
|upkeep
|c|☆Sneakyplanner|gg
|inactive|Sneakyplanner has 90 seconds left.
|
|t:|1664070975
|switch|p2a: Deluge|Swampert, M|94/100
|-damage|p2a: Deluge|88/100|[from] Stealth Rock
|turn|42
|c|☆Nakeeb^*!|thnk God no crit
|c|☆Nakeeb^*!|gg
|
|t:|1664070983
|move|p2a: Deluge|Toxic|p1a: Slowking
|-status|p1a: Slowking|tox
|move|p1a: Slowking|Psychic|p2a: Deluge
|-damage|p2a: Deluge|61/100
|
|-heal|p2a: Deluge|67/100|[from] item: Leftovers
|-damage|p1a: Slowking|9/100 tox|[from] psn
|upkeep
|turn|43
|
|t:|1664070993
|move|p2a: Deluge|Flip Turn|p1a: Slowking
|-resisted|p1a: Slowking
|-damage|p1a: Slowking|1/100 tox
|move|p1a: Slowking|Scald|p2a: Deluge
|-damage|p2a: Deluge|40/100
|
|-heal|p2a: Deluge|46/100|[from] item: Leftovers
|-damage|p1a: Slowking|0 fnt|[from] psn
|faint|p1a: Slowking
|upkeep
|c|☆Nakeeb^*!|u had a chance of living gknot
|-message|Sneakyplanner forfeited.
|
|win|Nakeeb^*!
|raw|Nakeeb^*!'s rating: 1397 &rarr; <strong>1416</strong><br />(+19 for winning)
|raw|Sneakyplanner's rating: 1372 &rarr; <strong>1353</strong><br />(-19 for losing)
|l|☆Sneakyplanner
|c|☆Nakeeb^*!|252 SpA Thundurus-Therian Grass Knot (80 BP) vs. 252 HP / 112+ SpD Swampert: 336-396 (83.1 - 98%) -- guaranteed 2HKO after Leftovers recovery
||Ladder isn't responding, score probably updated but might not have (Request timeout).
