|j|☆BewearHugger
|j|☆Flygonswag
|player|p1|BewearHugger|pokemaniac-gen3rs|1479
|player|p2|Flygonswag|beauty-gen4dp|1388
|teamsize|p1|6
|teamsize|p2|6
|gametype|singles
|gen|8
|tier|[Gen 8] UU
|rated|
|clearpoke
|poke|p1|Bewear, F|
|poke|p1|Grimmsnarl, M|
|poke|p1|Krookodile, M|
|poke|p1|Scolipede, F|
|poke|p1|Aegislash, M|
|poke|p1|Keldeo-Resolute|
|poke|p2|Seismitoad, M|
|poke|p2|Kyurem|
|poke|p2|Noivern, F|
|poke|p2|Lycanroc-Dusk, M|
|poke|p2|Pangoro, M|
|poke|p2|Sylveon, F|
|rule|Sleep Clause Mod: Limit one foe put to sleep
|rule|Species Clause: Limit one of each Pokémon
|rule|OHKO Clause: OHKO moves are banned
|rule|Evasion Moves Clause: Evasion moves are banned
|rule|Endless Battle Clause: Forcing endless battles is banned
|rule|HP Percentage Mod: HP is shown in percentages
|rule|Dynamax Clause: You cannot dynamax
|teampreview
|inactive|Battle timer is ON: inactive players will automatically lose when time's up. (requested by Flygonswag)
|
|start
|switch|p1a: Krookodile|Krookodile, M|100/100
|switch|p2a: Seismitoad|Seismitoad, M|100/100
|-ability|p1a: Krookodile|Intimidate|boost
|-unboost|p2a: Seismitoad|atk|1
|turn|1
|
|move|p1a: Krookodile|Taunt|p2a: Seismitoad
|-start|p2a: Seismitoad|move: Taunt
|move|p2a: Seismitoad|Scald|p1a: Krookodile
|-supereffective|p1a: Krookodile
|-damage|p1a: Krookodile|29/100
|-status|p1a: Krookodile|brn
|
|-damage|p1a: Krookodile|23/100 brn|[from] brn
|upkeep
|turn|2
|
|move|p1a: Krookodile|Stealth Rock|p2a: Seismitoad
|-sidestart|p2: Flygonswag|move: Stealth Rock
|move|p2a: Seismitoad|Earth Power|p1a: Krookodile
|-damage|p1a: Krookodile|0 fnt
|faint|p1a: Krookodile
|
|upkeep
|
|switch|p1a: Keldeo|Keldeo-Resolute|100/100
|turn|3
|
|switch|p2a: Sylveon|Sylveon, F|100/100
|-damage|p2a: Sylveon|88/100|[from] Stealth Rock
|move|p1a: Keldeo|Secret Sword|p2a: Sylveon
|-resisted|p2a: Sylveon
|-damage|p2a: Sylveon|63/100
|
|-heal|p2a: Sylveon|69/100|[from] item: Leftovers
|upkeep
|turn|4
|
|move|p1a: Keldeo|Calm Mind|p1a: Keldeo
|-boost|p1a: Keldeo|spa|1
|-boost|p1a: Keldeo|spd|1
|move|p2a: Sylveon|Wish|p2a: Sylveon
|
|-heal|p2a: Sylveon|75/100|[from] item: Leftovers
|upkeep
|turn|5
|
|move|p1a: Keldeo|Calm Mind|p1a: Keldeo
|-boost|p1a: Keldeo|spa|1
|-boost|p1a: Keldeo|spd|1
|move|p2a: Sylveon|Hyper Voice|p1a: Keldeo
|-supereffective|p1a: Keldeo
|-damage|p1a: Keldeo|57/100
|
|-heal|p2a: Sylveon|100/100|[from] move: Wish|[wisher] Sylveon
|-heal|p1a: Keldeo|63/100|[from] item: Leftovers
|upkeep
|turn|6
|
|move|p1a: Keldeo|Hydro Pump|p2a: Sylveon|[miss]
|-miss|p1a: Keldeo|p2a: Sylveon
|move|p2a: Sylveon|Wish|p2a: Sylveon
|
|-heal|p1a: Keldeo|70/100|[from] item: Leftovers
|upkeep
|turn|7
|
|move|p1a: Keldeo|Calm Mind|p1a: Keldeo
|-boost|p1a: Keldeo|spa|1
|-boost|p1a: Keldeo|spd|1
|move|p2a: Sylveon|Hyper Voice|p1a: Keldeo
|-supereffective|p1a: Keldeo
|-damage|p1a: Keldeo|31/100
|
|-heal|p1a: Keldeo|37/100|[from] item: Leftovers
|upkeep
|turn|8
|
|move|p1a: Keldeo|Taunt|p2a: Sylveon
|-start|p2a: Sylveon|move: Taunt
|cant|p2a: Sylveon|move: Taunt|Wish
|
|-heal|p1a: Keldeo|43/100|[from] item: Leftovers
|upkeep
|turn|9
|
|switch|p2a: Noivern|Noivern, F|100/100
|-item|p1a: Keldeo|Leftovers|[from] ability: Frisk|[of] p2a: Noivern|[identify]
|move|p1a: Keldeo|Secret Sword|p2a: Noivern
|-resisted|p2a: Noivern
|-damage|p2a: Noivern|35/100
|
|-heal|p1a: Keldeo|49/100|[from] item: Leftovers
|upkeep
|turn|10
|
|move|p2a: Noivern|Hurricane|p1a: Keldeo
|-supereffective|p1a: Keldeo
|-crit|p1a: Keldeo
|-damage|p1a: Keldeo|0 fnt
|faint|p1a: Keldeo
|
|upkeep
|j| John961
|
|switch|p1a: Aegislash|Aegislash, M|100/100
|-item|p1a: Aegislash|Air Balloon
|turn|11
|
|switch|p2a: Seismitoad|Seismitoad, M|100/100
|-damage|p2a: Seismitoad|94/100|[from] Stealth Rock
|-formechange|p1a: Aegislash|Aegislash-Blade||[from] ability: Stance Change
|move|p1a: Aegislash|Shadow Sneak|p2a: Seismitoad
|-damage|p2a: Seismitoad|75/100
|
|-heal|p2a: Seismitoad|81/100|[from] item: Leftovers
|upkeep
|turn|12
|
|switch|p1a: Grimmsnarl|Grimmsnarl, M|100/100
|move|p2a: Seismitoad|Stealth Rock|p1a: Grimmsnarl
|-sidestart|p1: BewearHugger|move: Stealth Rock
|
|-heal|p2a: Seismitoad|87/100|[from] item: Leftovers
|upkeep
|turn|13
|
|move|p1a: Grimmsnarl|Spirit Break|p2a: Seismitoad
|-damage|p2a: Seismitoad|58/100
|-unboost|p2a: Seismitoad|spa|1
|move|p2a: Seismitoad|Toxic|p1a: Grimmsnarl
|-status|p1a: Grimmsnarl|tox
|
|-heal|p2a: Seismitoad|64/100|[from] item: Leftovers
|-damage|p1a: Grimmsnarl|94/100 tox|[from] psn
|upkeep
|turn|14
|
|switch|p2a: Sylveon|Sylveon, F|100/100
|-damage|p2a: Sylveon|88/100|[from] Stealth Rock
|move|p1a: Grimmsnarl|Light Screen|p1a: Grimmsnarl
|-sidestart|p1: BewearHugger|move: Light Screen
|
|-heal|p2a: Sylveon|94/100|[from] item: Leftovers
|-damage|p1a: Grimmsnarl|82/100 tox|[from] psn
|upkeep
|turn|15
|
|switch|p1a: Aegislash|Aegislash, M|100/100
|-damage|p1a: Aegislash|94/100|[from] Stealth Rock
|-item|p1a: Aegislash|Air Balloon
|move|p2a: Sylveon|Wish|p2a: Sylveon
|
|-heal|p2a: Sylveon|99/100|[from] item: Leftovers
|upkeep
|turn|16
|
|switch|p2a: Seismitoad|Seismitoad, M|64/100
|-damage|p2a: Seismitoad|58/100|[from] Stealth Rock
|-formechange|p1a: Aegislash|Aegislash-Blade||[from] ability: Stance Change
|move|p1a: Aegislash|Shadow Ball|p2a: Seismitoad
|-damage|p2a: Seismitoad|22/100
|
|-heal|p2a: Seismitoad|69/100|[from] move: Wish|[wisher] Sylveon
|-heal|p2a: Seismitoad|75/100|[from] item: Leftovers
|upkeep
|turn|17
|
|switch|p1a: Grimmsnarl|Grimmsnarl, M|82/100 tox
|-damage|p1a: Grimmsnarl|69/100 tox|[from] Stealth Rock
|move|p2a: Seismitoad|Scald|p1a: Grimmsnarl
|-damage|p1a: Grimmsnarl|56/100 tox
|
|-heal|p2a: Seismitoad|81/100|[from] item: Leftovers
|-damage|p1a: Grimmsnarl|50/100 tox|[from] psn
|upkeep
|turn|18
|
|switch|p2a: Noivern|Noivern, F|35/100
|-item|p1a: Grimmsnarl|Light Clay|[from] ability: Frisk|[of] p2a: Noivern|[identify]
|move|p1a: Grimmsnarl|Spirit Break|p2a: Noivern
|-supereffective|p2a: Noivern
|-damage|p2a: Noivern|0 fnt
|faint|p2a: Noivern
|
|-damage|p1a: Grimmsnarl|37/100 tox|[from] psn
|upkeep
|
|switch|p2a: Sylveon|Sylveon, F|99/100
|-damage|p2a: Sylveon|88/100|[from] Stealth Rock
|turn|19
|
|move|p1a: Grimmsnarl|Reflect|p1a: Grimmsnarl
|-sidestart|p1: BewearHugger|Reflect
|move|p2a: Sylveon|Wish|p2a: Sylveon
|
|-heal|p2a: Sylveon|94/100|[from] item: Leftovers
|-damage|p1a: Grimmsnarl|19/100 tox|[from] psn
|upkeep
|turn|20
|
|move|p1a: Grimmsnarl|Spirit Break|p2a: Sylveon
|-damage|p2a: Sylveon|43/100
|-unboost|p2a: Sylveon|spa|1
|move|p2a: Sylveon|Hyper Voice|p1a: Grimmsnarl
|-supereffective|p1a: Grimmsnarl
|-damage|p1a: Grimmsnarl|0 fnt
|faint|p1a: Grimmsnarl
|
|-heal|p2a: Sylveon|93/100|[from] move: Wish|[wisher] Sylveon
|-heal|p2a: Sylveon|99/100|[from] item: Leftovers
|upkeep
|
|switch|p1a: Scolipede|Scolipede, F|100/100
|-damage|p1a: Scolipede|76/100|[from] Stealth Rock
|turn|21
|
|switch|p2a: Seismitoad|Seismitoad, M|81/100
|-damage|p2a: Seismitoad|75/100|[from] Stealth Rock
|move|p1a: Scolipede|Swords Dance|p1a: Scolipede
|-boost|p1a: Scolipede|atk|2
|
|-heal|p2a: Seismitoad|81/100|[from] item: Leftovers
|-sideend|p1: BewearHugger|move: Light Screen
|-ability|p1a: Scolipede|Speed Boost|boost
|-boost|p1a: Scolipede|spe|1
|upkeep
|turn|22
|
|move|p1a: Scolipede|Megahorn|p2a: Seismitoad
|-damage|p2a: Seismitoad|0 fnt
|-damage|p1a: Scolipede|66/100|[from] item: Life Orb
|faint|p2a: Seismitoad
|
|-ability|p1a: Scolipede|Speed Boost|boost
|-boost|p1a: Scolipede|spe|1
|upkeep
|
|switch|p2a: Pangoro|Pangoro, M|100/100
|-damage|p2a: Pangoro|94/100|[from] Stealth Rock
|turn|23
|
|move|p1a: Scolipede|Megahorn|p2a: Pangoro
|-damage|p2a: Pangoro|0 fnt
|-damage|p1a: Scolipede|56/100|[from] item: Life Orb
|faint|p2a: Pangoro
|
|-ability|p1a: Scolipede|Speed Boost|boost
|-boost|p1a: Scolipede|spe|1
|upkeep
|
|switch|p2a: Lycanroc|Lycanroc-Dusk, M|100/100
|-damage|p2a: Lycanroc|88/100|[from] Stealth Rock
|turn|24
|
|switch|p1a: Bewear|Bewear, F|100/100
|-damage|p1a: Bewear|94/100|[from] Stealth Rock
|move|p2a: Lycanroc|Accelerock|p1a: Bewear
|-resisted|p1a: Bewear
|-damage|p1a: Bewear|91/100
|-damage|p2a: Lycanroc|78/100|[from] item: Life Orb
|
|upkeep
|turn|25
|
|switch|p2a: Sylveon|Sylveon, F|99/100
|-damage|p2a: Sylveon|87/100|[from] Stealth Rock
|move|p1a: Bewear|Double-Edge|p2a: Sylveon
|-damage|p2a: Sylveon|0 fnt
|-damage|p1a: Bewear|61/100|[from] Recoil
|faint|p2a: Sylveon
|
|upkeep
|
|switch|p2a: Kyurem|Kyurem|100/100
|-damage|p2a: Kyurem|76/100|[from] Stealth Rock
|-ability|p2a: Kyurem|Pressure
|turn|26
|
|move|p2a: Kyurem|Earth Power|p1a: Bewear
|-damage|p1a: Bewear|0 fnt
|faint|p1a: Bewear
|
|-sideend|p1: BewearHugger|Reflect
|upkeep
|
|switch|p1a: Scolipede|Scolipede, F|56/100
|-damage|p1a: Scolipede|31/100|[from] Stealth Rock
|turn|27
|
|move|p1a: Scolipede|Earthquake|p2a: Kyurem
|-damage|p2a: Kyurem|42/100
|-damage|p1a: Scolipede|21/100|[from] item: Life Orb
|move|p2a: Kyurem|Earth Power|p1a: Scolipede
|-damage|p1a: Scolipede|0 fnt
|faint|p1a: Scolipede
|
|upkeep
|
|switch|p1a: Aegislash|Aegislash, M|94/100
|-damage|p1a: Aegislash|88/100|[from] Stealth Rock
|-item|p1a: Aegislash|Air Balloon
|turn|28
|
|switch|p2a: Lycanroc|Lycanroc-Dusk, M|78/100
|-damage|p2a: Lycanroc|66/100|[from] Stealth Rock
|move|p1a: Aegislash|Swords Dance|p1a: Aegislash
|-boost|p1a: Aegislash|atk|2
|
|upkeep
|turn|29
|
|move|p2a: Lycanroc|Accelerock|p1a: Aegislash
|-resisted|p1a: Aegislash
|-damage|p1a: Aegislash|71/100
|-enditem|p1a: Aegislash|Air Balloon
|-damage|p2a: Lycanroc|56/100|[from] item: Life Orb
|-formechange|p1a: Aegislash|Aegislash-Blade||[from] ability: Stance Change
|move|p1a: Aegislash|Shadow Sneak|p2a: Lycanroc
|-damage|p2a: Lycanroc|0 fnt
|faint|p2a: Lycanroc
|
|upkeep
|
|switch|p2a: Kyurem|Kyurem|42/100
|-damage|p2a: Kyurem|17/100|[from] Stealth Rock
|-ability|p2a: Kyurem|Pressure
|turn|30
|
|move|p1a: Aegislash|Shadow Sneak|p2a: Kyurem
|-damage|p2a: Kyurem|0 fnt
|faint|p2a: Kyurem
|
|win|BewearHugger
|raw|BewearHugger's rating: 1479 &rarr; <strong>1494</strong><br />(+15 for winning)
|raw|Flygonswag's rating: 1388 &rarr; <strong>1373</strong><br />(-15 for losing)
|l|☆Flygonswag
|l|☆BewearHugger
