|j|☆The drunk Spinda
|j|☆Eltoras
|player|p1|The drunk Spinda|261|1491
|player|p2|Eltoras|blue|1335
|teamsize|p1|6
|teamsize|p2|6
|gametype|singles
|gen|8
|tier|[Gen 8] UU
|rated|
|clearpoke
|poke|p1|Incineroar, M|
|poke|p1|Cobalion|
|poke|p1|Weezing-Galar, M|
|poke|p1|Reuniclus, F|
|poke|p1|Sirfetch'd, M|
|poke|p1|Chandelure, F|
|poke|p2|Noivern, M|
|poke|p2|Umbreon, M|
|poke|p2|Inteleon, F|
|poke|p2|Gigalith, M|
|poke|p2|Cobalion|
|poke|p2|Celebi|
|rule|Sleep Clause Mod: Limit one foe put to sleep
|rule|Species Clause: Limit one of each Pokémon
|rule|OHKO Clause: OHKO moves are banned
|rule|Evasion Moves Clause: Evasion moves are banned
|rule|Endless Battle Clause: Forcing endless battles is banned
|rule|HP Percentage Mod: HP is shown in percentages
|rule|Dynamax Clause: You cannot dynamax
|teampreview
|inactive|Battle timer is ON: inactive players will automatically lose when time's up. (requested by The drunk Spinda)
|
|start
|switch|p1a: Cobalion|Cobalion|100/100
|switch|p2a: Seth|Inteleon, F|100/100
|turn|1
|
|move|p2a: Seth|U-turn|p1a: Cobalion
|-resisted|p1a: Cobalion
|-damage|p1a: Cobalion|99/100
|
|switch|p2a: Amon|Celebi|100/100|[from]move: U-turn
|move|p1a: Cobalion|Volt Switch|p2a: Amon
|-resisted|p2a: Amon
|-damage|p2a: Amon|95/100
|
|switch|p1a: Sirfetch'd|Sirfetch'd, M, shiny|100/100|[from]move: Volt Switch
|
|-heal|p2a: Amon|100/100|[from] item: Leftovers
|upkeep
|turn|2
|
|switch|p2a: Apis|Noivern, M|100/100
|-item|p1a: Sirfetch'd|Choice Band|[from] ability: Frisk|[of] p2a: Apis|[identify]
|move|p1a: Sirfetch'd|First Impression|p2a: Apis
|-resisted|p2a: Apis
|-damage|p2a: Apis|71/100
|
|upkeep
|turn|3
|
|switch|p1a: Incineroar|Incineroar, M|100/100
|-ability|p1a: Incineroar|Intimidate|boost
|-unboost|p2a: Apis|atk|1
|move|p2a: Apis|U-turn|p1a: Incineroar
|-damage|p1a: Incineroar|95/100
|
|switch|p2a: Anubis|Gigalith, M|100/100|[from]move: U-turn
|-weather|Sandstorm|[from] ability: Sand Stream|[of] p2a: Anubis
|
|-weather|Sandstorm|[upkeep]
|-damage|p1a: Incineroar|89/100|[from] Sandstorm
|upkeep
|turn|4
|
|move|p1a: Incineroar|Parting Shot|p2a: Anubis
|-unboost|p2a: Anubis|atk|1
|-unboost|p2a: Anubis|spa|1
|
|switch|p1a: Cobalion|Cobalion|99/100|[from]move: Parting Shot
|move|p2a: Anubis|Rock Blast|p1a: Cobalion
|-resisted|p1a: Cobalion
|-damage|p1a: Cobalion|97/100
|-resisted|p1a: Cobalion
|-damage|p1a: Cobalion|96/100
|-resisted|p1a: Cobalion
|-damage|p1a: Cobalion|95/100
|-hitcount|p1a: Cobalion|3
|
|-weather|Sandstorm|[upkeep]
|-heal|p1a: Cobalion|100/100|[from] item: Leftovers
|upkeep
|turn|5
|
|move|p1a: Cobalion|Stealth Rock|p2a: Anubis
|-sidestart|p2: Eltoras|move: Stealth Rock
|move|p2a: Anubis|Stealth Rock|p1a: Cobalion
|-sidestart|p1: The drunk Spinda|move: Stealth Rock
|
|-weather|Sandstorm|[upkeep]
|upkeep
|turn|6
|
|switch|p2a: Amon|Celebi|100/100
|-damage|p2a: Amon|88/100|[from] Stealth Rock
|move|p1a: Cobalion|Iron Head|p2a: Amon
|-damage|p2a: Amon|66/100
|
|-weather|Sandstorm|[upkeep]
|-damage|p2a: Amon|60/100|[from] Sandstorm
|-heal|p2a: Amon|66/100|[from] item: Leftovers
|upkeep
|turn|7
|
|move|p1a: Cobalion|Iron Head|p2a: Amon
|-damage|p2a: Amon|45/100
|move|p2a: Amon|Psychic|p1a: Cobalion
|-damage|p1a: Cobalion|49/100
|
|-weather|none
|-heal|p1a: Cobalion|55/100|[from] item: Leftovers
|-heal|p2a: Amon|51/100|[from] item: Leftovers
|upkeep
|turn|8
|
|move|p1a: Cobalion|Iron Head|p2a: Amon
|-damage|p2a: Amon|29/100
|move|p2a: Amon|Recover|p2a: Amon
|-heal|p2a: Amon|79/100
|
|-heal|p1a: Cobalion|61/100|[from] item: Leftovers
|-heal|p2a: Amon|85/100|[from] item: Leftovers
|upkeep
|turn|9
|
|move|p1a: Cobalion|Volt Switch|p2a: Amon
|-resisted|p2a: Amon
|-damage|p2a: Amon|79/100
|
|switch|p1a: Incineroar|Incineroar, M|89/100|[from]move: Volt Switch
|-ability|p1a: Incineroar|Intimidate|boost
|-unboost|p2a: Amon|atk|1
|move|p2a: Amon|U-turn|p1a: Incineroar
|-damage|p1a: Incineroar|80/100
|
|switch|p2a: Osiris|Cobalion|100/100|[from]move: U-turn
|-damage|p2a: Osiris|97/100|[from] Stealth Rock
|
|upkeep
|turn|10
|
|move|p2a: Osiris|Volt Switch|p1a: Incineroar
|-damage|p1a: Incineroar|72/100
|
|switch|p2a: Anubis|Gigalith, M|100/100|[from]move: Volt Switch
|-damage|p2a: Anubis|88/100|[from] Stealth Rock
|-weather|Sandstorm|[from] ability: Sand Stream|[of] p2a: Anubis
|move|p1a: Incineroar|Flare Blitz|p2a: Anubis
|-resisted|p2a: Anubis
|-damage|p2a: Anubis|74/100
|-damage|p1a: Incineroar|67/100|[from] Recoil
|
|-weather|Sandstorm|[upkeep]
|-damage|p1a: Incineroar|61/100|[from] Sandstorm
|-heal|p2a: Anubis|80/100|[from] item: Leftovers
|upkeep
|turn|11
|
|move|p1a: Incineroar|Parting Shot|p2a: Anubis
|-unboost|p2a: Anubis|atk|1
|-unboost|p2a: Anubis|spa|1
|
|switch|p1a: Cobalion|Cobalion|61/100|[from]move: Parting Shot
|-damage|p1a: Cobalion|58/100|[from] Stealth Rock
|move|p2a: Anubis|Earthquake|p1a: Cobalion
|-supereffective|p1a: Cobalion
|-damage|p1a: Cobalion|30/100
|
|-weather|Sandstorm|[upkeep]
|-heal|p1a: Cobalion|36/100|[from] item: Leftovers
|-heal|p2a: Anubis|87/100|[from] item: Leftovers
|upkeep
|turn|12
|
|switch|p2a: Amon|Celebi|79/100
|-damage|p2a: Amon|66/100|[from] Stealth Rock
|move|p1a: Cobalion|Iron Head|p2a: Amon
|-damage|p2a: Amon|45/100
|
|-weather|Sandstorm|[upkeep]
|-damage|p2a: Amon|39/100|[from] Sandstorm
|-heal|p1a: Cobalion|43/100|[from] item: Leftovers
|-heal|p2a: Amon|45/100|[from] item: Leftovers
|upkeep
|turn|13
|
|move|p1a: Cobalion|Volt Switch|p2a: Amon
|-resisted|p2a: Amon
|-crit|p2a: Amon
|-damage|p2a: Amon|37/100
|
|switch|p1a: Incineroar|Incineroar, M|61/100|[from]move: Volt Switch
|-ability|p1a: Incineroar|Intimidate|boost
|-unboost|p2a: Amon|atk|1
|move|p2a: Amon|Recover|p2a: Amon
|-heal|p2a: Amon|87/100
|
|-weather|Sandstorm|[upkeep]
|-damage|p2a: Amon|81/100|[from] Sandstorm
|-damage|p1a: Incineroar|55/100|[from] Sandstorm
|-heal|p2a: Amon|87/100|[from] item: Leftovers
|upkeep
|turn|14
|
|move|p2a: Amon|U-turn|p1a: Incineroar
|-damage|p1a: Incineroar|46/100
|
|switch|p2a: Anubis|Gigalith, M|87/100|[from]move: U-turn
|-damage|p2a: Anubis|74/100|[from] Stealth Rock
|move|p1a: Incineroar|Parting Shot|p2a: Anubis
|-unboost|p2a: Anubis|atk|1
|-unboost|p2a: Anubis|spa|1
|
|switch|p1a: Reuniclus|Reuniclus, F|100/100|[from]move: Parting Shot
|
|-weather|none
|-heal|p2a: Anubis|80/100|[from] item: Leftovers
|upkeep
|turn|15
|
|switch|p2a: Isis|Umbreon, M|100/100
|-damage|p2a: Isis|88/100|[from] Stealth Rock
|move|p1a: Reuniclus|Calm Mind|p1a: Reuniclus
|-boost|p1a: Reuniclus|spa|1
|-boost|p1a: Reuniclus|spd|1
|
|-heal|p2a: Isis|94/100|[from] item: Leftovers
|upkeep
|turn|16
|
|move|p2a: Isis|Foul Play|p1a: Reuniclus
|-supereffective|p1a: Reuniclus
|-damage|p1a: Reuniclus|76/100
|move|p1a: Reuniclus|Calm Mind|p1a: Reuniclus
|-boost|p1a: Reuniclus|spa|1
|-boost|p1a: Reuniclus|spd|1
|
|-heal|p2a: Isis|99/100|[from] item: Leftovers
|-heal|p1a: Reuniclus|82/100|[from] item: Leftovers
|upkeep
|turn|17
|
|move|p2a: Isis|Foul Play|p1a: Reuniclus
|-supereffective|p1a: Reuniclus
|-damage|p1a: Reuniclus|59/100
|move|p1a: Reuniclus|Calm Mind|p1a: Reuniclus
|-boost|p1a: Reuniclus|spa|1
|-boost|p1a: Reuniclus|spd|1
|
|-heal|p2a: Isis|100/100|[from] item: Leftovers
|-heal|p1a: Reuniclus|65/100|[from] item: Leftovers
|upkeep
|turn|18
|
|move|p2a: Isis|Foul Play|p1a: Reuniclus
|-supereffective|p1a: Reuniclus
|-damage|p1a: Reuniclus|42/100
|move|p1a: Reuniclus|Recover|p1a: Reuniclus
|-heal|p1a: Reuniclus|92/100
|
|-heal|p1a: Reuniclus|98/100|[from] item: Leftovers
|upkeep
|turn|19
|
|move|p2a: Isis|Foul Play|p1a: Reuniclus
|-supereffective|p1a: Reuniclus
|-damage|p1a: Reuniclus|73/100
|move|p1a: Reuniclus|Calm Mind|p1a: Reuniclus
|-boost|p1a: Reuniclus|spa|1
|-boost|p1a: Reuniclus|spd|1
|
|-heal|p1a: Reuniclus|79/100|[from] item: Leftovers
|upkeep
|turn|20
|
|switch|p2a: Apis|Noivern, M|71/100
|-item|p1a: Reuniclus|Leftovers|[from] ability: Frisk|[of] p2a: Apis|[identify]
|move|p1a: Reuniclus|Recover|p1a: Reuniclus
|-heal|p1a: Reuniclus|100/100
|
|upkeep
|turn|21
|
|move|p2a: Apis|U-turn|p1a: Reuniclus
|-supereffective|p1a: Reuniclus
|-damage|p1a: Reuniclus|89/100
|
|switch|p2a: Isis|Umbreon, M|100/100|[from]move: U-turn
|-damage|p2a: Isis|88/100|[from] Stealth Rock
|move|p1a: Reuniclus|Psychic|p2a: Isis
|-immune|p2a: Isis
|
|-heal|p2a: Isis|94/100|[from] item: Leftovers
|-heal|p1a: Reuniclus|95/100|[from] item: Leftovers
|upkeep
|turn|22
|
|move|p2a: Isis|Protect|p2a: Isis
|-singleturn|p2a: Isis|Protect
|move|p1a: Reuniclus|Calm Mind|p1a: Reuniclus
|-boost|p1a: Reuniclus|spa|1
|-boost|p1a: Reuniclus|spd|1
|
|-heal|p2a: Isis|99/100|[from] item: Leftovers
|-heal|p1a: Reuniclus|100/100|[from] item: Leftovers
|upkeep
|turn|23
|
|switch|p2a: Apis|Noivern, M|71/100
|-item|p1a: Reuniclus|Leftovers|[from] ability: Frisk|[of] p2a: Apis|[identify]
|move|p1a: Reuniclus|Focus Blast|p2a: Apis|[miss]
|-miss|p1a: Reuniclus|p2a: Apis
|
|upkeep
|turn|24
|
|move|p2a: Apis|U-turn|p1a: Reuniclus
|-supereffective|p1a: Reuniclus
|-damage|p1a: Reuniclus|88/100
|
|switch|p2a: Amon|Celebi|87/100|[from]move: U-turn
|-damage|p2a: Amon|74/100|[from] Stealth Rock
|move|p1a: Reuniclus|Calm Mind|p1a: Reuniclus
|-boost|p1a: Reuniclus|spa|1
|-boost|p1a: Reuniclus|spd|1
|
|-heal|p2a: Amon|81/100|[from] item: Leftovers
|-heal|p1a: Reuniclus|94/100|[from] item: Leftovers
|upkeep
|turn|25
|
|move|p2a: Amon|U-turn|p1a: Reuniclus
|-supereffective|p1a: Reuniclus
|-damage|p1a: Reuniclus|76/100
|
|switch|p2a: Isis|Umbreon, M|99/100|[from]move: U-turn
|-damage|p2a: Isis|88/100|[from] Stealth Rock
|move|p1a: Reuniclus|Focus Blast|p2a: Isis
|-supereffective|p2a: Isis
|-damage|p2a: Isis|0 fnt
|faint|p2a: Isis
|
|-heal|p1a: Reuniclus|83/100|[from] item: Leftovers
|upkeep
|
|switch|p2a: Osiris|Cobalion|97/100
|-damage|p2a: Osiris|94/100|[from] Stealth Rock
|turn|26
|
|move|p2a: Osiris|Iron Head|p1a: Reuniclus
|-damage|p1a: Reuniclus|61/100
|cant|p1a: Reuniclus|flinch
|
|-heal|p1a: Reuniclus|67/100|[from] item: Leftovers
|upkeep
|turn|27
|
|move|p2a: Osiris|Iron Head|p1a: Reuniclus
|-damage|p1a: Reuniclus|47/100
|move|p1a: Reuniclus|Recover|p1a: Reuniclus
|-heal|p1a: Reuniclus|97/100
|
|-heal|p1a: Reuniclus|100/100|[from] item: Leftovers
|upkeep
|turn|28
|
|move|p2a: Osiris|Iron Head|p1a: Reuniclus
|-damage|p1a: Reuniclus|80/100
|cant|p1a: Reuniclus|flinch
|
|-heal|p1a: Reuniclus|86/100|[from] item: Leftovers
|upkeep
|turn|29
|
|move|p2a: Osiris|Iron Head|p1a: Reuniclus
|-damage|p1a: Reuniclus|66/100
|move|p1a: Reuniclus|Psychic|p2a: Osiris
|-damage|p2a: Osiris|0 fnt
|faint|p2a: Osiris
|
|-heal|p1a: Reuniclus|72/100|[from] item: Leftovers
|upkeep
|-message|Eltoras forfeited.
|
|win|The drunk Spinda
|l|☆Eltoras
||Ladder (probably) updated, but score could not be retrieved (Response not received).
