|html|<div class="broadcast-blue"><strong>[Gen 8] UU is currently suspecting Mienshao! For information on how to participate check out the <a href="https://www.smogon.com/forums/threads/np-ss-uu-stage-10-3-pumped-up-kicks.3694543/">suspect thread</a>.</strong></div>
|j|☆dma2
|j|☆kingyascah
|t:|1640070843
|gametype|singles
|player|p1|dma2|swimmerf-gen4|1423
|player|p2|kingyascah|brock|1313
|teamsize|p1|6
|teamsize|p2|6
|gen|8
|tier|[Gen 8] UU
|rated|
|rule|Sleep Clause Mod: Limit one foe put to sleep
|rule|Species Clause: Limit one of each Pokémon
|rule|OHKO Clause: OHKO moves are banned
|rule|Evasion Moves Clause: Evasion moves are banned
|rule|Endless Battle Clause: Forcing endless battles is banned
|rule|HP Percentage Mod: HP is shown in percentages
|rule|Dynamax Clause: You cannot dynamax
|clearpoke
|poke|p1|Crawdaunt, M|
|poke|p1|Tentacruel, M|
|poke|p1|Kingdra, F|
|poke|p1|Politoed, F|
|poke|p1|Cloyster, M|
|poke|p1|Swampert, M|
|poke|p2|Rotom-Wash|
|poke|p2|Skarmory, F|
|poke|p2|Excadrill, F|
|poke|p2|Mamoswine, M|
|poke|p2|Gyarados, F|
|poke|p2|Hydreigon, F|
|teampreview
|inactive|Battle timer is ON: inactive players will automatically lose when time's up. (requested by kingyascah)
|
|t:|1640070849
|start
|switch|p1a: Swampert|Swampert, M|100/100
|switch|p2a: Rotom|Rotom-Wash|100/100
|turn|1
|
|t:|1640070854
|move|p2a: Rotom|Will-O-Wisp|p1a: Swampert|[miss]
|-miss|p2a: Rotom|p1a: Swampert
|move|p1a: Swampert|Stealth Rock|p2a: Rotom
|-sidestart|p2: kingyascah|move: Stealth Rock
|
|upkeep
|turn|2
|
|t:|1640070862
|move|p2a: Rotom|Will-O-Wisp|p1a: Swampert|[miss]
|-miss|p2a: Rotom|p1a: Swampert
|move|p1a: Swampert|Flip Turn|p2a: Rotom
|-resisted|p2a: Rotom
|-damage|p2a: Rotom|88/100
|
|t:|1640070868
|switch|p1a: Politoed|Politoed, F|100/100|[from]move: Flip Turn
|-weather|RainDance|[from] ability: Drizzle|[of] p1a: Politoed
|
|-weather|RainDance|[upkeep]
|-heal|p2a: Rotom|94/100|[from] item: Leftovers
|upkeep
|turn|3
|j| Damnthatraichu
|
|t:|1640070876
|switch|p1a: Swampert|Swampert, M|100/100
|move|p2a: Rotom|Volt Switch|p1a: Swampert
|-immune|p1a: Swampert
|
|-weather|RainDance|[upkeep]
|-heal|p2a: Rotom|99/100|[from] item: Leftovers
|upkeep
|turn|4
|
|t:|1640070883
|move|p2a: Rotom|Will-O-Wisp|p1a: Swampert
|-status|p1a: Swampert|brn
|move|p1a: Swampert|Flip Turn|p2a: Rotom
|-resisted|p2a: Rotom
|-damage|p2a: Rotom|92/100
|
|t:|1640070886
|switch|p1a: Kingdra|Kingdra, F|100/100|[from]move: Flip Turn
|
|-weather|RainDance|[upkeep]
|-heal|p2a: Rotom|98/100|[from] item: Leftovers
|upkeep
|turn|5
|
|t:|1640070894
|move|p1a: Kingdra|Draco Meteor|p2a: Rotom
|-damage|p2a: Rotom|8/100
|-unboost|p1a: Kingdra|spa|2
|move|p2a: Rotom|Volt Switch|p1a: Kingdra
|-damage|p1a: Kingdra|69/100
|
|t:|1640070900
|switch|p2a: Excadrill|Excadrill, F|100/100|[from]move: Volt Switch
|-damage|p2a: Excadrill|97/100|[from] Stealth Rock
|-ability|p2a: Excadrill|Mold Breaker
|
|-weather|RainDance|[upkeep]
|-heal|p2a: Excadrill|100/100|[from] item: Leftovers
|upkeep
|turn|6
|
|t:|1640070908
|switch|p1a: Swampert|Swampert, M|100/100 brn
|move|p2a: Excadrill|Rapid Spin|p1a: Swampert
|-damage|p1a: Swampert|88/100 brn
|-boost|p2a: Excadrill|spe|1
|-sideend|p2: kingyascah|Stealth Rock|[from] move: Rapid Spin|[of] p2a: Excadrill
|
|-weather|RainDance|[upkeep]
|-heal|p1a: Swampert|94/100 brn|[from] item: Leftovers
|-damage|p1a: Swampert|88/100 brn|[from] brn
|upkeep
|turn|7
|
|t:|1640070918
|move|p2a: Excadrill|Swords Dance|p2a: Excadrill
|-boost|p2a: Excadrill|atk|2
|move|p1a: Swampert|Flip Turn|p2a: Excadrill
|-supereffective|p2a: Excadrill
|-damage|p2a: Excadrill|54/100
|
|t:|1640070920
|switch|p1a: Kingdra|Kingdra, F|69/100|[from]move: Flip Turn
|
|-weather|RainDance|[upkeep]
|-heal|p2a: Excadrill|60/100|[from] item: Leftovers
|upkeep
|turn|8
|
|t:|1640070933
|move|p1a: Kingdra|Surf|p2a: Excadrill
|-supereffective|p2a: Excadrill
|-crit|p2a: Excadrill
|-damage|p2a: Excadrill|0 fnt
|faint|p2a: Excadrill
|
|-weather|RainDance|[upkeep]
|upkeep
|
|t:|1640070940
|switch|p2a: Hydreigon|Hydreigon, F|100/100
|turn|9
|
|t:|1640070945
|switch|p1a: Tentacruel|Tentacruel, M|100/100
|move|p2a: Hydreigon|U-turn|p1a: Tentacruel
|-resisted|p1a: Tentacruel
|-damage|p1a: Tentacruel|92/100
|
|t:|1640070950
|switch|p2a: Mamoswine|Mamoswine, M|100/100|[from]move: U-turn
|
|-weather|none
|-heal|p1a: Tentacruel|98/100|[from] item: Black Sludge
|upkeep
|turn|10
|
|t:|1640070956
|switch|p1a: Politoed|Politoed, F|100/100
|-weather|RainDance|[from] ability: Drizzle|[of] p1a: Politoed
|move|p2a: Mamoswine|Earthquake|p1a: Politoed
|-damage|p1a: Politoed|22/100
|-damage|p2a: Mamoswine|91/100|[from] item: Life Orb
|
|-weather|RainDance|[upkeep]
|upkeep
|turn|11
|
|t:|1640070967
|switch|p1a: Swampert|Swampert, M|88/100 brn
|move|p2a: Mamoswine|Knock Off|p1a: Swampert
|-damage|p1a: Swampert|53/100 brn
|-enditem|p1a: Swampert|Leftovers|[from] move: Knock Off|[of] p2a: Mamoswine
|-damage|p2a: Mamoswine|81/100|[from] item: Life Orb
|
|-weather|RainDance|[upkeep]
|-damage|p1a: Swampert|47/100 brn|[from] brn
|upkeep
|turn|12
|
|t:|1640070976
|move|p2a: Mamoswine|Earthquake|p1a: Swampert
|-damage|p1a: Swampert|0 fnt
|faint|p1a: Swampert
|-damage|p2a: Mamoswine|71/100|[from] item: Life Orb
|
|-weather|RainDance|[upkeep]
|upkeep
|
|t:|1640070979
|switch|p1a: Kingdra|Kingdra, F|69/100
|turn|13
|
|t:|1640070984
|switch|p2a: Rotom|Rotom-Wash|8/100
|move|p1a: Kingdra|Surf|p2a: Rotom
|-resisted|p2a: Rotom
|-damage|p2a: Rotom|0 fnt
|faint|p2a: Rotom
|
|-weather|RainDance|[upkeep]
|upkeep
|
|t:|1640070991
|switch|p2a: Hydreigon|Hydreigon, F|100/100
|turn|14
|
|t:|1640070999
|switch|p1a: Tentacruel|Tentacruel, M|98/100
|move|p2a: Hydreigon|Draco Meteor|p1a: Tentacruel
|-damage|p1a: Tentacruel|22/100
|-unboost|p2a: Hydreigon|spa|2
|
|-weather|RainDance|[upkeep]
|-heal|p1a: Tentacruel|28/100|[from] item: Black Sludge
|upkeep
|turn|15
|
|t:|1640071007
|move|p2a: Hydreigon|Draco Meteor|p1a: Tentacruel
|-damage|p1a: Tentacruel|0 fnt
|-unboost|p2a: Hydreigon|spa|2
|faint|p1a: Tentacruel
|
|-weather|RainDance|[upkeep]
|upkeep
|
|t:|1640071009
|switch|p1a: Kingdra|Kingdra, F|69/100
|turn|16
|
|t:|1640071014
|switch|p2a: Skarmory|Skarmory, F|100/100
|move|p1a: Kingdra|Surf|p2a: Skarmory
|-ability|p2a: Skarmory|Sturdy
|-damage|p2a: Skarmory|1/100
|
|-weather|RainDance|[upkeep]
|upkeep
|turn|17
|
|t:|1640071022
|move|p1a: Kingdra|Surf|p2a: Skarmory
|-damage|p2a: Skarmory|0 fnt
|faint|p2a: Skarmory
|
|-weather|none
|upkeep
|
|t:|1640071027
|switch|p2a: Hydreigon|Hydreigon, F|100/100
|turn|18
|
|t:|1640071031
|switch|p1a: Politoed|Politoed, F|22/100
|-weather|RainDance|[from] ability: Drizzle|[of] p1a: Politoed
|move|p2a: Hydreigon|Draco Meteor|p1a: Politoed
|-damage|p1a: Politoed|0 fnt
|-unboost|p2a: Hydreigon|spa|2
|faint|p1a: Politoed
|
|-weather|RainDance|[upkeep]
|upkeep
|
|t:|1640071033
|switch|p1a: Kingdra|Kingdra, F|69/100
|turn|19
|
|t:|1640071045
|switch|p2a: Gyarados|Gyarados, F|100/100
|move|p1a: Kingdra|Draco Meteor|p2a: Gyarados
|-damage|p2a: Gyarados|15/100
|-unboost|p1a: Kingdra|spa|2
|
|-weather|RainDance|[upkeep]
|upkeep
|turn|20
|
|t:|1640071052
|move|p1a: Kingdra|Draco Meteor|p2a: Gyarados
|-damage|p2a: Gyarados|0 fnt
|-unboost|p1a: Kingdra|spa|2
|faint|p2a: Gyarados
|
|-weather|RainDance|[upkeep]
|upkeep
|
|t:|1640071058
|switch|p2a: Mamoswine|Mamoswine, M|71/100
|turn|21
|
|t:|1640071061
|move|p1a: Kingdra|Draco Meteor|p2a: Mamoswine
|-damage|p2a: Mamoswine|31/100
|-unboost|p1a: Kingdra|spa|2
|move|p2a: Mamoswine|Earthquake|p1a: Kingdra
|-damage|p1a: Kingdra|0 fnt
|faint|p1a: Kingdra
|-damage|p2a: Mamoswine|21/100|[from] item: Life Orb
|
|-weather|RainDance|[upkeep]
|upkeep
|
|t:|1640071067
|switch|p1a: Crawdaunt|Crawdaunt, M|100/100
|turn|22
|
|t:|1640071072
|move|p2a: Mamoswine|Ice Shard|p1a: Crawdaunt
|-resisted|p1a: Crawdaunt
|-damage|p1a: Crawdaunt|77/100
|-damage|p2a: Mamoswine|11/100|[from] item: Life Orb
|move|p1a: Crawdaunt|Aqua Jet|p2a: Mamoswine
|-supereffective|p2a: Mamoswine
|-damage|p2a: Mamoswine|0 fnt
|faint|p2a: Mamoswine
|
|-weather|RainDance|[upkeep]
|upkeep
|
|t:|1640071080
|switch|p2a: Hydreigon|Hydreigon, F|100/100
|turn|23
|
|t:|1640071083
|move|p1a: Crawdaunt|Aqua Jet|p2a: Hydreigon
|-resisted|p2a: Hydreigon
|-damage|p2a: Hydreigon|77/100
|move|p2a: Hydreigon|Draco Meteor|p1a: Crawdaunt
|-damage|p1a: Crawdaunt|0 fnt
|-unboost|p2a: Hydreigon|spa|2
|faint|p1a: Crawdaunt
|
|-weather|RainDance|[upkeep]
|upkeep
|
|t:|1640071085
|switch|p1a: Cloyster|Cloyster, M|100/100
|turn|24
|
|t:|1640071093
|move|p2a: Hydreigon|Draco Meteor|p1a: Cloyster
|-enditem|p1a: Cloyster|Focus Sash
|-damage|p1a: Cloyster|1/100
|-unboost|p2a: Hydreigon|spa|2
|move|p1a: Cloyster|Icicle Spear|p2a: Hydreigon
|-supereffective|p2a: Hydreigon
|-damage|p2a: Hydreigon|53/100
|-supereffective|p2a: Hydreigon
|-damage|p2a: Hydreigon|24/100
|-supereffective|p2a: Hydreigon
|-damage|p2a: Hydreigon|0 fnt
|faint|p2a: Hydreigon
|-hitcount|p2: Hydreigon|3
|
|win|dma2
|raw|dma2's rating: 1423 &rarr; <strong>1437</strong><br />(+14 for winning)
|raw|kingyascah's rating: 1313 &rarr; <strong>1299</strong><br />(-14 for losing)
|l|☆dma2
|c|☆kingyascah|gg
