|j|☆Panorama Fiesta
|j|☆Denison123
|inactive|Battle timer is ON: inactive players will automatically lose when time's up.
|t:|1631880648
|gametype|singles
|player|p1|Panorama Fiesta|richboy-gen4|
|player|p2|Denison123|102|
|teamsize|p1|6
|teamsize|p2|6
|gen|8
|tier|[Gen 8] UU
|rated|Tournament battle
|rule|Sleep Clause Mod: Limit one foe put to sleep
|rule|Species Clause: Limit one of each Pokémon
|rule|OHKO Clause: OHKO moves are banned
|rule|Evasion Moves Clause: Evasion moves are banned
|rule|Endless Battle Clause: Forcing endless battles is banned
|rule|HP Percentage Mod: HP is shown in percentages
|rule|Dynamax Clause: You cannot dynamax
|clearpoke
|poke|p1|Kommo-o, F|
|poke|p1|Aegislash, F|
|poke|p1|Thundurus-Therian, M|
|poke|p1|Primarina, F|
|poke|p1|Zarude-Dada|
|poke|p1|Rhyperior, M|
|poke|p2|Alcremie, F|
|poke|p2|Cinccino, M|
|poke|p2|Uxie|
|poke|p2|Malamar, M|
|poke|p2|Incineroar, F|
|poke|p2|Ditto|
|teampreview
|j|*Lady Monita
|j| sonictasic
|j| ChocoMocha
|j| TheNordicMan
|j|+sam bjiku kaiju
|j|%Sificon~
|j| Testdummy5678
|j| Kingston9629
|j| Royal Cinccino
|c| Kingston9629|gl both!
|j| sjjjjjjj
|
|t:|1631880675
|start
|switch|p1a: Rhyperior|Rhyperior, M|100/100
|switch|p2a: Uxie|Uxie|100/100
|turn|1
|
|t:|1631880683
|move|p2a: Uxie|Stealth Rock|p1a: Rhyperior
|-sidestart|p1: Panorama Fiesta|move: Stealth Rock
|move|p1a: Rhyperior|Stealth Rock|p2a: Uxie
|-sidestart|p2: Denison123|move: Stealth Rock
|
|upkeep
|turn|2
|
|t:|1631880687
|move|p2a: Uxie|Encore|p1a: Rhyperior
|-start|p1a: Rhyperior|Encore
|move|p1a: Rhyperior|Stealth Rock||[still]
|-fail|p1a: Rhyperior
|
|upkeep
|turn|3
|l| sjjjjjjj
|j| GummySharpedo
|
|t:|1631880698
|switch|p1a: Primarina|Primarina, F|100/100
|-damage|p1a: Primarina|88/100|[from] Stealth Rock
|move|p2a: Uxie|Thunder Wave|p1a: Primarina|[miss]
|-miss|p2a: Uxie|p1a: Primarina
|
|-heal|p1a: Primarina|94/100|[from] item: Leftovers
|upkeep
|turn|4
|j| Lsoma
|c| GummySharpedo|good luck to both of you!
|j| Chinnu pro
|
|t:|1631880707
|move|p2a: Uxie|Thunder Wave|p1a: Primarina
|-status|p1a: Primarina|par
|cant|p1a: Primarina|par
|
|-heal|p1a: Primarina|99/100 par|[from] item: Leftovers
|upkeep
|turn|5
|
|t:|1631880714
|move|p2a: Uxie|Extrasensory|p1a: Primarina
|-damage|p1a: Primarina|85/100 par
|move|p1a: Primarina|Moonblast|p2a: Uxie
|-damage|p2a: Uxie|71/100
|
|-heal|p2a: Uxie|77/100|[from] item: Leftovers
|-heal|p1a: Primarina|91/100 par|[from] item: Leftovers
|upkeep
|turn|6
|j| Pwaite
|j| strafeolympus
|
|t:|1631880730
|move|p2a: Uxie|Extrasensory|p1a: Primarina
|-damage|p1a: Primarina|76/100 par
|move|p1a: Primarina|Moonblast|p2a: Uxie
|-damage|p2a: Uxie|44/100
|
|-heal|p2a: Uxie|50/100|[from] item: Leftovers
|-heal|p1a: Primarina|82/100 par|[from] item: Leftovers
|upkeep
|turn|7
|j| WHOLE LOTTA COTTA
|l| WHOLE LOTTA COTTA
|
|t:|1631880741
|switch|p2a: Alcremie|Alcremie, F|100/100
|-damage|p2a: Alcremie|88/100|[from] Stealth Rock
|move|p1a: Primarina|Moonblast|p2a: Alcremie
|-damage|p2a: Alcremie|55/100
|
|-heal|p2a: Alcremie|61/100|[from] item: Leftovers
|-heal|p1a: Primarina|88/100 par|[from] item: Leftovers
|upkeep
|turn|8
|
|t:|1631880750
|switch|p1a: Rhyperior|Rhyperior, M|100/100
|-damage|p1a: Rhyperior|94/100|[from] Stealth Rock
|move|p2a: Alcremie|Calm Mind|p2a: Alcremie
|-boost|p2a: Alcremie|spa|1
|-boost|p2a: Alcremie|spd|1
|
|-heal|p2a: Alcremie|67/100|[from] item: Leftovers
|-heal|p1a: Rhyperior|100/100|[from] item: Leftovers
|upkeep
|turn|9
|
|t:|1631880760
|move|p2a: Alcremie|Recover|p2a: Alcremie
|-heal|p2a: Alcremie|100/100
|move|p1a: Rhyperior|Toxic|p2a: Alcremie
|-status|p2a: Alcremie|tox
|
|-damage|p2a: Alcremie|95/100 tox|[from] psn
|upkeep
|turn|10
|
|t:|1631880769
|move|p2a: Alcremie|Aromatherapy|p2a: Alcremie
|-activate|p2a: Alcremie|move: Aromatherapy
|-curestatus|p2a: Alcremie|tox|[msg]
|move|p1a: Rhyperior|Stone Edge|p2a: Alcremie
|-damage|p2a: Alcremie|51/100
|
|-heal|p2a: Alcremie|57/100|[from] item: Leftovers
|upkeep
|turn|11
|
|t:|1631880777
|move|p2a: Alcremie|Dazzling Gleam|p1a: Rhyperior
|-damage|p1a: Rhyperior|55/100
|move|p1a: Rhyperior|Toxic|p2a: Alcremie
|-status|p2a: Alcremie|tox
|
|-heal|p2a: Alcremie|63/100 tox|[from] item: Leftovers
|-heal|p1a: Rhyperior|61/100|[from] item: Leftovers
|-damage|p2a: Alcremie|57/100 tox|[from] psn
|upkeep
|turn|12
|j| Champfernape
|
|t:|1631880795
|switch|p2a: Ditto|Ditto|100/100
|-damage|p2a: Ditto|88/100|[from] Stealth Rock
|-transform|p2a: Ditto|p1a: Rhyperior|[from] ability: Imposter
|move|p1a: Rhyperior|Earthquake|p2a: Ditto
|-supereffective|p2a: Ditto
|-damage|p2a: Ditto|22/100
|
|-heal|p1a: Rhyperior|67/100|[from] item: Leftovers
|upkeep
|turn|13
|l| GummySharpedo
|
|t:|1631880820
|switch|p1a: Zarude|Zarude-Dada|100/100
|-damage|p1a: Zarude|88/100|[from] Stealth Rock
|move|p2a: Ditto|Earthquake|p1a: Zarude
|-resisted|p1a: Zarude
|-damage|p1a: Zarude|64/100
|
|upkeep
|turn|14
|j| UnLucky Luoro
|
|t:|1631880828
|switch|p2a: Incineroar|Incineroar, F|100/100
|-ability|p2a: Incineroar|Intimidate|boost
|-unboost|p1a: Zarude|atk|1
|move|p1a: Zarude|U-turn|p2a: Incineroar
|-damage|p2a: Incineroar|90/100
|
|t:|1631880831
|switch|p1a: Kommo-o|Kommo-o, F|100/100|[from]move: U-turn
|-damage|p1a: Kommo-o|94/100|[from] Stealth Rock
|
|-heal|p1a: Kommo-o|100/100|[from] item: Leftovers
|upkeep
|turn|15
|l| strafeolympus
|
|t:|1631880838
|move|p1a: Kommo-o|Close Combat|p2a: Incineroar
|-supereffective|p2a: Incineroar
|-damage|p2a: Incineroar|14/100
|-unboost|p1a: Kommo-o|def|1
|-unboost|p1a: Kommo-o|spd|1
|move|p2a: Incineroar|Will-O-Wisp|p1a: Kommo-o
|-status|p1a: Kommo-o|brn
|
|-damage|p1a: Kommo-o|94/100 brn|[from] brn
|upkeep
|turn|16
|j| Elfuseon
|
|t:|1631880849
|switch|p2a: Alcremie|Alcremie, F|57/100 tox
|-damage|p2a: Alcremie|45/100 tox|[from] Stealth Rock
|move|p1a: Kommo-o|Earthquake|p2a: Alcremie
|-damage|p2a: Alcremie|30/100 tox
|
|-heal|p1a: Kommo-o|100/100 brn|[from] item: Leftovers
|-heal|p2a: Alcremie|36/100 tox|[from] item: Leftovers
|-damage|p2a: Alcremie|30/100 tox|[from] psn
|-damage|p1a: Kommo-o|94/100 brn|[from] brn
|upkeep
|turn|17
|l| Elfuseon
|
|t:|1631880862
|switch|p1a: Thundurus|Thundurus-Therian, M|100/100
|move|p2a: Alcremie|Recover|p2a: Alcremie
|-heal|p2a: Alcremie|80/100 tox
|
|-heal|p2a: Alcremie|86/100 tox|[from] item: Leftovers
|-damage|p2a: Alcremie|74/100 tox|[from] psn
|upkeep
|turn|18
|j| Steven Stone 007
|
|t:|1631880872
|switch|p2a: Ditto|Ditto|22/100
|-damage|p2a: Ditto|9/100|[from] Stealth Rock
|-transform|p2a: Ditto|p1a: Thundurus|[from] ability: Imposter
|move|p1a: Thundurus|Knock Off|p2a: Ditto
|-damage|p2a: Ditto|0 fnt
|-enditem|p2a: Ditto|Choice Scarf|[from] move: Knock Off|[of] p1a: Thundurus
|faint|p2a: Ditto
|
|upkeep
|j| sjjjjjjj
|l| Steven Stone 007
|
|t:|1631880882
|switch|p2a: Cinccino|Cinccino, M|100/100
|-damage|p2a: Cinccino|88/100|[from] Stealth Rock
|turn|19
|
|t:|1631880886
|switch|p1a: Aegislash|Aegislash, F|100/100
|-damage|p1a: Aegislash|94/100|[from] Stealth Rock
|move|p2a: Cinccino|Rock Blast|p1a: Aegislash
|-resisted|p1a: Aegislash
|-damage|p1a: Aegislash|90/100
|-resisted|p1a: Aegislash
|-damage|p1a: Aegislash|86/100
|-resisted|p1a: Aegislash
|-damage|p1a: Aegislash|82/100
|-resisted|p1a: Aegislash
|-damage|p1a: Aegislash|78/100
|-resisted|p1a: Aegislash
|-damage|p1a: Aegislash|75/100
|-hitcount|p1a: Aegislash|5
|-damage|p2a: Cinccino|78/100|[from] item: Life Orb
|
|upkeep
|turn|20
|l| UnLucky Luoro
|
|t:|1631880904
|switch|p2a: Incineroar|Incineroar, F|14/100
|-ability|p2a: Incineroar|Intimidate|boost
|-unboost|p1a: Aegislash|atk|1
|-formechange|p1a: Aegislash|Aegislash-Blade||[from] ability: Stance Change
|move|p1a: Aegislash|Close Combat|p2a: Incineroar
|-supereffective|p2a: Incineroar
|-damage|p2a: Incineroar|0 fnt
|-unboost|p1a: Aegislash|def|1
|-unboost|p1a: Aegislash|spd|1
|faint|p2a: Incineroar
|
|upkeep
|j| TheNewBrends11
|
|t:|1631880915
|switch|p2a: Malamar|Malamar, M|100/100
|-damage|p2a: Malamar|88/100|[from] Stealth Rock
|turn|21
|
|t:|1631880923
|switch|p1a: Primarina|Primarina, F|88/100 par
|-damage|p1a: Primarina|75/100 par|[from] Stealth Rock
|move|p2a: Malamar|Knock Off|p1a: Primarina
|-resisted|p1a: Primarina
|-damage|p1a: Primarina|57/100 par
|-enditem|p1a: Primarina|Leftovers|[from] move: Knock Off|[of] p2a: Malamar
|
|upkeep
|turn|22
|
|t:|1631880939
|switch|p2a: Uxie|Uxie|50/100
|-damage|p2a: Uxie|38/100|[from] Stealth Rock
|move|p1a: Primarina|Moonblast|p2a: Uxie
|-damage|p2a: Uxie|10/100
|
|-heal|p2a: Uxie|16/100|[from] item: Leftovers
|upkeep
|turn|23
|
|t:|1631880950
|move|p2a: Uxie|Extrasensory|p1a: Primarina
|-damage|p1a: Primarina|40/100 par
|move|p1a: Primarina|Rest|p1a: Primarina
|-status|p1a: Primarina|slp|[from] move: Rest
|-heal|p1a: Primarina|100/100 slp|[silent]
|
|-heal|p2a: Uxie|22/100|[from] item: Leftovers
|upkeep
|turn|24
|
|t:|1631880962
|switch|p2a: Malamar|Malamar, M|88/100
|-damage|p2a: Malamar|76/100|[from] Stealth Rock
|switch|p1a: Rhyperior|Rhyperior, M|67/100
|-damage|p1a: Rhyperior|61/100|[from] Stealth Rock
|
|-heal|p1a: Rhyperior|67/100|[from] item: Leftovers
|upkeep
|turn|25
|j| tricona
|j| juventuswac
|
|t:|1631880971
|switch|p1a: Primarina|Primarina, F|100/100 slp
|-damage|p1a: Primarina|88/100 slp|[from] Stealth Rock
|move|p2a: Malamar|Superpower|p1a: Primarina
|-resisted|p1a: Primarina
|-damage|p1a: Primarina|74/100 slp
|-boost|p2a: Malamar|atk|1
|-boost|p2a: Malamar|def|1
|
|upkeep
|turn|26
|l| juventuswac
|
|t:|1631880980
|move|p2a: Malamar|Superpower|p1a: Primarina
|-resisted|p1a: Primarina
|-damage|p1a: Primarina|50/100 slp
|-boost|p2a: Malamar|atk|1
|-boost|p2a: Malamar|def|1
|cant|p1a: Primarina|slp
|move|p1a: Primarina|Sleep Talk|p1a: Primarina
|move|p1a: Primarina|Scald|p2a: Malamar|[from]move: Sleep Talk
|-damage|p2a: Malamar|47/100
|-status|p2a: Malamar|brn
|
|-damage|p2a: Malamar|41/100 brn|[from] brn
|upkeep
|turn|27
|j| reazor16
|
|t:|1631880996
|switch|p2a: Alcremie|Alcremie, F|74/100 tox
|-damage|p2a: Alcremie|62/100 tox|[from] Stealth Rock
|cant|p1a: Primarina|slp
|move|p1a: Primarina|Sleep Talk|p1a: Primarina
|move|p1a: Primarina|Moonblast|p2a: Alcremie|[from]move: Sleep Talk
|-damage|p2a: Alcremie|27/100 tox
|
|-heal|p2a: Alcremie|33/100 tox|[from] item: Leftovers
|-damage|p2a: Alcremie|27/100 tox|[from] psn
|upkeep
|turn|28
|j| Elifrip
|
|t:|1631881009
|switch|p1a: Thundurus|Thundurus-Therian, M|100/100
|move|p2a: Alcremie|Aromatherapy|p2a: Alcremie
|-activate|p2a: Alcremie|move: Aromatherapy
|-curestatus|p2a: Alcremie|tox|[msg]
|-curestatus|p2: Malamar|brn|[msg]
|
|-heal|p2a: Alcremie|33/100|[from] item: Leftovers
|upkeep
|turn|29
|j| xxmubasherxx
|
|t:|1631881019
|switch|p2a: Uxie|Uxie|22/100
|-damage|p2a: Uxie|10/100|[from] Stealth Rock
|move|p1a: Thundurus|Volt Switch|p2a: Uxie
|-damage|p2a: Uxie|0 fnt
|faint|p2a: Uxie
|
|t:|1631881028
|switch|p1a: Zarude|Zarude-Dada|64/100|[from]move: Volt Switch
|-damage|p1a: Zarude|51/100|[from] Stealth Rock
|
|upkeep
|l| Chinnu pro
|
|t:|1631881039
|switch|p2a: Cinccino|Cinccino, M|78/100
|-damage|p2a: Cinccino|66/100|[from] Stealth Rock
|turn|30
|l|%Sificon~
|
|t:|1631881043
|move|p1a: Zarude|Power Whip|p2a: Cinccino
|-damage|p2a: Cinccino|0 fnt
|faint|p2a: Cinccino
|
|upkeep
|
|t:|1631881053
|switch|p2a: Malamar|Malamar, M|41/100
|-damage|p2a: Malamar|29/100|[from] Stealth Rock
|turn|31
|l| Elifrip
|c|☆Denison123|grats
|
|t:|1631881060
|move|p1a: Zarude|Power Whip|p2a: Malamar
|-damage|p2a: Malamar|0 fnt
|faint|p2a: Malamar
|
|upkeep
|
|t:|1631881065
|switch|p2a: Alcremie|Alcremie, F|33/100
|-damage|p2a: Alcremie|21/100|[from] Stealth Rock
|turn|32
|
|t:|1631881069
|move|p1a: Zarude|Power Whip|p2a: Alcremie
|-damage|p2a: Alcremie|0 fnt
|faint|p2a: Alcremie
|
|win|Panorama Fiesta
|n|☆Panorama Fiesta|panoramafiesta
|n|☆Denison123|denison123
|n|*Lady Monita|ladymonita
|n| sonictasic|sonictasic
|n| ChocoMocha|chocomocha
|n| TheNordicMan|thenordicman
|n| sam bjiku kaiju|sambjikukaiju
|n| Testdummy5678|testdummy5678
|n| Kingston9629|kingston9629
|n| Royal Cinccino|royalcinccino
|n| Lsoma|lsoma
|n| Pwaite|pwaite
|n| Champfernape|champfernape
|n| sjjjjjjj|sjjjjjjj
|n| TheNewBrends11|thenewbrends11
|n| tricona|tricona
|n| reazor16|reazor16
|n| xxmubasherxx|xxmubasherxx
|l|*Lady Monita
|l|☆Denison123
|l|☆Panorama Fiesta
|l| Royal Cinccino
|l| Testdummy5678
|l| sonictasic
