|j|☆Above n Beyond
|j|☆UULT1 Adrift
|player|p1|Above n Beyond|169|1471
|player|p2|UULT1 Adrift|ethan-gen2|1574
|teamsize|p1|6
|teamsize|p2|6
|gametype|singles
|gen|8
|tier|[Gen 8] UU
|rated|
|clearpoke
|poke|p1|Sirfetch'd, M|
|poke|p1|Doublade, M|
|poke|p1|Gigalith, F|
|poke|p1|Noivern, M|
|poke|p1|Sylveon, M|
|poke|p1|Roserade, F|
|poke|p2|Rotom-Mow|
|poke|p2|Espeon, M|
|poke|p2|Doublade, F|
|poke|p2|Cobalion|
|poke|p2|Barbaracle, F|
|poke|p2|Flygon, M|
|rule|Sleep Clause Mod: Limit one foe put to sleep
|rule|Species Clause: Limit one of each Pokémon
|rule|OHKO Clause: OHKO moves are banned
|rule|Evasion Moves Clause: Evasion moves are banned
|rule|Endless Battle Clause: Forcing endless battles is banned
|rule|HP Percentage Mod: HP is shown in percentages
|rule|Dynamax Clause: You cannot dynamax
|teampreview
|j| FU SHUN HA
|
|start
|switch|p1a: Doublade|Doublade, M|100/100
|switch|p2a: Barbaracle|Barbaracle, F|100/100
|turn|1
|
|switch|p2a: Rotom|Rotom-Mow|100/100
|move|p1a: Doublade|Close Combat|p2a: Rotom
|-damage|p2a: Rotom|44/100
|-unboost|p1a: Doublade|def|1
|-unboost|p1a: Doublade|spd|1
|
|-heal|p2a: Rotom|51/100|[from] item: Leftovers
|upkeep
|turn|2
|j| bel air
|
|switch|p2a: Cobalion|Cobalion|100/100
|switch|p1a: Roserade|Roserade, F|100/100
|
|upkeep
|turn|3
|
|move|p2a: Cobalion|Stealth Rock|p1a: Roserade
|-sidestart|p1: Above n Beyond|move: Stealth Rock
|move|p1a: Roserade|Spikes|p2a: Cobalion
|-sidestart|p2: UULT1 Adrift|Spikes
|
|upkeep
|turn|4
|
|switch|p1a: Doublade|Doublade, M|100/100
|-damage|p1a: Doublade|94/100|[from] Stealth Rock
|move|p2a: Cobalion|Taunt|p1a: Doublade
|-start|p1a: Doublade|move: Taunt
|
|upkeep
|turn|5
|
|switch|p2a: Doublade|Doublade, F|100/100
|-damage|p2a: Doublade|88/100|[from] Spikes
|move|p1a: Doublade|Shadow Sneak|p2a: Doublade
|-supereffective|p2a: Doublade
|-damage|p2a: Doublade|67/100
|
|upkeep
|turn|6
|
|switch|p1a: Noivern|Noivern, M|100/100
|move|p2a: Doublade|Swords Dance|p2a: Doublade
|-boost|p2a: Doublade|atk|2
|
|upkeep
|turn|7
|
|switch|p2a: Barbaracle|Barbaracle, F|100/100
|-damage|p2a: Barbaracle|88/100|[from] Spikes
|move|p1a: Noivern|Flamethrower|p2a: Barbaracle
|-resisted|p2a: Barbaracle
|-damage|p2a: Barbaracle|79/100
|
|upkeep
|turn|8
|l| bel air
|
|switch|p1a: Sirfetch'd|Sirfetch'd, M|100/100
|-damage|p1a: Sirfetch'd|94/100|[from] Stealth Rock
|move|p2a: Barbaracle|Shell Smash|p2a: Barbaracle
|-unboost|p2a: Barbaracle|def|1
|-unboost|p2a: Barbaracle|spd|1
|-boost|p2a: Barbaracle|atk|2
|-boost|p2a: Barbaracle|spa|2
|-boost|p2a: Barbaracle|spe|2
|-enditem|p2a: Barbaracle|White Herb
|-clearnegativeboost|p2a: Barbaracle|[silent]
|
|upkeep
|turn|9
|
|move|p1a: Sirfetch'd|First Impression|p2a: Barbaracle
|-damage|p2a: Barbaracle|20/100
|move|p2a: Barbaracle|Liquidation|p1a: Sirfetch'd
|-damage|p1a: Sirfetch'd|0 fnt
|faint|p1a: Sirfetch'd
|
|upkeep
|
|switch|p1a: Doublade|Doublade, M|94/100
|-damage|p1a: Doublade|88/100|[from] Stealth Rock
|turn|10
|
|move|p1a: Doublade|Shadow Sneak|p2a: Barbaracle
|-damage|p2a: Barbaracle|0 fnt
|faint|p2a: Barbaracle
|
|upkeep
|
|switch|p2a: Espeon|Espeon, M|100/100
|-damage|p2a: Espeon|88/100|[from] Spikes
|turn|11
|
|switch|p1a: Gigalith|Gigalith, F|100/100
|-damage|p1a: Gigalith|88/100|[from] Stealth Rock
|-weather|Sandstorm|[from] ability: Sand Stream|[of] p1a: Gigalith
|move|p2a: Espeon|Reflect|p2a: Espeon
|-sidestart|p2: UULT1 Adrift|Reflect
|
|-weather|Sandstorm|[upkeep]
|-damage|p2a: Espeon|82/100|[from] Sandstorm
|-heal|p1a: Gigalith|94/100|[from] item: Leftovers
|upkeep
|turn|12
|
|move|p2a: Espeon|Light Screen|p2a: Espeon
|-sidestart|p2: UULT1 Adrift|move: Light Screen
|move|p1a: Gigalith|Stealth Rock|p2a: Espeon
|move|p2a: Espeon|Stealth Rock||[from]Magic Bounce|[still]
|-fail|p2a: Espeon
|
|-weather|Sandstorm|[upkeep]
|-damage|p2a: Espeon|76/100|[from] Sandstorm
|-heal|p1a: Gigalith|100/100|[from] item: Leftovers
|upkeep
|turn|13
|
|move|p2a: Espeon|Toxic|p1a: Gigalith
|-status|p1a: Gigalith|tox
|move|p1a: Gigalith|Toxic|p2a: Espeon
|move|p2a: Espeon|Toxic|p1a: Gigalith|[from]Magic Bounce
|-fail|p1a: Gigalith|tox
|
|-weather|Sandstorm|[upkeep]
|-damage|p2a: Espeon|70/100|[from] Sandstorm
|-damage|p1a: Gigalith|94/100 tox|[from] psn
|upkeep
|turn|14
|
|move|p2a: Espeon|Psychic|p1a: Gigalith
|-damage|p1a: Gigalith|75/100 tox
|move|p1a: Gigalith|Toxic|p2a: Espeon
|move|p2a: Espeon|Toxic|p1a: Gigalith|[from]Magic Bounce
|-fail|p1a: Gigalith|tox
|
|-weather|Sandstorm|[upkeep]
|-damage|p2a: Espeon|64/100|[from] Sandstorm
|-heal|p1a: Gigalith|81/100 tox|[from] item: Leftovers
|-damage|p1a: Gigalith|69/100 tox|[from] psn
|upkeep
|turn|15
|
|switch|p2a: Doublade|Doublade, F|67/100
|-damage|p2a: Doublade|55/100|[from] Spikes
|switch|p1a: Noivern|Noivern, M|100/100
|
|-weather|none
|upkeep
|turn|16
|inactive|Battle timer is ON: inactive players will automatically lose when time's up. (requested by UULT1 Adrift)
|
|move|p1a: Noivern|Flamethrower|p2a: Doublade
|-supereffective|p2a: Doublade
|-damage|p2a: Doublade|0 fnt
|faint|p2a: Doublade
|
|upkeep
|
|switch|p2a: Flygon|Flygon, M|100/100
|turn|17
|
|move|p1a: Noivern|Hurricane|p2a: Flygon|[miss]
|-miss|p1a: Noivern|p2a: Flygon
|move|p2a: Flygon|Dragon Dance|p2a: Flygon
|-boost|p2a: Flygon|atk|1
|-boost|p2a: Flygon|spe|1
|
|upkeep
|turn|18
|
|move|p2a: Flygon|Dragon Claw|p1a: Noivern
|-supereffective|p1a: Noivern
|-damage|p1a: Noivern|0 fnt
|faint|p1a: Noivern
|
|-sideend|p2: UULT1 Adrift|Reflect
|upkeep
|
|switch|p1a: Doublade|Doublade, M|88/100
|-damage|p1a: Doublade|82/100|[from] Stealth Rock
|turn|19
|
|move|p2a: Flygon|Earthquake|p1a: Doublade
|-supereffective|p1a: Doublade
|-damage|p1a: Doublade|12/100
|move|p1a: Doublade|Close Combat|p2a: Flygon
|-damage|p2a: Flygon|46/100
|-unboost|p1a: Doublade|def|1
|-unboost|p1a: Doublade|spd|1
|
|-sideend|p2: UULT1 Adrift|move: Light Screen
|upkeep
|turn|20
|c|☆Above n Beyond|dude thats the second time x_x
|-message|Above n Beyond forfeited.
|
|win|UULT1 Adrift
|l|☆Above n Beyond
|raw|Above n Beyond's rating: 1493 &rarr; <strong>1477</strong><br />(-16 for losing)
|raw|UULT1 Adrift's rating: 1574 &rarr; <strong>1589</strong><br />(+15 for winning)
|l|☆UULT1 Adrift
