|raw|<div class="broadcast-blue"><strong>This battle is required to be public due to a player having a name starting with 'uult91w'.</div>
|j|☆UULT91wpokemonisfu
|j|☆UULT91w udon
|t:|1651801460
|gametype|singles
|player|p1|UULT91wpokemonisfu|#uutrio2ladder|1655
|player|p2|UULT91w udon|dawn|1539
|teamsize|p1|6
|teamsize|p2|6
|gen|8
|tier|[Gen 8] UU
|rated|
|rule|Sleep Clause Mod: Limit one foe put to sleep
|rule|Species Clause: Limit one of each Pokémon
|rule|OHKO Clause: OHKO moves are banned
|rule|Evasion Moves Clause: Evasion moves are banned
|rule|Endless Battle Clause: Forcing endless battles is banned
|rule|HP Percentage Mod: HP is shown in percentages
|rule|Dynamax Clause: You cannot dynamax
|clearpoke
|poke|p1|Scizor, M|
|poke|p1|Rotom-Wash|
|poke|p1|Hippowdon, M|
|poke|p1|Zarude|
|poke|p1|Moltres|
|poke|p1|Zygarde-10%|
|poke|p2|Hydreigon, M|
|poke|p2|Cobalion|
|poke|p2|Azumarill, M|
|poke|p2|Tangrowth, M|
|poke|p2|Moltres|
|poke|p2|Aegislash, F|
|teampreview
|j| hariyana grande
|
|t:|1651801492
|start
|switch|p1a: wishy washy|Rotom-Wash|100/100
|switch|p2a: Hydreigon|Hydreigon, M|100/100
|turn|1
|j| UULT91w Toto
|j|+avarice
|c| hariyana grande|moltdouble
|j| UULT91w Corp N
|j| UULT91W ASK
|l| UULT91W ASK
|j| bricksmall
|c| UULT91w Corp N|moltripledouble
|
|t:|1651801528
|move|p1a: wishy washy|Volt Switch|p2a: Hydreigon
|-resisted|p2a: Hydreigon
|-damage|p2a: Hydreigon|86/100
|
|t:|1651801549
|switch|p1a: cutter butter|Scizor, M|100/100|[from]move: Volt Switch
|move|p2a: Hydreigon|Dark Pulse|p1a: cutter butter
|-damage|p1a: cutter butter|31/100
|
|upkeep
|turn|2
|c|☆UULT91w udon|pokemonisfu
|
|t:|1651801572
|switch|p1a: zapolite|Zarude|100/100
|move|p2a: Hydreigon|Dark Pulse|p1a: zapolite
|-resisted|p1a: zapolite
|-damage|p1a: zapolite|68/100
|
|upkeep
|turn|3
|c|☆UULT91wpokemonisfu|n
|
|t:|1651801589
|switch|p2a: Cobalion|Cobalion|100/100
|move|p1a: zapolite|Jungle Healing|p1a: zapolite
|-heal|p1a: zapolite|93/100
|
|upkeep
|turn|4
|j| UULT91W Lily
|
|t:|1651801611
|switch|p1a: moltres leches|Moltres|100/100
|move|p2a: Cobalion|Stealth Rock|p1a: moltres leches
|-sidestart|p1: UULT91wpokemonisfu|move: Stealth Rock
|
|upkeep
|turn|5
|
|t:|1651801616
|switch|p1a: command the sand|Hippowdon, M|100/100
|-damage|p1a: command the sand|94/100|[from] Stealth Rock
|-weather|Sandstorm|[from] ability: Sand Stream|[of] p1a: command the sand
|move|p2a: Cobalion|Stone Edge|p1a: command the sand|[miss]
|-miss|p2a: Cobalion|p1a: command the sand
|
|-weather|Sandstorm|[upkeep]
|-heal|p1a: command the sand|100/100|[from] item: Leftovers
|upkeep
|turn|6
|
|t:|1651801625
|switch|p2a: Azumarill|Azumarill, M|100/100
|move|p1a: command the sand|Stealth Rock|p2a: Azumarill
|-sidestart|p2: UULT91w udon|move: Stealth Rock
|
|-weather|Sandstorm|[upkeep]
|-damage|p2a: Azumarill|94/100|[from] Sandstorm
|upkeep
|turn|7
|
|t:|1651801642
|move|p2a: Azumarill|Liquidation|p1a: command the sand
|-supereffective|p1a: command the sand
|-damage|p1a: command the sand|17/100
|move|p1a: command the sand|Slack Off|p1a: command the sand
|-heal|p1a: command the sand|68/100
|
|-weather|Sandstorm|[upkeep]
|-damage|p2a: Azumarill|88/100|[from] Sandstorm
|-heal|p1a: command the sand|74/100|[from] item: Leftovers
|upkeep
|turn|8
|j| ongg
|
|t:|1651801660
|switch|p2a: Cobalion|Cobalion|100/100
|-damage|p2a: Cobalion|97/100|[from] Stealth Rock
|switch|p1a: wishy washy|Rotom-Wash|100/100
|-damage|p1a: wishy washy|88/100|[from] Stealth Rock
|
|-weather|Sandstorm|[upkeep]
|-damage|p1a: wishy washy|82/100|[from] Sandstorm
|-heal|p1a: wishy washy|88/100|[from] item: Leftovers
|upkeep
|turn|9
|
|t:|1651801670
|move|p2a: Cobalion|Volt Switch|p1a: wishy washy
|-crit|p1a: wishy washy
|-damage|p1a: wishy washy|66/100
|
|t:|1651801672
|switch|p2a: Tangrowth|Tangrowth, M|100/100|[from]move: Volt Switch
|-damage|p2a: Tangrowth|88/100|[from] Stealth Rock
|move|p1a: wishy washy|Pain Split|p2a: Tangrowth
|-sethp|p2a: Tangrowth|69/100|[from] move: Pain Split|[silent]
|-sethp|p1a: wishy washy|92/100|[from] move: Pain Split
|
|-weather|none
|-heal|p1a: wishy washy|98/100|[from] item: Leftovers
|upkeep
|turn|10
|
|t:|1651801678
|move|p1a: wishy washy|Volt Switch|p2a: Tangrowth
|-resisted|p2a: Tangrowth
|-damage|p2a: Tangrowth|61/100
|
|t:|1651801684
|switch|p1a: moltres leches|Moltres|100/100|[from]move: Volt Switch
|move|p2a: Tangrowth|Knock Off|p1a: moltres leches
|-damage|p1a: moltres leches|78/100
|-status|p2a: Tangrowth|brn|[from] ability: Flame Body|[of] p1a: moltres leches
|-enditem|p1a: moltres leches|Heavy-Duty Boots|[from] move: Knock Off|[of] p2a: Tangrowth
|
|-damage|p2a: Tangrowth|55/100 brn|[from] brn
|upkeep
|turn|11
|l| bricksmall
|
|t:|1651801713
|switch|p2a: Moltres|Moltres|100/100
|move|p1a: moltres leches|Hurricane|p2a: Moltres
|-damage|p2a: Moltres|50/100
|
|upkeep
|turn|12
|
|t:|1651801728
|switch|p2a: Aegislash|Aegislash, F|100/100
|-damage|p2a: Aegislash|94/100|[from] Stealth Rock
|move|p1a: moltres leches|Hurricane|p2a: Aegislash
|-resisted|p2a: Aegislash
|-damage|p2a: Aegislash|77/100
|-start|p2a: Aegislash|confusion
|
|upkeep
|turn|13
|
|t:|1651801735
|move|p1a: moltres leches|Flamethrower|p2a: Aegislash
|-supereffective|p2a: Aegislash
|-damage|p2a: Aegislash|13/100
|-activate|p2a: Aegislash|confusion
|-damage|p2a: Aegislash|9/100|[from] confusion
|
|upkeep
|turn|14
|n| J Coles|ongg
|
|t:|1651801782
|move|p1a: moltres leches|Flamethrower|p2a: Aegislash
|-supereffective|p2a: Aegislash
|-damage|p2a: Aegislash|0 fnt
|faint|p2a: Aegislash
|
|upkeep
|c|☆UULT91w udon|…
|
|t:|1651801787
|switch|p2a: Cobalion|Cobalion|97/100
|-damage|p2a: Cobalion|94/100|[from] Stealth Rock
|turn|15
|
|t:|1651801805
|switch|p1a: command the sand|Hippowdon, M|74/100
|-damage|p1a: command the sand|68/100|[from] Stealth Rock
|-weather|Sandstorm|[from] ability: Sand Stream|[of] p1a: command the sand
|move|p2a: Cobalion|Stone Edge|p1a: command the sand
|-resisted|p1a: command the sand
|-damage|p1a: command the sand|61/100
|
|-weather|Sandstorm|[upkeep]
|-heal|p1a: command the sand|67/100|[from] item: Leftovers
|upkeep
|turn|16
|
|t:|1651801847
|switch|p2a: Azumarill|Azumarill, M|88/100
|-damage|p2a: Azumarill|76/100|[from] Stealth Rock
|move|p1a: command the sand|Slack Off|p1a: command the sand
|-heal|p1a: command the sand|100/100
|
|-weather|Sandstorm|[upkeep]
|-damage|p2a: Azumarill|70/100|[from] Sandstorm
|upkeep
|turn|17
|
|t:|1651801874
|move|p2a: Azumarill|Play Rough|p1a: command the sand
|-damage|p1a: command the sand|55/100
|move|p1a: command the sand|Slack Off|p1a: command the sand
|-heal|p1a: command the sand|100/100
|
|-weather|Sandstorm|[upkeep]
|-damage|p2a: Azumarill|64/100|[from] Sandstorm
|upkeep
|turn|18
|
|t:|1651801884
|switch|p2a: Cobalion|Cobalion|94/100
|-damage|p2a: Cobalion|91/100|[from] Stealth Rock
|move|p1a: command the sand|Earthquake|p2a: Cobalion
|-supereffective|p2a: Cobalion
|-damage|p2a: Cobalion|21/100
|
|-weather|Sandstorm|[upkeep]
|upkeep
|turn|19
|
|t:|1651801893
|switch|p2a: Hydreigon|Hydreigon, M|86/100
|-damage|p2a: Hydreigon|74/100|[from] Stealth Rock
|move|p1a: command the sand|Toxic|p2a: Hydreigon
|-status|p2a: Hydreigon|tox
|
|-weather|none
|-damage|p2a: Hydreigon|68/100 tox|[from] psn
|upkeep
|turn|20
|
|t:|1651801936
|switch|p1a: moltres leches|Moltres|78/100
|-damage|p1a: moltres leches|28/100|[from] Stealth Rock
|move|p2a: Hydreigon|Dark Pulse|p1a: moltres leches
|-damage|p1a: moltres leches|0 fnt
|faint|p1a: moltres leches
|
|-damage|p2a: Hydreigon|56/100 tox|[from] psn
|upkeep
|
|t:|1651801944
|switch|p1a: zapolite|Zarude|93/100
|-damage|p1a: zapolite|81/100|[from] Stealth Rock
|turn|21
|
|t:|1651801956
|switch|p2a: Cobalion|Cobalion|21/100
|-damage|p2a: Cobalion|18/100|[from] Stealth Rock
|move|p1a: zapolite|Darkest Lariat|p2a: Cobalion
|-resisted|p2a: Cobalion
|-damage|p2a: Cobalion|0 fnt
|-damage|p1a: zapolite|64/100|[from] item: Rocky Helmet|[of] p2a: Cobalion
|faint|p2a: Cobalion
|
|upkeep
|
|t:|1651801959
|switch|p2a: Moltres|Moltres|50/100
|turn|22
|
|t:|1651801964
|move|p1a: zapolite|Darkest Lariat|p2a: Moltres
|-damage|p2a: Moltres|0 fnt
|faint|p2a: Moltres
|
|upkeep
|-message|UULT91w udon forfeited.
|
|win|UULT91wpokemonisfu
|raw|UULT91wpokemonisfu's rating: 1655 &rarr; <strong>1669</strong><br />(+14 for winning)
|raw|UULT91w udon's rating: 1539 &rarr; <strong>1525</strong><br />(-14 for losing)
|l|☆UULT91w udon
|j| Celebiii32
|l| Celebiii32
|l| UULT91W Lily
|l|☆UULT91wpokemonisfu
||Ladder isn't responding, score probably updated but might not have (Request timeout).
|j| Momentary Life
|l| hariyana grande
|j| UULT91w Mantis
|l| UULT91w Mantis
|l| UULT91w Corp N
|l| Momentary Life
|l|+avarice
|l| UULT91w Toto
|j| dragonitenb
