|j|☆bioche80
|j|☆WLR > EA
|t:|1607729044
|player|p1|bioche80|palmer|1202
|player|p2|WLR > EA|blue-gen2|1359
|teamsize|p1|6
|teamsize|p2|6
|gametype|singles
|gen|8
|tier|[Gen 8] UU
|rated|
|clearpoke
|poke|p1|Ditto|
|poke|p1|Amoonguss, M|
|poke|p1|Rotom-Heat|
|poke|p1|Diancie|
|poke|p1|Latias, F|
|poke|p1|Scizor, M|
|poke|p2|Gyarados, F|
|poke|p2|Lycanroc-Dusk, M|
|poke|p2|Blaziken, F|
|poke|p2|Tangrowth, F|
|poke|p2|Conkeldurr, M|
|poke|p2|Latias, F|
|rule|Sleep Clause Mod: Limit one foe put to sleep
|rule|Species Clause: Limit one of each Pokémon
|rule|OHKO Clause: OHKO moves are banned
|rule|Evasion Moves Clause: Evasion moves are banned
|rule|Endless Battle Clause: Forcing endless battles is banned
|rule|HP Percentage Mod: HP is shown in percentages
|rule|Dynamax Clause: You cannot dynamax
|teampreview
|
|t:|1607729062
|start
|switch|p1a: le roi déchu|Scizor, M|100/100
|switch|p2a: Lycanroc|Lycanroc-Dusk, M|100/100
|turn|1
|
|t:|1607729067
|move|p1a: le roi déchu|Bullet Punch|p2a: Lycanroc
|-supereffective|p2a: Lycanroc
|-enditem|p2a: Lycanroc|Focus Sash
|-damage|p2a: Lycanroc|1/100
|move|p2a: Lycanroc|Endeavor|p1a: le roi déchu
|-damage|p1a: le roi déchu|1/100
|
|upkeep
|turn|2
|
|t:|1607729074
|move|p2a: Lycanroc|Accelerock|p1a: le roi déchu
|-damage|p1a: le roi déchu|0 fnt
|faint|p1a: le roi déchu
|
|upkeep
|
|t:|1607729089
|switch|p1a: un avion??|Latias, F|100/100
|turn|3
|
|t:|1607729100
|move|p2a: Lycanroc|Endeavor|p1a: un avion??
|-damage|p1a: un avion??|1/100
|move|p1a: un avion??|Psyshock|p2a: Lycanroc
|-damage|p2a: Lycanroc|0 fnt
|faint|p2a: Lycanroc
|
|upkeep
|
|t:|1607729109
|switch|p2a: Gyarados|Gyarados, F|100/100
|turn|4
|
|t:|1607729113
|move|p1a: un avion??|Recover|p1a: un avion??
|-heal|p1a: un avion??|51/100
|move|p2a: Gyarados|Dragon Dance|p2a: Gyarados
|-boost|p2a: Gyarados|atk|1
|-boost|p2a: Gyarados|spe|1
|
|upkeep
|turn|5
|
|t:|1607729122
|move|p2a: Gyarados|Waterfall|p1a: un avion??
|-resisted|p1a: un avion??
|-damage|p1a: un avion??|13/100
|move|p1a: un avion??|Recover|p1a: un avion??
|-heal|p1a: un avion??|64/100
|
|upkeep
|turn|6
|
|t:|1607729129
|switch|p1a: merry|Amoonguss, M|100/100
|move|p2a: Gyarados|Dragon Dance|p2a: Gyarados
|-boost|p2a: Gyarados|atk|1
|-boost|p2a: Gyarados|spe|1
|
|upkeep
|turn|7
|
|t:|1607729135
|move|p2a: Gyarados|Earthquake|p1a: merry
|-damage|p1a: merry|52/100
|move|p1a: merry|Spore|p2a: Gyarados
|-status|p2a: Gyarados|slp|[from] move: Spore
|
|upkeep
|turn|8
|
|t:|1607729147
|switch|p1a: adaptable|Ditto|100/100
|-transform|p1a: adaptable|p2a: Gyarados|[from] ability: Imposter
|cant|p2a: Gyarados|slp
|
|upkeep
|turn|9
|
|t:|1607729155
|switch|p2a: Tangrowth|Tangrowth, F|100/100
|move|p1a: adaptable|Power Whip|p2a: Tangrowth
|-resisted|p2a: Tangrowth
|-damage|p2a: Tangrowth|79/100
|-damage|p1a: adaptable|84/100|[from] item: Rocky Helmet|[of] p2a: Tangrowth
|
|upkeep
|turn|10
|
|t:|1607729163
|switch|p1a: cyril|Rotom-Heat|100/100
|move|p2a: Tangrowth|Knock Off|p1a: cyril
|-damage|p1a: cyril|78/100
|-enditem|p1a: cyril|Heavy-Duty Boots|[from] move: Knock Off|[of] p2a: Tangrowth
|
|upkeep
|turn|11
|
|t:|1607729172
|switch|p2a: Latias|Latias, F|100/100
|move|p1a: cyril|Toxic|p2a: Latias
|-status|p2a: Latias|tox
|
|-damage|p2a: Latias|95/100 tox|[from] psn
|upkeep
|turn|12
|
|t:|1607729183
|switch|p1a: diamant|Diancie|100/100
|move|p2a: Latias|Psychic|p1a: diamant
|-damage|p1a: diamant|72/100
|
|-heal|p1a: diamant|78/100|[from] item: Leftovers
|-damage|p2a: Latias|83/100 tox|[from] psn
|upkeep
|turn|13
|
|t:|1607729192
|switch|p2a: Tangrowth|Tangrowth, F|100/100
|move|p1a: diamant|Stealth Rock|p2a: Tangrowth
|-sidestart|p2: WLR > EA|move: Stealth Rock
|
|-heal|p1a: diamant|84/100|[from] item: Leftovers
|upkeep
|turn|14
|
|t:|1607729202
|switch|p1a: merry|Amoonguss, M|86/100
|move|p2a: Tangrowth|Leech Seed|p1a: merry
|-immune|p1a: merry
|
|upkeep
|turn|15
|
|t:|1607729211
|move|p2a: Tangrowth|Knock Off|p1a: merry
|-damage|p1a: merry|69/100
|-damage|p2a: Tangrowth|84/100|[from] item: Rocky Helmet|[of] p1a: merry
|-enditem|p1a: merry|Rocky Helmet|[from] move: Knock Off|[of] p2a: Tangrowth
|move|p1a: merry|Sludge Bomb|p2a: Tangrowth
|-supereffective|p2a: Tangrowth
|-damage|p2a: Tangrowth|0 fnt
|faint|p2a: Tangrowth
|
|upkeep
|
|t:|1607729218
|switch|p2a: Blaziken|Blaziken, F|100/100
|-damage|p2a: Blaziken|88/100|[from] Stealth Rock
|turn|16
|
|t:|1607729226
|switch|p1a: diamant|Diancie|84/100
|move|p2a: Blaziken|Close Combat|p1a: diamant
|-damage|p1a: diamant|17/100
|-unboost|p2a: Blaziken|def|1
|-unboost|p2a: Blaziken|spd|1
|-damage|p2a: Blaziken|78/100|[from] item: Life Orb
|
|-heal|p1a: diamant|23/100|[from] item: Leftovers
|-ability|p2a: Blaziken|Speed Boost|boost
|-boost|p2a: Blaziken|spe|1
|upkeep
|turn|17
|
|t:|1607729237
|switch|p1a: un avion??|Latias, F|64/100
|move|p2a: Blaziken|Close Combat|p1a: un avion??
|-resisted|p1a: un avion??
|-damage|p1a: un avion??|10/100
|-unboost|p2a: Blaziken|def|1
|-unboost|p2a: Blaziken|spd|1
|-damage|p2a: Blaziken|68/100|[from] item: Life Orb
|
|-ability|p2a: Blaziken|Speed Boost|boost
|-boost|p2a: Blaziken|spe|1
|upkeep
|turn|18
|
|t:|1607729264
|switch|p1a: merry|Amoonguss, M|100/100
|move|p2a: Blaziken|Close Combat|p1a: merry
|-resisted|p1a: merry
|-damage|p1a: merry|69/100
|-unboost|p2a: Blaziken|def|1
|-unboost|p2a: Blaziken|spd|1
|-damage|p2a: Blaziken|58/100|[from] item: Life Orb
|
|-ability|p2a: Blaziken|Speed Boost|boost
|-boost|p2a: Blaziken|spe|1
|upkeep
|turn|19
|
|t:|1607729275
|move|p2a: Blaziken|Flare Blitz|p1a: merry
|-supereffective|p1a: merry
|-damage|p1a: merry|0 fnt
|-damage|p2a: Blaziken|26/100|[from] Recoil
|-damage|p2a: Blaziken|16/100|[from] item: Life Orb
|faint|p1a: merry
|
|-ability|p2a: Blaziken|Speed Boost|boost
|-boost|p2a: Blaziken|spe|1
|upkeep
|
|t:|1607729285
|switch|p1a: adaptable|Ditto|84/100
|-transform|p1a: adaptable|p2a: Blaziken|[from] ability: Imposter
|turn|20
|
|t:|1607729293
|move|p2a: Blaziken|Protect|p2a: Blaziken
|-singleturn|p2a: Blaziken|Protect
|move|p1a: adaptable|Knock Off|p2a: Blaziken
|-activate|p2a: Blaziken|move: Protect
|
|-ability|p1a: adaptable|Speed Boost|boost
|-boost|p1a: adaptable|spe|1
|-ability|p2a: Blaziken|Speed Boost|boost
|-boost|p2a: Blaziken|spe|1
|upkeep
|turn|21
|
|t:|1607729301
|move|p1a: adaptable|Knock Off|p2a: Blaziken
|-resisted|p2a: Blaziken
|-damage|p2a: Blaziken|0 fnt
|-enditem|p2a: Blaziken|Life Orb|[from] move: Knock Off|[of] p1a: adaptable
|faint|p2a: Blaziken
|
|-ability|p1a: adaptable|Speed Boost|boost
|-boost|p1a: adaptable|spe|1
|upkeep
|
|t:|1607729305
|switch|p2a: Conkeldurr|Conkeldurr, M|100/100
|-damage|p2a: Conkeldurr|94/100|[from] Stealth Rock
|turn|22
|
|t:|1607729316
|switch|p1a: diamant|Diancie|23/100
|move|p2a: Conkeldurr|Mach Punch|p1a: diamant
|-damage|p1a: diamant|3/100
|
|-heal|p1a: diamant|9/100|[from] item: Leftovers
|-status|p2a: Conkeldurr|brn|[from] item: Flame Orb
|upkeep
|turn|23
|
|t:|1607729326
|move|p2a: Conkeldurr|Mach Punch|p1a: diamant
|-damage|p1a: diamant|0 fnt
|faint|p1a: diamant
|
|-damage|p2a: Conkeldurr|88/100 brn|[from] brn
|upkeep
|
|t:|1607729331
|switch|p1a: cyril|Rotom-Heat|78/100
|turn|24
|
|t:|1607729342
|move|p1a: cyril|Overheat|p2a: Conkeldurr
|-damage|p2a: Conkeldurr|27/100 brn
|-unboost|p1a: cyril|spa|2
|move|p2a: Conkeldurr|Facade|p1a: cyril
|-damage|p1a: cyril|0 fnt
|faint|p1a: cyril
|
|-damage|p2a: Conkeldurr|21/100 brn|[from] brn
|upkeep
|
|t:|1607729352
|switch|p1a: adaptable|Ditto|84/100
|-transform|p1a: adaptable|p2a: Conkeldurr|[from] ability: Imposter
|turn|25
|
|t:|1607729371
|switch|p2a: Gyarados|Gyarados, F|100/100 slp
|move|p1a: adaptable|Facade|p2a: Gyarados
|-damage|p2a: Gyarados|67/100 slp
|
|upkeep
|turn|26
|
|t:|1607729378
|switch|p1a: un avion??|Latias, F|10/100
|cant|p2a: Gyarados|slp
|
|upkeep
|turn|27
|
|t:|1607729384
|switch|p2a: Latias|Latias, F|83/100 tox
|move|p1a: un avion??|Recover|p1a: un avion??
|-heal|p1a: un avion??|61/100
|
|-damage|p2a: Latias|77/100 tox|[from] psn
|upkeep
|turn|28
|
|t:|1607729392
|move|p1a: un avion??|Draco Meteor|p2a: Latias
|-supereffective|p2a: Latias
|-damage|p2a: Latias|0 fnt
|-unboost|p1a: un avion??|spa|2
|faint|p2a: Latias
|
|upkeep
|
|t:|1607729396
|switch|p2a: Gyarados|Gyarados, F|67/100 slp
|turn|29
|
|t:|1607729405
|move|p1a: un avion??|Calm Mind|p1a: un avion??
|-boost|p1a: un avion??|spa|1
|-boost|p1a: un avion??|spd|1
|cant|p2a: Gyarados|slp
|
|upkeep
|turn|30
|
|t:|1607729411
|move|p1a: un avion??|Calm Mind|p1a: un avion??
|-boost|p1a: un avion??|spa|1
|-boost|p1a: un avion??|spd|1
|-curestatus|p2a: Gyarados|slp|[msg]
|move|p2a: Gyarados|Dragon Dance|p2a: Gyarados
|-boost|p2a: Gyarados|atk|1
|-boost|p2a: Gyarados|spe|1
|
|upkeep
|turn|31
|
|t:|1607729419
|move|p2a: Gyarados|Dragon Dance|p2a: Gyarados
|-boost|p2a: Gyarados|atk|1
|-boost|p2a: Gyarados|spe|1
|move|p1a: un avion??|Psyshock|p2a: Gyarados
|-damage|p2a: Gyarados|7/100
|
|upkeep
|turn|32
|
|t:|1607729425
|move|p2a: Gyarados|Waterfall|p1a: un avion??
|-resisted|p1a: un avion??
|-damage|p1a: un avion??|6/100
|move|p1a: un avion??|Psyshock|p2a: Gyarados
|-damage|p2a: Gyarados|0 fnt
|faint|p2a: Gyarados
|
|upkeep
|
|t:|1607729428
|switch|p2a: Conkeldurr|Conkeldurr, M|21/100 brn
|-damage|p2a: Conkeldurr|15/100 brn|[from] Stealth Rock
|turn|33
|c|☆WLR > EA|nice spd tie
|
|t:|1607729434
|move|p2a: Conkeldurr|Mach Punch|p1a: un avion??
|-resisted|p1a: un avion??
|-damage|p1a: un avion??|0 fnt
|faint|p1a: un avion??
|
|-damage|p2a: Conkeldurr|9/100 brn|[from] brn
|upkeep
|
|t:|1607729440
|switch|p1a: adaptable|Ditto|84/100
|-transform|p1a: adaptable|p2a: Conkeldurr|[from] ability: Imposter
|turn|34
|c|☆bioche80|gg
|-message|WLR > EA forfeited.
|
|win|bioche80
|l|☆WLR > EA
|c|☆bioche80|speed tie
|c|☆bioche80|is decisif
|raw|bioche80's rating: 1182 &rarr; <strong>1218</strong><br />(+36 for winning)
|raw|WLR &gt; EA's rating: 1359 &rarr; <strong>1330</strong><br />(-29 for losing)
