|inactive|Battle timer is ON: inactive players will automatically lose when time's up.
|j|☆klam141
|j|☆Permission Slip
|t:|1664243353
|gametype|singles
|player|p1|klam141|pokemaniac|
|player|p2|Permission Slip|clerkf|
|teamsize|p1|6
|teamsize|p2|6
|gen|8
|tier|[Gen 8] UU
|rated|Tournament battle
|rule|Sleep Clause Mod: Limit one foe put to sleep
|rule|Species Clause: Limit one of each Pokémon
|rule|OHKO Clause: OHKO moves are banned
|rule|Evasion Items Clause: Evasion items are banned
|rule|Evasion Moves Clause: Evasion moves are banned
|rule|Endless Battle Clause: Forcing endless battles is banned
|rule|HP Percentage Mod: HP is shown in percentages
|rule|Dynamax Clause: You cannot dynamax
|rule|Blitz: Super-fast timer
|clearpoke
|poke|p1|Haxorus, M|
|poke|p1|Salamence, M|
|poke|p1|Gyarados, M|
|poke|p1|Mamoswine, F|
|poke|p1|Excadrill, M|
|poke|p1|Azumarill, M|
|poke|p2|Froslass, F|
|poke|p2|Krookodile, F|
|poke|p2|Azelf|
|poke|p2|Cobalion|
|poke|p2|Salamence, M|
|poke|p2|Nihilego|
|teampreview
|c|☆Permission Slip|handshaking you with offensive team
|inactive|Permission Slip has 30 seconds left.
|
|t:|1664243368
|start
|switch|p1a: Excadrill|Excadrill, M|100/100
|switch|p2a: Froslass|Froslass, F|100/100
|-ability|p1a: Excadrill|Mold Breaker
|turn|1
|c|☆klam141|?
|
|t:|1664243371
|move|p2a: Froslass|Taunt|p1a: Excadrill
|-start|p1a: Excadrill|move: Taunt
|move|p1a: Excadrill|Rock Tomb|p2a: Froslass
|-supereffective|p2a: Froslass
|-damage|p2a: Froslass|45/100
|-unboost|p2a: Froslass|spe|1
|
|upkeep
|turn|2
|
|t:|1664243375
|switch|p2a: Krookodile|Krookodile, F|100/100
|-ability|p2a: Krookodile|Intimidate|boost
|-unboost|p1a: Excadrill|atk|1
|move|p1a: Excadrill|Rock Tomb|p2a: Krookodile
|-resisted|p2a: Krookodile
|-damage|p2a: Krookodile|94/100
|-unboost|p2a: Krookodile|spe|1
|
|upkeep
|turn|3
|inactive|klam141 has 10 seconds left.
|inactive|Permission Slip has 10 seconds left.
|
|t:|1664243380
|move|p1a: Excadrill|Earthquake|p2a: Krookodile
|-damage|p2a: Krookodile|63/100
|move|p2a: Krookodile|Earthquake|p1a: Excadrill
|-supereffective|p1a: Excadrill
|-enditem|p1a: Excadrill|Focus Sash
|-damage|p1a: Excadrill|1/100
|
|-end|p1a: Excadrill|move: Taunt
|upkeep
|turn|4
|
|t:|1664243383
|move|p1a: Excadrill|Stealth Rock|p2a: Krookodile
|-sidestart|p2: Permission Slip|move: Stealth Rock
|move|p2a: Krookodile|Stealth Rock|p1a: Excadrill
|-sidestart|p1: klam141|move: Stealth Rock
|
|upkeep
|turn|5
|inactive|klam141 has 10 seconds left.
|inactive|Permission Slip has 10 seconds left.
|inactive|Permission Slip has 5 seconds left.
|
|t:|1664243395
|move|p1a: Excadrill|Rapid Spin|p2a: Krookodile
|-damage|p2a: Krookodile|52/100
|-boost|p1a: Excadrill|spe|1
|-damage|p1a: Excadrill|0 fnt|[from] item: Rocky Helmet|[of] p2a: Krookodile
|faint|p1a: Excadrill
|move|p2a: Krookodile|Knock Off|p1: Excadrill|[notarget]
|-fail|p2a: Krookodile
|
|upkeep
|inactive|Permission Slip has 10 seconds left this turn.
|
|t:|1664243397
|switch|p1a: Basilisk|Haxorus, M, shiny|100/100
|-damage|p1a: Basilisk|88/100|[from] Stealth Rock
|-ability|p1a: Basilisk|Mold Breaker
|turn|6
|
|t:|1664243401
|move|p1a: Basilisk|Outrage|p2a: Krookodile
|-damage|p2a: Krookodile|0 fnt
|-damage|p1a: Basilisk|72/100|[from] item: Rocky Helmet|[of] p2a: Krookodile
|faint|p2a: Krookodile
|
|upkeep
|
|t:|1664243404
|switch|p2a: Cobalion|Cobalion|100/100
|-damage|p2a: Cobalion|97/100|[from] Stealth Rock
|turn|7
|
|t:|1664243406
|move|p2a: Cobalion|Rock Polish|p2a: Cobalion
|-boost|p2a: Cobalion|spe|2
|move|p1a: Basilisk|Outrage|p2a: Cobalion|[from]lockedmove
|-resisted|p2a: Cobalion
|-damage|p2a: Cobalion|53/100
|-start|p1a: Basilisk|confusion|[fatigue]
|
|upkeep
|turn|8
|
|t:|1664243411
|switch|p1a: Salamence|Salamence, M|100/100
|-ability|p1a: Salamence|Intimidate|boost
|-unboost|p2a: Cobalion|atk|1
|move|p2a: Cobalion|Iron Head|p1a: Salamence
|-damage|p1a: Salamence|72/100
|
|upkeep
|turn|9
|inactive|Permission Slip has 10 seconds left.
|
|t:|1664243417
|switch|p2a: Nihilego|Nihilego|100/100
|-damage|p2a: Nihilego|88/100|[from] Stealth Rock
|move|p1a: Salamence|Fire Blast|p2a: Nihilego
|-resisted|p2a: Nihilego
|-damage|p2a: Nihilego|78/100
|
|upkeep
|turn|10
|inactive|klam141 has 10 seconds left.
|
|t:|1664243422
|switch|p1a: Basilisk|Haxorus, M, shiny|72/100
|-damage|p1a: Basilisk|60/100|[from] Stealth Rock
|-ability|p1a: Basilisk|Mold Breaker
|move|p2a: Nihilego|Meteor Beam||[still]
|-prepare|p2a: Nihilego|Meteor Beam
|-boost|p2a: Nihilego|spa|1
|-enditem|p2a: Nihilego|Power Herb
|-anim|p2a: Nihilego|Meteor Beam|p1a: Basilisk
|-damage|p1a: Basilisk|0 fnt
|faint|p1a: Basilisk
|-ability|p2a: Nihilego|Beast Boost|boost
|-boost|p2a: Nihilego|spe|1
|
|upkeep
|
|t:|1664243425
|switch|p1a: Azumarill|Azumarill, M|100/100
|-damage|p1a: Azumarill|88/100|[from] Stealth Rock
|turn|11
|
|t:|1664243428
|move|p1a: Azumarill|Aqua Jet|p2a: Nihilego
|-supereffective|p2a: Nihilego
|-damage|p2a: Nihilego|3/100
|move|p2a: Nihilego|Thunderbolt|p1a: Azumarill
|-supereffective|p1a: Azumarill
|-damage|p1a: Azumarill|0 fnt
|faint|p1a: Azumarill
|-ability|p2a: Nihilego|Beast Boost|boost
|-boost|p2a: Nihilego|spe|1
|
|upkeep
|
|t:|1664243430
|switch|p1a: Mamoswine|Mamoswine, F|100/100
|-damage|p1a: Mamoswine|88/100|[from] Stealth Rock
|turn|12
|
|t:|1664243433
|move|p1a: Mamoswine|Ice Shard|p2a: Nihilego
|-damage|p2a: Nihilego|0 fnt
|faint|p2a: Nihilego
|-damage|p1a: Mamoswine|78/100|[from] item: Life Orb
|
|upkeep
|
|t:|1664243436
|switch|p2a: Cobalion|Cobalion|53/100
|-damage|p2a: Cobalion|49/100|[from] Stealth Rock
|turn|13
|
|t:|1664243438
|move|p2a: Cobalion|Iron Head|p1a: Mamoswine
|-supereffective|p1a: Mamoswine
|-damage|p1a: Mamoswine|0 fnt
|faint|p1a: Mamoswine
|
|upkeep
|
|t:|1664243439
|switch|p1a: Salamence|Salamence, M|72/100
|-ability|p1a: Salamence|Intimidate|boost
|-unboost|p2a: Cobalion|atk|1
|turn|14
|
|t:|1664243441
|move|p2a: Cobalion|Swords Dance|p2a: Cobalion
|-boost|p2a: Cobalion|atk|2
|move|p1a: Salamence|Dragon Dance|p1a: Salamence
|-boost|p1a: Salamence|atk|1
|-boost|p1a: Salamence|spe|1
|
|upkeep
|turn|15
|
|t:|1664243446
|move|p1a: Salamence|Fire Blast|p2a: Cobalion
|-supereffective|p2a: Cobalion
|-damage|p2a: Cobalion|0 fnt
|faint|p2a: Cobalion
|
|upkeep
|inactive|Permission Slip has 10 seconds left.
|
|t:|1664243451
|switch|p2a: Salamence|Salamence, M|100/100
|-damage|p2a: Salamence|76/100|[from] Stealth Rock
|turn|16
|
|t:|1664243453
|switch|p2a: Froslass|Froslass, F|45/100
|-damage|p2a: Froslass|20/100|[from] Stealth Rock
|move|p1a: Salamence|Outrage|p2a: Froslass
|-damage|p2a: Froslass|0 fnt
|-start|p1a: Salamence|Disable|Outrage|[from] ability: Cursed Body|[of] p2a: Froslass
|faint|p2a: Froslass
|
|upkeep
|
|t:|1664243455
|switch|p2a: Salamence|Salamence, M|76/100
|-damage|p2a: Salamence|51/100|[from] Stealth Rock
|turn|17
|
|t:|1664243459
|cant|p1a: Salamence|Disable|Outrage
|move|p2a: Salamence|Outrage|p1a: Salamence
|-supereffective|p1a: Salamence
|-damage|p1a: Salamence|0 fnt
|faint|p1a: Salamence
|-ability|p2a: Salamence|Moxie|boost
|-boost|p2a: Salamence|atk|1
|
|upkeep
|c|☆klam141|lol what
|
|t:|1664243463
|switch|p1a: Gyarados|Gyarados, M, shiny|100/100
|-damage|p1a: Gyarados|76/100|[from] Stealth Rock
|turn|18
|c|☆Permission Slip|disabled
|
|t:|1664243467
|move|p2a: Salamence|Outrage|p1a: Gyarados|[from]lockedmove
|-damage|p1a: Gyarados|0 fnt
|faint|p1a: Gyarados
|-start|p2a: Salamence|confusion|[fatigue]
|
|win|Permission Slip
|n|☆klam141|klam141
|n|☆Permission Slip|permissionslip
|c|☆Permission Slip|gg
|c|☆klam141|thats some bs lmao
|c|☆klam141|gg
|c|☆Permission Slip|it was my out
|c|☆Permission Slip|LOL
