|j|☆retired aggron
|j|☆Boost Swoosh
|t:|1603143833
|player|p1|retired aggron|janitor|1560
|player|p2|Boost Swoosh|teamrocket|1406
|teamsize|p1|6
|teamsize|p2|6
|gametype|singles
|gen|8
|tier|[Gen 8] UU
|rated|
|clearpoke
|poke|p1|Pincurchin, F|
|poke|p1|Lucario, M|
|poke|p1|Raichu-Alola, F|
|poke|p1|Golisopod, M|
|poke|p1|Claydol|
|poke|p1|Incineroar, M|
|poke|p2|Pincurchin, F|
|poke|p2|Raichu-Alola, F|
|poke|p2|Blastoise, F|
|poke|p2|Xatu, F|
|poke|p2|Virizion|
|poke|p2|Incineroar, M|
|rule|Sleep Clause Mod: Limit one foe put to sleep
|rule|Species Clause: Limit one of each Pokémon
|rule|OHKO Clause: OHKO moves are banned
|rule|Evasion Moves Clause: Evasion moves are banned
|rule|Endless Battle Clause: Forcing endless battles is banned
|rule|HP Percentage Mod: HP is shown in percentages
|rule|Dynamax Clause: You cannot dynamax
|teampreview
|inactive|Battle timer is ON: inactive players will automatically lose when time's up. (requested by Boost Swoosh)
|c|☆retired aggron|hf
|inactive|retired aggron has 120 seconds left.
|
|t:|1603143868
|start
|switch|p1a: Raichu|Raichu-Alola, F|100/100
|switch|p2a: Incineroar|Incineroar, M|100/100
|-ability|p2a: Incineroar|Intimidate|boost
|-unboost|p1a: Raichu|atk|1
|turn|1
|
|t:|1603143872
|move|p1a: Raichu|Volt Switch|p2a: Incineroar
|-damage|p2a: Incineroar|48/100
|
|t:|1603143878
|switch|p1a: Incineroar|Incineroar, M|100/100|[from]move: Volt Switch
|-ability|p1a: Incineroar|Intimidate|boost
|-unboost|p2a: Incineroar|atk|1
|move|p2a: Incineroar|Knock Off|p1a: Incineroar
|-resisted|p1a: Incineroar
|-damage|p1a: Incineroar|86/100
|-enditem|p1a: Incineroar|Heavy-Duty Boots|[from] move: Knock Off|[of] p2a: Incineroar
|
|upkeep
|turn|2
|
|t:|1603143883
|move|p2a: Incineroar|Close Combat|p1a: Incineroar
|-supereffective|p1a: Incineroar
|-damage|p1a: Incineroar|37/100
|-unboost|p2a: Incineroar|def|1
|-unboost|p2a: Incineroar|spd|1
|move|p1a: Incineroar|Parting Shot|p2a: Incineroar
|-unboost|p2a: Incineroar|atk|1
|-unboost|p2a: Incineroar|spa|1
|
|t:|1603143889
|switch|p1a: Raichu|Raichu-Alola, F|100/100|[from]move: Parting Shot
|
|upkeep
|turn|3
|
|t:|1603143901
|move|p1a: Raichu|Rising Voltage|p2a: Incineroar
|-damage|p2a: Incineroar|0 fnt
|faint|p2a: Incineroar
|
|upkeep
|
|t:|1603143908
|switch|p2a: Virizion|Virizion, shiny|100/100
|turn|4
|
|t:|1603143914
|switch|p1a: Incineroar|Incineroar, M|37/100
|-ability|p1a: Incineroar|Intimidate|boost
|-unboost|p2a: Virizion|atk|1
|move|p2a: Virizion|Swords Dance|p2a: Virizion
|-boost|p2a: Virizion|atk|2
|
|upkeep
|turn|5
|
|t:|1603143926
|move|p2a: Virizion|Close Combat|p1a: Incineroar
|-supereffective|p1a: Incineroar
|-damage|p1a: Incineroar|0 fnt
|-unboost|p2a: Virizion|def|1
|-unboost|p2a: Virizion|spd|1
|faint|p1a: Incineroar
|
|upkeep
|
|t:|1603143937
|switch|p1a: Raichu|Raichu-Alola, F|100/100
|turn|6
|
|t:|1603143941
|switch|p2a: Pincurchin|Pincurchin, F|100/100
|-fieldstart|move: Electric Terrain|[from] ability: Electric Surge|[of] p2a: Pincurchin
|move|p1a: Raichu|Volt Switch|p2a: Pincurchin
|-resisted|p2a: Pincurchin
|-damage|p2a: Pincurchin|71/100
|
|t:|1603143953
|switch|p1a: Pincurchin|Pincurchin, F|100/100|[from]move: Volt Switch
|
|upkeep
|turn|7
|
|t:|1603143959
|move|p2a: Pincurchin|Spikes|p1a: Pincurchin
|-sidestart|p1: retired aggron|Spikes
|move|p1a: Pincurchin|Rising Voltage|p2a: Pincurchin
|-resisted|p2a: Pincurchin
|-damage|p2a: Pincurchin|38/100
|
|upkeep
|turn|8
|
|t:|1603143965
|move|p2a: Pincurchin|Recover|p2a: Pincurchin
|-heal|p2a: Pincurchin|88/100
|move|p1a: Pincurchin|Spikes|p2a: Pincurchin
|-sidestart|p2: Boost Swoosh|Spikes
|
|upkeep
|turn|9
|
|t:|1603143972
|switch|p1a: Claydol|Claydol, shiny|100/100
|-enditem|p1a: Claydol|Electric Seed
|-boost|p1a: Claydol|def|1|[from] item: Electric Seed
|move|p2a: Pincurchin|Spikes|p1a: Claydol
|-sidestart|p1: retired aggron|Spikes
|
|upkeep
|turn|10
|
|t:|1603143984
|switch|p2a: Virizion|Virizion, shiny|100/100
|-damage|p2a: Virizion|88/100|[from] Spikes
|move|p1a: Claydol|Rapid Spin|p2a: Virizion
|-damage|p2a: Virizion|79/100
|-boost|p1a: Claydol|spe|1
|-sideend|p1: retired aggron|Spikes|[from] move: Rapid Spin|[of] p1a: Claydol
|
|upkeep
|turn|11
|
|t:|1603143988
|move|p2a: Virizion|Leaf Blade|p1a: Claydol
|-supereffective|p1a: Claydol
|-damage|p1a: Claydol|56/100
|move|p1a: Claydol|Teleport|p1a: Claydol
|
|t:|1603143992
|switch|p1a: Raichu|Raichu-Alola, F|100/100|[from]move: Teleport
|
|upkeep
|turn|12
|
|t:|1603144001
|switch|p2a: Xatu|Xatu, F|100/100
|move|p1a: Raichu|Psychic|p2a: Xatu
|-resisted|p2a: Xatu
|-damage|p2a: Xatu|62/100
|
|upkeep
|turn|13
|
|t:|1603144010
|switch|p1a: Claydol|Claydol, shiny|56/100
|move|p2a: Xatu|Light Screen|p2a: Xatu
|-sidestart|p2: Boost Swoosh|move: Light Screen
|
|-fieldend|move: Electric Terrain
|upkeep
|turn|14
|
|t:|1603144013
|move|p2a: Xatu|Reflect|p2a: Xatu
|-sidestart|p2: Boost Swoosh|Reflect
|move|p1a: Claydol|Teleport|p1a: Claydol
|
|t:|1603144019
|switch|p1a: Raichu|Raichu-Alola, F|100/100|[from]move: Teleport
|
|upkeep
|turn|15
|
|t:|1603144033
|switch|p2a: Pincurchin|Pincurchin, F|88/100
|-damage|p2a: Pincurchin|76/100|[from] Spikes
|-fieldstart|move: Electric Terrain|[from] ability: Electric Surge|[of] p2a: Pincurchin
|move|p1a: Raichu|Volt Switch|p2a: Pincurchin
|-resisted|p2a: Pincurchin
|-damage|p2a: Pincurchin|61/100
|
|t:|1603144051
|switch|p1a: Claydol|Claydol, shiny|56/100|[from]move: Volt Switch
|
|upkeep
|turn|16
|
|t:|1603144061
|switch|p2a: Blastoise|Blastoise, F, shiny|100/100
|-damage|p2a: Blastoise|88/100|[from] Spikes
|move|p1a: Claydol|Toxic|p2a: Blastoise
|-status|p2a: Blastoise|tox
|
|-damage|p2a: Blastoise|82/100 tox|[from] psn
|upkeep
|turn|17
|
|t:|1603144070
|move|p2a: Blastoise|Surf|p1a: Claydol
|-supereffective|p1a: Claydol
|-damage|p1a: Claydol|0 fnt
|faint|p1a: Claydol
|
|-damage|p2a: Blastoise|70/100 tox|[from] psn
|upkeep
|
|t:|1603144075
|switch|p1a: Raichu|Raichu-Alola, F|100/100
|turn|18
|
|t:|1603144087
|switch|p2a: Virizion|Virizion, shiny|79/100
|-damage|p2a: Virizion|66/100|[from] Spikes
|move|p1a: Raichu|Volt Switch|p2a: Virizion
|-resisted|p2a: Virizion
|-damage|p2a: Virizion|54/100
|
|t:|1603144090
|switch|p1a: Golisopod|Golisopod, M, shiny|100/100|[from]move: Volt Switch
|
|upkeep
|turn|19
|inactive|Boost Swoosh has 120 seconds left.
|
|t:|1603144121
|move|p2a: Virizion|Swords Dance|p2a: Virizion
|-boost|p2a: Virizion|atk|2
|move|p1a: Golisopod|Leech Life|p2a: Virizion
|-damage|p2a: Virizion|25/100
|
|upkeep
|turn|20
|
|t:|1603144129
|move|p2a: Virizion|Leaf Blade|p1a: Golisopod
|-damage|p1a: Golisopod|43/100
|-activate|p1a: Golisopod|ability: Emergency Exit
|
|t:|1603144132
|switch|p1a: Raichu|Raichu-Alola, F|100/100
|
|-sideend|p2: Boost Swoosh|move: Light Screen
|upkeep
|turn|21
|
|t:|1603144140
|move|p1a: Raichu|Rising Voltage|p2a: Virizion
|-resisted|p2a: Virizion
|-damage|p2a: Virizion|0 fnt
|faint|p2a: Virizion
|
|-sideend|p2: Boost Swoosh|Reflect
|upkeep
|
|t:|1603144149
|switch|p2a: Raichu|Raichu-Alola, F, shiny|100/100
|-damage|p2a: Raichu|88/100|[from] Spikes
|turn|22
|
|t:|1603144155
|move|p1a: Raichu|Rising Voltage|p2a: Raichu
|-resisted|p2a: Raichu
|-damage|p2a: Raichu|0 fnt
|faint|p2a: Raichu
|
|-fieldend|move: Electric Terrain
|upkeep
|
|t:|1603144164
|switch|p2a: Pincurchin|Pincurchin, F|61/100
|-damage|p2a: Pincurchin|49/100|[from] Spikes
|-fieldstart|move: Electric Terrain|[from] ability: Electric Surge|[of] p2a: Pincurchin
|turn|23
|-message|Boost Swoosh forfeited.
|
|win|retired aggron
|l|☆Boost Swoosh
|raw|retired aggron's rating: 1560 &rarr; <strong>1572</strong><br />(+12 for winning)
|raw|Boost Swoosh's rating: 1406 &rarr; <strong>1395</strong><br />(-11 for losing)
