|j|☆BewearHugger
|j|☆Meracx
|player|p1|BewearHugger|pokemaniac-gen3rs|1512
|player|p2|Meracx|thorton|1416
|teamsize|p1|6
|teamsize|p2|6
|gametype|singles
|gen|8
|tier|[Gen 8] UU
|rated|
|clearpoke
|poke|p1|Bewear, M|
|poke|p1|Grimmsnarl, M|
|poke|p1|Krookodile, M|
|poke|p1|Scolipede, M|
|poke|p1|Aegislash, F|
|poke|p1|Necrozma|
|poke|p2|Scolipede, M|
|poke|p2|Magneton|
|poke|p2|Terrakion|
|poke|p2|Aegislash, M|
|poke|p2|Talonflame, M|
|poke|p2|Obstagoon, M|
|rule|Sleep Clause Mod: Limit one foe put to sleep
|rule|Species Clause: Limit one of each Pokémon
|rule|OHKO Clause: OHKO moves are banned
|rule|Evasion Moves Clause: Evasion moves are banned
|rule|Endless Battle Clause: Forcing endless battles is banned
|rule|HP Percentage Mod: HP is shown in percentages
|rule|Dynamax Clause: You cannot dynamax
|teampreview
|j| AnimaticLunatic
|
|start
|switch|p1a: Krookodile|Krookodile, M|100/100
|switch|p2a: Terrakion|Terrakion|100/100
|-ability|p1a: Krookodile|Intimidate|boost
|-unboost|p2a: Terrakion|atk|1
|turn|1
|inactive|Battle timer is ON: inactive players will automatically lose when time's up. (requested by BewearHugger)
|
|move|p2a: Terrakion|Taunt|p1a: Krookodile
|-start|p1a: Krookodile|move: Taunt
|cant|p1a: Krookodile|move: Taunt|Stealth Rock
|
|upkeep
|turn|2
|l| AnimaticLunatic
|
|move|p2a: Terrakion|Stealth Rock|p1a: Krookodile
|-sidestart|p1: BewearHugger|move: Stealth Rock
|move|p1a: Krookodile|Earthquake|p2a: Terrakion
|-supereffective|p2a: Terrakion
|-enditem|p2a: Terrakion|Focus Sash
|-damage|p2a: Terrakion|1/100
|
|upkeep
|turn|3
|
|switch|p1a: Aegislash|Aegislash, F|100/100
|-damage|p1a: Aegislash|94/100|[from] Stealth Rock
|-item|p1a: Aegislash|Air Balloon
|move|p2a: Terrakion|Bulldoze|p1a: Aegislash
|-immune|p1a: Aegislash
|
|upkeep
|turn|4
|
|move|p2a: Terrakion|Stone Edge|p1a: Aegislash
|-resisted|p1a: Aegislash
|-damage|p1a: Aegislash|78/100
|-enditem|p1a: Aegislash|Air Balloon
|-formechange|p1a: Aegislash|Aegislash-Blade||[from] ability: Stance Change
|move|p1a: Aegislash|Close Combat|p2a: Terrakion
|-supereffective|p2a: Terrakion
|-damage|p2a: Terrakion|0 fnt
|-unboost|p1a: Aegislash|def|1
|-unboost|p1a: Aegislash|spd|1
|faint|p2a: Terrakion
|
|upkeep
|
|switch|p2a: Magneton|Magneton|100/100
|turn|5
|
|switch|p1a: Krookodile|Krookodile, M|100/100
|-damage|p1a: Krookodile|94/100|[from] Stealth Rock
|-ability|p1a: Krookodile|Intimidate|boost
|-unboost|p2a: Magneton|atk|1
|move|p2a: Magneton|Steel Beam|p1a: Krookodile
|-damage|p1a: Krookodile|0 fnt
|-damage|p2a: Magneton|50/100|[from] mindblown
|faint|p1a: Krookodile
|
|upkeep
|
|switch|p1a: Grimmsnarl|Grimmsnarl, M|100/100
|-damage|p1a: Grimmsnarl|88/100|[from] Stealth Rock
|turn|6
|
|move|p1a: Grimmsnarl|Reflect|p1a: Grimmsnarl
|-sidestart|p1: BewearHugger|Reflect
|move|p2a: Magneton|Steel Beam|p1a: Grimmsnarl
|-supereffective|p1a: Grimmsnarl
|-damage|p1a: Grimmsnarl|0 fnt
|-damage|p2a: Magneton|0 fnt|[from] mindblown
|faint|p2a: Magneton
|faint|p1a: Grimmsnarl
|
|upkeep
|
|switch|p2a: Obstagoon|Obstagoon, M|100/100
|switch|p1a: Bewear|Bewear, M|100/100
|-damage|p1a: Bewear|94/100|[from] Stealth Rock
|turn|7
|
|move|p2a: Obstagoon|Obstruct|p2a: Obstagoon
|-singleturn|p2a: Obstagoon|Protect
|move|p1a: Bewear|Swords Dance|p1a: Bewear
|-boost|p1a: Bewear|atk|2
|
|-status|p2a: Obstagoon|brn|[from] item: Flame Orb
|upkeep
|turn|8
|
|switch|p2a: Scolipede|Scolipede, M|100/100
|move|p1a: Bewear|Double-Edge|p2a: Scolipede
|-damage|p2a: Scolipede|0 fnt
|-damage|p1a: Bewear|72/100|[from] Recoil
|faint|p2a: Scolipede
|
|upkeep
|l|☆Meracx
|inactive|Meracx disconnected and has a minute to reconnect!
|player|p2|
|j|☆Meracx
|inactive|Meracx reconnected and has 125 seconds left.
|player|p2|Meracx|thorton
|inactive|Meracx has 120 seconds left.
|
|switch|p2a: Obstagoon|Obstagoon, M|100/100 brn
|turn|9
|
|move|p2a: Obstagoon|Facade|p1a: Bewear
|-damage|p1a: Bewear|52/100
|move|p1a: Bewear|Close Combat|p2a: Obstagoon
|-supereffective|p2a: Obstagoon
|-damage|p2a: Obstagoon|0 fnt
|-unboost|p1a: Bewear|def|1
|-unboost|p1a: Bewear|spd|1
|faint|p2a: Obstagoon
|
|upkeep
|inactive|Meracx has 120 seconds left.
|
|switch|p2a: Aegislash|Aegislash, M|100/100
|-item|p2a: Aegislash|Air Balloon
|turn|10
|
|move|p2a: Aegislash|Swords Dance|p2a: Aegislash
|-boost|p2a: Aegislash|atk|2
|move|p1a: Bewear|Darkest Lariat|p2a: Aegislash
|-supereffective|p2a: Aegislash
|-damage|p2a: Aegislash|0 fnt
|-enditem|p2a: Aegislash|Air Balloon
|faint|p2a: Aegislash
|
|upkeep
|
|switch|p2a: Talonflame|Talonflame, M|100/100
|turn|11
|
|move|p2a: Talonflame|Flare Blitz|p1a: Bewear
|-damage|p1a: Bewear|19/100
|-damage|p2a: Talonflame|87/100|[from] Recoil
|move|p1a: Bewear|Double-Edge|p2a: Talonflame
|-damage|p2a: Talonflame|0 fnt
|-damage|p1a: Bewear|0 fnt|[from] Recoil
|faint|p2a: Talonflame
|faint|p1a: Bewear
|
|win|BewearHugger
|l|☆Meracx
||Ladder (probably) updated, but score could not be retrieved (Request timeout).
