|j|☆Eltoras
|j|☆crafter_787
|player|p1|Eltoras|blue|1275
|player|p2|crafter_787|102|1172
|teamsize|p1|6
|teamsize|p2|6
|gametype|singles
|gen|8
|tier|[Gen 8] UU
|rated|
|html|<div class="broadcast-blue"><strong>UU is currently suspecting Haxorus! For information on how to participate check out the <a href="https://www.smogon.com/forums/threads/3664575/">suspect thread</a>.</strong></div>
|clearpoke
|poke|p1|Incineroar, M|
|poke|p1|Goodra, F|
|poke|p1|Sylveon, F|
|poke|p1|Celebi|
|poke|p1|Rotom-Wash|
|poke|p1|Necrozma|
|poke|p2|Machamp, M|
|poke|p2|Liepard, F|
|poke|p2|Eldegoss, M|
|poke|p2|Drapion, F|
|poke|p2|Indeedee, M|
|poke|p2|Cramorant, M|
|rule|Sleep Clause Mod: Limit one foe put to sleep
|rule|Species Clause: Limit one of each Pokémon
|rule|OHKO Clause: OHKO moves are banned
|rule|Evasion Moves Clause: Evasion moves are banned
|rule|Endless Battle Clause: Forcing endless battles is banned
|rule|HP Percentage Mod: HP is shown in percentages
|rule|Dynamax Clause: You cannot dynamax
|teampreview
|
|start
|switch|p1a: Incineroar|Incineroar, M|100/100
|switch|p2a: Liepard|Liepard, F|100/100
|-ability|p1a: Incineroar|Intimidate|boost
|-unboost|p2a: Liepard|atk|1
|turn|1
|
|move|p2a: Liepard|U-turn|p1a: Incineroar
|-damage|p1a: Incineroar|83/100
|
|switch|p2a: Drapion|Drapion, F|100/100|[from]move: U-turn
|move|p1a: Incineroar|Knock Off|p2a: Drapion
|-resisted|p2a: Drapion
|-damage|p2a: Drapion|82/100
|-enditem|p2a: Drapion|Black Sludge|[from] move: Knock Off|[of] p1a: Incineroar
|
|upkeep
|turn|2
|
|move|p2a: Drapion|Toxic Spikes|p1a: Incineroar
|-sidestart|p1: Eltoras|move: Toxic Spikes
|move|p1a: Incineroar|Parting Shot|p2a: Drapion
|-unboost|p2a: Drapion|atk|1
|-unboost|p2a: Drapion|spa|1
|
|switch|p1a: Rotom|Rotom-Wash|100/100|[from]move: Parting Shot
|
|upkeep
|turn|3
|
|move|p2a: Drapion|Taunt|p1a: Rotom
|-start|p1a: Rotom|move: Taunt
|cant|p1a: Rotom|move: Taunt|Defog
|
|upkeep
|turn|4
|
|move|p2a: Drapion|Knock Off|p1a: Rotom
|-damage|p1a: Rotom|74/100
|-enditem|p1a: Rotom|Leftovers|[from] move: Knock Off|[of] p2a: Drapion
|move|p1a: Rotom|Hydro Pump|p2a: Drapion
|-damage|p2a: Drapion|20/100
|
|upkeep
|turn|5
|
|move|p2a: Drapion|Knock Off|p1a: Rotom
|-damage|p1a: Rotom|54/100
|move|p1a: Rotom|Volt Switch|p2a: Drapion
|-damage|p2a: Drapion|0 fnt
|faint|p2a: Drapion
|
|switch|p1a: Incineroar|Incineroar, M|83/100|[from]move: Volt Switch
|
|upkeep
|
|switch|p2a: Machamp|Machamp, M|100/100
|turn|6
|
|switch|p1a: Hashirama|Celebi|100/100
|-status|p1a: Hashirama|psn
|move|p2a: Machamp|Knock Off|p1a: Hashirama
|-supereffective|p1a: Hashirama
|-damage|p1a: Hashirama|42/100 psn
|-enditem|p1a: Hashirama|Leftovers|[from] move: Knock Off|[of] p2a: Machamp
|
|-damage|p1a: Hashirama|30/100 psn|[from] psn
|-status|p2a: Machamp|brn|[from] item: Flame Orb
|upkeep
|turn|7
|
|switch|p2a: Indeedee|Indeedee, M|100/100
|-fieldstart|move: Psychic Terrain|[from] ability: Psychic Surge|[of] p2a: Indeedee
|move|p1a: Hashirama|Recover|p1a: Hashirama
|-heal|p1a: Hashirama|80/100 psn
|
|-damage|p1a: Hashirama|67/100 psn|[from] psn
|upkeep
|turn|8
|
|move|p2a: Indeedee|Hyper Voice|p1a: Hashirama
|-damage|p1a: Hashirama|32/100 psn
|move|p1a: Hashirama|U-turn|p2a: Indeedee
|-supereffective|p2a: Indeedee
|-damage|p2a: Indeedee|45/100
|
|switch|p1a: Incineroar|Incineroar, M|83/100|[from]move: U-turn
|-ability|p1a: Incineroar|Intimidate|boost
|-unboost|p2a: Indeedee|atk|1
|
|upkeep
|turn|9
|
|switch|p2a: Machamp|Machamp, M|100/100 brn
|move|p1a: Incineroar|Parting Shot|p2a: Machamp
|-unboost|p2a: Machamp|atk|1
|-unboost|p2a: Machamp|spa|1
|
|switch|p1a: Rotom|Rotom-Wash|54/100|[from]move: Parting Shot
|
|-damage|p2a: Machamp|94/100 brn|[from] brn
|upkeep
|turn|10
|
|move|p1a: Rotom|Defog|p2a: Machamp
|-unboost|p2a: Machamp|evasion|1
|-sideend|p1: Eltoras|Toxic Spikes|[from] move: Defog|[of] p1a: Rotom
|-fieldend|move: Psychic Terrain
|move|p2a: Machamp|Facade|p1a: Rotom
|-damage|p1a: Rotom|0 fnt
|faint|p1a: Rotom
|
|-damage|p2a: Machamp|88/100 brn|[from] brn
|upkeep
|
|switch|p1a: Incineroar|Incineroar, M|83/100
|-ability|p1a: Incineroar|Intimidate|boost
|-unboost|p2a: Machamp|atk|1
|turn|11
|
|move|p2a: Machamp|Close Combat|p1a: Incineroar
|-supereffective|p1a: Incineroar
|-damage|p1a: Incineroar|4/100
|-unboost|p2a: Machamp|def|1
|-unboost|p2a: Machamp|spd|1
|move|p1a: Incineroar|Knock Off|p2a: Machamp
|-resisted|p2a: Machamp
|-damage|p2a: Machamp|55/100 brn
|-enditem|p2a: Machamp|Flame Orb|[from] move: Knock Off|[of] p1a: Incineroar
|
|-damage|p2a: Machamp|49/100 brn|[from] brn
|upkeep
|turn|12
|
|move|p2a: Machamp|Facade|p1a: Incineroar
|-damage|p1a: Incineroar|0 fnt
|faint|p1a: Incineroar
|
|-damage|p2a: Machamp|43/100 brn|[from] brn
|upkeep
|
|switch|p1a: Necrozma|Necrozma|100/100
|turn|13
|
|switch|p2a: Liepard|Liepard, F|100/100
|move|p1a: Necrozma|Dragon Dance|p1a: Necrozma
|-boost|p1a: Necrozma|atk|1
|-boost|p1a: Necrozma|spe|1
|
|upkeep
|turn|14
|
|move|p1a: Necrozma|Dragon Dance|p1a: Necrozma
|-boost|p1a: Necrozma|atk|1
|-boost|p1a: Necrozma|spe|1
|move|p2a: Liepard|Knock Off|p1a: Necrozma
|-supereffective|p1a: Necrozma
|-damage|p1a: Necrozma|8/100
|-enditem|p1a: Necrozma|Weakness Policy
|-boost|p1a: Necrozma|atk|2|[from] item: Weakness Policy
|-boost|p1a: Necrozma|spa|2|[from] item: Weakness Policy
|
|upkeep
|turn|15
|
|switch|p2a: Eldegoss|Eldegoss, M|100/100
|move|p1a: Necrozma|X-Scissor|p2a: Eldegoss
|-supereffective|p2a: Eldegoss
|-damage|p2a: Eldegoss|0 fnt
|faint|p2a: Eldegoss
|
|upkeep
|
|switch|p2a: Liepard|Liepard, F|100/100
|turn|16
|
|move|p2a: Liepard|Copycat|p2a: Liepard
|move|p2a: Liepard|X-Scissor|p1a: Necrozma|[from]Copycat
|-supereffective|p1a: Necrozma
|-damage|p1a: Necrozma|0 fnt
|faint|p1a: Necrozma
|
|upkeep
|
|switch|p1a: Sylveon|Sylveon, F|100/100
|turn|17
|
|switch|p2a: Indeedee|Indeedee, M|45/100
|-fieldstart|move: Psychic Terrain|[from] ability: Psychic Surge|[of] p2a: Indeedee
|move|p1a: Sylveon|Hyper Voice|p2a: Indeedee
|-damage|p2a: Indeedee|0 fnt
|faint|p2a: Indeedee
|
|upkeep
|
|switch|p2a: Machamp|Machamp, M|43/100 brn
|turn|18
|
|move|p2a: Machamp|Facade|p1a: Sylveon
|-damage|p1a: Sylveon|6/100
|move|p1a: Sylveon|Hyper Voice|p2a: Machamp
|-supereffective|p2a: Machamp
|-damage|p2a: Machamp|0 fnt
|faint|p2a: Machamp
|
|-heal|p1a: Sylveon|12/100|[from] item: Leftovers
|upkeep
|
|switch|p2a: Liepard|Liepard, F|100/100
|turn|19
|
|move|p1a: Sylveon|Protect|p1a: Sylveon
|-singleturn|p1a: Sylveon|Protect
|move|p2a: Liepard|Knock Off|p1a: Sylveon
|-activate|p1a: Sylveon|move: Protect
|
|-heal|p1a: Sylveon|18/100|[from] item: Leftovers
|upkeep
|turn|20
|
|move|p2a: Liepard|Knock Off|p1a: Sylveon
|-resisted|p1a: Sylveon
|-damage|p1a: Sylveon|0 fnt
|-enditem|p1a: Sylveon|Leftovers|[from] move: Knock Off|[of] p2a: Liepard
|faint|p1a: Sylveon
|
|upkeep
|
|switch|p1a: Goodra|Goodra, F|100/100
|turn|21
|
|move|p2a: Liepard|Knock Off|p1a: Goodra
|-damage|p1a: Goodra|31/100
|-enditem|p1a: Goodra|Assault Vest|[from] move: Knock Off|[of] p2a: Liepard
|move|p1a: Goodra|Acid Spray|p2a: Liepard
|-damage|p2a: Liepard|74/100
|-unboost|p2a: Liepard|spd|2
|
|-fieldend|move: Psychic Terrain
|upkeep
|turn|22
|
|move|p2a: Liepard|Knock Off|p1a: Goodra
|-damage|p1a: Goodra|0 fnt
|faint|p1a: Goodra
|
|upkeep
|-message|Eltoras forfeited.
|
|win|crafter_787
|c|☆crafter_787|gg
|l|☆Eltoras
||Ladder (probably) updated, but score could not be retrieved (Response not received).
