|j|☆PlasticPinnochio
|j|☆aureoo
|t:|1667469600
|gametype|singles
|player|p1|PlasticPinnochio|policeman-gen4|1560
|player|p2|aureoo|allister|1431
|teamsize|p1|6
|teamsize|p2|6
|gen|8
|tier|[Gen 8] UU
|rated|
|rule|Sleep Clause Mod: Limit one foe put to sleep
|rule|Species Clause: Limit one of each Pokémon
|rule|OHKO Clause: OHKO moves are banned
|rule|Evasion Items Clause: Evasion items are banned
|rule|Evasion Moves Clause: Evasion moves are banned
|rule|Endless Battle Clause: Forcing endless battles is banned
|rule|HP Percentage Mod: HP is shown in percentages
|rule|Dynamax Clause: You cannot dynamax
|clearpoke
|poke|p1|Raikou|
|poke|p1|Diggersby, M|
|poke|p1|Salamence, M|
|poke|p1|Nidoqueen, F|
|poke|p1|Tangrowth, M|
|poke|p1|Scizor, M|
|poke|p2|Chansey, F|
|poke|p2|Quagsire, M|
|poke|p2|Umbreon, M|
|poke|p2|Salamence, F|
|poke|p2|Nihilego|
|poke|p2|Tangrowth, F|
|teampreview
|inactive|Battle timer is ON: inactive players will automatically lose when time's up. (requested by PlasticPinnochio)
|c|☆PlasticPinnochio|hf
|
|t:|1667469621
|start
|switch|p1a: Salamence|Salamence, M|100/100
|switch|p2a: Nihilego|Nihilego|100/100
|-ability|p1a: Salamence|Intimidate|boost
|-unboost|p2a: Nihilego|atk|1
|turn|1
|
|t:|1667469634
|switch|p2a: Umbreon|Umbreon, M|100/100
|switch|p1a: Nidoqueen|Nidoqueen, F|100/100
|
|upkeep
|turn|2
|j| Hindiman32
|
|t:|1667469643
|move|p1a: Nidoqueen|Stealth Rock|p2a: Umbreon
|-sidestart|p2: aureoo|move: Stealth Rock
|move|p2a: Umbreon|Wish|p2a: Umbreon
|
|upkeep
|turn|3
|
|t:|1667469653
|move|p1a: Nidoqueen|Earth Power|p2a: Umbreon
|-damage|p2a: Umbreon|60/100
|move|p2a: Umbreon|Foul Play|p1a: Nidoqueen
|-damage|p1a: Nidoqueen|74/100
|
|-heal|p2a: Umbreon|100/100|[from] move: Wish|[wisher] Umbreon
|upkeep
|turn|4
|
|t:|1667469666
|switch|p1a: Tangrowth|Tangrowth, M|100/100
|switch|p2a: Chansey|Chansey, F|100/100
|-damage|p2a: Chansey|88/100|[from] Stealth Rock
|
|upkeep
|turn|5
|
|t:|1667469673
|move|p2a: Chansey|Toxic|p1a: Tangrowth
|-status|p1a: Tangrowth|tox
|move|p1a: Tangrowth|Knock Off|p2a: Chansey
|-damage|p2a: Chansey|74/100
|-enditem|p2a: Chansey|Eviolite|[from] move: Knock Off|[of] p1a: Tangrowth
|
|-damage|p1a: Tangrowth|94/100 tox|[from] psn
|upkeep
|turn|6
|
|t:|1667469685
|switch|p2a: Umbreon|Umbreon, M|100/100
|-damage|p2a: Umbreon|88/100|[from] Stealth Rock
|switch|p1a: Scizor|Scizor, M|100/100
|
|-heal|p2a: Umbreon|94/100|[from] item: Leftovers
|upkeep
|turn|7
|
|t:|1667469694
|move|p1a: Scizor|Knock Off|p2a: Umbreon
|-resisted|p2a: Umbreon
|-damage|p2a: Umbreon|84/100
|-enditem|p2a: Umbreon|Leftovers|[from] move: Knock Off|[of] p1a: Scizor
|move|p2a: Umbreon|Foul Play|p1a: Scizor
|-damage|p1a: Scizor|49/100
|
|upkeep
|turn|8
|
|t:|1667469705
|switch|p1a: Salamence|Salamence, M|100/100
|-ability|p1a: Salamence|Intimidate|boost
|-fail|p2a: Umbreon|unboost|Attack|[from] ability: Inner Focus|[of] p2a: Umbreon
|move|p2a: Umbreon|Foul Play|p1a: Salamence
|-damage|p1a: Salamence|59/100
|
|upkeep
|turn|9
|
|t:|1667469713
|switch|p1a: Raikou|Raikou|100/100
|move|p2a: Umbreon|Toxic|p1a: Raikou
|-status|p1a: Raikou|tox
|
|-damage|p1a: Raikou|94/100 tox|[from] psn
|upkeep
|turn|10
|
|t:|1667469720
|move|p1a: Raikou|Toxic|p2a: Umbreon
|-status|p2a: Umbreon|tox
|move|p2a: Umbreon|Wish|p2a: Umbreon
|
|-damage|p1a: Raikou|82/100 tox|[from] psn
|-damage|p2a: Umbreon|78/100 tox|[from] psn
|upkeep
|turn|11
|
|t:|1667469726
|switch|p2a: Chansey|Chansey, F|74/100
|-damage|p2a: Chansey|62/100|[from] Stealth Rock
|move|p1a: Raikou|Volt Switch|p2a: Chansey
|-damage|p2a: Chansey|46/100
|
|t:|1667469729
|switch|p1a: Diggersby|Diggersby, M|100/100|[from]move: Volt Switch
|
|-heal|p2a: Chansey|74/100|[from] move: Wish|[wisher] Umbreon
|upkeep
|turn|12
|
|t:|1667469739
|switch|p2a: Tangrowth|Tangrowth, F|100/100
|-damage|p2a: Tangrowth|88/100|[from] Stealth Rock
|move|p1a: Diggersby|U-turn|p2a: Tangrowth
|-supereffective|p2a: Tangrowth
|-damage|p2a: Tangrowth|57/100
|-damage|p1a: Diggersby|84/100|[from] item: Rocky Helmet|[of] p2a: Tangrowth
|
|t:|1667469741
|switch|p1a: Salamence|Salamence, M|59/100|[from]move: U-turn
|-ability|p1a: Salamence|Intimidate|boost
|-unboost|p2a: Tangrowth|atk|1
|
|upkeep
|turn|13
|
|t:|1667469766
|switch|p1a: Diggersby|Diggersby, M|84/100
|switch|p2a: Salamence|Salamence, F|100/100
|-ability|p2a: Salamence|Intimidate|boost
|-unboost|p1a: Diggersby|atk|1
|
|upkeep
|turn|14
|
|t:|1667469778
|move|p1a: Diggersby|Body Slam|p2a: Salamence
|-damage|p2a: Salamence|72/100
|move|p2a: Salamence|Dual Wingbeat|p1a: Diggersby
|-damage|p1a: Diggersby|59/100
|-damage|p1a: Diggersby|34/100
|-hitcount|p1a: Diggersby|2
|
|upkeep
|turn|15
|
|t:|1667469787
|switch|p1a: Raikou|Raikou|82/100 tox
|move|p2a: Salamence|Dual Wingbeat|p1a: Raikou
|-resisted|p1a: Raikou
|-damage|p1a: Raikou|69/100 tox
|-resisted|p1a: Raikou
|-damage|p1a: Raikou|58/100 tox
|-hitcount|p1a: Raikou|2
|
|-damage|p1a: Raikou|52/100 tox|[from] psn
|upkeep
|turn|16
|
|t:|1667469796
|switch|p2a: Chansey|Chansey, F|74/100
|-damage|p2a: Chansey|61/100|[from] Stealth Rock
|move|p1a: Raikou|Volt Switch|p2a: Chansey
|-damage|p2a: Chansey|46/100
|
|t:|1667469803
|switch|p1a: Diggersby|Diggersby, M|34/100|[from]move: Volt Switch
|
|upkeep
|turn|17
|
|t:|1667469811
|switch|p2a: Tangrowth|Tangrowth, F|90/100
|-damage|p2a: Tangrowth|78/100|[from] Stealth Rock
|move|p1a: Diggersby|U-turn|p2a: Tangrowth
|-supereffective|p2a: Tangrowth
|-damage|p2a: Tangrowth|47/100
|-damage|p1a: Diggersby|17/100|[from] item: Rocky Helmet|[of] p2a: Tangrowth
|
|t:|1667469814
|switch|p1a: Scizor|Scizor, M|49/100|[from]move: U-turn
|
|upkeep
|turn|18
|
|t:|1667469822
|switch|p2a: Salamence|Salamence, F|72/100
|-ability|p2a: Salamence|Intimidate|boost
|-unboost|p1a: Scizor|atk|1
|move|p1a: Scizor|Knock Off|p2a: Salamence
|-damage|p2a: Salamence|54/100
|-enditem|p2a: Salamence|Heavy-Duty Boots|[from] move: Knock Off|[of] p1a: Scizor
|
|upkeep
|turn|19
|
|t:|1667469832
|switch|p1a: Nidoqueen|Nidoqueen, F|74/100
|move|p2a: Salamence|Roost|p2a: Salamence
|-heal|p2a: Salamence|100/100
|-singleturn|p2a: Salamence|move: Roost
|
|upkeep
|turn|20
|
|t:|1667469843
|switch|p2a: Chansey|Chansey, F|46/100
|-damage|p2a: Chansey|34/100|[from] Stealth Rock
|move|p1a: Nidoqueen|Earth Power|p2a: Chansey
|-damage|p2a: Chansey|5/100
|
|upkeep
|turn|21
|
|t:|1667469850
|move|p1a: Nidoqueen|Sludge Wave|p2a: Chansey
|-damage|p2a: Chansey|0 fnt
|faint|p2a: Chansey
|
|upkeep
|
|t:|1667469865
|switch|p2a: Quagsire|Quagsire, M|100/100
|-damage|p2a: Quagsire|94/100|[from] Stealth Rock
|turn|22
|
|t:|1667469869
|switch|p1a: Tangrowth|Tangrowth, M|100/100 tox
|move|p2a: Quagsire|Earthquake|p1a: Tangrowth
|-resisted|p1a: Tangrowth
|-damage|p1a: Tangrowth|92/100 tox
|
|-heal|p2a: Quagsire|100/100|[from] item: Leftovers
|-damage|p1a: Tangrowth|86/100 tox|[from] psn
|upkeep
|turn|23
|
|t:|1667469880
|switch|p1a: Nidoqueen|Nidoqueen, F|74/100
|switch|p2a: Nihilego|Nihilego|100/100
|-damage|p2a: Nihilego|88/100|[from] Stealth Rock
|
|-heal|p2a: Nihilego|94/100|[from] item: Black Sludge
|upkeep
|turn|24
|
|t:|1667469896
|move|p2a: Nihilego|Power Gem|p1a: Nidoqueen
|-resisted|p1a: Nidoqueen
|-damage|p1a: Nidoqueen|51/100
|move|p1a: Nidoqueen|Earth Power|p2a: Nihilego
|-supereffective|p2a: Nihilego
|-damage|p2a: Nihilego|0 fnt
|faint|p2a: Nihilego
|
|upkeep
|
|t:|1667469904
|switch|p2a: Quagsire|Quagsire, M|100/100
|-damage|p2a: Quagsire|94/100|[from] Stealth Rock
|turn|25
|
|t:|1667469909
|switch|p1a: Salamence|Salamence, M|59/100
|-ability|p1a: Salamence|Intimidate|boost
|-unboost|p2a: Quagsire|atk|1
|switch|p2a: Salamence|Salamence, F|100/100
|-damage|p2a: Salamence|76/100|[from] Stealth Rock
|-ability|p2a: Salamence|Intimidate|boost
|-unboost|p1a: Salamence|atk|1
|
|upkeep
|turn|26
|
|t:|1667469939
|move|p1a: Salamence|Hurricane|p2a: Salamence
|-damage|p2a: Salamence|24/100
|-start|p2a: Salamence|confusion
|-activate|p2a: Salamence|confusion
|move|p2a: Salamence|Dual Wingbeat|p1a: Salamence
|-damage|p1a: Salamence|37/100
|-damage|p1a: Salamence|14/100
|-hitcount|p1a: Salamence|2
|
|upkeep
|turn|27
|
|t:|1667469948
|move|p1a: Salamence|Hurricane|p2a: Salamence
|-damage|p2a: Salamence|0 fnt
|faint|p2a: Salamence
|
|upkeep
|
|t:|1667469955
|switch|p2a: Quagsire|Quagsire, M|94/100
|-damage|p2a: Quagsire|88/100|[from] Stealth Rock
|turn|28
|
|t:|1667469960
|move|p1a: Salamence|Hurricane|p2a: Quagsire|[miss]
|-miss|p1a: Salamence|p2a: Quagsire
|move|p2a: Quagsire|Scald|p1a: Salamence
|-resisted|p1a: Salamence
|-damage|p1a: Salamence|3/100
|
|-heal|p2a: Quagsire|94/100|[from] item: Leftovers
|upkeep
|turn|29
|
|t:|1667469967
|move|p1a: Salamence|Roost|p1a: Salamence
|-heal|p1a: Salamence|53/100
|-singleturn|p1a: Salamence|move: Roost
|move|p2a: Quagsire|Scald|p1a: Salamence
|-resisted|p1a: Salamence
|-damage|p1a: Salamence|40/100
|-status|p1a: Salamence|brn
|
|-heal|p2a: Quagsire|100/100|[from] item: Leftovers
|-damage|p1a: Salamence|34/100 brn|[from] brn
|upkeep
|turn|30
|
|t:|1667469978
|switch|p2a: Umbreon|Umbreon, M|78/100 tox
|-damage|p2a: Umbreon|66/100 tox|[from] Stealth Rock
|move|p1a: Salamence|Roost|p1a: Salamence
|-heal|p1a: Salamence|84/100 brn
|-singleturn|p1a: Salamence|move: Roost
|
|-damage|p2a: Umbreon|60/100 tox|[from] psn
|-damage|p1a: Salamence|78/100 brn|[from] brn
|upkeep
|turn|31
|
|t:|1667469989
|switch|p1a: Diggersby|Diggersby, M|17/100
|move|p2a: Umbreon|Foul Play|p1a: Diggersby
|-damage|p1a: Diggersby|0 fnt
|faint|p1a: Diggersby
|
|-damage|p2a: Umbreon|47/100 tox|[from] psn
|upkeep
|
|t:|1667470006
|switch|p1a: Nidoqueen|Nidoqueen, F|51/100
|turn|32
|
|t:|1667470009
|move|p1a: Nidoqueen|Sludge Wave|p2a: Umbreon
|-damage|p2a: Umbreon|2/100 tox
|move|p2a: Umbreon|Foul Play|p1a: Nidoqueen
|-damage|p1a: Nidoqueen|23/100
|
|-damage|p2a: Umbreon|0 fnt|[from] psn
|faint|p2a: Umbreon
|upkeep
|
|t:|1667470018
|switch|p2a: Quagsire|Quagsire, M|100/100
|-damage|p2a: Quagsire|94/100|[from] Stealth Rock
|turn|33
|
|t:|1667470022
|move|p1a: Nidoqueen|Earth Power|p2a: Quagsire
|-damage|p2a: Quagsire|28/100
|move|p2a: Quagsire|Scald|p1a: Nidoqueen
|-supereffective|p1a: Nidoqueen
|-damage|p1a: Nidoqueen|0 fnt
|faint|p1a: Nidoqueen
|
|-heal|p2a: Quagsire|34/100|[from] item: Leftovers
|upkeep
|inactive|PlasticPinnochio has 120 seconds left.
|
|t:|1667470055
|switch|p1a: Tangrowth|Tangrowth, M|100/100 tox
|turn|34
|
|t:|1667470058
|switch|p2a: Tangrowth|Tangrowth, F|80/100
|-damage|p2a: Tangrowth|68/100|[from] Stealth Rock
|move|p1a: Tangrowth|Power Whip|p2a: Tangrowth|[miss]
|-miss|p1a: Tangrowth|p2a: Tangrowth
|
|-damage|p1a: Tangrowth|94/100 tox|[from] psn
|upkeep
|turn|35
|
|t:|1667470069
|move|p2a: Tangrowth|Knock Off|p1a: Tangrowth
|-damage|p1a: Tangrowth|81/100 tox
|-enditem|p1a: Tangrowth|Assault Vest|[from] move: Knock Off|[of] p2a: Tangrowth
|move|p1a: Tangrowth|Sludge Bomb|p2a: Tangrowth
|-supereffective|p2a: Tangrowth
|-damage|p2a: Tangrowth|1/100
|
|-damage|p1a: Tangrowth|69/100 tox|[from] psn
|upkeep
|turn|36
|
|t:|1667470077
|move|p1a: Tangrowth|Knock Off|p2a: Tangrowth
|-damage|p2a: Tangrowth|0 fnt
|-damage|p1a: Tangrowth|52/100 tox|[from] item: Rocky Helmet|[of] p2a: Tangrowth
|-enditem|p2a: Tangrowth|Rocky Helmet|[from] move: Knock Off|[of] p1a: Tangrowth
|faint|p2a: Tangrowth
|
|-damage|p1a: Tangrowth|34/100 tox|[from] psn
|upkeep
|-message|aureoo forfeited.
|
|win|PlasticPinnochio
|raw|PlasticPinnochio's rating: 1560 &rarr; <strong>1573</strong><br />(+13 for winning)
|raw|aureoo's rating: 1431 &rarr; <strong>1418</strong><br />(-13 for losing)
|l|☆aureoo
|l| Hindiman32
||Ladder isn't responding, score probably updated but might not have (Request timeout).
