|html|<div class="broadcast-blue"><strong>[Gen 8] UU is currently suspecting Scizor! For information on how to participate check out the <a href="https://www.smogon.com/forums/threads/ss-uu-stage-12-2-spider-dance.3704866/">suspect thread</a>.</strong></div>
|j|☆sponger woman
|j|☆DLLT Wuchtbrumme
|t:|1658621185
|gametype|singles
|player|p1|sponger woman|mars|1434
|player|p2|DLLT Wuchtbrumme|wallace|1382
|teamsize|p1|6
|teamsize|p2|6
|gen|8
|tier|[Gen 8] UU
|rated|
|rule|Sleep Clause Mod: Limit one foe put to sleep
|rule|Species Clause: Limit one of each Pokémon
|rule|OHKO Clause: OHKO moves are banned
|rule|Evasion Moves Clause: Evasion moves are banned
|rule|Endless Battle Clause: Forcing endless battles is banned
|rule|HP Percentage Mod: HP is shown in percentages
|rule|Dynamax Clause: You cannot dynamax
|clearpoke
|poke|p1|Snorlax, F|
|poke|p1|Crawdaunt, F|
|poke|p1|Nihilego|
|poke|p1|Skarmory, M|
|poke|p1|Excadrill, M|
|poke|p1|Tangrowth, F|
|poke|p2|Crawdaunt, F|
|poke|p2|Tangrowth, F|
|poke|p2|Chansey, F|
|poke|p2|Darmanitan, F|
|poke|p2|Mandibuzz, F|
|poke|p2|Slowbro-Galar, M|
|teampreview
|inactive|Battle timer is ON: inactive players will automatically lose when time's up. (requested by sponger woman)
|
|t:|1658621201
|start
|switch|p1a: Tangrowth|Tangrowth, F|100/100
|switch|p2a: Darmanitan|Darmanitan, F|100/100
|turn|1
|
|t:|1658621220
|switch|p1a: The lax|Snorlax, F|100/100
|move|p2a: Darmanitan|U-turn|p1a: The lax
|-damage|p1a: The lax|81/100
|inactive|DLLT Wuchtbrumme has 120 seconds left.
|
|t:|1658621268
|switch|p2a: Crawdaunt|Crawdaunt, F|100/100|[from]move: U-turn
|
|-heal|p1a: The lax|87/100|[from] item: Leftovers
|upkeep
|turn|2
|
|t:|1658621279
|move|p2a: Crawdaunt|Knock Off|p1a: The lax
|-damage|p1a: The lax|20/100
|-enditem|p1a: The lax|Leftovers|[from] move: Knock Off|[of] p2a: Crawdaunt
|move|p1a: The lax|Body Slam|p2a: Crawdaunt
|-damage|p2a: Crawdaunt|54/100
|
|upkeep
|turn|3
|
|t:|1658621297
|switch|p2a: Slowbro|Slowbro-Galar, M|100/100
|move|p1a: The lax|Body Slam|p2a: Slowbro
|-damage|p2a: Slowbro|70/100
|
|upkeep
|turn|4
|inactive|sponger woman has 120 seconds left.
|inactive|DLLT Wuchtbrumme has 90 seconds left.
|
|t:|1658621355
|move|p1a: The lax|Rest|p1a: The lax
|-status|p1a: The lax|slp|[from] move: Rest
|-heal|p1a: The lax|100/100 slp|[silent]
|move|p2a: Slowbro|Psyshock|p1a: The lax
|-damage|p1a: The lax|77/100 slp
|
|upkeep
|turn|5
|inactive|DLLT Wuchtbrumme has 90 seconds left.
|
|t:|1658621367
|switch|p2a: Crawdaunt|Crawdaunt, F|54/100
|cant|p1a: The lax|slp
|move|p1a: The lax|Sleep Talk|p1a: The lax
|move|p1a: The lax|Body Slam|p2a: Crawdaunt|[from]move: Sleep Talk
|-damage|p2a: Crawdaunt|8/100
|
|upkeep
|turn|6
|inactive|DLLT Wuchtbrumme has 90 seconds left.
|
|t:|1658621379
|move|p2a: Crawdaunt|Crabhammer|p1a: The lax
|-damage|p1a: The lax|0 fnt
|faint|p1a: The lax
|
|upkeep
|inactive|sponger woman has 120 seconds left.
|
|t:|1658621388
|switch|p1a: Crawdussy|Crawdaunt, F|100/100
|turn|7
|
|t:|1658621393
|switch|p2a: Tangrowth|Tangrowth, F|100/100
|move|p1a: Crawdussy|Aqua Jet|p2a: Tangrowth
|-resisted|p2a: Tangrowth
|-damage|p2a: Tangrowth|88/100
|-damage|p1a: Crawdussy|84/100|[from] item: Rocky Helmet|[of] p2a: Tangrowth
|
|upkeep
|turn|8
|
|t:|1658621410
|switch|p1a: Skarmory|Skarmory, M|100/100
|move|p2a: Tangrowth|Knock Off|p1a: Skarmory
|-damage|p1a: Skarmory|87/100
|-damage|p2a: Tangrowth|72/100|[from] item: Rocky Helmet|[of] p1a: Skarmory
|-enditem|p1a: Skarmory|Rocky Helmet|[from] move: Knock Off|[of] p2a: Tangrowth
|
|upkeep
|turn|9
|inactive|sponger woman has 120 seconds left.
|
|t:|1658621449
|switch|p2a: Slowbro|Slowbro-Galar, M|100/100
|move|p1a: Skarmory|Spikes|p2a: Slowbro
|-sidestart|p2: DLLT Wuchtbrumme|Spikes
|
|upkeep
|turn|10
|
|t:|1658621455
|switch|p1a: Tangrowth|Tangrowth, F|100/100
|move|p2a: Slowbro|Flamethrower|p1a: Tangrowth
|-supereffective|p1a: Tangrowth
|-damage|p1a: Tangrowth|74/100
|
|upkeep
|turn|11
|inactive|sponger woman has 120 seconds left.
|
|t:|1658621462
|move|p1a: Tangrowth|Knock Off|p2a: Slowbro
|-supereffective|p2a: Slowbro
|-damage|p2a: Slowbro|60/100
|-enditem|p2a: Slowbro|Assault Vest|[from] move: Knock Off|[of] p1a: Tangrowth
|move|p2a: Slowbro|Sludge Bomb|p1a: Tangrowth
|-supereffective|p1a: Tangrowth
|-damage|p1a: Tangrowth|28/100
|-status|p1a: Tangrowth|psn
|
|-damage|p1a: Tangrowth|15/100 psn|[from] psn
|upkeep
|turn|12
|inactive|sponger woman has 120 seconds left.
|inactive|sponger woman has 90 seconds left.
|
|t:|1658621523
|move|p1a: Tangrowth|Knock Off|p2a: Slowbro
|-supereffective|p2a: Slowbro
|-damage|p2a: Slowbro|32/100
|move|p2a: Slowbro|Flamethrower|p1a: Tangrowth
|-supereffective|p1a: Tangrowth
|-damage|p1a: Tangrowth|0 fnt
|faint|p1a: Tangrowth
|
|upkeep
|inactive|sponger woman has 60 seconds left.
|inactive|sponger woman has 30 seconds left.
|inactive|sponger woman has 20 seconds left.
|
|t:|1658621580
|switch|p1a: Crawdussy|Crawdaunt, F|84/100
|turn|13
|inactive|sponger woman has 30 seconds left this turn.
|
|t:|1658621583
|switch|p2a: Tangrowth|Tangrowth, F|100/100
|-damage|p2a: Tangrowth|88/100|[from] Spikes
|move|p1a: Crawdussy|Knock Off|p2a: Tangrowth
|-damage|p2a: Tangrowth|36/100
|-damage|p1a: Crawdussy|68/100|[from] item: Rocky Helmet|[of] p2a: Tangrowth
|-enditem|p2a: Tangrowth|Rocky Helmet|[from] move: Knock Off|[of] p1a: Crawdussy
|
|upkeep
|turn|14
|inactive|sponger woman has 30 seconds left.
|inactive|DLLT Wuchtbrumme has 120 seconds left.
|
|t:|1658621608
|switch|p1a: Skarmory|Skarmory, M|87/100
|move|p2a: Tangrowth|Synthesis|p2a: Tangrowth
|-heal|p2a: Tangrowth|86/100
|
|upkeep
|turn|15
|inactive|sponger woman has 30 seconds left.
|
|t:|1658621621
|switch|p2a: Mandibuzz|Mandibuzz, F|100/100
|move|p1a: Skarmory|Brave Bird|p2a: Mandibuzz
|-damage|p2a: Mandibuzz|80/100
|-damage|p1a: Skarmory|78/100|[from] Recoil
|
|upkeep
|turn|16
|inactive|DLLT Wuchtbrumme has 120 seconds left.
|
|t:|1658621629
|move|p2a: Mandibuzz|Defog|p1a: Skarmory
|-unboost|p1a: Skarmory|evasion|1
|-sideend|p2: DLLT Wuchtbrumme|Spikes|[from] move: Defog|[of] p2a: Mandibuzz
|move|p1a: Skarmory|Spikes|p2a: Mandibuzz
|-sidestart|p2: DLLT Wuchtbrumme|Spikes
|
|upkeep
|turn|17
|
|t:|1658621639
|move|p2a: Mandibuzz|Defog|p1a: Skarmory
|-unboost|p1a: Skarmory|evasion|1
|-sideend|p2: DLLT Wuchtbrumme|Spikes|[from] move: Defog|[of] p2a: Mandibuzz
|move|p1a: Skarmory|Spikes|p2a: Mandibuzz
|-sidestart|p2: DLLT Wuchtbrumme|Spikes
|
|upkeep
|turn|18
|inactive|DLLT Wuchtbrumme has 120 seconds left.
|
|t:|1658621661
|move|p2a: Mandibuzz|U-turn|p1a: Skarmory
|-resisted|p1a: Skarmory
|-damage|p1a: Skarmory|77/100
|
|t:|1658621663
|switch|p2a: Slowbro|Slowbro-Galar, M|65/100|[from]move: U-turn
|-damage|p2a: Slowbro|53/100|[from] Spikes
|move|p1a: Skarmory|Roost|p1a: Skarmory
|-heal|p1a: Skarmory|100/100
|-singleturn|p1a: Skarmory|move: Roost
|
|upkeep
|turn|19
|inactive|sponger woman has 60 seconds left.
|
|t:|1658621692
|switch|p1a: Excadrill|Excadrill, M|100/100
|-ability|p1a: Excadrill|Mold Breaker
|switch|p2a: Mandibuzz|Mandibuzz, F|80/100
|
|upkeep
|turn|20
|
|t:|1658621702
|switch|p1a: Skarmory|Skarmory, M|100/100
|move|p2a: Mandibuzz|Defog|p1a: Skarmory
|-unboost|p1a: Skarmory|evasion|1
|-sideend|p2: DLLT Wuchtbrumme|Spikes|[from] move: Defog|[of] p2a: Mandibuzz
|
|upkeep
|turn|21
|
|t:|1658621710
|move|p2a: Mandibuzz|U-turn|p1a: Skarmory
|-resisted|p1a: Skarmory
|-damage|p1a: Skarmory|99/100
|
|t:|1658621712
|switch|p2a: Darmanitan|Darmanitan, F|100/100|[from]move: U-turn
|move|p1a: Skarmory|Spikes|p2a: Darmanitan
|-sidestart|p2: DLLT Wuchtbrumme|Spikes
|
|upkeep
|turn|22
|
|t:|1658621721
|move|p2a: Darmanitan|Flare Blitz|p1a: Skarmory
|-supereffective|p1a: Skarmory
|-damage|p1a: Skarmory|0 fnt
|faint|p1a: Skarmory
|-damage|p2a: Darmanitan|70/100|[from] Recoil
|
|upkeep
|
|t:|1658621734
|switch|p1a: Crawdussy|Crawdaunt, F|68/100
|turn|23
|
|t:|1658621747
|switch|p2a: Tangrowth|Tangrowth, F|100/100
|-damage|p2a: Tangrowth|88/100|[from] Spikes
|switch|p1a: Nihilego|Nihilego|100/100
|
|upkeep
|turn|24
|inactive|sponger woman has 60 seconds left.
|
|t:|1658621767
|switch|p1a: Crawdussy|Crawdaunt, F|68/100
|switch|p2a: Chansey|Chansey, F|100/100
|-damage|p2a: Chansey|88/100|[from] Spikes
|
|upkeep
|turn|25
|inactive|sponger woman has 60 seconds left.
|
|t:|1658621796
|move|p1a: Crawdussy|Knock Off|p2a: Chansey
|-damage|p2a: Chansey|24/100
|-enditem|p2a: Chansey|Eviolite|[from] move: Knock Off|[of] p1a: Crawdussy
|move|p2a: Chansey|Teleport|p2a: Chansey
|inactive|DLLT Wuchtbrumme has 120 seconds left.
|
|t:|1658621815
|switch|p2a: Darmanitan|Darmanitan, F|70/100|[from]move: Teleport
|-damage|p2a: Darmanitan|58/100|[from] Spikes
|
|upkeep
|turn|26
|
|t:|1658621822
|switch|p1a: Excadrill|Excadrill, M|100/100
|-ability|p1a: Excadrill|Mold Breaker
|move|p2a: Darmanitan|U-turn|p1a: Excadrill
|-resisted|p1a: Excadrill
|-damage|p1a: Excadrill|84/100
|
|t:|1658621829
|switch|p2a: Mandibuzz|Mandibuzz, F|80/100|[from]move: U-turn
|
|-heal|p1a: Excadrill|90/100|[from] item: Leftovers
|upkeep
|turn|27
|
|t:|1658621835
|move|p1a: Excadrill|Iron Head|p2a: Mandibuzz
|-damage|p2a: Mandibuzz|53/100
|move|p2a: Mandibuzz|Defog|p1a: Excadrill
|-unboost|p1a: Excadrill|evasion|1
|-sideend|p2: DLLT Wuchtbrumme|Spikes|[from] move: Defog|[of] p2a: Mandibuzz
|
|-heal|p1a: Excadrill|96/100|[from] item: Leftovers
|upkeep
|turn|28
|
|t:|1658621844
|move|p1a: Excadrill|Stealth Rock|p2a: Mandibuzz
|-sidestart|p2: DLLT Wuchtbrumme|move: Stealth Rock
|move|p2a: Mandibuzz|Roost|p2a: Mandibuzz
|-heal|p2a: Mandibuzz|100/100
|-singleturn|p2a: Mandibuzz|move: Roost
|
|-heal|p1a: Excadrill|100/100|[from] item: Leftovers
|upkeep
|turn|29
|
|t:|1658621853
|switch|p1a: Nihilego|Nihilego|100/100
|move|p2a: Mandibuzz|Defog|p1a: Nihilego
|-unboost|p1a: Nihilego|evasion|1
|-sideend|p2: DLLT Wuchtbrumme|Stealth Rock|[from] move: Defog|[of] p2a: Mandibuzz
|
|upkeep
|turn|30
|
|t:|1658621861
|switch|p1a: Excadrill|Excadrill, M|100/100
|-ability|p1a: Excadrill|Mold Breaker
|switch|p2a: Chansey|Chansey, F|24/100
|
|upkeep
|turn|31
|
|t:|1658621875
|switch|p1a: Nihilego|Nihilego|100/100
|switch|p2a: Mandibuzz|Mandibuzz, F|100/100
|
|upkeep
|turn|32
|inactive|sponger woman has 90 seconds left.
|inactive|sponger woman has 60 seconds left.
|
|t:|1658621912
|switch|p1a: Excadrill|Excadrill, M|100/100
|-ability|p1a: Excadrill|Mold Breaker
|switch|p2a: Chansey|Chansey, F|24/100
|
|upkeep
|turn|33
|
|t:|1658621918
|move|p1a: Excadrill|Stealth Rock|p2a: Chansey
|-sidestart|p2: DLLT Wuchtbrumme|move: Stealth Rock
|move|p2a: Chansey|Teleport|p2a: Chansey
|
|t:|1658621921
|switch|p2a: Mandibuzz|Mandibuzz, F|100/100|[from]move: Teleport
|
|upkeep
|turn|34
|
|t:|1658621926
|switch|p1a: Crawdussy|Crawdaunt, F|68/100
|move|p2a: Mandibuzz|Defog|p1a: Crawdussy
|-unboost|p1a: Crawdussy|evasion|1
|-sideend|p2: DLLT Wuchtbrumme|Stealth Rock|[from] move: Defog|[of] p2a: Mandibuzz
|
|upkeep
|turn|35
|
|t:|1658621941
|move|p2a: Mandibuzz|U-turn|p1a: Crawdussy
|-supereffective|p1a: Crawdussy
|-damage|p1a: Crawdussy|35/100
|
|t:|1658621945
|switch|p2a: Chansey|Chansey, F|24/100|[from]move: U-turn
|move|p1a: Crawdussy|Knock Off|p2a: Chansey
|-damage|p2a: Chansey|0 fnt
|faint|p2a: Chansey
|
|upkeep
|
|t:|1658621964
|switch|p2a: Darmanitan|Darmanitan, F|58/100
|turn|36
|
|t:|1658621973
|switch|p1a: Excadrill|Excadrill, M|100/100
|-ability|p1a: Excadrill|Mold Breaker
|move|p2a: Darmanitan|Flare Blitz|p1a: Excadrill
|-supereffective|p1a: Excadrill
|-damage|p1a: Excadrill|0 fnt
|faint|p1a: Excadrill
|-damage|p2a: Darmanitan|24/100|[from] Recoil
|
|upkeep
|
|t:|1658621976
|switch|p1a: Nihilego|Nihilego|100/100
|turn|37
|
|t:|1658621997
|switch|p2a: Slowbro|Slowbro-Galar, M|86/100
|move|p1a: Nihilego|Power Gem|p2a: Slowbro
|-damage|p2a: Slowbro|50/100
|
|upkeep
|turn|38
|
|t:|1658622006
|switch|p1a: Crawdussy|Crawdaunt, F|35/100
|move|p2a: Slowbro|Psyshock|p1a: Crawdussy
|-immune|p1a: Crawdussy
|
|upkeep
|turn|39
|inactive|sponger woman has 120 seconds left.
|
|t:|1658622017
|switch|p1a: Nihilego|Nihilego|100/100
|switch|p2a: Tangrowth|Tangrowth, F|100/100
|
|upkeep
|turn|40
|inactive|sponger woman has 120 seconds left.
|
|t:|1658622024
|switch|p2a: Slowbro|Slowbro-Galar, M|83/100
|move|p1a: Nihilego|Sludge Wave|p2a: Slowbro
|-resisted|p2a: Slowbro
|-damage|p2a: Slowbro|63/100
|
|upkeep
|turn|41
|
|t:|1658622031
|move|p1a: Nihilego|Sludge Wave|p2a: Slowbro
|-resisted|p2a: Slowbro
|-damage|p2a: Slowbro|44/100
|move|p2a: Slowbro|Sludge Bomb|p1a: Nihilego
|-resisted|p1a: Nihilego
|-damage|p1a: Nihilego|94/100
|
|upkeep
|turn|42
|
|t:|1658622047
|switch|p1a: Crawdussy|Crawdaunt, F|35/100
|move|p2a: Slowbro|Sludge Bomb|p1a: Crawdussy
|-damage|p1a: Crawdussy|0 fnt
|faint|p1a: Crawdussy
|
|upkeep
|c|☆sponger woman|gg
|c|☆DLLT Wuchtbrumme|gg
|-message|sponger woman forfeited.
|
|win|DLLT Wuchtbrumme
|raw|sponger woman's rating: 1434 &rarr; <strong>1411</strong><br />(-23 for losing)
|raw|DLLT Wuchtbrumme's rating: 1382 &rarr; <strong>1405</strong><br />(+23 for winning)
|l|☆sponger woman
||Ladder isn't responding, score probably updated but might not have (Request timeout).
