|j|☆esqimo589
|j|☆MysticMesmeralda
|t:|1666621678
|gametype|singles
|player|p1|esqimo589|n|1397
|player|p2|MysticMesmeralda|1|1404
|teamsize|p1|6
|teamsize|p2|6
|gen|8
|tier|[Gen 8] UU
|rated|
|rule|Sleep Clause Mod: Limit one foe put to sleep
|rule|Species Clause: Limit one of each Pokémon
|rule|OHKO Clause: OHKO moves are banned
|rule|Evasion Items Clause: Evasion items are banned
|rule|Evasion Moves Clause: Evasion moves are banned
|rule|Endless Battle Clause: Forcing endless battles is banned
|rule|HP Percentage Mod: HP is shown in percentages
|rule|Dynamax Clause: You cannot dynamax
|clearpoke
|poke|p1|Sirfetch’d, F|
|poke|p1|Sylveon, M|
|poke|p1|Nidoqueen, F|
|poke|p1|Zarude|
|poke|p1|Scizor, M|
|poke|p1|Salamence, M|
|poke|p2|Primarina, F|
|poke|p2|Zarude|
|poke|p2|Moltres|
|poke|p2|Chansey, F|
|poke|p2|Skarmory, M|
|poke|p2|Tangrowth, F|
|teampreview
|inactive|Battle timer is ON: inactive players will automatically lose when time's up. (requested by esqimo589)
|
|t:|1666621695
|start
|switch|p1a: milf|Nidoqueen, F|100/100
|switch|p2a: Zarude|Zarude|100/100
|turn|1
|
|t:|1666621705
|switch|p1a: whiteeyesbluedrag|Salamence, M|100/100
|-ability|p1a: whiteeyesbluedrag|Intimidate|boost
|-unboost|p2a: Zarude|atk|1
|move|p2a: Zarude|Power Whip|p1a: whiteeyesbluedrag
|-resisted|p1a: whiteeyesbluedrag
|-damage|p1a: whiteeyesbluedrag|86/100
|
|upkeep
|turn|2
|
|t:|1666621710
|switch|p2a: Primarina|Primarina, F|100/100
|move|p1a: whiteeyesbluedrag|Hurricane|p2a: Primarina
|-damage|p2a: Primarina|62/100
|
|upkeep
|turn|3
|
|t:|1666621721
|switch|p1a: milf|Nidoqueen, F|100/100
|move|p2a: Primarina|Hydro Pump|p1a: milf
|-supereffective|p1a: milf
|-damage|p1a: milf|0 fnt
|faint|p1a: milf
|
|upkeep
|
|t:|1666621724
|switch|p1a: funne monke|Zarude|100/100
|turn|4
|
|t:|1666621727
|switch|p2a: Tangrowth|Tangrowth, F, shiny|100/100
|move|p1a: funne monke|U-turn|p2a: Tangrowth
|-supereffective|p2a: Tangrowth
|-damage|p2a: Tangrowth|74/100
|-damage|p1a: funne monke|84/100|[from] item: Rocky Helmet|[of] p2a: Tangrowth
|
|t:|1666621734
|switch|p1a: budget genesect|Scizor, M|100/100|[from]move: U-turn
|
|upkeep
|turn|5
|
|t:|1666621737
|switch|p2a: Moltres|Moltres, shiny|100/100
|move|p1a: budget genesect|U-turn|p2a: Moltres
|-resisted|p2a: Moltres
|-damage|p2a: Moltres|91/100
|
|t:|1666621747
|switch|p1a: whiteeyesbluedrag|Salamence, M|86/100|[from]move: U-turn
|-ability|p1a: whiteeyesbluedrag|Intimidate|boost
|-unboost|p2a: Moltres|atk|1
|
|upkeep
|turn|6
|
|t:|1666621753
|switch|p2a: Chansey|Chansey, F|100/100
|switch|p1a: the duck|Sirfetch’d, F|100/100
|
|upkeep
|turn|7
|
|t:|1666621760
|move|p2a: Chansey|Protect|p2a: Chansey
|-singleturn|p2a: Chansey|Protect
|move|p1a: the duck|Knock Off|p2a: Chansey
|-activate|p2a: Chansey|move: Protect
|
|upkeep
|turn|8
|
|t:|1666621766
|switch|p2a: Skarmory|Skarmory, M|100/100
|move|p1a: the duck|Close Combat|p2a: Skarmory
|-damage|p2a: Skarmory|57/100
|-unboost|p1a: the duck|def|1
|-unboost|p1a: the duck|spd|1
|
|upkeep
|turn|9
|
|t:|1666621783
|move|p1a: the duck|Close Combat|p2a: Skarmory
|-crit|p2a: Skarmory
|-damage|p2a: Skarmory|0 fnt
|-unboost|p1a: the duck|def|1
|-unboost|p1a: the duck|spd|1
|faint|p2a: Skarmory
|
|upkeep
|
|t:|1666621787
|switch|p2a: Zarude|Zarude|100/100
|turn|10
|j| amogusroxyrrrr
|
|t:|1666621795
|switch|p1a: whiteeyesbluedrag|Salamence, M|86/100
|-ability|p1a: whiteeyesbluedrag|Intimidate|boost
|-unboost|p2a: Zarude|atk|1
|move|p2a: Zarude|U-turn|p1a: whiteeyesbluedrag
|-resisted|p1a: whiteeyesbluedrag
|-damage|p1a: whiteeyesbluedrag|76/100
|
|t:|1666621797
|switch|p2a: Primarina|Primarina, F|62/100|[from]move: U-turn
|
|upkeep
|turn|11
|
|t:|1666621809
|switch|p1a: trans rights|Sylveon, M|100/100
|move|p2a: Primarina|Moonblast|p1a: trans rights
|-damage|p1a: trans rights|53/100
|-unboost|p1a: trans rights|spa|1
|
|-heal|p1a: trans rights|59/100|[from] item: Leftovers
|upkeep
|turn|12
|
|t:|1666621813
|move|p2a: Primarina|Moonblast|p1a: trans rights
|-damage|p1a: trans rights|14/100
|move|p1a: trans rights|Wish|p1a: trans rights
|
|-heal|p1a: trans rights|20/100|[from] item: Leftovers
|upkeep
|turn|13
|
|t:|1666621815
|move|p1a: trans rights|Protect|p1a: trans rights
|-singleturn|p1a: trans rights|Protect
|move|p2a: Primarina|Moonblast|p1a: trans rights
|-activate|p1a: trans rights|move: Protect
|
|-heal|p1a: trans rights|70/100|[from] move: Wish|[wisher] trans rights
|-heal|p1a: trans rights|76/100|[from] item: Leftovers
|upkeep
|turn|14
|
|t:|1666621821
|move|p2a: Primarina|Moonblast|p1a: trans rights
|-damage|p1a: trans rights|30/100
|move|p1a: trans rights|Wish|p1a: trans rights
|
|-heal|p1a: trans rights|36/100|[from] item: Leftovers
|upkeep
|turn|15
|
|t:|1666621828
|move|p1a: trans rights|Protect|p1a: trans rights
|-singleturn|p1a: trans rights|Protect
|move|p2a: Primarina|Moonblast|p1a: trans rights
|-activate|p1a: trans rights|move: Protect
|
|-heal|p1a: trans rights|86/100|[from] move: Wish|[wisher] trans rights
|-heal|p1a: trans rights|92/100|[from] item: Leftovers
|upkeep
|turn|16
|
|t:|1666621836
|switch|p2a: Chansey|Chansey, F|100/100
|move|p1a: trans rights|Wish|p1a: trans rights
|
|-heal|p1a: trans rights|98/100|[from] item: Leftovers
|upkeep
|turn|17
|
|t:|1666621840
|switch|p1a: the duck|Sirfetch’d, F|100/100
|switch|p2a: Moltres|Moltres, shiny|91/100
|
|upkeep
|turn|18
|
|t:|1666621847
|switch|p1a: trans rights|Sylveon, M|98/100
|move|p2a: Moltres|Hurricane|p1a: trans rights
|-damage|p1a: trans rights|68/100
|
|-heal|p1a: trans rights|74/100|[from] item: Leftovers
|upkeep
|turn|19
|
|t:|1666621851
|move|p2a: Moltres|U-turn|p1a: trans rights
|-resisted|p1a: trans rights
|-damage|p1a: trans rights|67/100
|
|t:|1666621859
|switch|p2a: Zarude|Zarude|100/100|[from]move: U-turn
|move|p1a: trans rights|Wish|p1a: trans rights
|
|-heal|p1a: trans rights|73/100|[from] item: Leftovers
|upkeep
|turn|20
|
|t:|1666621863
|move|p2a: Zarude|Power Whip|p1a: trans rights|[miss]
|-miss|p2a: Zarude|p1a: trans rights
|move|p1a: trans rights|Hyper Voice|p2a: Zarude
|-supereffective|p2a: Zarude
|-damage|p2a: Zarude|18/100
|
|-heal|p1a: trans rights|100/100|[from] move: Wish|[wisher] trans rights
|upkeep
|turn|21
|
|t:|1666621875
|switch|p1a: the duck|Sirfetch’d, F|100/100
|move|p2a: Zarude|Power Whip|p1a: the duck
|-damage|p1a: the duck|0 fnt
|faint|p1a: the duck
|
|upkeep
|
|t:|1666621882
|switch|p1a: funne monke|Zarude|84/100
|turn|22
|
|t:|1666621887
|switch|p2a: Moltres|Moltres, shiny|91/100
|move|p1a: funne monke|U-turn|p2a: Moltres
|-resisted|p2a: Moltres
|-damage|p2a: Moltres|84/100
|
|t:|1666621892
|switch|p1a: whiteeyesbluedrag|Salamence, M|76/100|[from]move: U-turn
|-ability|p1a: whiteeyesbluedrag|Intimidate|boost
|-unboost|p2a: Moltres|atk|1
|
|upkeep
|turn|23
|
|t:|1666621899
|move|p1a: whiteeyesbluedrag|Hurricane|p2a: Moltres
|-damage|p2a: Moltres|37/100
|move|p2a: Moltres|U-turn|p1a: whiteeyesbluedrag
|-resisted|p1a: whiteeyesbluedrag
|-damage|p1a: whiteeyesbluedrag|71/100
|
|t:|1666621902
|switch|p2a: Chansey|Chansey, F|100/100|[from]move: U-turn
|
|upkeep
|turn|24
|
|t:|1666621905
|switch|p1a: budget genesect|Scizor, M|100/100
|move|p2a: Chansey|Wish|p2a: Chansey
|
|upkeep
|turn|25
|
|t:|1666621911
|switch|p2a: Moltres|Moltres, shiny|37/100
|move|p1a: budget genesect|Knock Off|p2a: Moltres
|-damage|p2a: Moltres|0 fnt
|-status|p1a: budget genesect|brn|[from] ability: Flame Body|[of] p2a: Moltres
|-enditem|p2a: Moltres|Heavy-Duty Boots|[from] move: Knock Off|[of] p1a: budget genesect
|faint|p2a: Moltres
|
|-damage|p1a: budget genesect|94/100 brn|[from] brn
|upkeep
|
|t:|1666621915
|switch|p2a: Primarina|Primarina, F|62/100
|turn|26
|
|t:|1666621919
|move|p1a: budget genesect|U-turn|p2a: Primarina
|-resisted|p2a: Primarina
|-damage|p2a: Primarina|52/100
|
|t:|1666621921
|switch|p1a: trans rights|Sylveon, M|100/100|[from]move: U-turn
|move|p2a: Primarina|Hydro Pump|p1a: trans rights
|-crit|p1a: trans rights
|-damage|p1a: trans rights|15/100
|
|-heal|p1a: trans rights|21/100|[from] item: Leftovers
|upkeep
|turn|27
|
|t:|1666621925
|move|p1a: trans rights|Protect|p1a: trans rights
|-singleturn|p1a: trans rights|Protect
|move|p2a: Primarina|Hydro Pump|p1a: trans rights
|-activate|p1a: trans rights|move: Protect
|
|-heal|p1a: trans rights|27/100|[from] item: Leftovers
|upkeep
|turn|28
|
|t:|1666621930
|switch|p1a: funne monke|Zarude|84/100
|move|p2a: Primarina|Hydro Pump|p1a: funne monke|[miss]
|-miss|p2a: Primarina|p1a: funne monke
|
|upkeep
|turn|29
|
|t:|1666621936
|switch|p2a: Tangrowth|Tangrowth, F, shiny|100/100
|move|p1a: funne monke|U-turn|p2a: Tangrowth
|-supereffective|p2a: Tangrowth
|-damage|p2a: Tangrowth|77/100
|-damage|p1a: funne monke|67/100|[from] item: Rocky Helmet|[of] p2a: Tangrowth
|
|t:|1666621942
|switch|p1a: whiteeyesbluedrag|Salamence, M|71/100|[from]move: U-turn
|-ability|p1a: whiteeyesbluedrag|Intimidate|boost
|-unboost|p2a: Tangrowth|atk|1
|
|upkeep
|turn|30
|
|t:|1666621946
|switch|p1a: budget genesect|Scizor, M|94/100 brn
|switch|p2a: Chansey|Chansey, F|100/100
|
|-damage|p1a: budget genesect|88/100 brn|[from] brn
|upkeep
|turn|31
|
|t:|1666621950
|switch|p2a: Tangrowth|Tangrowth, F, shiny|100/100
|move|p1a: budget genesect|Knock Off|p2a: Tangrowth
|-damage|p2a: Tangrowth|93/100
|-damage|p1a: budget genesect|72/100 brn|[from] item: Rocky Helmet|[of] p2a: Tangrowth
|-enditem|p2a: Tangrowth|Rocky Helmet|[from] move: Knock Off|[of] p1a: budget genesect
|
|-damage|p1a: budget genesect|66/100 brn|[from] brn
|upkeep
|turn|32
|
|t:|1666621953
|move|p1a: budget genesect|U-turn|p2a: Tangrowth
|-supereffective|p2a: Tangrowth
|-damage|p2a: Tangrowth|76/100
|
|t:|1666621955
|switch|p1a: whiteeyesbluedrag|Salamence, M|71/100|[from]move: U-turn
|-ability|p1a: whiteeyesbluedrag|Intimidate|boost
|-unboost|p2a: Tangrowth|atk|1
|move|p2a: Tangrowth|Leech Seed|p1a: whiteeyesbluedrag
|-start|p1a: whiteeyesbluedrag|move: Leech Seed
|
|-damage|p1a: whiteeyesbluedrag|59/100|[from] Leech Seed|[of] p2a: Tangrowth
|-heal|p2a: Tangrowth|88/100|[silent]
|upkeep
|turn|33
|
|t:|1666621960
|move|p2a: Tangrowth|Protect|p2a: Tangrowth
|-singleturn|p2a: Tangrowth|Protect
|move|p1a: whiteeyesbluedrag|Hurricane|p2a: Tangrowth
|-activate|p2a: Tangrowth|move: Protect
|
|-damage|p1a: whiteeyesbluedrag|46/100|[from] Leech Seed|[of] p2a: Tangrowth
|-heal|p2a: Tangrowth|99/100|[silent]
|upkeep
|turn|34
|
|t:|1666621969
|move|p1a: whiteeyesbluedrag|Roost|p1a: whiteeyesbluedrag
|-heal|p1a: whiteeyesbluedrag|96/100
|-singleturn|p1a: whiteeyesbluedrag|move: Roost
|move|p2a: Tangrowth|Knock Off|p1a: whiteeyesbluedrag
|-damage|p1a: whiteeyesbluedrag|85/100
|-enditem|p1a: whiteeyesbluedrag|Heavy-Duty Boots|[from] move: Knock Off|[of] p2a: Tangrowth
|
|-damage|p1a: whiteeyesbluedrag|73/100|[from] Leech Seed|[of] p2a: Tangrowth
|-heal|p2a: Tangrowth|100/100|[silent]
|upkeep
|turn|35
|
|t:|1666621975
|switch|p1a: budget genesect|Scizor, M|66/100 brn
|move|p2a: Tangrowth|Protect||[still]
|-fail|p2a: Tangrowth
|
|-damage|p1a: budget genesect|59/100 brn|[from] brn
|upkeep
|turn|36
|
|t:|1666621978
|move|p1a: budget genesect|U-turn|p2a: Tangrowth
|-supereffective|p2a: Tangrowth
|-damage|p2a: Tangrowth|82/100
|
|t:|1666621981
|switch|p1a: whiteeyesbluedrag|Salamence, M|73/100|[from]move: U-turn
|-ability|p1a: whiteeyesbluedrag|Intimidate|boost
|-unboost|p2a: Tangrowth|atk|1
|move|p2a: Tangrowth|Leech Seed|p1a: whiteeyesbluedrag
|-start|p1a: whiteeyesbluedrag|move: Leech Seed
|
|-damage|p1a: whiteeyesbluedrag|60/100|[from] Leech Seed|[of] p2a: Tangrowth
|-heal|p2a: Tangrowth|94/100|[silent]
|upkeep
|turn|37
|
|t:|1666621988
|move|p2a: Tangrowth|Protect|p2a: Tangrowth
|-singleturn|p2a: Tangrowth|Protect
|move|p1a: whiteeyesbluedrag|Hurricane|p2a: Tangrowth
|-activate|p2a: Tangrowth|move: Protect
|
|-damage|p1a: whiteeyesbluedrag|48/100|[from] Leech Seed|[of] p2a: Tangrowth
|-heal|p2a: Tangrowth|100/100|[silent]
|upkeep
|turn|38
|
|t:|1666621990
|switch|p2a: Chansey|Chansey, F|100/100
|move|p1a: whiteeyesbluedrag|Roost|p1a: whiteeyesbluedrag
|-heal|p1a: whiteeyesbluedrag|98/100
|-singleturn|p1a: whiteeyesbluedrag|move: Roost
|
|-damage|p1a: whiteeyesbluedrag|85/100|[from] Leech Seed|[of] p2a: Chansey
|upkeep
|turn|39
|
|t:|1666621992
|switch|p1a: budget genesect|Scizor, M|59/100 brn
|move|p2a: Chansey|Seismic Toss|p1a: budget genesect
|-damage|p1a: budget genesect|30/100 brn
|
|-damage|p1a: budget genesect|24/100 brn|[from] brn
|upkeep
|turn|40
|
|t:|1666621995
|move|p2a: Chansey|Protect|p2a: Chansey
|-singleturn|p2a: Chansey|Protect
|move|p1a: budget genesect|Roost|p1a: budget genesect
|-heal|p1a: budget genesect|74/100 brn
|-singleturn|p1a: budget genesect|move: Roost
|
|-damage|p1a: budget genesect|68/100 brn|[from] brn
|upkeep
|turn|41
|
|t:|1666622001
|switch|p2a: Tangrowth|Tangrowth, F, shiny|100/100
|move|p1a: budget genesect|Knock Off|p2a: Tangrowth
|-damage|p2a: Tangrowth|95/100
|
|-damage|p1a: budget genesect|62/100 brn|[from] brn
|upkeep
|turn|42
|
|t:|1666622004
|move|p1a: budget genesect|U-turn|p2a: Tangrowth
|-supereffective|p2a: Tangrowth
|-damage|p2a: Tangrowth|76/100
|
|t:|1666622005
|switch|p1a: whiteeyesbluedrag|Salamence, M|85/100|[from]move: U-turn
|-ability|p1a: whiteeyesbluedrag|Intimidate|boost
|-unboost|p2a: Tangrowth|atk|1
|move|p2a: Tangrowth|Leech Seed|p1a: whiteeyesbluedrag
|-start|p1a: whiteeyesbluedrag|move: Leech Seed
|
|-damage|p1a: whiteeyesbluedrag|73/100|[from] Leech Seed|[of] p2a: Tangrowth
|-heal|p2a: Tangrowth|88/100|[silent]
|upkeep
|turn|43
|
|t:|1666622010
|move|p2a: Tangrowth|Protect|p2a: Tangrowth
|-singleturn|p2a: Tangrowth|Protect
|move|p1a: whiteeyesbluedrag|Roost|p1a: whiteeyesbluedrag
|-heal|p1a: whiteeyesbluedrag|100/100
|-singleturn|p1a: whiteeyesbluedrag|move: Roost
|
|-damage|p1a: whiteeyesbluedrag|88/100|[from] Leech Seed|[of] p2a: Tangrowth
|-heal|p2a: Tangrowth|99/100|[silent]
|upkeep
|turn|44
|
|t:|1666622017
|switch|p1a: budget genesect|Scizor, M|62/100 brn
|switch|p2a: Chansey|Chansey, F|100/100
|
|-damage|p1a: budget genesect|56/100 brn|[from] brn
|upkeep
|turn|45
|
|t:|1666622020
|move|p2a: Chansey|Protect|p2a: Chansey
|-singleturn|p2a: Chansey|Protect
|move|p1a: budget genesect|U-turn|p2a: Chansey
|-activate|p2a: Chansey|move: Protect
|
|-damage|p1a: budget genesect|50/100 brn|[from] brn
|upkeep
|turn|46
|
|t:|1666622028
|move|p1a: budget genesect|Knock Off|p2a: Chansey
|-damage|p2a: Chansey|90/100
|-enditem|p2a: Chansey|Eviolite|[from] move: Knock Off|[of] p1a: budget genesect
|move|p2a: Chansey|Wish|p2a: Chansey
|
|-damage|p1a: budget genesect|44/100 brn|[from] brn
|upkeep
|turn|47
|
|t:|1666622030
|move|p1a: budget genesect|Roost|p1a: budget genesect
|-heal|p1a: budget genesect|94/100 brn
|-singleturn|p1a: budget genesect|move: Roost
|move|p2a: Chansey|Seismic Toss|p1a: budget genesect
|-damage|p1a: budget genesect|65/100 brn
|
|-heal|p2a: Chansey|100/100|[from] move: Wish|[wisher] Chansey
|-damage|p1a: budget genesect|59/100 brn|[from] brn
|upkeep
|turn|48
|
|t:|1666622034
|move|p1a: budget genesect|U-turn|p2a: Chansey
|-damage|p2a: Chansey|85/100
|
|t:|1666622039
|switch|p1a: whiteeyesbluedrag|Salamence, M|88/100|[from]move: U-turn
|-ability|p1a: whiteeyesbluedrag|Intimidate|boost
|-unboost|p2a: Chansey|atk|1
|move|p2a: Chansey|Seismic Toss|p1a: whiteeyesbluedrag
|-damage|p1a: whiteeyesbluedrag|63/100
|
|upkeep
|turn|49
|
|t:|1666622049
|switch|p1a: budget genesect|Scizor, M|59/100 brn
|move|p2a: Chansey|Toxic||[still]
|-fail|p2a: Chansey
|
|-damage|p1a: budget genesect|52/100 brn|[from] brn
|upkeep
|turn|50
|
|t:|1666622053
|move|p1a: budget genesect|Roost|p1a: budget genesect
|-heal|p1a: budget genesect|100/100 brn
|-singleturn|p1a: budget genesect|move: Roost
|move|p2a: Chansey|Wish|p2a: Chansey
|
|-damage|p1a: budget genesect|94/100 brn|[from] brn
|upkeep
|turn|51
|
|t:|1666622060
|move|p1a: budget genesect|U-turn|p2a: Chansey
|-damage|p2a: Chansey|68/100
|
|t:|1666622063
|switch|p1a: funne monke|Zarude|67/100|[from]move: U-turn
|move|p2a: Chansey|Toxic|p1a: funne monke
|-status|p1a: funne monke|tox
|
|-heal|p2a: Chansey|100/100|[from] move: Wish|[wisher] Chansey
|-damage|p1a: funne monke|61/100 tox|[from] psn
|upkeep
|turn|52
|
|t:|1666622067
|switch|p2a: Tangrowth|Tangrowth, F, shiny|100/100
|move|p1a: funne monke|Jungle Healing|p1a: funne monke
|-heal|p1a: funne monke|87/100 tox
|-curestatus|p1a: funne monke|tox|[msg]
|
|upkeep
|turn|53
|
|t:|1666622072
|switch|p1a: whiteeyesbluedrag|Salamence, M|63/100
|-ability|p1a: whiteeyesbluedrag|Intimidate|boost
|-unboost|p2a: Tangrowth|atk|1
|move|p2a: Tangrowth|Leech Seed|p1a: whiteeyesbluedrag
|-start|p1a: whiteeyesbluedrag|move: Leech Seed
|
|-damage|p1a: whiteeyesbluedrag|50/100|[from] Leech Seed|[of] p2a: Tangrowth
|upkeep
|turn|54
|
|t:|1666622074
|switch|p2a: Primarina|Primarina, F|52/100
|move|p1a: whiteeyesbluedrag|Roost|p1a: whiteeyesbluedrag
|-heal|p1a: whiteeyesbluedrag|99/100
|-singleturn|p1a: whiteeyesbluedrag|move: Roost
|
|-damage|p1a: whiteeyesbluedrag|88/100|[from] Leech Seed|[of] p2a: Primarina
|-heal|p2a: Primarina|66/100|[silent]
|upkeep
|turn|55
|
|t:|1666622081
|switch|p1a: budget genesect|Scizor, M|94/100 brn
|move|p2a: Primarina|Hydro Pump|p1a: budget genesect|[miss]
|-miss|p2a: Primarina|p1a: budget genesect
|
|-damage|p1a: budget genesect|88/100 brn|[from] brn
|upkeep
|turn|56
|
|t:|1666622083
|switch|p1a: funne monke|Zarude|87/100
|move|p2a: Primarina|Hydro Pump|p1a: funne monke
|-resisted|p1a: funne monke
|-damage|p1a: funne monke|39/100
|
|upkeep
|turn|57
|c|☆MysticMesmeralda|You are such a lucky mofo
|
|t:|1666622112
|switch|p2a: Zarude|Zarude|18/100
|move|p1a: funne monke|Power Whip|p2a: Zarude
|-resisted|p2a: Zarude
|-damage|p2a: Zarude|0 fnt
|faint|p2a: Zarude
|
|upkeep
|
|t:|1666622115
|switch|p2a: Primarina|Primarina, F|66/100
|turn|58
|c|☆esqimo589|yeah well my sylveon got crit and now i cant use it to check primarina so i think its just a skill issue
|
|t:|1666622125
|move|p1a: funne monke|Power Whip|p2a: Primarina
|-supereffective|p2a: Primarina
|-damage|p2a: Primarina|0 fnt
|faint|p2a: Primarina
|
|upkeep
|c|☆MysticMesmeralda|FU
|-message|MysticMesmeralda forfeited.
|
|win|esqimo589
|raw|esqimo589's rating: 1397 &rarr; <strong>1417</strong><br />(+20 for winning)
|raw|MysticMesmeralda's rating: 1404 &rarr; <strong>1384</strong><br />(-20 for losing)
|l|☆MysticMesmeralda
|c| amogusroxyrrrr|LOL
|c|☆esqimo589|i think that was desered
|c|☆esqimo589|deserved
||Ladder isn't responding, score probably updated but might not have (Request timeout).
