|raw|<div class="broadcast-blue"><strong>This battle is required to be public due to a player having a name starting with 'uult91w'.</div>
|j|☆UULT91w Adaam
|j|☆kolom
|t:|1651934265
|gametype|singles
|player|p1|UULT91w Adaam|2|1617
|player|p2|kolom|101|1442
|teamsize|p1|6
|teamsize|p2|6
|gen|8
|tier|[Gen 8] UU
|rated|
|rule|Sleep Clause Mod: Limit one foe put to sleep
|rule|Species Clause: Limit one of each Pokémon
|rule|OHKO Clause: OHKO moves are banned
|rule|Evasion Moves Clause: Evasion moves are banned
|rule|Endless Battle Clause: Forcing endless battles is banned
|rule|HP Percentage Mod: HP is shown in percentages
|rule|Dynamax Clause: You cannot dynamax
|clearpoke
|poke|p1|Togekiss, M|
|poke|p1|Nidoking, M|
|poke|p1|Hydreigon, F|
|poke|p1|Rotom-Heat|
|poke|p1|Scizor, F|
|poke|p1|Tangrowth, M|
|poke|p2|Keldeo-Resolute|
|poke|p2|Skarmory, M|
|poke|p2|Zarude-Dada|
|poke|p2|Mamoswine, M|
|poke|p2|Slowking, F|
|poke|p2|Mandibuzz, F|
|teampreview
|inactive|Battle timer is ON: inactive players will automatically lose when time's up. (requested by kolom)
|j| UULT91w Ball
|j| UULT91w Micciu
|l| UULT91w Ball
|j| dragonitenb
|
|t:|1651934293
|start
|switch|p1a: deino triple|Hydreigon, F|100/100
|switch|p2a: Zarude|Zarude-Dada|100/100
|turn|1
|
|t:|1651934296
|switch|p2a: Skarmory|Skarmory, M|100/100
|move|p1a: deino triple|U-turn|p2a: Skarmory
|-resisted|p2a: Skarmory
|-damage|p2a: Skarmory|98/100
|
|t:|1651934298
|switch|p1a: Nidoking|Nidoking, M|100/100|[from]move: U-turn
|
|-heal|p2a: Skarmory|100/100|[from] item: Leftovers
|upkeep
|turn|2
|
|t:|1651934304
|move|p1a: Nidoking|Stealth Rock|p2a: Skarmory
|-sidestart|p2: kolom|move: Stealth Rock
|move|p2a: Skarmory|Stealth Rock|p1a: Nidoking
|-sidestart|p1: UULT91w Adaam|move: Stealth Rock
|
|upkeep
|turn|3
|
|t:|1651934308
|switch|p2a: Slowking|Slowking, F|100/100
|move|p1a: Nidoking|Ice Beam|p2a: Slowking
|-resisted|p2a: Slowking
|-damage|p2a: Slowking|83/100
|
|upkeep
|turn|4
|
|t:|1651934310
|move|p1a: Nidoking|Sludge Wave|p2a: Slowking
|-damage|p2a: Slowking|26/100
|move|p2a: Slowking|Teleport|p2a: Slowking
|
|t:|1651934313
|switch|p2a: Keldeo|Keldeo-Resolute|100/100|[from]move: Teleport
|-damage|p2a: Keldeo|94/100|[from] Stealth Rock
|
|upkeep
|turn|5
|
|t:|1651934316
|switch|p1a: Togekiss|Togekiss, M|100/100
|move|p2a: Keldeo|Calm Mind|p2a: Keldeo
|-boost|p2a: Keldeo|spa|1
|-boost|p2a: Keldeo|spd|1
|
|upkeep
|turn|6
|
|t:|1651934319
|move|p2a: Keldeo|Scald|p1a: Togekiss
|-damage|p1a: Togekiss|45/100
|-status|p1a: Togekiss|brn
|move|p1a: Togekiss|Air Slash|p2a: Keldeo
|-supereffective|p2a: Keldeo
|-damage|p2a: Keldeo|36/100
|
|-damage|p1a: Togekiss|39/100 brn|[from] brn
|upkeep
|turn|7
|
|t:|1651934334
|switch|p1a: deino triple|Hydreigon, F|100/100
|-damage|p1a: deino triple|88/100|[from] Stealth Rock
|move|p2a: Keldeo|Secret Sword|p1a: deino triple
|-supereffective|p1a: deino triple
|-damage|p1a: deino triple|0 fnt
|faint|p1a: deino triple
|
|upkeep
|
|t:|1651934342
|switch|p1a: Tangrowth|Tangrowth, M|100/100
|-damage|p1a: Tangrowth|88/100|[from] Stealth Rock
|turn|8
|
|t:|1651934344
|move|p2a: Keldeo|Air Slash|p1a: Tangrowth
|-supereffective|p1a: Tangrowth
|-damage|p1a: Tangrowth|0 fnt
|faint|p1a: Tangrowth
|
|upkeep
|
|t:|1651934347
|switch|p1a: Scizor|Scizor, F|100/100
|-damage|p1a: Scizor|88/100|[from] Stealth Rock
|turn|9
|
|t:|1651934349
|move|p2a: Keldeo|Scald|p1a: Scizor
|-damage|p1a: Scizor|9/100
|move|p1a: Scizor|Swords Dance|p1a: Scizor
|-boost|p1a: Scizor|atk|2
|
|upkeep
|turn|10
|j| hariyana grande
|
|t:|1651934369
|switch|p2a: Slowking|Slowking, F|59/100
|move|p1a: Scizor|Roost|p1a: Scizor
|-heal|p1a: Scizor|59/100
|-singleturn|p1a: Scizor|move: Roost
|
|upkeep
|turn|11
|
|t:|1651934373
|move|p1a: Scizor|Knock Off|p2a: Slowking
|-supereffective|p2a: Slowking
|-damage|p2a: Slowking|0 fnt
|-enditem|p2a: Slowking|Heavy-Duty Boots|[from] move: Knock Off|[of] p1a: Scizor
|faint|p2a: Slowking
|
|upkeep
|
|t:|1651934376
|switch|p2a: Mandibuzz|Mandibuzz, F|100/100
|turn|12
|
|t:|1651934386
|switch|p1a: Togekiss|Togekiss, M|39/100 brn
|move|p2a: Mandibuzz|U-turn|p1a: Togekiss
|-resisted|p1a: Togekiss
|-damage|p1a: Togekiss|36/100 brn
|
|t:|1651934392
|switch|p2a: Mamoswine|Mamoswine, M|100/100|[from]move: U-turn
|-damage|p2a: Mamoswine|88/100|[from] Stealth Rock
|
|-damage|p1a: Togekiss|30/100 brn|[from] brn
|upkeep
|turn|13
|
|t:|1651934400
|move|p2a: Mamoswine|Stone Edge|p1a: Togekiss
|-supereffective|p1a: Togekiss
|-damage|p1a: Togekiss|0 fnt
|faint|p1a: Togekiss
|
|upkeep
|
|t:|1651934407
|switch|p1a: Scizor|Scizor, F|59/100
|-damage|p1a: Scizor|47/100|[from] Stealth Rock
|turn|14
|
|t:|1651934411
|move|p1a: Scizor|Bullet Punch|p2a: Mamoswine
|-supereffective|p2a: Mamoswine
|-crit|p2a: Mamoswine
|-damage|p2a: Mamoswine|0 fnt
|faint|p2a: Mamoswine
|
|upkeep
|
|t:|1651934415
|switch|p2a: Keldeo|Keldeo-Resolute|36/100
|-damage|p2a: Keldeo|30/100|[from] Stealth Rock
|turn|15
|
|t:|1651934421
|move|p1a: Scizor|Bullet Punch|p2a: Keldeo
|-resisted|p2a: Keldeo
|-damage|p2a: Keldeo|5/100
|move|p2a: Keldeo|Scald|p1a: Scizor
|-damage|p1a: Scizor|0 fnt
|faint|p1a: Scizor
|
|upkeep
|
|t:|1651934426
|switch|p1a: Rotom|Rotom-Heat|100/100
|turn|16
|
|t:|1651934429
|move|p2a: Keldeo|Scald|p1a: Rotom
|-supereffective|p1a: Rotom
|-damage|p1a: Rotom|0 fnt
|faint|p1a: Rotom
|
|upkeep
|
|t:|1651934431
|switch|p1a: Nidoking|Nidoking, M|100/100
|-damage|p1a: Nidoking|95/100|[from] Stealth Rock
|turn|17
|
|t:|1651934433
|move|p2a: Keldeo|Scald|p1a: Nidoking
|-supereffective|p1a: Nidoking
|-damage|p1a: Nidoking|0 fnt
|faint|p1a: Nidoking
|
|win|kolom
|raw|UULT91w Adaam's rating: 1630 &rarr; <strong>1600</strong><br />(-30 for losing)
|raw|kolom's rating: 1442 &rarr; <strong>1472</strong><br />(+30 for winning)
|l|☆UULT91w Adaam
