|j|☆Mr Giggio
|j|☆Whitebit09
|player|p1|Mr Giggio|chuck|1499
|player|p2|Whitebit09|102|1221
|teamsize|p1|6
|teamsize|p2|6
|gametype|singles
|gen|8
|tier|[Gen 8] UU
|rated|
|clearpoke
|poke|p1|Rillaboom, F|
|poke|p1|Sirfetch’d, F|
|poke|p1|Incineroar, M|
|poke|p1|Weezing-Galar, M|
|poke|p1|Torkoal, M|
|poke|p1|Heliolisk, M|
|poke|p2|Weezing-Galar, M|
|poke|p2|Gigalith, F|
|poke|p2|Inteleon, M|
|poke|p2|Necrozma|
|poke|p2|Cobalion|
|poke|p2|Noivern, F|
|rule|Sleep Clause Mod: Limit one foe put to sleep
|rule|Species Clause: Limit one of each Pokémon
|rule|OHKO Clause: OHKO moves are banned
|rule|Evasion Moves Clause: Evasion moves are banned
|rule|Endless Battle Clause: Forcing endless battles is banned
|rule|HP Percentage Mod: HP is shown in percentages
|rule|Dynamax Clause: You cannot dynamax
|teampreview
|inactive|Battle timer is ON: inactive players will automatically lose when time's up. (requested by Whitebit09)
|
|start
|switch|p1a: Rillaboom|Rillaboom, F|100/100
|switch|p2a: Necrozma|Necrozma|100/100
|-fieldstart|move: Grassy Terrain|[from] ability: Grassy Surge|[of] p1a: Rillaboom
|turn|1
|
|move|p2a: Necrozma|Knock Off|p1a: Rillaboom
|-damage|p1a: Rillaboom|80/100
|-enditem|p1a: Rillaboom|Assault Vest|[from] move: Knock Off|[of] p2a: Necrozma
|move|p1a: Rillaboom|U-turn|p2a: Necrozma
|-supereffective|p2a: Necrozma
|-damage|p2a: Necrozma|62/100
|
|switch|p1a: Incineroar|Incineroar, M|100/100|[from]move: U-turn
|-ability|p1a: Incineroar|Intimidate|boost
|-unboost|p2a: Necrozma|atk|1
|
|-heal|p2a: Necrozma|68/100|[from] item: Leftovers
|-heal|p2a: Necrozma|74/100|[from] Grassy Terrain
|upkeep
|turn|2
|
|move|p2a: Necrozma|Thunder Wave|p1a: Incineroar
|-status|p1a: Incineroar|par
|move|p1a: Incineroar|Knock Off|p2a: Necrozma
|-supereffective|p2a: Necrozma
|-damage|p2a: Necrozma|13/100
|-enditem|p2a: Necrozma|Leftovers|[from] move: Knock Off|[of] p1a: Incineroar
|
|-heal|p2a: Necrozma|19/100|[from] Grassy Terrain
|upkeep
|turn|3
|
|move|p2a: Necrozma|Heat Wave|p1a: Incineroar
|-resisted|p1a: Incineroar
|-damage|p1a: Incineroar|93/100 par
|move|p1a: Incineroar|U-turn|p2a: Necrozma
|-supereffective|p2a: Necrozma
|-damage|p2a: Necrozma|0 fnt
|faint|p2a: Necrozma
|
|switch|p1a: Torkoal|Torkoal, M|100/100|[from]move: U-turn
|-weather|SunnyDay|[from] ability: Drought|[of] p1a: Torkoal
|
|-weather|SunnyDay|[upkeep]
|upkeep
|
|switch|p2a: Noivern|Noivern, F|100/100
|turn|4
|
|move|p2a: Noivern|Air Slash|p1a: Torkoal
|-damage|p1a: Torkoal|34/100
|cant|p1a: Torkoal|flinch
|
|-weather|SunnyDay|[upkeep]
|-heal|p1a: Torkoal|40/100|[from] Grassy Terrain
|upkeep
|turn|5
|
|switch|p1a: Incineroar|Incineroar, M|93/100 par
|-ability|p1a: Incineroar|Intimidate|boost
|-unboost|p2a: Noivern|atk|1
|move|p2a: Noivern|Air Slash|p1a: Incineroar
|-damage|p1a: Incineroar|70/100 par
|
|-weather|SunnyDay|[upkeep]
|-heal|p1a: Incineroar|76/100 par|[from] Grassy Terrain
|-fieldend|move: Grassy Terrain
|upkeep
|turn|6
|
|move|p2a: Noivern|Air Slash|p1a: Incineroar
|-damage|p1a: Incineroar|56/100 par
|cant|p1a: Incineroar|flinch
|
|-weather|SunnyDay|[upkeep]
|upkeep
|turn|7
|
|move|p2a: Noivern|Air Slash|p1a: Incineroar
|-damage|p1a: Incineroar|36/100 par
|move|p1a: Incineroar|Knock Off|p2a: Noivern
|-damage|p2a: Noivern|55/100
|-enditem|p2a: Noivern|Choice Specs|[from] move: Knock Off|[of] p1a: Incineroar
|
|-weather|SunnyDay|[upkeep]
|upkeep
|turn|8
|
|move|p2a: Noivern|Air Slash|p1a: Incineroar
|-damage|p1a: Incineroar|22/100 par
|cant|p1a: Incineroar|flinch
|
|-weather|SunnyDay|[upkeep]
|upkeep
|turn|9
|
|move|p2a: Noivern|Draco Meteor|p1a: Incineroar
|-damage|p1a: Incineroar|0 fnt
|-unboost|p2a: Noivern|spa|2
|faint|p1a: Incineroar
|
|-weather|SunnyDay|[upkeep]
|upkeep
|
|switch|p1a: Heliolisk|Heliolisk, M|100/100
|turn|10
|
|move|p2a: Noivern|Draco Meteor|p1a: Heliolisk
|-damage|p1a: Heliolisk|64/100
|-unboost|p2a: Noivern|spa|2
|move|p1a: Heliolisk|Volt Switch|p2a: Noivern
|-damage|p2a: Noivern|0 fnt
|faint|p2a: Noivern
|
|switch|p1a: Rillaboom|Rillaboom, F|80/100|[from]move: Volt Switch
|-fieldstart|move: Grassy Terrain|[from] ability: Grassy Surge|[of] p1a: Rillaboom
|
|-weather|none
|-heal|p1a: Rillaboom|86/100|[from] Grassy Terrain
|upkeep
|
|switch|p2a: Weezing|Weezing-Galar, M|100/100
|turn|11
|
|switch|p1a: Torkoal|Torkoal, M|40/100
|-weather|SunnyDay|[from] ability: Drought|[of] p1a: Torkoal
|move|p2a: Weezing|Sludge Bomb|p1a: Torkoal
|-damage|p1a: Torkoal|0 fnt
|faint|p1a: Torkoal
|
|-weather|SunnyDay|[upkeep]
|upkeep
|
|switch|p1a: Heliolisk|Heliolisk, M|64/100
|turn|12
|
|switch|p2a: Gigalith|Gigalith, F|100/100
|-weather|Sandstorm|[from] ability: Sand Stream|[of] p2a: Gigalith
|move|p1a: Heliolisk|Thunderbolt|p2a: Gigalith
|-damage|p2a: Gigalith|69/100
|
|-weather|Sandstorm|[upkeep]
|-damage|p1a: Heliolisk|58/100|[from] Sandstorm
|-heal|p1a: Heliolisk|64/100|[from] Grassy Terrain
|-heal|p2a: Gigalith|75/100|[from] item: Leftovers
|-heal|p2a: Gigalith|82/100|[from] Grassy Terrain
|upkeep
|turn|13
|inactive|Whitebit09 has 120 seconds left.
|
|switch|p1a: Sirfetch’d|Sirfetch’d, F|100/100
|move|p2a: Gigalith|Rock Blast|p1a: Sirfetch’d
|-resisted|p1a: Sirfetch’d
|-damage|p1a: Sirfetch’d|93/100
|-resisted|p1a: Sirfetch’d
|-damage|p1a: Sirfetch’d|87/100
|-hitcount|p1a: Sirfetch’d|2
|
|-weather|Sandstorm|[upkeep]
|-damage|p1a: Sirfetch’d|81/100|[from] Sandstorm
|-heal|p1a: Sirfetch’d|87/100|[from] Grassy Terrain
|-heal|p2a: Gigalith|88/100|[from] item: Leftovers
|-heal|p2a: Gigalith|94/100|[from] Grassy Terrain
|upkeep
|turn|14
|
|switch|p2a: Weezing|Weezing-Galar, M|100/100
|move|p1a: Sirfetch’d|Brave Bird|p2a: Weezing
|-damage|p2a: Weezing|37/100
|-damage|p1a: Sirfetch’d|61/100|[from] Recoil
|
|-weather|Sandstorm|[upkeep]
|-damage|p1a: Sirfetch’d|55/100|[from] Sandstorm
|-damage|p2a: Weezing|30/100|[from] Sandstorm
|-heal|p1a: Sirfetch’d|61/100|[from] Grassy Terrain
|-heal|p2a: Weezing|37/100|[from] item: Black Sludge
|-fieldend|move: Grassy Terrain
|upkeep
|turn|15
|
|move|p1a: Sirfetch’d|Brave Bird|p2a: Weezing
|-damage|p2a: Weezing|0 fnt
|-damage|p1a: Sirfetch’d|46/100|[from] Recoil
|faint|p2a: Weezing
|
|-weather|Sandstorm|[upkeep]
|-damage|p1a: Sirfetch’d|40/100|[from] Sandstorm
|upkeep
|
|switch|p2a: Gigalith|Gigalith, F|94/100
|turn|16
|inactive|Mr Giggio has 120 seconds left.
|
|switch|p1a: Weezing|Weezing-Galar, M|100/100
|switch|p2a: Cobalion|Cobalion|100/100
|
|-weather|none
|upkeep
|turn|17
|
|move|p2a: Cobalion|Swords Dance|p2a: Cobalion
|-boost|p2a: Cobalion|atk|2
|move|p1a: Weezing|Stockpile|p1a: Weezing
|-start|p1a: Weezing|stockpile1
|-boost|p1a: Weezing|def|1
|-boost|p1a: Weezing|spd|1
|
|upkeep
|turn|18
|
|move|p2a: Cobalion|Iron Head|p1a: Weezing
|-supereffective|p1a: Weezing
|-damage|p1a: Weezing|39/100
|-enditem|p1a: Weezing|Sitrus Berry|[eat]
|-heal|p1a: Weezing|64/100|[from] item: Sitrus Berry
|move|p1a: Weezing|Strange Steam|p2a: Cobalion
|-damage|p2a: Cobalion|65/100
|
|-heal|p2a: Cobalion|71/100|[from] item: Leftovers
|upkeep
|turn|19
|
|move|p2a: Cobalion|Iron Head|p1a: Weezing
|-supereffective|p1a: Weezing
|-damage|p1a: Weezing|8/100
|cant|p1a: Weezing|flinch
|
|-heal|p2a: Cobalion|77/100|[from] item: Leftovers
|upkeep
|turn|20
|
|move|p2a: Cobalion|Iron Head|p1a: Weezing
|-supereffective|p1a: Weezing
|-damage|p1a: Weezing|0 fnt
|faint|p1a: Weezing
|
|-heal|p2a: Cobalion|83/100|[from] item: Leftovers
|upkeep
|
|switch|p1a: Rillaboom|Rillaboom, F|86/100
|-fieldstart|move: Grassy Terrain|[from] ability: Grassy Surge|[of] p1a: Rillaboom
|turn|21
|
|move|p2a: Cobalion|Volt Switch|p1a: Rillaboom
|-resisted|p1a: Rillaboom
|-damage|p1a: Rillaboom|78/100
|
|switch|p2a: Inteleon|Inteleon, M|100/100|[from]move: Volt Switch
|move|p1a: Rillaboom|Wood Hammer|p2a: Inteleon
|-supereffective|p2a: Inteleon
|-damage|p2a: Inteleon|0 fnt
|-damage|p1a: Rillaboom|55/100|[from] Recoil
|faint|p2a: Inteleon
|
|-heal|p1a: Rillaboom|62/100|[from] Grassy Terrain
|upkeep
|
|switch|p2a: Cobalion|Cobalion|83/100
|turn|22
|
|move|p2a: Cobalion|Iron Head|p1a: Rillaboom
|-damage|p1a: Rillaboom|33/100
|move|p1a: Rillaboom|High Horsepower|p2a: Cobalion
|-supereffective|p2a: Cobalion
|-damage|p2a: Cobalion|25/100
|
|-heal|p2a: Cobalion|31/100|[from] item: Leftovers
|-heal|p2a: Cobalion|38/100|[from] Grassy Terrain
|-heal|p1a: Rillaboom|39/100|[from] Grassy Terrain
|upkeep
|turn|23
|
|move|p2a: Cobalion|Close Combat|p1a: Rillaboom
|-damage|p1a: Rillaboom|0 fnt
|-unboost|p2a: Cobalion|def|1
|-unboost|p2a: Cobalion|spd|1
|faint|p1a: Rillaboom
|
|-heal|p2a: Cobalion|44/100|[from] item: Leftovers
|-heal|p2a: Cobalion|50/100|[from] Grassy Terrain
|upkeep
|
|switch|p1a: Sirfetch’d|Sirfetch’d, F|40/100
|turn|24
|
|move|p2a: Cobalion|Close Combat|p1a: Sirfetch’d
|-damage|p1a: Sirfetch’d|0 fnt
|-unboost|p2a: Cobalion|def|1
|-unboost|p2a: Cobalion|spd|1
|faint|p1a: Sirfetch’d
|
|-heal|p2a: Cobalion|56/100|[from] item: Leftovers
|-heal|p2a: Cobalion|62/100|[from] Grassy Terrain
|upkeep
|
|switch|p1a: Heliolisk|Heliolisk, M|64/100
|turn|25
|
|move|p1a: Heliolisk|Grass Knot|p2a: Cobalion
|-resisted|p2a: Cobalion
|-damage|p2a: Cobalion|0 fnt
|faint|p2a: Cobalion
|
|-heal|p1a: Heliolisk|70/100|[from] Grassy Terrain
|-fieldend|move: Grassy Terrain
|upkeep
|
|switch|p2a: Gigalith|Gigalith, F|94/100
|-weather|Sandstorm|[from] ability: Sand Stream|[of] p2a: Gigalith
|turn|26
|
|move|p1a: Heliolisk|Grass Knot|p2a: Gigalith
|-supereffective|p2a: Gigalith
|-damage|p2a: Gigalith|41/100
|move|p2a: Gigalith|Earthquake|p1a: Heliolisk
|-supereffective|p1a: Heliolisk
|-damage|p1a: Heliolisk|0 fnt
|faint|p1a: Heliolisk
|
|win|Whitebit09
