|raw|<div class="broadcast-blue"><strong>This battle is required to be public due to a player having a name starting with 'uult91w'.</div>
|j|☆UULT91w cry
|j|☆UULT91w udon
|t:|1651810510
|gametype|singles
|player|p1|UULT91w cry|#ndpl2crying|1532
|player|p2|UULT91w udon|dawn|1570
|teamsize|p1|6
|teamsize|p2|6
|gen|8
|tier|[Gen 8] UU
|rated|
|rule|Sleep Clause Mod: Limit one foe put to sleep
|rule|Species Clause: Limit one of each Pokémon
|rule|OHKO Clause: OHKO moves are banned
|rule|Evasion Moves Clause: Evasion moves are banned
|rule|Endless Battle Clause: Forcing endless battles is banned
|rule|HP Percentage Mod: HP is shown in percentages
|rule|Dynamax Clause: You cannot dynamax
|clearpoke
|poke|p1|Aegislash, M|
|poke|p1|Azumarill, F|
|poke|p1|Umbreon, M|
|poke|p1|Salamence, F|
|poke|p1|Tangrowth, M|
|poke|p1|Stunfisk, M|
|poke|p2|Rotom-Wash|
|poke|p2|Scizor, F|
|poke|p2|Hippowdon, F|
|poke|p2|Amoonguss, M|
|poke|p2|Mandibuzz, F|
|poke|p2|Celesteela|
|teampreview
|inactive|Battle timer is ON: inactive players will automatically lose when time's up. (requested by UULT91w cry)
|
|t:|1651810531
|start
|switch|p1a: Stunfisk|Stunfisk, M|100/100
|switch|p2a: Rotom|Rotom-Wash|100/100
|turn|1
|
|t:|1651810541
|move|p1a: Stunfisk|Protect|p1a: Stunfisk
|-singleturn|p1a: Stunfisk|Protect
|move|p2a: Rotom|Hydro Pump|p1a: Stunfisk
|-activate|p1a: Stunfisk|move: Protect
|
|upkeep
|turn|2
|
|t:|1651810547
|move|p2a: Rotom|Hydro Pump|p1a: Stunfisk
|-supereffective|p1a: Stunfisk
|-damage|p1a: Stunfisk|12/100
|move|p1a: Stunfisk|Toxic|p2a: Rotom
|-status|p2a: Rotom|tox
|
|-heal|p1a: Stunfisk|18/100|[from] item: Leftovers
|-damage|p2a: Rotom|95/100 tox|[from] psn
|upkeep
|turn|3
|j| BigFatMantis
|j| hariyana grande
|
|t:|1651810556
|switch|p2a: Scizor|Scizor, F|100/100
|move|p1a: Stunfisk|Protect||[still]
|-fail|p1a: Stunfisk
|
|-heal|p1a: Stunfisk|24/100|[from] item: Leftovers
|upkeep
|turn|4
|
|t:|1651810564
|move|p1a: Stunfisk|Protect|p1a: Stunfisk
|-singleturn|p1a: Stunfisk|Protect
|move|p2a: Scizor|U-turn|p1a: Stunfisk
|-activate|p1a: Stunfisk|move: Protect
|
|-heal|p1a: Stunfisk|30/100|[from] item: Leftovers
|upkeep
|turn|5
|
|t:|1651810568
|switch|p1a: Tangrowth|Tangrowth, M|100/100
|move|p2a: Scizor|U-turn|p1a: Tangrowth
|-supereffective|p1a: Tangrowth
|-damage|p1a: Tangrowth|30/100
|-damage|p2a: Scizor|84/100|[from] item: Rocky Helmet|[of] p1a: Tangrowth
|
|t:|1651810574
|switch|p2a: Celesteela|Celesteela|100/100|[from]move: U-turn
|
|upkeep
|turn|6
|
|t:|1651810580
|switch|p1a: Umbreon|Umbreon, M|100/100
|move|p2a: Celesteela|Substitute|p2a: Celesteela
|-start|p2a: Celesteela|Substitute
|-damage|p2a: Celesteela|76/100
|
|-heal|p2a: Celesteela|82/100|[from] item: Leftovers
|upkeep
|turn|7
|
|t:|1651810584
|move|p1a: Umbreon|Foul Play|p2a: Celesteela
|-end|p2a: Celesteela|Substitute
|move|p2a: Celesteela|Leech Seed|p1a: Umbreon
|-start|p1a: Umbreon|move: Leech Seed
|
|-heal|p2a: Celesteela|88/100|[from] item: Leftovers
|-damage|p1a: Umbreon|88/100|[from] Leech Seed|[of] p2a: Celesteela
|-heal|p2a: Celesteela|99/100|[silent]
|upkeep
|turn|8
|
|t:|1651810593
|switch|p1a: Stunfisk|Stunfisk, M|30/100
|move|p2a: Celesteela|Substitute|p2a: Celesteela
|-start|p2a: Celesteela|Substitute
|-damage|p2a: Celesteela|75/100
|
|-heal|p2a: Celesteela|81/100|[from] item: Leftovers
|-heal|p1a: Stunfisk|37/100|[from] item: Leftovers
|upkeep
|turn|9
|
|t:|1651810598
|move|p1a: Stunfisk|Protect|p1a: Stunfisk
|-singleturn|p1a: Stunfisk|Protect
|move|p2a: Celesteela|Flamethrower|p1a: Stunfisk
|-activate|p1a: Stunfisk|move: Protect
|
|-heal|p2a: Celesteela|87/100|[from] item: Leftovers
|-heal|p1a: Stunfisk|43/100|[from] item: Leftovers
|upkeep
|turn|10
|
|t:|1651810604
|move|p2a: Celesteela|Flamethrower|p1a: Stunfisk
|-damage|p1a: Stunfisk|29/100
|move|p1a: Stunfisk|Discharge|p2a: Celesteela
|-supereffective|p2a: Celesteela
|-end|p2a: Celesteela|Substitute
|
|-heal|p2a: Celesteela|93/100|[from] item: Leftovers
|-heal|p1a: Stunfisk|35/100|[from] item: Leftovers
|upkeep
|turn|11
|j| Ivehadenoughshit
|
|t:|1651810614
|move|p2a: Celesteela|Leech Seed|p1a: Stunfisk
|-start|p1a: Stunfisk|move: Leech Seed
|move|p1a: Stunfisk|Stealth Rock|p2a: Celesteela
|-sidestart|p2: UULT91w udon|move: Stealth Rock
|
|-heal|p2a: Celesteela|99/100|[from] item: Leftovers
|-heal|p1a: Stunfisk|41/100|[from] item: Leftovers
|-damage|p1a: Stunfisk|29/100|[from] Leech Seed|[of] p2a: Celesteela
|-heal|p2a: Celesteela|100/100|[silent]
|upkeep
|turn|12
|
|t:|1651810618
|switch|p1a: Umbreon|Umbreon, M|88/100
|move|p2a: Celesteela|Substitute|p2a: Celesteela
|-start|p2a: Celesteela|Substitute
|-damage|p2a: Celesteela|76/100
|
|-heal|p1a: Umbreon|94/100|[from] item: Leftovers
|-heal|p2a: Celesteela|82/100|[from] item: Leftovers
|upkeep
|turn|13
|
|t:|1651810622
|move|p1a: Umbreon|Wish|p1a: Umbreon
|move|p2a: Celesteela|Flamethrower|p1a: Umbreon
|-damage|p1a: Umbreon|80/100
|
|-heal|p1a: Umbreon|86/100|[from] item: Leftovers
|-heal|p2a: Celesteela|88/100|[from] item: Leftovers
|upkeep
|turn|14
|
|t:|1651810629
|switch|p1a: Stunfisk|Stunfisk, M|29/100
|move|p2a: Celesteela|Leech Seed|p1a: Stunfisk
|-start|p1a: Stunfisk|move: Leech Seed
|
|-heal|p1a: Stunfisk|75/100|[from] move: Wish|[wisher] Umbreon
|-heal|p2a: Celesteela|94/100|[from] item: Leftovers
|-heal|p1a: Stunfisk|81/100|[from] item: Leftovers
|-damage|p1a: Stunfisk|69/100|[from] Leech Seed|[of] p2a: Celesteela
|-heal|p2a: Celesteela|100/100|[silent]
|upkeep
|turn|15
|
|t:|1651810641
|switch|p1a: Umbreon|Umbreon, M|86/100
|move|p2a: Celesteela|Flamethrower|p1a: Umbreon
|-damage|p1a: Umbreon|70/100
|
|-heal|p1a: Umbreon|76/100|[from] item: Leftovers
|upkeep
|turn|16
|
|t:|1651810652
|move|p1a: Umbreon|Wish|p1a: Umbreon
|move|p2a: Celesteela|Leech Seed|p1a: Umbreon
|-start|p1a: Umbreon|move: Leech Seed
|
|-heal|p1a: Umbreon|82/100|[from] item: Leftovers
|-damage|p1a: Umbreon|70/100|[from] Leech Seed|[of] p2a: Celesteela
|upkeep
|turn|17
|
|t:|1651810657
|switch|p1a: Stunfisk|Stunfisk, M|69/100
|switch|p2a: Hippowdon|Hippowdon, F|100/100
|-damage|p2a: Hippowdon|94/100|[from] Stealth Rock
|-weather|Sandstorm|[from] ability: Sand Stream|[of] p2a: Hippowdon
|
|-weather|Sandstorm|[upkeep]
|-heal|p1a: Stunfisk|100/100|[from] move: Wish|[wisher] Umbreon
|-heal|p2a: Hippowdon|100/100|[from] item: Leftovers
|upkeep
|turn|18
|
|t:|1651810662
|move|p2a: Hippowdon|Earthquake|p1a: Stunfisk
|-supereffective|p1a: Stunfisk
|-damage|p1a: Stunfisk|35/100
|move|p1a: Stunfisk|Toxic|p2a: Hippowdon
|-status|p2a: Hippowdon|tox
|
|-weather|Sandstorm|[upkeep]
|-heal|p1a: Stunfisk|41/100|[from] item: Leftovers
|-damage|p2a: Hippowdon|94/100 tox|[from] psn
|upkeep
|turn|19
|
|t:|1651810675
|switch|p1a: Umbreon|Umbreon, M|70/100
|move|p2a: Hippowdon|Stealth Rock|p1a: Umbreon
|-sidestart|p1: UULT91w cry|move: Stealth Rock
|
|-weather|Sandstorm|[upkeep]
|-damage|p1a: Umbreon|64/100|[from] Sandstorm
|-heal|p1a: Umbreon|70/100|[from] item: Leftovers
|-heal|p2a: Hippowdon|100/100 tox|[from] item: Leftovers
|-damage|p2a: Hippowdon|88/100 tox|[from] psn
|upkeep
|turn|20
|
|t:|1651810680
|switch|p2a: Scizor|Scizor, F|84/100
|-damage|p2a: Scizor|72/100|[from] Stealth Rock
|move|p1a: Umbreon|Wish|p1a: Umbreon
|
|-weather|Sandstorm|[upkeep]
|-damage|p1a: Umbreon|64/100|[from] Sandstorm
|-heal|p1a: Umbreon|70/100|[from] item: Leftovers
|upkeep
|turn|21
|
|t:|1651810685
|move|p1a: Umbreon|Protect|p1a: Umbreon
|-singleturn|p1a: Umbreon|Protect
|move|p2a: Scizor|U-turn|p1a: Umbreon
|-activate|p1a: Umbreon|move: Protect
|
|-weather|none
|-heal|p1a: Umbreon|100/100|[from] move: Wish|[wisher] Umbreon
|upkeep
|turn|22
|
|t:|1651810688
|switch|p1a: Salamence|Salamence, F|100/100
|-ability|p1a: Salamence|Intimidate|boost
|-unboost|p2a: Scizor|atk|1
|move|p2a: Scizor|U-turn|p1a: Salamence
|-resisted|p1a: Salamence
|-damage|p1a: Salamence|85/100
|
|t:|1651810708
|switch|p2a: Rotom|Rotom-Wash|95/100 tox|[from]move: U-turn
|-damage|p2a: Rotom|82/100 tox|[from] Stealth Rock
|
|-damage|p2a: Rotom|77/100 tox|[from] psn
|upkeep
|turn|23
|inactive|UULT91w udon has 120 seconds left.
|
|t:|1651810736
|switch|p1a: Tangrowth|Tangrowth, M|63/100
|-damage|p1a: Tangrowth|51/100|[from] Stealth Rock
|switch|p2a: Celesteela|Celesteela|100/100
|-damage|p2a: Celesteela|88/100|[from] Stealth Rock
|
|-heal|p2a: Celesteela|94/100|[from] item: Leftovers
|upkeep
|turn|24
|inactive|UULT91w udon has 120 seconds left.
|
|t:|1651810748
|switch|p1a: Umbreon|Umbreon, M|100/100
|-damage|p1a: Umbreon|88/100|[from] Stealth Rock
|move|p2a: Celesteela|Flamethrower|p1a: Umbreon
|-damage|p1a: Umbreon|74/100
|
|-heal|p1a: Umbreon|80/100|[from] item: Leftovers
|-heal|p2a: Celesteela|99/100|[from] item: Leftovers
|upkeep
|turn|25
|
|t:|1651810752
|switch|p2a: Scizor|Scizor, F|72/100
|-damage|p2a: Scizor|60/100|[from] Stealth Rock
|move|p1a: Umbreon|Wish|p1a: Umbreon
|
|-heal|p1a: Umbreon|86/100|[from] item: Leftovers
|upkeep
|turn|26
|
|t:|1651810760
|move|p1a: Umbreon|Protect|p1a: Umbreon
|-singleturn|p1a: Umbreon|Protect
|move|p2a: Scizor|U-turn|p1a: Umbreon
|-activate|p1a: Umbreon|move: Protect
|
|-heal|p1a: Umbreon|100/100|[from] move: Wish|[wisher] Umbreon
|upkeep
|turn|27
|
|t:|1651810764
|switch|p1a: Salamence|Salamence, F|85/100
|-ability|p1a: Salamence|Intimidate|boost
|-unboost|p2a: Scizor|atk|1
|move|p2a: Scizor|U-turn|p1a: Salamence
|-resisted|p1a: Salamence
|-damage|p1a: Salamence|70/100
|
|t:|1651810777
|switch|p2a: Rotom|Rotom-Wash|77/100 tox|[from]move: U-turn
|-damage|p2a: Rotom|64/100 tox|[from] Stealth Rock
|
|-damage|p2a: Rotom|59/100 tox|[from] psn
|upkeep
|turn|28
|
|t:|1651810787
|switch|p1a: Tangrowth|Tangrowth, M|84/100
|-damage|p1a: Tangrowth|72/100|[from] Stealth Rock
|move|p2a: Rotom|Thunder|p1a: Tangrowth
|-resisted|p1a: Tangrowth
|-damage|p1a: Tangrowth|18/100
|
|-damage|p2a: Rotom|47/100 tox|[from] psn
|upkeep
|turn|29
|
|t:|1651810796
|switch|p2a: Scizor|Scizor, F|60/100
|-damage|p2a: Scizor|47/100|[from] Stealth Rock
|switch|p1a: Stunfisk|Stunfisk, M|41/100
|-damage|p1a: Stunfisk|35/100|[from] Stealth Rock
|
|-heal|p1a: Stunfisk|41/100|[from] item: Leftovers
|upkeep
|turn|30
|
|t:|1651810805
|move|p1a: Stunfisk|Protect|p1a: Stunfisk
|-singleturn|p1a: Stunfisk|Protect
|move|p2a: Scizor|Knock Off|p1a: Stunfisk
|-activate|p1a: Stunfisk|move: Protect
|
|-heal|p1a: Stunfisk|47/100|[from] item: Leftovers
|upkeep
|turn|31
|
|t:|1651810814
|switch|p1a: Azumarill|Azumarill, F|100/100
|-damage|p1a: Azumarill|88/100|[from] Stealth Rock
|move|p2a: Scizor|Knock Off|p1a: Azumarill
|-resisted|p1a: Azumarill
|-damage|p1a: Azumarill|55/100
|-enditem|p1a: Azumarill|Assault Vest|[from] move: Knock Off|[of] p2a: Scizor
|
|upkeep
|turn|32
|
|t:|1651810819
|switch|p2a: Amoonguss|Amoonguss, M|100/100
|-damage|p2a: Amoonguss|88/100|[from] Stealth Rock
|move|p1a: Azumarill|Ice Punch|p2a: Amoonguss
|-supereffective|p2a: Amoonguss
|-damage|p2a: Amoonguss|45/100
|-damage|p1a: Azumarill|39/100|[from] item: Rocky Helmet|[of] p2a: Amoonguss
|
|upkeep
|turn|33
|
|t:|1651810825
|move|p1a: Azumarill|Ice Punch|p2a: Amoonguss
|-supereffective|p2a: Amoonguss
|-damage|p2a: Amoonguss|0 fnt
|-damage|p1a: Azumarill|22/100|[from] item: Rocky Helmet|[of] p2a: Amoonguss
|faint|p2a: Amoonguss
|
|upkeep
|
|t:|1651810829
|switch|p2a: Mandibuzz|Mandibuzz, F|100/100
|turn|34
|
|t:|1651810839
|switch|p1a: Tangrowth|Tangrowth, M|51/100
|-damage|p1a: Tangrowth|39/100|[from] Stealth Rock
|move|p2a: Mandibuzz|Defog|p1a: Tangrowth
|-unboost|p1a: Tangrowth|evasion|1
|-sideend|p1: UULT91w cry|Stealth Rock|[from] move: Defog|[of] p2a: Mandibuzz
|-sideend|p2: UULT91w udon|Stealth Rock|[from] move: Defog|[of] p2a: Mandibuzz
|
|upkeep
|turn|35
|
|t:|1651810845
|move|p2a: Mandibuzz|U-turn|p1a: Tangrowth
|-supereffective|p1a: Tangrowth
|-damage|p1a: Tangrowth|26/100
|-damage|p2a: Mandibuzz|84/100|[from] item: Rocky Helmet|[of] p1a: Tangrowth
|
|t:|1651810850
|switch|p2a: Celesteela|Celesteela|99/100|[from]move: U-turn
|move|p1a: Tangrowth|Synthesis|p1a: Tangrowth
|-heal|p1a: Tangrowth|76/100
|
|-heal|p2a: Celesteela|100/100|[from] item: Leftovers
|upkeep
|turn|36
|
|t:|1651810873
|switch|p1a: Umbreon|Umbreon, M|100/100
|move|p2a: Celesteela|Leech Seed|p1a: Umbreon
|-start|p1a: Umbreon|move: Leech Seed
|
|-damage|p1a: Umbreon|88/100|[from] Leech Seed|[of] p2a: Celesteela
|upkeep
|turn|37
|
|t:|1651810879
|switch|p1a: Stunfisk|Stunfisk, M|47/100
|move|p2a: Celesteela|Heavy Slam|p1a: Stunfisk
|-resisted|p1a: Stunfisk
|-damage|p1a: Stunfisk|27/100
|
|-heal|p1a: Stunfisk|33/100|[from] item: Leftovers
|upkeep
|turn|38
|
|t:|1651810891
|move|p1a: Stunfisk|Protect|p1a: Stunfisk
|-singleturn|p1a: Stunfisk|Protect
|move|p2a: Celesteela|Flamethrower|p1a: Stunfisk
|-activate|p1a: Stunfisk|move: Protect
|
|-heal|p1a: Stunfisk|39/100|[from] item: Leftovers
|upkeep
|turn|39
|
|t:|1651810902
|move|p2a: Celesteela|Leech Seed|p1a: Stunfisk
|-start|p1a: Stunfisk|move: Leech Seed
|move|p1a: Stunfisk|Stealth Rock|p2a: Celesteela
|-sidestart|p2: UULT91w udon|move: Stealth Rock
|
|-heal|p1a: Stunfisk|46/100|[from] item: Leftovers
|-damage|p1a: Stunfisk|33/100|[from] Leech Seed|[of] p2a: Celesteela
|upkeep
|turn|40
|j| Momentary Life
|
|t:|1651810905
|switch|p1a: Umbreon|Umbreon, M|88/100
|move|p2a: Celesteela|Flamethrower|p1a: Umbreon
|-damage|p1a: Umbreon|71/100
|
|-heal|p1a: Umbreon|78/100|[from] item: Leftovers
|upkeep
|turn|41
|
|t:|1651810910
|switch|p2a: Scizor|Scizor, F|47/100
|-damage|p2a: Scizor|35/100|[from] Stealth Rock
|move|p1a: Umbreon|Wish|p1a: Umbreon
|
|-heal|p1a: Umbreon|84/100|[from] item: Leftovers
|upkeep
|turn|42
|
|t:|1651810919
|switch|p1a: Tangrowth|Tangrowth, M|100/100
|move|p2a: Scizor|U-turn|p1a: Tangrowth
|-supereffective|p1a: Tangrowth
|-damage|p1a: Tangrowth|29/100
|-damage|p2a: Scizor|19/100|[from] item: Rocky Helmet|[of] p1a: Tangrowth
|
|t:|1651810925
|switch|p2a: Celesteela|Celesteela|100/100|[from]move: U-turn
|-damage|p2a: Celesteela|88/100|[from] Stealth Rock
|
|-heal|p1a: Tangrowth|77/100|[from] move: Wish|[wisher] Umbreon
|-heal|p2a: Celesteela|94/100|[from] item: Leftovers
|upkeep
|turn|43
|
|t:|1651810934
|switch|p1a: Umbreon|Umbreon, M|84/100
|move|p2a: Celesteela|Substitute|p2a: Celesteela
|-start|p2a: Celesteela|Substitute
|-damage|p2a: Celesteela|69/100
|
|-heal|p1a: Umbreon|90/100|[from] item: Leftovers
|-heal|p2a: Celesteela|75/100|[from] item: Leftovers
|upkeep
|turn|44
|-message|UULT91w udon forfeited.
|
|win|UULT91w cry
|raw|UULT91w cry's rating: 1532 &rarr; <strong>1554</strong><br />(+22 for winning)
|raw|UULT91w udon's rating: 1570 &rarr; <strong>1548</strong><br />(-22 for losing)
|l|☆UULT91w udon
