|j|☆Oh rui guang 22
|j|☆Eltoras
|t:|1648649256
|gametype|singles
|player|p1|Oh rui guang 22|266|1453
|player|p2|Eltoras|blue|1523
|teamsize|p1|6
|teamsize|p2|6
|gen|8
|tier|[Gen 8] UU
|rated|
|rule|Sleep Clause Mod: Limit one foe put to sleep
|rule|Species Clause: Limit one of each Pokémon
|rule|OHKO Clause: OHKO moves are banned
|rule|Evasion Moves Clause: Evasion moves are banned
|rule|Endless Battle Clause: Forcing endless battles is banned
|rule|HP Percentage Mod: HP is shown in percentages
|rule|Dynamax Clause: You cannot dynamax
|clearpoke
|poke|p1|Durant, M|
|poke|p1|Swampert, M|
|poke|p1|Hydreigon, M|
|poke|p1|Volcanion|
|poke|p1|Nihilego|
|poke|p1|Togekiss, F|
|poke|p2|Azumarill, F|
|poke|p2|Salamence, F|
|poke|p2|Azelf|
|poke|p2|Polteageist|
|poke|p2|Nihilego|
|poke|p2|Cloyster, M|
|teampreview
|
|t:|1648649269
|start
|switch|p1a: Togekiss|Togekiss, F|100/100
|switch|p2a: Azelf|Azelf|100/100
|turn|1
|
|t:|1648649275
|move|p1a: Togekiss|Air Slash|p2a: Azelf
|-damage|p2a: Azelf|43/100
|cant|p2a: Azelf|flinch
|
|upkeep
|turn|2
|
|t:|1648649281
|switch|p2a: Nihilego|Nihilego|100/100
|move|p1a: Togekiss|Air Slash|p2a: Nihilego|[miss]
|-miss|p1a: Togekiss|p2a: Nihilego
|
|upkeep
|turn|3
|
|t:|1648649297
|switch|p1a: Swampert|Swampert, M|100/100
|move|p2a: Nihilego|Meteor Beam||[still]
|-prepare|p2a: Nihilego|Meteor Beam
|-boost|p2a: Nihilego|spa|1
|-enditem|p2a: Nihilego|Power Herb
|-anim|p2a: Nihilego|Meteor Beam|p1a: Swampert
|-resisted|p1a: Swampert
|-damage|p1a: Swampert|70/100
|
|-heal|p1a: Swampert|76/100|[from] item: Leftovers
|upkeep
|turn|4
|
|t:|1648649307
|move|p2a: Nihilego|Grass Knot|p1a: Swampert
|-supereffective|p1a: Swampert
|-damage|p1a: Swampert|0 fnt
|faint|p1a: Swampert
|-ability|p2a: Nihilego|Beast Boost|boost
|-boost|p2a: Nihilego|spe|1
|
|upkeep
|
|t:|1648649311
|switch|p1a: Volcanion|Volcanion|100/100
|turn|5
|
|t:|1648649316
|move|p2a: Nihilego|Sludge Wave|p1a: Volcanion
|-damage|p1a: Volcanion|57/100
|move|p1a: Volcanion|Earth Power|p2a: Nihilego
|-supereffective|p2a: Nihilego
|-damage|p2a: Nihilego|0 fnt
|faint|p2a: Nihilego
|
|upkeep
|
|t:|1648649323
|switch|p2a: Azelf|Azelf|43/100
|turn|6
|
|t:|1648649329
|switch|p1a: Togekiss|Togekiss, F|100/100
|move|p2a: Azelf|Stealth Rock|p1a: Togekiss
|-sidestart|p1: Oh rui guang 22|move: Stealth Rock
|
|upkeep
|turn|7
|
|t:|1648649340
|move|p1a: Togekiss|Air Slash|p2a: Azelf
|-damage|p2a: Azelf|0 fnt
|faint|p2a: Azelf
|
|upkeep
|inactive|Battle timer is ON: inactive players will automatically lose when time's up. (requested by Oh rui guang 22)
|
|t:|1648649357
|switch|p2a: Polteageist|Polteageist|100/100
|turn|8
|
|t:|1648649361
|move|p1a: Togekiss|Air Slash|p2a: Polteageist
|-damage|p2a: Polteageist|56/100
|cant|p2a: Polteageist|flinch
|
|upkeep
|turn|9
|
|t:|1648649366
|move|p1a: Togekiss|Air Slash|p2a: Polteageist
|-damage|p2a: Polteageist|14/100
|cant|p2a: Polteageist|flinch
|
|upkeep
|turn|10
|
|t:|1648649373
|move|p1a: Togekiss|Air Slash|p2a: Polteageist
|-damage|p2a: Polteageist|0 fnt
|faint|p2a: Polteageist
|
|upkeep
|
|t:|1648649377
|switch|p2a: Cloyster|Cloyster, M|100/100
|turn|11
|
|t:|1648649381
|move|p1a: Togekiss|Air Slash|p2a: Cloyster
|-damage|p2a: Cloyster|0 fnt
|faint|p2a: Cloyster
|
|upkeep
|
|t:|1648649389
|switch|p2a: Azumarill|Azumarill, F|100/100
|turn|12
|
|t:|1648649392
|move|p2a: Azumarill|Aqua Jet|p1a: Togekiss
|-damage|p1a: Togekiss|71/100
|move|p1a: Togekiss|Air Slash|p2a: Azumarill
|-damage|p2a: Azumarill|54/100
|
|upkeep
|turn|13
|
|t:|1648649398
|move|p2a: Azumarill|Aqua Jet|p1a: Togekiss
|-damage|p1a: Togekiss|42/100
|move|p1a: Togekiss|Air Slash|p2a: Azumarill
|-damage|p2a: Azumarill|6/100
|-enditem|p2a: Azumarill|Sitrus Berry|[eat]
|-heal|p2a: Azumarill|31/100|[from] item: Sitrus Berry
|
|upkeep
|turn|14
|
|t:|1648649405
|move|p2a: Azumarill|Aqua Jet|p1a: Togekiss
|-damage|p1a: Togekiss|12/100
|move|p1a: Togekiss|Air Slash|p2a: Azumarill
|-damage|p2a: Azumarill|0 fnt
|faint|p2a: Azumarill
|
|upkeep
|
|t:|1648649411
|switch|p2a: Salamence|Salamence, F|100/100
|turn|15
|
|t:|1648649414
|move|p1a: Togekiss|Air Slash|p2a: Salamence
|-damage|p2a: Salamence|58/100
|cant|p2a: Salamence|flinch
|
|upkeep
|turn|16
|c|☆Eltoras|loool
|
|t:|1648649422
|move|p1a: Togekiss|Air Slash|p2a: Salamence
|-damage|p2a: Salamence|10/100
|cant|p2a: Salamence|flinch
|
|upkeep
|turn|17
|c|☆Oh rui guang 22|Sorry
|-message|Eltoras forfeited.
|
|win|Oh rui guang 22
|raw|Oh rui guang 22's rating: 1453 &rarr; <strong>1477</strong><br />(+24 for winning)
|raw|Eltoras's rating: 1523 &rarr; <strong>1499</strong><br />(-24 for losing)
|l|☆Eltoras
|c|☆Oh rui guang 22|your only counter to this was nihilego
