|j|☆Jeza.p
|j|☆Moutemoute
|t:|1633901439
|gametype|singles
|player|p1|Jeza.p|lusamine|
|player|p2|Moutemoute|#moutemoute|
|teamsize|p1|6
|teamsize|p2|6
|gen|8
|tier|[Gen 8] UU
|rule|Sleep Clause Mod: Limit one foe put to sleep
|rule|Species Clause: Limit one of each Pokémon
|rule|OHKO Clause: OHKO moves are banned
|rule|Evasion Moves Clause: Evasion moves are banned
|rule|Endless Battle Clause: Forcing endless battles is banned
|rule|HP Percentage Mod: HP is shown in percentages
|rule|Dynamax Clause: You cannot dynamax
|clearpoke
|poke|p1|Toxtricity, M|
|poke|p1|Mandibuzz, F|
|poke|p1|Slowking, F|
|poke|p1|Mienshao, M|
|poke|p1|Excadrill, M|
|poke|p1|Tangrowth, F|
|poke|p2|Zygarde-10%|
|poke|p2|Hatterene, F|
|poke|p2|Tentacruel, M|
|poke|p2|Skarmory, F|
|poke|p2|Zarude-Dada|
|poke|p2|Excadrill, F|
|teampreview
|c|☆Jeza.p|je link et go !
|c|☆Moutemoute|/log Moutemoute made this room public.
|j| Phalonix
|j| Bekaori
|j| BlessyZ
|j| Zenadark
|j| Tacomino
|c|☆Moutemoute|hf
|c|☆Jeza.p|a toi aussi !
|j| Prodigezz
|j| Dragonillis
|j| DonSlvatore@!
|j| Remi25
|j| Hervalt
|j| Dapliks
|j| Amasakanji
|j| Tezile
|j| jeune republicain
|j| MS0D
|l| MS0D
|j| MS0D
|j| Micciu20250
|l| MS0D
|j| Ce soir ca gagne
|j| ralouf officiel
|
|t:|1633901561
|start
|switch|p1a: Shao Khan|Mienshao, M|100/100
|switch|p2a: Skarmory|Skarmory, F|100/100
|turn|1
|j| chicongounia
|inactive|Battle timer is ON: inactive players will automatically lose when time's up. (requested by Jeza.p)
|j| congelateur-sama
|j| Cousiin.
|j| AzZoCcX
|j| Giga㋛Chandelure
|j| Lyliath
|n| black thunderbolt|jeunerepublicain
|j| Royal1604
|
|t:|1633901583
|move|p1a: Shao Khan|U-turn|p2a: Skarmory
|-resisted|p2a: Skarmory
|-damage|p2a: Skarmory|97/100
|-damage|p1a: Shao Khan|84/100|[from] item: Rocky Helmet|[of] p2a: Skarmory
|j| Oipon
|l| AzZoCcX
|j| Touad
|j| MS0D
|j| 5truc5
|j| Riiion
|inactive|Jeza.p has 270 seconds left.
|j| pas_touchao
|
|t:|1633901614
|switch|p1a: Hugo Lloris|Toxtricity, M|100/100|[from]move: U-turn
|move|p2a: Skarmory|Stealth Rock|p1a: Hugo Lloris
|-sidestart|p1: Jeza.p|move: Stealth Rock
|
|upkeep
|turn|2
|l| Ce soir ca gagne
|j| P.Otaku
|j| NHelioX7
|j| BIHI
|inactive|Jeza.p has 270 seconds left.
|j| ChaFouu
|j| AzZoCcX
|j|%Pujo
|c| NHelioX7|hype
|
|t:|1633901651
|switch|p2a: Excadrill|Excadrill, F|100/100
|-ability|p2a: Excadrill|Mold Breaker
|move|p1a: Hugo Lloris|Boomburst|p2a: Excadrill
|-resisted|p2a: Excadrill
|-damage|p2a: Excadrill|34/100
|
|-heal|p2a: Excadrill|40/100|[from] item: Leftovers
|upkeep
|turn|3
|inactive|Jeza.p has 240 seconds left.
|l| AzZoCcX
|j| Hyss
|inactive|Jeza.p has 210 seconds left.
|
|t:|1633901699
|switch|p1a: La soeur de misabi|Tangrowth, F|100/100
|-damage|p1a: La soeur de misabi|88/100|[from] Stealth Rock
|move|p2a: Excadrill|Iron Head|p1a: La soeur de misabi
|-damage|p1a: La soeur de misabi|67/100
|-damage|p2a: Excadrill|24/100|[from] item: Rocky Helmet|[of] p1a: La soeur de misabi
|
|-heal|p2a: Excadrill|30/100|[from] item: Leftovers
|upkeep
|turn|4
|inactive|Jeza.p has 210 seconds left.
|
|t:|1633901711
|switch|p2a: Tentacruel|Tentacruel, M|100/100
|move|p1a: La soeur de misabi|Knock Off|p2a: Tentacruel
|-damage|p2a: Tentacruel|78/100
|-enditem|p2a: Tentacruel|Black Sludge|[from] move: Knock Off|[of] p1a: La soeur de misabi
|
|upkeep
|turn|5
|j| le vrai phoenix
|j|+Wally
|l| le vrai phoenix
|inactive|Jeza.p has 210 seconds left.
|
|t:|1633901723
|switch|p1a: 28%|Slowking, F|100/100
|move|p2a: Tentacruel|Knock Off|p1a: 28%
|-supereffective|p1a: 28%
|-damage|p1a: 28%|73/100
|-enditem|p1a: 28%|Heavy-Duty Boots|[from] move: Knock Off|[of] p2a: Tentacruel
|
|upkeep
|turn|6
|inactive|Jeza.p has 210 seconds left.
|
|t:|1633901744
|move|p2a: Tentacruel|Sludge Bomb|p1a: 28%
|-crit|p1a: 28%
|-damage|p1a: 28%|50/100
|move|p1a: 28%|Teleport|p1a: 28%
|inactive|Jeza.p has 180 seconds left.
|l| Hyss
|l| Riiion
|
|t:|1633901790
|switch|p1a: Hugo Lloris|Toxtricity, M|100/100|[from]move: Teleport
|-damage|p1a: Hugo Lloris|88/100|[from] Stealth Rock
|
|upkeep
|turn|7
|
|t:|1633901809
|move|p2a: Tentacruel|Scald|p1a: Hugo Lloris
|-damage|p1a: Hugo Lloris|54/100
|-status|p1a: Hugo Lloris|brn
|move|p1a: Hugo Lloris|Boomburst|p2a: Tentacruel
|-damage|p2a: Tentacruel|3/100
|
|-damage|p1a: Hugo Lloris|48/100 brn|[from] brn
|upkeep
|turn|8
|
|t:|1633901826
|switch|p1a: 28%|Slowking, F|83/100
|-damage|p1a: 28%|71/100|[from] Stealth Rock
|move|p2a: Tentacruel|Scald|p1a: 28%
|-resisted|p1a: 28%
|-damage|p1a: 28%|64/100
|
|upkeep
|turn|9
|
|t:|1633901842
|switch|p2a: Zarude|Zarude-Dada|100/100
|move|p1a: 28%|Teleport|p1a: 28%
|j| Riiion
|j| Fouge
|
|t:|1633901846
|switch|p1a: Shao Khan|Mienshao, M|100/100|[from]move: Teleport
|-damage|p1a: Shao Khan|95/100|[from] Stealth Rock
|
|upkeep
|turn|10
|j| Os4ke@!
|
|t:|1633901854
|switch|p2a: Skarmory|Skarmory, F|97/100
|move|p1a: Shao Khan|U-turn|p2a: Skarmory
|-resisted|p2a: Skarmory
|-damage|p2a: Skarmory|94/100
|-damage|p1a: Shao Khan|78/100|[from] item: Rocky Helmet|[of] p2a: Skarmory
|l| Riiion
|
|t:|1633901879
|switch|p1a: 28%|Slowking, F|97/100|[from]move: U-turn
|-damage|p1a: 28%|85/100|[from] Stealth Rock
|
|upkeep
|turn|11
|l| Fouge
|
|t:|1633901889
|switch|p2a: Hatterene|Hatterene, F|100/100
|move|p1a: 28%|Scald|p2a: Hatterene
|-damage|p2a: Hatterene|71/100
|
|-heal|p2a: Hatterene|77/100|[from] item: Leftovers
|upkeep
|turn|12
|
|t:|1633901909
|move|p2a: Hatterene|Calm Mind|p2a: Hatterene
|-boost|p2a: Hatterene|spa|1
|-boost|p2a: Hatterene|spd|1
|move|p1a: 28%|Teleport|p1a: 28%
|inactive|Jeza.p has 150 seconds left.
|j| Riiion
|
|t:|1633901933
|switch|p1a: unilateral|Excadrill, M|100/100|[from]move: Teleport
|-damage|p1a: unilateral|97/100|[from] Stealth Rock
|-ability|p1a: unilateral|Mold Breaker
|
|-heal|p1a: unilateral|100/100|[from] item: Leftovers
|-heal|p2a: Hatterene|83/100|[from] item: Leftovers
|upkeep
|turn|13
|
|t:|1633901943
|switch|p2a: Skarmory|Skarmory, F|94/100
|move|p1a: unilateral|Iron Head|p2a: Skarmory
|-resisted|p2a: Skarmory
|-damage|p2a: Skarmory|83/100
|-damage|p1a: unilateral|84/100|[from] item: Rocky Helmet|[of] p2a: Skarmory
|
|-heal|p1a: unilateral|90/100|[from] item: Leftovers
|upkeep
|turn|14
|l| Os4ke
|
|t:|1633901955
|switch|p1a: 28%|Slowking, F|100/100
|-damage|p1a: 28%|88/100|[from] Stealth Rock
|switch|p2a: Zarude|Zarude-Dada|100/100
|
|upkeep
|turn|15
|
|t:|1633901966
|switch|p1a: La soeur de misabi|Tangrowth, F|99/100
|-damage|p1a: La soeur de misabi|87/100|[from] Stealth Rock
|move|p2a: Zarude|Darkest Lariat|p1a: La soeur de misabi
|-damage|p1a: La soeur de misabi|67/100
|-damage|p2a: Zarude|84/100|[from] item: Rocky Helmet|[of] p1a: La soeur de misabi
|
|upkeep
|turn|16
|
|t:|1633901980
|move|p2a: Zarude|U-turn|p1a: La soeur de misabi
|-supereffective|p1a: La soeur de misabi
|-damage|p1a: La soeur de misabi|43/100
|-damage|p2a: Zarude|67/100|[from] item: Rocky Helmet|[of] p1a: La soeur de misabi
|l| Riiion
|j| Mizusawa
|
|t:|1633901985
|switch|p2a: Skarmory|Skarmory, F|83/100|[from]move: U-turn
|move|p1a: La soeur de misabi|Knock Off|p2a: Skarmory
|-damage|p2a: Skarmory|70/100
|-damage|p1a: La soeur de misabi|27/100|[from] item: Rocky Helmet|[of] p2a: Skarmory
|-enditem|p2a: Skarmory|Rocky Helmet|[from] move: Knock Off|[of] p1a: La soeur de misabi
|
|upkeep
|turn|17
|inactive|Jeza.p has 150 seconds left.
|
|t:|1633901994
|switch|p2a: Zarude|Zarude-Dada|67/100
|switch|p1a: 28%|Slowking, F|100/100
|-damage|p1a: 28%|88/100|[from] Stealth Rock
|
|upkeep
|turn|18
|inactive|Jeza.p has 150 seconds left.
|j| Riiion
|
|t:|1633902015
|switch|p1a: Louis IX|Mandibuzz, F|100/100
|move|p2a: Zarude|U-turn|p1a: Louis IX
|-damage|p1a: Louis IX|87/100
|
|t:|1633902026
|switch|p2a: Hatterene|Hatterene, F|83/100|[from]move: U-turn
|
|-heal|p2a: Hatterene|89/100|[from] item: Leftovers
|upkeep
|turn|19
|inactive|Jeza.p has 150 seconds left.
|j| Os4ke@!
|
|t:|1633902054
|move|p1a: Louis IX|U-turn|p2a: Hatterene
|-damage|p2a: Hatterene|78/100
|
|t:|1633902057
|switch|p1a: 28%|Slowking, F|100/100|[from]move: U-turn
|-damage|p1a: 28%|88/100|[from] Stealth Rock
|move|p2a: Hatterene|Calm Mind|p2a: Hatterene
|-boost|p2a: Hatterene|spa|1
|-boost|p2a: Hatterene|spd|1
|
|-heal|p2a: Hatterene|84/100|[from] item: Leftovers
|upkeep
|turn|20
|
|t:|1633902075
|move|p2a: Hatterene|Calm Mind|p2a: Hatterene
|-boost|p2a: Hatterene|spa|1
|-boost|p2a: Hatterene|spd|1
|move|p1a: 28%|Teleport|p1a: 28%
|
|t:|1633902084
|switch|p1a: unilateral|Excadrill, M|90/100|[from]move: Teleport
|-damage|p1a: unilateral|87/100|[from] Stealth Rock
|-ability|p1a: unilateral|Mold Breaker
|
|-heal|p1a: unilateral|93/100|[from] item: Leftovers
|-heal|p2a: Hatterene|90/100|[from] item: Leftovers
|upkeep
|turn|21
|
|t:|1633902097
|move|p1a: unilateral|Iron Head|p2a: Hatterene
|-supereffective|p2a: Hatterene
|-damage|p2a: Hatterene|34/100
|move|p2a: Hatterene|Mystical Fire|p1a: unilateral
|-supereffective|p1a: unilateral
|-damage|p1a: unilateral|0 fnt
|faint|p1a: unilateral
|
|-heal|p2a: Hatterene|39/100|[from] item: Leftovers
|upkeep
|inactive|Jeza.p has 150 seconds left.
|l| Os4ke
|
|t:|1633902120
|switch|p1a: Hugo Lloris|Toxtricity, M|48/100 brn
|-damage|p1a: Hugo Lloris|36/100 brn|[from] Stealth Rock
|turn|22
|l| Riiion
|j| Os4ke@!
|j| Riiion
|
|t:|1633902138
|switch|p2a: Tentacruel|Tentacruel, M|3/100
|move|p1a: Hugo Lloris|Boomburst|p2a: Tentacruel
|-damage|p2a: Tentacruel|0 fnt
|faint|p2a: Tentacruel
|
|-damage|p1a: Hugo Lloris|29/100 brn|[from] brn
|upkeep
|
|t:|1633902146
|switch|p2a: Zarude|Zarude-Dada|67/100
|turn|23
|inactive|Jeza.p has 150 seconds left.
|j|+Unamed
|
|t:|1633902165
|switch|p1a: Shao Khan|Mienshao, M|100/100
|-damage|p1a: Shao Khan|95/100|[from] Stealth Rock
|move|p2a: Zarude|U-turn|p1a: Shao Khan
|-resisted|p1a: Shao Khan
|-damage|p1a: Shao Khan|71/100
|
|t:|1633902170
|switch|p2a: Skarmory|Skarmory, F|70/100|[from]move: U-turn
|
|upkeep
|turn|24
|inactive|Jeza.p has 150 seconds left.
|l| pas_touchao
|
|t:|1633902189
|move|p1a: Shao Khan|U-turn|p2a: Skarmory
|-resisted|p2a: Skarmory
|-damage|p2a: Skarmory|67/100
|
|t:|1633902200
|switch|p1a: 28%|Slowking, F|100/100|[from]move: U-turn
|-damage|p1a: 28%|88/100|[from] Stealth Rock
|move|p2a: Skarmory|Roost|p2a: Skarmory
|-heal|p2a: Skarmory|100/100
|-singleturn|p2a: Skarmory|move: Roost
|
|upkeep
|turn|25
|
|t:|1633902215
|switch|p2a: Zarude|Zarude-Dada|67/100
|move|p1a: 28%|Scald|p2a: Zarude
|-resisted|p2a: Zarude
|-damage|p2a: Zarude|53/100
|
|upkeep
|turn|26
|l| Riiion
|
|t:|1633902236
|switch|p1a: Shao Khan|Mienshao, M|100/100
|-damage|p1a: Shao Khan|95/100|[from] Stealth Rock
|move|p2a: Zarude|U-turn|p1a: Shao Khan
|-resisted|p1a: Shao Khan
|-damage|p1a: Shao Khan|72/100
|j| Riiion
|
|t:|1633902243
|switch|p2a: Hatterene|Hatterene, F|39/100|[from]move: U-turn
|
|-heal|p2a: Hatterene|45/100|[from] item: Leftovers
|upkeep
|turn|27
|l| Tacomino
|l| Dragonillis
|j| Dragonillis
|inactive|Jeza.p has 120 seconds left.
|inactive|Jeza.p has 90 seconds left.
|
|t:|1633902307
|switch|p2a: Skarmory|Skarmory, F|100/100
|move|p1a: Shao Khan|U-turn|p2a: Skarmory
|-resisted|p2a: Skarmory
|-damage|p2a: Skarmory|97/100
|
|t:|1633902334
|switch|p1a: 28%|Slowking, F|100/100|[from]move: U-turn
|-damage|p1a: 28%|88/100|[from] Stealth Rock
|
|upkeep
|turn|28
|l|prodigezz
|
|t:|1633902351
|switch|p2a: Zarude|Zarude-Dada|53/100
|move|p1a: 28%|Scald|p2a: Zarude
|-resisted|p2a: Zarude
|-damage|p2a: Zarude|40/100
|
|upkeep
|turn|29
|j| Wedjene
|
|t:|1633902368
|switch|p1a: Shao Khan|Mienshao, M|100/100
|-damage|p1a: Shao Khan|95/100|[from] Stealth Rock
|move|p2a: Zarude|Power Whip|p1a: Shao Khan
|-damage|p1a: Shao Khan|0 fnt
|faint|p1a: Shao Khan
|
|upkeep
|inactive|Jeza.p has 60 seconds left.
|c| Remi25|oof
|
|t:|1633902396
|switch|p1a: Louis IX|Mandibuzz, F|87/100
|turn|30
|
|t:|1633902400
|move|p2a: Zarude|U-turn|p1a: Louis IX
|-damage|p1a: Louis IX|73/100
|
|t:|1633902404
|switch|p2a: Skarmory|Skarmory, F|97/100|[from]move: U-turn
|move|p1a: Louis IX|U-turn|p2a: Skarmory
|-resisted|p2a: Skarmory
|-damage|p2a: Skarmory|95/100
|inactive|Jeza.p has 60 seconds left.
|l|+Wally
|
|t:|1633902435
|switch|p1a: 28%|Slowking, F|100/100|[from]move: U-turn
|-damage|p1a: 28%|88/100|[from] Stealth Rock
|
|upkeep
|turn|31
|l| Os4ke
|
|t:|1633902450
|switch|p2a: Zarude|Zarude-Dada|40/100
|move|p1a: 28%|Scald|p2a: Zarude
|-resisted|p2a: Zarude
|-damage|p2a: Zarude|25/100
|
|upkeep
|turn|32
|
|t:|1633902477
|switch|p1a: La soeur de misabi|Tangrowth, F|60/100
|-damage|p1a: La soeur de misabi|48/100|[from] Stealth Rock
|move|p2a: Zarude|Jungle Healing|p2a: Zarude
|-heal|p2a: Zarude|50/100
|
|upkeep
|turn|33
|
|t:|1633902492
|move|p2a: Zarude|U-turn|p1a: La soeur de misabi
|-supereffective|p1a: La soeur de misabi
|-damage|p1a: La soeur de misabi|23/100
|-damage|p2a: Zarude|34/100|[from] item: Rocky Helmet|[of] p1a: La soeur de misabi
|
|t:|1633902496
|switch|p2a: Skarmory|Skarmory, F|95/100|[from]move: U-turn
|move|p1a: La soeur de misabi|Sleep Powder|p2a: Skarmory|[miss]
|-miss|p1a: La soeur de misabi|p2a: Skarmory
|
|upkeep
|turn|34
|
|t:|1633902506
|switch|p2a: Zygarde|Zygarde-10%|100/100
|-ability|p2a: Zygarde|Aura Break
|switch|p1a: 28%|Slowking, F|100/100
|-damage|p1a: 28%|88/100|[from] Stealth Rock
|
|upkeep
|turn|35
|
|t:|1633902518
|move|p2a: Zygarde|Outrage|p1a: 28%
|-damage|p1a: 28%|12/100
|move|p1a: 28%|Scald|p2a: Zygarde
|-damage|p2a: Zygarde|57/100
|-status|p2a: Zygarde|brn
|
|-damage|p2a: Zygarde|51/100 brn|[from] brn
|upkeep
|turn|36
|j| Os4ke@!
|
|t:|1633902530
|switch|p1a: Louis IX|Mandibuzz, F|73/100
|move|p2a: Zygarde|Outrage|p1a: Louis IX|[from]lockedmove
|-damage|p1a: Louis IX|51/100
|-start|p2a: Zygarde|confusion|[fatigue]
|
|-damage|p2a: Zygarde|45/100 brn|[from] brn
|upkeep
|turn|37
|
|t:|1633902543
|switch|p2a: Hatterene|Hatterene, F|45/100
|move|p1a: Louis IX|U-turn|p2a: Hatterene
|-damage|p2a: Hatterene|36/100
|
|t:|1633902552
|switch|p1a: Hugo Lloris|Toxtricity, M|29/100 brn|[from]move: U-turn
|-damage|p1a: Hugo Lloris|17/100 brn|[from] Stealth Rock
|
|-heal|p2a: Hatterene|42/100|[from] item: Leftovers
|-damage|p1a: Hugo Lloris|11/100 brn|[from] brn
|upkeep
|turn|38
|
|t:|1633902558
|switch|p2a: Zygarde|Zygarde-10%|45/100 brn
|-ability|p2a: Zygarde|Aura Break
|move|p1a: Hugo Lloris|Boomburst|p2a: Zygarde
|-damage|p2a: Zygarde|0 fnt
|faint|p2a: Zygarde
|
|-damage|p1a: Hugo Lloris|5/100 brn|[from] brn
|upkeep
|
|t:|1633902568
|switch|p2a: Excadrill|Excadrill, F|30/100
|-ability|p2a: Excadrill|Mold Breaker
|turn|39
|
|t:|1633902576
|move|p2a: Excadrill|Iron Head|p1a: Hugo Lloris
|-resisted|p1a: Hugo Lloris
|-damage|p1a: Hugo Lloris|0 fnt
|faint|p1a: Hugo Lloris
|
|-heal|p2a: Excadrill|36/100|[from] item: Leftovers
|upkeep
|j| Sageau
|inactive|Jeza.p has 60 seconds left.
|
|t:|1633902587
|switch|p1a: La soeur de misabi|Tangrowth, F|56/100
|-damage|p1a: La soeur de misabi|44/100|[from] Stealth Rock
|turn|40
|inactive|Jeza.p has 60 seconds left.
|inactive|Jeza.p has 30 seconds left.
|l| MS0D
|j| MS0D
|inactive|Jeza.p has 20 seconds left.
|inactive|Jeza.p has 15 seconds left.
|
|t:|1633902643
|move|p2a: Excadrill|Iron Head|p1a: La soeur de misabi
|-damage|p1a: La soeur de misabi|21/100
|-damage|p2a: Excadrill|19/100|[from] item: Rocky Helmet|[of] p1a: La soeur de misabi
|cant|p1a: La soeur de misabi|flinch
|
|-heal|p2a: Excadrill|25/100|[from] item: Leftovers
|upkeep
|turn|41
|inactive|Jeza.p has 25 seconds left this turn.
|inactive|Jeza.p has 20 seconds left.
|l| Phalonix
|inactive|Jeza.p has 15 seconds left.
|
|t:|1633902669
|switch|p1a: Louis IX|Mandibuzz, F|51/100
|move|p2a: Excadrill|Iron Head|p1a: Louis IX
|-damage|p1a: Louis IX|23/100
|
|-heal|p2a: Excadrill|32/100|[from] item: Leftovers
|upkeep
|turn|42
|inactive|Jeza.p has 25 seconds left this turn.
|l| Dragonillis
|inactive|Jeza.p has 20 seconds left.
|j| Dragonillis
|inactive|Jeza.p has 15 seconds left.
|
|t:|1633902681
|switch|p1a: 28%|Slowking, F|45/100
|-damage|p1a: 28%|32/100|[from] Stealth Rock
|move|p2a: Excadrill|Iron Head|p1a: 28%
|-resisted|p1a: 28%
|-crit|p1a: 28%
|-damage|p1a: 28%|1/100
|
|-heal|p2a: Excadrill|38/100|[from] item: Leftovers
|upkeep
|turn|43
|inactive|Jeza.p has 25 seconds left this turn.
|inactive|Jeza.p has 20 seconds left.
|c|☆Moutemoute|gg et désolé pour le schedule compliqué
|
|t:|1633902692
|switch|p1a: La soeur de misabi|Tangrowth, F|54/100
|-damage|p1a: La soeur de misabi|42/100|[from] Stealth Rock
|move|p2a: Excadrill|Iron Head|p1a: La soeur de misabi
|-damage|p1a: La soeur de misabi|21/100
|-damage|p2a: Excadrill|21/100|[from] item: Rocky Helmet|[of] p1a: La soeur de misabi
|
|-heal|p2a: Excadrill|27/100|[from] item: Leftovers
|upkeep
|turn|44
|inactive|Jeza.p has 30 seconds left this turn.
|inactive|Jeza.p has 20 seconds left.
|
|t:|1633902706
|move|p2a: Excadrill|Iron Head|p1a: La soeur de misabi
|-damage|p1a: La soeur de misabi|0 fnt
|-damage|p2a: Excadrill|10/100|[from] item: Rocky Helmet|[of] p1a: La soeur de misabi
|faint|p1a: La soeur de misabi
|
|-heal|p2a: Excadrill|17/100|[from] item: Leftovers
|upkeep
|inactive|Jeza.p has 25 seconds left this turn.
|c|☆Jeza.p|ouais gg
|inactive|Jeza.p has 20 seconds left.
|inactive|Jeza.p has 15 seconds left.
|c|☆Jeza.p|tkt c'est rien !
|l| Royal1604
|inactive|Jeza.p has 10 seconds left.
|l| Zenadark
|inactive|Jeza.p has 5 seconds left.
|l| Mizusawa
|-message|Jeza.p forfeited.
|
|win|Moutemoute
|inactive|Jeza.p has 10 seconds left this turn.
|j| Phalonix
|l| NHelioX7
|l| DonSlvatore
|l| Dapliks
|l| chicongounia
|l| ralouf officiel
|l| Micciu20250
|l|+Unamed
|l| Cousiin.
|l|☆Moutemoute
|l| Wedjene
|l| Bekaori
|l| Remi25
|l| Os4ke
|l| congelateur-sama
|j| Os4ke@!
|l| Os4ke
|l| Riiion
|l| Sageau
|l| Phalonix
|l|%Pujo
|l| Lyliath
|l| Dragonillis
|l| Tezile
|l| P.Otaku
|l| Hervalt
|l| BlessyZ
|l| black thunderbolt
|l| BIHI
|l|☆Jeza.p
|l| ChaFouu
|l| Giga㋛Chandelure
|j| Hervalt
|l| Amasakanji
|l| Hervalt
|l| MS0D
