|j|☆PlasticPinnochio
|j|☆Arno123
|t:|1665991774
|gametype|singles
|player|p1|PlasticPinnochio|policeman-gen4|1544
|player|p2|Arno123|102|1409
|teamsize|p1|6
|teamsize|p2|6
|gen|8
|tier|[Gen 8] UU
|rated|
|rule|Sleep Clause Mod: Limit one foe put to sleep
|rule|Species Clause: Limit one of each Pokémon
|rule|OHKO Clause: OHKO moves are banned
|rule|Evasion Items Clause: Evasion items are banned
|rule|Evasion Moves Clause: Evasion moves are banned
|rule|Endless Battle Clause: Forcing endless battles is banned
|rule|HP Percentage Mod: HP is shown in percentages
|rule|Dynamax Clause: You cannot dynamax
|clearpoke
|poke|p1|Tornadus, M|
|poke|p1|Zarude|
|poke|p1|Hippowdon, F|
|poke|p1|Rotom-Wash|
|poke|p1|Scizor, F|
|poke|p1|Raikou|
|poke|p2|Nidoking, M|
|poke|p2|Scizor, M|
|poke|p2|Skarmory, M|
|poke|p2|Chansey, F|
|poke|p2|Lycanroc-Dusk, F|
|poke|p2|Primarina, F|
|teampreview
|inactive|Battle timer is ON: inactive players will automatically lose when time's up. (requested by Arno123)
|
|t:|1665991802
|start
|switch|p1a: Rotom|Rotom-Wash|100/100
|switch|p2a: Scizor|Scizor, M|100/100
|turn|1
|
|t:|1665991810
|switch|p2a: Chansey|Chansey, F|100/100
|move|p1a: Rotom|Volt Switch|p2a: Chansey
|-damage|p2a: Chansey|92/100
|
|t:|1665991813
|switch|p1a: Scizor|Scizor, F|100/100|[from]move: Volt Switch
|
|upkeep
|turn|2
|
|t:|1665991819
|switch|p2a: Skarmory|Skarmory, M|100/100
|move|p1a: Scizor|Knock Off|p2a: Skarmory
|-damage|p2a: Skarmory|84/100
|-damage|p1a: Scizor|84/100|[from] item: Rocky Helmet|[of] p2a: Skarmory
|-enditem|p2a: Skarmory|Rocky Helmet|[from] move: Knock Off|[of] p1a: Scizor
|
|upkeep
|turn|3
|
|t:|1665991827
|move|p2a: Skarmory|Body Press|p1a: Scizor
|-crit|p1a: Scizor
|-damage|p1a: Scizor|48/100
|-damage|p2a: Skarmory|68/100|[from] item: Rocky Helmet|[of] p1a: Scizor
|move|p1a: Scizor|U-turn|p2a: Skarmory
|-resisted|p2a: Skarmory
|-damage|p2a: Skarmory|63/100
|
|t:|1665991831
|switch|p1a: Tornadus|Tornadus, M|100/100|[from]move: U-turn
|
|upkeep
|turn|4
|
|t:|1665991846
|switch|p2a: Chansey|Chansey, F|92/100
|move|p1a: Tornadus|Knock Off|p2a: Chansey
|-damage|p2a: Chansey|77/100
|-enditem|p2a: Chansey|Eviolite|[from] move: Knock Off|[of] p1a: Tornadus
|
|upkeep
|turn|5
|
|t:|1665991856
|move|p1a: Tornadus|U-turn|p2a: Chansey
|-damage|p2a: Chansey|60/100
|
|t:|1665991858
|switch|p1a: Scizor|Scizor, F|48/100|[from]move: U-turn
|move|p2a: Chansey|Stealth Rock|p1a: Scizor
|-sidestart|p1: PlasticPinnochio|move: Stealth Rock
|
|upkeep
|turn|6
|
|t:|1665991866
|switch|p2a: Skarmory|Skarmory, M|63/100
|move|p1a: Scizor|Roost|p1a: Scizor
|-heal|p1a: Scizor|98/100
|-singleturn|p1a: Scizor|move: Roost
|
|upkeep
|turn|7
|
|t:|1665991873
|move|p2a: Skarmory|Roost|p2a: Skarmory
|-heal|p2a: Skarmory|100/100
|-singleturn|p2a: Skarmory|move: Roost
|move|p1a: Scizor|U-turn|p2a: Skarmory
|-resisted|p2a: Skarmory
|-damage|p2a: Skarmory|91/100
|inactive|PlasticPinnochio has 120 seconds left.
|
|t:|1665991905
|switch|p1a: Raikou|Raikou|100/100|[from]move: U-turn
|-ability|p1a: Raikou|Pressure
|
|upkeep
|turn|8
|
|t:|1665991914
|switch|p2a: Chansey|Chansey, F|60/100
|move|p1a: Raikou|Volt Switch|p2a: Chansey
|-damage|p2a: Chansey|45/100
|
|t:|1665991919
|switch|p1a: Zarude|Zarude|100/100|[from]move: Volt Switch
|
|upkeep
|turn|9
|
|t:|1665991936
|switch|p2a: Skarmory|Skarmory, M|91/100
|move|p1a: Zarude|Darkest Lariat|p2a: Skarmory
|-damage|p2a: Skarmory|68/100
|
|upkeep
|turn|10
|
|t:|1665991951
|move|p1a: Zarude|U-turn|p2a: Skarmory
|-resisted|p2a: Skarmory
|-damage|p2a: Skarmory|65/100
|
|t:|1665991955
|switch|p1a: Tornadus|Tornadus, M|100/100|[from]move: U-turn
|move|p2a: Skarmory|Roost|p2a: Skarmory
|-heal|p2a: Skarmory|100/100
|-singleturn|p2a: Skarmory|move: Roost
|
|upkeep
|turn|11
|
|t:|1665991970
|switch|p2a: Chansey|Chansey, F|45/100
|move|p1a: Tornadus|Hurricane|p2a: Chansey
|-damage|p2a: Chansey|18/100
|
|upkeep
|turn|12
|
|t:|1665991984
|move|p1a: Tornadus|Hurricane|p2a: Chansey
|-damage|p2a: Chansey|0 fnt
|faint|p2a: Chansey
|
|upkeep
|
|t:|1665991998
|switch|p2a: Lycanroc|Lycanroc-Dusk, F|100/100
|turn|13
|
|t:|1665992013
|switch|p1a: Hippowdon|Hippowdon, F|100/100
|-damage|p1a: Hippowdon|94/100|[from] Stealth Rock
|-weather|Sandstorm|[from] ability: Sand Stream|[of] p1a: Hippowdon
|move|p2a: Lycanroc|Accelerock|p1a: Hippowdon
|-resisted|p1a: Hippowdon
|-damage|p1a: Hippowdon|81/100
|
|-weather|Sandstorm|[upkeep]
|-heal|p1a: Hippowdon|87/100|[from] item: Leftovers
|upkeep
|turn|14
|
|t:|1665992030
|switch|p2a: Skarmory|Skarmory, M|100/100
|move|p1a: Hippowdon|Earthquake|p2a: Skarmory
|-immune|p2a: Skarmory
|
|-weather|Sandstorm|[upkeep]
|-heal|p1a: Hippowdon|94/100|[from] item: Leftovers
|upkeep
|turn|15
|
|t:|1665992043
|move|p2a: Skarmory|Iron Defense|p2a: Skarmory
|-boost|p2a: Skarmory|def|2
|move|p1a: Hippowdon|Stealth Rock|p2a: Skarmory
|-sidestart|p2: Arno123|move: Stealth Rock
|
|-weather|Sandstorm|[upkeep]
|-heal|p1a: Hippowdon|99/100|[from] item: Leftovers
|upkeep
|turn|16
|
|t:|1665992050
|move|p2a: Skarmory|Body Press|p1a: Hippowdon
|-damage|p1a: Hippowdon|57/100
|move|p1a: Hippowdon|Whirlwind|p2a: Skarmory
|drag|p2a: Lycanroc|Lycanroc-Dusk, F|100/100
|-damage|p2a: Lycanroc|88/100|[from] Stealth Rock
|
|-weather|Sandstorm|[upkeep]
|-heal|p1a: Hippowdon|63/100|[from] item: Leftovers
|upkeep
|turn|17
|
|t:|1665992062
|switch|p2a: Skarmory|Skarmory, M|100/100
|-damage|p2a: Skarmory|88/100|[from] Stealth Rock
|move|p1a: Hippowdon|Earthquake|p2a: Skarmory
|-immune|p2a: Skarmory
|
|-weather|none
|-heal|p1a: Hippowdon|70/100|[from] item: Leftovers
|upkeep
|turn|18
|
|t:|1665992074
|switch|p1a: Rotom|Rotom-Wash|100/100
|-damage|p1a: Rotom|88/100|[from] Stealth Rock
|move|p2a: Skarmory|Defog|p1a: Rotom
|-unboost|p1a: Rotom|evasion|1
|-sideend|p1: PlasticPinnochio|Stealth Rock|[from] move: Defog|[of] p2a: Skarmory
|-sideend|p2: Arno123|Stealth Rock|[from] move: Defog|[of] p2a: Skarmory
|
|-heal|p1a: Rotom|94/100|[from] item: Leftovers
|upkeep
|turn|19
|inactive|Arno123 has 120 seconds left.
|
|t:|1665992095
|switch|p2a: Primarina|Primarina, F|100/100
|move|p1a: Rotom|Hydro Pump|p2a: Primarina
|-resisted|p2a: Primarina
|-damage|p2a: Primarina|83/100
|
|-heal|p1a: Rotom|100/100|[from] item: Leftovers
|-heal|p2a: Primarina|90/100|[from] item: Leftovers
|upkeep
|turn|20
|
|t:|1665992104
|move|p1a: Rotom|Volt Switch|p2a: Primarina
|-supereffective|p2a: Primarina
|-damage|p2a: Primarina|51/100
|
|t:|1665992109
|switch|p1a: Raikou|Raikou|100/100|[from]move: Volt Switch
|-ability|p1a: Raikou|Pressure
|move|p2a: Primarina|Flip Turn|p1a: Raikou
|-damage|p1a: Raikou|81/100
|
|t:|1665992124
|switch|p2a: Scizor|Scizor, M|100/100|[from]move: Flip Turn
|
|upkeep
|turn|21
|
|t:|1665992134
|move|p1a: Raikou|Volt Switch|p2a: Scizor
|-damage|p2a: Scizor|58/100
|
|t:|1665992137
|switch|p1a: Scizor|Scizor, F|98/100|[from]move: Volt Switch
|move|p2a: Scizor|U-turn|p1a: Scizor
|-resisted|p1a: Scizor
|-damage|p1a: Scizor|77/100
|-damage|p2a: Scizor|41/100|[from] item: Rocky Helmet|[of] p1a: Scizor
|
|t:|1665992149
|switch|p2a: Nidoking|Nidoking, M|100/100|[from]move: U-turn
|
|upkeep
|turn|22
|
|t:|1665992169
|switch|p1a: Tornadus|Tornadus, M|100/100
|move|p2a: Nidoking|Sludge Wave|p1a: Tornadus
|-damage|p1a: Tornadus|0 fnt
|faint|p1a: Tornadus
|
|upkeep
|
|t:|1665992177
|switch|p1a: Zarude|Zarude|100/100
|turn|23
|
|t:|1665992195
|switch|p2a: Skarmory|Skarmory, M|88/100
|move|p1a: Zarude|Darkest Lariat|p2a: Skarmory
|-crit|p2a: Skarmory
|-damage|p2a: Skarmory|48/100
|
|upkeep
|turn|24
|
|t:|1665992205
|move|p1a: Zarude|U-turn|p2a: Skarmory
|-resisted|p2a: Skarmory
|-damage|p2a: Skarmory|45/100
|
|t:|1665992207
|switch|p1a: Raikou|Raikou|81/100|[from]move: U-turn
|-ability|p1a: Raikou|Pressure
|move|p2a: Skarmory|Body Press|p1a: Raikou
|-damage|p1a: Raikou|36/100
|
|upkeep
|turn|25
|
|t:|1665992224
|switch|p2a: Primarina|Primarina, F|51/100
|move|p1a: Raikou|Thunderbolt|p2a: Primarina
|-supereffective|p2a: Primarina
|-damage|p2a: Primarina|0 fnt
|faint|p2a: Primarina
|
|upkeep
|
|t:|1665992233
|switch|p2a: Lycanroc|Lycanroc-Dusk, F|88/100
|turn|26
|
|t:|1665992236
|switch|p1a: Scizor|Scizor, F|77/100
|move|p2a: Lycanroc|Close Combat|p1a: Scizor
|-crit|p1a: Scizor
|-damage|p1a: Scizor|0 fnt
|-unboost|p2a: Lycanroc|def|1
|-unboost|p2a: Lycanroc|spd|1
|-damage|p2a: Lycanroc|72/100|[from] item: Rocky Helmet|[of] p1a: Scizor
|faint|p1a: Scizor
|
|upkeep
|
|t:|1665992243
|switch|p1a: Rotom|Rotom-Wash|100/100
|turn|27
|
|t:|1665992262
|move|p2a: Lycanroc|Close Combat|p1a: Rotom
|-damage|p1a: Rotom|21/100
|-unboost|p2a: Lycanroc|def|1
|-unboost|p2a: Lycanroc|spd|1
|move|p1a: Rotom|Hydro Pump|p2a: Lycanroc
|-supereffective|p2a: Lycanroc
|-crit|p2a: Lycanroc
|-damage|p2a: Lycanroc|0 fnt
|faint|p2a: Lycanroc
|
|-heal|p1a: Rotom|27/100|[from] item: Leftovers
|upkeep
|
|t:|1665992274
|switch|p2a: Scizor|Scizor, M|41/100
|turn|28
|
|t:|1665992279
|move|p2a: Scizor|Bullet Punch|p1a: Rotom
|-resisted|p1a: Rotom
|-damage|p1a: Rotom|14/100
|move|p1a: Rotom|Volt Switch|p2a: Scizor
|-damage|p2a: Scizor|14/100
|
|t:|1665992288
|switch|p1a: Hippowdon|Hippowdon, F|70/100|[from]move: Volt Switch
|-weather|Sandstorm|[from] ability: Sand Stream|[of] p1a: Hippowdon
|
|-weather|Sandstorm|[upkeep]
|-heal|p1a: Hippowdon|76/100|[from] item: Leftovers
|upkeep
|turn|29
|
|t:|1665992296
|switch|p2a: Skarmory|Skarmory, M|45/100
|move|p1a: Hippowdon|Stealth Rock|p2a: Skarmory
|-sidestart|p2: Arno123|move: Stealth Rock
|
|-weather|Sandstorm|[upkeep]
|-heal|p1a: Hippowdon|82/100|[from] item: Leftovers
|upkeep
|turn|30
|
|t:|1665992312
|move|p2a: Skarmory|Defog|p1a: Hippowdon
|-unboost|p1a: Hippowdon|evasion|1
|-sideend|p2: Arno123|Stealth Rock|[from] move: Defog|[of] p2a: Skarmory
|move|p1a: Hippowdon|Whirlwind|p2a: Skarmory
|drag|p2a: Scizor|Scizor, M|14/100
|
|-weather|Sandstorm|[upkeep]
|-heal|p1a: Hippowdon|88/100|[from] item: Leftovers
|upkeep
|turn|31
|
|t:|1665992322
|move|p2a: Scizor|U-turn|p1a: Hippowdon
|-damage|p1a: Hippowdon|50/100
|
|t:|1665992325
|switch|p2a: Skarmory|Skarmory, M|45/100|[from]move: U-turn
|move|p1a: Hippowdon|Stealth Rock|p2a: Skarmory
|-sidestart|p2: Arno123|move: Stealth Rock
|
|-weather|Sandstorm|[upkeep]
|-heal|p1a: Hippowdon|56/100|[from] item: Leftovers
|upkeep
|turn|32
|
|t:|1665992334
|move|p2a: Skarmory|Defog|p1a: Hippowdon
|-unboost|p1a: Hippowdon|evasion|1
|-sideend|p2: Arno123|Stealth Rock|[from] move: Defog|[of] p2a: Skarmory
|move|p1a: Hippowdon|Whirlwind|p2a: Skarmory
|drag|p2a: Scizor|Scizor, M|14/100
|
|-weather|none
|-heal|p1a: Hippowdon|62/100|[from] item: Leftovers
|upkeep
|turn|33
|
|t:|1665992342
|move|p2a: Scizor|U-turn|p1a: Hippowdon
|-damage|p1a: Hippowdon|26/100
|
|t:|1665992348
|switch|p2a: Skarmory|Skarmory, M|45/100|[from]move: U-turn
|move|p1a: Hippowdon|Whirlwind|p2a: Skarmory
|drag|p2a: Scizor|Scizor, M|14/100
|
|-heal|p1a: Hippowdon|32/100|[from] item: Leftovers
|upkeep
|turn|34
|
|t:|1665992356
|move|p2a: Scizor|U-turn|p1a: Hippowdon
|-damage|p1a: Hippowdon|0 fnt
|faint|p1a: Hippowdon
|
|t:|1665992368
|switch|p2a: Nidoking|Nidoking, M|100/100|[from]move: U-turn
|
|upkeep
|
|t:|1665992379
|switch|p1a: Zarude|Zarude|100/100
|turn|35
|
|t:|1665992389
|move|p1a: Zarude|Power Whip|p2a: Nidoking
|-damage|p2a: Nidoking|12/100
|move|p2a: Nidoking|Ice Beam|p1a: Zarude
|-supereffective|p1a: Zarude
|-damage|p1a: Zarude|14/100
|
|upkeep
|turn|36
|
|t:|1665992401
|switch|p2a: Skarmory|Skarmory, M|45/100
|move|p1a: Zarude|Darkest Lariat|p2a: Skarmory
|-damage|p2a: Skarmory|20/100
|
|upkeep
|turn|37
|
|t:|1665992407
|move|p1a: Zarude|Darkest Lariat|p2a: Skarmory
|-damage|p2a: Skarmory|0 fnt
|faint|p2a: Skarmory
|
|upkeep
|
|t:|1665992411
|switch|p2a: Scizor|Scizor, M|14/100
|turn|38
|
|t:|1665992424
|move|p2a: Scizor|Bullet Punch|p1a: Zarude
|-damage|p1a: Zarude|0 fnt
|faint|p1a: Zarude
|
|upkeep
|
|t:|1665992426
|switch|p1a: Rotom|Rotom-Wash|14/100
|turn|39
|
|t:|1665992434
|move|p2a: Scizor|Bullet Punch|p1a: Rotom
|-resisted|p1a: Rotom
|-damage|p1a: Rotom|1/100
|move|p1a: Rotom|Volt Switch|p2a: Scizor
|-damage|p2a: Scizor|0 fnt
|faint|p2a: Scizor
|
|t:|1665992436
|switch|p1a: Raikou|Raikou|36/100|[from]move: Volt Switch
|-ability|p1a: Raikou|Pressure
|
|upkeep
|c|☆PlasticPinnochio|gg
|c|☆Arno123|ahhh
|c|☆Arno123|gg
|
|t:|1665992456
|switch|p2a: Nidoking|Nidoking, M|12/100
|turn|40
|
|t:|1665992460
|move|p1a: Raikou|Scald|p2a: Nidoking
|-supereffective|p2a: Nidoking
|-damage|p2a: Nidoking|0 fnt
|faint|p2a: Nidoking
|
|win|PlasticPinnochio
|raw|PlasticPinnochio's rating: 1544 &rarr; <strong>1557</strong><br />(+13 for winning)
|raw|Arno123's rating: 1409 &rarr; <strong>1396</strong><br />(-13 for losing)
|c|☆PlasticPinnochio|close game
|l|☆Arno123
