|html|<div class="broadcast-blue"><strong>[Gen 8] UU is currently suspecting Scizor! For information on how to participate check out the <a href="https://www.smogon.com/forums/threads/ss-uu-stage-12-2-spider-dance.3704866/">suspect thread</a>.</strong></div>
|j|☆galactest bro !
|j|☆TheLump
|t:|1658477374
|gametype|singles
|player|p1|galactest bro !|dragontamer|1365
|player|p2|TheLump|102|1421
|teamsize|p1|6
|teamsize|p2|6
|gen|8
|tier|[Gen 8] UU
|rated|
|rule|Sleep Clause Mod: Limit one foe put to sleep
|rule|Species Clause: Limit one of each Pokémon
|rule|OHKO Clause: OHKO moves are banned
|rule|Evasion Moves Clause: Evasion moves are banned
|rule|Endless Battle Clause: Forcing endless battles is banned
|rule|HP Percentage Mod: HP is shown in percentages
|rule|Dynamax Clause: You cannot dynamax
|clearpoke
|poke|p1|Zygarde-10%|
|poke|p1|Primarina, M|
|poke|p1|Skarmory, M|
|poke|p1|Tangrowth, F|
|poke|p1|Crobat, M|
|poke|p1|Nihilego|
|poke|p2|Grimmsnarl, M|
|poke|p2|Weezing-Galar, M|
|poke|p2|Polteageist|
|poke|p2|Cloyster, F|
|poke|p2|Omastar, F|
|poke|p2|Carracosta, F|
|teampreview
|
|t:|1658477407
|start
|switch|p1a: Nihilego|Nihilego|100/100
|switch|p2a: Grumphilda|Omastar, F|100/100
|turn|1
|
|t:|1658477426
|move|p1a: Nihilego|Stealth Rock|p2a: Grumphilda
|-sidestart|p2: TheLump|move: Stealth Rock
|move|p2a: Grumphilda|Shell Smash|p2a: Grumphilda
|-unboost|p2a: Grumphilda|def|1
|-unboost|p2a: Grumphilda|spd|1
|-boost|p2a: Grumphilda|atk|2
|-boost|p2a: Grumphilda|spa|2
|-boost|p2a: Grumphilda|spe|2
|
|upkeep
|turn|2
|
|t:|1658477436
|switch|p1a: Tangrowth|Tangrowth, F|100/100
|move|p2a: Grumphilda|Earth Power|p1a: Tangrowth
|-resisted|p1a: Tangrowth
|-damage|p1a: Tangrowth|77/100
|
|upkeep
|turn|3
|
|t:|1658477462
|switch|p1a: Primarina|Primarina, M|100/100
|move|p2a: Grumphilda|Ice Beam|p1a: Primarina
|-resisted|p1a: Primarina
|-damage|p1a: Primarina|81/100
|
|-heal|p1a: Primarina|87/100|[from] item: Leftovers
|upkeep
|turn|4
|
|t:|1658477482
|move|p2a: Grumphilda|Earth Power|p1a: Primarina
|-damage|p1a: Primarina|45/100
|move|p1a: Primarina|Moonblast|p2a: Grumphilda
|-enditem|p2a: Grumphilda|Focus Sash
|-damage|p2a: Grumphilda|1/100
|
|-heal|p1a: Primarina|51/100|[from] item: Leftovers
|upkeep
|turn|5
|
|t:|1658477494
|move|p2a: Grumphilda|Ice Beam|p1a: Primarina
|-resisted|p1a: Primarina
|-crit|p1a: Primarina
|-damage|p1a: Primarina|21/100
|-status|p1a: Primarina|frz
|-curestatus|p1a: Primarina|frz|[msg]
|move|p1a: Primarina|Rest|p1a: Primarina
|-status|p1a: Primarina|slp|[from] move: Rest
|-heal|p1a: Primarina|100/100 slp|[silent]
|
|upkeep
|turn|6
|
|t:|1658477503
|switch|p2a: Doug Dimmadome|Weezing-Galar, M|100/100
|-damage|p2a: Doug Dimmadome|88/100|[from] Stealth Rock
|cant|p1a: Primarina|slp
|move|p1a: Primarina|Sleep Talk|p1a: Primarina
|move|p1a: Primarina|Moonblast|p2a: Doug Dimmadome|[from]move: Sleep Talk
|-resisted|p2a: Doug Dimmadome
|-damage|p2a: Doug Dimmadome|71/100
|
|-heal|p2a: Doug Dimmadome|77/100|[from] item: Black Sludge
|upkeep
|turn|7
|
|t:|1658477516
|switch|p1a: Nihilego|Nihilego|100/100
|move|p2a: Doug Dimmadome|Defog|p1a: Nihilego
|-unboost|p1a: Nihilego|evasion|1
|-sideend|p2: TheLump|Stealth Rock|[from] move: Defog|[of] p2a: Doug Dimmadome
|
|-heal|p2a: Doug Dimmadome|83/100|[from] item: Black Sludge
|upkeep
|turn|8
|
|t:|1658477524
|switch|p2a: Murderella|Carracosta, F|100/100
|move|p1a: Nihilego|Stealth Rock|p2a: Murderella
|-sidestart|p2: TheLump|move: Stealth Rock
|
|upkeep
|turn|9
|
|t:|1658477546
|move|p1a: Nihilego|Power Gem|p2a: Murderella
|-damage|p2a: Murderella|37/100
|move|p2a: Murderella|Shell Smash|p2a: Murderella
|-unboost|p2a: Murderella|def|1
|-unboost|p2a: Murderella|spd|1
|-boost|p2a: Murderella|atk|2
|-boost|p2a: Murderella|spa|2
|-boost|p2a: Murderella|spe|2
|
|upkeep
|turn|10
|
|t:|1658477571
|switch|p1a: Skarmory|Skarmory, M|100/100
|move|p2a: Murderella|Waterfall|p1a: Skarmory
|-damage|p1a: Skarmory|53/100
|-damage|p2a: Murderella|20/100|[from] item: Rocky Helmet|[of] p1a: Skarmory
|
|upkeep
|turn|11
|
|t:|1658477580
|move|p2a: Murderella|Stone Edge|p1a: Skarmory
|-damage|p1a: Skarmory|0 fnt
|faint|p1a: Skarmory
|
|upkeep
|
|t:|1658477620
|switch|p1a: Tangrowth|Tangrowth, F|100/100
|turn|12
|
|t:|1658477624
|move|p2a: Murderella|Stone Edge|p1a: Tangrowth
|-damage|p1a: Tangrowth|42/100
|move|p1a: Tangrowth|Earthquake|p2a: Murderella
|-supereffective|p2a: Murderella
|-damage|p2a: Murderella|0 fnt
|faint|p2a: Murderella
|
|upkeep
|
|t:|1658477630
|switch|p2a: Doug Dimmadome|Weezing-Galar, M|83/100
|-damage|p2a: Doug Dimmadome|71/100|[from] Stealth Rock
|turn|13
|
|t:|1658477634
|switch|p1a: Nihilego|Nihilego|100/100
|move|p2a: Doug Dimmadome|Defog|p1a: Nihilego
|-unboost|p1a: Nihilego|evasion|1
|-sideend|p2: TheLump|Stealth Rock|[from] move: Defog|[of] p2a: Doug Dimmadome
|
|-heal|p2a: Doug Dimmadome|77/100|[from] item: Black Sludge
|upkeep
|turn|14
|
|t:|1658477641
|switch|p2a: Brutilda|Cloyster, F|100/100
|move|p1a: Nihilego|Stealth Rock|p2a: Brutilda
|-sidestart|p2: TheLump|move: Stealth Rock
|
|upkeep
|turn|15
|
|t:|1658477659
|move|p1a: Nihilego|Sludge Bomb|p2a: Brutilda
|-enditem|p2a: Brutilda|Focus Sash
|-damage|p2a: Brutilda|1/100
|move|p2a: Brutilda|Shell Smash|p2a: Brutilda
|-unboost|p2a: Brutilda|def|1
|-unboost|p2a: Brutilda|spd|1
|-boost|p2a: Brutilda|atk|2
|-boost|p2a: Brutilda|spa|2
|-boost|p2a: Brutilda|spe|2
|
|upkeep
|turn|16
|inactive|Battle timer is ON: inactive players will automatically lose when time's up. (requested by TheLump)
|
|t:|1658477726
|switch|p1a: Crobat|Crobat, M|100/100
|move|p2a: Brutilda|Icicle Spear|p1a: Crobat
|-supereffective|p1a: Crobat
|-damage|p1a: Crobat|46/100
|-supereffective|p1a: Crobat
|-damage|p1a: Crobat|0 fnt
|faint|p1a: Crobat
|-hitcount|p1: Crobat|2
|
|upkeep
|
|t:|1658477741
|switch|p1a: Primarina|Primarina, M|100/100 slp
|turn|17
|
|t:|1658477746
|move|p2a: Brutilda|Rock Blast|p1a: Primarina
|-damage|p1a: Primarina|86/100 slp
|-damage|p1a: Primarina|73/100 slp
|-crit|p1a: Primarina
|-damage|p1a: Primarina|52/100 slp
|-damage|p1a: Primarina|37/100 slp
|-damage|p1a: Primarina|24/100 slp
|-hitcount|p1a: Primarina|5
|cant|p1a: Primarina|slp
|move|p1a: Primarina|Sleep Talk|p1a: Primarina
|move|p1a: Primarina|Rest||[from]move: Sleep Talk|[still]
|-fail|p1a: Primarina
|
|-heal|p1a: Primarina|30/100 slp|[from] item: Leftovers
|upkeep
|turn|18
|
|t:|1658477760
|move|p2a: Brutilda|Icicle Spear|p1a: Primarina
|-resisted|p1a: Primarina
|-damage|p1a: Primarina|18/100 slp
|-resisted|p1a: Primarina
|-damage|p1a: Primarina|7/100 slp
|-resisted|p1a: Primarina
|-damage|p1a: Primarina|0 fnt
|faint|p1a: Primarina
|-hitcount|p1: Primarina|3
|
|upkeep
|
|t:|1658477775
|switch|p1a: Zygarde|Zygarde-10%|100/100
|-ability|p1a: Zygarde|Aura Break
|turn|19
|
|t:|1658477779
|move|p1a: Zygarde|Extreme Speed|p2a: Brutilda
|-damage|p2a: Brutilda|0 fnt
|faint|p2a: Brutilda
|
|upkeep
|
|t:|1658477782
|switch|p2a: KPOP Shrek|Grimmsnarl, M, shiny|100/100
|-damage|p2a: KPOP Shrek|88/100|[from] Stealth Rock
|turn|20
|
|t:|1658477794
|switch|p1a: Tangrowth|Tangrowth, F|75/100
|move|p2a: KPOP Shrek|Reflect|p2a: KPOP Shrek
|-sidestart|p2: TheLump|Reflect
|
|-heal|p2a: KPOP Shrek|94/100|[from] item: Leftovers
|upkeep
|turn|21
|
|t:|1658477801
|move|p2a: KPOP Shrek|Thunder Wave|p1a: Tangrowth
|-status|p1a: Tangrowth|par
|move|p1a: Tangrowth|Sludge Bomb|p2a: KPOP Shrek
|-supereffective|p2a: KPOP Shrek
|-damage|p2a: KPOP Shrek|62/100
|-status|p2a: KPOP Shrek|psn
|
|-heal|p2a: KPOP Shrek|68/100 psn|[from] item: Leftovers
|-damage|p2a: KPOP Shrek|55/100 psn|[from] psn
|upkeep
|turn|22
|
|t:|1658477811
|switch|p2a: Doug Dimmadome|Weezing-Galar, M|77/100
|-damage|p2a: Doug Dimmadome|65/100|[from] Stealth Rock
|move|p1a: Tangrowth|Knock Off|p2a: Doug Dimmadome
|-resisted|p2a: Doug Dimmadome
|-damage|p2a: Doug Dimmadome|60/100
|-enditem|p2a: Doug Dimmadome|Black Sludge|[from] move: Knock Off|[of] p1a: Tangrowth
|
|upkeep
|turn|23
|
|t:|1658477824
|switch|p1a: Nihilego|Nihilego|100/100
|move|p2a: Doug Dimmadome|Defog|p1a: Nihilego
|-unboost|p1a: Nihilego|evasion|1
|-sideend|p2: TheLump|Stealth Rock|[from] move: Defog|[of] p2a: Doug Dimmadome
|
|upkeep
|turn|24
|
|t:|1658477834
|switch|p2a: KPOP Shrek|Grimmsnarl, M, shiny|55/100 psn
|move|p1a: Nihilego|Sludge Bomb|p2a: KPOP Shrek
|-supereffective|p2a: KPOP Shrek
|-damage|p2a: KPOP Shrek|0 fnt
|faint|p2a: KPOP Shrek
|-ability|p1a: Nihilego|Beast Boost|boost
|-boost|p1a: Nihilego|spa|1
|
|-sideend|p2: TheLump|Reflect
|upkeep
|
|t:|1658477837
|switch|p2a: TheGronch|Polteageist, shiny|100/100
|turn|25
|
|t:|1658477844
|move|p1a: Nihilego|Sludge Bomb|p2a: TheGronch
|-resisted|p2a: TheGronch
|-damage|p2a: TheGronch|62/100
|move|p2a: TheGronch|Shell Smash|p2a: TheGronch
|-unboost|p2a: TheGronch|def|1
|-unboost|p2a: TheGronch|spd|1
|-boost|p2a: TheGronch|atk|2
|-boost|p2a: TheGronch|spa|2
|-boost|p2a: TheGronch|spe|2
|
|upkeep
|turn|26
|
|t:|1658477861
|move|p2a: TheGronch|Stored Power|p1a: Nihilego
|-supereffective|p1a: Nihilego
|-damage|p1a: Nihilego|0 fnt
|faint|p1a: Nihilego
|
|upkeep
|
|t:|1658477865
|switch|p1a: Tangrowth|Tangrowth, F|100/100 par
|turn|27
|inactive|galactest bro ! has 120 seconds left.
|inactive|galactest bro ! has 90 seconds left.
|
|t:|1658477927
|move|p2a: TheGronch|Stored Power|p1a: Tangrowth
|-damage|p1a: Tangrowth|11/100 par
|move|p1a: Tangrowth|Knock Off|p2a: TheGronch
|-supereffective|p2a: TheGronch
|-damage|p2a: TheGronch|0 fnt
|-enditem|p2a: TheGronch|Focus Sash|[from] move: Knock Off|[of] p1a: Tangrowth
|faint|p2a: TheGronch
|
|upkeep
|
|t:|1658477934
|switch|p2a: Grumphilda|Omastar, F|1/100
|turn|28
|
|t:|1658477940
|move|p2a: Grumphilda|Shell Smash|p2a: Grumphilda
|-unboost|p2a: Grumphilda|def|1
|-unboost|p2a: Grumphilda|spd|1
|-boost|p2a: Grumphilda|atk|2
|-boost|p2a: Grumphilda|spa|2
|-boost|p2a: Grumphilda|spe|2
|move|p1a: Tangrowth|Knock Off|p2a: Grumphilda
|-damage|p2a: Grumphilda|0 fnt
|faint|p2a: Grumphilda
|
|upkeep
|
|t:|1658477943
|switch|p2a: Doug Dimmadome|Weezing-Galar, M|60/100
|turn|29
|
|t:|1658477952
|move|p2a: Doug Dimmadome|Flamethrower|p1a: Tangrowth
|-supereffective|p1a: Tangrowth
|-damage|p1a: Tangrowth|0 fnt
|faint|p1a: Tangrowth
|
|upkeep
|c|☆galactest bro !|gg
|
|t:|1658477959
|switch|p1a: Zygarde|Zygarde-10%|100/100
|-ability|p1a: Zygarde|Aura Break
|turn|30
|
|t:|1658477966
|move|p1a: Zygarde|Thousand Arrows|p2a: Doug Dimmadome
|-supereffective|p2a: Doug Dimmadome
|-damage|p2a: Doug Dimmadome|0 fnt
|faint|p2a: Doug Dimmadome
|
|win|galactest bro !
|raw|galactest bro !'s rating: 1365 &rarr; <strong>1388</strong><br />(+23 for winning)
|raw|TheLump's rating: 1421 &rarr; <strong>1398</strong><br />(-23 for losing)
|c|☆TheLump|gg
|l|☆TheLump
