|j|☆Vking5
|j|☆Van Du
|t:|1604758948
|player|p1|Vking5|marlon|
|player|p2|Van Du|skyla|
|teamsize|p1|6
|teamsize|p2|6
|gametype|singles
|gen|8
|tier|[Gen 8] UU
|clearpoke
|poke|p1|Weezing-Galar, F|
|poke|p1|Bisharp, M|
|poke|p1|Runerigus, F|
|poke|p1|Rotom-Wash|
|poke|p1|Tentacruel, F|
|poke|p1|Incineroar, M|
|poke|p2|Gigalith, M|
|poke|p2|Rotom-Wash|
|poke|p2|Ninetales-Alola, F|
|poke|p2|Incineroar, M|
|poke|p2|Salamence, M|
|poke|p2|Blacephalon|
|rule|Sleep Clause Mod: Limit one foe put to sleep
|rule|Species Clause: Limit one of each Pokémon
|rule|OHKO Clause: OHKO moves are banned
|rule|Evasion Moves Clause: Evasion moves are banned
|rule|Endless Battle Clause: Forcing endless battles is banned
|rule|HP Percentage Mod: HP is shown in percentages
|rule|Dynamax Clause: You cannot dynamax
|teampreview
|inactive|Battle timer is ON: inactive players will automatically lose when time's up. (requested by Van Du)
|
|t:|1604758963
|start
|switch|p1a: Weezing|Weezing-Galar, F|100/100
|switch|p2a: Gigalith|Gigalith, M|100/100
|turn|1
|
|t:|1604758973
|move|p1a: Weezing|Toxic|p2a: Gigalith
|-status|p2a: Gigalith|tox
|move|p2a: Gigalith|Stealth Rock|p1a: Weezing
|-sidestart|p1: Vking5|move: Stealth Rock
|
|-damage|p2a: Gigalith|94/100 tox|[from] psn
|upkeep
|turn|2
|
|t:|1604758983
|switch|p1a: Runerigus|Runerigus, F|100/100
|-damage|p1a: Runerigus|94/100|[from] Stealth Rock
|switch|p2a: Frozen Tales|Ninetales-Alola, F|100/100
|-weather|Hail|[from] ability: Snow Warning|[of] p2a: Frozen Tales
|
|-weather|Hail|[upkeep]
|-damage|p1a: Runerigus|88/100|[from] Hail
|-heal|p1a: Runerigus|94/100|[from] item: Leftovers
|upkeep
|turn|3
|
|t:|1604758995
|move|p2a: Frozen Tales|Aurora Veil|p2a: Frozen Tales
|-sidestart|p2: Van Du|move: Aurora Veil
|move|p1a: Runerigus|Toxic Spikes|p2a: Frozen Tales
|-sidestart|p2: Van Du|move: Toxic Spikes
|
|-weather|Hail|[upkeep]
|-damage|p1a: Runerigus|88/100|[from] Hail
|-heal|p1a: Runerigus|94/100|[from] item: Leftovers
|upkeep
|turn|4
|
|t:|1604759003
|move|p2a: Frozen Tales|Freeze-Dry|p1a: Runerigus
|-supereffective|p1a: Runerigus
|-crit|p1a: Runerigus
|-damage|p1a: Runerigus|34/100
|move|p1a: Runerigus|Stealth Rock|p2a: Frozen Tales
|-sidestart|p2: Van Du|move: Stealth Rock
|
|-weather|Hail|[upkeep]
|-damage|p1a: Runerigus|27/100|[from] Hail
|-heal|p1a: Runerigus|34/100|[from] item: Leftovers
|upkeep
|turn|5
|
|t:|1604759016
|switch|p1a: Tentacruel|Tentacruel, F|100/100
|-damage|p1a: Tentacruel|88/100|[from] Stealth Rock
|move|p2a: Frozen Tales|Freeze-Dry|p1a: Tentacruel
|-supereffective|p1a: Tentacruel
|-damage|p1a: Tentacruel|65/100
|
|-weather|Hail|[upkeep]
|-damage|p1a: Tentacruel|58/100|[from] Hail
|upkeep
|turn|6
|
|t:|1604759027
|switch|p2a: Free Beers|Rotom-Wash|100/100
|-damage|p2a: Free Beers|88/100|[from] Stealth Rock
|move|p1a: Tentacruel|Acid Spray|p2a: Free Beers
|-damage|p2a: Free Beers|81/100
|-unboost|p2a: Free Beers|spd|2
|
|-weather|none
|-heal|p2a: Free Beers|87/100|[from] item: Leftovers
|upkeep
|turn|7
|
|t:|1604759037
|move|p1a: Tentacruel|Giga Drain|p2a: Free Beers
|-supereffective|p2a: Free Beers
|-damage|p2a: Free Beers|53/100
|-heal|p1a: Tentacruel|73/100|[from] drain|[of] p2a: Free Beers
|move|p2a: Free Beers|Will-O-Wisp|p1a: Tentacruel|[miss]
|-miss|p2a: Free Beers|p1a: Tentacruel
|
|-heal|p2a: Free Beers|59/100|[from] item: Leftovers
|upkeep
|turn|8
|
|t:|1604759053
|move|p1a: Tentacruel|Giga Drain|p2a: Free Beers
|-supereffective|p2a: Free Beers
|-damage|p2a: Free Beers|27/100
|-heal|p1a: Tentacruel|86/100|[from] drain|[of] p2a: Free Beers
|move|p2a: Free Beers|Will-O-Wisp|p1a: Tentacruel
|-status|p1a: Tentacruel|brn
|
|-heal|p2a: Free Beers|33/100|[from] item: Leftovers
|-damage|p1a: Tentacruel|80/100 brn|[from] brn
|upkeep
|turn|9
|
|t:|1604759067
|switch|p1a: Megaman|Bisharp, M, shiny|100/100
|-damage|p1a: Megaman|94/100|[from] Stealth Rock
|move|p2a: Free Beers|Defog|p1a: Megaman
|-unboost|p1a: Megaman|evasion|1
|-ability|p1a: Megaman|Defiant
|-boost|p1a: Megaman|atk|2
|-sideend|p1: Vking5|Stealth Rock|[from] move: Defog|[of] p2a: Free Beers
|-sideend|p2: Van Du|Toxic Spikes|[from] move: Defog|[of] p2a: Free Beers
|-sideend|p2: Van Du|Stealth Rock|[from] move: Defog|[of] p2a: Free Beers
|
|-heal|p2a: Free Beers|39/100|[from] item: Leftovers
|upkeep
|turn|10
|
|t:|1604759082
|move|p1a: Megaman|Swords Dance|p1a: Megaman
|-boost|p1a: Megaman|atk|2
|move|p2a: Free Beers|Will-O-Wisp|p1a: Megaman
|-status|p1a: Megaman|brn
|
|-heal|p2a: Free Beers|45/100|[from] item: Leftovers
|-damage|p1a: Megaman|88/100 brn|[from] brn
|-sideend|p2: Van Du|move: Aurora Veil
|upkeep
|turn|11
|
|t:|1604759091
|move|p1a: Megaman|Knock Off|p2a: Free Beers
|-damage|p2a: Free Beers|0 fnt
|-enditem|p2a: Free Beers|Leftovers|[from] move: Knock Off|[of] p1a: Megaman
|faint|p2a: Free Beers
|
|-damage|p1a: Megaman|82/100 brn|[from] brn
|upkeep
|
|t:|1604759105
|switch|p2a: Gigalith|Gigalith, M|94/100 tox
|turn|12
|
|t:|1604759111
|move|p1a: Megaman|Iron Head|p2a: Gigalith
|-supereffective|p2a: Gigalith
|-damage|p2a: Gigalith|0 fnt
|faint|p2a: Gigalith
|
|-damage|p1a: Megaman|75/100 brn|[from] brn
|upkeep
|
|t:|1604759119
|switch|p2a: Frozen Tales|Ninetales-Alola, F|100/100
|-weather|Hail|[from] ability: Snow Warning|[of] p2a: Frozen Tales
|turn|13
|
|t:|1604759128
|move|p2a: Frozen Tales|Aurora Veil|p2a: Frozen Tales
|-sidestart|p2: Van Du|move: Aurora Veil
|move|p1a: Megaman|Iron Head|p2a: Frozen Tales
|-supereffective|p2a: Frozen Tales
|-damage|p2a: Frozen Tales|0 fnt
|faint|p2a: Frozen Tales
|
|-weather|Hail|[upkeep]
|-damage|p1a: Megaman|69/100 brn|[from] Hail
|-damage|p1a: Megaman|63/100 brn|[from] brn
|upkeep
|
|t:|1604759138
|switch|p2a: Unseen Fist|Incineroar, M|100/100
|-ability|p2a: Unseen Fist|Intimidate|boost
|-unboost|p1a: Megaman|atk|1
|-ability|p1a: Megaman|Defiant
|-boost|p1a: Megaman|atk|2
|turn|14
|
|t:|1604759150
|move|p2a: Unseen Fist|Drain Punch|p1a: Megaman
|-supereffective|p1a: Megaman
|-damage|p1a: Megaman|0 fnt
|faint|p1a: Megaman
|
|-weather|Hail|[upkeep]
|-damage|p2a: Unseen Fist|94/100|[from] Hail
|upkeep
|
|t:|1604759166
|switch|p1a: Runerigus|Runerigus, F|34/100
|turn|15
|
|t:|1604759174
|move|p2a: Unseen Fist|Bulk Up|p2a: Unseen Fist
|-boost|p2a: Unseen Fist|atk|1
|-boost|p2a: Unseen Fist|def|1
|move|p1a: Runerigus|Stealth Rock|p2a: Unseen Fist
|-sidestart|p2: Van Du|move: Stealth Rock
|
|-weather|Hail|[upkeep]
|-damage|p2a: Unseen Fist|88/100|[from] Hail
|-damage|p1a: Runerigus|27/100|[from] Hail
|-heal|p1a: Runerigus|34/100|[from] item: Leftovers
|upkeep
|turn|16
|
|t:|1604759185
|move|p2a: Unseen Fist|Flame Charge|p1a: Runerigus
|-damage|p1a: Runerigus|15/100
|-boost|p2a: Unseen Fist|spe|1
|-activate|p1a: Runerigus|ability: Wandering Spirit|Intimidate|Wandering Spirit|[of] p2a: Unseen Fist
|-ability|p1a: Runerigus|Intimidate|boost
|-unboost|p2a: Unseen Fist|atk|1
|move|p1a: Runerigus|Earthquake|p2a: Unseen Fist
|-supereffective|p2a: Unseen Fist
|-damage|p2a: Unseen Fist|68/100
|-enditem|p2a: Unseen Fist|Weakness Policy
|-boost|p2a: Unseen Fist|atk|2|[from] item: Weakness Policy
|-boost|p2a: Unseen Fist|spa|2|[from] item: Weakness Policy
|
|-weather|Hail|[upkeep]
|-damage|p2a: Unseen Fist|62/100|[from] Hail
|-damage|p1a: Runerigus|8/100|[from] Hail
|-heal|p1a: Runerigus|15/100|[from] item: Leftovers
|upkeep
|turn|17
|c|☆Vking5|oops what have I done
|c|☆Vking5|p
|
|t:|1604759208
|move|p2a: Unseen Fist|Flame Charge|p1a: Runerigus
|-damage|p1a: Runerigus|0 fnt
|-boost|p2a: Unseen Fist|spe|1
|faint|p1a: Runerigus
|
|-weather|none
|upkeep
|
|t:|1604759226
|switch|p1a: Weezing|Weezing-Galar, F|100/100
|turn|18
|
|t:|1604759243
|move|p2a: Unseen Fist|Power Trip|p1a: Weezing
|-resisted|p1a: Weezing
|-crit|p1a: Weezing
|-damage|p1a: Weezing|13/100
|move|p1a: Weezing|Toxic|p2a: Unseen Fist
|-status|p2a: Unseen Fist|tox
|
|-heal|p1a: Weezing|20/100|[from] item: Black Sludge
|-damage|p2a: Unseen Fist|56/100 tox|[from] psn
|upkeep
|turn|19
|
|t:|1604759254
|switch|p1a: Incineroar|Incineroar, M|100/100
|-ability|p1a: Incineroar|Intimidate|boost
|-unboost|p2a: Unseen Fist|atk|1
|move|p2a: Unseen Fist|Power Trip|p1a: Incineroar
|-resisted|p1a: Incineroar
|-damage|p1a: Incineroar|64/100
|
|-damage|p2a: Unseen Fist|44/100 tox|[from] psn
|upkeep
|turn|20
|
|t:|1604759264
|move|p2a: Unseen Fist|Drain Punch|p1a: Incineroar
|-supereffective|p1a: Incineroar
|-damage|p1a: Incineroar|8/100
|-heal|p2a: Unseen Fist|72/100 tox|[from] drain|[of] p1a: Incineroar
|-enditem|p1a: Incineroar|Weakness Policy
|-boost|p1a: Incineroar|atk|2|[from] item: Weakness Policy
|-boost|p1a: Incineroar|spa|2|[from] item: Weakness Policy
|move|p1a: Incineroar|Leech Life|p2a: Unseen Fist
|-damage|p2a: Unseen Fist|54/100 tox
|-heal|p1a: Incineroar|17/100|[from] drain|[of] p2a: Unseen Fist
|-activate|p2a: Unseen Fist|ability: Wandering Spirit|Intimidate|Wandering Spirit|[of] p1a: Incineroar
|-ability|p2a: Unseen Fist|Intimidate|boost
|-unboost|p1a: Incineroar|atk|1
|
|-damage|p2a: Unseen Fist|36/100 tox|[from] psn
|-sideend|p2: Van Du|move: Aurora Veil
|upkeep
|turn|21
|
|t:|1604759280
|move|p2a: Unseen Fist|Power Trip|p1a: Incineroar
|-resisted|p1a: Incineroar
|-damage|p1a: Incineroar|0 fnt
|-activate|p1a: Incineroar|ability: Wandering Spirit|Intimidate|Wandering Spirit|[of] p2a: Unseen Fist
|faint|p1a: Incineroar
|
|-damage|p2a: Unseen Fist|11/100 tox|[from] psn
|upkeep
|inactive|Vking5 has 270 seconds left.
|
|t:|1604759302
|switch|p1a: Weezing|Weezing-Galar, F|20/100
|turn|22
|c|☆Van Du|:p
|
|t:|1604759312
|move|p2a: Unseen Fist|Power Trip|p1a: Weezing
|-resisted|p1a: Weezing
|-damage|p1a: Weezing|0 fnt
|faint|p1a: Weezing
|
|-damage|p2a: Unseen Fist|0 fnt|[from] psn
|faint|p2a: Unseen Fist
|upkeep
|
|t:|1604759328
|switch|p2a: Skybus|Salamence, M, shiny|100/100
|switch|p1a: Tentacruel|Tentacruel, F|80/100 brn
|-damage|p2a: Skybus|76/100|[from] Stealth Rock
|turn|23
|
|t:|1604759340
|move|p2a: Skybus|Dragon Dance|p2a: Skybus
|-boost|p2a: Skybus|atk|1
|-boost|p2a: Skybus|spe|1
|move|p1a: Tentacruel|Scald|p2a: Skybus
|-resisted|p2a: Skybus
|-damage|p2a: Skybus|55/100
|
|-damage|p1a: Tentacruel|74/100 brn|[from] brn
|upkeep
|turn|24
|
|t:|1604759350
|move|p2a: Skybus|Dragon Dance|p2a: Skybus
|-boost|p2a: Skybus|atk|1
|-boost|p2a: Skybus|spe|1
|move|p1a: Tentacruel|Scald|p2a: Skybus
|-resisted|p2a: Skybus
|-damage|p2a: Skybus|32/100
|-status|p2a: Skybus|brn
|-enditem|p2a: Skybus|Lum Berry|[eat]
|-curestatus|p2a: Skybus|brn|[msg]
|
|-damage|p1a: Tentacruel|68/100 brn|[from] brn
|upkeep
|turn|25
|c|☆Vking5|ah gg
|
|t:|1604759367
|switch|p1a: Rotom|Rotom-Wash|100/100
|move|p2a: Skybus|Dual Wingbeat|p1a: Rotom
|-resisted|p1a: Rotom
|-damage|p1a: Rotom|78/100
|-resisted|p1a: Rotom
|-damage|p1a: Rotom|55/100
|-hitcount|p1a: Rotom|2
|
|upkeep
|turn|26
|
|t:|1604759376
|move|p2a: Skybus|Brick Break|p1a: Rotom
|-damage|p1a: Rotom|0 fnt
|faint|p1a: Rotom
|-ability|p2a: Skybus|Moxie|boost
|-boost|p2a: Skybus|atk|1
|
|upkeep
|
|t:|1604759380
|switch|p1a: Tentacruel|Tentacruel, F|68/100 brn
|turn|27
|
|t:|1604759384
|move|p2a: Skybus|Earthquake|p1a: Tentacruel
|-supereffective|p1a: Tentacruel
|-damage|p1a: Tentacruel|0 fnt
|faint|p1a: Tentacruel
|
|win|Van Du
|c|☆Van Du|Phew
|c|☆Vking5|haha bisharp is good bro
|c|☆Vking5|you should try him
|c|☆Van Du|yup
|c|☆Vking5|I only have 1 team btw
|c|☆Van Du|:/ if you had sticky web, he can be better
|c|☆Vking5|truee
|c|☆Vking5|mine is 252speed
|c|☆Vking5|always surprises ppl
|c|☆Vking5|usually he is run with 252 hp
|c|☆Van Du|Can you send me your import team, wanna try it
|c|☆Vking5|ah I have to go now
|c|☆Vking5|yes sureee
|c|☆Van Du|thanks
|c|☆Vking5|on discord or here
|c|☆Van Du|discord pls
|l|☆Van Du
|c|☆Vking5|okkayy
