|j|☆Mimilucha
|j|☆senegal
|t:|1661036022
|gametype|singles
|player|p1|Mimilucha|ethan-masters|
|player|p2|senegal|1|
|teamsize|p1|6
|teamsize|p2|6
|gen|8
|tier|[Gen 8] UU
|rated|Tournament battle
|rule|Sleep Clause Mod: Limit one foe put to sleep
|rule|Species Clause: Limit one of each Pokémon
|rule|OHKO Clause: OHKO moves are banned
|rule|Evasion Items Clause: Evasion items are banned
|rule|Evasion Moves Clause: Evasion moves are banned
|rule|Endless Battle Clause: Forcing endless battles is banned
|rule|HP Percentage Mod: HP is shown in percentages
|rule|Dynamax Clause: You cannot dynamax
|clearpoke
|poke|p1|Raikou|
|poke|p1|Scizor, F|
|poke|p1|Hippowdon, M|
|poke|p1|Zarude|
|poke|p1|Moltres|
|poke|p1|Slowking, F|
|poke|p2|Nihilego|
|poke|p2|Salamence, F|
|poke|p2|Hippowdon, F|
|poke|p2|Conkeldurr, F|
|poke|p2|Ninetales, M|
|poke|p2|Jirachi|
|teampreview
|j| openingjuke
|j| All Systems Down
|
|t:|1661036067
|start
|switch|p1a: Hippowdon|Hippowdon, M|100/100
|switch|p2a: Hippowdon|Hippowdon, F|100/100
|-weather|Sandstorm|[from] ability: Sand Stream|[of] p1a: Hippowdon
|turn|1
|l| openingjuke
|
|t:|1661036091
|switch|p1a: Scizor|Scizor, F|100/100
|move|p2a: Hippowdon|Stealth Rock|p1a: Scizor
|-sidestart|p1: Mimilucha|move: Stealth Rock
|
|-weather|Sandstorm|[upkeep]
|upkeep
|turn|2
|
|t:|1661036097
|move|p1a: Scizor|Knock Off|p2a: Hippowdon
|-damage|p2a: Hippowdon|82/100
|-damage|p1a: Scizor|84/100|[from] item: Rocky Helmet|[of] p2a: Hippowdon
|-enditem|p2a: Hippowdon|Rocky Helmet|[from] move: Knock Off|[of] p1a: Scizor
|move|p2a: Hippowdon|Earthquake|p1a: Scizor
|-damage|p1a: Scizor|49/100
|
|-weather|Sandstorm|[upkeep]
|upkeep
|turn|3
|
|t:|1661036104
|move|p1a: Scizor|Roost|p1a: Scizor
|-heal|p1a: Scizor|99/100
|-singleturn|p1a: Scizor|move: Roost
|move|p2a: Hippowdon|Slack Off|p2a: Hippowdon
|-heal|p2a: Hippowdon|100/100
|
|-weather|Sandstorm|[upkeep]
|upkeep
|turn|4
|
|t:|1661036114
|move|p1a: Scizor|Swords Dance|p1a: Scizor
|-boost|p1a: Scizor|atk|2
|move|p2a: Hippowdon|Earthquake|p1a: Scizor
|-damage|p1a: Scizor|64/100
|
|-weather|Sandstorm|[upkeep]
|upkeep
|turn|5
|
|t:|1661036165
|move|p1a: Scizor|Roost|p1a: Scizor
|-heal|p1a: Scizor|100/100
|-singleturn|p1a: Scizor|move: Roost
|move|p2a: Hippowdon|Earthquake|p1a: Scizor
|-damage|p1a: Scizor|71/100
|
|-weather|none
|upkeep
|turn|6
|
|t:|1661036171
|move|p1a: Scizor|Knock Off|p2a: Hippowdon
|-damage|p2a: Hippowdon|76/100
|move|p2a: Hippowdon|Whirlwind|p1a: Scizor
|drag|p1a: Hippowdon|Hippowdon, M|100/100
|-damage|p1a: Hippowdon|94/100|[from] Stealth Rock
|-weather|Sandstorm|[from] ability: Sand Stream|[of] p1a: Hippowdon
|
|-weather|Sandstorm|[upkeep]
|-heal|p1a: Hippowdon|100/100|[from] item: Leftovers
|upkeep
|turn|7
|
|t:|1661036185
|switch|p2a: Salamence|Salamence, F|100/100
|-ability|p2a: Salamence|Intimidate|boost
|-unboost|p1a: Hippowdon|atk|1
|move|p1a: Hippowdon|Stealth Rock|p2a: Salamence
|-sidestart|p2: senegal|move: Stealth Rock
|
|-weather|Sandstorm|[upkeep]
|-damage|p2a: Salamence|94/100|[from] Sandstorm
|upkeep
|turn|8
|
|t:|1661036192
|switch|p1a: Slowking|Slowking, F|100/100
|-damage|p1a: Slowking|88/100|[from] Stealth Rock
|move|p2a: Salamence|Toxic|p1a: Slowking
|-status|p1a: Slowking|tox
|
|-weather|Sandstorm|[upkeep]
|-damage|p2a: Salamence|88/100|[from] Sandstorm
|-damage|p1a: Slowking|82/100 tox|[from] Sandstorm
|-damage|p1a: Slowking|76/100 tox|[from] psn
|upkeep
|turn|9
|
|t:|1661036217
|switch|p2a: Jirachi|Jirachi|100/100
|-damage|p2a: Jirachi|94/100|[from] Stealth Rock
|move|p1a: Slowking|Teleport|p1a: Slowking
|
|t:|1661036221
|switch|p1a: Moltres|Moltres|100/100|[from]move: Teleport
|
|-weather|Sandstorm|[upkeep]
|-damage|p1a: Moltres|94/100|[from] Sandstorm
|-heal|p2a: Jirachi|100/100|[from] item: Leftovers
|upkeep
|turn|10
|j| BigBoootyBuddha
|j| Queen of Bean ✿
|
|t:|1661036251
|switch|p2a: Nihilego|Nihilego|100/100
|-damage|p2a: Nihilego|88/100|[from] Stealth Rock
|move|p1a: Moltres|U-turn|p2a: Nihilego
|-resisted|p2a: Nihilego
|-damage|p2a: Nihilego|78/100
|
|t:|1661036256
|switch|p1a: Zarude|Zarude|100/100|[from]move: U-turn
|-damage|p1a: Zarude|88/100|[from] Stealth Rock
|
|-weather|none
|upkeep
|turn|11
|
|t:|1661036266
|switch|p2a: Salamence|Salamence, F|88/100
|-ability|p2a: Salamence|Intimidate|boost
|-unboost|p1a: Zarude|atk|1
|move|p1a: Zarude|U-turn|p2a: Salamence
|-resisted|p2a: Salamence
|-damage|p2a: Salamence|79/100
|
|t:|1661036278
|switch|p1a: Raikou|Raikou|100/100|[from]move: U-turn
|
|upkeep
|turn|12
|c| Queen of Bean ✿|oh my a ninetales
|
|t:|1661036292
|switch|p2a: Jirachi|Jirachi|100/100
|-damage|p2a: Jirachi|94/100|[from] Stealth Rock
|move|p1a: Raikou|Scald|p2a: Jirachi
|-damage|p2a: Jirachi|77/100
|
|-heal|p2a: Jirachi|83/100|[from] item: Leftovers
|upkeep
|turn|13
|
|t:|1661036298
|move|p1a: Raikou|Scald|p2a: Jirachi
|-damage|p2a: Jirachi|67/100
|move|p2a: Jirachi|Wish|p2a: Jirachi
|
|-heal|p2a: Jirachi|74/100|[from] item: Leftovers
|upkeep
|turn|14
|
|t:|1661036309
|move|p1a: Raikou|Scald|p2a: Jirachi
|-damage|p2a: Jirachi|58/100
|move|p2a: Jirachi|U-turn|p1a: Raikou
|-damage|p1a: Raikou|80/100
|
|t:|1661036314
|switch|p2a: Hippowdon|Hippowdon, F|76/100|[from]move: U-turn
|-damage|p2a: Hippowdon|70/100|[from] Stealth Rock
|-weather|Sandstorm|[from] ability: Sand Stream|[of] p2a: Hippowdon
|
|-weather|Sandstorm|[upkeep]
|-damage|p1a: Raikou|74/100|[from] Sandstorm
|-heal|p2a: Hippowdon|100/100|[from] move: Wish|[wisher] Jirachi
|upkeep
|turn|15
|
|t:|1661036320
|switch|p1a: Hippowdon|Hippowdon, M|100/100
|-damage|p1a: Hippowdon|94/100|[from] Stealth Rock
|switch|p2a: Jirachi|Jirachi|58/100
|-damage|p2a: Jirachi|52/100|[from] Stealth Rock
|
|-weather|Sandstorm|[upkeep]
|-heal|p2a: Jirachi|58/100|[from] item: Leftovers
|-heal|p1a: Hippowdon|100/100|[from] item: Leftovers
|upkeep
|turn|16
|l| BigBoootyBuddha
|
|t:|1661036339
|switch|p2a: Salamence|Salamence, F|79/100
|-ability|p2a: Salamence|Intimidate|boost
|-unboost|p1a: Hippowdon|atk|1
|move|p1a: Hippowdon|Toxic|p2a: Salamence
|-status|p2a: Salamence|tox
|
|-weather|Sandstorm|[upkeep]
|-damage|p2a: Salamence|73/100 tox|[from] Sandstorm
|-damage|p2a: Salamence|67/100 tox|[from] psn
|upkeep
|turn|17
|j|+justdrew
|
|t:|1661036346
|switch|p1a: Slowking|Slowking, F|100/100 tox
|-damage|p1a: Slowking|88/100 tox|[from] Stealth Rock
|move|p2a: Salamence|Roost|p2a: Salamence
|-heal|p2a: Salamence|100/100 tox
|-singleturn|p2a: Salamence|move: Roost
|
|-weather|Sandstorm|[upkeep]
|-damage|p2a: Salamence|94/100 tox|[from] Sandstorm
|-damage|p1a: Slowking|82/100 tox|[from] Sandstorm
|-damage|p2a: Salamence|82/100 tox|[from] psn
|-damage|p1a: Slowking|76/100 tox|[from] psn
|upkeep
|turn|18
|
|t:|1661036351
|switch|p2a: Jirachi|Jirachi|58/100
|-damage|p2a: Jirachi|52/100|[from] Stealth Rock
|move|p1a: Slowking|Teleport|p1a: Slowking
|
|t:|1661036359
|switch|p1a: Zarude|Zarude|88/100|[from]move: Teleport
|-damage|p1a: Zarude|76/100|[from] Stealth Rock
|
|-weather|none
|-heal|p2a: Jirachi|58/100|[from] item: Leftovers
|upkeep
|turn|19
|l|+justdrew
|
|t:|1661036369
|switch|p2a: Salamence|Salamence, F|82/100 tox
|-ability|p2a: Salamence|Intimidate|boost
|-unboost|p1a: Zarude|atk|1
|move|p1a: Zarude|Darkest Lariat|p2a: Salamence
|-crit|p2a: Salamence
|-damage|p2a: Salamence|19/100 tox
|
|-damage|p2a: Salamence|13/100 tox|[from] psn
|upkeep
|turn|20
|
|t:|1661036378
|move|p1a: Zarude|Darkest Lariat|p2a: Salamence
|-damage|p2a: Salamence|0 fnt
|faint|p2a: Salamence
|
|upkeep
|
|t:|1661036379
|switch|p2a: Conkeldurr|Conkeldurr, F|100/100
|-damage|p2a: Conkeldurr|94/100|[from] Stealth Rock
|turn|21
|
|t:|1661036391
|switch|p1a: Slowking|Slowking, F|100/100 tox
|-damage|p1a: Slowking|88/100 tox|[from] Stealth Rock
|move|p2a: Conkeldurr|Knock Off|p1a: Slowking
|-supereffective|p1a: Slowking
|-crit|p1a: Slowking
|-enditem|p1a: Slowking|Colbur Berry|[eat]
|-enditem|p1a: Slowking|Colbur Berry|[weaken]
|-damage|p1a: Slowking|38/100 tox
|
|-heal|p2a: Conkeldurr|100/100|[from] item: Leftovers
|-damage|p1a: Slowking|32/100 tox|[from] psn
|upkeep
|turn|22
|
|t:|1661036403
|move|p2a: Conkeldurr|Knock Off|p1a: Slowking
|-supereffective|p1a: Slowking
|-damage|p1a: Slowking|0 fnt
|faint|p1a: Slowking
|
|upkeep
|
|t:|1661036407
|switch|p1a: Moltres|Moltres|94/100
|turn|23
|
|t:|1661036425
|switch|p2a: Nihilego|Nihilego|78/100
|-damage|p2a: Nihilego|65/100|[from] Stealth Rock
|move|p1a: Moltres|U-turn|p2a: Nihilego
|-resisted|p2a: Nihilego
|-damage|p2a: Nihilego|55/100
|
|t:|1661036431
|switch|p1a: Scizor|Scizor, F|71/100|[from]move: U-turn
|
|upkeep
|turn|24
|
|t:|1661036441
|switch|p2a: Hippowdon|Hippowdon, F|100/100
|-damage|p2a: Hippowdon|94/100|[from] Stealth Rock
|-weather|Sandstorm|[from] ability: Sand Stream|[of] p2a: Hippowdon
|move|p1a: Scizor|Bullet Punch|p2a: Hippowdon
|-damage|p2a: Hippowdon|75/100
|
|-weather|Sandstorm|[upkeep]
|upkeep
|turn|25
|
|t:|1661036448
|switch|p1a: Moltres|Moltres|94/100
|move|p2a: Hippowdon|Slack Off|p2a: Hippowdon
|-heal|p2a: Hippowdon|100/100
|
|-weather|Sandstorm|[upkeep]
|-damage|p1a: Moltres|88/100|[from] Sandstorm
|upkeep
|turn|26
|
|t:|1661036452
|move|p1a: Moltres|U-turn|p2a: Hippowdon
|-damage|p2a: Hippowdon|92/100
|
|t:|1661036455
|switch|p1a: Hippowdon|Hippowdon, M|100/100|[from]move: U-turn
|-damage|p1a: Hippowdon|94/100|[from] Stealth Rock
|move|p2a: Hippowdon|Whirlwind|p1a: Hippowdon
|drag|p1a: Moltres|Moltres|88/100
|
|-weather|Sandstorm|[upkeep]
|-damage|p1a: Moltres|82/100|[from] Sandstorm
|upkeep
|turn|27
|
|t:|1661036461
|switch|p2a: Nihilego|Nihilego|55/100
|-damage|p2a: Nihilego|43/100|[from] Stealth Rock
|move|p1a: Moltres|U-turn|p2a: Nihilego
|-resisted|p2a: Nihilego
|-damage|p2a: Nihilego|32/100
|
|t:|1661036465
|switch|p1a: Scizor|Scizor, F|71/100|[from]move: U-turn
|
|-weather|Sandstorm|[upkeep]
|upkeep
|turn|28
|
|t:|1661036472
|switch|p2a: Hippowdon|Hippowdon, F|92/100
|-damage|p2a: Hippowdon|86/100|[from] Stealth Rock
|move|p1a: Scizor|Roost|p1a: Scizor
|-heal|p1a: Scizor|100/100
|-singleturn|p1a: Scizor|move: Roost
|
|-weather|none
|upkeep
|turn|29
|
|t:|1661036475
|move|p1a: Scizor|Swords Dance|p1a: Scizor
|-boost|p1a: Scizor|atk|2
|move|p2a: Hippowdon|Whirlwind|p1a: Scizor
|drag|p1a: Raikou|Raikou|74/100
|
|upkeep
|turn|30
|
|t:|1661036485
|switch|p1a: Hippowdon|Hippowdon, M|94/100
|-damage|p1a: Hippowdon|88/100|[from] Stealth Rock
|-weather|Sandstorm|[from] ability: Sand Stream|[of] p1a: Hippowdon
|switch|p2a: Jirachi|Jirachi|58/100
|-damage|p2a: Jirachi|52/100|[from] Stealth Rock
|
|-weather|Sandstorm|[upkeep]
|-heal|p2a: Jirachi|58/100|[from] item: Leftovers
|-heal|p1a: Hippowdon|94/100|[from] item: Leftovers
|upkeep
|turn|31
|
|t:|1661036492
|move|p2a: Jirachi|Wish|p2a: Jirachi
|move|p1a: Hippowdon|Earthquake|p2a: Jirachi
|-supereffective|p2a: Jirachi
|-crit|p2a: Jirachi
|-damage|p2a: Jirachi|0 fnt
|faint|p2a: Jirachi
|
|-weather|Sandstorm|[upkeep]
|-heal|p1a: Hippowdon|100/100|[from] item: Leftovers
|upkeep
|
|t:|1661036510
|switch|p2a: Hippowdon|Hippowdon, F|86/100
|-damage|p2a: Hippowdon|80/100|[from] Stealth Rock
|turn|32
|
|t:|1661036515
|switch|p2a: Nihilego|Nihilego|32/100
|-damage|p2a: Nihilego|20/100|[from] Stealth Rock
|move|p1a: Hippowdon|Toxic|p2a: Nihilego
|-immune|p2a: Nihilego
|
|-weather|Sandstorm|[upkeep]
|-heal|p2a: Nihilego|76/100|[from] move: Wish|[wisher] Jirachi
|upkeep
|turn|33
|
|t:|1661036522
|switch|p2a: Conkeldurr|Conkeldurr, F|100/100
|-damage|p2a: Conkeldurr|94/100|[from] Stealth Rock
|move|p1a: Hippowdon|Earthquake|p2a: Conkeldurr
|-damage|p2a: Conkeldurr|65/100
|
|-weather|Sandstorm|[upkeep]
|-damage|p2a: Conkeldurr|58/100|[from] Sandstorm
|-heal|p2a: Conkeldurr|65/100|[from] item: Leftovers
|upkeep
|turn|34
|
|t:|1661036525
|move|p1a: Hippowdon|Toxic|p2a: Conkeldurr
|-status|p2a: Conkeldurr|tox
|move|p2a: Conkeldurr|Drain Punch|p1a: Hippowdon
|-damage|p1a: Hippowdon|59/100
|-heal|p2a: Conkeldurr|86/100 tox|[from] drain|[of] p1a: Hippowdon
|
|-weather|none
|-heal|p1a: Hippowdon|65/100|[from] item: Leftovers
|-heal|p2a: Conkeldurr|92/100 tox|[from] item: Leftovers
|-damage|p2a: Conkeldurr|86/100 tox|[from] psn
|upkeep
|turn|35
|
|t:|1661036544
|move|p1a: Hippowdon|Slack Off|p1a: Hippowdon
|-heal|p1a: Hippowdon|100/100
|move|p2a: Conkeldurr|Knock Off|p1a: Hippowdon
|-damage|p1a: Hippowdon|63/100
|-enditem|p1a: Hippowdon|Leftovers|[from] move: Knock Off|[of] p2a: Conkeldurr
|
|-heal|p2a: Conkeldurr|92/100 tox|[from] item: Leftovers
|-damage|p2a: Conkeldurr|80/100 tox|[from] psn
|upkeep
|turn|36
|
|t:|1661036555
|move|p1a: Hippowdon|Earthquake|p2a: Conkeldurr
|-damage|p2a: Conkeldurr|45/100 tox
|move|p2a: Conkeldurr|Bulk Up|p2a: Conkeldurr
|-boost|p2a: Conkeldurr|atk|1
|-boost|p2a: Conkeldurr|def|1
|
|-heal|p2a: Conkeldurr|51/100 tox|[from] item: Leftovers
|-damage|p2a: Conkeldurr|33/100 tox|[from] psn
|upkeep
|turn|37
|
|t:|1661036561
|switch|p1a: Moltres|Moltres|82/100
|move|p2a: Conkeldurr|Drain Punch|p1a: Moltres
|-resisted|p1a: Moltres
|-damage|p1a: Moltres|23/100
|-heal|p2a: Conkeldurr|58/100 tox|[from] drain|[of] p1a: Moltres
|
|-heal|p2a: Conkeldurr|64/100 tox|[from] item: Leftovers
|-damage|p2a: Conkeldurr|39/100 tox|[from] psn
|upkeep
|turn|38
|
|t:|1661036574
|move|p1a: Moltres|Flamethrower|p2a: Conkeldurr
|-damage|p2a: Conkeldurr|0 fnt
|faint|p2a: Conkeldurr
|
|upkeep
|
|t:|1661036576
|switch|p2a: Nihilego|Nihilego|76/100
|-damage|p2a: Nihilego|64/100|[from] Stealth Rock
|turn|39
|
|t:|1661036582
|move|p2a: Nihilego|Power Gem|p1a: Moltres
|-supereffective|p1a: Moltres
|-damage|p1a: Moltres|0 fnt
|faint|p1a: Moltres
|-ability|p2a: Nihilego|Beast Boost|boost
|-boost|p2a: Nihilego|spe|1
|
|upkeep
|
|t:|1661036588
|switch|p1a: Scizor|Scizor, F|100/100
|turn|40
|
|t:|1661036593
|switch|p2a: Hippowdon|Hippowdon, F|80/100
|-damage|p2a: Hippowdon|74/100|[from] Stealth Rock
|-weather|Sandstorm|[from] ability: Sand Stream|[of] p2a: Hippowdon
|move|p1a: Scizor|Bullet Punch|p2a: Hippowdon
|-damage|p2a: Hippowdon|56/100
|
|-weather|Sandstorm|[upkeep]
|upkeep
|turn|41
|
|t:|1661036599
|move|p1a: Scizor|Knock Off|p2a: Hippowdon
|-damage|p2a: Hippowdon|44/100
|move|p2a: Hippowdon|Slack Off|p2a: Hippowdon
|-heal|p2a: Hippowdon|94/100
|
|-weather|Sandstorm|[upkeep]
|upkeep
|turn|42
|
|t:|1661036603
|move|p1a: Scizor|Knock Off|p2a: Hippowdon
|-damage|p2a: Hippowdon|81/100
|move|p2a: Hippowdon|Whirlwind|p1a: Scizor
|drag|p1a: Raikou|Raikou|74/100
|
|-weather|Sandstorm|[upkeep]
|-damage|p1a: Raikou|67/100|[from] Sandstorm
|upkeep
|turn|43
|
|t:|1661036617
|move|p1a: Raikou|Scald|p2a: Hippowdon
|-supereffective|p2a: Hippowdon
|-damage|p2a: Hippowdon|38/100
|move|p2a: Hippowdon|Earthquake|p1a: Raikou
|-supereffective|p1a: Raikou
|-damage|p1a: Raikou|0 fnt
|faint|p1a: Raikou
|
|-weather|Sandstorm|[upkeep]
|upkeep
|
|t:|1661036628
|switch|p1a: Hippowdon|Hippowdon, M|63/100
|-damage|p1a: Hippowdon|56/100|[from] Stealth Rock
|turn|44
|
|t:|1661036641
|switch|p2a: Ninetales|Ninetales, M|100/100
|-weather|SunnyDay|[from] ability: Drought|[of] p2a: Ninetales
|move|p1a: Hippowdon|Slack Off|p1a: Hippowdon
|-heal|p1a: Hippowdon|100/100
|
|-weather|SunnyDay|[upkeep]
|upkeep
|turn|45
|
|t:|1661036648
|switch|p1a: Zarude|Zarude|76/100
|-damage|p1a: Zarude|64/100|[from] Stealth Rock
|move|p2a: Ninetales|Solar Beam||[still]
|-prepare|p2a: Ninetales|Solar Beam
|-anim|p2a: Ninetales|Solar Beam|p1a: Zarude
|-resisted|p1a: Zarude
|-damage|p1a: Zarude|50/100
|
|-weather|SunnyDay|[upkeep]
|upkeep
|turn|46
|
|t:|1661036651
|switch|p2a: Hippowdon|Hippowdon, F|38/100
|-damage|p2a: Hippowdon|32/100|[from] Stealth Rock
|-weather|Sandstorm|[from] ability: Sand Stream|[of] p2a: Hippowdon
|move|p1a: Zarude|Darkest Lariat|p2a: Hippowdon
|-damage|p2a: Hippowdon|0 fnt
|faint|p2a: Hippowdon
|
|-weather|Sandstorm|[upkeep]
|-damage|p1a: Zarude|44/100|[from] Sandstorm
|upkeep
|
|t:|1661036654
|switch|p2a: Nihilego|Nihilego|64/100
|-damage|p2a: Nihilego|52/100|[from] Stealth Rock
|turn|47
|
|t:|1661036660
|move|p1a: Zarude|Darkest Lariat|p2a: Nihilego
|-damage|p2a: Nihilego|0 fnt
|faint|p2a: Nihilego
|
|-weather|Sandstorm|[upkeep]
|-damage|p1a: Zarude|38/100|[from] Sandstorm
|upkeep
|
|t:|1661036662
|switch|p2a: Ninetales|Ninetales, M|100/100
|-weather|SunnyDay|[from] ability: Drought|[of] p2a: Ninetales
|turn|48
|
|t:|1661036666
|move|p1a: Zarude|Darkest Lariat|p2a: Ninetales
|-damage|p2a: Ninetales|8/100
|move|p2a: Ninetales|Fire Blast|p1a: Zarude
|-supereffective|p1a: Zarude
|-damage|p1a: Zarude|0 fnt
|faint|p1a: Zarude
|
|-weather|SunnyDay|[upkeep]
|upkeep
|-message|senegal forfeited.
|
|win|Mimilucha
|n|☆Mimilucha|mimilucha
|n|☆senegal|senegal
|n| All Systems Down|allsystemsdown
|n| Queen of Bean ✿|queenofbean
