|raw|<div class="broadcast-blue"><strong>This battle is required to be public due to a player having a name starting with 'uult91w'.</div>
|j|☆UULT91w OnArceus
|j|☆UULT91wpokemonisfu
|t:|1651925503
|gametype|singles
|player|p1|UULT91w OnArceus|#scl1islanders|1595
|player|p2|UULT91wpokemonisfu|1|1733
|teamsize|p1|6
|teamsize|p2|6
|gen|8
|tier|[Gen 8] UU
|rated|
|rule|Sleep Clause Mod: Limit one foe put to sleep
|rule|Species Clause: Limit one of each Pokémon
|rule|OHKO Clause: OHKO moves are banned
|rule|Evasion Moves Clause: Evasion moves are banned
|rule|Endless Battle Clause: Forcing endless battles is banned
|rule|HP Percentage Mod: HP is shown in percentages
|rule|Dynamax Clause: You cannot dynamax
|clearpoke
|poke|p1|Hippowdon, F|
|poke|p1|Amoonguss, F|
|poke|p1|Salamence, F|
|poke|p1|Scizor, M|
|poke|p1|Raikou|
|poke|p1|Primarina, F|
|poke|p2|Zygarde-10%|
|poke|p2|Primarina, F|
|poke|p2|Scizor, M|
|poke|p2|Slowking, F|
|poke|p2|Krookodile, M|
|poke|p2|Rotom-Heat|
|teampreview
|j| UULT91w Micciu
|j| Mimilucha
|j| cafay sukray
|j|+Mihowk
|
|t:|1651925531
|start
|switch|p1a: Primarina|Primarina, F|100/100
|switch|p2a: shakey bakey|Rotom-Heat|100/100
|turn|1
|
|t:|1651925548
|switch|p2a: think PINK|Slowking, F|100/100
|move|p1a: Primarina|Scald|p2a: think PINK
|-resisted|p2a: think PINK
|-damage|p2a: think PINK|88/100
|-status|p2a: think PINK|brn
|
|-damage|p2a: think PINK|82/100 brn|[from] brn
|upkeep
|turn|2
|
|t:|1651925554
|move|p1a: Primarina|Moonblast|p2a: think PINK
|-damage|p2a: think PINK|51/100 brn
|-unboost|p2a: think PINK|spa|1
|move|p2a: think PINK|Future Sight|p1a: Primarina
|-start|p2a: think PINK|move: Future Sight
|
|-damage|p2a: think PINK|45/100 brn|[from] brn
|upkeep
|turn|3
|
|t:|1651925559
|move|p1a: Primarina|Moonblast|p2a: think PINK
|-damage|p2a: think PINK|14/100 brn
|move|p2a: think PINK|Slack Off|p2a: think PINK
|-heal|p2a: think PINK|64/100 brn
|
|-damage|p2a: think PINK|58/100 brn|[from] brn
|upkeep
|turn|4
|
|t:|1651925563
|move|p1a: Primarina|Moonblast|p2a: think PINK
|-damage|p2a: think PINK|26/100 brn
|move|p2a: think PINK|Slack Off|p2a: think PINK
|-heal|p2a: think PINK|76/100 brn
|
|-end|p1a: Primarina|move: Future Sight
|-damage|p1a: Primarina|82/100
|-heal|p1a: Primarina|88/100|[from] item: Leftovers
|-damage|p2a: think PINK|70/100 brn|[from] brn
|upkeep
|turn|5
|
|t:|1651925567
|switch|p1a: Hippowdon|Hippowdon, F|100/100
|-weather|Sandstorm|[from] ability: Sand Stream|[of] p1a: Hippowdon
|move|p2a: think PINK|Slack Off|p2a: think PINK
|-heal|p2a: think PINK|100/100 brn
|
|-weather|Sandstorm|[upkeep]
|-damage|p2a: think PINK|94/100 brn|[from] Sandstorm
|-damage|p2a: think PINK|88/100 brn|[from] brn
|upkeep
|turn|6
|
|t:|1651925579
|move|p1a: Hippowdon|Stealth Rock|p2a: think PINK
|-sidestart|p2: UULT91wpokemonisfu|move: Stealth Rock
|move|p2a: think PINK|Future Sight|p1a: Hippowdon
|-start|p2a: think PINK|move: Future Sight
|
|-weather|Sandstorm|[upkeep]
|-damage|p2a: think PINK|82/100 brn|[from] Sandstorm
|-damage|p2a: think PINK|76/100 brn|[from] brn
|upkeep
|turn|7
|
|t:|1651925587
|switch|p1a: Primarina|Primarina, F|88/100
|switch|p2a: chuggy buggy|Scizor, M|100/100
|
|-weather|Sandstorm|[upkeep]
|-damage|p1a: Primarina|82/100|[from] Sandstorm
|-heal|p1a: Primarina|88/100|[from] item: Leftovers
|upkeep
|turn|8
|j| bao26062002
|
|t:|1651925597
|move|p2a: chuggy buggy|Knock Off|p1a: Primarina
|-resisted|p1a: Primarina
|-damage|p1a: Primarina|74/100
|-enditem|p1a: Primarina|Leftovers|[from] move: Knock Off|[of] p2a: chuggy buggy
|move|p1a: Primarina|Scald|p2a: chuggy buggy
|-damage|p2a: chuggy buggy|62/100
|
|-weather|Sandstorm|[upkeep]
|-damage|p1a: Primarina|68/100|[from] Sandstorm
|-end|p1a: Primarina|move: Future Sight
|-damage|p1a: Primarina|39/100
|upkeep
|turn|9
|j| Skyrio
|
|t:|1651925613
|move|p2a: chuggy buggy|Swords Dance|p2a: chuggy buggy
|-boost|p2a: chuggy buggy|atk|2
|move|p1a: Primarina|Rest|p1a: Primarina
|-status|p1a: Primarina|slp|[from] move: Rest
|-heal|p1a: Primarina|100/100 slp|[silent]
|
|-weather|none
|upkeep
|turn|10
|
|t:|1651925625
|switch|p1a: Salamence|Salamence, F|100/100
|-ability|p1a: Salamence|Intimidate|boost
|-unboost|p2a: chuggy buggy|atk|1
|move|p2a: chuggy buggy|Knock Off|p1a: Salamence
|-damage|p1a: Salamence|64/100
|-enditem|p1a: Salamence|Heavy-Duty Boots|[from] move: Knock Off|[of] p2a: chuggy buggy
|
|upkeep
|turn|11
|
|t:|1651925638
|switch|p2a: shakey bakey|Rotom-Heat|100/100
|move|p1a: Salamence|Roost|p1a: Salamence
|-heal|p1a: Salamence|100/100
|-singleturn|p1a: Salamence|move: Roost
|
|upkeep
|turn|12
|
|t:|1651925646
|switch|p1a: Hippowdon|Hippowdon, F|100/100
|-weather|Sandstorm|[from] ability: Sand Stream|[of] p1a: Hippowdon
|move|p2a: shakey bakey|Defog|p1a: Hippowdon
|-unboost|p1a: Hippowdon|evasion|1
|-sideend|p2: UULT91wpokemonisfu|Stealth Rock|[from] move: Defog|[of] p2a: shakey bakey
|
|-weather|Sandstorm|[upkeep]
|-damage|p2a: shakey bakey|95/100|[from] Sandstorm
|upkeep
|turn|13
|
|t:|1651925651
|switch|p2a: seal that squeals|Primarina, F|100/100
|move|p1a: Hippowdon|Toxic|p2a: seal that squeals
|-status|p2a: seal that squeals|tox
|
|-weather|Sandstorm|[upkeep]
|-damage|p2a: seal that squeals|95/100 tox|[from] Sandstorm
|-damage|p2a: seal that squeals|89/100 tox|[from] psn
|upkeep
|turn|14
|
|t:|1651925655
|switch|p1a: Amoonguss|Amoonguss, F|100/100
|move|p2a: seal that squeals|Psychic|p1a: Amoonguss
|-supereffective|p1a: Amoonguss
|-damage|p1a: Amoonguss|3/100
|-unboost|p1a: Amoonguss|spd|1
|
|-weather|Sandstorm|[upkeep]
|-damage|p2a: seal that squeals|83/100 tox|[from] Sandstorm
|-damage|p1a: Amoonguss|0 fnt|[from] Sandstorm
|faint|p1a: Amoonguss
|-damage|p2a: seal that squeals|71/100 tox|[from] psn
|upkeep
|
|t:|1651925660
|switch|p1a: Scizor|Scizor, M|100/100
|turn|15
|
|t:|1651925701
|switch|p2a: shakey bakey|Rotom-Heat|95/100
|move|p1a: Scizor|Knock Off|p2a: shakey bakey
|-damage|p2a: shakey bakey|59/100
|-enditem|p2a: shakey bakey|Heavy-Duty Boots|[from] move: Knock Off|[of] p1a: Scizor
|
|-weather|Sandstorm|[upkeep]
|-damage|p2a: shakey bakey|53/100|[from] Sandstorm
|upkeep
|turn|16
|
|t:|1651925707
|switch|p1a: Hippowdon|Hippowdon, F|100/100
|move|p2a: shakey bakey|Pain Split|p1a: Hippowdon
|-sethp|p1a: Hippowdon|69/100|[from] move: Pain Split|[silent]
|-sethp|p2a: shakey bakey|96/100|[from] move: Pain Split
|
|-weather|none
|-heal|p1a: Hippowdon|75/100|[from] item: Leftovers
|upkeep
|turn|17
|
|t:|1651925719
|switch|p2a: seal that squeals|Primarina, F|71/100 tox
|move|p1a: Hippowdon|Stealth Rock|p2a: seal that squeals
|-sidestart|p2: UULT91wpokemonisfu|move: Stealth Rock
|
|-heal|p1a: Hippowdon|82/100|[from] item: Leftovers
|-damage|p2a: seal that squeals|65/100 tox|[from] psn
|upkeep
|turn|18
|
|t:|1651925729
|switch|p1a: Primarina|Primarina, F|100/100 slp
|move|p2a: seal that squeals|Moonblast|p1a: Primarina
|-damage|p1a: Primarina|45/100 slp
|-unboost|p1a: Primarina|spa|1
|
|-damage|p2a: seal that squeals|53/100 tox|[from] psn
|upkeep
|turn|19
|j| nord fvce
|
|t:|1651925742
|switch|p2a: shakey bakey|Rotom-Heat|96/100
|-damage|p2a: shakey bakey|71/100|[from] Stealth Rock
|switch|p1a: Scizor|Scizor, M|100/100
|
|upkeep
|turn|20
|
|t:|1651925754
|switch|p1a: Hippowdon|Hippowdon, F|82/100
|-weather|Sandstorm|[from] ability: Sand Stream|[of] p1a: Hippowdon
|move|p2a: shakey bakey|Defog|p1a: Hippowdon
|-unboost|p1a: Hippowdon|evasion|1
|-sideend|p2: UULT91wpokemonisfu|Stealth Rock|[from] move: Defog|[of] p2a: shakey bakey
|
|-weather|Sandstorm|[upkeep]
|-damage|p2a: shakey bakey|65/100|[from] Sandstorm
|-heal|p1a: Hippowdon|88/100|[from] item: Leftovers
|upkeep
|turn|21
|j| Mionda
|
|t:|1651925761
|move|p2a: shakey bakey|Pain Split|p1a: Hippowdon
|-sethp|p1a: Hippowdon|67/100|[from] move: Pain Split|[silent]
|-sethp|p2a: shakey bakey|93/100|[from] move: Pain Split
|move|p1a: Hippowdon|Stealth Rock|p2a: shakey bakey
|-sidestart|p2: UULT91wpokemonisfu|move: Stealth Rock
|
|-weather|Sandstorm|[upkeep]
|-damage|p2a: shakey bakey|87/100|[from] Sandstorm
|-heal|p1a: Hippowdon|74/100|[from] item: Leftovers
|upkeep
|turn|22
|
|t:|1651925764
|switch|p2a: chuggy buggy|Scizor, M|62/100
|move|p1a: Hippowdon|Toxic|p2a: chuggy buggy
|-immune|p2a: chuggy buggy
|
|-weather|Sandstorm|[upkeep]
|-heal|p1a: Hippowdon|80/100|[from] item: Leftovers
|upkeep
|turn|23
|l| nord fvce
|
|t:|1651925776
|switch|p1a: Salamence|Salamence, F|100/100
|-ability|p1a: Salamence|Intimidate|boost
|-unboost|p2a: chuggy buggy|atk|1
|move|p2a: chuggy buggy|Roost|p2a: chuggy buggy
|-heal|p2a: chuggy buggy|100/100
|-singleturn|p2a: chuggy buggy|move: Roost
|
|-weather|Sandstorm|[upkeep]
|-damage|p1a: Salamence|94/100|[from] Sandstorm
|upkeep
|turn|24
|
|t:|1651925783
|switch|p2a: think PINK|Slowking, F|100/100 brn
|-damage|p2a: think PINK|88/100 brn|[from] Stealth Rock
|move|p1a: Salamence|Air Slash|p2a: think PINK
|-damage|p2a: think PINK|66/100 brn
|
|-weather|none
|-damage|p2a: think PINK|60/100 brn|[from] brn
|upkeep
|turn|25
|
|t:|1651925793
|move|p1a: Salamence|Air Slash|p2a: think PINK
|-damage|p2a: think PINK|37/100 brn
|move|p2a: think PINK|Future Sight|p1a: Salamence
|-start|p2a: think PINK|move: Future Sight
|
|-damage|p2a: think PINK|31/100 brn|[from] brn
|upkeep
|turn|26
|
|t:|1651925797
|move|p1a: Salamence|Air Slash|p2a: think PINK
|-damage|p2a: think PINK|7/100 brn
|cant|p2a: think PINK|flinch
|
|-damage|p2a: think PINK|1/100 brn|[from] brn
|upkeep
|turn|27
|j| UULT91wdragonitenb
|
|t:|1651925814
|switch|p2a: shakey bakey|Rotom-Heat|87/100
|-damage|p2a: shakey bakey|63/100|[from] Stealth Rock
|move|p1a: Salamence|Air Slash|p2a: shakey bakey
|-resisted|p2a: shakey bakey
|-damage|p2a: shakey bakey|47/100
|
|-end|p1a: Salamence|move: Future Sight
|-damage|p1a: Salamence|48/100
|upkeep
|turn|28
|j| Test Tech
|
|t:|1651925822
|move|p1a: Salamence|Roost|p1a: Salamence
|-heal|p1a: Salamence|98/100
|-singleturn|p1a: Salamence|move: Roost
|move|p2a: shakey bakey|Defog|p1a: Salamence
|-unboost|p1a: Salamence|evasion|1
|-sideend|p2: UULT91wpokemonisfu|Stealth Rock|[from] move: Defog|[of] p2a: shakey bakey
|
|upkeep
|turn|29
|
|t:|1651925832
|switch|p1a: Hippowdon|Hippowdon, F|80/100
|-weather|Sandstorm|[from] ability: Sand Stream|[of] p1a: Hippowdon
|switch|p2a: mitey bitey|Krookodile, M|100/100
|-ability|p2a: mitey bitey|Intimidate|boost
|-unboost|p1a: Hippowdon|atk|1
|
|-weather|Sandstorm|[upkeep]
|-heal|p1a: Hippowdon|86/100|[from] item: Leftovers
|upkeep
|turn|30
|
|t:|1651925836
|switch|p1a: Salamence|Salamence, F|98/100
|-ability|p1a: Salamence|Intimidate|boost
|-unboost|p2a: mitey bitey|atk|1
|move|p2a: mitey bitey|Taunt|p1a: Salamence
|-start|p1a: Salamence|move: Taunt
|
|-weather|Sandstorm|[upkeep]
|-damage|p1a: Salamence|92/100|[from] Sandstorm
|upkeep
|turn|31
|j| ll Bat l
|
|t:|1651925850
|move|p2a: mitey bitey|Stealth Rock|p1a: Salamence
|-sidestart|p1: UULT91w OnArceus|move: Stealth Rock
|move|p1a: Salamence|Air Slash|p2a: mitey bitey
|-damage|p2a: mitey bitey|63/100
|
|-weather|Sandstorm|[upkeep]
|-damage|p1a: Salamence|86/100|[from] Sandstorm
|-heal|p2a: mitey bitey|69/100|[from] item: Leftovers
|upkeep
|turn|32
|j| P.Otaku❄
|
|t:|1651925865
|move|p2a: mitey bitey|Knock Off|p1a: Salamence
|-damage|p1a: Salamence|65/100
|move|p1a: Salamence|Air Slash|p2a: mitey bitey
|-damage|p2a: mitey bitey|33/100
|
|-weather|Sandstorm|[upkeep]
|-damage|p1a: Salamence|59/100|[from] Sandstorm
|-heal|p2a: mitey bitey|39/100|[from] item: Leftovers
|-end|p1a: Salamence|move: Taunt
|upkeep
|turn|33
|
|t:|1651925868
|move|p2a: mitey bitey|Knock Off|p1a: Salamence
|-damage|p1a: Salamence|37/100
|move|p1a: Salamence|Air Slash|p2a: mitey bitey
|-damage|p2a: mitey bitey|1/100
|
|-weather|none
|-heal|p2a: mitey bitey|7/100|[from] item: Leftovers
|upkeep
|turn|34
|
|t:|1651925872
|move|p2a: mitey bitey|Taunt|p1a: Salamence
|-start|p1a: Salamence|move: Taunt
|move|p1a: Salamence|Flamethrower|p2a: mitey bitey
|-damage|p2a: mitey bitey|0 fnt
|faint|p2a: mitey bitey
|
|upkeep
|j| Romain45
|
|t:|1651925883
|switch|p2a: Zygarde-10% off|Zygarde-10%|100/100
|-ability|p2a: Zygarde-10% off|Aura Break
|turn|35
|j| UULT91w St3ve
|c| Mimilucha|Romain45 !
|c| Romain45|hello
|j| Michielleus
|c| Mimilucha|big fan
|
|t:|1651925927
|switch|p1a: Hippowdon|Hippowdon, F|86/100
|-damage|p1a: Hippowdon|80/100|[from] Stealth Rock
|-weather|Sandstorm|[from] ability: Sand Stream|[of] p1a: Hippowdon
|move|p2a: Zygarde-10% off|Thousand Arrows|p1a: Hippowdon
|-damage|p1a: Hippowdon|47/100
|
|-weather|Sandstorm|[upkeep]
|-heal|p1a: Hippowdon|53/100|[from] item: Leftovers
|upkeep
|turn|36
|l| bao26062002
|
|t:|1651925930
|switch|p2a: chuggy buggy|Scizor, M|100/100
|move|p1a: Hippowdon|Slack Off|p1a: Hippowdon
|-heal|p1a: Hippowdon|100/100
|
|-weather|Sandstorm|[upkeep]
|upkeep
|turn|37
|
|t:|1651925936
|switch|p1a: Scizor|Scizor, M|100/100
|move|p2a: chuggy buggy|Swords Dance|p2a: chuggy buggy
|-boost|p2a: chuggy buggy|atk|2
|
|-weather|Sandstorm|[upkeep]
|upkeep
|turn|38
|c| UULT91w Micciu|Le grand Romain45
|l| Test Tech
|j| UULT91W TT
|
|t:|1651925943
|move|p1a: Scizor|Swords Dance|p1a: Scizor
|-boost|p1a: Scizor|atk|2
|move|p2a: chuggy buggy|Swords Dance|p2a: chuggy buggy
|-boost|p2a: chuggy buggy|atk|2
|
|-weather|Sandstorm|[upkeep]
|upkeep
|turn|39
|
|t:|1651925947
|move|p1a: Scizor|Knock Off|p2a: chuggy buggy
|-damage|p2a: chuggy buggy|51/100
|-enditem|p2a: chuggy buggy|Heavy-Duty Boots|[from] move: Knock Off|[of] p1a: Scizor
|move|p2a: chuggy buggy|Knock Off|p1a: Scizor
|-damage|p1a: Scizor|26/100
|-enditem|p1a: Scizor|Heavy-Duty Boots|[from] move: Knock Off|[of] p2a: chuggy buggy
|
|-weather|none
|upkeep
|turn|40
|
|t:|1651925957
|move|p1a: Scizor|Roost|p1a: Scizor
|-heal|p1a: Scizor|76/100
|-singleturn|p1a: Scizor|move: Roost
|move|p2a: chuggy buggy|Roost|p2a: chuggy buggy
|-heal|p2a: chuggy buggy|100/100
|-singleturn|p2a: chuggy buggy|move: Roost
|
|upkeep
|turn|41
|
|t:|1651925965
|move|p1a: Scizor|Knock Off|p2a: chuggy buggy
|-damage|p2a: chuggy buggy|69/100
|move|p2a: chuggy buggy|Knock Off|p1a: Scizor
|-damage|p1a: Scizor|27/100
|
|upkeep
|turn|42
|c|☆UULT91wpokemonisfu|sciziety
|c|☆UULT91w OnArceus|lol
|
|t:|1651925975
|move|p1a: Scizor|Knock Off|p2a: chuggy buggy
|-damage|p2a: chuggy buggy|36/100
|move|p2a: chuggy buggy|Roost|p2a: chuggy buggy
|-heal|p2a: chuggy buggy|86/100
|-singleturn|p2a: chuggy buggy|move: Roost
|
|upkeep
|turn|43
|c|☆UULT91w OnArceus|this team fucking sucks
|c|☆UULT91w OnArceus|idk why its synthesis + sand
|l| ll Bat l
|j| faded love
|j| Jormond9
|j| Menacce17
|l| Jormond9
|l| faded love
|
|t:|1651926067
|move|p1a: Scizor|Roost|p1a: Scizor
|-heal|p1a: Scizor|77/100
|-singleturn|p1a: Scizor|move: Roost
|move|p2a: chuggy buggy|Swords Dance|p2a: chuggy buggy
|-boost|p2a: chuggy buggy|atk|2
|
|upkeep
|turn|44
|j| faded love
|
|t:|1651926076
|move|p1a: Scizor|Knock Off|p2a: chuggy buggy
|-damage|p2a: chuggy buggy|55/100
|move|p2a: chuggy buggy|Knock Off|p1a: Scizor
|-damage|p1a: Scizor|12/100
|
|upkeep
|turn|45
|
|t:|1651926082
|move|p1a: Scizor|Knock Off|p2a: chuggy buggy
|-damage|p2a: chuggy buggy|22/100
|move|p2a: chuggy buggy|Roost|p2a: chuggy buggy
|-heal|p2a: chuggy buggy|72/100
|-singleturn|p2a: chuggy buggy|move: Roost
|
|upkeep
|turn|46
|l| UULT91wdragonitenb
|
|t:|1651926088
|move|p1a: Scizor|Knock Off|p2a: chuggy buggy
|-damage|p2a: chuggy buggy|37/100
|move|p2a: chuggy buggy|Roost|p2a: chuggy buggy
|-heal|p2a: chuggy buggy|87/100
|-singleturn|p2a: chuggy buggy|move: Roost
|
|upkeep
|turn|47
|
|t:|1651926092
|move|p1a: Scizor|Bullet Punch|p2a: chuggy buggy
|-resisted|p2a: chuggy buggy
|-damage|p2a: chuggy buggy|65/100
|move|p2a: chuggy buggy|Roost|p2a: chuggy buggy
|-heal|p2a: chuggy buggy|100/100
|-singleturn|p2a: chuggy buggy|move: Roost
|
|upkeep
|turn|48
|
|t:|1651926096
|move|p1a: Scizor|Bullet Punch|p2a: chuggy buggy
|-resisted|p2a: chuggy buggy
|-damage|p2a: chuggy buggy|78/100
|move|p2a: chuggy buggy|Bullet Punch|p1a: Scizor
|-resisted|p1a: Scizor
|-damage|p1a: Scizor|0 fnt
|faint|p1a: Scizor
|
|upkeep
|
|t:|1651926099
|switch|p1a: Raikou|Raikou|100/100
|-ability|p1a: Raikou|Pressure
|turn|49
|
|t:|1651926114
|move|p1a: Raikou|Thunderbolt|p2a: chuggy buggy
|-damage|p2a: chuggy buggy|29/100
|move|p2a: chuggy buggy|Knock Off|p1a: Raikou
|-damage|p1a: Raikou|0 fnt
|-enditem|p1a: Raikou|Heavy-Duty Boots|[from] move: Knock Off|[of] p2a: chuggy buggy
|faint|p1a: Raikou
|
|upkeep
|-message|UULT91w OnArceus forfeited.
|
|win|UULT91wpokemonisfu
|raw|UULT91w OnArceus's rating: 1595 &rarr; <strong>1583</strong><br />(-12 for losing)
|raw|UULT91wpokemonisfu's rating: 1733 &rarr; <strong>1745</strong><br />(+12 for winning)
|l|☆UULT91w OnArceus
|l| Romain45
|l|+Mihowk
|l| UULT91w Micciu
|l| Menacce17
|l| Mimilucha
