|j|☆sgbfgbdfg
|j|☆MobiMolle
|t:|1663538192
|gametype|singles
|player|p1|sgbfgbdfg|psychic-gen4|1506
|player|p2|MobiMolle|101|1588
|teamsize|p1|6
|teamsize|p2|6
|gen|8
|tier|[Gen 8] UU
|rated|
|rule|Sleep Clause Mod: Limit one foe put to sleep
|rule|Species Clause: Limit one of each Pokémon
|rule|OHKO Clause: OHKO moves are banned
|rule|Evasion Items Clause: Evasion items are banned
|rule|Evasion Moves Clause: Evasion moves are banned
|rule|Endless Battle Clause: Forcing endless battles is banned
|rule|HP Percentage Mod: HP is shown in percentages
|rule|Dynamax Clause: You cannot dynamax
|clearpoke
|poke|p1|Rotom-Wash|
|poke|p1|Jirachi|
|poke|p1|Chandelure, M|
|poke|p1|Primarina, M|
|poke|p1|Krookodile, F|
|poke|p1|Noivern, F|
|poke|p2|Nihilego|
|poke|p2|Excadrill, M|
|poke|p2|Azumarill, M|
|poke|p2|Salamence, M|
|poke|p2|Rotom-Heat|
|poke|p2|Conkeldurr, M|
|teampreview
|inactive|Battle timer is ON: inactive players will automatically lose when time's up. (requested by sgbfgbdfg)
|c|☆MobiMolle|gl hf
|
|t:|1663538209
|start
|switch|p1a: Rotom|Rotom-Wash|100/100
|switch|p2a: Storm-9|Nihilego|100/100
|turn|1
|
|t:|1663538217
|switch|p1a: Jirachi|Jirachi|100/100
|move|p2a: Storm-9|Meteor Beam||[still]
|-prepare|p2a: Storm-9|Meteor Beam
|-boost|p2a: Storm-9|spa|1
|-enditem|p2a: Storm-9|Power Herb
|-anim|p2a: Storm-9|Meteor Beam|p1a: Jirachi
|-resisted|p1a: Jirachi
|-damage|p1a: Jirachi|73/100
|
|-heal|p1a: Jirachi|79/100|[from] item: Leftovers
|upkeep
|turn|2
|
|t:|1663538227
|move|p2a: Storm-9|Hex|p1a: Jirachi
|-supereffective|p1a: Jirachi
|-damage|p1a: Jirachi|43/100
|move|p1a: Jirachi|Wish|p1a: Jirachi
|
|-heal|p1a: Jirachi|49/100|[from] item: Leftovers
|upkeep
|turn|3
|
|t:|1663538235
|move|p2a: Storm-9|Meteor Beam||[still]
|-prepare|p2a: Storm-9|Meteor Beam
|-boost|p2a: Storm-9|spa|1
|move|p1a: Jirachi|Iron Head|p2a: Storm-9
|-supereffective|p2a: Storm-9
|-damage|p2a: Storm-9|0 fnt
|faint|p2a: Storm-9
|
|-heal|p1a: Jirachi|99/100|[from] move: Wish|[wisher] Jirachi
|-heal|p1a: Jirachi|100/100|[from] item: Leftovers
|upkeep
|
|t:|1663538249
|switch|p2a: Kamina|Excadrill, M, shiny|100/100
|-ability|p2a: Kamina|Mold Breaker
|turn|4
|
|t:|1663538254
|switch|p1a: Noivern|Noivern, F|100/100
|-item|p2a: Kamina|Assault Vest|[from] ability: Frisk|[of] p1a: Noivern|[identify]
|move|p2a: Kamina|Rock Tomb|p1a: Noivern
|-supereffective|p1a: Noivern
|-damage|p1a: Noivern|42/100
|-unboost|p1a: Noivern|spe|1
|
|upkeep
|turn|5
|
|t:|1663538265
|switch|p1a: Rotom|Rotom-Wash|100/100
|move|p2a: Kamina|Iron Head|p1a: Rotom
|-resisted|p1a: Rotom
|-damage|p1a: Rotom|92/100
|
|-heal|p1a: Rotom|99/100|[from] item: Leftovers
|upkeep
|turn|6
|
|t:|1663538272
|move|p2a: Kamina|Earthquake|p1a: Rotom
|-supereffective|p1a: Rotom
|-damage|p1a: Rotom|10/100
|move|p1a: Rotom|Hydro Pump|p2a: Kamina|[miss]
|-miss|p1a: Rotom|p2a: Kamina
|
|-heal|p1a: Rotom|16/100|[from] item: Leftovers
|upkeep
|turn|7
|
|t:|1663538286
|switch|p1a: Krookodile|Krookodile, F|100/100
|move|p2a: Kamina|Rock Tomb|p1a: Krookodile
|-resisted|p1a: Krookodile
|-damage|p1a: Krookodile|88/100
|-unboost|p1a: Krookodile|spe|1
|
|upkeep
|turn|8
|
|t:|1663538294
|switch|p2a: Virus|Rotom-Heat|100/100
|move|p1a: Krookodile|Earthquake|p2a: Virus
|-immune|p2a: Virus|[from] ability: Levitate
|
|upkeep
|turn|9
|
|t:|1663538307
|switch|p1a: Chandelure|Chandelure, M|100/100
|move|p2a: Virus|Overheat|p1a: Chandelure
|-start|p1a: Chandelure|ability: Flash Fire
|
|upkeep
|turn|10
|
|t:|1663538318
|move|p2a: Virus|Volt Switch|p1a: Chandelure
|-damage|p1a: Chandelure|59/100
|
|t:|1663538324
|switch|p2a: Nexus|Azumarill, M, shiny|100/100|[from]move: Volt Switch
|move|p1a: Chandelure|Flamethrower|p2a: Nexus
|-resisted|p2a: Nexus
|-damage|p2a: Nexus|42/100
|-status|p2a: Nexus|brn
|-enditem|p2a: Nexus|Sitrus Berry|[eat]
|-heal|p2a: Nexus|67/100 brn|[from] item: Sitrus Berry
|
|-damage|p2a: Nexus|61/100 brn|[from] brn
|upkeep
|turn|11
|
|t:|1663538353
|-end|p1a: Chandelure|ability: Flash Fire|[silent]
|switch|p1a: Rotom|Rotom-Wash|16/100
|move|p2a: Nexus|Aqua Jet|p1a: Rotom
|-resisted|p1a: Rotom
|-damage|p1a: Rotom|11/100
|
|-heal|p1a: Rotom|17/100|[from] item: Leftovers
|-damage|p2a: Nexus|54/100 brn|[from] brn
|upkeep
|turn|12
|
|t:|1663538362
|switch|p2a: Kamina|Excadrill, M, shiny|100/100
|-ability|p2a: Kamina|Mold Breaker
|move|p1a: Rotom|Hydro Pump|p2a: Kamina
|-supereffective|p2a: Kamina
|-damage|p2a: Kamina|26/100
|
|-heal|p1a: Rotom|23/100|[from] item: Leftovers
|upkeep
|turn|13
|
|t:|1663538371
|move|p2a: Kamina|Earthquake|p1a: Rotom
|-supereffective|p1a: Rotom
|-damage|p1a: Rotom|0 fnt
|faint|p1a: Rotom
|
|upkeep
|
|t:|1663538380
|switch|p1a: Krookodile|Krookodile, F|88/100
|turn|14
|
|t:|1663538387
|switch|p2a: Nexus|Azumarill, M, shiny|54/100 brn
|move|p1a: Krookodile|Knock Off|p2a: Nexus
|-resisted|p2a: Nexus
|-damage|p2a: Nexus|38/100 brn
|
|-damage|p2a: Nexus|31/100 brn|[from] brn
|upkeep
|turn|15
|
|t:|1663538394
|switch|p1a: Primarina|Primarina, M|100/100
|move|p2a: Nexus|Play Rough|p1a: Primarina|[miss]
|-miss|p2a: Nexus|p1a: Primarina
|
|-damage|p2a: Nexus|25/100 brn|[from] brn
|upkeep
|turn|16
|
|t:|1663538401
|move|p1a: Primarina|Moonblast|p2a: Nexus
|-damage|p2a: Nexus|0 fnt
|faint|p2a: Nexus
|
|upkeep
|
|t:|1663538410
|switch|p2a: Kamina|Excadrill, M, shiny|26/100
|-ability|p2a: Kamina|Mold Breaker
|turn|17
|
|t:|1663538415
|switch|p1a: Noivern|Noivern, F|42/100
|-item|p2a: Kamina|Assault Vest|[from] ability: Frisk|[of] p1a: Noivern|[identify]
|move|p2a: Kamina|Iron Head|p1a: Noivern
|-damage|p1a: Noivern|0 fnt
|faint|p1a: Noivern
|
|upkeep
|
|t:|1663538417
|switch|p1a: Krookodile|Krookodile, F|88/100
|turn|18
|
|t:|1663538430
|switch|p2a: Hashira|Conkeldurr, M|100/100
|move|p1a: Krookodile|Knock Off|p2a: Hashira
|-resisted|p2a: Hashira
|-damage|p2a: Hashira|81/100
|-enditem|p2a: Hashira|Flame Orb|[from] move: Knock Off|[of] p1a: Krookodile
|
|upkeep
|turn|19
|
|t:|1663538437
|switch|p1a: Jirachi|Jirachi|100/100
|move|p2a: Hashira|Knock Off|p1a: Jirachi
|-supereffective|p1a: Jirachi
|-damage|p1a: Jirachi|39/100
|-enditem|p1a: Jirachi|Leftovers|[from] move: Knock Off|[of] p2a: Hashira
|
|upkeep
|turn|20
|
|t:|1663538443
|move|p1a: Jirachi|Stealth Rock|p2a: Hashira
|-sidestart|p2: MobiMolle|move: Stealth Rock
|move|p2a: Hashira|Knock Off|p1a: Jirachi
|-supereffective|p1a: Jirachi
|-damage|p1a: Jirachi|0 fnt
|faint|p1a: Jirachi
|
|upkeep
|
|t:|1663538456
|switch|p1a: Primarina|Primarina, M|100/100
|turn|21
|
|t:|1663538473
|switch|p2a: Virus|Rotom-Heat|100/100
|move|p1a: Primarina|Substitute|p1a: Primarina
|-start|p1a: Primarina|Substitute
|-damage|p1a: Primarina|75/100
|
|-heal|p1a: Primarina|82/100|[from] item: Leftovers
|upkeep
|turn|22
|
|t:|1663538480
|move|p2a: Virus|Volt Switch|p1a: Primarina
|-supereffective|p1a: Primarina
|-end|p1a: Primarina|Substitute
|
|t:|1663538483
|switch|p2a: Kamina|Excadrill, M, shiny|26/100|[from]move: Volt Switch
|-damage|p2a: Kamina|23/100|[from] Stealth Rock
|-ability|p2a: Kamina|Mold Breaker
|move|p1a: Primarina|Substitute|p1a: Primarina
|-start|p1a: Primarina|Substitute
|-damage|p1a: Primarina|57/100
|
|-heal|p1a: Primarina|63/100|[from] item: Leftovers
|upkeep
|turn|23
|
|t:|1663538492
|move|p2a: Kamina|Iron Head|p1a: Primarina
|-end|p1a: Primarina|Substitute
|move|p1a: Primarina|Hydro Pump|p2a: Kamina
|-supereffective|p2a: Kamina
|-damage|p2a: Kamina|0 fnt
|faint|p2a: Kamina
|
|-heal|p1a: Primarina|69/100|[from] item: Leftovers
|upkeep
|
|t:|1663538504
|switch|p2a: Virus|Rotom-Heat|100/100
|turn|24
|
|t:|1663538508
|move|p2a: Virus|Volt Switch|p1a: Primarina
|-supereffective|p1a: Primarina
|-damage|p1a: Primarina|13/100
|
|t:|1663538512
|switch|p2a: Soar|Salamence, M|100/100|[from]move: Volt Switch
|-damage|p2a: Soar|76/100|[from] Stealth Rock
|move|p1a: Primarina|Moonblast|p2a: Soar
|-supereffective|p2a: Soar
|-damage|p2a: Soar|0 fnt
|faint|p2a: Soar
|
|-heal|p1a: Primarina|19/100|[from] item: Leftovers
|upkeep
|
|t:|1663538521
|switch|p2a: Virus|Rotom-Heat|100/100
|turn|25
|
|t:|1663538525
|move|p2a: Virus|Overheat|p1a: Primarina
|-resisted|p1a: Primarina
|-damage|p1a: Primarina|0 fnt
|-unboost|p2a: Virus|spa|2
|faint|p1a: Primarina
|
|upkeep
|
|t:|1663538532
|switch|p1a: Chandelure|Chandelure, M|59/100
|turn|26
|
|t:|1663538549
|move|p2a: Virus|Volt Switch|p1a: Chandelure
|-damage|p1a: Chandelure|35/100
|
|t:|1663538552
|switch|p2a: Hashira|Conkeldurr, M|81/100|[from]move: Volt Switch
|-damage|p2a: Hashira|75/100|[from] Stealth Rock
|move|p1a: Chandelure|Shadow Ball|p2a: Hashira
|-damage|p2a: Hashira|0 fnt
|faint|p2a: Hashira
|
|upkeep
|
|t:|1663538559
|switch|p2a: Virus|Rotom-Heat|100/100
|turn|27
|
|t:|1663538564
|switch|p1a: Krookodile|Krookodile, F|88/100
|move|p2a: Virus|Volt Switch|p1a: Krookodile
|-immune|p1a: Krookodile
|
|upkeep
|turn|28
|
|t:|1663538573
|move|p1a: Krookodile|Knock Off|p2a: Virus
|-damage|p2a: Virus|37/100
|-enditem|p2a: Virus|Heavy-Duty Boots|[from] move: Knock Off|[of] p1a: Krookodile
|move|p2a: Virus|Nasty Plot|p2a: Virus
|-boost|p2a: Virus|spa|2
|
|upkeep
|turn|29
|c|☆MobiMolle|gg
|
|t:|1663538580
|switch|p1a: Chandelure|Chandelure, M|35/100
|move|p2a: Virus|Overheat|p1a: Chandelure
|-start|p1a: Chandelure|ability: Flash Fire
|
|upkeep
|turn|30
|
|t:|1663538586
|move|p2a: Virus|Volt Switch|p1a: Chandelure
|-damage|p1a: Chandelure|0 fnt
|faint|p1a: Chandelure
|
|upkeep
|
|t:|1663538589
|switch|p1a: Krookodile|Krookodile, F|88/100
|turn|31
|
|t:|1663538592
|move|p1a: Krookodile|Close Combat|p2a: Virus
|-damage|p2a: Virus|0 fnt
|-unboost|p1a: Krookodile|def|1
|-unboost|p1a: Krookodile|spd|1
|faint|p2a: Virus
|
|win|sgbfgbdfg
|raw|sgbfgbdfg's rating: 1506 &rarr; <strong>1531</strong><br />(+25 for winning)
|raw|MobiMolle's rating: 1588 &rarr; <strong>1563</strong><br />(-25 for losing)
|l|☆MobiMolle
||Ladder isn't responding, score probably updated but might not have (Request timeout).
