|raw|<div class="broadcast-blue"><strong>This battle is required to be public due to a player having a name starting with 'uult91w'.</div>
|j|☆UULT91w UnzipsC
|j|☆UULT91w Adaam
|t:|1651957077
|gametype|singles
|player|p1|UULT91w UnzipsC|lucas|1602
|player|p2|UULT91w Adaam|265|1652
|teamsize|p1|6
|teamsize|p2|6
|gen|8
|tier|[Gen 8] UU
|rated|
|rule|Sleep Clause Mod: Limit one foe put to sleep
|rule|Species Clause: Limit one of each Pokémon
|rule|OHKO Clause: OHKO moves are banned
|rule|Evasion Moves Clause: Evasion moves are banned
|rule|Endless Battle Clause: Forcing endless battles is banned
|rule|HP Percentage Mod: HP is shown in percentages
|rule|Dynamax Clause: You cannot dynamax
|clearpoke
|poke|p1|Marowak-Alola, M|
|poke|p1|Mesprit|
|poke|p1|Conkeldurr, F|
|poke|p1|Gyarados, F|
|poke|p1|Porygon2|
|poke|p1|Cresselia, F|
|poke|p2|Keldeo-Resolute|
|poke|p2|Thundurus-Therian, M|
|poke|p2|Aegislash, M|
|poke|p2|Hippowdon, F|
|poke|p2|Amoonguss, M|
|poke|p2|Hydreigon, F|
|teampreview
|inactive|Battle timer is ON: inactive players will automatically lose when time's up. (requested by UULT91w UnzipsC)
|j|+Mengy ㋛
|j| UULT91w Ball
|j| UULT91w Corp N
|inactive|UULT91w UnzipsC has 120 seconds left.
|inactive|UULT91w Adaam has 120 seconds left.
|j|@Lily
|
|t:|1651957114
|start
|switch|p1a: Mesprit|Mesprit|100/100
|switch|p2a: boom boom powdon|Hippowdon, F|100/100
|-weather|Sandstorm|[from] ability: Sand Stream|[of] p2a: boom boom powdon
|turn|1
|
|t:|1651957116
|move|p1a: Mesprit|Stealth Rock|p2a: boom boom powdon
|-sidestart|p2: UULT91w Adaam|move: Stealth Rock
|move|p2a: boom boom powdon|Stealth Rock|p1a: Mesprit
|-sidestart|p1: UULT91w UnzipsC|move: Stealth Rock
|
|-weather|Sandstorm|[upkeep]
|-damage|p1a: Mesprit|94/100|[from] Sandstorm
|upkeep
|turn|2
|j| ASKOV
|j| mncmt
|
|t:|1651957132
|move|p2a: boom boom powdon|Toxic|p1a: Mesprit
|-status|p1a: Mesprit|tox
|move|p1a: Mesprit|Trick Room|p1a: Mesprit
|-fieldstart|move: Trick Room|[of] p1a: Mesprit
|
|-weather|Sandstorm|[upkeep]
|-damage|p1a: Mesprit|88/100 tox|[from] Sandstorm
|-damage|p1a: Mesprit|82/100 tox|[from] psn
|upkeep
|turn|3
|
|t:|1651957138
|move|p2a: boom boom powdon|Toxic|p1a: Mesprit|[miss]
|-miss|p2a: boom boom powdon|p1a: Mesprit
|move|p1a: Mesprit|Healing Wish|p1a: Mesprit
|faint|p1a: Mesprit
|
|-weather|Sandstorm|[upkeep]
|upkeep
|
|t:|1651957145
|switch|p1a: Marowak|Marowak-Alola, M|100/100
|-damage|p1a: Marowak|76/100|[from] Stealth Rock
|turn|4
|j| TestB4Best
|j| instant throw
|
|t:|1651957166
|move|p1a: Marowak|Flare Blitz|p2a: boom boom powdon
|-damage|p2a: boom boom powdon|36/100
|move|p2a: boom boom powdon|Earthquake|p1a: Marowak
|-supereffective|p1a: Marowak
|-damage|p1a: Marowak|5/100
|
|-weather|Sandstorm|[upkeep]
|-damage|p1a: Marowak|0 fnt|[from] Sandstorm
|faint|p1a: Marowak
|-heal|p2a: boom boom powdon|42/100|[from] item: Leftovers
|upkeep
|
|t:|1651957172
|switch|p1a: Conkeldurr|Conkeldurr, F|100/100
|-damage|p1a: Conkeldurr|94/100|[from] Stealth Rock
|turn|5
|
|t:|1651957193
|switch|p2a: Thundurus|Thundurus-Therian, M|100/100
|move|p1a: Conkeldurr|Knock Off|p2a: Thundurus
|-damage|p2a: Thundurus|36/100
|-enditem|p2a: Thundurus|Heavy-Duty Boots|[from] move: Knock Off|[of] p1a: Conkeldurr
|
|-weather|none
|-status|p1a: Conkeldurr|brn|[from] item: Flame Orb
|upkeep
|turn|6
|
|t:|1651957198
|move|p1a: Conkeldurr|Knock Off|p2a: Thundurus
|-damage|p2a: Thundurus|0 fnt
|faint|p2a: Thundurus
|
|-damage|p1a: Conkeldurr|88/100 brn|[from] brn
|-fieldend|move: Trick Room
|upkeep
|
|t:|1651957201
|switch|p2a: Aegislash|Aegislash, M|100/100
|-damage|p2a: Aegislash|94/100|[from] Stealth Rock
|turn|7
|
|t:|1651957203
|-formechange|p2a: Aegislash|Aegislash-Blade||[from] ability: Stance Change
|move|p2a: Aegislash|Flash Cannon|p1a: Conkeldurr
|-damage|p1a: Conkeldurr|1/100 brn
|move|p1a: Conkeldurr|Knock Off|p2a: Aegislash
|-supereffective|p2a: Aegislash
|-damage|p2a: Aegislash|0 fnt
|-enditem|p2a: Aegislash|Choice Specs|[from] move: Knock Off|[of] p1a: Conkeldurr
|faint|p2a: Aegislash
|
|-damage|p1a: Conkeldurr|0 fnt|[from] brn
|faint|p1a: Conkeldurr
|upkeep
|j| UULT91w Micciu
|
|t:|1651957216
|switch|p2a: boom boom powdon|Hippowdon, F|42/100
|switch|p1a: Porygon2|Porygon2|100/100
|-damage|p2a: boom boom powdon|36/100|[from] Stealth Rock
|-weather|Sandstorm|[from] ability: Sand Stream|[of] p2a: boom boom powdon
|-damage|p1a: Porygon2|88/100|[from] Stealth Rock
|-ability|p1a: Porygon2|Download|boost
|-boost|p1a: Porygon2|spa|1
|turn|8
|l| UULT91w Micciu
|
|t:|1651957219
|move|p2a: boom boom powdon|Slack Off|p2a: boom boom powdon
|-heal|p2a: boom boom powdon|86/100
|move|p1a: Porygon2|Trick Room|p1a: Porygon2
|-fieldstart|move: Trick Room|[of] p1a: Porygon2
|
|-weather|Sandstorm|[upkeep]
|-damage|p1a: Porygon2|82/100|[from] Sandstorm
|-heal|p2a: boom boom powdon|92/100|[from] item: Leftovers
|upkeep
|turn|9
|j| opela
|j| CarbonLifeform456
|l| CarbonLifeform456
|inactive|UULT91w Adaam has 120 seconds left.
|
|t:|1651957250
|move|p1a: Porygon2|Ice Beam|p2a: boom boom powdon
|-supereffective|p2a: boom boom powdon
|-damage|p2a: boom boom powdon|19/100
|move|p2a: boom boom powdon|Toxic|p1a: Porygon2
|-status|p1a: Porygon2|tox
|
|-weather|Sandstorm|[upkeep]
|-damage|p1a: Porygon2|76/100 tox|[from] Sandstorm
|-heal|p2a: boom boom powdon|25/100|[from] item: Leftovers
|-damage|p1a: Porygon2|70/100 tox|[from] psn
|upkeep
|turn|10
|inactive|UULT91w Adaam has 120 seconds left.
|inactive|UULT91w Adaam has 90 seconds left.
|
|t:|1651957307
|switch|p2a: Keldeo|Keldeo-Resolute|100/100
|-damage|p2a: Keldeo|94/100|[from] Stealth Rock
|move|p1a: Porygon2|Thunderbolt|p2a: Keldeo
|-supereffective|p2a: Keldeo
|-damage|p2a: Keldeo|0 fnt
|faint|p2a: Keldeo
|
|-weather|Sandstorm|[upkeep]
|-damage|p1a: Porygon2|64/100 tox|[from] Sandstorm
|-damage|p1a: Porygon2|51/100 tox|[from] psn
|upkeep
|
|t:|1651957324
|switch|p2a: deino triple|Hydreigon, F|100/100
|-damage|p2a: deino triple|88/100|[from] Stealth Rock
|turn|11
|
|t:|1651957329
|move|p1a: Porygon2|Ice Beam|p2a: deino triple
|-supereffective|p2a: deino triple
|-damage|p2a: deino triple|0 fnt
|faint|p2a: deino triple
|
|-weather|Sandstorm|[upkeep]
|-damage|p1a: Porygon2|45/100 tox|[from] Sandstorm
|-damage|p1a: Porygon2|27/100 tox|[from] psn
|upkeep
|
|t:|1651957344
|switch|p2a: foongus triple|Amoonguss, M|100/100
|-damage|p2a: foongus triple|88/100|[from] Stealth Rock
|turn|12
|
|t:|1651957347
|switch|p1a: Gyarados|Gyarados, F|100/100
|-ability|p1a: Gyarados|Intimidate|boost
|-unboost|p2a: foongus triple|atk|1
|move|p2a: foongus triple|Giga Drain|p1a: Gyarados
|-damage|p1a: Gyarados|78/100
|-heal|p2a: foongus triple|97/100|[from] drain|[of] p1a: Gyarados
|
|-weather|none
|-fieldend|move: Trick Room
|upkeep
|turn|13
|
|t:|1651957350
|move|p1a: Gyarados|Ice Fang|p2a: foongus triple
|-supereffective|p2a: foongus triple
|-damage|p2a: foongus triple|61/100
|-damage|p1a: Gyarados|62/100|[from] item: Rocky Helmet|[of] p2a: foongus triple
|move|p2a: foongus triple|Foul Play|p1a: Gyarados
|-crit|p1a: Gyarados
|-damage|p1a: Gyarados|0 fnt
|faint|p1a: Gyarados
|
|upkeep
|
|t:|1651957358
|switch|p1a: Porygon2|Porygon2|27/100 tox
|-heal|p1a: Porygon2|100/100|[from] move: Healing Wish
|-damage|p1a: Porygon2|88/100|[from] Stealth Rock
|-ability|p1a: Porygon2|Download|boost
|-boost|p1a: Porygon2|spa|1
|turn|14
|
|t:|1651957362
|move|p1a: Porygon2|Ice Beam|p2a: foongus triple
|-supereffective|p2a: foongus triple
|-damage|p2a: foongus triple|0 fnt
|faint|p2a: foongus triple
|
|upkeep
|
|t:|1651957364
|switch|p2a: boom boom powdon|Hippowdon, F|25/100
|-damage|p2a: boom boom powdon|19/100|[from] Stealth Rock
|-weather|Sandstorm|[from] ability: Sand Stream|[of] p2a: boom boom powdon
|turn|15
|
|t:|1651957366
|move|p2a: boom boom powdon|Slack Off|p2a: boom boom powdon
|-heal|p2a: boom boom powdon|69/100
|move|p1a: Porygon2|Ice Beam|p2a: boom boom powdon
|-supereffective|p2a: boom boom powdon
|-damage|p2a: boom boom powdon|0 fnt
|faint|p2a: boom boom powdon
|
|win|UULT91w UnzipsC
|raw|UULT91w UnzipsC's rating: 1602 &rarr; <strong>1625</strong><br />(+23 for winning)
|raw|UULT91w Adaam's rating: 1652 &rarr; <strong>1629</strong><br />(-23 for losing)
|l|☆UULT91w Adaam
|l|@Lily
|l| mncmt
|l| UULT91w Ball
|l| TestB4Best
||Ladder isn't responding, score probably updated but might not have (Request timeout).
