|j|☆Meute
|j|☆Fousfull
|t:|1662212016
|gametype|singles
|player|p1|Meute|lance-masters|1376
|player|p2|Fousfull|lucas|1554
|teamsize|p1|6
|teamsize|p2|6
|gen|8
|tier|[Gen 8] UU
|rated|
|rule|Sleep Clause Mod: Limit one foe put to sleep
|rule|Species Clause: Limit one of each Pokémon
|rule|OHKO Clause: OHKO moves are banned
|rule|Evasion Items Clause: Evasion items are banned
|rule|Evasion Moves Clause: Evasion moves are banned
|rule|Endless Battle Clause: Forcing endless battles is banned
|rule|HP Percentage Mod: HP is shown in percentages
|rule|Dynamax Clause: You cannot dynamax
|clearpoke
|poke|p1|Azumarill, F|
|poke|p1|Gardevoir, M|
|poke|p1|Scolipede, F|
|poke|p1|Celesteela|
|poke|p1|Excadrill, M|
|poke|p1|Gyarados, M|
|poke|p2|Salamence, M|
|poke|p2|Slowking, M|
|poke|p2|Nihilego|
|poke|p2|Zarude-Dada|
|poke|p2|Cobalion|
|poke|p2|Mamoswine, M|
|teampreview
|inactive|Battle timer is ON: inactive players will automatically lose when time's up. (requested by Meute)
|
|t:|1662212050
|start
|switch|p1a: Excadrill|Excadrill, M|100/100
|switch|p2a: Zarude|Zarude-Dada|100/100
|-ability|p1a: Excadrill|Mold Breaker
|turn|1
|
|t:|1662212053
|move|p2a: Zarude|Darkest Lariat|p1a: Excadrill
|-damage|p1a: Excadrill|35/100
|move|p1a: Excadrill|Stealth Rock|p2a: Zarude
|-sidestart|p2: Fousfull|move: Stealth Rock
|
|upkeep
|turn|2
|
|t:|1662212058
|move|p2a: Zarude|Darkest Lariat|p1a: Excadrill
|-damage|p1a: Excadrill|0 fnt
|faint|p1a: Excadrill
|
|upkeep
|inactive|Meute has 120 seconds left.
|
|t:|1662212091
|switch|p1a: Celesteela|Celesteela|100/100
|turn|3
|inactive|Meute has 120 seconds left.
|
|t:|1662212101
|switch|p1a: Azumarill|Azumarill, F|100/100
|move|p2a: Zarude|Darkest Lariat|p1a: Azumarill
|-resisted|p1a: Azumarill
|-damage|p1a: Azumarill|76/100
|
|upkeep
|turn|4
|
|t:|1662212106
|move|p2a: Zarude|Darkest Lariat|p1a: Azumarill
|-resisted|p1a: Azumarill
|-damage|p1a: Azumarill|49/100
|-enditem|p1a: Azumarill|Sitrus Berry|[eat]
|-heal|p1a: Azumarill|74/100|[from] item: Sitrus Berry
|move|p1a: Azumarill|Belly Drum|p1a: Azumarill
|-damage|p1a: Azumarill|24/100
|-setboost|p1a: Azumarill|atk|6|[from] move: Belly Drum
|
|upkeep
|turn|5
|
|t:|1662212115
|move|p1a: Azumarill|Aqua Jet|p2a: Zarude
|-resisted|p2a: Zarude
|-damage|p2a: Zarude|58/100
|move|p2a: Zarude|Darkest Lariat|p1a: Azumarill
|-resisted|p1a: Azumarill
|-damage|p1a: Azumarill|0 fnt
|faint|p1a: Azumarill
|
|upkeep
|
|t:|1662212122
|switch|p1a: Gyarados|Gyarados, M|100/100
|turn|6
|
|t:|1662212150
|move|p2a: Zarude|Darkest Lariat|p1a: Gyarados
|-damage|p1a: Gyarados|45/100
|move|p1a: Gyarados|Dragon Dance|p1a: Gyarados
|-boost|p1a: Gyarados|atk|1
|-boost|p1a: Gyarados|spe|1
|
|upkeep
|turn|7
|
|t:|1662212162
|move|p2a: Zarude|Darkest Lariat|p1a: Gyarados
|-damage|p1a: Gyarados|0 fnt
|faint|p1a: Gyarados
|
|upkeep
|
|t:|1662212167
|switch|p1a: Celesteela|Celesteela|100/100
|turn|8
|c|☆Fousfull|It hard clicking 1 move
|
|t:|1662212177
|switch|p2a: Nihilego|Nihilego|100/100
|-damage|p2a: Nihilego|88/100|[from] Stealth Rock
|move|p1a: Celesteela|Autotomize|p1a: Celesteela
|-boost|p1a: Celesteela|spe|2
|-start|p1a: Celesteela|Autotomize
|
|upkeep
|turn|9
|
|t:|1662212188
|move|p1a: Celesteela|Meteor Beam||[still]
|-prepare|p1a: Celesteela|Meteor Beam
|-boost|p1a: Celesteela|spa|1
|-enditem|p1a: Celesteela|Power Herb
|-anim|p1a: Celesteela|Meteor Beam|p2a: Nihilego
|-damage|p2a: Nihilego|46/100
|move|p2a: Nihilego|Meteor Beam||[still]
|-prepare|p2a: Nihilego|Meteor Beam
|-boost|p2a: Nihilego|spa|1
|-enditem|p2a: Nihilego|Power Herb
|-anim|p2a: Nihilego|Meteor Beam|p1a: Celesteela
|-damage|p1a: Celesteela|6/100
|
|upkeep
|turn|10
|
|t:|1662212195
|move|p1a: Celesteela|Air Slash|p2a: Nihilego
|-resisted|p2a: Nihilego
|-damage|p2a: Nihilego|27/100
|move|p2a: Nihilego|Thunderbolt|p1a: Celesteela
|-supereffective|p1a: Celesteela
|-damage|p1a: Celesteela|0 fnt
|faint|p1a: Celesteela
|-ability|p2a: Nihilego|Beast Boost|boost
|-boost|p2a: Nihilego|spe|1
|
|upkeep
|inactive|Meute has 120 seconds left.
|
|t:|1662212227
|switch|p1a: Scolipede|Scolipede, F|100/100
|turn|11
|
|t:|1662212230
|move|p2a: Nihilego|Thunderbolt|p1a: Scolipede
|-damage|p1a: Scolipede|25/100
|move|p1a: Scolipede|Swords Dance|p1a: Scolipede
|-boost|p1a: Scolipede|atk|2
|
|-ability|p1a: Scolipede|Speed Boost|boost
|-boost|p1a: Scolipede|spe|1
|upkeep
|turn|12
|
|t:|1662212234
|move|p2a: Nihilego|Thunderbolt|p1a: Scolipede
|-damage|p1a: Scolipede|0 fnt
|faint|p1a: Scolipede
|-ability|p2a: Nihilego|Beast Boost|boost
|-boost|p2a: Nihilego|spe|1
|
|upkeep
|-message|Meute forfeited.
|
|win|Fousfull
|raw|Meute's rating: 1376 &rarr; <strong>1365</strong><br />(-11 for losing)
|raw|Fousfull's rating: 1554 &rarr; <strong>1565</strong><br />(+11 for winning)
|l|☆Meute
||Ladder isn't responding, score probably updated but might not have (Request timeout).
