|j|☆DDD951
|j|☆no bad hoes
|t:|1655934263
|gametype|singles
|player|p1|DDD951|2|1425
|player|p2|no bad hoes|ruinmaniac|1447
|teamsize|p1|6
|teamsize|p2|6
|gen|8
|tier|[Gen 8] UU
|rated|
|rule|Sleep Clause Mod: Limit one foe put to sleep
|rule|Species Clause: Limit one of each Pokémon
|rule|OHKO Clause: OHKO moves are banned
|rule|Evasion Moves Clause: Evasion moves are banned
|rule|Endless Battle Clause: Forcing endless battles is banned
|rule|HP Percentage Mod: HP is shown in percentages
|rule|Dynamax Clause: You cannot dynamax
|clearpoke
|poke|p1|Scizor, F|
|poke|p1|Gyarados, F|
|poke|p1|Starmie|
|poke|p1|Nihilego|
|poke|p1|Tangrowth, M|
|poke|p1|Darmanitan, M|
|poke|p2|Noivern, M|
|poke|p2|Cobalion|
|poke|p2|Slowking, F|
|poke|p2|Tangrowth, M|
|poke|p2|Excadrill, F|
|poke|p2|Rotom-Heat|
|teampreview
|
|t:|1655934278
|start
|switch|p1a: Darmanitan|Darmanitan, M|100/100
|switch|p2a: Excadrill|Excadrill, F|100/100
|-ability|p2a: Excadrill|Mold Breaker
|turn|1
|
|t:|1655934285
|switch|p2a: Slowking|Slowking, F|100/100
|move|p1a: Darmanitan|U-turn|p2a: Slowking
|-supereffective|p2a: Slowking
|-damage|p2a: Slowking|64/100
|
|t:|1655934290
|switch|p1a: Scizor|Scizor, F|100/100|[from]move: U-turn
|
|upkeep
|turn|2
|
|t:|1655934295
|move|p1a: Scizor|U-turn|p2a: Slowking
|-supereffective|p2a: Slowking
|-damage|p2a: Slowking|19/100
|
|t:|1655934302
|switch|p1a: Darmanitan|Darmanitan, M|100/100|[from]move: U-turn
|move|p2a: Slowking|Scald|p1a: Darmanitan
|-supereffective|p1a: Darmanitan
|-damage|p1a: Darmanitan|15/100
|
|upkeep
|turn|3
|
|t:|1655934308
|switch|p2a: Rotom|Rotom-Heat|100/100
|move|p1a: Darmanitan|U-turn|p2a: Rotom
|-resisted|p2a: Rotom
|-damage|p2a: Rotom|87/100
|
|t:|1655934314
|switch|p1a: Nihilego|Nihilego|100/100|[from]move: U-turn
|
|upkeep
|turn|4
|
|t:|1655934317
|switch|p2a: Excadrill|Excadrill, F|100/100
|-ability|p2a: Excadrill|Mold Breaker
|move|p1a: Nihilego|Knock Off|p2a: Excadrill
|-damage|p2a: Excadrill|82/100
|-enditem|p2a: Excadrill|Leftovers|[from] move: Knock Off|[of] p1a: Nihilego
|
|upkeep
|turn|5
|
|t:|1655934325
|switch|p1a: Starmie|Starmie|100/100
|move|p2a: Excadrill|Stealth Rock|p1a: Starmie
|-sidestart|p1: DDD951|move: Stealth Rock
|
|upkeep
|turn|6
|
|t:|1655934334
|switch|p2a: Tangrowth|Tangrowth, M|100/100
|move|p1a: Starmie|Rapid Spin|p2a: Tangrowth
|-damage|p2a: Tangrowth|90/100
|-boost|p1a: Starmie|spe|1
|-sideend|p1: DDD951|Stealth Rock|[from] move: Rapid Spin|[of] p1a: Starmie
|-damage|p1a: Starmie|91/100|[from] item: Life Orb
|
|upkeep
|turn|7
|
|t:|1655934344
|switch|p1a: Scizor|Scizor, F|100/100
|move|p2a: Tangrowth|Knock Off|p1a: Scizor
|-damage|p1a: Scizor|86/100
|-enditem|p1a: Scizor|Leftovers|[from] move: Knock Off|[of] p2a: Tangrowth
|
|upkeep
|turn|8
|
|t:|1655934350
|switch|p2a: Cobalion|Cobalion|100/100
|move|p1a: Scizor|U-turn|p2a: Cobalion
|-resisted|p2a: Cobalion
|-damage|p2a: Cobalion|94/100
|
|t:|1655934355
|switch|p1a: Darmanitan|Darmanitan, M|15/100|[from]move: U-turn
|
|-heal|p2a: Cobalion|100/100|[from] item: Leftovers
|upkeep
|turn|9
|
|t:|1655934362
|switch|p2a: Rotom|Rotom-Heat|87/100
|move|p1a: Darmanitan|Toxic|p2a: Rotom|[miss]
|-miss|p1a: Darmanitan|p2a: Rotom
|
|upkeep
|turn|10
|
|t:|1655934369
|move|p1a: Darmanitan|Toxic|p2a: Rotom
|-status|p2a: Rotom|tox
|move|p2a: Rotom|Volt Switch|p1a: Darmanitan
|-damage|p1a: Darmanitan|0 fnt
|faint|p1a: Darmanitan
|
|t:|1655934380
|switch|p2a: Cobalion|Cobalion|100/100|[from]move: Volt Switch
|
|upkeep
|
|t:|1655934384
|switch|p1a: Starmie|Starmie|91/100
|turn|11
|
|t:|1655934389
|switch|p2a: Tangrowth|Tangrowth, M|100/100
|move|p1a: Starmie|Ice Beam|p2a: Tangrowth
|-supereffective|p2a: Tangrowth
|-damage|p2a: Tangrowth|49/100
|-damage|p1a: Starmie|81/100|[from] item: Life Orb
|
|upkeep
|turn|12
|
|t:|1655934399
|switch|p1a: Scizor|Scizor, F|86/100
|switch|p2a: Slowking|Slowking, F|52/100
|
|upkeep
|turn|13
|
|t:|1655934404
|move|p1a: Scizor|U-turn|p2a: Slowking
|-supereffective|p2a: Slowking
|-damage|p2a: Slowking|8/100
|
|t:|1655934407
|switch|p1a: Nihilego|Nihilego|100/100|[from]move: U-turn
|move|p2a: Slowking|Slack Off|p2a: Slowking
|-heal|p2a: Slowking|58/100
|
|upkeep
|turn|14
|
|t:|1655934412
|switch|p2a: Excadrill|Excadrill, F|82/100
|-ability|p2a: Excadrill|Mold Breaker
|move|p1a: Nihilego|Stealth Rock|p2a: Excadrill
|-sidestart|p2: no bad hoes|move: Stealth Rock
|
|upkeep
|turn|15
|
|t:|1655934419
|switch|p1a: Gyarados|Gyarados, F|100/100
|-ability|p1a: Gyarados|Intimidate|boost
|-unboost|p2a: Excadrill|atk|1
|move|p2a: Excadrill|Rapid Spin|p1a: Gyarados
|-damage|p1a: Gyarados|90/100
|-boost|p2a: Excadrill|spe|1
|-sideend|p2: no bad hoes|Stealth Rock|[from] move: Rapid Spin|[of] p2a: Excadrill
|
|-heal|p1a: Gyarados|96/100|[from] item: Leftovers
|upkeep
|turn|16
|
|t:|1655934428
|switch|p2a: Cobalion|Cobalion|100/100
|move|p1a: Gyarados|Waterfall|p2a: Cobalion
|-damage|p2a: Cobalion|70/100
|
|-heal|p2a: Cobalion|76/100|[from] item: Leftovers
|-heal|p1a: Gyarados|100/100|[from] item: Leftovers
|upkeep
|turn|17
|
|t:|1655934438
|switch|p1a: Tangrowth|Tangrowth, M|100/100
|move|p2a: Cobalion|Stone Edge|p1a: Tangrowth
|-damage|p1a: Tangrowth|81/100
|
|-heal|p2a: Cobalion|82/100|[from] item: Leftovers
|upkeep
|turn|18
|
|t:|1655934448
|switch|p2a: Excadrill|Excadrill, F|82/100
|-ability|p2a: Excadrill|Mold Breaker
|move|p1a: Tangrowth|Knock Off|p2a: Excadrill
|-damage|p2a: Excadrill|62/100
|
|upkeep
|turn|19
|
|t:|1655934455
|switch|p1a: Gyarados|Gyarados, F|100/100
|-ability|p1a: Gyarados|Intimidate|boost
|-unboost|p2a: Excadrill|atk|1
|move|p2a: Excadrill|Stealth Rock|p1a: Gyarados
|-sidestart|p1: DDD951|move: Stealth Rock
|
|upkeep
|turn|20
|
|t:|1655934463
|switch|p2a: Cobalion|Cobalion|82/100
|move|p1a: Gyarados|Dragon Dance|p1a: Gyarados
|-boost|p1a: Gyarados|atk|1
|-boost|p1a: Gyarados|spe|1
|
|-heal|p2a: Cobalion|88/100|[from] item: Leftovers
|upkeep
|turn|21
|
|t:|1655934471
|move|p1a: Gyarados|Waterfall|p2a: Cobalion
|-damage|p2a: Cobalion|36/100
|move|p2a: Cobalion|Stone Edge|p1a: Gyarados
|-supereffective|p1a: Gyarados
|-damage|p1a: Gyarados|40/100
|
|-heal|p1a: Gyarados|46/100|[from] item: Leftovers
|-heal|p2a: Cobalion|42/100|[from] item: Leftovers
|upkeep
|turn|22
|
|t:|1655934484
|switch|p2a: Tangrowth|Tangrowth, M|82/100
|move|p1a: Gyarados|Waterfall|p2a: Tangrowth
|-resisted|p2a: Tangrowth
|-damage|p2a: Tangrowth|64/100
|
|-heal|p1a: Gyarados|52/100|[from] item: Leftovers
|upkeep
|turn|23
|
|t:|1655934492
|move|p1a: Gyarados|Substitute|p1a: Gyarados
|-start|p1a: Gyarados|Substitute
|-damage|p1a: Gyarados|27/100
|move|p2a: Tangrowth|Power Whip|p1a: Gyarados
|-end|p1a: Gyarados|Substitute
|
|-heal|p1a: Gyarados|33/100|[from] item: Leftovers
|upkeep
|turn|24
|
|t:|1655934499
|move|p1a: Gyarados|Bounce||[still]
|-prepare|p1a: Gyarados|Bounce
|move|p2a: Tangrowth|Power Whip|p1a: Gyarados|[miss]
|-miss|p2a: Tangrowth|p1a: Gyarados
|
|-heal|p1a: Gyarados|39/100|[from] item: Leftovers
|upkeep
|turn|25
|
|t:|1655934508
|switch|p2a: Excadrill|Excadrill, F|62/100
|-ability|p2a: Excadrill|Mold Breaker
|move|p1a: Gyarados|Bounce|p2a: Excadrill|[from]lockedmove
|-resisted|p2a: Excadrill
|-damage|p2a: Excadrill|16/100
|-status|p2a: Excadrill|par
|
|-heal|p1a: Gyarados|46/100|[from] item: Leftovers
|upkeep
|turn|26
|
|t:|1655934518
|move|p1a: Gyarados|Dragon Dance|p1a: Gyarados
|-boost|p1a: Gyarados|atk|1
|-boost|p1a: Gyarados|spe|1
|move|p2a: Excadrill|Iron Head|p1a: Gyarados
|-resisted|p1a: Gyarados
|-damage|p1a: Gyarados|27/100
|
|-heal|p1a: Gyarados|33/100|[from] item: Leftovers
|upkeep
|turn|27
|
|t:|1655934525
|move|p1a: Gyarados|Substitute|p1a: Gyarados
|-start|p1a: Gyarados|Substitute
|-damage|p1a: Gyarados|8/100
|move|p2a: Excadrill|Iron Head|p1a: Gyarados
|-resisted|p1a: Gyarados
|-activate|p1a: Gyarados|move: Substitute|[damage]
|
|-heal|p1a: Gyarados|14/100|[from] item: Leftovers
|upkeep
|turn|28
|
|t:|1655934532
|move|p1a: Gyarados|Waterfall|p2a: Excadrill
|-supereffective|p2a: Excadrill
|-damage|p2a: Excadrill|0 fnt
|faint|p2a: Excadrill
|
|-heal|p1a: Gyarados|21/100|[from] item: Leftovers
|upkeep
|
|t:|1655934535
|switch|p2a: Slowking|Slowking, F|91/100
|turn|29
|
|t:|1655934540
|move|p1a: Gyarados|Bounce||[still]
|-prepare|p1a: Gyarados|Bounce
|move|p2a: Slowking|Future Sight|p1a: Gyarados
|-start|p2a: Slowking|move: Future Sight
|
|-heal|p1a: Gyarados|27/100|[from] item: Leftovers
|upkeep
|turn|30
|
|t:|1655934545
|switch|p2a: Rotom|Rotom-Heat|87/100 tox
|move|p1a: Gyarados|Bounce|p2a: Rotom|[from]lockedmove|[miss]
|-miss|p1a: Gyarados|p2a: Rotom
|
|-heal|p1a: Gyarados|33/100|[from] item: Leftovers
|-damage|p2a: Rotom|81/100 tox|[from] psn
|upkeep
|turn|31
|
|t:|1655934554
|switch|p2a: Slowking|Slowking, F|100/100
|move|p1a: Gyarados|Waterfall|p2a: Slowking
|-resisted|p2a: Slowking
|-damage|p2a: Slowking|74/100
|
|-end|p1a: Gyarados|move: Future Sight
|-crit|p1a: Gyarados
|-end|p1a: Gyarados|Substitute
|-heal|p1a: Gyarados|39/100|[from] item: Leftovers
|upkeep
|turn|32
|inactive|Battle timer is ON: inactive players will automatically lose when time's up. (requested by DDD951)
|
|t:|1655934600
|move|p1a: Gyarados|Substitute|p1a: Gyarados
|-start|p1a: Gyarados|Substitute
|-damage|p1a: Gyarados|14/100
|move|p2a: Slowking|Future Sight|p1a: Gyarados
|-start|p2a: Slowking|move: Future Sight
|
|-heal|p1a: Gyarados|20/100|[from] item: Leftovers
|upkeep
|turn|33
|
|t:|1655934607
|move|p1a: Gyarados|Dragon Dance|p1a: Gyarados
|-boost|p1a: Gyarados|atk|1
|-boost|p1a: Gyarados|spe|1
|move|p2a: Slowking|Scald|p1a: Gyarados
|-resisted|p1a: Gyarados
|-activate|p1a: Gyarados|move: Substitute|[damage]
|
|-heal|p1a: Gyarados|26/100|[from] item: Leftovers
|upkeep
|turn|34
|
|t:|1655934617
|move|p1a: Gyarados|Bounce||[still]
|-prepare|p1a: Gyarados|Bounce
|move|p2a: Slowking|Scald|p1a: Gyarados|[miss]|[miss]
|-miss|p2a: Slowking|p1a: Gyarados
|
|-end|p1a: Gyarados|move: Future Sight
|-miss|p2a: Slowking|p1a: Gyarados
|-heal|p1a: Gyarados|32/100|[from] item: Leftovers
|upkeep
|turn|35
|
|t:|1655934625
|switch|p2a: Rotom|Rotom-Heat|81/100 tox
|move|p1a: Gyarados|Bounce|p2a: Rotom|[from]lockedmove
|-resisted|p2a: Rotom
|-damage|p2a: Rotom|25/100 tox
|
|-heal|p1a: Gyarados|38/100|[from] item: Leftovers
|-damage|p2a: Rotom|19/100 tox|[from] psn
|upkeep
|turn|36
|
|t:|1655934634
|move|p1a: Gyarados|Waterfall|p2a: Rotom
|-supereffective|p2a: Rotom
|-damage|p2a: Rotom|0 fnt
|faint|p2a: Rotom
|
|-heal|p1a: Gyarados|45/100|[from] item: Leftovers
|upkeep
|-message|no bad hoes forfeited.
|
|win|DDD951
|raw|DDD951's rating: 1425 &rarr; <strong>1446</strong><br />(+21 for winning)
|raw|no bad hoes's rating: 1447 &rarr; <strong>1426</strong><br />(-21 for losing)
|l|☆no bad hoes
||Ladder isn't responding, score probably updated but might not have (Request timeout).
