|j|☆Jules on meth
|j|☆espeo23
|t:|1612812014
|player|p1|Jules on meth|whitney|1209
|player|p2|espeo23|169|1195
|teamsize|p1|6
|teamsize|p2|6
|gametype|singles
|gen|8
|tier|[Gen 8] UU
|rated|
|clearpoke
|poke|p1|Grimmsnarl, M|
|poke|p1|Krookodile, F|
|poke|p1|Gyarados, F|
|poke|p1|Kommo-o, F|
|poke|p1|Moltres-Galar|
|poke|p1|Scizor, F|
|poke|p2|Tapu Bulu|
|poke|p2|Victini|
|poke|p2|Rotom-Wash|
|poke|p2|Celesteela|
|poke|p2|Diggersby, M|
|poke|p2|Skarmory, M|
|rule|Sleep Clause Mod: Limit one foe put to sleep
|rule|Species Clause: Limit one of each Pokémon
|rule|OHKO Clause: OHKO moves are banned
|rule|Evasion Moves Clause: Evasion moves are banned
|rule|Endless Battle Clause: Forcing endless battles is banned
|rule|HP Percentage Mod: HP is shown in percentages
|rule|Dynamax Clause: You cannot dynamax
|teampreview
|inactive|Battle timer is ON: inactive players will automatically lose when time's up. (requested by espeo23)
|inactive|Jules on meth has 120 seconds left.
|
|t:|1612812048
|start
|switch|p1a: Krookodile|Krookodile, F|100/100
|switch|p2a: Diggersby|Diggersby, M|100/100
|-ability|p1a: Krookodile|Intimidate|boost
|-unboost|p2a: Diggersby|atk|1
|turn|1
|
|t:|1612812054
|move|p1a: Krookodile|Stealth Rock|p2a: Diggersby
|-sidestart|p2: espeo23|move: Stealth Rock
|move|p2a: Diggersby|Body Slam|p1a: Krookodile
|-damage|p1a: Krookodile|23/100
|
|upkeep
|turn|2
|
|t:|1612812060
|move|p1a: Krookodile|Knock Off|p2a: Diggersby
|-damage|p2a: Diggersby|36/100
|-enditem|p2a: Diggersby|Choice Band|[from] move: Knock Off|[of] p1a: Krookodile
|move|p2a: Diggersby|Body Slam|p1a: Krookodile
|-damage|p1a: Krookodile|0 fnt
|faint|p1a: Krookodile
|
|upkeep
|
|t:|1612812068
|switch|p1a: Grimmsnarl|Grimmsnarl, M|100/100
|turn|3
|
|t:|1612812071
|move|p1a: Grimmsnarl|Reflect|p1a: Grimmsnarl
|-sidestart|p1: Jules on meth|Reflect
|move|p2a: Diggersby|Body Slam|p1a: Grimmsnarl
|-damage|p1a: Grimmsnarl|73/100
|
|upkeep
|turn|4
|
|t:|1612812076
|move|p2a: Diggersby|Body Slam|p1a: Grimmsnarl
|-damage|p1a: Grimmsnarl|47/100
|move|p1a: Grimmsnarl|Spirit Break|p2a: Diggersby
|-damage|p2a: Diggersby|0 fnt
|faint|p2a: Diggersby
|
|upkeep
|
|t:|1612812084
|switch|p2a: Rotom|Rotom-Wash|100/100
|turn|5
|
|t:|1612812087
|move|p1a: Grimmsnarl|Taunt|p2a: Rotom
|-start|p2a: Rotom|move: Taunt
|cant|p2a: Rotom|move: Taunt|Defog
|
|upkeep
|turn|6
|
|t:|1612812090
|move|p1a: Grimmsnarl|Light Screen|p1a: Grimmsnarl
|-sidestart|p1: Jules on meth|move: Light Screen
|move|p2a: Rotom|Hydro Pump|p1a: Grimmsnarl
|-damage|p1a: Grimmsnarl|17/100
|
|upkeep
|turn|7
|
|t:|1612812096
|move|p2a: Rotom|Hydro Pump|p1a: Grimmsnarl
|-damage|p1a: Grimmsnarl|0 fnt
|faint|p1a: Grimmsnarl
|
|-end|p2a: Rotom|move: Taunt
|upkeep
|
|t:|1612812101
|switch|p1a: Moltres|Moltres-Galar|100/100
|turn|8
|
|t:|1612812106
|move|p2a: Rotom|Defog|p1a: Moltres
|-unboost|p1a: Moltres|evasion|1
|-sideend|p1: Jules on meth|Reflect
|-sideend|p1: Jules on meth|move: Light Screen
|-sideend|p2: espeo23|Stealth Rock|[from] move: Defog|[of] p2a: Rotom
|move|p1a: Moltres|Agility|p1a: Moltres
|-boost|p1a: Moltres|spe|2
|
|upkeep
|turn|9
|
|t:|1612812110
|move|p1a: Moltres|Nasty Plot|p1a: Moltres
|-boost|p1a: Moltres|spa|2
|move|p2a: Rotom|Volt Switch|p1a: Moltres
|-supereffective|p1a: Moltres
|-damage|p1a: Moltres|48/100
|-enditem|p1a: Moltres|Weakness Policy
|-boost|p1a: Moltres|atk|2|[from] item: Weakness Policy
|-boost|p1a: Moltres|spa|2|[from] item: Weakness Policy
|-ability|p1a: Moltres|Berserk|boost
|-boost|p1a: Moltres|spa|1
|
|t:|1612812127
|switch|p2a: Tapu Bulu|Tapu Bulu|100/100|[from]move: Volt Switch
|-fieldstart|move: Grassy Terrain|[from] ability: Grassy Surge|[of] p2a: Tapu Bulu
|
|upkeep
|turn|10
|
|t:|1612812134
|move|p1a: Moltres|Air Slash|p2a: Tapu Bulu
|-supereffective|p2a: Tapu Bulu
|-damage|p2a: Tapu Bulu|0 fnt
|faint|p2a: Tapu Bulu
|
|upkeep
|
|t:|1612812143
|switch|p2a: Skarmory|Skarmory, M|100/100
|turn|11
|
|t:|1612812146
|move|p1a: Moltres|Air Slash|p2a: Skarmory
|-resisted|p2a: Skarmory
|-damage|p2a: Skarmory|18/100
|move|p2a: Skarmory|Whirlwind|p1a: Moltres
|drag|p1a: Kommo-o|Kommo-o, F|100/100
|
|upkeep
|turn|12
|
|t:|1612812153
|move|p1a: Kommo-o|Clangorous Soul|p1a: Kommo-o
|-boost|p1a: Kommo-o|atk|1
|-boost|p1a: Kommo-o|def|1
|-boost|p1a: Kommo-o|spa|1
|-boost|p1a: Kommo-o|spd|1
|-boost|p1a: Kommo-o|spe|1
|-damage|p1a: Kommo-o|68/100
|-enditem|p1a: Kommo-o|Throat Spray
|-boost|p1a: Kommo-o|spa|1|[from] item: Throat Spray
|move|p2a: Skarmory|Whirlwind|p1a: Kommo-o
|drag|p1a: Scizor|Scizor, F|100/100
|
|upkeep
|turn|13
|
|t:|1612812164
|move|p1a: Scizor|Knock Off|p2a: Skarmory
|-damage|p2a: Skarmory|0 fnt
|-damage|p1a: Scizor|84/100|[from] item: Rocky Helmet|[of] p2a: Skarmory
|-enditem|p2a: Skarmory|Rocky Helmet|[from] move: Knock Off|[of] p1a: Scizor
|-damage|p1a: Scizor|74/100|[from] item: Life Orb
|faint|p2a: Skarmory
|
|-heal|p1a: Scizor|80/100|[from] Grassy Terrain
|-fieldend|move: Grassy Terrain
|upkeep
|
|t:|1612812168
|switch|p2a: Celesteela|Celesteela|100/100
|turn|14
|
|t:|1612812174
|switch|p1a: Kommo-o|Kommo-o, F|68/100
|move|p2a: Celesteela|Autotomize|p2a: Celesteela
|-boost|p2a: Celesteela|spe|2
|-start|p2a: Celesteela|Autotomize
|
|upkeep
|turn|15
|
|t:|1612812180
|move|p2a: Celesteela|Air Slash|p1a: Kommo-o
|-supereffective|p1a: Kommo-o
|-damage|p1a: Kommo-o|0 fnt
|faint|p1a: Kommo-o
|-ability|p2a: Celesteela|Beast Boost|boost
|-boost|p2a: Celesteela|spa|1
|
|upkeep
|
|t:|1612812182
|switch|p1a: Gyarados|Gyarados, F|100/100
|turn|16
|
|t:|1612812186
|move|p2a: Celesteela|Meteor Beam||[still]
|-prepare|p2a: Celesteela|Meteor Beam
|-boost|p2a: Celesteela|spa|1
|-enditem|p2a: Celesteela|Power Herb
|-anim|p2a: Celesteela|Meteor Beam|p1a: Gyarados|[miss]
|-miss|p2a: Celesteela|p1a: Gyarados
|move|p1a: Gyarados|Dragon Dance|p1a: Gyarados
|-boost|p1a: Gyarados|atk|1
|-boost|p1a: Gyarados|spe|1
|
|upkeep
|turn|17
|
|t:|1612812192
|move|p2a: Celesteela|Air Slash|p1a: Gyarados
|-damage|p1a: Gyarados|28/100
|move|p1a: Gyarados|Waterfall|p2a: Celesteela
|-damage|p2a: Celesteela|40/100
|
|upkeep
|turn|18
|
|t:|1612812208
|move|p2a: Celesteela|Air Slash|p1a: Gyarados
|-damage|p1a: Gyarados|0 fnt
|faint|p1a: Gyarados
|-ability|p2a: Celesteela|Beast Boost|boost
|-boost|p2a: Celesteela|spa|1
|
|upkeep
|
|t:|1612812212
|switch|p1a: Scizor|Scizor, F|80/100
|turn|19
|
|t:|1612812214
|move|p2a: Celesteela|Flamethrower|p1a: Scizor
|-supereffective|p1a: Scizor
|-damage|p1a: Scizor|0 fnt
|faint|p1a: Scizor
|-ability|p2a: Celesteela|Beast Boost|boost
|-boost|p2a: Celesteela|spa|1
|
|upkeep
|-message|Jules on meth forfeited.
|
|win|espeo23
