|raw|<div class="broadcast-blue"><strong>This battle is required to be public due to a player having a name starting with 'uult93j'.</div>
|j|☆UULT93J Misa
|j|☆UULT93J Glomerule
|t:|1653283395
|gametype|singles
|player|p1|UULT93J Misa|skierf-gen4dp|1464
|player|p2|UULT93J Glomerule|scientist-gen4dp|1696
|teamsize|p1|6
|teamsize|p2|6
|gen|8
|tier|[Gen 8] UU
|rated|
|rule|Sleep Clause Mod: Limit one foe put to sleep
|rule|Species Clause: Limit one of each Pokémon
|rule|OHKO Clause: OHKO moves are banned
|rule|Evasion Moves Clause: Evasion moves are banned
|rule|Endless Battle Clause: Forcing endless battles is banned
|rule|HP Percentage Mod: HP is shown in percentages
|rule|Dynamax Clause: You cannot dynamax
|clearpoke
|poke|p1|Magneton|
|poke|p1|Klefki, M|
|poke|p1|Krookodile, M|
|poke|p1|Salamence, M|
|poke|p1|Scolipede, M|
|poke|p1|Gyarados, F|
|poke|p2|Hippowdon, F|
|poke|p2|Scizor, M|
|poke|p2|Hydreigon, F|
|poke|p2|Skarmory, M|
|poke|p2|Primarina, F|
|poke|p2|Raikou|
|teampreview
|j| Codename Magnum
|c|☆UULT93J Glomerule|hm
|c|☆UULT93J Glomerule|glhf
|j| itsjustdrew
|inactive|Battle timer is ON: inactive players will automatically lose when time's up. (requested by UULT93J Misa)
|j| Totem skarm
|c|☆UULT93J Misa|Hf
|inactive|UULT93J Glomerule has 120 seconds left.
|
|t:|1653283472
|start
|switch|p1a: Krookodile|Krookodile, M|100/100
|switch|p2a: Scizor|Scizor, M|100/100
|-ability|p1a: Krookodile|Intimidate|boost
|-unboost|p2a: Scizor|atk|1
|turn|1
|
|t:|1653283488
|switch|p2a: Primarina|Primarina, F|100/100
|move|p1a: Krookodile|Knock Off|p2a: Primarina
|-resisted|p2a: Primarina
|-damage|p2a: Primarina|71/100
|-enditem|p2a: Primarina|Leftovers|[from] move: Knock Off|[of] p1a: Krookodile
|-damage|p1a: Krookodile|91/100|[from] item: Life Orb
|
|upkeep
|turn|2
|inactive|UULT93J Misa has 120 seconds left.
|
|t:|1653283527
|switch|p2a: Hydreigon|Hydreigon, F|100/100
|move|p1a: Krookodile|Earthquake|p2a: Hydreigon
|-immune|p2a: Hydreigon|[from] ability: Levitate
|
|upkeep
|turn|3
|c|☆UULT93J Glomerule|itsjustdrew going to bed
|c|☆UULT93J Glomerule|just kidding you're going to continue to stalk all of my games
|
|t:|1653283541
|move|p2a: Hydreigon|U-turn|p1a: Krookodile
|-supereffective|p1a: Krookodile
|-damage|p1a: Krookodile|55/100
|
|t:|1653283545
|switch|p2a: Skarmory|Skarmory, M|100/100|[from]move: U-turn
|move|p1a: Krookodile|Stealth Rock|p2a: Skarmory
|-sidestart|p2: UULT93J Glomerule|move: Stealth Rock
|
|upkeep
|turn|4
|c| itsjustdrew|I kinda have insomnia rn
|c| itsjustdrew|I’m just bored
|
|t:|1653283553
|move|p1a: Krookodile|Knock Off|p2a: Skarmory
|-damage|p2a: Skarmory|62/100
|-damage|p1a: Krookodile|38/100|[from] item: Rocky Helmet|[of] p2a: Skarmory
|-enditem|p2a: Skarmory|Rocky Helmet|[from] move: Knock Off|[of] p1a: Krookodile
|-damage|p1a: Krookodile|28/100|[from] item: Life Orb
|move|p2a: Skarmory|Spikes|p1a: Krookodile
|-sidestart|p1: UULT93J Misa|Spikes
|
|upkeep
|turn|5
|
|t:|1653283561
|move|p1a: Krookodile|Taunt|p2a: Skarmory
|-start|p2a: Skarmory|move: Taunt
|cant|p2a: Skarmory|move: Taunt|Roost
|
|upkeep
|turn|6
|
|t:|1653283570
|switch|p2a: Hydreigon|Hydreigon, F|100/100
|-damage|p2a: Hydreigon|88/100|[from] Stealth Rock
|move|p1a: Krookodile|Knock Off|p2a: Hydreigon
|-resisted|p2a: Hydreigon
|-damage|p2a: Hydreigon|53/100
|-enditem|p2a: Hydreigon|Choice Scarf|[from] move: Knock Off|[of] p1a: Krookodile
|-damage|p1a: Krookodile|18/100|[from] item: Life Orb
|
|upkeep
|turn|7
|
|t:|1653283576
|move|p1a: Krookodile|Knock Off|p2a: Hydreigon
|-resisted|p2a: Hydreigon
|-damage|p2a: Hydreigon|31/100
|-damage|p1a: Krookodile|8/100|[from] item: Life Orb
|move|p2a: Hydreigon|U-turn|p1a: Krookodile
|-supereffective|p1a: Krookodile
|-damage|p1a: Krookodile|0 fnt
|faint|p1a: Krookodile
|c|☆UULT93J Glomerule|???
|c|☆UULT93J Glomerule|hariyana grande ??????
|
|t:|1653283591
|switch|p2a: Raikou|Raikou|100/100|[from]move: U-turn
|
|upkeep
|
|t:|1653283601
|switch|p1a: Klefki|Klefki, M|100/100
|-damage|p1a: Klefki|88/100|[from] Spikes
|turn|8
|
|t:|1653283608
|move|p1a: Klefki|Spikes|p2a: Raikou
|-sidestart|p2: UULT93J Glomerule|Spikes
|move|p2a: Raikou|Volt Switch|p1a: Klefki
|-damage|p1a: Klefki|47/100
|-enditem|p1a: Klefki|Eject Button
|
|t:|1653283610
|switch|p1a: Salamence|Salamence, M|100/100
|
|upkeep
|turn|9
|
|t:|1653283628
|move|p2a: Raikou|Volt Switch|p1a: Salamence
|-damage|p1a: Salamence|59/100
|
|t:|1653283631
|switch|p2a: Skarmory|Skarmory, M|62/100|[from]move: Volt Switch
|-damage|p2a: Skarmory|50/100|[from] Stealth Rock
|move|p1a: Salamence|Dragon Dance|p1a: Salamence
|-boost|p1a: Salamence|atk|1
|-boost|p1a: Salamence|spe|1
|
|upkeep
|turn|10
|
|t:|1653283637
|move|p1a: Salamence|Fire Fang|p2a: Skarmory
|-supereffective|p2a: Skarmory
|-damage|p2a: Skarmory|5/100
|move|p2a: Skarmory|Roost|p2a: Skarmory
|-heal|p2a: Skarmory|55/100
|-singleturn|p2a: Skarmory|move: Roost
|
|upkeep
|turn|11
|
|t:|1653283648
|move|p1a: Salamence|Fire Fang|p2a: Skarmory
|-supereffective|p2a: Skarmory
|-damage|p2a: Skarmory|15/100
|move|p2a: Skarmory|Whirlwind|p1a: Salamence
|drag|p1a: Scolipede|Scolipede, M|100/100
|-damage|p1a: Scolipede|88/100|[from] Spikes
|
|upkeep
|turn|12
|l| Totem skarm
|
|t:|1653283661
|switch|p1a: Magneton|Magneton|100/100
|-damage|p1a: Magneton|88/100|[from] Spikes
|move|p2a: Skarmory|Brave Bird|p1a: Magneton
|-resisted|p1a: Magneton
|-damage|p1a: Magneton|75/100
|-damage|p2a: Skarmory|12/100|[from] Recoil
|
|upkeep
|turn|13
|
|t:|1653283669
|move|p1a: Magneton|Volt Switch|p2a: Skarmory
|-supereffective|p2a: Skarmory
|-damage|p2a: Skarmory|0 fnt
|faint|p2a: Skarmory
|
|t:|1653283678
|switch|p1a: Klefki|Klefki, M|47/100|[from]move: Volt Switch
|-damage|p1a: Klefki|35/100|[from] Spikes
|
|upkeep
|
|t:|1653283690
|switch|p2a: Raikou|Raikou|100/100
|turn|14
|
|t:|1653283693
|move|p1a: Klefki|Spikes|p2a: Raikou
|-sidestart|p2: UULT93J Glomerule|Spikes
|move|p2a: Raikou|Thunderbolt|p1a: Klefki
|-damage|p1a: Klefki|0 fnt
|faint|p1a: Klefki
|
|upkeep
|
|t:|1653283702
|switch|p1a: Salamence|Salamence, M|59/100
|turn|15
|inactive|UULT93J Glomerule has 120 seconds left.
|inactive|UULT93J Glomerule has 90 seconds left.
|
|t:|1653283767
|move|p2a: Raikou|Volt Switch|p1a: Salamence
|-damage|p1a: Salamence|16/100
|inactive|UULT93J Glomerule has 90 seconds left.
|
|t:|1653283776
|switch|p2a: Hippowdon|Hippowdon, F|100/100|[from]move: Volt Switch
|-damage|p2a: Hippowdon|94/100|[from] Stealth Rock
|-damage|p2a: Hippowdon|78/100|[from] Spikes
|move|p1a: Salamence|Dragon Dance|p1a: Salamence
|-boost|p1a: Salamence|atk|1
|-boost|p1a: Salamence|spe|1
|
|-heal|p2a: Hippowdon|84/100|[from] item: Leftovers
|upkeep
|turn|16
|
|t:|1653283781
|move|p1a: Salamence|Outrage|p2a: Hippowdon
|-damage|p2a: Hippowdon|26/100
|move|p2a: Hippowdon|Toxic|p1a: Salamence
|-status|p1a: Salamence|tox
|-enditem|p1a: Salamence|Lum Berry|[eat]
|-curestatus|p1a: Salamence|tox|[msg]
|
|-heal|p2a: Hippowdon|32/100|[from] item: Leftovers
|upkeep
|turn|17
|
|t:|1653283792
|switch|p2a: Scizor|Scizor, M|100/100
|move|p1a: Salamence|Outrage|p2a: Scizor|[from]lockedmove
|-resisted|p2a: Scizor
|-damage|p2a: Scizor|55/100
|-start|p1a: Salamence|confusion|[fatigue]
|
|upkeep
|turn|18
|inactive|UULT93J Glomerule has 90 seconds left.
|l| itsjustdrew
|
|t:|1653283813
|switch|p2a: Hydreigon|Hydreigon, F|31/100
|-damage|p2a: Hydreigon|18/100|[from] Stealth Rock
|-activate|p1a: Salamence|confusion
|move|p1a: Salamence|Fire Fang|p2a: Hydreigon|[miss]
|-miss|p1a: Salamence|p2a: Hydreigon
|
|upkeep
|turn|19
|l| Codename Magnum
|
|t:|1653283826
|-activate|p1a: Salamence|confusion
|move|p1a: Salamence|Fire Fang|p2a: Hydreigon
|-resisted|p2a: Hydreigon
|-damage|p2a: Hydreigon|0 fnt
|faint|p2a: Hydreigon
|-ability|p1a: Salamence|Moxie|boost
|-boost|p1a: Salamence|atk|1
|
|upkeep
|j| itsjustdrew
|
|t:|1653283832
|switch|p2a: Primarina|Primarina, F|71/100
|-damage|p2a: Primarina|59/100|[from] Stealth Rock
|-damage|p2a: Primarina|42/100|[from] Spikes
|turn|20
|
|t:|1653283836
|-activate|p1a: Salamence|confusion
|-damage|p1a: Salamence|0 fnt|[from] confusion
|faint|p1a: Salamence
|move|p2a: Primarina|Moonblast|p1: Salamence|[notarget]
|-fail|p2a: Primarina
|
|upkeep
|
|t:|1653283840
|switch|p1a: Gyarados|Gyarados, F|100/100
|turn|21
|
|t:|1653283844
|move|p1a: Gyarados|Dragon Dance|p1a: Gyarados
|-boost|p1a: Gyarados|atk|1
|-boost|p1a: Gyarados|spe|1
|move|p2a: Primarina|Moonblast|p1a: Gyarados
|-damage|p1a: Gyarados|59/100
|
|upkeep
|turn|22
|inactive|UULT93J Glomerule has 120 seconds left.
|
|t:|1653283864
|move|p1a: Gyarados|Power Whip|p2a: Primarina
|-supereffective|p2a: Primarina
|-damage|p2a: Primarina|0 fnt
|faint|p2a: Primarina
|-ability|p1a: Gyarados|Moxie|boost
|-boost|p1a: Gyarados|atk|1
|
|upkeep
|
|t:|1653283868
|switch|p2a: Scizor|Scizor, M|55/100
|turn|23
|inactive|UULT93J Glomerule has 120 seconds left.
|
|t:|1653283874
|move|p1a: Gyarados|Waterfall|p2a: Scizor
|-damage|p2a: Scizor|0 fnt
|faint|p2a: Scizor
|-ability|p1a: Gyarados|Moxie|boost
|-boost|p1a: Gyarados|atk|1
|
|upkeep
|c|☆UULT93J Glomerule|ugh
|inactive|UULT93J Glomerule has 120 seconds left.
|c|☆UULT93J Glomerule|i should've stopped
|c|☆UULT93J Glomerule|rip
|inactive|UULT93J Glomerule has 90 seconds left.
|
|t:|1653283912
|switch|p2a: Raikou|Raikou|100/100
|turn|24
|c| itsjustdrew|Indeed
|
|t:|1653283917
|move|p1a: Gyarados|Waterfall|p2a: Raikou
|-damage|p2a: Raikou|0 fnt
|faint|p2a: Raikou
|-ability|p1a: Gyarados|Moxie|boost
|-boost|p1a: Gyarados|atk|1
|
|upkeep
|c| itsjustdrew|Happened to me last cycle
|c|☆UULT93J Glomerule|why are u obsessed with me?
|inactive|UULT93J Glomerule has 90 seconds left.
|c|☆UULT93J Glomerule|i dont want to talk to you
|
|t:|1653283933
|switch|p2a: Hippowdon|Hippowdon, F|32/100
|-damage|p2a: Hippowdon|26/100|[from] Stealth Rock
|-damage|p2a: Hippowdon|9/100|[from] Spikes
|turn|25
|inactive|UULT93J Glomerule has 90 seconds left.
|
|t:|1653283941
|move|p1a: Gyarados|Waterfall|p2a: Hippowdon
|-supereffective|p2a: Hippowdon
|-damage|p2a: Hippowdon|0 fnt
|faint|p2a: Hippowdon
|
|win|UULT93J Misa
|raw|UULT93J Misa's rating: 1464 &rarr; <strong>1496</strong><br />(+32 for winning)
|raw|UULT93J Glomerule's rating: 1696 &rarr; <strong>1664</strong><br />(-32 for losing)
|c| itsjustdrew|I’m not but I’m glad your ego is still large
|c| itsjustdrew|lol
|c|☆UULT93J Misa|Gg
