|j|☆NycTheBoss
|j|☆Yuiis
|player|p1|NycTheBoss|riley|1162
|player|p2|Yuiis|picnicker|1129
|teamsize|p1|6
|teamsize|p2|6
|gametype|singles
|gen|8
|tier|[Gen 8] UU
|rated|
|clearpoke
|poke|p1|Espeon, M|
|poke|p1|Incineroar, M|
|poke|p1|Avalugg, F|
|poke|p1|Machamp, M|
|poke|p1|Blastoise, M|
|poke|p1|Polteageist-Antique|
|poke|p2|Raboot, F|
|poke|p2|Araquanid, M|
|poke|p2|Cobalion|
|poke|p2|Xatu, M|
|poke|p2|Sylveon, F|
|poke|p2|Tsareena, F|
|rule|Sleep Clause Mod: Limit one foe put to sleep
|rule|Species Clause: Limit one of each Pokémon
|rule|OHKO Clause: OHKO moves are banned
|rule|Evasion Moves Clause: Evasion moves are banned
|rule|Endless Battle Clause: Forcing endless battles is banned
|rule|HP Percentage Mod: HP is shown in percentages
|rule|Dynamax Clause: You cannot dynamax
|teampreview
|
|start
|switch|p1a: Polteageist|Polteageist-Antique|100/100
|switch|p2a: Cobalion|Cobalion|100/100
|turn|1
|
|move|p2a: Cobalion|Taunt|p1a: Polteageist
|-start|p1a: Polteageist|move: Taunt
|cant|p1a: Polteageist|move: Taunt|Shell Smash
|
|upkeep
|turn|2
|
|switch|p1a: MoltenMan|Incineroar, M|100/100
|-ability|p1a: MoltenMan|Intimidate|boost
|-unboost|p2a: Cobalion|atk|1
|move|p2a: Cobalion|Stealth Rock|p1a: MoltenMan
|-sidestart|p1: NycTheBoss|move: Stealth Rock
|
|upkeep
|turn|3
|
|move|p2a: Cobalion|Close Combat|p1a: MoltenMan
|-supereffective|p1a: MoltenMan
|-damage|p1a: MoltenMan|39/100
|-unboost|p2a: Cobalion|def|1
|-unboost|p2a: Cobalion|spd|1
|move|p1a: MoltenMan|Flare Blitz|p2a: Cobalion
|-supereffective|p2a: Cobalion
|-damage|p2a: Cobalion|0 fnt
|-damage|p1a: MoltenMan|12/100|[from] Recoil
|faint|p2a: Cobalion
|
|-heal|p1a: MoltenMan|18/100|[from] item: Leftovers
|upkeep
|
|switch|p2a: Raboot|Raboot, F|100/100
|turn|4
|
|move|p2a: Raboot|U-turn|p1a: MoltenMan
|-start|p2a: Raboot|typechange|Bug|[from] ability: Libero
|-damage|p1a: MoltenMan|0 fnt
|-damage|p2a: Raboot|91/100|[from] item: Life Orb
|faint|p1a: MoltenMan
|
|switch|p2a: Araquanid|Araquanid, M|100/100|[from]move: U-turn
|
|upkeep
|
|switch|p1a: Hydroman|Blastoise, M|100/100
|-damage|p1a: Hydroman|88/100|[from] Stealth Rock
|turn|5
|
|move|p1a: Hydroman|Rapid Spin|p2a: Araquanid
|-damage|p2a: Araquanid|95/100
|-boost|p1a: Hydroman|spe|1
|-sideend|p1: NycTheBoss|Stealth Rock|[from] move: Rapid Spin|[of] p1a: Hydroman
|move|p2a: Araquanid|Leech Life|p1a: Hydroman
|-damage|p1a: Hydroman|71/100
|-heal|p2a: Araquanid|100/100|[from] drain|[of] p1a: Hydroman
|
|-heal|p1a: Hydroman|77/100|[from] item: Leftovers
|upkeep
|turn|6
|
|move|p2a: Araquanid|Magic Coat|p2a: Araquanid
|-singleturn|p2a: Araquanid|move: Magic Coat
|move|p1a: Hydroman|Scald|p2a: Araquanid
|-resisted|p2a: Araquanid
|-damage|p2a: Araquanid|92/100
|
|-heal|p1a: Hydroman|83/100|[from] item: Leftovers
|-heal|p2a: Araquanid|98/100|[from] item: Leftovers
|upkeep
|turn|7
|
|switch|p1a: Juggernaut|Machamp, M|100/100
|move|p2a: Araquanid|Leech Life|p1a: Juggernaut
|-resisted|p1a: Juggernaut
|-damage|p1a: Juggernaut|89/100
|-heal|p2a: Araquanid|100/100|[from] drain|[of] p1a: Juggernaut
|
|-status|p1a: Juggernaut|brn|[from] item: Flame Orb
|upkeep
|turn|8
|
|move|p1a: Juggernaut|Facade|p2a: Araquanid
|-damage|p2a: Araquanid|40/100
|move|p2a: Araquanid|Liquidation|p1a: Juggernaut
|-crit|p1a: Juggernaut
|-damage|p1a: Juggernaut|24/100 brn
|-unboost|p1a: Juggernaut|def|1
|
|-heal|p2a: Araquanid|46/100|[from] item: Leftovers
|-damage|p1a: Juggernaut|18/100 brn|[from] brn
|upkeep
|turn|9
|
|switch|p2a: Xatu|Xatu, M|100/100
|move|p1a: Juggernaut|Facade|p2a: Xatu
|-damage|p2a: Xatu|0 fnt
|faint|p2a: Xatu
|
|-damage|p1a: Juggernaut|12/100 brn|[from] brn
|upkeep
|
|switch|p2a: Raboot|Raboot, F|91/100
|turn|10
|
|move|p2a: Raboot|Sucker Punch|p1a: Juggernaut
|-start|p2a: Raboot|typechange|Dark|[from] ability: Libero
|-resisted|p1a: Juggernaut
|-damage|p1a: Juggernaut|0 fnt
|-damage|p2a: Raboot|81/100|[from] item: Life Orb
|faint|p1a: Juggernaut
|
|upkeep
|
|switch|p1a: Hydroman|Blastoise, M|83/100
|turn|11
|
|move|p2a: Raboot|U-turn|p1a: Hydroman
|-start|p2a: Raboot|typechange|Bug|[from] ability: Libero
|-damage|p1a: Hydroman|49/100
|-damage|p2a: Raboot|71/100|[from] item: Life Orb
|
|switch|p2a: Araquanid|Araquanid, M|46/100|[from]move: U-turn
|move|p1a: Hydroman|Scald|p2a: Araquanid
|-resisted|p2a: Araquanid
|-damage|p2a: Araquanid|36/100
|
|-heal|p1a: Hydroman|55/100|[from] item: Leftovers
|-heal|p2a: Araquanid|42/100|[from] item: Leftovers
|upkeep
|turn|12
|
|move|p1a: Hydroman|Rapid Spin|p2a: Araquanid
|-damage|p2a: Araquanid|37/100
|-boost|p1a: Hydroman|spe|1
|move|p2a: Araquanid|Leech Life|p1a: Hydroman
|-damage|p1a: Hydroman|38/100
|-heal|p2a: Araquanid|46/100|[from] drain|[of] p1a: Hydroman
|
|-heal|p1a: Hydroman|44/100|[from] item: Leftovers
|-heal|p2a: Araquanid|52/100|[from] item: Leftovers
|upkeep
|turn|13
|
|move|p1a: Hydroman|Scald|p2a: Araquanid
|-resisted|p2a: Araquanid
|-damage|p2a: Araquanid|42/100
|move|p2a: Araquanid|Leech Life|p1a: Hydroman
|-damage|p1a: Hydroman|26/100
|-heal|p2a: Araquanid|52/100|[from] drain|[of] p1a: Hydroman
|
|-heal|p1a: Hydroman|33/100|[from] item: Leftovers
|-heal|p2a: Araquanid|58/100|[from] item: Leftovers
|upkeep
|turn|14
|
|move|p1a: Hydroman|Rest|p1a: Hydroman
|-status|p1a: Hydroman|slp|[from] move: Rest
|-heal|p1a: Hydroman|100/100 slp|[silent]
|move|p2a: Araquanid|Leech Life|p1a: Hydroman
|-damage|p1a: Hydroman|83/100 slp
|-heal|p2a: Araquanid|67/100|[from] drain|[of] p1a: Hydroman
|
|-heal|p1a: Hydroman|89/100 slp|[from] item: Leftovers
|-heal|p2a: Araquanid|73/100|[from] item: Leftovers
|upkeep
|turn|15
|
|switch|p1a: Mr.Freeze|Avalugg, F|100/100
|switch|p2a: Tsareena|Tsareena, F|100/100
|
|upkeep
|turn|16
|
|move|p2a: Tsareena|High Jump Kick|p1a: Mr.Freeze
|-supereffective|p1a: Mr.Freeze
|-damage|p1a: Mr.Freeze|31/100
|move|p1a: Mr.Freeze|Avalanche|p2a: Tsareena
|-supereffective|p2a: Tsareena
|-crit|p2a: Tsareena
|-damage|p2a: Tsareena|0 fnt
|faint|p2a: Tsareena
|
|upkeep
|
|switch|p2a: Sylveon|Sylveon, F|100/100
|turn|17
|
|move|p2a: Sylveon|Hyper Voice|p1a: Mr.Freeze
|-damage|p1a: Mr.Freeze|0 fnt
|faint|p1a: Mr.Freeze
|
|upkeep
|
|switch|p1a: Polteageist|Polteageist-Antique|100/100
|turn|18
|
|move|p1a: Polteageist|Shell Smash|p1a: Polteageist
|-unboost|p1a: Polteageist|def|1
|-unboost|p1a: Polteageist|spd|1
|-boost|p1a: Polteageist|atk|2
|-boost|p1a: Polteageist|spa|2
|-boost|p1a: Polteageist|spe|2
|move|p2a: Sylveon|Hyper Voice|p1a: Polteageist
|-enditem|p1a: Polteageist|Focus Sash
|-damage|p1a: Polteageist|1/100
|
|upkeep
|turn|19
|
|switch|p2a: Araquanid|Araquanid, M|73/100
|move|p1a: Polteageist|Stored Power|p2a: Araquanid
|-damage|p2a: Araquanid|0 fnt
|faint|p2a: Araquanid
|
|upkeep
|
|switch|p2a: Raboot|Raboot, F|71/100
|turn|20
|
|move|p2a: Raboot|Sucker Punch|p1a: Polteageist
|-start|p2a: Raboot|typechange|Dark|[from] ability: Libero
|-supereffective|p1a: Polteageist
|-damage|p1a: Polteageist|0 fnt
|-damage|p2a: Raboot|61/100|[from] item: Life Orb
|faint|p1a: Polteageist
|
|upkeep
|
|switch|p1a: Hydroman|Blastoise, M|89/100 slp
|turn|21
|
|move|p2a: Raboot|U-turn|p1a: Hydroman
|-start|p2a: Raboot|typechange|Bug|[from] ability: Libero
|-damage|p1a: Hydroman|53/100 slp
|-damage|p2a: Raboot|51/100|[from] item: Life Orb
|
|switch|p2a: Sylveon|Sylveon, F|100/100|[from]move: U-turn
|cant|p1a: Hydroman|slp
|move|p1a: Hydroman|Sleep Talk|p1a: Hydroman
|move|p1a: Hydroman|Scald|p2a: Sylveon|[from]Sleep Talk
|-damage|p2a: Sylveon|81/100
|-status|p2a: Sylveon|brn
|
|-heal|p1a: Hydroman|59/100 slp|[from] item: Leftovers
|-damage|p2a: Sylveon|75/100 brn|[from] brn
|upkeep
|turn|22
|
|move|p2a: Sylveon|Hyper Voice|p1a: Hydroman
|-damage|p1a: Hydroman|4/100 slp
|cant|p1a: Hydroman|slp
|move|p1a: Hydroman|Sleep Talk|p1a: Hydroman
|move|p1a: Hydroman|Scald|p2a: Sylveon|[from]Sleep Talk
|-damage|p2a: Sylveon|42/100 brn
|
|-heal|p1a: Hydroman|10/100 slp|[from] item: Leftovers
|-damage|p2a: Sylveon|36/100 brn|[from] brn
|upkeep
|turn|23
|
|move|p2a: Sylveon|Hyper Voice|p1a: Hydroman
|-damage|p1a: Hydroman|0 fnt
|faint|p1a: Hydroman
|
|-damage|p2a: Sylveon|30/100 brn|[from] brn
|upkeep
|
|switch|p1a: Moddock|Espeon, M, shiny|100/100
|turn|24
|
|move|p1a: Moddock|Dazzling Gleam|p2a: Sylveon
|-damage|p2a: Sylveon|0 fnt
|faint|p2a: Sylveon
|
|upkeep
|
|switch|p2a: Raboot|Raboot, F|51/100
|turn|25
|
|move|p2a: Raboot|Sucker Punch|p1a: Moddock
|-start|p2a: Raboot|typechange|Dark|[from] ability: Libero
|-supereffective|p1a: Moddock
|-crit|p1a: Moddock
|-damage|p1a: Moddock|0 fnt
|-damage|p2a: Raboot|41/100|[from] item: Life Orb
|faint|p1a: Moddock
|
|win|Yuiis
|c|☆NycTheBoss|gg
|c|☆Yuiis|gg
|l|☆NycTheBoss
||Ladder (probably) updated, but score could not be retrieved (Request timeout).
