|j|☆eruza02
|j|☆Darkortex
|t:|1648957639
|gametype|singles
|player|p1|eruza02|1|1324
|player|p2|Darkortex|hilbert|1474
|teamsize|p1|6
|teamsize|p2|6
|gen|8
|tier|[Gen 8] UU
|rated|
|rule|Sleep Clause Mod: Limit one foe put to sleep
|rule|Species Clause: Limit one of each Pokémon
|rule|OHKO Clause: OHKO moves are banned
|rule|Evasion Moves Clause: Evasion moves are banned
|rule|Endless Battle Clause: Forcing endless battles is banned
|rule|HP Percentage Mod: HP is shown in percentages
|rule|Dynamax Clause: You cannot dynamax
|clearpoke
|poke|p1|Aegislash, M|
|poke|p1|Sirfetch’d, M|
|poke|p1|Arcanine, F|
|poke|p1|Braviary, M|
|poke|p1|Golduck, F|
|poke|p1|Whimsicott, M|
|poke|p2|Hippowdon, F|
|poke|p2|Excadrill, M|
|poke|p2|Skarmory, M|
|poke|p2|Rotom-Heat|
|poke|p2|Tangrowth, F|
|poke|p2|Keldeo-Resolute|
|teampreview
|inactive|Battle timer is ON: inactive players will automatically lose when time's up. (requested by Darkortex)
|inactive|Darkortex has 120 seconds left.
|
|t:|1648957682
|start
|switch|p1a: Golduck|Golduck, F|100/100
|switch|p2a: Keldeo|Keldeo-Resolute|100/100
|-ability|p1a: Golduck|Cloud Nine
|turn|1
|
|t:|1648957685
|move|p2a: Keldeo|Secret Sword|p1a: Golduck
|-damage|p1a: Golduck|12/100
|move|p1a: Golduck|Psychic|p2a: Keldeo
|-supereffective|p2a: Keldeo
|-damage|p2a: Keldeo|4/100
|
|upkeep
|turn|2
|
|t:|1648957690
|switch|p1a: Aegislash|Aegislash, M|100/100
|move|p2a: Keldeo|Secret Sword|p1a: Aegislash
|-immune|p1a: Aegislash
|
|upkeep
|turn|3
|
|t:|1648957695
|switch|p2a: Tangrowth|Tangrowth, F|100/100
|-formechange|p1a: Aegislash|Aegislash-Blade||[from] ability: Stance Change
|move|p1a: Aegislash|Shadow Ball|p2a: Tangrowth
|-damage|p2a: Tangrowth|55/100
|
|upkeep
|turn|4
|
|t:|1648957700
|move|p1a: Aegislash|Shadow Ball|p2a: Tangrowth
|-damage|p2a: Tangrowth|13/100
|move|p2a: Tangrowth|Knock Off|p1a: Aegislash
|-supereffective|p1a: Aegislash
|-damage|p1a: Aegislash|12/100
|-enditem|p1a: Aegislash|Choice Specs|[from] move: Knock Off|[of] p2a: Tangrowth
|
|upkeep
|turn|5
|
|t:|1648957709
|switch|p2a: Rotom|Rotom-Heat|100/100
|move|p1a: Aegislash|Shadow Ball|p2a: Rotom
|-damage|p2a: Rotom|46/100
|-unboost|p2a: Rotom|spd|1
|
|upkeep
|turn|6
|
|t:|1648957718
|switch|p1a: Arcanine|Arcanine, F|100/100
|move|p2a: Rotom|Volt Switch|p1a: Arcanine
|-damage|p1a: Arcanine|73/100
|
|t:|1648957721
|switch|p2a: Keldeo|Keldeo-Resolute|4/100|[from]move: Volt Switch
|
|upkeep
|turn|7
|
|t:|1648957727
|switch|p2a: Rotom|Rotom-Heat|46/100
|move|p1a: Arcanine|Extreme Speed|p2a: Rotom
|-damage|p2a: Rotom|4/100
|
|upkeep
|turn|8
|
|t:|1648957733
|move|p1a: Arcanine|Extreme Speed|p2a: Rotom
|-damage|p2a: Rotom|0 fnt
|faint|p2a: Rotom
|
|upkeep
|
|t:|1648957736
|switch|p2a: Skarmory|Skarmory, M|100/100
|turn|9
|
|t:|1648957741
|switch|p1a: Golduck|Golduck, F|12/100
|-ability|p1a: Golduck|Cloud Nine
|move|p2a: Skarmory|Spikes|p1a: Golduck
|-sidestart|p1: eruza02|Spikes
|
|upkeep
|turn|10
|
|t:|1648957747
|switch|p2a: Tangrowth|Tangrowth, F|47/100
|move|p1a: Golduck|Scald|p2a: Tangrowth
|-resisted|p2a: Tangrowth
|-damage|p2a: Tangrowth|29/100
|-status|p2a: Tangrowth|brn
|
|-damage|p2a: Tangrowth|23/100 brn|[from] brn
|upkeep
|turn|11
|j| turtledoggo1
|
|t:|1648957753
|move|p1a: Golduck|Scald|p2a: Tangrowth
|-resisted|p2a: Tangrowth
|-damage|p2a: Tangrowth|7/100 brn
|move|p2a: Tangrowth|Giga Drain|p1a: Golduck
|-supereffective|p1a: Golduck
|-damage|p1a: Golduck|0 fnt
|-heal|p2a: Tangrowth|12/100 brn|[from] drain|[of] p1a: Golduck
|faint|p1a: Golduck
|
|-damage|p2a: Tangrowth|6/100 brn|[from] brn
|upkeep
|
|t:|1648957761
|switch|p1a: Aegislash|Aegislash, M|12/100
|-damage|p1a: Aegislash|0 fnt|[from] Spikes
|faint|p1a: Aegislash
|
|t:|1648957768
|switch|p1a: Whimsicott|Whimsicott, M|100/100
|turn|12
|l| turtledoggo1
|j| turtledoggo1
|l| turtledoggo1
|
|t:|1648957790
|switch|p2a: Skarmory|Skarmory, M|100/100
|move|p1a: Whimsicott|Moonblast|p2a: Skarmory
|-resisted|p2a: Skarmory
|-damage|p2a: Skarmory|75/100
|
|upkeep
|turn|13
|
|t:|1648957796
|move|p1a: Whimsicott|Defog|p2a: Skarmory
|-unboost|p2a: Skarmory|evasion|1
|-sideend|p1: eruza02|Spikes|[from] move: Defog|[of] p1a: Whimsicott
|move|p2a: Skarmory|Whirlwind|p1a: Whimsicott
|drag|p1a: Arcanine|Arcanine, F|73/100
|
|upkeep
|turn|14
|
|t:|1648957801
|switch|p2a: Hippowdon|Hippowdon, F|100/100
|-weather|Sandstorm|[from] ability: Sand Stream|[of] p2a: Hippowdon
|move|p1a: Arcanine|Flare Blitz|p2a: Hippowdon
|-damage|p2a: Hippowdon|32/100
|-damage|p1a: Arcanine|47/100|[from] Recoil
|
|-weather|Sandstorm|[upkeep]
|-damage|p1a: Arcanine|41/100|[from] Sandstorm
|upkeep
|turn|15
|inactive|Darkortex has 120 seconds left.
|
|t:|1648957839
|switch|p2a: Tangrowth|Tangrowth, F|39/100 brn
|move|p1a: Arcanine|Flare Blitz|p2a: Tangrowth
|-supereffective|p2a: Tangrowth
|-damage|p2a: Tangrowth|0 fnt
|faint|p2a: Tangrowth
|-damage|p1a: Arcanine|27/100|[from] Recoil
|
|-weather|Sandstorm|[upkeep]
|-damage|p1a: Arcanine|21/100|[from] Sandstorm
|upkeep
|
|t:|1648957841
|switch|p2a: Excadrill|Excadrill, M|100/100
|-item|p2a: Excadrill|Air Balloon
|turn|16
|
|t:|1648957845
|move|p2a: Excadrill|Earthquake|p1a: Arcanine
|-supereffective|p1a: Arcanine
|-damage|p1a: Arcanine|0 fnt
|faint|p1a: Arcanine
|
|-weather|Sandstorm|[upkeep]
|upkeep
|
|t:|1648957851
|switch|p1a: Braviary|Braviary, M|100/100
|turn|17
|
|t:|1648957855
|switch|p2a: Skarmory|Skarmory, M|75/100
|move|p1a: Braviary|Close Combat|p2a: Skarmory
|-damage|p2a: Skarmory|32/100
|-unboost|p1a: Braviary|def|1
|-unboost|p1a: Braviary|spd|1
|-damage|p1a: Braviary|84/100|[from] item: Rocky Helmet|[of] p2a: Skarmory
|
|-weather|Sandstorm|[upkeep]
|-damage|p1a: Braviary|78/100|[from] Sandstorm
|upkeep
|turn|18
|
|t:|1648957863
|switch|p2a: Keldeo|Keldeo-Resolute|4/100
|move|p1a: Braviary|Close Combat|p2a: Keldeo
|-damage|p2a: Keldeo|0 fnt
|-unboost|p1a: Braviary|def|1
|-unboost|p1a: Braviary|spd|1
|faint|p2a: Keldeo
|
|-weather|Sandstorm|[upkeep]
|-damage|p1a: Braviary|71/100|[from] Sandstorm
|upkeep
|
|t:|1648957865
|switch|p2a: Excadrill|Excadrill, M|100/100
|-item|p2a: Excadrill|Air Balloon
|turn|19
|
|t:|1648957868
|switch|p1a: Whimsicott|Whimsicott, M|100/100
|move|p2a: Excadrill|Iron Head|p1a: Whimsicott
|-supereffective|p1a: Whimsicott
|-damage|p1a: Whimsicott|0 fnt
|faint|p1a: Whimsicott
|
|-weather|Sandstorm|[upkeep]
|upkeep
|
|t:|1648957874
|switch|p1a: Braviary|Braviary, M|71/100
|turn|20
|
|t:|1648957880
|switch|p2a: Skarmory|Skarmory, M|32/100
|move|p1a: Braviary|Close Combat|p2a: Skarmory
|-damage|p2a: Skarmory|0 fnt
|-unboost|p1a: Braviary|def|1
|-unboost|p1a: Braviary|spd|1
|-damage|p1a: Braviary|55/100|[from] item: Rocky Helmet|[of] p2a: Skarmory
|faint|p2a: Skarmory
|
|-weather|Sandstorm|[upkeep]
|-damage|p1a: Braviary|49/100|[from] Sandstorm
|upkeep
|
|t:|1648957881
|switch|p2a: Excadrill|Excadrill, M|100/100
|-item|p2a: Excadrill|Air Balloon
|turn|21
|
|t:|1648957888
|switch|p1a: Sirfetch’d|Sirfetch’d, M|100/100
|move|p2a: Excadrill|Iron Head|p1a: Sirfetch’d
|-damage|p1a: Sirfetch’d|43/100
|
|-weather|none
|upkeep
|turn|22
|
|t:|1648957892
|move|p1a: Sirfetch’d|Close Combat|p2a: Excadrill
|-supereffective|p2a: Excadrill
|-damage|p2a: Excadrill|0 fnt
|-unboost|p1a: Sirfetch’d|def|1
|-unboost|p1a: Sirfetch’d|spd|1
|-enditem|p2a: Excadrill|Air Balloon
|faint|p2a: Excadrill
|
|upkeep
|-message|Darkortex forfeited.
|
|win|eruza02
|raw|eruza02's rating: 1324 &rarr; <strong>1352</strong><br />(+28 for winning)
|raw|Darkortex's rating: 1474 &rarr; <strong>1446</strong><br />(-28 for losing)
|l|☆Darkortex
|j|☆Darkortex
|player|p2|Darkortex|hilbert
|l|☆Darkortex
|player|p2|
