|j|☆AlltheStall
|j|☆pif
|t:|1659668330
|gametype|singles
|player|p1|AlltheStall|cilan|1432
|player|p2|pif|#uutrio2ladder|1704
|teamsize|p1|6
|teamsize|p2|6
|gen|8
|tier|[Gen 8] UU
|rated|
|rule|Sleep Clause Mod: Limit one foe put to sleep
|rule|Species Clause: Limit one of each Pokémon
|rule|OHKO Clause: OHKO moves are banned
|rule|Evasion Items Clause: Evasion items are banned
|rule|Evasion Moves Clause: Evasion moves are banned
|rule|Endless Battle Clause: Forcing endless battles is banned
|rule|HP Percentage Mod: HP is shown in percentages
|rule|Dynamax Clause: You cannot dynamax
|clearpoke
|poke|p1|Amoonguss, F|
|poke|p1|Chansey, F|
|poke|p1|Tangrowth, F|
|poke|p1|Umbreon, F|
|poke|p1|Moltres|
|poke|p1|Quagsire, F|
|poke|p2|Necrozma|
|poke|p2|Krookodile, M|
|poke|p2|Rotom-Wash|
|poke|p2|Registeel|
|poke|p2|Tapu Bulu|
|poke|p2|Salamence, F|
|teampreview
|inactive|Battle timer is ON: inactive players will automatically lose when time's up. (requested by AlltheStall)
|
|t:|1659668355
|start
|switch|p1a: Umbreon|Umbreon, F|100/100
|switch|p2a: Salamence|Salamence, F|100/100
|-ability|p2a: Salamence|Intimidate|boost
|-unboost|p1a: Umbreon|atk|1
|turn|1
|
|t:|1659668360
|switch|p2a: Registeel|Registeel|100/100
|move|p1a: Umbreon|Yawn|p2a: Registeel
|-start|p2a: Registeel|move: Yawn|[of] p1a: Umbreon
|
|upkeep
|turn|2
|
|t:|1659668370
|switch|p2a: Rotom|Rotom-Wash|100/100
|move|p1a: Umbreon|Foul Play|p2a: Rotom
|-damage|p2a: Rotom|83/100
|
|-heal|p2a: Rotom|89/100|[from] item: Leftovers
|upkeep
|turn|3
|
|t:|1659668374
|move|p2a: Rotom|Will-O-Wisp|p1a: Umbreon
|-status|p1a: Umbreon|brn
|-activate|p1a: Umbreon|ability: Synchronize
|-status|p2a: Rotom|brn
|move|p1a: Umbreon|Yawn||[still]
|-fail|p1a: Umbreon
|
|-heal|p2a: Rotom|95/100 brn|[from] item: Leftovers
|-damage|p2a: Rotom|89/100 brn|[from] brn
|-damage|p1a: Umbreon|94/100 brn|[from] brn
|upkeep
|turn|4
|
|t:|1659668382
|move|p2a: Rotom|Will-O-Wisp|p1a: Umbreon
|-fail|p1a: Umbreon|brn
|move|p1a: Umbreon|Foul Play|p2a: Rotom
|-damage|p2a: Rotom|80/100 brn
|
|-heal|p2a: Rotom|86/100 brn|[from] item: Leftovers
|-heal|p1a: Umbreon|100/100 brn|[from] item: Leftovers
|-damage|p2a: Rotom|80/100 brn|[from] brn
|-damage|p1a: Umbreon|94/100 brn|[from] brn
|upkeep
|turn|5
|
|t:|1659668387
|move|p2a: Rotom|Pain Split|p1a: Umbreon
|-sethp|p1a: Umbreon|76/100 brn|[from] move: Pain Split|[silent]
|-sethp|p2a: Rotom|100/100 brn|[from] move: Pain Split
|move|p1a: Umbreon|Foul Play|p2a: Rotom
|-damage|p2a: Rotom|91/100 brn
|
|-heal|p2a: Rotom|97/100 brn|[from] item: Leftovers
|-heal|p1a: Umbreon|82/100 brn|[from] item: Leftovers
|-damage|p2a: Rotom|91/100 brn|[from] brn
|-damage|p1a: Umbreon|76/100 brn|[from] brn
|upkeep
|turn|6
|
|t:|1659668391
|move|p2a: Rotom|Volt Switch|p1a: Umbreon
|-damage|p1a: Umbreon|62/100 brn
|
|t:|1659668393
|switch|p2a: Krookodile|Krookodile, M|100/100|[from]move: Volt Switch
|-ability|p2a: Krookodile|Intimidate|boost
|-unboost|p1a: Umbreon|atk|1
|move|p1a: Umbreon|Wish|p1a: Umbreon
|
|-heal|p1a: Umbreon|69/100 brn|[from] item: Leftovers
|-damage|p1a: Umbreon|62/100 brn|[from] brn
|upkeep
|turn|7
|
|t:|1659668397
|move|p1a: Umbreon|Protect|p1a: Umbreon
|-singleturn|p1a: Umbreon|Protect
|move|p2a: Krookodile|Stealth Rock|p1a: Umbreon
|-sidestart|p1: AlltheStall|move: Stealth Rock
|
|-heal|p1a: Umbreon|100/100 brn|[from] move: Wish|[wisher] Umbreon
|-damage|p1a: Umbreon|94/100 brn|[from] brn
|upkeep
|turn|8
|
|t:|1659668401
|move|p2a: Krookodile|Knock Off|p1a: Umbreon
|-resisted|p1a: Umbreon
|-damage|p1a: Umbreon|75/100 brn
|-enditem|p1a: Umbreon|Leftovers|[from] move: Knock Off|[of] p2a: Krookodile
|move|p1a: Umbreon|Yawn|p2a: Krookodile
|-start|p2a: Krookodile|move: Yawn|[of] p1a: Umbreon
|
|-damage|p1a: Umbreon|69/100 brn|[from] brn
|upkeep
|turn|9
|
|t:|1659668411
|switch|p2a: Rotom|Rotom-Wash|91/100 brn
|move|p1a: Umbreon|Foul Play|p2a: Rotom
|-damage|p2a: Rotom|82/100 brn
|
|-heal|p2a: Rotom|88/100 brn|[from] item: Leftovers
|-damage|p2a: Rotom|82/100 brn|[from] brn
|-damage|p1a: Umbreon|62/100 brn|[from] brn
|upkeep
|turn|10
|
|t:|1659668414
|move|p2a: Rotom|Volt Switch|p1a: Umbreon
|-damage|p1a: Umbreon|49/100 brn
|
|t:|1659668417
|switch|p2a: Krookodile|Krookodile, M|100/100|[from]move: Volt Switch
|-ability|p2a: Krookodile|Intimidate|boost
|-unboost|p1a: Umbreon|atk|1
|move|p1a: Umbreon|Wish|p1a: Umbreon
|
|-damage|p1a: Umbreon|43/100 brn|[from] brn
|upkeep
|turn|11
|
|t:|1659668421
|move|p1a: Umbreon|Protect|p1a: Umbreon
|-singleturn|p1a: Umbreon|Protect
|move|p2a: Krookodile|High Horsepower|p1a: Umbreon
|-activate|p1a: Umbreon|move: Protect
|
|-heal|p1a: Umbreon|93/100 brn|[from] move: Wish|[wisher] Umbreon
|-damage|p1a: Umbreon|87/100 brn|[from] brn
|upkeep
|turn|12
|
|t:|1659668425
|switch|p1a: Tangrowth|Tangrowth, F|100/100
|-damage|p1a: Tangrowth|88/100|[from] Stealth Rock
|move|p2a: Krookodile|High Horsepower|p1a: Tangrowth|[miss]
|-miss|p2a: Krookodile|p1a: Tangrowth
|
|upkeep
|turn|13
|
|t:|1659668430
|switch|p2a: Registeel|Registeel|100/100
|move|p1a: Tangrowth|Leech Seed|p2a: Registeel
|-start|p2a: Registeel|move: Leech Seed
|
|-damage|p2a: Registeel|88/100|[from] Leech Seed|[of] p1a: Tangrowth
|-heal|p1a: Tangrowth|99/100|[silent]
|upkeep
|turn|14
|
|t:|1659668436
|switch|p2a: Salamence|Salamence, F|100/100
|-ability|p2a: Salamence|Intimidate|boost
|-unboost|p1a: Tangrowth|atk|1
|move|p1a: Tangrowth|Knock Off|p2a: Salamence
|-damage|p2a: Salamence|88/100
|-enditem|p2a: Salamence|Heavy-Duty Boots|[from] move: Knock Off|[of] p1a: Tangrowth
|
|upkeep
|turn|15
|
|t:|1659668446
|switch|p1a: Chansey|Chansey, F|100/100
|-damage|p1a: Chansey|88/100|[from] Stealth Rock
|move|p2a: Salamence|Toxic|p1a: Chansey
|-status|p1a: Chansey|tox
|
|-damage|p1a: Chansey|82/100 tox|[from] psn
|upkeep
|turn|16
|
|t:|1659668450
|switch|p2a: Rotom|Rotom-Wash|82/100 brn
|move|p1a: Chansey|Stealth Rock|p2a: Rotom
|-sidestart|p2: pif|move: Stealth Rock
|
|-heal|p2a: Rotom|88/100 brn|[from] item: Leftovers
|-damage|p1a: Chansey|70/100 tox|[from] psn
|-damage|p2a: Rotom|82/100 brn|[from] brn
|upkeep
|turn|17
|
|t:|1659668456
|-curestatus|p1a: Chansey|tox|[from] ability: Natural Cure
|switch|p1a: Amoonguss|Amoonguss, F|100/100
|-damage|p1a: Amoonguss|88/100|[from] Stealth Rock
|move|p2a: Rotom|Pain Split|p1a: Amoonguss
|-sethp|p1a: Amoonguss|71/100|[from] move: Pain Split|[silent]
|-sethp|p2a: Rotom|100/100 brn|[from] move: Pain Split
|
|-heal|p1a: Amoonguss|77/100|[from] item: Black Sludge
|-damage|p2a: Rotom|95/100 brn|[from] brn
|upkeep
|turn|18
|
|t:|1659668463
|move|p2a: Rotom|Will-O-Wisp|p1a: Amoonguss
|-status|p1a: Amoonguss|brn
|move|p1a: Amoonguss|Clear Smog|p2a: Rotom
|-damage|p2a: Rotom|77/100 brn
|-clearboost|p2a: Rotom
|
|-heal|p2a: Rotom|83/100 brn|[from] item: Leftovers
|-heal|p1a: Amoonguss|83/100 brn|[from] item: Black Sludge
|-damage|p2a: Rotom|77/100 brn|[from] brn
|-damage|p1a: Amoonguss|77/100 brn|[from] brn
|upkeep
|turn|19
|
|t:|1659668468
|move|p2a: Rotom|Volt Switch|p1a: Amoonguss
|-resisted|p1a: Amoonguss
|-damage|p1a: Amoonguss|69/100 brn
|
|t:|1659668470
|switch|p2a: Registeel|Registeel|88/100|[from]move: Volt Switch
|-damage|p2a: Registeel|82/100|[from] Stealth Rock
|move|p1a: Amoonguss|Clear Smog|p2a: Registeel
|-immune|p2a: Registeel
|
|-heal|p1a: Amoonguss|75/100 brn|[from] item: Black Sludge
|-damage|p1a: Amoonguss|69/100 brn|[from] brn
|upkeep
|turn|20
|
|t:|1659668481
|switch|p1a: Tangrowth|Tangrowth, F|100/100
|-damage|p1a: Tangrowth|88/100|[from] Stealth Rock
|move|p2a: Registeel|Iron Defense|p2a: Registeel
|-boost|p2a: Registeel|def|2
|
|upkeep
|turn|21
|
|t:|1659668486
|move|p2a: Registeel|Body Press|p1a: Tangrowth
|-damage|p1a: Tangrowth|52/100
|-damage|p2a: Registeel|66/100|[from] item: Rocky Helmet|[of] p1a: Tangrowth
|move|p1a: Tangrowth|Leech Seed|p2a: Registeel
|-start|p2a: Registeel|move: Leech Seed
|
|-damage|p2a: Registeel|53/100|[from] Leech Seed|[of] p1a: Tangrowth
|-heal|p1a: Tangrowth|63/100|[silent]
|upkeep
|turn|22
|
|t:|1659668495
|switch|p2a: Salamence|Salamence, F|88/100
|-damage|p2a: Salamence|63/100|[from] Stealth Rock
|-ability|p2a: Salamence|Intimidate|boost
|-unboost|p1a: Tangrowth|atk|1
|move|p1a: Tangrowth|Knock Off|p2a: Salamence
|-damage|p2a: Salamence|55/100
|
|upkeep
|turn|23
|
|t:|1659668503
|switch|p1a: Chansey|Chansey, F|70/100
|-damage|p1a: Chansey|57/100|[from] Stealth Rock
|move|p2a: Salamence|Roost|p2a: Salamence
|-heal|p2a: Salamence|100/100
|-singleturn|p2a: Salamence|move: Roost
|
|upkeep
|turn|24
|
|t:|1659668509
|switch|p2a: Rotom|Rotom-Wash|77/100 brn
|-damage|p2a: Rotom|65/100 brn|[from] Stealth Rock
|move|p1a: Chansey|Soft-Boiled|p1a: Chansey
|-heal|p1a: Chansey|100/100
|
|-heal|p2a: Rotom|71/100 brn|[from] item: Leftovers
|-damage|p2a: Rotom|65/100 brn|[from] brn
|upkeep
|turn|25
|
|t:|1659668514
|move|p2a: Rotom|Pain Split|p1a: Chansey
|-sethp|p1a: Chansey|64/100|[from] move: Pain Split|[silent]
|-sethp|p2a: Rotom|100/100 brn|[from] move: Pain Split
|move|p1a: Chansey|Seismic Toss|p2a: Rotom
|-damage|p2a: Rotom|65/100 brn
|
|-heal|p2a: Rotom|71/100 brn|[from] item: Leftovers
|-damage|p2a: Rotom|65/100 brn|[from] brn
|upkeep
|turn|26
|
|t:|1659668517
|move|p2a: Rotom|Pain Split|p1a: Chansey
|-sethp|p1a: Chansey|45/100|[from] move: Pain Split|[silent]
|-sethp|p2a: Rotom|100/100 brn|[from] move: Pain Split
|move|p1a: Chansey|Seismic Toss|p2a: Rotom
|-damage|p2a: Rotom|65/100 brn
|
|-heal|p2a: Rotom|71/100 brn|[from] item: Leftovers
|-damage|p2a: Rotom|65/100 brn|[from] brn
|upkeep
|turn|27
|
|t:|1659668523
|move|p2a: Rotom|Pain Split|p1a: Chansey
|-sethp|p1a: Chansey|36/100|[from] move: Pain Split|[silent]
|-sethp|p2a: Rotom|88/100 brn|[from] move: Pain Split
|move|p1a: Chansey|Soft-Boiled|p1a: Chansey
|-heal|p1a: Chansey|86/100
|
|-heal|p2a: Rotom|94/100 brn|[from] item: Leftovers
|-damage|p2a: Rotom|88/100 brn|[from] brn
|upkeep
|turn|28
|
|t:|1659668530
|move|p2a: Rotom|Pain Split|p1a: Chansey
|-sethp|p1a: Chansey|61/100|[from] move: Pain Split|[silent]
|-sethp|p2a: Rotom|100/100 brn|[from] move: Pain Split
|move|p1a: Chansey|Stealth Rock||[still]
|-fail|p1a: Chansey
|
|-damage|p2a: Rotom|95/100 brn|[from] brn
|upkeep
|turn|29
|
|t:|1659668535
|move|p2a: Rotom|Will-O-Wisp|p1a: Chansey
|-status|p1a: Chansey|brn
|move|p1a: Chansey|Stealth Rock||[still]
|-fail|p1a: Chansey
|
|-heal|p2a: Rotom|100/100 brn|[from] item: Leftovers
|-damage|p2a: Rotom|95/100 brn|[from] brn
|-damage|p1a: Chansey|55/100 brn|[from] brn
|upkeep
|turn|30
|
|t:|1659668540
|move|p2a: Rotom|Volt Switch|p1a: Chansey
|-damage|p1a: Chansey|47/100 brn
|
|t:|1659668545
|switch|p2a: Krookodile|Krookodile, M|100/100|[from]move: Volt Switch
|-damage|p2a: Krookodile|94/100|[from] Stealth Rock
|-ability|p2a: Krookodile|Intimidate|boost
|-unboost|p1a: Chansey|atk|1
|move|p1a: Chansey|Soft-Boiled|p1a: Chansey
|-heal|p1a: Chansey|97/100 brn
|
|-heal|p2a: Krookodile|100/100|[from] item: Leftovers
|-damage|p1a: Chansey|91/100 brn|[from] brn
|upkeep
|turn|31
|
|t:|1659668552
|-curestatus|p1a: Chansey|brn|[from] ability: Natural Cure
|switch|p1a: Tangrowth|Tangrowth, F|97/100
|-damage|p1a: Tangrowth|84/100|[from] Stealth Rock
|move|p2a: Krookodile|Knock Off|p1a: Tangrowth
|-damage|p1a: Tangrowth|59/100
|-damage|p2a: Krookodile|84/100|[from] item: Rocky Helmet|[of] p1a: Tangrowth
|-enditem|p1a: Tangrowth|Rocky Helmet|[from] move: Knock Off|[of] p2a: Krookodile
|
|-heal|p2a: Krookodile|90/100|[from] item: Leftovers
|upkeep
|turn|32
|
|t:|1659668561
|switch|p2a: Salamence|Salamence, F|100/100
|-damage|p2a: Salamence|76/100|[from] Stealth Rock
|-ability|p2a: Salamence|Intimidate|boost
|-unboost|p1a: Tangrowth|atk|1
|move|p1a: Tangrowth|Leech Seed|p2a: Salamence
|-start|p2a: Salamence|move: Leech Seed
|
|-damage|p2a: Salamence|63/100|[from] Leech Seed|[of] p1a: Tangrowth
|-heal|p1a: Tangrowth|71/100|[silent]
|upkeep
|turn|33
|
|t:|1659668568
|move|p1a: Tangrowth|Protect|p1a: Tangrowth
|-singleturn|p1a: Tangrowth|Protect
|move|p2a: Salamence|Roost|p2a: Salamence
|-heal|p2a: Salamence|100/100
|-singleturn|p2a: Salamence|move: Roost
|
|-damage|p2a: Salamence|88/100|[from] Leech Seed|[of] p1a: Tangrowth
|-heal|p1a: Tangrowth|83/100|[silent]
|upkeep
|turn|34
|
|t:|1659668586
|switch|p1a: Amoonguss|Amoonguss, F|100/100 brn
|-damage|p1a: Amoonguss|88/100 brn|[from] Stealth Rock
|move|p2a: Salamence|Toxic||[still]
|-fail|p2a: Salamence
|
|-heal|p1a: Amoonguss|94/100 brn|[from] item: Black Sludge
|-damage|p2a: Salamence|76/100|[from] Leech Seed|[of] p1a: Amoonguss
|-heal|p1a: Amoonguss|100/100 brn|[silent]
|-damage|p1a: Amoonguss|94/100 brn|[from] brn
|upkeep
|turn|35
|
|t:|1659668594
|switch|p2a: Registeel|Registeel|53/100
|-damage|p2a: Registeel|47/100|[from] Stealth Rock
|move|p1a: Amoonguss|Toxic|p2a: Registeel
|-immune|p2a: Registeel
|
|-heal|p1a: Amoonguss|100/100 brn|[from] item: Black Sludge
|-damage|p1a: Amoonguss|94/100 brn|[from] brn
|upkeep
|turn|36
|
|t:|1659668610
|switch|p1a: Tangrowth|Tangrowth, F|100/100
|-damage|p1a: Tangrowth|88/100|[from] Stealth Rock
|move|p2a: Registeel|Amnesia|p2a: Registeel
|-boost|p2a: Registeel|spd|2
|
|upkeep
|turn|37
|
|t:|1659668617
|move|p2a: Registeel|Iron Defense|p2a: Registeel
|-boost|p2a: Registeel|def|2
|move|p1a: Tangrowth|Leech Seed|p2a: Registeel
|-start|p2a: Registeel|move: Leech Seed
|
|-damage|p2a: Registeel|35/100|[from] Leech Seed|[of] p1a: Tangrowth
|-heal|p1a: Tangrowth|99/100|[silent]
|upkeep
|turn|38
|
|t:|1659668620
|move|p2a: Registeel|Rest|p2a: Registeel
|-status|p2a: Registeel|slp|[from] move: Rest
|-heal|p2a: Registeel|100/100 slp|[silent]
|-enditem|p2a: Registeel|Chesto Berry|[eat]
|-curestatus|p2a: Registeel|slp|[msg]
|move|p1a: Tangrowth|Knock Off|p2a: Registeel
|-damage|p2a: Registeel|97/100
|
|-damage|p2a: Registeel|85/100|[from] Leech Seed|[of] p1a: Tangrowth
|-heal|p1a: Tangrowth|100/100|[silent]
|upkeep
|turn|39
|
|t:|1659668632
|switch|p2a: Salamence|Salamence, F|76/100
|-damage|p2a: Salamence|51/100|[from] Stealth Rock
|-ability|p2a: Salamence|Intimidate|boost
|-unboost|p1a: Tangrowth|atk|1
|move|p1a: Tangrowth|Protect||[still]
|-fail|p1a: Tangrowth
|
|upkeep
|turn|40
|
|t:|1659668648
|switch|p1a: Umbreon|Umbreon, F|87/100 brn
|-damage|p1a: Umbreon|74/100 brn|[from] Stealth Rock
|move|p2a: Salamence|Roost|p2a: Salamence
|-heal|p2a: Salamence|100/100
|-singleturn|p2a: Salamence|move: Roost
|
|-damage|p1a: Umbreon|68/100 brn|[from] brn
|upkeep
|turn|41
|
|t:|1659668671
|move|p2a: Salamence|Flamethrower|p1a: Umbreon
|-crit|p1a: Umbreon
|-damage|p1a: Umbreon|49/100 brn
|move|p1a: Umbreon|Foul Play|p2a: Salamence
|-damage|p2a: Salamence|85/100
|
|-damage|p1a: Umbreon|43/100 brn|[from] brn
|upkeep
|turn|42
|
|t:|1659668680
|switch|p2a: Necrozma|Necrozma|100/100
|-damage|p2a: Necrozma|88/100|[from] Stealth Rock
|move|p1a: Umbreon|Wish|p1a: Umbreon
|
|-damage|p1a: Umbreon|37/100 brn|[from] brn
|upkeep
|turn|43
|
|t:|1659668686
|move|p2a: Necrozma|Calm Mind|p2a: Necrozma
|-boost|p2a: Necrozma|spa|1
|-boost|p2a: Necrozma|spd|1
|move|p1a: Umbreon|Yawn|p2a: Necrozma
|-start|p2a: Necrozma|move: Yawn|[of] p1a: Umbreon
|
|-heal|p1a: Umbreon|87/100 brn|[from] move: Wish|[wisher] Umbreon
|-damage|p1a: Umbreon|81/100 brn|[from] brn
|upkeep
|turn|44
|
|t:|1659668693
|move|p2a: Necrozma|Calm Mind|p2a: Necrozma
|-boost|p2a: Necrozma|spa|1
|-boost|p2a: Necrozma|spd|1
|move|p1a: Umbreon|Foul Play|p2a: Necrozma
|-supereffective|p2a: Necrozma
|-damage|p2a: Necrozma|73/100
|
|-damage|p1a: Umbreon|75/100 brn|[from] brn
|-end|p2a: Necrozma|move: Yawn|[silent]
|-status|p2a: Necrozma|slp
|-enditem|p2a: Necrozma|Lum Berry|[eat]
|-curestatus|p2a: Necrozma|slp|[msg]
|upkeep
|turn|45
|
|t:|1659668702
|switch|p1a: Chansey|Chansey, F|91/100
|-damage|p1a: Chansey|78/100|[from] Stealth Rock
|move|p2a: Necrozma|Heat Wave|p1a: Chansey
|-damage|p1a: Chansey|63/100
|
|upkeep
|turn|46
|
|t:|1659668706
|switch|p2a: Rotom|Rotom-Wash|95/100 brn
|-damage|p2a: Rotom|82/100 brn|[from] Stealth Rock
|move|p1a: Chansey|Toxic||[still]
|-fail|p1a: Chansey
|
|-heal|p2a: Rotom|88/100 brn|[from] item: Leftovers
|-damage|p2a: Rotom|82/100 brn|[from] brn
|upkeep
|turn|47
|
|t:|1659668714
|switch|p1a: Tangrowth|Tangrowth, F|100/100
|-damage|p1a: Tangrowth|88/100|[from] Stealth Rock
|move|p2a: Rotom|Pain Split|p1a: Tangrowth
|-sethp|p1a: Tangrowth|73/100|[from] move: Pain Split|[silent]
|-sethp|p2a: Rotom|100/100 brn|[from] move: Pain Split
|
|-damage|p2a: Rotom|95/100 brn|[from] brn
|upkeep
|turn|48
|
|t:|1659668720
|switch|p1a: Amoonguss|Amoonguss, F|100/100 brn
|-damage|p1a: Amoonguss|88/100 brn|[from] Stealth Rock
|move|p2a: Rotom|Volt Switch|p1a: Amoonguss
|-resisted|p1a: Amoonguss
|-damage|p1a: Amoonguss|80/100 brn
|
|t:|1659668726
|switch|p2a: Necrozma|Necrozma|73/100|[from]move: Volt Switch
|-damage|p2a: Necrozma|61/100|[from] Stealth Rock
|
|-heal|p1a: Amoonguss|86/100 brn|[from] item: Black Sludge
|-damage|p1a: Amoonguss|80/100 brn|[from] brn
|upkeep
|turn|49
|
|t:|1659668732
|switch|p2a: Registeel|Registeel|85/100
|-damage|p2a: Registeel|78/100|[from] Stealth Rock
|move|p1a: Amoonguss|Toxic|p2a: Registeel
|-immune|p2a: Registeel
|
|-heal|p1a: Amoonguss|86/100 brn|[from] item: Black Sludge
|-damage|p1a: Amoonguss|80/100 brn|[from] brn
|upkeep
|turn|50
|
|t:|1659668740
|switch|p1a: Tangrowth|Tangrowth, F|100/100
|-damage|p1a: Tangrowth|88/100|[from] Stealth Rock
|move|p2a: Registeel|Amnesia|p2a: Registeel
|-boost|p2a: Registeel|spd|2
|
|upkeep
|turn|51
|
|t:|1659668744
|move|p2a: Registeel|Iron Defense|p2a: Registeel
|-boost|p2a: Registeel|def|2
|move|p1a: Tangrowth|Leech Seed|p2a: Registeel
|-start|p2a: Registeel|move: Leech Seed
|
|-damage|p2a: Registeel|66/100|[from] Leech Seed|[of] p1a: Tangrowth
|-heal|p1a: Tangrowth|99/100|[silent]
|upkeep
|turn|52
|
|t:|1659668748
|switch|p2a: Salamence|Salamence, F|85/100
|-damage|p2a: Salamence|61/100|[from] Stealth Rock
|-ability|p2a: Salamence|Intimidate|boost
|-unboost|p1a: Tangrowth|atk|1
|move|p1a: Tangrowth|Substitute|p1a: Tangrowth
|-start|p1a: Tangrowth|Substitute
|-damage|p1a: Tangrowth|74/100
|
|upkeep
|turn|53
|
|t:|1659668756
|move|p2a: Salamence|Roost|p2a: Salamence
|-heal|p2a: Salamence|100/100
|-singleturn|p2a: Salamence|move: Roost
|move|p1a: Tangrowth|Leech Seed|p2a: Salamence
|-start|p2a: Salamence|move: Leech Seed
|
|-damage|p2a: Salamence|88/100|[from] Leech Seed|[of] p1a: Tangrowth
|-heal|p1a: Tangrowth|86/100|[silent]
|upkeep
|turn|54
|
|t:|1659668767
|switch|p2a: Necrozma|Necrozma|61/100
|-damage|p2a: Necrozma|48/100|[from] Stealth Rock
|switch|p1a: Chansey|Chansey, F|63/100
|-damage|p1a: Chansey|50/100|[from] Stealth Rock
|
|upkeep
|turn|55
|
|t:|1659668772
|switch|p2a: Registeel|Registeel|66/100
|-damage|p2a: Registeel|60/100|[from] Stealth Rock
|move|p1a: Chansey|Soft-Boiled|p1a: Chansey
|-heal|p1a: Chansey|100/100
|
|upkeep
|turn|56
|
|t:|1659668782
|switch|p1a: Moltres|Moltres|100/100
|move|p2a: Registeel|Iron Defense|p2a: Registeel
|-boost|p2a: Registeel|def|2
|
|upkeep
|turn|57
|
|t:|1659668786
|switch|p2a: Rotom|Rotom-Wash|95/100 brn
|-damage|p2a: Rotom|82/100 brn|[from] Stealth Rock
|move|p1a: Moltres|Flamethrower|p2a: Rotom
|-resisted|p2a: Rotom
|-damage|p2a: Rotom|63/100 brn
|
|-heal|p2a: Rotom|69/100 brn|[from] item: Leftovers
|-damage|p2a: Rotom|63/100 brn|[from] brn
|upkeep
|turn|58
|
|t:|1659668793
|switch|p1a: Amoonguss|Amoonguss, F|100/100 brn
|-damage|p1a: Amoonguss|88/100 brn|[from] Stealth Rock
|move|p2a: Rotom|Pain Split|p1a: Amoonguss
|-sethp|p1a: Amoonguss|65/100 brn|[from] move: Pain Split|[silent]
|-sethp|p2a: Rotom|98/100 brn|[from] move: Pain Split
|
|-heal|p2a: Rotom|100/100 brn|[from] item: Leftovers
|-heal|p1a: Amoonguss|71/100 brn|[from] item: Black Sludge
|-damage|p2a: Rotom|95/100 brn|[from] brn
|-damage|p1a: Amoonguss|65/100 brn|[from] brn
|upkeep
|turn|59
|
|t:|1659668797
|switch|p1a: Tangrowth|Tangrowth, F|100/100
|-damage|p1a: Tangrowth|88/100|[from] Stealth Rock
|move|p2a: Rotom|Volt Switch|p1a: Tangrowth
|-resisted|p1a: Tangrowth
|-damage|p1a: Tangrowth|69/100
|
|t:|1659668801
|switch|p2a: Necrozma|Necrozma|48/100|[from]move: Volt Switch
|-damage|p2a: Necrozma|36/100|[from] Stealth Rock
|
|upkeep
|turn|60
|
|t:|1659668807
|switch|p1a: Chansey|Chansey, F|100/100
|-damage|p1a: Chansey|88/100|[from] Stealth Rock
|move|p2a: Necrozma|Moonlight|p2a: Necrozma
|-heal|p2a: Necrozma|86/100
|
|upkeep
|turn|61
|
|t:|1659668812
|switch|p2a: Rotom|Rotom-Wash|95/100 brn
|-damage|p2a: Rotom|82/100 brn|[from] Stealth Rock
|move|p1a: Chansey|Soft-Boiled|p1a: Chansey
|-heal|p1a: Chansey|100/100
|
|-heal|p2a: Rotom|88/100 brn|[from] item: Leftovers
|-damage|p2a: Rotom|82/100 brn|[from] brn
|upkeep
|turn|62
|
|t:|1659668817
|switch|p1a: Amoonguss|Amoonguss, F|98/100 brn
|-damage|p1a: Amoonguss|86/100 brn|[from] Stealth Rock
|move|p2a: Rotom|Will-O-Wisp|p1a: Amoonguss
|-fail|p1a: Amoonguss|brn
|
|-heal|p2a: Rotom|88/100 brn|[from] item: Leftovers
|-heal|p1a: Amoonguss|92/100 brn|[from] item: Black Sludge
|-damage|p2a: Rotom|82/100 brn|[from] brn
|-damage|p1a: Amoonguss|86/100 brn|[from] brn
|upkeep
|turn|63
|
|t:|1659668822
|move|p2a: Rotom|Volt Switch|p1a: Amoonguss
|-resisted|p1a: Amoonguss
|-damage|p1a: Amoonguss|78/100 brn
|
|t:|1659668826
|switch|p2a: Registeel|Registeel|60/100|[from]move: Volt Switch
|-damage|p2a: Registeel|54/100|[from] Stealth Rock
|move|p1a: Amoonguss|Clear Smog|p2a: Registeel
|-immune|p2a: Registeel
|
|-heal|p1a: Amoonguss|84/100 brn|[from] item: Black Sludge
|-damage|p1a: Amoonguss|78/100 brn|[from] brn
|upkeep
|turn|64
|
|t:|1659668831
|switch|p1a: Moltres|Moltres|100/100
|move|p2a: Registeel|Rest|p2a: Registeel
|-status|p2a: Registeel|slp|[from] move: Rest
|-heal|p2a: Registeel|100/100 slp|[silent]
|
|upkeep
|turn|65
|
|t:|1659668836
|switch|p2a: Rotom|Rotom-Wash|82/100 brn
|-damage|p2a: Rotom|70/100 brn|[from] Stealth Rock
|move|p1a: Moltres|Whirlwind|p2a: Rotom
|drag|p2a: Krookodile|Krookodile, M|90/100
|-damage|p2a: Krookodile|84/100|[from] Stealth Rock
|-ability|p2a: Krookodile|Intimidate|boost
|-unboost|p1a: Moltres|atk|1
|
|-heal|p2a: Krookodile|90/100|[from] item: Leftovers
|upkeep
|turn|66
|
|t:|1659668850
|switch|p1a: Tangrowth|Tangrowth, F|100/100
|-damage|p1a: Tangrowth|88/100|[from] Stealth Rock
|move|p2a: Krookodile|Knock Off|p1a: Tangrowth
|-damage|p1a: Tangrowth|71/100
|
|-heal|p2a: Krookodile|96/100|[from] item: Leftovers
|upkeep
|turn|67
|
|t:|1659668863
|switch|p2a: Tapu Bulu|Tapu Bulu|100/100
|-damage|p2a: Tapu Bulu|88/100|[from] Stealth Rock
|-fieldstart|move: Grassy Terrain|[from] ability: Grassy Surge|[of] p2a: Tapu Bulu
|move|p1a: Tangrowth|Leech Seed|p2a: Tapu Bulu
|-immune|p2a: Tapu Bulu
|
|-heal|p2a: Tapu Bulu|94/100|[from] Grassy Terrain
|-heal|p1a: Tangrowth|77/100|[from] Grassy Terrain
|upkeep
|turn|68
|
|t:|1659668872
|switch|p1a: Moltres|Moltres|100/100
|move|p2a: Tapu Bulu|Horn Leech|p1a: Moltres
|-resisted|p1a: Moltres
|-damage|p1a: Moltres|91/100
|-heal|p2a: Tapu Bulu|100/100|[from] drain|[of] p1a: Moltres
|-status|p2a: Tapu Bulu|brn|[from] ability: Flame Body|[of] p1a: Moltres
|
|-damage|p2a: Tapu Bulu|94/100 brn|[from] brn
|upkeep
|turn|69
|
|t:|1659668877
|switch|p2a: Rotom|Rotom-Wash|70/100 brn
|-damage|p2a: Rotom|58/100 brn|[from] Stealth Rock
|move|p1a: Moltres|Whirlwind|p2a: Rotom
|drag|p2a: Tapu Bulu|Tapu Bulu|94/100 brn
|-damage|p2a: Tapu Bulu|82/100 brn|[from] Stealth Rock
|
|-heal|p2a: Tapu Bulu|88/100 brn|[from] Grassy Terrain
|-damage|p2a: Tapu Bulu|82/100 brn|[from] brn
|upkeep
|turn|70
|
|t:|1659668887
|switch|p2a: Rotom|Rotom-Wash|58/100 brn
|-damage|p2a: Rotom|45/100 brn|[from] Stealth Rock
|move|p1a: Moltres|Flamethrower|p2a: Rotom
|-resisted|p2a: Rotom
|-damage|p2a: Rotom|26/100 brn
|
|-heal|p2a: Rotom|32/100 brn|[from] item: Leftovers
|-damage|p2a: Rotom|26/100 brn|[from] brn
|upkeep
|turn|71
|
|t:|1659668899
|switch|p1a: Amoonguss|Amoonguss, F|100/100 brn
|-damage|p1a: Amoonguss|88/100 brn|[from] Stealth Rock
|move|p2a: Rotom|Pain Split|p1a: Amoonguss
|-sethp|p1a: Amoonguss|53/100 brn|[from] move: Pain Split|[silent]
|-sethp|p2a: Rotom|80/100 brn|[from] move: Pain Split
|
|-heal|p2a: Rotom|86/100 brn|[from] item: Leftovers
|-heal|p1a: Amoonguss|59/100 brn|[from] Grassy Terrain
|-heal|p1a: Amoonguss|65/100 brn|[from] item: Black Sludge
|-damage|p2a: Rotom|80/100 brn|[from] brn
|-damage|p1a: Amoonguss|59/100 brn|[from] brn
|-fieldend|move: Grassy Terrain
|upkeep
|turn|72
|
|t:|1659668908
|move|p2a: Rotom|Volt Switch|p1a: Amoonguss
|-resisted|p1a: Amoonguss
|-damage|p1a: Amoonguss|51/100 brn
|
|t:|1659668911
|switch|p2a: Registeel|Registeel|100/100 slp|[from]move: Volt Switch
|-damage|p2a: Registeel|94/100 slp|[from] Stealth Rock
|move|p1a: Amoonguss|Synthesis|p1a: Amoonguss
|-heal|p1a: Amoonguss|100/100 brn
|
|-damage|p1a: Amoonguss|94/100 brn|[from] brn
|upkeep
|turn|73
|
|t:|1659668915
|switch|p1a: Moltres|Moltres|91/100
|cant|p2a: Registeel|slp
|
|upkeep
|turn|74
|
|t:|1659668919
|switch|p2a: Rotom|Rotom-Wash|80/100 brn
|-damage|p2a: Rotom|68/100 brn|[from] Stealth Rock
|move|p1a: Moltres|Flamethrower|p2a: Rotom
|-resisted|p2a: Rotom
|-damage|p2a: Rotom|49/100 brn
|
|-heal|p2a: Rotom|55/100 brn|[from] item: Leftovers
|-damage|p2a: Rotom|49/100 brn|[from] brn
|upkeep
|turn|75
|
|t:|1659668925
|switch|p1a: Amoonguss|Amoonguss, F|100/100 brn
|-damage|p1a: Amoonguss|88/100 brn|[from] Stealth Rock
|move|p2a: Rotom|Pain Split|p1a: Amoonguss
|-sethp|p1a: Amoonguss|60/100 brn|[from] move: Pain Split|[silent]
|-sethp|p2a: Rotom|91/100 brn|[from] move: Pain Split
|
|-heal|p2a: Rotom|97/100 brn|[from] item: Leftovers
|-heal|p1a: Amoonguss|66/100 brn|[from] item: Black Sludge
|-damage|p2a: Rotom|91/100 brn|[from] brn
|-damage|p1a: Amoonguss|60/100 brn|[from] brn
|upkeep
|turn|76
|
|t:|1659668931
|move|p2a: Rotom|Will-O-Wisp|p1a: Amoonguss
|-fail|p1a: Amoonguss|brn
|move|p1a: Amoonguss|Clear Smog|p2a: Rotom
|-damage|p2a: Rotom|75/100 brn
|-clearboost|p2a: Rotom
|
|-heal|p2a: Rotom|81/100 brn|[from] item: Leftovers
|-heal|p1a: Amoonguss|66/100 brn|[from] item: Black Sludge
|-damage|p2a: Rotom|75/100 brn|[from] brn
|-damage|p1a: Amoonguss|60/100 brn|[from] brn
|upkeep
|turn|77
|
|t:|1659668936
|move|p2a: Rotom|Volt Switch|p1a: Amoonguss
|-resisted|p1a: Amoonguss
|-damage|p1a: Amoonguss|52/100 brn
|
|t:|1659668938
|switch|p2a: Registeel|Registeel|94/100 slp|[from]move: Volt Switch
|-damage|p2a: Registeel|88/100 slp|[from] Stealth Rock
|move|p1a: Amoonguss|Clear Smog|p2a: Registeel
|-immune|p2a: Registeel
|
|-heal|p1a: Amoonguss|59/100 brn|[from] item: Black Sludge
|-damage|p1a: Amoonguss|52/100 brn|[from] brn
|upkeep
|turn|78
|
|t:|1659668943
|switch|p2a: Rotom|Rotom-Wash|75/100 brn
|-damage|p2a: Rotom|63/100 brn|[from] Stealth Rock
|switch|p1a: Moltres|Moltres|91/100
|
|-heal|p2a: Rotom|69/100 brn|[from] item: Leftovers
|-damage|p2a: Rotom|63/100 brn|[from] brn
|upkeep
|turn|79
|
|t:|1659668947
|switch|p1a: Amoonguss|Amoonguss, F|86/100 brn
|-damage|p1a: Amoonguss|73/100 brn|[from] Stealth Rock
|move|p2a: Rotom|Pain Split|p1a: Amoonguss
|-sethp|p1a: Amoonguss|57/100 brn|[from] move: Pain Split|[silent]
|-sethp|p2a: Rotom|86/100 brn|[from] move: Pain Split
|
|-heal|p2a: Rotom|92/100 brn|[from] item: Leftovers
|-heal|p1a: Amoonguss|63/100 brn|[from] item: Black Sludge
|-damage|p2a: Rotom|86/100 brn|[from] brn
|-damage|p1a: Amoonguss|57/100 brn|[from] brn
|upkeep
|turn|80
|
|t:|1659668952
|switch|p1a: Tangrowth|Tangrowth, F|100/100
|-damage|p1a: Tangrowth|88/100|[from] Stealth Rock
|move|p2a: Rotom|Volt Switch|p1a: Tangrowth
|-resisted|p1a: Tangrowth
|-damage|p1a: Tangrowth|69/100
|
|t:|1659668957
|switch|p2a: Salamence|Salamence, F|88/100|[from]move: Volt Switch
|-damage|p2a: Salamence|63/100|[from] Stealth Rock
|-ability|p2a: Salamence|Intimidate|boost
|-unboost|p1a: Tangrowth|atk|1
|
|upkeep
|turn|81
|
|t:|1659668972
|switch|p1a: Umbreon|Umbreon, F|75/100 brn
|-damage|p1a: Umbreon|62/100 brn|[from] Stealth Rock
|move|p2a: Salamence|Roost|p2a: Salamence
|-heal|p2a: Salamence|100/100
|-singleturn|p2a: Salamence|move: Roost
|
|-damage|p1a: Umbreon|56/100 brn|[from] brn
|upkeep
|turn|82
|
|t:|1659669001
|switch|p2a: Krookodile|Krookodile, M|96/100
|-damage|p2a: Krookodile|90/100|[from] Stealth Rock
|-ability|p2a: Krookodile|Intimidate|boost
|-unboost|p1a: Umbreon|atk|1
|move|p1a: Umbreon|Wish|p1a: Umbreon
|
|-heal|p2a: Krookodile|96/100|[from] item: Leftovers
|-damage|p1a: Umbreon|50/100 brn|[from] brn
|upkeep
|turn|83
|
|t:|1659669015
|move|p1a: Umbreon|Protect|p1a: Umbreon
|-singleturn|p1a: Umbreon|Protect
|move|p2a: Krookodile|High Horsepower|p1a: Umbreon
|-activate|p1a: Umbreon|move: Protect
|
|-heal|p1a: Umbreon|99/100 brn|[from] move: Wish|[wisher] Umbreon
|-heal|p2a: Krookodile|100/100|[from] item: Leftovers
|-damage|p1a: Umbreon|94/100 brn|[from] brn
|upkeep
|turn|84
|
|t:|1659669025
|switch|p1a: Tangrowth|Tangrowth, F|100/100
|-damage|p1a: Tangrowth|88/100|[from] Stealth Rock
|move|p2a: Krookodile|Knock Off|p1a: Tangrowth
|-damage|p1a: Tangrowth|72/100
|
|upkeep
|turn|85
|
|t:|1659669034
|switch|p2a: Registeel|Registeel|88/100 slp
|-damage|p2a: Registeel|82/100 slp|[from] Stealth Rock
|move|p1a: Tangrowth|Knock Off|p2a: Registeel
|-damage|p2a: Registeel|75/100 slp
|
|upkeep
|turn|86
|
|t:|1659669037
|cant|p2a: Registeel|slp
|move|p1a: Tangrowth|Leech Seed|p2a: Registeel
|-start|p2a: Registeel|move: Leech Seed
|
|-damage|p2a: Registeel|63/100 slp|[from] Leech Seed|[of] p1a: Tangrowth
|-heal|p1a: Tangrowth|83/100|[silent]
|upkeep
|turn|87
|
|t:|1659669043
|switch|p2a: Tapu Bulu|Tapu Bulu|82/100 brn
|-damage|p2a: Tapu Bulu|70/100 brn|[from] Stealth Rock
|-fieldstart|move: Grassy Terrain|[from] ability: Grassy Surge|[of] p2a: Tapu Bulu
|switch|p1a: Moltres|Moltres|91/100
|
|-heal|p2a: Tapu Bulu|76/100 brn|[from] Grassy Terrain
|-damage|p2a: Tapu Bulu|70/100 brn|[from] brn
|upkeep
|turn|88
|
|t:|1659669049
|switch|p2a: Rotom|Rotom-Wash|86/100 brn
|-damage|p2a: Rotom|74/100 brn|[from] Stealth Rock
|move|p1a: Moltres|Whirlwind|p2a: Rotom
|drag|p2a: Tapu Bulu|Tapu Bulu|70/100 brn
|-damage|p2a: Tapu Bulu|57/100 brn|[from] Stealth Rock
|
|-heal|p2a: Tapu Bulu|63/100 brn|[from] Grassy Terrain
|-damage|p2a: Tapu Bulu|57/100 brn|[from] brn
|upkeep
|turn|89
|
|t:|1659669052
|switch|p2a: Rotom|Rotom-Wash|74/100 brn
|-damage|p2a: Rotom|62/100 brn|[from] Stealth Rock
|move|p1a: Moltres|Whirlwind|p2a: Rotom
|drag|p2a: Salamence|Salamence, F|100/100
|-damage|p2a: Salamence|76/100|[from] Stealth Rock
|-ability|p2a: Salamence|Intimidate|boost
|-unboost|p1a: Moltres|atk|1
|
|upkeep
|turn|90
|
|t:|1659669059
|move|p2a: Salamence|Roost|p2a: Salamence
|-heal|p2a: Salamence|100/100
|-singleturn|p2a: Salamence|move: Roost
|move|p1a: Moltres|Whirlwind|p2a: Salamence
|drag|p2a: Tapu Bulu|Tapu Bulu|57/100 brn
|-damage|p2a: Tapu Bulu|45/100 brn|[from] Stealth Rock
|
|-heal|p2a: Tapu Bulu|51/100 brn|[from] Grassy Terrain
|-damage|p2a: Tapu Bulu|45/100 brn|[from] brn
|upkeep
|turn|91
|
|t:|1659669063
|switch|p2a: Rotom|Rotom-Wash|62/100 brn
|-damage|p2a: Rotom|50/100 brn|[from] Stealth Rock
|move|p1a: Moltres|Whirlwind|p2a: Rotom
|drag|p2a: Necrozma|Necrozma|86/100
|-damage|p2a: Necrozma|74/100|[from] Stealth Rock
|
|-heal|p2a: Necrozma|80/100|[from] Grassy Terrain
|-fieldend|move: Grassy Terrain
|upkeep
|turn|92
|
|t:|1659669087
|switch|p2a: Rotom|Rotom-Wash|50/100 brn
|-damage|p2a: Rotom|37/100 brn|[from] Stealth Rock
|switch|p1a: Chansey|Chansey, F|100/100
|-damage|p1a: Chansey|88/100|[from] Stealth Rock
|
|-heal|p2a: Rotom|43/100 brn|[from] item: Leftovers
|-damage|p2a: Rotom|37/100 brn|[from] brn
|upkeep
|turn|93
|j| Shelley_Swampert
|
|t:|1659669097
|move|p2a: Rotom|Pain Split|p1a: Chansey
|-sethp|p1a: Chansey|52/100|[from] move: Pain Split|[silent]
|-sethp|p2a: Rotom|100/100 brn|[from] move: Pain Split
|move|p1a: Chansey|Seismic Toss|p2a: Rotom
|-damage|p2a: Rotom|65/100 brn
|
|-heal|p2a: Rotom|71/100 brn|[from] item: Leftovers
|-damage|p2a: Rotom|65/100 brn|[from] brn
|upkeep
|turn|94
|
|t:|1659669104
|move|p2a: Rotom|Pain Split|p1a: Chansey
|-sethp|p1a: Chansey|39/100|[from] move: Pain Split|[silent]
|-sethp|p2a: Rotom|96/100 brn|[from] move: Pain Split
|move|p1a: Chansey|Soft-Boiled|p1a: Chansey
|-heal|p1a: Chansey|89/100
|
|-heal|p2a: Rotom|100/100 brn|[from] item: Leftovers
|-damage|p2a: Rotom|95/100 brn|[from] brn
|upkeep
|turn|95
|
|t:|1659669109
|move|p2a: Rotom|Will-O-Wisp|p1a: Chansey|[miss]
|-miss|p2a: Rotom|p1a: Chansey
|move|p1a: Chansey|Seismic Toss|p2a: Rotom
|-damage|p2a: Rotom|59/100 brn
|
|-heal|p2a: Rotom|65/100 brn|[from] item: Leftovers
|-damage|p2a: Rotom|59/100 brn|[from] brn
|upkeep
|turn|96
|
|t:|1659669112
|move|p2a: Rotom|Pain Split|p1a: Chansey
|-sethp|p1a: Chansey|57/100|[from] move: Pain Split|[silent]
|-sethp|p2a: Rotom|100/100 brn|[from] move: Pain Split
|move|p1a: Chansey|Seismic Toss|p2a: Rotom
|-damage|p2a: Rotom|65/100 brn
|
|-heal|p2a: Rotom|71/100 brn|[from] item: Leftovers
|-damage|p2a: Rotom|65/100 brn|[from] brn
|upkeep
|turn|97
|
|t:|1659669120
|move|p2a: Rotom|Pain Split|p1a: Chansey
|-sethp|p1a: Chansey|42/100|[from] move: Pain Split|[silent]
|-sethp|p2a: Rotom|100/100 brn|[from] move: Pain Split
|move|p1a: Chansey|Seismic Toss|p2a: Rotom
|-damage|p2a: Rotom|65/100 brn
|
|-heal|p2a: Rotom|71/100 brn|[from] item: Leftovers
|-damage|p2a: Rotom|65/100 brn|[from] brn
|upkeep
|turn|98
|
|t:|1659669125
|move|p2a: Rotom|Will-O-Wisp|p1a: Chansey|[miss]
|-miss|p2a: Rotom|p1a: Chansey
|move|p1a: Chansey|Soft-Boiled|p1a: Chansey
|-heal|p1a: Chansey|92/100
|
|-heal|p2a: Rotom|71/100 brn|[from] item: Leftovers
|-damage|p2a: Rotom|65/100 brn|[from] brn
|upkeep
|turn|99
|
|t:|1659669128
|switch|p1a: Amoonguss|Amoonguss, F|91/100 brn
|-damage|p1a: Amoonguss|78/100 brn|[from] Stealth Rock
|move|p2a: Rotom|Pain Split|p1a: Amoonguss
|-sethp|p1a: Amoonguss|61/100 brn|[from] move: Pain Split|[silent]
|-sethp|p2a: Rotom|92/100 brn|[from] move: Pain Split
|
|-heal|p2a: Rotom|98/100 brn|[from] item: Leftovers
|-heal|p1a: Amoonguss|67/100 brn|[from] item: Black Sludge
|-damage|p2a: Rotom|92/100 brn|[from] brn
|-damage|p1a: Amoonguss|61/100 brn|[from] brn
|upkeep
|turn|100
|
|t:|1659669136
|switch|p1a: Tangrowth|Tangrowth, F|100/100
|-damage|p1a: Tangrowth|88/100|[from] Stealth Rock
|move|p2a: Rotom|Volt Switch|p1a: Tangrowth
|-resisted|p1a: Tangrowth
|-damage|p1a: Tangrowth|69/100
|
|t:|1659669144
|switch|p2a: Necrozma|Necrozma|80/100|[from]move: Volt Switch
|-damage|p2a: Necrozma|67/100|[from] Stealth Rock
|
|upkeep
|turn|101
|
|t:|1659669152
|switch|p1a: Chansey|Chansey, F|92/100
|-damage|p1a: Chansey|79/100|[from] Stealth Rock
|move|p2a: Necrozma|Heat Wave|p1a: Chansey|[miss]
|-miss|p2a: Necrozma|p1a: Chansey
|
|upkeep
|turn|102
|
|t:|1659669158
|switch|p2a: Rotom|Rotom-Wash|92/100 brn
|-damage|p2a: Rotom|79/100 brn|[from] Stealth Rock
|move|p1a: Chansey|Seismic Toss|p2a: Rotom
|-damage|p2a: Rotom|44/100 brn
|
|-heal|p2a: Rotom|50/100 brn|[from] item: Leftovers
|-damage|p2a: Rotom|44/100 brn|[from] brn
|upkeep
|turn|103
|
|t:|1659669169
|switch|p1a: Amoonguss|Amoonguss, F|94/100 brn
|-damage|p1a: Amoonguss|82/100 brn|[from] Stealth Rock
|move|p2a: Rotom|Pain Split|p1a: Amoonguss
|-sethp|p1a: Amoonguss|55/100 brn|[from] move: Pain Split|[silent]
|-sethp|p2a: Rotom|84/100 brn|[from] move: Pain Split
|
|-heal|p2a: Rotom|90/100 brn|[from] item: Leftovers
|-heal|p1a: Amoonguss|62/100 brn|[from] item: Black Sludge
|-damage|p2a: Rotom|84/100 brn|[from] brn
|-damage|p1a: Amoonguss|55/100 brn|[from] brn
|upkeep
|turn|104
|
|t:|1659669175
|switch|p1a: Tangrowth|Tangrowth, F|100/100
|-damage|p1a: Tangrowth|88/100|[from] Stealth Rock
|move|p2a: Rotom|Volt Switch|p1a: Tangrowth
|-resisted|p1a: Tangrowth
|-damage|p1a: Tangrowth|70/100
|
|t:|1659669178
|switch|p2a: Necrozma|Necrozma|67/100|[from]move: Volt Switch
|-damage|p2a: Necrozma|55/100|[from] Stealth Rock
|
|upkeep
|turn|105
|
|t:|1659669188
|switch|p1a: Umbreon|Umbreon, F|94/100 brn
|-damage|p1a: Umbreon|81/100 brn|[from] Stealth Rock
|move|p2a: Necrozma|Moonlight|p2a: Necrozma
|-heal|p2a: Necrozma|100/100
|
|-damage|p1a: Umbreon|75/100 brn|[from] brn
|upkeep
|turn|106
|
|t:|1659669194
|switch|p2a: Krookodile|Krookodile, M|100/100
|-damage|p2a: Krookodile|94/100|[from] Stealth Rock
|-ability|p2a: Krookodile|Intimidate|boost
|-unboost|p1a: Umbreon|atk|1
|move|p1a: Umbreon|Yawn|p2a: Krookodile
|-start|p2a: Krookodile|move: Yawn|[of] p1a: Umbreon
|
|-heal|p2a: Krookodile|100/100|[from] item: Leftovers
|-damage|p1a: Umbreon|69/100 brn|[from] brn
|upkeep
|turn|107
|
|t:|1659669201
|switch|p2a: Registeel|Registeel|63/100 slp
|-damage|p2a: Registeel|57/100 slp|[from] Stealth Rock
|switch|p1a: Moltres|Moltres|91/100
|
|upkeep
|turn|108
|
|t:|1659669204
|switch|p2a: Rotom|Rotom-Wash|84/100 brn
|-damage|p2a: Rotom|71/100 brn|[from] Stealth Rock
|move|p1a: Moltres|Whirlwind|p2a: Rotom
|drag|p2a: Krookodile|Krookodile, M|100/100
|-damage|p2a: Krookodile|94/100|[from] Stealth Rock
|-ability|p2a: Krookodile|Intimidate|boost
|-unboost|p1a: Moltres|atk|1
|
|-heal|p2a: Krookodile|100/100|[from] item: Leftovers
|upkeep
|turn|109
|
|t:|1659669210
|switch|p2a: Rotom|Rotom-Wash|71/100 brn
|-damage|p2a: Rotom|59/100 brn|[from] Stealth Rock
|move|p1a: Moltres|Whirlwind|p2a: Rotom
|drag|p2a: Salamence|Salamence, F|100/100
|-damage|p2a: Salamence|76/100|[from] Stealth Rock
|-ability|p2a: Salamence|Intimidate|boost
|-unboost|p1a: Moltres|atk|1
|
|upkeep
|turn|110
|
|t:|1659669222
|switch|p1a: Umbreon|Umbreon, F|69/100 brn
|-damage|p1a: Umbreon|57/100 brn|[from] Stealth Rock
|move|p2a: Salamence|Toxic||[still]
|-fail|p2a: Salamence
|
|-damage|p1a: Umbreon|51/100 brn|[from] brn
|upkeep
|turn|111
|
|t:|1659669227
|move|p2a: Salamence|Flamethrower|p1a: Umbreon
|-damage|p1a: Umbreon|38/100 brn
|move|p1a: Umbreon|Wish|p1a: Umbreon
|
|-damage|p1a: Umbreon|32/100 brn|[from] brn
|upkeep
|turn|112
|
|t:|1659669232
|switch|p2a: Rotom|Rotom-Wash|59/100 brn
|-damage|p2a: Rotom|47/100 brn|[from] Stealth Rock
|move|p1a: Umbreon|Protect||[still]
|-fail|p1a: Umbreon
|
|-heal|p1a: Umbreon|82/100 brn|[from] move: Wish|[wisher] Umbreon
|-heal|p2a: Rotom|53/100 brn|[from] item: Leftovers
|-damage|p2a: Rotom|47/100 brn|[from] brn
|-damage|p1a: Umbreon|76/100 brn|[from] brn
|upkeep
|turn|113
|
|t:|1659669239
|move|p2a: Rotom|Pain Split|p1a: Umbreon
|-sethp|p1a: Umbreon|55/100 brn|[from] move: Pain Split|[silent]
|-sethp|p2a: Rotom|76/100 brn|[from] move: Pain Split
|move|p1a: Umbreon|Wish|p1a: Umbreon
|
|-heal|p2a: Rotom|82/100 brn|[from] item: Leftovers
|-damage|p2a: Rotom|76/100 brn|[from] brn
|-damage|p1a: Umbreon|49/100 brn|[from] brn
|upkeep
|turn|114
|
|t:|1659669243
|move|p2a: Rotom|Hydro Pump|p1a: Umbreon|[miss]
|-miss|p2a: Rotom|p1a: Umbreon
|move|p1a: Umbreon|Foul Play|p2a: Rotom
|-damage|p2a: Rotom|66/100 brn
|
|-heal|p1a: Umbreon|99/100 brn|[from] move: Wish|[wisher] Umbreon
|-heal|p2a: Rotom|72/100 brn|[from] item: Leftovers
|-damage|p2a: Rotom|66/100 brn|[from] brn
|-damage|p1a: Umbreon|93/100 brn|[from] brn
|upkeep
|turn|115
|
|t:|1659669248
|switch|p1a: Amoonguss|Amoonguss, F|89/100 brn
|-damage|p1a: Amoonguss|76/100 brn|[from] Stealth Rock
|move|p2a: Rotom|Pain Split|p1a: Amoonguss
|-sethp|p1a: Amoonguss|60/100 brn|[from] move: Pain Split|[silent]
|-sethp|p2a: Rotom|91/100 brn|[from] move: Pain Split
|
|-heal|p2a: Rotom|97/100 brn|[from] item: Leftovers
|-heal|p1a: Amoonguss|66/100 brn|[from] item: Black Sludge
|-damage|p2a: Rotom|91/100 brn|[from] brn
|-damage|p1a: Amoonguss|60/100 brn|[from] brn
|upkeep
|turn|116
|
|t:|1659669255
|switch|p1a: Tangrowth|Tangrowth, F|100/100
|-damage|p1a: Tangrowth|88/100|[from] Stealth Rock
|move|p2a: Rotom|Volt Switch|p1a: Tangrowth
|-resisted|p1a: Tangrowth
|-damage|p1a: Tangrowth|71/100
|
|t:|1659669258
|switch|p2a: Salamence|Salamence, F|76/100|[from]move: Volt Switch
|-damage|p2a: Salamence|51/100|[from] Stealth Rock
|-ability|p2a: Salamence|Intimidate|boost
|-unboost|p1a: Tangrowth|atk|1
|
|upkeep
|turn|117
|
|t:|1659669275
|switch|p1a: Umbreon|Umbreon, F|93/100 brn
|-damage|p1a: Umbreon|80/100 brn|[from] Stealth Rock
|move|p2a: Salamence|Roost|p2a: Salamence
|-heal|p2a: Salamence|100/100
|-singleturn|p2a: Salamence|move: Roost
|
|-damage|p1a: Umbreon|74/100 brn|[from] brn
|upkeep
|turn|118
|
|t:|1659669292
|switch|p2a: Krookodile|Krookodile, M|100/100
|-damage|p2a: Krookodile|94/100|[from] Stealth Rock
|-ability|p2a: Krookodile|Intimidate|boost
|-unboost|p1a: Umbreon|atk|1
|move|p1a: Umbreon|Foul Play|p2a: Krookodile
|-resisted|p2a: Krookodile
|-damage|p2a: Krookodile|81/100
|
|-heal|p2a: Krookodile|87/100|[from] item: Leftovers
|-damage|p1a: Umbreon|68/100 brn|[from] brn
|upkeep
|turn|119
|inactive|pif has 120 seconds left.
|
|t:|1659669316
|switch|p1a: Tangrowth|Tangrowth, F|100/100
|-damage|p1a: Tangrowth|88/100|[from] Stealth Rock
|move|p2a: Krookodile|High Horsepower|p1a: Tangrowth
|-resisted|p1a: Tangrowth
|-damage|p1a: Tangrowth|76/100
|
|-heal|p2a: Krookodile|93/100|[from] item: Leftovers
|upkeep
|turn|120
|inactive|pif has 120 seconds left.
|
|t:|1659669321
|switch|p2a: Registeel|Registeel|57/100 slp
|-damage|p2a: Registeel|51/100 slp|[from] Stealth Rock
|move|p1a: Tangrowth|Knock Off|p2a: Registeel
|-damage|p2a: Registeel|43/100 slp
|
|upkeep
|turn|121
|inactive|pif has 120 seconds left.
|
|t:|1659669327
|-curestatus|p2a: Registeel|slp|[msg]
|move|p2a: Registeel|Rest|p2a: Registeel
|-status|p2a: Registeel|slp|[from] move: Rest
|-heal|p2a: Registeel|100/100 slp|[silent]
|move|p1a: Tangrowth|Leech Seed|p2a: Registeel|[miss]
|-miss|p1a: Tangrowth|p2a: Registeel
|
|upkeep
|turn|122
|
|t:|1659669333
|cant|p2a: Registeel|slp
|move|p1a: Tangrowth|Leech Seed|p2a: Registeel
|-start|p2a: Registeel|move: Leech Seed
|
|-damage|p2a: Registeel|88/100 slp|[from] Leech Seed|[of] p1a: Tangrowth
|-heal|p1a: Tangrowth|87/100|[silent]
|upkeep
|turn|123
|
|t:|1659669335
|switch|p1a: Moltres|Moltres|91/100
|cant|p2a: Registeel|slp
|
|-damage|p2a: Registeel|76/100 slp|[from] Leech Seed|[of] p1a: Moltres
|-heal|p1a: Moltres|100/100|[silent]
|upkeep
|turn|124
|
|t:|1659669341
|switch|p2a: Rotom|Rotom-Wash|91/100 brn
|-damage|p2a: Rotom|78/100 brn|[from] Stealth Rock
|move|p1a: Moltres|Whirlwind|p2a: Rotom
|drag|p2a: Registeel|Registeel|76/100 slp
|-damage|p2a: Registeel|70/100 slp|[from] Stealth Rock
|
|upkeep
|turn|125
|
|t:|1659669346
|switch|p2a: Rotom|Rotom-Wash|78/100 brn
|-damage|p2a: Rotom|66/100 brn|[from] Stealth Rock
|move|p1a: Moltres|Whirlwind|p2a: Rotom
|drag|p2a: Tapu Bulu|Tapu Bulu|45/100 brn
|-damage|p2a: Tapu Bulu|32/100 brn|[from] Stealth Rock
|-fieldstart|move: Grassy Terrain|[from] ability: Grassy Surge|[of] p2a: Tapu Bulu
|
|-heal|p2a: Tapu Bulu|38/100 brn|[from] Grassy Terrain
|-damage|p2a: Tapu Bulu|32/100 brn|[from] brn
|upkeep
|turn|126
|
|t:|1659669350
|switch|p2a: Rotom|Rotom-Wash|66/100 brn
|-damage|p2a: Rotom|54/100 brn|[from] Stealth Rock
|move|p1a: Moltres|Whirlwind|p2a: Rotom
|drag|p2a: Registeel|Registeel|70/100 slp
|-damage|p2a: Registeel|64/100 slp|[from] Stealth Rock
|
|-heal|p2a: Registeel|70/100 slp|[from] Grassy Terrain
|upkeep
|turn|127
|
|t:|1659669354
|switch|p2a: Rotom|Rotom-Wash|54/100 brn
|-damage|p2a: Rotom|42/100 brn|[from] Stealth Rock
|move|p1a: Moltres|Whirlwind|p2a: Rotom
|drag|p2a: Salamence|Salamence, F|100/100
|-damage|p2a: Salamence|76/100|[from] Stealth Rock
|-ability|p2a: Salamence|Intimidate|boost
|-unboost|p1a: Moltres|atk|1
|
|upkeep
|turn|128
|
|t:|1659669365
|switch|p2a: Rotom|Rotom-Wash|42/100 brn
|-damage|p2a: Rotom|29/100 brn|[from] Stealth Rock
|move|p1a: Moltres|Whirlwind|p2a: Rotom
|drag|p2a: Tapu Bulu|Tapu Bulu|32/100 brn
|-damage|p2a: Tapu Bulu|20/100 brn|[from] Stealth Rock
|
|-heal|p2a: Tapu Bulu|26/100 brn|[from] Grassy Terrain
|-damage|p2a: Tapu Bulu|20/100 brn|[from] brn
|upkeep
|turn|129
|
|t:|1659669374
|move|p2a: Tapu Bulu|Stone Edge|p1a: Moltres|[miss]
|-miss|p2a: Tapu Bulu|p1a: Moltres
|move|p1a: Moltres|Whirlwind|p2a: Tapu Bulu
|drag|p2a: Necrozma|Necrozma|100/100
|-damage|p2a: Necrozma|88/100|[from] Stealth Rock
|
|-heal|p2a: Necrozma|94/100|[from] Grassy Terrain
|-fieldend|move: Grassy Terrain
|upkeep
|turn|130
|
|t:|1659669379
|switch|p1a: Umbreon|Umbreon, F|68/100 brn
|-damage|p1a: Umbreon|56/100 brn|[from] Stealth Rock
|move|p2a: Necrozma|Calm Mind|p2a: Necrozma
|-boost|p2a: Necrozma|spa|1
|-boost|p2a: Necrozma|spd|1
|
|-damage|p1a: Umbreon|49/100 brn|[from] brn
|upkeep
|turn|131
|
|t:|1659669382
|move|p2a: Necrozma|Heat Wave|p1a: Umbreon
|-damage|p1a: Umbreon|27/100 brn
|move|p1a: Umbreon|Yawn|p2a: Necrozma
|-start|p2a: Necrozma|move: Yawn|[of] p1a: Umbreon
|
|-damage|p1a: Umbreon|21/100 brn|[from] brn
|upkeep
|turn|132
|
|t:|1659669387
|switch|p2a: Rotom|Rotom-Wash|29/100 brn
|-damage|p2a: Rotom|17/100 brn|[from] Stealth Rock
|move|p1a: Umbreon|Protect||[still]
|-fail|p1a: Umbreon
|
|-heal|p2a: Rotom|23/100 brn|[from] item: Leftovers
|-damage|p2a: Rotom|17/100 brn|[from] brn
|-damage|p1a: Umbreon|15/100 brn|[from] brn
|upkeep
|turn|133
|
|t:|1659669392
|move|p2a: Rotom|Pain Split|p1a: Umbreon
|-sethp|p1a: Umbreon|13/100 brn|[from] move: Pain Split|[silent]
|-sethp|p2a: Rotom|18/100 brn|[from] move: Pain Split
|move|p1a: Umbreon|Wish|p1a: Umbreon
|
|-heal|p2a: Rotom|24/100 brn|[from] item: Leftovers
|-damage|p2a: Rotom|18/100 brn|[from] brn
|-damage|p1a: Umbreon|7/100 brn|[from] brn
|upkeep
|turn|134
|
|t:|1659669397
|move|p1a: Umbreon|Protect|p1a: Umbreon
|-singleturn|p1a: Umbreon|Protect
|move|p2a: Rotom|Hydro Pump|p1a: Umbreon
|-activate|p1a: Umbreon|move: Protect
|
|-heal|p1a: Umbreon|57/100 brn|[from] move: Wish|[wisher] Umbreon
|-heal|p2a: Rotom|24/100 brn|[from] item: Leftovers
|-damage|p2a: Rotom|18/100 brn|[from] brn
|-damage|p1a: Umbreon|51/100 brn|[from] brn
|upkeep
|turn|135
|
|t:|1659669407
|move|p2a: Rotom|Pain Split|p1a: Umbreon
|-sethp|p1a: Umbreon|32/100 brn|[from] move: Pain Split|[silent]
|-sethp|p2a: Rotom|44/100 brn|[from] move: Pain Split
|move|p1a: Umbreon|Wish|p1a: Umbreon
|
|-heal|p2a: Rotom|50/100 brn|[from] item: Leftovers
|-damage|p2a: Rotom|44/100 brn|[from] brn
|-damage|p1a: Umbreon|26/100 brn|[from] brn
|upkeep
|turn|136
|
|t:|1659669414
|move|p2a: Rotom|Hydro Pump|p1a: Umbreon
|-damage|p1a: Umbreon|4/100 brn
|move|p1a: Umbreon|Foul Play|p2a: Rotom
|-damage|p2a: Rotom|35/100 brn
|
|-heal|p1a: Umbreon|54/100 brn|[from] move: Wish|[wisher] Umbreon
|-heal|p2a: Rotom|41/100 brn|[from] item: Leftovers
|-damage|p2a: Rotom|35/100 brn|[from] brn
|-damage|p1a: Umbreon|48/100 brn|[from] brn
|upkeep
|turn|137
|
|t:|1659669420
|move|p2a: Rotom|Hydro Pump|p1a: Umbreon
|-damage|p1a: Umbreon|27/100 brn
|move|p1a: Umbreon|Wish|p1a: Umbreon
|
|-heal|p2a: Rotom|41/100 brn|[from] item: Leftovers
|-damage|p2a: Rotom|35/100 brn|[from] brn
|-damage|p1a: Umbreon|21/100 brn|[from] brn
|upkeep
|turn|138
|
|t:|1659669425
|move|p1a: Umbreon|Protect|p1a: Umbreon
|-singleturn|p1a: Umbreon|Protect
|move|p2a: Rotom|Volt Switch|p1a: Umbreon
|-activate|p1a: Umbreon|move: Protect
|
|-heal|p1a: Umbreon|71/100 brn|[from] move: Wish|[wisher] Umbreon
|-heal|p2a: Rotom|41/100 brn|[from] item: Leftovers
|-damage|p2a: Rotom|35/100 brn|[from] brn
|-damage|p1a: Umbreon|65/100 brn|[from] brn
|upkeep
|turn|139
|
|t:|1659669434
|switch|p1a: Amoonguss|Amoonguss, F|93/100 brn
|-damage|p1a: Amoonguss|81/100 brn|[from] Stealth Rock
|move|p2a: Rotom|Pain Split|p1a: Amoonguss
|-sethp|p1a: Amoonguss|52/100 brn|[from] move: Pain Split|[silent]
|-sethp|p2a: Rotom|78/100 brn|[from] move: Pain Split
|
|-heal|p2a: Rotom|84/100 brn|[from] item: Leftovers
|-heal|p1a: Amoonguss|58/100 brn|[from] item: Black Sludge
|-damage|p2a: Rotom|78/100 brn|[from] brn
|-damage|p1a: Amoonguss|52/100 brn|[from] brn
|upkeep
|turn|140
|
|t:|1659669442
|switch|p1a: Tangrowth|Tangrowth, F|100/100
|-damage|p1a: Tangrowth|88/100|[from] Stealth Rock
|move|p2a: Rotom|Will-O-Wisp|p1a: Tangrowth
|-status|p1a: Tangrowth|brn
|
|-heal|p2a: Rotom|84/100 brn|[from] item: Leftovers
|-damage|p2a: Rotom|78/100 brn|[from] brn
|-damage|p1a: Tangrowth|82/100 brn|[from] brn
|upkeep
|turn|141
|
|t:|1659669445
|switch|p1a: Amoonguss|Amoonguss, F|85/100 brn
|-damage|p1a: Amoonguss|73/100 brn|[from] Stealth Rock
|move|p2a: Rotom|Volt Switch|p1a: Amoonguss
|-resisted|p1a: Amoonguss
|-damage|p1a: Amoonguss|65/100 brn
|
|t:|1659669452
|switch|p2a: Registeel|Registeel|70/100 slp|[from]move: Volt Switch
|-damage|p2a: Registeel|64/100 slp|[from] Stealth Rock
|
|-heal|p1a: Amoonguss|71/100 brn|[from] item: Black Sludge
|-damage|p1a: Amoonguss|65/100 brn|[from] brn
|upkeep
|turn|142
|
|t:|1659669458
|switch|p2a: Rotom|Rotom-Wash|78/100 brn
|-damage|p2a: Rotom|66/100 brn|[from] Stealth Rock
|switch|p1a: Moltres|Moltres|100/100
|
|-heal|p2a: Rotom|72/100 brn|[from] item: Leftovers
|-damage|p2a: Rotom|66/100 brn|[from] brn
|upkeep
|turn|143
|
|t:|1659669461
|switch|p1a: Amoonguss|Amoonguss, F|98/100 brn
|-damage|p1a: Amoonguss|86/100 brn|[from] Stealth Rock
|move|p2a: Rotom|Pain Split|p1a: Amoonguss
|-sethp|p1a: Amoonguss|65/100 brn|[from] move: Pain Split|[silent]
|-sethp|p2a: Rotom|98/100 brn|[from] move: Pain Split
|
|-heal|p2a: Rotom|100/100 brn|[from] item: Leftovers
|-heal|p1a: Amoonguss|71/100 brn|[from] item: Black Sludge
|-damage|p2a: Rotom|95/100 brn|[from] brn
|-damage|p1a: Amoonguss|65/100 brn|[from] brn
|upkeep
|turn|144
|
|t:|1659669464
|switch|p1a: Tangrowth|Tangrowth, F|100/100 brn
|-damage|p1a: Tangrowth|88/100 brn|[from] Stealth Rock
|move|p2a: Rotom|Volt Switch|p1a: Tangrowth
|-resisted|p1a: Tangrowth
|-crit|p1a: Tangrowth
|-damage|p1a: Tangrowth|61/100 brn
|
|t:|1659669469
|switch|p2a: Salamence|Salamence, F|76/100|[from]move: Volt Switch
|-damage|p2a: Salamence|51/100|[from] Stealth Rock
|-ability|p2a: Salamence|Intimidate|boost
|-unboost|p1a: Tangrowth|atk|1
|
|-damage|p1a: Tangrowth|55/100 brn|[from] brn
|upkeep
|turn|145
|
|t:|1659669480
|switch|p1a: Umbreon|Umbreon, F|65/100 brn
|-damage|p1a: Umbreon|53/100 brn|[from] Stealth Rock
|move|p2a: Salamence|Roost|p2a: Salamence
|-heal|p2a: Salamence|100/100
|-singleturn|p2a: Salamence|move: Roost
|
|-damage|p1a: Umbreon|47/100 brn|[from] brn
|upkeep
|turn|146
|
|t:|1659669486
|move|p2a: Salamence|Flamethrower|p1a: Umbreon
|-damage|p1a: Umbreon|35/100 brn
|move|p1a: Umbreon|Yawn|p2a: Salamence
|-start|p2a: Salamence|move: Yawn|[of] p1a: Umbreon
|
|-damage|p1a: Umbreon|29/100 brn|[from] brn
|upkeep
|turn|147
|
|t:|1659669492
|switch|p2a: Krookodile|Krookodile, M|93/100
|-damage|p2a: Krookodile|87/100|[from] Stealth Rock
|-ability|p2a: Krookodile|Intimidate|boost
|-unboost|p1a: Umbreon|atk|1
|move|p1a: Umbreon|Wish|p1a: Umbreon
|
|-heal|p2a: Krookodile|93/100|[from] item: Leftovers
|-damage|p1a: Umbreon|23/100 brn|[from] brn
|upkeep
|turn|148
|
|t:|1659669496
|move|p1a: Umbreon|Protect|p1a: Umbreon
|-singleturn|p1a: Umbreon|Protect
|move|p2a: Krookodile|High Horsepower|p1a: Umbreon
|-activate|p1a: Umbreon|move: Protect
|
|-heal|p1a: Umbreon|73/100 brn|[from] move: Wish|[wisher] Umbreon
|-heal|p2a: Krookodile|99/100|[from] item: Leftovers
|-damage|p1a: Umbreon|67/100 brn|[from] brn
|upkeep
|turn|149
|
|t:|1659669504
|switch|p1a: Moltres|Moltres|100/100
|move|p2a: Krookodile|Knock Off|p1a: Moltres
|-damage|p1a: Moltres|70/100
|-status|p2a: Krookodile|brn|[from] ability: Flame Body|[of] p1a: Moltres
|-enditem|p1a: Moltres|Heavy-Duty Boots|[from] move: Knock Off|[of] p2a: Krookodile
|
|-heal|p2a: Krookodile|100/100 brn|[from] item: Leftovers
|-damage|p2a: Krookodile|94/100 brn|[from] brn
|upkeep
|turn|150
|
|t:|1659669510
|move|p2a: Krookodile|Taunt|p1a: Moltres
|-start|p1a: Moltres|move: Taunt
|cant|p1a: Moltres|move: Taunt|Whirlwind
|
|-heal|p2a: Krookodile|100/100 brn|[from] item: Leftovers
|-damage|p2a: Krookodile|94/100 brn|[from] brn
|upkeep
|turn|151
|
|t:|1659669513
|switch|p2a: Rotom|Rotom-Wash|95/100 brn
|-damage|p2a: Rotom|82/100 brn|[from] Stealth Rock
|move|p1a: Moltres|Flamethrower|p2a: Rotom
|-resisted|p2a: Rotom
|-damage|p2a: Rotom|63/100 brn
|
|-heal|p2a: Rotom|69/100 brn|[from] item: Leftovers
|-damage|p2a: Rotom|63/100 brn|[from] brn
|upkeep
|turn|152
|
|t:|1659669519
|switch|p1a: Amoonguss|Amoonguss, F|98/100 brn
|-damage|p1a: Amoonguss|86/100 brn|[from] Stealth Rock
|move|p2a: Rotom|Volt Switch|p1a: Amoonguss
|-resisted|p1a: Amoonguss
|-damage|p1a: Amoonguss|78/100 brn
|j| Permission Slip
|
|t:|1659669527
|switch|p2a: Necrozma|Necrozma|94/100|[from]move: Volt Switch
|-damage|p2a: Necrozma|82/100|[from] Stealth Rock
|
|-heal|p1a: Amoonguss|84/100 brn|[from] item: Black Sludge
|-damage|p1a: Amoonguss|78/100 brn|[from] brn
|upkeep
|turn|153
|
|t:|1659669536
|switch|p2a: Krookodile|Krookodile, M|94/100 brn
|-damage|p2a: Krookodile|88/100 brn|[from] Stealth Rock
|-ability|p2a: Krookodile|Intimidate|boost
|-unboost|p1a: Amoonguss|atk|1
|move|p1a: Amoonguss|Toxic||[still]
|-fail|p1a: Amoonguss
|
|-heal|p2a: Krookodile|94/100 brn|[from] item: Leftovers
|-heal|p1a: Amoonguss|84/100 brn|[from] item: Black Sludge
|-damage|p2a: Krookodile|88/100 brn|[from] brn
|-damage|p1a: Amoonguss|78/100 brn|[from] brn
|upkeep
|turn|154
|
|t:|1659669541
|switch|p1a: Tangrowth|Tangrowth, F|88/100 brn
|-damage|p1a: Tangrowth|76/100 brn|[from] Stealth Rock
|move|p2a: Krookodile|Knock Off|p1a: Tangrowth
|-damage|p1a: Tangrowth|68/100 brn
|
|-heal|p2a: Krookodile|94/100 brn|[from] item: Leftovers
|-damage|p2a: Krookodile|88/100 brn|[from] brn
|-damage|p1a: Tangrowth|62/100 brn|[from] brn
|upkeep
|turn|155
|
|t:|1659669552
|switch|p2a: Salamence|Salamence, F|100/100
|-damage|p2a: Salamence|76/100|[from] Stealth Rock
|-ability|p2a: Salamence|Intimidate|boost
|-unboost|p1a: Tangrowth|atk|1
|move|p1a: Tangrowth|Leech Seed|p2a: Salamence
|-start|p2a: Salamence|move: Leech Seed
|
|-damage|p2a: Salamence|63/100|[from] Leech Seed|[of] p1a: Tangrowth
|-heal|p1a: Tangrowth|74/100 brn|[silent]
|-damage|p1a: Tangrowth|68/100 brn|[from] brn
|upkeep
|turn|156
|
|t:|1659669561
|switch|p2a: Krookodile|Krookodile, M|88/100 brn
|-damage|p2a: Krookodile|82/100 brn|[from] Stealth Rock
|-ability|p2a: Krookodile|Intimidate|boost
|-unboost|p1a: Tangrowth|atk|1
|move|p1a: Tangrowth|Protect||[still]
|-fail|p1a: Tangrowth
|
|-heal|p2a: Krookodile|88/100 brn|[from] item: Leftovers
|-damage|p2a: Krookodile|82/100 brn|[from] brn
|-damage|p1a: Tangrowth|61/100 brn|[from] brn
|upkeep
|turn|157
|
|t:|1659669566
|move|p2a: Krookodile|Taunt|p1a: Tangrowth
|-start|p1a: Tangrowth|move: Taunt
|cant|p1a: Tangrowth|move: Taunt|Leech Seed
|
|-heal|p2a: Krookodile|88/100 brn|[from] item: Leftovers
|-damage|p2a: Krookodile|82/100 brn|[from] brn
|-damage|p1a: Tangrowth|55/100 brn|[from] brn
|upkeep
|turn|158
|
|t:|1659669582
|switch|p1a: Moltres|Moltres|70/100
|-damage|p1a: Moltres|20/100|[from] Stealth Rock
|move|p2a: Krookodile|Knock Off|p1a: Moltres
|-damage|p1a: Moltres|10/100
|
|-heal|p2a: Krookodile|88/100 brn|[from] item: Leftovers
|-damage|p2a: Krookodile|82/100 brn|[from] brn
|upkeep
|turn|159
|
|t:|1659669589
|move|p2a: Krookodile|Knock Off|p1a: Moltres
|-damage|p1a: Moltres|0 fnt
|faint|p1a: Moltres
|
|-heal|p2a: Krookodile|88/100 brn|[from] item: Leftovers
|-damage|p2a: Krookodile|82/100 brn|[from] brn
|upkeep
|
|t:|1659669595
|switch|p1a: Chansey|Chansey, F|79/100
|-damage|p1a: Chansey|67/100|[from] Stealth Rock
|turn|160
|
|t:|1659669598
|move|p2a: Krookodile|Knock Off|p1a: Chansey
|-damage|p1a: Chansey|51/100
|-enditem|p1a: Chansey|Eviolite|[from] move: Knock Off|[of] p2a: Krookodile
|move|p1a: Chansey|Seismic Toss|p2a: Krookodile
|-damage|p2a: Krookodile|52/100 brn
|
|-heal|p2a: Krookodile|58/100 brn|[from] item: Leftovers
|-damage|p2a: Krookodile|52/100 brn|[from] brn
|upkeep
|turn|161
|
|t:|1659669610
|switch|p2a: Rotom|Rotom-Wash|63/100 brn
|-damage|p2a: Rotom|51/100 brn|[from] Stealth Rock
|switch|p1a: Tangrowth|Tangrowth, F|88/100 brn
|-damage|p1a: Tangrowth|76/100 brn|[from] Stealth Rock
|
|-heal|p2a: Rotom|57/100 brn|[from] item: Leftovers
|-damage|p2a: Rotom|51/100 brn|[from] brn
|-damage|p1a: Tangrowth|70/100 brn|[from] brn
|upkeep
|turn|162
|
|t:|1659669618
|move|p2a: Rotom|Volt Switch|p1a: Tangrowth
|-resisted|p1a: Tangrowth
|-damage|p1a: Tangrowth|51/100 brn
|
|t:|1659669622
|switch|p2a: Salamence|Salamence, F|63/100|[from]move: Volt Switch
|-damage|p2a: Salamence|38/100|[from] Stealth Rock
|-ability|p2a: Salamence|Intimidate|boost
|-unboost|p1a: Tangrowth|atk|1
|move|p1a: Tangrowth|Leech Seed|p2a: Salamence
|-start|p2a: Salamence|move: Leech Seed
|
|-damage|p2a: Salamence|26/100|[from] Leech Seed|[of] p1a: Tangrowth
|-heal|p1a: Tangrowth|64/100 brn|[silent]
|-damage|p1a: Tangrowth|57/100 brn|[from] brn
|upkeep
|turn|163
|
|t:|1659669632
|switch|p1a: Chansey|Chansey, F|51/100
|-damage|p1a: Chansey|38/100|[from] Stealth Rock
|move|p2a: Salamence|Roost|p2a: Salamence
|-heal|p2a: Salamence|76/100
|-singleturn|p2a: Salamence|move: Roost
|
|-damage|p2a: Salamence|63/100|[from] Leech Seed|[of] p1a: Chansey
|-heal|p1a: Chansey|45/100|[silent]
|upkeep
|turn|164
|
|t:|1659669637
|switch|p2a: Rotom|Rotom-Wash|51/100 brn
|-damage|p2a: Rotom|39/100 brn|[from] Stealth Rock
|move|p1a: Chansey|Soft-Boiled|p1a: Chansey
|-heal|p1a: Chansey|96/100
|
|-heal|p2a: Rotom|45/100 brn|[from] item: Leftovers
|-damage|p2a: Rotom|39/100 brn|[from] brn
|upkeep
|turn|165
|
|t:|1659669645
|move|p2a: Rotom|Pain Split|p1a: Chansey
|-sethp|p1a: Chansey|56/100|[from] move: Pain Split|[silent]
|-sethp|p2a: Rotom|100/100 brn|[from] move: Pain Split
|move|p1a: Chansey|Seismic Toss|p2a: Rotom
|-damage|p2a: Rotom|65/100 brn
|
|-heal|p2a: Rotom|71/100 brn|[from] item: Leftovers
|-damage|p2a: Rotom|65/100 brn|[from] brn
|upkeep
|turn|166
|
|t:|1659669661
|move|p2a: Rotom|Pain Split|p1a: Chansey
|-sethp|p1a: Chansey|41/100|[from] move: Pain Split|[silent]
|-sethp|p2a: Rotom|100/100 brn|[from] move: Pain Split
|move|p1a: Chansey|Stealth Rock||[still]
|-fail|p1a: Chansey
|
|-damage|p2a: Rotom|95/100 brn|[from] brn
|upkeep
|turn|167
|
|t:|1659669666
|move|p2a: Rotom|Will-O-Wisp|p1a: Chansey
|-status|p1a: Chansey|brn
|move|p1a: Chansey|Soft-Boiled|p1a: Chansey
|-heal|p1a: Chansey|91/100 brn
|
|-heal|p2a: Rotom|100/100 brn|[from] item: Leftovers
|-damage|p2a: Rotom|95/100 brn|[from] brn
|-damage|p1a: Chansey|85/100 brn|[from] brn
|upkeep
|turn|168
|
|t:|1659669673
|-curestatus|p1a: Chansey|brn|[from] ability: Natural Cure
|switch|p1a: Amoonguss|Amoonguss, F|100/100 brn
|-damage|p1a: Amoonguss|88/100 brn|[from] Stealth Rock
|move|p2a: Rotom|Volt Switch|p1a: Amoonguss
|-resisted|p1a: Amoonguss
|-damage|p1a: Amoonguss|81/100 brn
|
|t:|1659669685
|switch|p2a: Krookodile|Krookodile, M|52/100 brn|[from]move: Volt Switch
|-damage|p2a: Krookodile|46/100 brn|[from] Stealth Rock
|-ability|p2a: Krookodile|Intimidate|boost
|-unboost|p1a: Amoonguss|atk|1
|
|-heal|p2a: Krookodile|52/100 brn|[from] item: Leftovers
|-heal|p1a: Amoonguss|87/100 brn|[from] item: Black Sludge
|-damage|p2a: Krookodile|46/100 brn|[from] brn
|-damage|p1a: Amoonguss|81/100 brn|[from] brn
|upkeep
|turn|169
|
|t:|1659669697
|switch|p1a: Tangrowth|Tangrowth, F|91/100 brn
|-damage|p1a: Tangrowth|78/100 brn|[from] Stealth Rock
|move|p2a: Krookodile|Knock Off|p1a: Tangrowth
|-crit|p1a: Tangrowth
|-damage|p1a: Tangrowth|67/100 brn
|
|-heal|p2a: Krookodile|52/100 brn|[from] item: Leftovers
|-damage|p2a: Krookodile|46/100 brn|[from] brn
|-damage|p1a: Tangrowth|61/100 brn|[from] brn
|upkeep
|turn|170
|
|t:|1659669707
|switch|p2a: Salamence|Salamence, F|63/100
|-damage|p2a: Salamence|38/100|[from] Stealth Rock
|-ability|p2a: Salamence|Intimidate|boost
|-unboost|p1a: Tangrowth|atk|1
|move|p1a: Tangrowth|Protect||[still]
|-fail|p1a: Tangrowth
|
|-damage|p1a: Tangrowth|54/100 brn|[from] brn
|upkeep
|turn|171
|
|t:|1659669715
|switch|p1a: Umbreon|Umbreon, F|67/100 brn
|-damage|p1a: Umbreon|54/100 brn|[from] Stealth Rock
|move|p2a: Salamence|Roost|p2a: Salamence
|-heal|p2a: Salamence|89/100
|-singleturn|p2a: Salamence|move: Roost
|
|-damage|p1a: Umbreon|48/100 brn|[from] brn
|upkeep
|turn|172
|
|t:|1659669721
|move|p2a: Salamence|Flamethrower|p1a: Umbreon
|-damage|p1a: Umbreon|36/100 brn
|move|p1a: Umbreon|Wish|p1a: Umbreon
|
|-damage|p1a: Umbreon|30/100 brn|[from] brn
|upkeep
|turn|173
|
|t:|1659669726
|move|p2a: Salamence|Flamethrower|p1a: Umbreon
|-damage|p1a: Umbreon|17/100 brn
|move|p1a: Umbreon|Yawn|p2a: Salamence
|-start|p2a: Salamence|move: Yawn|[of] p1a: Umbreon
|
|-heal|p1a: Umbreon|67/100 brn|[from] move: Wish|[wisher] Umbreon
|-damage|p1a: Umbreon|61/100 brn|[from] brn
|upkeep
|turn|174
|
|t:|1659669731
|move|p2a: Salamence|Flamethrower|p1a: Umbreon
|-damage|p1a: Umbreon|49/100 brn
|move|p1a: Umbreon|Foul Play|p2a: Salamence
|-damage|p2a: Salamence|74/100
|
|-damage|p1a: Umbreon|43/100 brn|[from] brn
|-end|p2a: Salamence|move: Yawn|[silent]
|-status|p2a: Salamence|slp
|upkeep
|turn|175
|
|t:|1659669742
|cant|p2a: Salamence|slp
|move|p1a: Umbreon|Wish|p1a: Umbreon
|
|-damage|p1a: Umbreon|37/100 brn|[from] brn
|upkeep
|turn|176
|
|t:|1659669748
|cant|p2a: Salamence|slp
|move|p1a: Umbreon|Foul Play|p2a: Salamence
|-damage|p2a: Salamence|58/100 slp
|
|-heal|p1a: Umbreon|87/100 brn|[from] move: Wish|[wisher] Umbreon
|-damage|p1a: Umbreon|81/100 brn|[from] brn
|upkeep
|turn|177
|
|t:|1659669752
|-curestatus|p2a: Salamence|slp|[msg]
|move|p2a: Salamence|Flamethrower|p1a: Umbreon
|-damage|p1a: Umbreon|69/100 brn
|move|p1a: Umbreon|Foul Play|p2a: Salamence
|-damage|p2a: Salamence|44/100
|
|-damage|p1a: Umbreon|63/100 brn|[from] brn
|upkeep
|turn|178
|
|t:|1659669756
|move|p2a: Salamence|Flamethrower|p1a: Umbreon
|-damage|p1a: Umbreon|51/100 brn
|move|p1a: Umbreon|Yawn|p2a: Salamence
|-start|p2a: Salamence|move: Yawn|[of] p1a: Umbreon
|
|-damage|p1a: Umbreon|45/100 brn|[from] brn
|upkeep
|turn|179
|
|t:|1659669758
|move|p2a: Salamence|Roost|p2a: Salamence
|-heal|p2a: Salamence|94/100
|-singleturn|p2a: Salamence|move: Roost
|move|p1a: Umbreon|Foul Play|p2a: Salamence
|-damage|p2a: Salamence|78/100
|
|-damage|p1a: Umbreon|39/100 brn|[from] brn
|-end|p2a: Salamence|move: Yawn|[silent]
|-status|p2a: Salamence|slp
|upkeep
|turn|180
|
|t:|1659669762
|cant|p2a: Salamence|slp
|move|p1a: Umbreon|Wish|p1a: Umbreon
|
|-damage|p1a: Umbreon|33/100 brn|[from] brn
|upkeep
|turn|181
|
|t:|1659669768
|switch|p1a: Chansey|Chansey, F|85/100
|-damage|p1a: Chansey|73/100|[from] Stealth Rock
|-curestatus|p2a: Salamence|slp|[msg]
|move|p2a: Salamence|Flamethrower|p1a: Chansey
|-crit|p1a: Chansey
|-damage|p1a: Chansey|58/100
|
|-heal|p1a: Chansey|86/100|[from] move: Wish|[wisher] Umbreon
|upkeep
|turn|182
|
|t:|1659669780
|switch|p2a: Rotom|Rotom-Wash|95/100 brn
|-damage|p2a: Rotom|82/100 brn|[from] Stealth Rock
|move|p1a: Chansey|Seismic Toss|p2a: Rotom
|-damage|p2a: Rotom|47/100 brn
|
|-heal|p2a: Rotom|53/100 brn|[from] item: Leftovers
|-damage|p2a: Rotom|47/100 brn|[from] brn
|upkeep
|turn|183
|
|t:|1659669789
|switch|p1a: Umbreon|Umbreon, F|33/100 brn
|-damage|p1a: Umbreon|21/100 brn|[from] Stealth Rock
|move|p2a: Rotom|Hydro Pump|p1a: Umbreon
|-damage|p1a: Umbreon|0 fnt
|faint|p1a: Umbreon
|
|-heal|p2a: Rotom|53/100 brn|[from] item: Leftovers
|-damage|p2a: Rotom|47/100 brn|[from] brn
|upkeep
|
|t:|1659669797
|switch|p1a: Tangrowth|Tangrowth, F|88/100 brn
|-damage|p1a: Tangrowth|75/100 brn|[from] Stealth Rock
|turn|184
|
|t:|1659669801
|move|p2a: Rotom|Volt Switch|p1a: Tangrowth
|-resisted|p1a: Tangrowth
|-damage|p1a: Tangrowth|58/100 brn
|
|t:|1659669803
|switch|p2a: Salamence|Salamence, F|78/100|[from]move: Volt Switch
|-damage|p2a: Salamence|53/100|[from] Stealth Rock
|-ability|p2a: Salamence|Intimidate|boost
|-unboost|p1a: Tangrowth|atk|1
|move|p1a: Tangrowth|Leech Seed|p2a: Salamence
|-start|p2a: Salamence|move: Leech Seed
|
|-damage|p2a: Salamence|41/100|[from] Leech Seed|[of] p1a: Tangrowth
|-heal|p1a: Tangrowth|70/100 brn|[silent]
|-damage|p1a: Tangrowth|64/100 brn|[from] brn
|upkeep
|turn|185
|j|+Goro Yagami
|
|t:|1659669815
|switch|p1a: Chansey|Chansey, F|86/100
|-damage|p1a: Chansey|74/100|[from] Stealth Rock
|move|p2a: Salamence|Roost|p2a: Salamence
|-heal|p2a: Salamence|91/100
|-singleturn|p2a: Salamence|move: Roost
|
|-damage|p2a: Salamence|79/100|[from] Leech Seed|[of] p1a: Chansey
|-heal|p1a: Chansey|81/100|[silent]
|upkeep
|turn|186
|
|t:|1659669819
|switch|p2a: Registeel|Registeel|64/100 slp
|-damage|p2a: Registeel|58/100 slp|[from] Stealth Rock
|move|p1a: Chansey|Seismic Toss|p2a: Registeel
|-damage|p2a: Registeel|30/100 slp
|
|upkeep
|turn|187
|
|t:|1659669822
|-curestatus|p2a: Registeel|slp|[msg]
|move|p2a: Registeel|Rest|p2a: Registeel
|-status|p2a: Registeel|slp|[from] move: Rest
|-heal|p2a: Registeel|100/100 slp|[silent]
|move|p1a: Chansey|Seismic Toss|p2a: Registeel
|-damage|p2a: Registeel|73/100 slp
|
|upkeep
|turn|188
|
|t:|1659669829
|switch|p1a: Quagsire|Quagsire, F|100/100
|-damage|p1a: Quagsire|94/100|[from] Stealth Rock
|cant|p2a: Registeel|slp
|
|-heal|p1a: Quagsire|100/100|[from] item: Leftovers
|upkeep
|turn|189
|
|t:|1659669834
|cant|p2a: Registeel|slp
|move|p1a: Quagsire|Earthquake|p2a: Registeel
|-supereffective|p2a: Registeel
|-damage|p2a: Registeel|44/100 slp
|
|upkeep
|turn|190
|
|t:|1659669837
|switch|p2a: Rotom|Rotom-Wash|47/100 brn
|-damage|p2a: Rotom|35/100 brn|[from] Stealth Rock
|move|p1a: Quagsire|Earthquake|p2a: Rotom
|-immune|p2a: Rotom|[from] ability: Levitate
|
|-heal|p2a: Rotom|41/100 brn|[from] item: Leftovers
|-damage|p2a: Rotom|35/100 brn|[from] brn
|upkeep
|turn|191
|
|t:|1659669843
|switch|p1a: Amoonguss|Amoonguss, F|100/100 brn
|-damage|p1a: Amoonguss|88/100 brn|[from] Stealth Rock
|move|p2a: Rotom|Pain Split|p1a: Amoonguss
|-sethp|p1a: Amoonguss|56/100 brn|[from] move: Pain Split|[silent]
|-sethp|p2a: Rotom|84/100 brn|[from] move: Pain Split
|
|-heal|p2a: Rotom|90/100 brn|[from] item: Leftovers
|-heal|p1a: Amoonguss|62/100 brn|[from] item: Black Sludge
|-damage|p2a: Rotom|84/100 brn|[from] brn
|-damage|p1a: Amoonguss|56/100 brn|[from] brn
|upkeep
|turn|192
|
|t:|1659669847
|switch|p1a: Tangrowth|Tangrowth, F|97/100 brn
|-damage|p1a: Tangrowth|85/100 brn|[from] Stealth Rock
|move|p2a: Rotom|Volt Switch|p1a: Tangrowth
|-resisted|p1a: Tangrowth
|-damage|p1a: Tangrowth|68/100 brn
|
|t:|1659669852
|switch|p2a: Necrozma|Necrozma|82/100|[from]move: Volt Switch
|-damage|p2a: Necrozma|70/100|[from] Stealth Rock
|
|-damage|p1a: Tangrowth|62/100 brn|[from] brn
|upkeep
|turn|193
|
|t:|1659669864
|switch|p1a: Chansey|Chansey, F|81/100
|-damage|p1a: Chansey|68/100|[from] Stealth Rock
|move|p2a: Necrozma|Photon Geyser|p1a: Chansey
|-damage|p1a: Chansey|49/100
|
|upkeep
|turn|194
|
|t:|1659669869
|switch|p2a: Registeel|Registeel|44/100 slp
|-damage|p2a: Registeel|38/100 slp|[from] Stealth Rock
|move|p1a: Chansey|Toxic||[still]
|-fail|p1a: Chansey
|
|upkeep
|turn|195
|
|t:|1659669872
|-curestatus|p2a: Registeel|slp|[msg]
|move|p2a: Registeel|Body Press|p1a: Chansey
|-supereffective|p1a: Chansey
|-damage|p1a: Chansey|0 fnt
|faint|p1a: Chansey
|
|upkeep
|
|t:|1659669876
|switch|p1a: Quagsire|Quagsire, F|100/100
|-damage|p1a: Quagsire|94/100|[from] Stealth Rock
|turn|196
|
|t:|1659669882
|switch|p2a: Rotom|Rotom-Wash|84/100 brn
|-damage|p2a: Rotom|72/100 brn|[from] Stealth Rock
|move|p1a: Quagsire|Earthquake|p2a: Rotom
|-immune|p2a: Rotom|[from] ability: Levitate
|
|-heal|p2a: Rotom|78/100 brn|[from] item: Leftovers
|-heal|p1a: Quagsire|100/100|[from] item: Leftovers
|-damage|p2a: Rotom|72/100 brn|[from] brn
|upkeep
|turn|197
|
|t:|1659669888
|move|p2a: Rotom|Volt Switch|p1a: Quagsire
|-immune|p1a: Quagsire
|move|p1a: Quagsire|Recover||[still]
|-fail|p1a: Quagsire|heal
|
|-heal|p2a: Rotom|78/100 brn|[from] item: Leftovers
|-damage|p2a: Rotom|72/100 brn|[from] brn
|upkeep
|turn|198
|
|t:|1659669893
|move|p2a: Rotom|Volt Switch|p1a: Quagsire
|-immune|p1a: Quagsire
|move|p1a: Quagsire|Counter||[still]
|-fail|p1a: Quagsire
|
|-heal|p2a: Rotom|78/100 brn|[from] item: Leftovers
|-damage|p2a: Rotom|72/100 brn|[from] brn
|upkeep
|turn|199
|
|t:|1659669897
|move|p2a: Rotom|Will-O-Wisp|p1a: Quagsire
|-status|p1a: Quagsire|brn
|move|p1a: Quagsire|Toxic||[still]
|-fail|p1a: Quagsire
|
|-heal|p2a: Rotom|78/100 brn|[from] item: Leftovers
|-damage|p2a: Rotom|72/100 brn|[from] brn
|-damage|p1a: Quagsire|94/100 brn|[from] brn
|upkeep
|turn|200
|
|t:|1659669903
|switch|p2a: Necrozma|Necrozma|70/100
|-damage|p2a: Necrozma|57/100|[from] Stealth Rock
|move|p1a: Quagsire|Toxic|p2a: Necrozma
|-status|p2a: Necrozma|tox
|
|-heal|p1a: Quagsire|100/100 brn|[from] item: Leftovers
|-damage|p2a: Necrozma|51/100 tox|[from] psn
|-damage|p1a: Quagsire|94/100 brn|[from] brn
|upkeep
|turn|201
|
|t:|1659669919
|move|p2a: Necrozma|Moonlight|p2a: Necrozma
|-heal|p2a: Necrozma|100/100 tox
|move|p1a: Quagsire|Recover|p1a: Quagsire
|-heal|p1a: Quagsire|100/100 brn
|
|-damage|p2a: Necrozma|88/100 tox|[from] psn
|-damage|p1a: Quagsire|94/100 brn|[from] brn
|upkeep
|turn|202
|
|t:|1659669925
|switch|p2a: Tapu Bulu|Tapu Bulu|20/100 brn
|-damage|p2a: Tapu Bulu|7/100 brn|[from] Stealth Rock
|-fieldstart|move: Grassy Terrain|[from] ability: Grassy Surge|[of] p2a: Tapu Bulu
|move|p1a: Quagsire|Earthquake|p2a: Tapu Bulu
|-resisted|p2a: Tapu Bulu
|-damage|p2a: Tapu Bulu|3/100 brn
|
|-heal|p2a: Tapu Bulu|9/100 brn|[from] Grassy Terrain
|-heal|p1a: Quagsire|100/100 brn|[from] Grassy Terrain
|-damage|p2a: Tapu Bulu|3/100 brn|[from] brn
|-damage|p1a: Quagsire|94/100 brn|[from] brn
|upkeep
|turn|203
|inactive|AlltheStall has 120 seconds left.
|
|t:|1659669937
|switch|p2a: Necrozma|Necrozma|88/100 tox
|-damage|p2a: Necrozma|76/100 tox|[from] Stealth Rock
|switch|p1a: Tangrowth|Tangrowth, F|95/100 brn
|-damage|p1a: Tangrowth|83/100 brn|[from] Stealth Rock
|
|-heal|p2a: Necrozma|82/100 tox|[from] Grassy Terrain
|-heal|p1a: Tangrowth|89/100 brn|[from] Grassy Terrain
|-damage|p2a: Necrozma|76/100 tox|[from] psn
|-damage|p1a: Tangrowth|83/100 brn|[from] brn
|upkeep
|turn|204
|
|t:|1659669944
|move|p2a: Necrozma|Heat Wave|p1a: Tangrowth
|-supereffective|p1a: Tangrowth
|-damage|p1a: Tangrowth|6/100 brn
|move|p1a: Tangrowth|Leech Seed|p2a: Necrozma
|-start|p2a: Necrozma|move: Leech Seed
|
|-heal|p2a: Necrozma|82/100 tox|[from] Grassy Terrain
|-heal|p1a: Tangrowth|13/100 brn|[from] Grassy Terrain
|-damage|p2a: Necrozma|70/100 tox|[from] Leech Seed|[of] p1a: Tangrowth
|-heal|p1a: Tangrowth|25/100 brn|[silent]
|-damage|p2a: Necrozma|58/100 tox|[from] psn
|-damage|p1a: Tangrowth|19/100 brn|[from] brn
|upkeep
|turn|205
|
|t:|1659669958
|switch|p2a: Rotom|Rotom-Wash|72/100 brn
|-damage|p2a: Rotom|59/100 brn|[from] Stealth Rock
|move|p1a: Tangrowth|Protect||[still]
|-fail|p1a: Tangrowth
|
|-heal|p2a: Rotom|65/100 brn|[from] item: Leftovers
|-heal|p1a: Tangrowth|25/100 brn|[from] Grassy Terrain
|-damage|p2a: Rotom|59/100 brn|[from] brn
|-damage|p1a: Tangrowth|19/100 brn|[from] brn
|upkeep
|turn|206
|
|t:|1659669964
|switch|p1a: Amoonguss|Amoonguss, F|89/100 brn
|-damage|p1a: Amoonguss|77/100 brn|[from] Stealth Rock
|move|p2a: Rotom|Hydro Pump|p1a: Amoonguss|[miss]
|-miss|p2a: Rotom|p1a: Amoonguss
|
|-heal|p2a: Rotom|65/100 brn|[from] item: Leftovers
|-heal|p1a: Amoonguss|83/100 brn|[from] Grassy Terrain
|-heal|p1a: Amoonguss|89/100 brn|[from] item: Black Sludge
|-damage|p2a: Rotom|59/100 brn|[from] brn
|-damage|p1a: Amoonguss|83/100 brn|[from] brn
|-fieldend|move: Grassy Terrain
|upkeep
|turn|207
|
|t:|1659669969
|move|p2a: Rotom|Pain Split|p1a: Amoonguss
|-sethp|p1a: Amoonguss|61/100 brn|[from] move: Pain Split|[silent]
|-sethp|p2a: Rotom|92/100 brn|[from] move: Pain Split
|move|p1a: Amoonguss|Clear Smog|p2a: Rotom
|-damage|p2a: Rotom|77/100 brn
|-clearboost|p2a: Rotom
|
|-heal|p2a: Rotom|83/100 brn|[from] item: Leftovers
|-heal|p1a: Amoonguss|67/100 brn|[from] item: Black Sludge
|-damage|p2a: Rotom|77/100 brn|[from] brn
|-damage|p1a: Amoonguss|61/100 brn|[from] brn
|upkeep
|turn|208
|
|t:|1659669973
|move|p2a: Rotom|Volt Switch|p1a: Amoonguss
|-resisted|p1a: Amoonguss
|-damage|p1a: Amoonguss|53/100 brn
|
|t:|1659669975
|switch|p2a: Registeel|Registeel|38/100|[from]move: Volt Switch
|-damage|p2a: Registeel|32/100|[from] Stealth Rock
|move|p1a: Amoonguss|Clear Smog|p2a: Registeel
|-immune|p2a: Registeel
|
|-heal|p1a: Amoonguss|59/100 brn|[from] item: Black Sludge
|-damage|p1a: Amoonguss|53/100 brn|[from] brn
|upkeep
|turn|209
|
|t:|1659669984
|move|p2a: Registeel|Body Press|p1a: Amoonguss
|-resisted|p1a: Amoonguss
|-damage|p1a: Amoonguss|34/100 brn
|move|p1a: Amoonguss|Synthesis|p1a: Amoonguss
|-heal|p1a: Amoonguss|84/100 brn
|
|-heal|p1a: Amoonguss|90/100 brn|[from] item: Black Sludge
|-damage|p1a: Amoonguss|84/100 brn|[from] brn
|upkeep
|turn|210
|
|t:|1659669990
|switch|p1a: Quagsire|Quagsire, F|94/100 brn
|-damage|p1a: Quagsire|88/100 brn|[from] Stealth Rock
|move|p2a: Registeel|Iron Defense|p2a: Registeel
|-boost|p2a: Registeel|def|2
|
|-heal|p1a: Quagsire|94/100 brn|[from] item: Leftovers
|-damage|p1a: Quagsire|88/100 brn|[from] brn
|upkeep
|turn|211
|
|t:|1659669995
|move|p2a: Registeel|Rest|p2a: Registeel
|-status|p2a: Registeel|slp|[from] move: Rest
|-heal|p2a: Registeel|100/100 slp|[silent]
|move|p1a: Quagsire|Earthquake|p2a: Registeel
|-supereffective|p2a: Registeel
|-damage|p2a: Registeel|85/100 slp
|
|-heal|p1a: Quagsire|94/100 brn|[from] item: Leftovers
|-damage|p1a: Quagsire|88/100 brn|[from] brn
|upkeep
|turn|212
|
|t:|1659670004
|cant|p2a: Registeel|slp
|move|p1a: Quagsire|Earthquake|p2a: Registeel
|-supereffective|p2a: Registeel
|-damage|p2a: Registeel|70/100 slp
|
|-heal|p1a: Quagsire|94/100 brn|[from] item: Leftovers
|-damage|p1a: Quagsire|88/100 brn|[from] brn
|upkeep
|turn|213
|
|t:|1659670012
|cant|p2a: Registeel|slp
|move|p1a: Quagsire|Earthquake|p2a: Registeel
|-supereffective|p2a: Registeel
|-damage|p2a: Registeel|53/100 slp
|
|-heal|p1a: Quagsire|94/100 brn|[from] item: Leftovers
|-damage|p1a: Quagsire|88/100 brn|[from] brn
|upkeep
|turn|214
|
|t:|1659670018
|-curestatus|p2a: Registeel|slp|[msg]
|move|p2a: Registeel|Amnesia|p2a: Registeel
|-boost|p2a: Registeel|spd|2
|move|p1a: Quagsire|Counter||[still]
|-fail|p1a: Quagsire
|
|-heal|p1a: Quagsire|94/100 brn|[from] item: Leftovers
|-damage|p1a: Quagsire|88/100 brn|[from] brn
|upkeep
|turn|215
|
|t:|1659670026
|move|p2a: Registeel|Iron Defense|p2a: Registeel
|-boost|p2a: Registeel|def|2
|move|p1a: Quagsire|Earthquake|p2a: Registeel
|-supereffective|p2a: Registeel
|-damage|p2a: Registeel|36/100
|
|-heal|p1a: Quagsire|94/100 brn|[from] item: Leftovers
|-damage|p1a: Quagsire|88/100 brn|[from] brn
|upkeep
|turn|216
|
|t:|1659670028
|move|p2a: Registeel|Rest|p2a: Registeel
|-status|p2a: Registeel|slp|[from] move: Rest
|-heal|p2a: Registeel|100/100 slp|[silent]
|move|p1a: Quagsire|Counter||[still]
|-fail|p1a: Quagsire
|
|-heal|p1a: Quagsire|94/100 brn|[from] item: Leftovers
|-damage|p1a: Quagsire|88/100 brn|[from] brn
|upkeep
|turn|217
|
|t:|1659670032
|switch|p1a: Tangrowth|Tangrowth, F|52/100 brn
|-damage|p1a: Tangrowth|39/100 brn|[from] Stealth Rock
|cant|p2a: Registeel|slp
|
|-damage|p1a: Tangrowth|33/100 brn|[from] brn
|upkeep
|turn|218
|
|t:|1659670035
|cant|p2a: Registeel|slp
|move|p1a: Tangrowth|Leech Seed|p2a: Registeel
|-start|p2a: Registeel|move: Leech Seed
|
|-damage|p2a: Registeel|88/100 slp|[from] Leech Seed|[of] p1a: Tangrowth
|-heal|p1a: Tangrowth|44/100 brn|[silent]
|-damage|p1a: Tangrowth|38/100 brn|[from] brn
|upkeep
|turn|219
|inactive|AlltheStall has 120 seconds left.
|
|t:|1659670042
|switch|p2a: Salamence|Salamence, F|79/100
|-damage|p2a: Salamence|54/100|[from] Stealth Rock
|-ability|p2a: Salamence|Intimidate|boost
|-unboost|p1a: Tangrowth|atk|1
|move|p1a: Tangrowth|Substitute|p1a: Tangrowth
|-start|p1a: Tangrowth|Substitute
|-damage|p1a: Tangrowth|13/100 brn
|
|-damage|p1a: Tangrowth|7/100 brn|[from] brn
|upkeep
|turn|220
|
|t:|1659670046
|move|p2a: Salamence|Defog|p1a: Tangrowth
|-sideend|p1: AlltheStall|Stealth Rock|[from] move: Defog|[of] p2a: Salamence
|-sideend|p2: pif|Stealth Rock|[from] move: Defog|[of] p2a: Salamence
|move|p1a: Tangrowth|Leech Seed|p2a: Salamence
|-start|p2a: Salamence|move: Leech Seed
|
|-damage|p2a: Salamence|41/100|[from] Leech Seed|[of] p1a: Tangrowth
|-heal|p1a: Tangrowth|19/100 brn|[silent]
|-damage|p1a: Tangrowth|13/100 brn|[from] brn
|upkeep
|turn|221
|inactive|AlltheStall has 120 seconds left.
|
|t:|1659670052
|move|p2a: Salamence|Roost|p2a: Salamence
|-heal|p2a: Salamence|91/100
|-singleturn|p2a: Salamence|move: Roost
|move|p1a: Tangrowth|Knock Off|p2a: Salamence
|-damage|p2a: Salamence|88/100
|
|-damage|p2a: Salamence|75/100|[from] Leech Seed|[of] p1a: Tangrowth
|-heal|p1a: Tangrowth|25/100 brn|[silent]
|-damage|p1a: Tangrowth|19/100 brn|[from] brn
|upkeep
|turn|222
|
|t:|1659670055
|switch|p2a: Registeel|Registeel|88/100 slp
|move|p1a: Tangrowth|Knock Off|p2a: Registeel
|-damage|p2a: Registeel|86/100 slp
|
|-damage|p1a: Tangrowth|13/100 brn|[from] brn
|upkeep
|turn|223
|inactive|AlltheStall has 120 seconds left.
|
|t:|1659670064
|switch|p2a: Salamence|Salamence, F|75/100
|-ability|p2a: Salamence|Intimidate|boost
|-immune|p1a: Tangrowth
|switch|p1a: Amoonguss|Amoonguss, F|100/100 brn
|
|-damage|p1a: Amoonguss|94/100 brn|[from] brn
|upkeep
|turn|224
|
|t:|1659670071
|switch|p2a: Registeel|Registeel|86/100 slp
|move|p1a: Amoonguss|Toxic||[still]
|-fail|p1a: Amoonguss
|
|-heal|p1a: Amoonguss|100/100 brn|[from] item: Black Sludge
|-damage|p1a: Amoonguss|94/100 brn|[from] brn
|upkeep
|turn|225
|
|t:|1659670075
|switch|p1a: Tangrowth|Tangrowth, F|46/100 brn
|-curestatus|p2a: Registeel|slp|[msg]
|move|p2a: Registeel|Iron Defense|p2a: Registeel
|-boost|p2a: Registeel|def|2
|
|-damage|p1a: Tangrowth|40/100 brn|[from] brn
|upkeep
|turn|226
|
|t:|1659670082
|switch|p1a: Amoonguss|Amoonguss, F|100/100 brn
|move|p2a: Registeel|Body Press|p1a: Amoonguss
|-resisted|p1a: Amoonguss
|-damage|p1a: Amoonguss|64/100 brn
|
|-heal|p1a: Amoonguss|70/100 brn|[from] item: Black Sludge
|-damage|p1a: Amoonguss|64/100 brn|[from] brn
|upkeep
|turn|227
|j| LE PECHEUR SANGUIN
|
|t:|1659670091
|switch|p1a: Quagsire|Quagsire, F|88/100 brn
|move|p2a: Registeel|Body Press|p1a: Quagsire
|-damage|p1a: Quagsire|66/100 brn
|
|-heal|p1a: Quagsire|72/100 brn|[from] item: Leftovers
|-damage|p1a: Quagsire|66/100 brn|[from] brn
|upkeep
|turn|228
|
|t:|1659670096
|switch|p2a: Rotom|Rotom-Wash|77/100 brn
|move|p1a: Quagsire|Recover|p1a: Quagsire
|-heal|p1a: Quagsire|100/100 brn
|
|-heal|p2a: Rotom|83/100 brn|[from] item: Leftovers
|-damage|p2a: Rotom|77/100 brn|[from] brn
|-damage|p1a: Quagsire|94/100 brn|[from] brn
|upkeep
|turn|229
|
|t:|1659670102
|switch|p1a: Amoonguss|Amoonguss, F|97/100 brn
|move|p2a: Rotom|Volt Switch|p1a: Amoonguss
|-resisted|p1a: Amoonguss
|-damage|p1a: Amoonguss|89/100 brn
|
|t:|1659670108
|switch|p2a: Krookodile|Krookodile, M|46/100 brn|[from]move: Volt Switch
|-ability|p2a: Krookodile|Intimidate|boost
|-unboost|p1a: Amoonguss|atk|1
|
|-heal|p2a: Krookodile|52/100 brn|[from] item: Leftovers
|-heal|p1a: Amoonguss|95/100 brn|[from] item: Black Sludge
|-damage|p2a: Krookodile|46/100 brn|[from] brn
|-damage|p1a: Amoonguss|89/100 brn|[from] brn
|upkeep
|turn|230
|
|t:|1659670118
|move|p2a: Krookodile|Stealth Rock|p1a: Amoonguss
|-sidestart|p1: AlltheStall|move: Stealth Rock
|move|p1a: Amoonguss|Clear Smog|p2a: Krookodile
|-resisted|p2a: Krookodile
|-damage|p2a: Krookodile|36/100 brn
|-clearboost|p2a: Krookodile
|
|-heal|p2a: Krookodile|42/100 brn|[from] item: Leftovers
|-heal|p1a: Amoonguss|95/100 brn|[from] item: Black Sludge
|-damage|p2a: Krookodile|36/100 brn|[from] brn
|-damage|p1a: Amoonguss|89/100 brn|[from] brn
|upkeep
|turn|231
|
|t:|1659670124
|switch|p1a: Tangrowth|Tangrowth, F|73/100 brn
|-damage|p1a: Tangrowth|60/100 brn|[from] Stealth Rock
|move|p2a: Krookodile|Knock Off|p1a: Tangrowth
|-damage|p1a: Tangrowth|52/100 brn
|
|-heal|p2a: Krookodile|42/100 brn|[from] item: Leftovers
|-damage|p2a: Krookodile|36/100 brn|[from] brn
|-damage|p1a: Tangrowth|46/100 brn|[from] brn
|upkeep
|turn|232
|
|t:|1659670134
|switch|p2a: Salamence|Salamence, F|75/100
|-ability|p2a: Salamence|Intimidate|boost
|-unboost|p1a: Tangrowth|atk|1
|switch|p1a: Amoonguss|Amoonguss, F|100/100 brn
|-damage|p1a: Amoonguss|88/100 brn|[from] Stealth Rock
|
|-heal|p1a: Amoonguss|94/100 brn|[from] item: Black Sludge
|-damage|p1a: Amoonguss|88/100 brn|[from] brn
|upkeep
|turn|233
|
|t:|1659670139
|switch|p2a: Registeel|Registeel|86/100
|move|p1a: Amoonguss|Toxic|p2a: Registeel
|-immune|p2a: Registeel
|
|-heal|p1a: Amoonguss|94/100 brn|[from] item: Black Sludge
|-damage|p1a: Amoonguss|88/100 brn|[from] brn
|upkeep
|turn|234
|
|t:|1659670145
|switch|p1a: Tangrowth|Tangrowth, F|79/100 brn
|-damage|p1a: Tangrowth|67/100 brn|[from] Stealth Rock
|move|p2a: Registeel|Iron Defense|p2a: Registeel
|-boost|p2a: Registeel|def|2
|
|-damage|p1a: Tangrowth|61/100 brn|[from] brn
|upkeep
|turn|235
|
|t:|1659670148
|switch|p1a: Amoonguss|Amoonguss, F|100/100 brn
|-damage|p1a: Amoonguss|88/100 brn|[from] Stealth Rock
|move|p2a: Registeel|Body Press|p1a: Amoonguss
|-resisted|p1a: Amoonguss
|-damage|p1a: Amoonguss|53/100 brn
|
|-heal|p1a: Amoonguss|59/100 brn|[from] item: Black Sludge
|-damage|p1a: Amoonguss|53/100 brn|[from] brn
|upkeep
|turn|236
|
|t:|1659670151
|switch|p1a: Quagsire|Quagsire, F|94/100 brn
|-damage|p1a: Quagsire|88/100 brn|[from] Stealth Rock
|move|p2a: Registeel|Body Press|p1a: Quagsire
|-damage|p1a: Quagsire|66/100 brn
|
|-heal|p1a: Quagsire|73/100 brn|[from] item: Leftovers
|-damage|p1a: Quagsire|66/100 brn|[from] brn
|upkeep
|turn|237
|
|t:|1659670165
|switch|p2a: Rotom|Rotom-Wash|77/100 brn
|move|p1a: Quagsire|Earthquake|p2a: Rotom
|-immune|p2a: Rotom|[from] ability: Levitate
|
|-heal|p2a: Rotom|83/100 brn|[from] item: Leftovers
|-heal|p1a: Quagsire|73/100 brn|[from] item: Leftovers
|-damage|p2a: Rotom|77/100 brn|[from] brn
|-damage|p1a: Quagsire|66/100 brn|[from] brn
|upkeep
|turn|238
|
|t:|1659670176
|move|p2a: Rotom|Hydro Pump|p1a: Quagsire|[miss]
|-miss|p2a: Rotom|p1a: Quagsire
|move|p1a: Quagsire|Recover|p1a: Quagsire
|-heal|p1a: Quagsire|100/100 brn
|
|-heal|p2a: Rotom|83/100 brn|[from] item: Leftovers
|-damage|p2a: Rotom|77/100 brn|[from] brn
|-damage|p1a: Quagsire|94/100 brn|[from] brn
|upkeep
|turn|239
|
|t:|1659670186
|switch|p2a: Necrozma|Necrozma|58/100 tox
|move|p1a: Quagsire|Toxic|p2a: Necrozma|[miss]
|-miss|p1a: Quagsire|p2a: Necrozma
|
|-heal|p1a: Quagsire|100/100 brn|[from] item: Leftovers
|-damage|p2a: Necrozma|52/100 tox|[from] psn
|-damage|p1a: Quagsire|94/100 brn|[from] brn
|upkeep
|turn|240
|
|t:|1659670195
|move|p2a: Necrozma|Moonlight|p2a: Necrozma
|-heal|p2a: Necrozma|100/100 tox
|move|p1a: Quagsire|Earthquake|p2a: Necrozma
|-damage|p2a: Necrozma|91/100 tox
|
|-heal|p1a: Quagsire|100/100 brn|[from] item: Leftovers
|-damage|p2a: Necrozma|79/100 tox|[from] psn
|-damage|p1a: Quagsire|94/100 brn|[from] brn
|upkeep
|turn|241
|
|t:|1659670205
|switch|p2a: Tapu Bulu|Tapu Bulu|3/100 brn
|-fieldstart|move: Grassy Terrain|[from] ability: Grassy Surge|[of] p2a: Tapu Bulu
|move|p1a: Quagsire|Recover|p1a: Quagsire
|-heal|p1a: Quagsire|100/100 brn
|
|-heal|p2a: Tapu Bulu|9/100 brn|[from] Grassy Terrain
|-damage|p2a: Tapu Bulu|3/100 brn|[from] brn
|-damage|p1a: Quagsire|94/100 brn|[from] brn
|upkeep
|turn|242
|
|t:|1659670211
|switch|p1a: Tangrowth|Tangrowth, F|94/100 brn
|-damage|p1a: Tangrowth|82/100 brn|[from] Stealth Rock
|move|p2a: Tapu Bulu|Horn Leech|p1a: Tangrowth
|-resisted|p1a: Tangrowth
|-damage|p1a: Tangrowth|75/100 brn
|-heal|p2a: Tapu Bulu|8/100 brn|[from] drain|[of] p1a: Tangrowth
|
|-heal|p2a: Tapu Bulu|14/100 brn|[from] Grassy Terrain
|-heal|p1a: Tangrowth|81/100 brn|[from] Grassy Terrain
|-damage|p2a: Tapu Bulu|8/100 brn|[from] brn
|-damage|p1a: Tangrowth|75/100 brn|[from] brn
|upkeep
|turn|243
|
|t:|1659670220
|switch|p2a: Registeel|Registeel|86/100
|move|p1a: Tangrowth|Knock Off|p2a: Registeel
|-damage|p2a: Registeel|82/100
|
|-heal|p2a: Registeel|88/100|[from] Grassy Terrain
|-heal|p1a: Tangrowth|81/100 brn|[from] Grassy Terrain
|-damage|p1a: Tangrowth|75/100 brn|[from] brn
|upkeep
|turn|244
|
|t:|1659670225
|switch|p2a: Necrozma|Necrozma|79/100 tox
|switch|p1a: Quagsire|Quagsire, F|94/100 brn
|-damage|p1a: Quagsire|88/100 brn|[from] Stealth Rock
|
|-heal|p2a: Necrozma|85/100 tox|[from] Grassy Terrain
|-heal|p1a: Quagsire|94/100 brn|[from] Grassy Terrain
|-heal|p1a: Quagsire|100/100 brn|[from] item: Leftovers
|-damage|p2a: Necrozma|79/100 tox|[from] psn
|-damage|p1a: Quagsire|94/100 brn|[from] brn
|upkeep
|turn|245
|
|t:|1659670235
|move|p2a: Necrozma|Calm Mind|p2a: Necrozma
|-boost|p2a: Necrozma|spa|1
|-boost|p2a: Necrozma|spd|1
|move|p1a: Quagsire|Earthquake|p2a: Necrozma
|-damage|p2a: Necrozma|73/100 tox
|
|-heal|p2a: Necrozma|79/100 tox|[from] Grassy Terrain
|-heal|p1a: Quagsire|100/100 brn|[from] Grassy Terrain
|-damage|p2a: Necrozma|67/100 tox|[from] psn
|-damage|p1a: Quagsire|94/100 brn|[from] brn
|-fieldend|move: Grassy Terrain
|upkeep
|turn|246
|
|t:|1659670240
|move|p2a: Necrozma|Calm Mind|p2a: Necrozma
|-boost|p2a: Necrozma|spa|1
|-boost|p2a: Necrozma|spd|1
|move|p1a: Quagsire|Earthquake|p2a: Necrozma
|-damage|p2a: Necrozma|57/100 tox
|
|-heal|p1a: Quagsire|100/100 brn|[from] item: Leftovers
|-damage|p2a: Necrozma|38/100 tox|[from] psn
|-damage|p1a: Quagsire|94/100 brn|[from] brn
|upkeep
|turn|247
|
|t:|1659670246
|move|p2a: Necrozma|Moonlight|p2a: Necrozma
|-heal|p2a: Necrozma|88/100 tox
|move|p1a: Quagsire|Earthquake|p2a: Necrozma
|-damage|p2a: Necrozma|78/100 tox
|
|-heal|p1a: Quagsire|100/100 brn|[from] item: Leftovers
|-damage|p2a: Necrozma|54/100 tox|[from] psn
|-damage|p1a: Quagsire|94/100 brn|[from] brn
|upkeep
|turn|248
|
|t:|1659670252
|move|p2a: Necrozma|Photon Geyser|p1a: Quagsire
|-damage|p1a: Quagsire|0 fnt
|faint|p1a: Quagsire
|
|-damage|p2a: Necrozma|24/100 tox|[from] psn
|upkeep
|l| LE PECHEUR SANGUIN
|inactive|AlltheStall has 90 seconds left.
|
|t:|1659670262
|switch|p1a: Tangrowth|Tangrowth, F|100/100 brn
|-damage|p1a: Tangrowth|88/100 brn|[from] Stealth Rock
|turn|249
|
|t:|1659670269
|move|p2a: Necrozma|Moonlight|p2a: Necrozma
|-heal|p2a: Necrozma|74/100 tox
|move|p1a: Tangrowth|Knock Off|p2a: Necrozma
|-supereffective|p2a: Necrozma
|-damage|p2a: Necrozma|67/100 tox
|
|-damage|p2a: Necrozma|31/100 tox|[from] psn
|-damage|p1a: Tangrowth|82/100 brn|[from] brn
|upkeep
|turn|250
|inactive|AlltheStall has 90 seconds left.
|
|t:|1659670277
|switch|p2a: Salamence|Salamence, F|75/100
|-ability|p2a: Salamence|Intimidate|boost
|-unboost|p1a: Tangrowth|atk|1
|move|p1a: Tangrowth|Knock Off|p2a: Salamence
|-damage|p2a: Salamence|70/100
|
|-damage|p1a: Tangrowth|76/100 brn|[from] brn
|upkeep
|turn|251
|
|t:|1659670282
|move|p1a: Tangrowth|Protect|p1a: Tangrowth
|-singleturn|p1a: Tangrowth|Protect
|move|p2a: Salamence|Flamethrower|p1a: Tangrowth
|-activate|p1a: Tangrowth|move: Protect
|
|-damage|p1a: Tangrowth|70/100 brn|[from] brn
|upkeep
|turn|252
|
|t:|1659670286
|switch|p1a: Amoonguss|Amoonguss, F|86/100 brn
|-damage|p1a: Amoonguss|74/100 brn|[from] Stealth Rock
|move|p2a: Salamence|Flamethrower|p1a: Amoonguss
|-supereffective|p1a: Amoonguss
|-damage|p1a: Amoonguss|45/100 brn
|
|-heal|p1a: Amoonguss|51/100 brn|[from] item: Black Sludge
|-damage|p1a: Amoonguss|45/100 brn|[from] brn
|upkeep
|turn|253
|
|t:|1659670293
|switch|p2a: Necrozma|Necrozma|31/100 tox
|move|p1a: Amoonguss|Synthesis|p1a: Amoonguss
|-heal|p1a: Amoonguss|95/100 brn
|
|-heal|p1a: Amoonguss|100/100 brn|[from] item: Black Sludge
|-damage|p2a: Necrozma|25/100 tox|[from] psn
|-damage|p1a: Amoonguss|94/100 brn|[from] brn
|upkeep
|turn|254
|
|t:|1659670298
|move|p2a: Necrozma|Moonlight|p2a: Necrozma
|-heal|p2a: Necrozma|75/100 tox
|move|p1a: Amoonguss|Clear Smog|p2a: Necrozma
|-crit|p2a: Necrozma
|-damage|p2a: Necrozma|52/100 tox
|-clearboost|p2a: Necrozma
|
|-heal|p1a: Amoonguss|100/100 brn|[from] item: Black Sludge
|-damage|p2a: Necrozma|40/100 tox|[from] psn
|-damage|p1a: Amoonguss|94/100 brn|[from] brn
|upkeep
|turn|255
|
|t:|1659670302
|switch|p2a: Registeel|Registeel|88/100
|move|p1a: Amoonguss|Clear Smog|p2a: Registeel
|-immune|p2a: Registeel
|
|-heal|p1a: Amoonguss|100/100 brn|[from] item: Black Sludge
|-damage|p1a: Amoonguss|94/100 brn|[from] brn
|upkeep
|turn|256
|
|t:|1659670305
|move|p2a: Registeel|Iron Defense|p2a: Registeel
|-boost|p2a: Registeel|def|2
|move|p1a: Amoonguss|Spore|p2a: Registeel
|-status|p2a: Registeel|slp|[from] move: Spore
|
|-heal|p1a: Amoonguss|100/100 brn|[from] item: Black Sludge
|-damage|p1a: Amoonguss|94/100 brn|[from] brn
|upkeep
|turn|257
|
|t:|1659670309
|switch|p1a: Tangrowth|Tangrowth, F|100/100 brn
|-damage|p1a: Tangrowth|88/100 brn|[from] Stealth Rock
|cant|p2a: Registeel|slp
|
|-damage|p1a: Tangrowth|82/100 brn|[from] brn
|upkeep
|turn|258
|
|t:|1659670311
|cant|p2a: Registeel|slp
|move|p1a: Tangrowth|Knock Off|p2a: Registeel
|-damage|p2a: Registeel|87/100 slp
|
|-damage|p1a: Tangrowth|76/100 brn|[from] brn
|upkeep
|turn|259
|
|t:|1659670313
|-curestatus|p2a: Registeel|slp|[msg]
|move|p2a: Registeel|Iron Defense|p2a: Registeel
|-boost|p2a: Registeel|def|2
|move|p1a: Tangrowth|Knock Off|p2a: Registeel
|-damage|p2a: Registeel|86/100
|
|-damage|p1a: Tangrowth|70/100 brn|[from] brn
|upkeep
|turn|260
|
|t:|1659670315
|move|p2a: Registeel|Iron Defense|p2a: Registeel
|-boost|p2a: Registeel|def|2
|move|p1a: Tangrowth|Knock Off|p2a: Registeel
|-damage|p2a: Registeel|85/100
|
|-damage|p1a: Tangrowth|63/100 brn|[from] brn
|upkeep
|turn|261
|
|t:|1659670316
|move|p2a: Registeel|Body Press|p1a: Tangrowth
|-damage|p1a: Tangrowth|0 fnt
|faint|p1a: Tangrowth
|
|upkeep
|
|t:|1659670319
|switch|p1a: Amoonguss|Amoonguss, F|100/100 brn
|-damage|p1a: Amoonguss|88/100 brn|[from] Stealth Rock
|turn|262
|
|t:|1659670323
|move|p2a: Registeel|Body Press|p1a: Amoonguss
|-resisted|p1a: Amoonguss
|-damage|p1a: Amoonguss|17/100 brn
|move|p1a: Amoonguss|Spore|p2a: Registeel
|-status|p2a: Registeel|slp|[from] move: Spore
|
|-heal|p1a: Amoonguss|23/100 brn|[from] item: Black Sludge
|-damage|p1a: Amoonguss|17/100 brn|[from] brn
|upkeep
|turn|263
|c|☆AlltheStall|gg
|c|☆pif|gg
|inactive|AlltheStall has 120 seconds left.
|
|t:|1659670335
|cant|p2a: Registeel|slp
|move|p1a: Amoonguss|Toxic||[still]
|-fail|p1a: Amoonguss
|
|-heal|p1a: Amoonguss|23/100 brn|[from] item: Black Sludge
|-damage|p1a: Amoonguss|17/100 brn|[from] brn
|upkeep
|turn|264
|l| Permission Slip
|
|t:|1659670357
|-curestatus|p2a: Registeel|slp|[msg]
|move|p2a: Registeel|Body Press|p1a: Amoonguss
|-resisted|p1a: Amoonguss
|-damage|p1a: Amoonguss|0 fnt
|faint|p1a: Amoonguss
|
|win|pif
|raw|AlltheStall's rating: 1432 &rarr; <strong>1425</strong><br />(-7 for losing)
|raw|pif's rating: 1704 &rarr; <strong>1711</strong><br />(+7 for winning)
||Ladder isn't responding, score probably updated but might not have (Request timeout).
|l|☆AlltheStall
