|j|☆Trogba Trogba
|j|☆Hydreigon > Latias
|t:|1633442578
|gametype|singles
|player|p1|Trogba Trogba|lance|
|player|p2|Hydreigon > Latias|guitarist|
|teamsize|p1|6
|teamsize|p2|6
|gen|8
|tier|[Gen 8] UU
|rated|Tournament battle
|rule|Sleep Clause Mod: Limit one foe put to sleep
|rule|Species Clause: Limit one of each Pokémon
|rule|OHKO Clause: OHKO moves are banned
|rule|Evasion Moves Clause: Evasion moves are banned
|rule|Endless Battle Clause: Forcing endless battles is banned
|rule|HP Percentage Mod: HP is shown in percentages
|rule|Dynamax Clause: You cannot dynamax
|clearpoke
|poke|p1|Entei|
|poke|p1|Rhyperior, M|
|poke|p1|Torkoal, F|
|poke|p1|Venusaur, M|
|poke|p1|Zarude|
|poke|p1|Chansey, F|
|poke|p2|Hydreigon, F|
|poke|p2|Celesteela|
|poke|p2|Primarina, F|
|poke|p2|Mandibuzz, F|
|poke|p2|Nihilego|
|poke|p2|Mamoswine, F|
|teampreview
|j| bat tf2
|j| Lapalittyam
|
|t:|1633442596
|start
|switch|p1a: Entei|Entei|100/100
|switch|p2a: Nihilego|Nihilego|100/100
|turn|1
|
|t:|1633442601
|switch|p1a: Chansey|Chansey, F|100/100
|move|p2a: Nihilego|Power Gem|p1a: Chansey
|-damage|p1a: Chansey|87/100
|
|upkeep
|turn|2
|inactive|Battle timer is ON: inactive players will automatically lose when time's up. (requested by Hydreigon > Latias)
|
|t:|1633442606
|move|p2a: Nihilego|Stealth Rock|p1a: Chansey
|-sidestart|p1: Trogba Trogba|move: Stealth Rock
|move|p1a: Chansey|Teleport|p1a: Chansey
|
|t:|1633442614
|switch|p1a: Zarude|Zarude|100/100|[from]move: Teleport
|
|upkeep
|turn|3
|
|t:|1633442619
|switch|p2a: Mandibuzz|Mandibuzz, F|100/100
|move|p1a: Zarude|Power Whip|p2a: Mandibuzz
|-resisted|p2a: Mandibuzz
|-damage|p2a: Mandibuzz|77/100
|
|upkeep
|turn|4
|
|t:|1633442621
|move|p1a: Zarude|U-turn|p2a: Mandibuzz
|-damage|p2a: Mandibuzz|60/100
|
|t:|1633442624
|switch|p1a: Torkoal|Torkoal, F|100/100|[from]move: U-turn
|-damage|p1a: Torkoal|76/100|[from] Stealth Rock
|-weather|SunnyDay|[from] ability: Drought|[of] p1a: Torkoal
|move|p2a: Mandibuzz|U-turn|p1a: Torkoal
|-resisted|p1a: Torkoal
|-damage|p1a: Torkoal|73/100
|
|t:|1633442628
|switch|p2a: Mamoswine|Mamoswine, F|100/100|[from]move: U-turn
|
|-weather|SunnyDay|[upkeep]
|upkeep
|turn|5
|
|t:|1633442636
|switch|p1a: Zarude|Zarude|100/100
|move|p2a: Mamoswine|Earthquake|p1a: Zarude
|-resisted|p1a: Zarude
|-damage|p1a: Zarude|66/100
|-damage|p2a: Mamoswine|91/100|[from] item: Life Orb
|
|-weather|SunnyDay|[upkeep]
|upkeep
|turn|6
|
|t:|1633442643
|move|p2a: Mamoswine|Ice Shard|p1a: Zarude
|-supereffective|p1a: Zarude
|-damage|p1a: Zarude|5/100
|-damage|p2a: Mamoswine|81/100|[from] item: Life Orb
|move|p1a: Zarude|Synthesis|p1a: Zarude
|-heal|p1a: Zarude|72/100
|
|-weather|SunnyDay|[upkeep]
|upkeep
|turn|7
|
|t:|1633442652
|switch|p2a: Mandibuzz|Mandibuzz, F|60/100
|move|p1a: Zarude|Power Whip|p2a: Mandibuzz
|-resisted|p2a: Mandibuzz
|-damage|p2a: Mandibuzz|39/100
|
|-weather|SunnyDay|[upkeep]
|upkeep
|turn|8
|
|t:|1633442655
|move|p1a: Zarude|U-turn|p2a: Mandibuzz
|-damage|p2a: Mandibuzz|21/100
|
|t:|1633442659
|switch|p1a: Entei|Entei|100/100|[from]move: U-turn
|-damage|p1a: Entei|76/100|[from] Stealth Rock
|move|p2a: Mandibuzz|Roost|p2a: Mandibuzz
|-heal|p2a: Mandibuzz|71/100
|-singleturn|p2a: Mandibuzz|move: Roost
|
|-weather|SunnyDay|[upkeep]
|upkeep
|turn|9
|
|t:|1633442664
|switch|p2a: Primarina|Primarina, F|100/100
|move|p1a: Entei|Sacred Fire|p2a: Primarina
|-resisted|p2a: Primarina
|-damage|p2a: Primarina|41/100
|
|-weather|SunnyDay|[upkeep]
|-heal|p2a: Primarina|47/100|[from] item: Leftovers
|upkeep
|turn|10
|
|t:|1633442669
|switch|p2a: Mandibuzz|Mandibuzz, F|71/100
|move|p1a: Entei|Sacred Fire|p2a: Mandibuzz
|-damage|p2a: Mandibuzz|0 fnt
|faint|p2a: Mandibuzz
|
|-weather|SunnyDay|[upkeep]
|upkeep
|
|t:|1633442673
|switch|p2a: Nihilego|Nihilego|100/100
|turn|11
|
|t:|1633442676
|switch|p1a: Chansey|Chansey, F|87/100
|-damage|p1a: Chansey|74/100|[from] Stealth Rock
|move|p2a: Nihilego|Knock Off|p1a: Chansey
|-damage|p1a: Chansey|66/100
|-enditem|p1a: Chansey|Eviolite|[from] move: Knock Off|[of] p2a: Nihilego
|
|-weather|none
|upkeep
|turn|12
|l| bat tf2
|
|t:|1633442684
|switch|p2a: Mamoswine|Mamoswine, F|81/100
|move|p1a: Chansey|Teleport|p1a: Chansey
|
|t:|1633442687
|switch|p1a: Zarude|Zarude|72/100|[from]move: Teleport
|
|upkeep
|turn|13
|
|t:|1633442692
|switch|p2a: Celesteela|Celesteela|100/100
|move|p1a: Zarude|Power Whip|p2a: Celesteela
|-resisted|p2a: Celesteela
|-damage|p2a: Celesteela|88/100
|
|-heal|p2a: Celesteela|94/100|[from] item: Leftovers
|upkeep
|turn|14
|c| Lapalittyam|Zarude learns jungle healing, makes little sense to use synthesis over that, even in the sun
|
|t:|1633442698
|move|p1a: Zarude|U-turn|p2a: Celesteela
|-resisted|p2a: Celesteela
|-damage|p2a: Celesteela|90/100
|c|☆Trogba Trogba|doesn't jungle do 25%?
|c| Lapalittyam|but it cures statuses
|
|t:|1633442712
|switch|p1a: Torkoal|Torkoal, F|73/100|[from]move: U-turn
|-damage|p1a: Torkoal|48/100|[from] Stealth Rock
|-weather|SunnyDay|[from] ability: Drought|[of] p1a: Torkoal
|move|p2a: Celesteela|Leech Seed|p1a: Torkoal
|-start|p1a: Torkoal|move: Leech Seed
|
|-weather|SunnyDay|[upkeep]
|-heal|p2a: Celesteela|96/100|[from] item: Leftovers
|-damage|p1a: Torkoal|35/100|[from] Leech Seed|[of] p2a: Celesteela
|-heal|p2a: Celesteela|100/100|[silent]
|upkeep
|turn|15
|c|☆Trogba Trogba|got a chansey
|
|t:|1633442721
|move|p2a: Celesteela|Protect|p2a: Celesteela
|-singleturn|p2a: Celesteela|Protect
|move|p1a: Torkoal|Rapid Spin|p2a: Celesteela
|-activate|p2a: Celesteela|move: Protect
|
|-weather|SunnyDay|[upkeep]
|-damage|p1a: Torkoal|23/100|[from] Leech Seed|[of] p2a: Celesteela
|upkeep
|turn|16
|c| Lapalittyam|Chansey on a sun team, ok
|
|t:|1633442725
|switch|p2a: Nihilego|Nihilego|100/100
|move|p1a: Torkoal|Rapid Spin|p2a: Nihilego
|-resisted|p2a: Nihilego
|-damage|p2a: Nihilego|93/100
|-boost|p1a: Torkoal|spe|1
|-end|p1a: Torkoal|Leech Seed|[from] move: Rapid Spin|[of] p1a: Torkoal
|-sideend|p1: Trogba Trogba|Stealth Rock|[from] move: Rapid Spin|[of] p1a: Torkoal
|
|-weather|SunnyDay|[upkeep]
|-heal|p2a: Nihilego|99/100|[from] item: Black Sludge
|upkeep
|turn|17
|
|t:|1633442735
|switch|p1a: Venusaur|Venusaur, M|100/100
|move|p2a: Nihilego|Stealth Rock|p1a: Venusaur
|-sidestart|p1: Trogba Trogba|move: Stealth Rock
|
|-weather|SunnyDay|[upkeep]
|-heal|p2a: Nihilego|100/100|[from] item: Black Sludge
|upkeep
|turn|18
|j| bsvhsvj
|
|t:|1633442740
|move|p1a: Venusaur|Growth|p1a: Venusaur
|-boost|p1a: Venusaur|atk|2
|-boost|p1a: Venusaur|spa|2
|move|p2a: Nihilego|Sludge Wave|p1a: Venusaur
|-damage|p1a: Venusaur|44/100
|
|-weather|SunnyDay|[upkeep]
|upkeep
|turn|19
|
|t:|1633442746
|move|p1a: Venusaur|Earth Power|p2a: Nihilego
|-supereffective|p2a: Nihilego
|-damage|p2a: Nihilego|0 fnt
|faint|p2a: Nihilego
|-damage|p1a: Venusaur|34/100|[from] item: Life Orb
|
|-weather|SunnyDay|[upkeep]
|upkeep
|
|t:|1633442749
|switch|p2a: Celesteela|Celesteela|100/100
|turn|20
|
|t:|1633442755
|move|p2a: Celesteela|Protect|p2a: Celesteela
|-singleturn|p2a: Celesteela|Protect
|move|p1a: Venusaur|Growth|p1a: Venusaur
|-boost|p1a: Venusaur|atk|2
|-boost|p1a: Venusaur|spa|2
|
|-weather|SunnyDay|[upkeep]
|upkeep
|turn|21
|
|t:|1633442761
|switch|p2a: Primarina|Primarina, F|47/100
|move|p1a: Venusaur|Weather Ball|p2a: Primarina
|-resisted|p2a: Primarina
|-damage|p2a: Primarina|0 fnt
|faint|p2a: Primarina
|-damage|p1a: Venusaur|24/100|[from] item: Life Orb
|
|-weather|none
|upkeep
|
|t:|1633442766
|switch|p2a: Hydreigon|Hydreigon, F|100/100
|turn|22
|
|t:|1633442768
|move|p2a: Hydreigon|Dark Pulse|p1a: Venusaur
|-damage|p1a: Venusaur|0 fnt
|faint|p1a: Venusaur
|
|upkeep
|
|t:|1633442773
|switch|p1a: Zarude|Zarude|72/100
|turn|23
|
|t:|1633442775
|move|p1a: Zarude|U-turn|p2a: Hydreigon
|-supereffective|p2a: Hydreigon
|-damage|p2a: Hydreigon|49/100
|
|t:|1633442778
|switch|p1a: Chansey|Chansey, F|66/100|[from]move: U-turn
|-damage|p1a: Chansey|54/100|[from] Stealth Rock
|move|p2a: Hydreigon|Dark Pulse|p1a: Chansey
|-damage|p1a: Chansey|26/100
|
|upkeep
|turn|24
|
|t:|1633442781
|move|p2a: Hydreigon|Dark Pulse|p1a: Chansey
|-damage|p1a: Chansey|0 fnt
|faint|p1a: Chansey
|
|upkeep
|
|t:|1633442786
|switch|p1a: Zarude|Zarude|72/100
|turn|25
|
|t:|1633442793
|switch|p2a: Celesteela|Celesteela|100/100
|move|p1a: Zarude|U-turn|p2a: Celesteela
|-resisted|p2a: Celesteela
|-damage|p2a: Celesteela|96/100
|
|t:|1633442795
|switch|p1a: Entei|Entei|76/100|[from]move: U-turn
|-damage|p1a: Entei|51/100|[from] Stealth Rock
|
|-heal|p2a: Celesteela|100/100|[from] item: Leftovers
|upkeep
|turn|26
|
|t:|1633442798
|move|p2a: Celesteela|Protect|p2a: Celesteela
|-singleturn|p2a: Celesteela|Protect
|move|p1a: Entei|Sacred Fire|p2a: Celesteela
|-activate|p2a: Celesteela|move: Protect
|
|upkeep
|turn|27
|
|t:|1633442802
|switch|p2a: Hydreigon|Hydreigon, F|49/100
|move|p1a: Entei|Sacred Fire|p2a: Hydreigon
|-resisted|p2a: Hydreigon
|-damage|p2a: Hydreigon|5/100
|-status|p2a: Hydreigon|brn
|
|-damage|p2a: Hydreigon|0 fnt|[from] brn
|faint|p2a: Hydreigon
|upkeep
|
|t:|1633442806
|switch|p2a: Celesteela|Celesteela|100/100
|turn|28
|
|t:|1633442808
|move|p1a: Entei|Sacred Fire|p2a: Celesteela
|-supereffective|p2a: Celesteela
|-damage|p2a: Celesteela|0 fnt
|faint|p2a: Celesteela
|
|upkeep
|
|t:|1633442811
|switch|p2a: Mamoswine|Mamoswine, F|81/100
|turn|29
|
|t:|1633442812
|move|p1a: Entei|Sacred Fire|p2a: Mamoswine
|-supereffective|p2a: Mamoswine
|-damage|p2a: Mamoswine|0 fnt
|faint|p2a: Mamoswine
|
|win|Trogba Trogba
|n|☆Trogba Trogba|trogbatrogba
|n|☆Hydreigon > Latias|hydreigonlatias
|n| Lapalittyam|lapalittyam
|n| bsvhsvj|bsvhsvj
|j| I am kinda sus ngl
|l|☆Hydreigon > Latias
|l|☆Trogba Trogba
|c| Lapalittyam|weather is broken adn this is the proof
