|j|☆Meow Tse Tung
|j|☆467 11 11p
|t:|1602005797
|player|p1|Meow Tse Tung|preschoolerf|
|player|p2|467 11 11p|kiawe|
|teamsize|p1|6
|teamsize|p2|6
|gametype|singles
|gen|8
|tier|[Gen 8] UU
|clearpoke
|poke|p1|Keldeo-Resolute|
|poke|p1|Mimikyu, F|
|poke|p1|Mudsdale, F|
|poke|p1|Bisharp, F|
|poke|p1|Rotom-Mow|
|poke|p1|Slowbro-Galar, F|
|poke|p2|Mimikyu, M|
|poke|p2|Mamoswine, F|
|poke|p2|Noivern, M|
|poke|p2|Cobalion|
|poke|p2|Roserade, F|
|poke|p2|Golisopod, F|
|rule|Sleep Clause Mod: Limit one foe put to sleep
|rule|Species Clause: Limit one of each Pokémon
|rule|OHKO Clause: OHKO moves are banned
|rule|Evasion Moves Clause: Evasion moves are banned
|rule|Endless Battle Clause: Forcing endless battles is banned
|rule|HP Percentage Mod: HP is shown in percentages
|rule|Dynamax Clause: You cannot dynamax
|teampreview
|c|☆467 11 11p|oh its this team
|
|t:|1602005819
|start
|switch|p1a: Rotom|Rotom-Mow|100/100
|switch|p2a: Mamoswine|Mamoswine, F|100/100
|turn|1
|c|☆Meow Tse Tung|oh.
|c|☆467 11 11p|zephyrr retired mygrein last night with it
|c|☆467 11 11p|dont know the sets tho
|
|t:|1602005839
|switch|p2a: Roserade|Roserade, F|100/100
|move|p1a: Rotom|Leaf Storm|p2a: Roserade
|-resisted|p2a: Roserade
|-damage|p2a: Roserade|84/100
|-unboost|p1a: Rotom|spa|2
|
|-heal|p2a: Roserade|90/100|[from] item: Black Sludge
|upkeep
|turn|2
|
|t:|1602005859
|switch|p1a: Slowbro|Slowbro-Galar, F|100/100
|move|p2a: Roserade|Spikes|p1a: Slowbro
|-sidestart|p1: Meow Tse Tung|Spikes
|
|-heal|p2a: Roserade|96/100|[from] item: Black Sludge
|upkeep
|turn|3
|
|t:|1602005872
|switch|p2a: Golisopod|Golisopod, F|100/100
|move|p1a: Slowbro|Psyshock|p2a: Golisopod
|-damage|p2a: Golisopod|75/100
|
|upkeep
|turn|4
|
|t:|1602005890
|move|p2a: Golisopod|Knock Off|p1a: Slowbro
|-supereffective|p1a: Slowbro
|-damage|p1a: Slowbro|32/100
|-enditem|p1a: Slowbro|Assault Vest|[from] move: Knock Off|[of] p2a: Golisopod
|move|p1a: Slowbro|Shell Side Arm|p2a: Golisopod
|-damage|p2a: Golisopod|31/100
|-hint|Special Shell Side Arm
|-activate|p2a: Golisopod|ability: Emergency Exit
|
|t:|1602005917
|switch|p2a: Mamoswine|Mamoswine, F|100/100
|
|upkeep
|turn|5
|
|t:|1602005926
|move|p2a: Mamoswine|Knock Off|p1a: Slowbro
|-supereffective|p1a: Slowbro
|-damage|p1a: Slowbro|0 fnt
|-damage|p2a: Mamoswine|91/100|[from] item: Life Orb
|faint|p1a: Slowbro
|
|upkeep
|
|t:|1602005935
|switch|p1a: Keldeo|Keldeo-Resolute|100/100
|-damage|p1a: Keldeo|88/100|[from] Spikes
|turn|6
|
|t:|1602005947
|switch|p2a: Roserade|Roserade, F|96/100
|move|p1a: Keldeo|Air Slash|p2a: Roserade
|-supereffective|p2a: Roserade
|-damage|p2a: Roserade|0 fnt
|faint|p2a: Roserade
|
|upkeep
|inactive|Battle timer is ON: inactive players will automatically lose when time's up. (requested by Meow Tse Tung)
|c|☆467 11 11p|ik
|c|☆467 11 11p|you didnt not
|c|☆467 11 11p|just do that
|inactive|467 11 11p has 270 seconds left.
|
|t:|1602005983
|switch|p2a: Noivern|Noivern, M|100/100
|turn|7
|
|t:|1602006001
|move|p2a: Noivern|Hurricane|p1a: Keldeo
|-supereffective|p1a: Keldeo
|-damage|p1a: Keldeo|0 fnt
|faint|p1a: Keldeo
|
|upkeep
|
|t:|1602006008
|switch|p1a: Rotom|Rotom-Mow|100/100
|turn|8
|
|t:|1602006020
|move|p2a: Noivern|Hurricane|p1a: Rotom
|-damage|p1a: Rotom|37/100
|-start|p1a: Rotom|confusion
|-activate|p1a: Rotom|confusion
|move|p1a: Rotom|Volt Switch|p2a: Noivern
|-damage|p2a: Noivern|60/100
|
|t:|1602006028
|switch|p1a: Bisharp|Bisharp, F|100/100|[from]move: Volt Switch
|-damage|p1a: Bisharp|88/100|[from] Spikes
|
|upkeep
|turn|9
|
|t:|1602006049
|move|p1a: Bisharp|Knock Off|p2a: Noivern
|-damage|p2a: Noivern|0 fnt
|-enditem|p2a: Noivern|Heavy-Duty Boots|[from] move: Knock Off|[of] p1a: Bisharp
|faint|p2a: Noivern
|
|upkeep
|c|☆467 11 11p|im sorry
|
|t:|1602006063
|switch|p2a: Cobalion|Cobalion|100/100
|turn|10
|
|t:|1602006070
|switch|p1a: Mudsdale|Mudsdale, F|100/100
|-damage|p1a: Mudsdale|88/100|[from] Spikes
|move|p2a: Cobalion|Stealth Rock|p1a: Mudsdale
|-sidestart|p1: Meow Tse Tung|move: Stealth Rock
|
|-heal|p1a: Mudsdale|94/100|[from] item: Leftovers
|upkeep
|turn|11
|
|t:|1602006080
|switch|p2a: Golisopod|Golisopod, F|31/100
|move|p1a: Mudsdale|Stealth Rock|p2a: Golisopod
|-sidestart|p2: 467 11 11p|move: Stealth Rock
|
|-heal|p1a: Mudsdale|100/100|[from] item: Leftovers
|upkeep
|turn|12
|
|t:|1602006098
|move|p2a: Golisopod|First Impression|p1a: Mudsdale
|-damage|p1a: Mudsdale|67/100
|-ability|p1a: Mudsdale|Stamina|boost
|-boost|p1a: Mudsdale|def|1
|move|p1a: Mudsdale|Rock Slide|p2a: Golisopod|[miss]
|-miss|p1a: Mudsdale|p2a: Golisopod
|
|-heal|p1a: Mudsdale|74/100|[from] item: Leftovers
|upkeep
|turn|13
|c|☆Meow Tse Tung|ofc
|
|t:|1602006110
|move|p2a: Golisopod|Liquidation|p1a: Mudsdale
|-supereffective|p1a: Mudsdale
|-damage|p1a: Mudsdale|37/100
|-ability|p1a: Mudsdale|Stamina|boost
|-boost|p1a: Mudsdale|def|1
|move|p1a: Mudsdale|Rock Slide|p2a: Golisopod
|-supereffective|p2a: Golisopod
|-damage|p2a: Golisopod|3/100
|
|-heal|p1a: Mudsdale|44/100|[from] item: Leftovers
|upkeep
|turn|14
|inactive|467 11 11p has 270 seconds left.
|c|☆467 11 11p|crit
|
|t:|1602006140
|move|p2a: Golisopod|Liquidation|p1a: Mudsdale
|-supereffective|p1a: Mudsdale
|-damage|p1a: Mudsdale|14/100
|-ability|p1a: Mudsdale|Stamina|boost
|-boost|p1a: Mudsdale|def|1
|move|p1a: Mudsdale|Body Press|p2a: Golisopod
|-resisted|p2a: Golisopod
|-damage|p2a: Golisopod|0 fnt
|faint|p2a: Golisopod
|
|-heal|p1a: Mudsdale|20/100|[from] item: Leftovers
|upkeep
|
|t:|1602006158
|switch|p2a: Mamoswine|Mamoswine, F|91/100
|-damage|p2a: Mamoswine|78/100|[from] Stealth Rock
|turn|15
|c|☆467 11 11p|if this doesnt kill
|c|☆467 11 11p|mamoswine is unviable
|inactive|467 11 11p has 240 seconds left.
|
|t:|1602006180
|move|p2a: Mamoswine|Ice Shard|p1a: Mudsdale
|-supereffective|p1a: Mudsdale
|-damage|p1a: Mudsdale|5/100
|-ability|p1a: Mudsdale|Stamina|boost
|-boost|p1a: Mudsdale|def|1
|-damage|p2a: Mamoswine|68/100|[from] item: Life Orb
|move|p1a: Mudsdale|Body Press|p2a: Mamoswine
|-supereffective|p2a: Mamoswine
|-damage|p2a: Mamoswine|0 fnt
|faint|p2a: Mamoswine
|
|-heal|p1a: Mudsdale|11/100|[from] item: Leftovers
|upkeep
|inactive|467 11 11p has 240 seconds left.
|c|☆Meow Tse Tung|of course it doesnt
|c|☆Meow Tse Tung|and eq did more
|c|☆Meow Tse Tung|genius
|c|☆467 11 11p|shush
|
|t:|1602006203
|switch|p2a: Mimikyu|Mimikyu, M|100/100
|-damage|p2a: Mimikyu|88/100|[from] Stealth Rock
|turn|16
|inactive|467 11 11p has 210 seconds left.
|
|t:|1602006229
|move|p2a: Mimikyu|Play Rough|p1a: Mudsdale
|-damage|p1a: Mudsdale|2/100
|-ability|p1a: Mudsdale|Stamina|boost
|-boost|p1a: Mudsdale|def|1
|-damage|p2a: Mimikyu|78/100|[from] item: Life Orb
|move|p1a: Mudsdale|Earthquake|p2a: Mimikyu
|-activate|p2a: Mimikyu|ability: Disguise
|-damage|p2a: Mimikyu|78/100
|detailschange|p2a: Mimikyu|Mimikyu-Busted, M
|-damage|p2a: Mimikyu|66/100|[from] pokemon: Mimikyu-Busted
|
|-heal|p1a: Mudsdale|8/100|[from] item: Leftovers
|upkeep
|turn|17
|inactive|467 11 11p has 210 seconds left.
|c|☆467 11 11p|HELLO
|
|t:|1602006263
|move|p2a: Mimikyu|Play Rough|p1a: Mudsdale
|-damage|p1a: Mudsdale|0 fnt
|-damage|p2a: Mimikyu|56/100|[from] item: Life Orb
|faint|p1a: Mudsdale
|
|upkeep
|inactive|Meow Tse Tung has 270 seconds left.
|
|t:|1602006305
|switch|p1a: Bisharp|Bisharp, F|88/100
|-damage|p1a: Bisharp|76/100|[from] Spikes
|-damage|p1a: Bisharp|70/100|[from] Stealth Rock
|turn|18
|
|t:|1602006326
|move|p1a: Bisharp|Knock Off|p2a: Mimikyu
|-damage|p2a: Mimikyu|0 fnt
|-enditem|p2a: Mimikyu|Life Orb|[from] move: Knock Off|[of] p1a: Bisharp
|faint|p2a: Mimikyu
|
|upkeep
|inactive|467 11 11p has 180 seconds left.
|
|t:|1602006336
|switch|p2a: Cobalion|Cobalion|100/100
|-damage|p2a: Cobalion|97/100|[from] Stealth Rock
|turn|19
|
|t:|1602006342
|switch|p1a: Rotom|Rotom-Mow|37/100
|-damage|p1a: Rotom|24/100|[from] Stealth Rock
|move|p2a: Cobalion|Iron Head|p1a: Rotom
|-resisted|p1a: Rotom
|-crit|p1a: Rotom
|-damage|p1a: Rotom|0 fnt
|faint|p1a: Rotom
|
|upkeep
|
|t:|1602006347
|switch|p1a: Bisharp|Bisharp, F|70/100
|-damage|p1a: Bisharp|64/100|[from] Stealth Rock
|-damage|p1a: Bisharp|52/100|[from] Spikes
|turn|20
|c|☆467 11 11p|are you
|c|☆467 11 11p|low kick
|c|☆Meow Tse Tung|yes
|
|t:|1602006367
|move|p1a: Bisharp|Low Kick|p2a: Cobalion
|-supereffective|p2a: Cobalion
|-damage|p2a: Cobalion|31/100
|move|p2a: Cobalion|Close Combat|p1a: Bisharp
|-supereffective|p1a: Bisharp
|-damage|p1a: Bisharp|0 fnt
|-unboost|p2a: Cobalion|def|1
|-unboost|p2a: Cobalion|spd|1
|faint|p1a: Bisharp
|
|upkeep
|
|t:|1602006369
|switch|p1a: Mimikyu|Mimikyu, F|100/100
|-damage|p1a: Mimikyu|88/100|[from] Stealth Rock
|-damage|p1a: Mimikyu|76/100|[from] Spikes
|turn|21
|c|☆467 11 11p|flinch or misclick rn
|
|t:|1602006382
|move|p1a: Mimikyu|Shadow Sneak|p2a: Cobalion
|-damage|p2a: Cobalion|3/100
|-damage|p1a: Mimikyu|66/100|[from] item: Life Orb
|move|p2a: Cobalion|Iron Head|p1a: Mimikyu
|-activate|p1a: Mimikyu|ability: Disguise
|-damage|p1a: Mimikyu|66/100
|detailschange|p1a: Mimikyu|Mimikyu-Busted, F
|-damage|p1a: Mimikyu|53/100|[from] pokemon: Mimikyu-Busted
|
|upkeep
|turn|22
|j| Solonor24
|
|t:|1602006392
|move|p1a: Mimikyu|Shadow Sneak|p2a: Cobalion
|-damage|p2a: Cobalion|0 fnt
|-damage|p1a: Mimikyu|44/100|[from] item: Life Orb
|faint|p2a: Cobalion
|
|win|Meow Tse Tung
|l| Solonor24
|c|☆Meow Tse Tung|3-1
|c|☆467 11 11p|ggs
|c|☆Meow Tse Tung|gg
|c|☆467 11 11p|3-1
