|j|☆there is a moment
|j|☆GryphonEx
|t:|1666572560
|gametype|singles
|player|p1|there is a moment|101|1401
|player|p2|GryphonEx|gardenia|1585
|teamsize|p1|6
|teamsize|p2|6
|gen|8
|tier|[Gen 8] UU
|rated|
|rule|Sleep Clause Mod: Limit one foe put to sleep
|rule|Species Clause: Limit one of each Pokémon
|rule|OHKO Clause: OHKO moves are banned
|rule|Evasion Items Clause: Evasion items are banned
|rule|Evasion Moves Clause: Evasion moves are banned
|rule|Endless Battle Clause: Forcing endless battles is banned
|rule|HP Percentage Mod: HP is shown in percentages
|rule|Dynamax Clause: You cannot dynamax
|clearpoke
|poke|p1|Mamoswine, F|
|poke|p1|Hydreigon, F|
|poke|p1|Scizor, M|
|poke|p1|Azumarill, M|
|poke|p1|Venusaur, M|
|poke|p1|Conkeldurr, M|
|poke|p2|Hydreigon, M|
|poke|p2|Crawdaunt, F|
|poke|p2|Zarude|
|poke|p2|Salamence, M|
|poke|p2|Chansey, F|
|poke|p2|Corsola-Galar, F|
|teampreview
|inactive|Battle timer is ON: inactive players will automatically lose when time's up. (requested by there is a moment)
|c|☆there is a moment|hf
|
|t:|1666572569
|start
|switch|p1a: Conkeldurr|Conkeldurr, M|100/100
|switch|p2a: If you switch conk|Corsola-Galar, F|100/100
|turn|1
|
|t:|1666572572
|switch|p1a: Venusaur|Venusaur, M|100/100
|switch|p2a: r|Salamence, M|100/100
|-ability|p2a: r|Intimidate|boost
|-unboost|p1a: Venusaur|atk|1
|
|upkeep
|turn|2
|
|t:|1666572575
|switch|p1a: Azumarill|Azumarill, M|100/100
|move|p2a: r|Flamethrower|p1a: Azumarill
|-resisted|p1a: Azumarill
|-damage|p1a: Azumarill|88/100
|
|upkeep
|turn|3
|
|t:|1666572578
|move|p2a: r|Toxic|p1a: Azumarill
|-status|p1a: Azumarill|tox
|move|p1a: Azumarill|Play Rough|p2a: r
|-supereffective|p2a: r
|-damage|p2a: r|0 fnt
|faint|p2a: r
|
|-damage|p1a: Azumarill|82/100 tox|[from] psn
|upkeep
|
|t:|1666572586
|switch|p2a: If you switch conk|Corsola-Galar, F|100/100
|turn|4
|
|t:|1666572588
|switch|p1a: Venusaur|Venusaur, M|100/100
|move|p2a: If you switch conk|Stealth Rock|p1a: Venusaur
|-sidestart|p1: there is a moment|move: Stealth Rock
|
|upkeep
|turn|5
|
|t:|1666572592
|move|p1a: Venusaur|Sludge Bomb|p2a: If you switch conk
|-resisted|p2a: If you switch conk
|-damage|p2a: If you switch conk|85/100
|-status|p2a: If you switch conk|psn
|move|p2a: If you switch conk|Will-O-Wisp|p1a: Venusaur|[miss]
|-miss|p2a: If you switch conk|p1a: Venusaur
|
|-damage|p2a: If you switch conk|72/100 psn|[from] psn
|upkeep
|turn|6
|
|t:|1666572594
|move|p1a: Venusaur|Sludge Bomb|p2a: If you switch conk
|-resisted|p2a: If you switch conk
|-damage|p2a: If you switch conk|55/100 psn
|move|p2a: If you switch conk|Strength Sap|p1a: Venusaur
|-unboost|p1a: Venusaur|atk|1
|-heal|p2a: If you switch conk|100/100 psn
|
|-damage|p2a: If you switch conk|88/100 psn|[from] psn
|upkeep
|turn|7
|
|t:|1666572597
|switch|p1a: Hydreigon|Hydreigon, F|100/100
|-damage|p1a: Hydreigon|88/100|[from] Stealth Rock
|switch|p2a: Corsola-Kanye|Chansey, F|100/100
|
|upkeep
|turn|8
|
|t:|1666572601
|move|p1a: Hydreigon|U-turn|p2a: Corsola-Kanye
|-damage|p2a: Corsola-Kanye|90/100
|
|t:|1666572602
|switch|p1a: Conkeldurr|Conkeldurr, M|100/100|[from]move: U-turn
|-damage|p1a: Conkeldurr|95/100|[from] Stealth Rock
|move|p2a: Corsola-Kanye|Teleport|p2a: Corsola-Kanye
|
|t:|1666572608
|switch|p2a: Gateskeeper|Hydreigon, M|100/100|[from]move: Teleport
|
|upkeep
|turn|9
|
|t:|1666572609
|move|p1a: Conkeldurr|Mach Punch|p2a: Gateskeeper
|-supereffective|p2a: Gateskeeper
|-damage|p2a: Gateskeeper|0 fnt
|faint|p2a: Gateskeeper
|
|upkeep
|
|t:|1666572617
|switch|p2a: If you switch conk|Corsola-Galar, F|88/100 psn
|turn|10
|
|t:|1666572619
|switch|p1a: Hydreigon|Hydreigon, F|88/100
|-damage|p1a: Hydreigon|76/100|[from] Stealth Rock
|move|p2a: If you switch conk|Will-O-Wisp|p1a: Hydreigon|[miss]
|-miss|p2a: If you switch conk|p1a: Hydreigon
|
|-damage|p2a: If you switch conk|76/100 psn|[from] psn
|upkeep
|turn|11
|
|t:|1666572621
|move|p1a: Hydreigon|Dark Pulse|p2a: If you switch conk
|-supereffective|p2a: If you switch conk
|-damage|p2a: If you switch conk|9/100 psn
|cant|p2a: If you switch conk|flinch
|
|-damage|p2a: If you switch conk|0 fnt|[from] psn
|faint|p2a: If you switch conk
|upkeep
|
|t:|1666572627
|switch|p2a: Plastic popper|Zarude|100/100
|turn|12
|
|t:|1666572629
|move|p2a: Plastic popper|U-turn|p1a: Hydreigon
|-supereffective|p1a: Hydreigon
|-damage|p1a: Hydreigon|11/100
|
|t:|1666572631
|switch|p2a: Corsola-Kanye|Chansey, F|90/100|[from]move: U-turn
|move|p1a: Hydreigon|Dark Pulse|p2a: Corsola-Kanye
|-damage|p2a: Corsola-Kanye|70/100
|
|upkeep
|turn|13
|
|t:|1666572633
|switch|p1a: Conkeldurr|Conkeldurr, M|95/100
|-damage|p1a: Conkeldurr|89/100|[from] Stealth Rock
|move|p2a: Corsola-Kanye|Thunder Wave|p1a: Conkeldurr
|-status|p1a: Conkeldurr|par
|
|upkeep
|turn|14
|
|t:|1666572639
|move|p1a: Conkeldurr|Drain Punch|p2a: Corsola-Kanye
|-supereffective|p2a: Corsola-Kanye
|-damage|p2a: Corsola-Kanye|0 fnt
|-heal|p1a: Conkeldurr|100/100 par|[from] drain|[of] p2a: Corsola-Kanye
|faint|p2a: Corsola-Kanye
|
|upkeep
|
|t:|1666572642
|switch|p2a: Diggs W|Crawdaunt, F|100/100
|turn|15
|
|t:|1666572645
|move|p2a: Diggs W|Crabhammer|p1a: Conkeldurr
|-damage|p1a: Conkeldurr|0 fnt
|faint|p1a: Conkeldurr
|
|upkeep
|
|t:|1666572645
|switch|p1a: Venusaur|Venusaur, M|100/100
|-damage|p1a: Venusaur|88/100|[from] Stealth Rock
|turn|16
|
|t:|1666572648
|switch|p2a: Plastic popper|Zarude|100/100
|move|p1a: Venusaur|Sludge Bomb|p2a: Plastic popper
|-supereffective|p2a: Plastic popper
|-damage|p2a: Plastic popper|0 fnt
|faint|p2a: Plastic popper
|
|upkeep
|
|t:|1666572650
|switch|p2a: Diggs W|Crawdaunt, F|100/100
|turn|17
|
|t:|1666572652
|switch|p1a: Azumarill|Azumarill, M|82/100 tox
|-damage|p1a: Azumarill|70/100 tox|[from] Stealth Rock
|move|p2a: Diggs W|Knock Off|p1a: Azumarill
|-resisted|p1a: Azumarill
|-damage|p1a: Azumarill|18/100 tox
|-enditem|p1a: Azumarill|Choice Band|[from] move: Knock Off|[of] p2a: Diggs W
|
|-damage|p1a: Azumarill|12/100 tox|[from] psn
|upkeep
|turn|18
|
|t:|1666572654
|move|p1a: Azumarill|Aqua Jet|p2a: Diggs W
|-resisted|p2a: Diggs W
|-damage|p2a: Diggs W|80/100
|move|p2a: Diggs W|Knock Off|p1a: Azumarill
|-resisted|p1a: Azumarill
|-damage|p1a: Azumarill|0 fnt
|faint|p1a: Azumarill
|
|upkeep
|
|t:|1666572654
|switch|p1a: Hydreigon|Hydreigon, F|11/100
|-damage|p1a: Hydreigon|0 fnt|[from] Stealth Rock
|faint|p1a: Hydreigon
|
|t:|1666572655
|switch|p1a: Venusaur|Venusaur, M|88/100
|-damage|p1a: Venusaur|76/100|[from] Stealth Rock
|turn|19
|
|t:|1666572656
|switch|p1a: Mamoswine|Mamoswine, F|100/100
|-damage|p1a: Mamoswine|88/100|[from] Stealth Rock
|move|p2a: Diggs W|Knock Off|p1a: Mamoswine
|-damage|p1a: Mamoswine|0 fnt
|-enditem|p1a: Mamoswine|Choice Band|[from] move: Knock Off|[of] p2a: Diggs W
|faint|p1a: Mamoswine
|
|upkeep
|
|t:|1666572656
|switch|p1a: Venusaur|Venusaur, M|76/100
|-damage|p1a: Venusaur|64/100|[from] Stealth Rock
|turn|20
|
|t:|1666572657
|move|p2a: Diggs W|Knock Off|p1a: Venusaur
|-damage|p1a: Venusaur|0 fnt
|-enditem|p1a: Venusaur|Choice Specs|[from] move: Knock Off|[of] p2a: Diggs W
|faint|p1a: Venusaur
|
|upkeep
|
|t:|1666572658
|switch|p1a: Scizor|Scizor, M|100/100
|-damage|p1a: Scizor|88/100|[from] Stealth Rock
|turn|21
|
|t:|1666572659
|move|p1a: Scizor|Bullet Punch|p2a: Diggs W
|-resisted|p2a: Diggs W
|-damage|p2a: Diggs W|45/100
|move|p2a: Diggs W|Knock Off|p1a: Scizor
|-crit|p1a: Scizor
|-damage|p1a: Scizor|0 fnt
|-enditem|p1a: Scizor|Choice Band|[from] move: Knock Off|[of] p2a: Diggs W
|faint|p1a: Scizor
|
|win|GryphonEx
|raw|there is a moment's rating: 1401 &rarr; <strong>1391</strong><br />(-10 for losing)
|raw|GryphonEx's rating: 1585 &rarr; <strong>1595</strong><br />(+10 for winning)
|c|☆there is a moment|gg
|c|☆GryphonEx|gg
||Ladder isn't responding, score probably updated but might not have (Request timeout).
|l|☆there is a moment
