|j|☆alenpa
|j|☆Romag
|t:|1602535442
|player|p1|alenpa|gambler|1395
|player|p2|Romag|lance|1398
|teamsize|p1|6
|teamsize|p2|6
|gametype|singles
|gen|8
|tier|[Gen 8] UU
|rated|
|clearpoke
|poke|p1|Golurk|
|poke|p1|Zarude|
|poke|p1|Tentacruel, F|
|poke|p1|Roserade, F|
|poke|p1|Sharpedo, M|
|poke|p1|Necrozma|
|poke|p2|Slowbro-Galar, F|
|poke|p2|Grimmsnarl, M|
|poke|p2|Flygon, F|
|poke|p2|Keldeo-Resolute|
|poke|p2|Rotom-Wash|
|poke|p2|Cobalion|
|rule|Sleep Clause Mod: Limit one foe put to sleep
|rule|Species Clause: Limit one of each Pokémon
|rule|OHKO Clause: OHKO moves are banned
|rule|Evasion Moves Clause: Evasion moves are banned
|rule|Endless Battle Clause: Forcing endless battles is banned
|rule|HP Percentage Mod: HP is shown in percentages
|rule|Dynamax Clause: You cannot dynamax
|teampreview
|
|t:|1602535474
|start
|switch|p1a: Necrozma|Necrozma|100/100
|switch|p2a: Keldeo|Keldeo-Resolute|100/100
|turn|1
|
|t:|1602535492
|move|p2a: Keldeo|Surf|p1a: Necrozma
|-damage|p1a: Necrozma|49/100
|move|p1a: Necrozma|Stealth Rock|p2a: Keldeo
|-sidestart|p2: Romag|move: Stealth Rock
|
|upkeep
|turn|2
|
|t:|1602535501
|switch|p1a: Roserade|Roserade, F|100/100
|move|p2a: Keldeo|Surf|p1a: Roserade
|-resisted|p1a: Roserade
|-damage|p1a: Roserade|69/100
|
|-heal|p1a: Roserade|76/100|[from] item: Black Sludge
|upkeep
|turn|3
|
|t:|1602535529
|move|p2a: Keldeo|Taunt|p1a: Roserade
|-start|p1a: Roserade|move: Taunt
|move|p1a: Roserade|Giga Drain|p2a: Keldeo
|-supereffective|p2a: Keldeo
|-damage|p2a: Keldeo|11/100
|-heal|p1a: Roserade|100/100|[from] drain|[of] p2a: Keldeo
|
|-heal|p2a: Keldeo|17/100|[from] item: Leftovers
|upkeep
|turn|4
|
|t:|1602535538
|switch|p2a: Cobalion|Cobalion|100/100
|-damage|p2a: Cobalion|97/100|[from] Stealth Rock
|move|p1a: Roserade|Giga Drain|p2a: Cobalion
|-resisted|p2a: Cobalion
|-damage|p2a: Cobalion|70/100
|
|upkeep
|turn|5
|
|t:|1602535551
|switch|p1a: Tentacruel|Tentacruel, F|100/100
|move|p2a: Cobalion|Stealth Rock|p1a: Tentacruel
|-sidestart|p1: alenpa|move: Stealth Rock
|
|upkeep
|turn|6
|
|t:|1602535558
|move|p2a: Cobalion|Volt Switch|p1a: Tentacruel
|-supereffective|p1a: Tentacruel
|-damage|p1a: Tentacruel|78/100
|
|t:|1602535562
|switch|p2a: Slowbro|Slowbro-Galar, F|100/100|[from]move: Volt Switch
|-damage|p2a: Slowbro|88/100|[from] Stealth Rock
|move|p1a: Tentacruel|Rapid Spin|p2a: Slowbro
|-damage|p2a: Slowbro|82/100
|-boost|p1a: Tentacruel|spe|1
|-sideend|p1: alenpa|Stealth Rock|[from] move: Rapid Spin|[of] p1a: Tentacruel
|
|-heal|p1a: Tentacruel|84/100|[from] item: Black Sludge
|upkeep
|turn|7
|
|t:|1602535573
|switch|p1a: Necrozma|Necrozma|49/100
|move|p2a: Slowbro|Nasty Plot|p2a: Slowbro
|-boost|p2a: Slowbro|spa|2
|
|upkeep
|turn|8
|
|t:|1602535581
|move|p1a: Necrozma|Photon Geyser|p2a: Slowbro
|-damage|p2a: Slowbro|18/100
|move|p2a: Slowbro|Sludge Wave|p1a: Necrozma
|-damage|p1a: Necrozma|0 fnt
|faint|p1a: Necrozma
|
|upkeep
|
|t:|1602535607
|switch|p1a: Roserade|Roserade, F|100/100
|turn|9
|-activate|p2a: Slowbro|ability: Quick Draw
|
|t:|1602535613
|move|p2a: Slowbro|Flamethrower|p1a: Roserade
|-supereffective|p1a: Roserade
|-damage|p1a: Roserade|0 fnt
|faint|p1a: Roserade
|
|upkeep
|
|t:|1602535620
|switch|p1a: Zarude|Zarude|100/100
|turn|10
|-activate|p2a: Slowbro|item: Quick Claw
|
|t:|1602535624
|move|p2a: Slowbro|Sludge Wave|p1a: Zarude
|-supereffective|p1a: Zarude
|-damage|p1a: Zarude|0 fnt
|faint|p1a: Zarude
|
|upkeep
|
|t:|1602535631
|switch|p1a: Sharpedo|Sharpedo, M|100/100
|turn|11
|-activate|p2a: Slowbro|ability: Quick Draw
|
|t:|1602535635
|move|p2a: Slowbro|Sludge Wave|p1a: Sharpedo
|-damage|p1a: Sharpedo|0 fnt
|faint|p1a: Sharpedo
|
|upkeep
|
|t:|1602535638
|switch|p1a: Tentacruel|Tentacruel, F|84/100
|turn|12
|
|t:|1602535645
|move|p1a: Tentacruel|Scald|p2a: Slowbro
|-damage|p2a: Slowbro|0 fnt
|faint|p2a: Slowbro
|
|-heal|p1a: Tentacruel|90/100|[from] item: Black Sludge
|upkeep
|
|t:|1602535651
|switch|p2a: Flygon|Flygon, F|100/100
|-damage|p2a: Flygon|95/100|[from] Stealth Rock
|turn|13
|
|t:|1602535656
|move|p2a: Flygon|Earthquake|p1a: Tentacruel
|-supereffective|p1a: Tentacruel
|-damage|p1a: Tentacruel|0 fnt
|faint|p1a: Tentacruel
|
|upkeep
|
|t:|1602535658
|switch|p1a: Golurk|Golurk|100/100
|turn|14
|
|t:|1602535661
|move|p2a: Flygon|Earthquake|p1a: Golurk
|-damage|p1a: Golurk|41/100
|move|p1a: Golurk|Rock Polish|p1a: Golurk
|-boost|p1a: Golurk|spe|2
|
|upkeep
|turn|15
|
|t:|1602535667
|move|p2a: Flygon|Earthquake|p1a: Golurk
|-damage|p1a: Golurk|0 fnt
|faint|p1a: Golurk
|
|win|Romag
|l|☆alenpa
|raw|alenpa's rating: 1387 &rarr; <strong>1368</strong><br />(-19 for losing)
|raw|Romag's rating: 1398 &rarr; <strong>1417</strong><br />(+19 for winning)
