|j|☆jmacks43
|j|☆d01ph1ne
|t:|1663348984
|gametype|singles
|player|p1|jmacks43|102|1302
|player|p2|d01ph1ne|2|1622
|teamsize|p1|6
|teamsize|p2|6
|gen|8
|tier|[Gen 8] UU
|rated|
|rule|Sleep Clause Mod: Limit one foe put to sleep
|rule|Species Clause: Limit one of each Pokémon
|rule|OHKO Clause: OHKO moves are banned
|rule|Evasion Items Clause: Evasion items are banned
|rule|Evasion Moves Clause: Evasion moves are banned
|rule|Endless Battle Clause: Forcing endless battles is banned
|rule|HP Percentage Mod: HP is shown in percentages
|rule|Dynamax Clause: You cannot dynamax
|clearpoke
|poke|p1|Chansey, F|
|poke|p1|Tangrowth, F|
|poke|p1|Azelf|
|poke|p1|Scizor, M|
|poke|p1|Marowak-Alola, M|
|poke|p1|Rotom-Wash|
|poke|p2|Hippowdon, M|
|poke|p2|Raikou|
|poke|p2|Mandibuzz, F|
|poke|p2|Amoonguss, M|
|poke|p2|Scizor, F|
|poke|p2|Keldeo-Resolute|
|teampreview
|inactive|Battle timer is ON: inactive players will automatically lose when time's up. (requested by jmacks43)
|c|☆jmacks43|Glhf
|inactive|d01ph1ne has 120 seconds left.
|c|☆d01ph1ne|hf
|
|t:|1663349044
|start
|switch|p1a: Rotom|Rotom-Wash|100/100
|switch|p2a: Mandibuzz|Mandibuzz, F|100/100
|turn|1
|
|t:|1663349049
|move|p1a: Rotom|Trick|p2a: Mandibuzz
|-activate|p1a: Rotom|move: Trick|[of] p2a: Mandibuzz
|-item|p2a: Mandibuzz|Choice Scarf|[from] move: Trick
|-item|p1a: Rotom|Heavy-Duty Boots|[from] move: Trick
|move|p2a: Mandibuzz|U-turn|p1a: Rotom
|-damage|p1a: Rotom|84/100
|
|t:|1663349054
|switch|p2a: Raikou|Raikou|100/100|[from]move: U-turn
|
|upkeep
|turn|2
|
|t:|1663349066
|move|p2a: Raikou|Volt Switch|p1a: Rotom
|-damage|p1a: Rotom|42/100
|
|t:|1663349071
|switch|p2a: Amoonguss|Amoonguss, M|100/100|[from]move: Volt Switch
|move|p1a: Rotom|Volt Switch|p2a: Amoonguss
|-resisted|p2a: Amoonguss
|-damage|p2a: Amoonguss|88/100
|
|t:|1663349077
|switch|p1a: Marowak|Marowak-Alola, M|100/100|[from]move: Volt Switch
|
|-heal|p2a: Amoonguss|94/100|[from] item: Black Sludge
|upkeep
|turn|3
|
|t:|1663349083
|switch|p2a: Mandibuzz|Mandibuzz, F|100/100
|move|p1a: Marowak|Substitute|p1a: Marowak
|-start|p1a: Marowak|Substitute
|-damage|p1a: Marowak|76/100
|
|upkeep
|turn|4
|
|t:|1663349086
|move|p2a: Mandibuzz|Foul Play|p1a: Marowak
|-supereffective|p1a: Marowak
|-end|p1a: Marowak|Substitute
|move|p1a: Marowak|Flare Blitz|p2a: Mandibuzz
|-damage|p2a: Mandibuzz|42/100
|
|upkeep
|turn|5
|
|t:|1663349096
|switch|p1a: Tangrowth|Tangrowth, F|100/100
|move|p2a: Mandibuzz|Foul Play|p1a: Tangrowth
|-damage|p1a: Tangrowth|83/100
|-damage|p2a: Mandibuzz|25/100|[from] item: Rocky Helmet|[of] p1a: Tangrowth
|
|upkeep
|turn|6
|
|t:|1663349105
|switch|p2a: Scizor|Scizor, F|100/100
|move|p1a: Tangrowth|Toxic|p2a: Scizor
|-immune|p2a: Scizor
|
|upkeep
|turn|7
|
|t:|1663349113
|move|p2a: Scizor|Knock Off|p1a: Tangrowth
|-damage|p1a: Tangrowth|68/100
|-damage|p2a: Scizor|84/100|[from] item: Rocky Helmet|[of] p1a: Tangrowth
|-enditem|p1a: Tangrowth|Rocky Helmet|[from] move: Knock Off|[of] p2a: Scizor
|move|p1a: Tangrowth|Synthesis|p1a: Tangrowth
|-heal|p1a: Tangrowth|100/100
|
|upkeep
|turn|8
|
|t:|1663349119
|move|p2a: Scizor|Swords Dance|p2a: Scizor
|-boost|p2a: Scizor|atk|2
|move|p1a: Tangrowth|Knock Off|p2a: Scizor
|-damage|p2a: Scizor|65/100
|-enditem|p2a: Scizor|Safety Goggles|[from] move: Knock Off|[of] p1a: Tangrowth
|
|upkeep
|turn|9
|
|t:|1663349132
|switch|p1a: Marowak|Marowak-Alola, M|76/100
|move|p2a: Scizor|Swords Dance|p2a: Scizor
|-boost|p2a: Scizor|atk|2
|
|upkeep
|turn|10
|
|t:|1663349138
|move|p1a: Marowak|Flare Blitz|p2a: Scizor
|-supereffective|p2a: Scizor
|-damage|p2a: Scizor|0 fnt
|faint|p2a: Scizor
|
|upkeep
|c|☆d01ph1ne|o
|c|☆d01ph1ne|fast
|
|t:|1663349149
|switch|p2a: Mandibuzz|Mandibuzz, F|25/100
|turn|11
|c|☆jmacks43|Jolly maro gets a lot of surprise kills
|
|t:|1663349170
|switch|p1a: Tangrowth|Tangrowth, F|100/100
|move|p2a: Mandibuzz|U-turn|p1a: Tangrowth
|-supereffective|p1a: Tangrowth
|-damage|p1a: Tangrowth|88/100
|
|t:|1663349176
|switch|p2a: Amoonguss|Amoonguss, M|100/100|[from]move: U-turn
|
|upkeep
|turn|12
|
|t:|1663349187
|switch|p1a: Chansey|Chansey, F|100/100
|move|p2a: Amoonguss|Sludge Bomb|p1a: Chansey
|-damage|p1a: Chansey|94/100
|
|upkeep
|turn|13
|
|t:|1663349193
|switch|p2a: Hippowdon|Hippowdon, M|100/100
|-weather|Sandstorm|[from] ability: Sand Stream|[of] p2a: Hippowdon
|move|p1a: Chansey|Teleport|p1a: Chansey
|
|t:|1663349201
|switch|p1a: Rotom|Rotom-Wash|42/100|[from]move: Teleport
|
|-weather|Sandstorm|[upkeep]
|-damage|p1a: Rotom|36/100|[from] Sandstorm
|upkeep
|turn|14
|
|t:|1663349206
|switch|p2a: Amoonguss|Amoonguss, M|100/100
|move|p1a: Rotom|Hydro Pump|p2a: Amoonguss
|-resisted|p2a: Amoonguss
|-damage|p2a: Amoonguss|81/100
|
|-weather|Sandstorm|[upkeep]
|-damage|p1a: Rotom|30/100|[from] Sandstorm
|-damage|p2a: Amoonguss|74/100|[from] Sandstorm
|-heal|p2a: Amoonguss|81/100|[from] item: Black Sludge
|upkeep
|turn|15
|
|t:|1663349213
|move|p1a: Rotom|Volt Switch|p2a: Amoonguss
|-resisted|p2a: Amoonguss
|-damage|p2a: Amoonguss|66/100
|
|t:|1663349216
|switch|p1a: Chansey|Chansey, F|94/100|[from]move: Volt Switch
|move|p2a: Amoonguss|Sludge Bomb|p1a: Chansey
|-damage|p1a: Chansey|87/100
|-status|p1a: Chansey|psn
|
|-weather|Sandstorm|[upkeep]
|-damage|p1a: Chansey|81/100 psn|[from] Sandstorm
|-damage|p2a: Amoonguss|60/100|[from] Sandstorm
|-heal|p2a: Amoonguss|66/100|[from] item: Black Sludge
|-damage|p1a: Chansey|69/100 psn|[from] psn
|upkeep
|turn|16
|
|t:|1663349220
|switch|p2a: Hippowdon|Hippowdon, M|100/100
|move|p1a: Chansey|Stealth Rock|p2a: Hippowdon
|-sidestart|p2: d01ph1ne|move: Stealth Rock
|
|-weather|Sandstorm|[upkeep]
|-damage|p1a: Chansey|62/100 psn|[from] Sandstorm
|-damage|p1a: Chansey|50/100 psn|[from] psn
|upkeep
|turn|17
|
|t:|1663349226
|move|p2a: Hippowdon|Stealth Rock|p1a: Chansey
|-sidestart|p1: jmacks43|move: Stealth Rock
|move|p1a: Chansey|Teleport|p1a: Chansey
|
|t:|1663349232
|-curestatus|p1a: Chansey|psn|[from] ability: Natural Cure
|switch|p1a: Tangrowth|Tangrowth, F|100/100|[from]move: Teleport
|-damage|p1a: Tangrowth|88/100|[from] Stealth Rock
|
|-weather|none
|upkeep
|turn|18
|
|t:|1663349238
|move|p1a: Tangrowth|Knock Off|p2a: Hippowdon
|-damage|p2a: Hippowdon|86/100
|-damage|p1a: Tangrowth|72/100|[from] item: Rocky Helmet|[of] p2a: Hippowdon
|-enditem|p2a: Hippowdon|Rocky Helmet|[from] move: Knock Off|[of] p1a: Tangrowth
|move|p2a: Hippowdon|Toxic|p1a: Tangrowth
|-status|p1a: Tangrowth|tox
|
|-damage|p1a: Tangrowth|65/100 tox|[from] psn
|upkeep
|turn|19
|
|t:|1663349247
|switch|p2a: Amoonguss|Amoonguss, M|99/100
|-damage|p2a: Amoonguss|87/100|[from] Stealth Rock
|move|p1a: Tangrowth|Power Whip|p2a: Amoonguss
|-resisted|p2a: Amoonguss
|-damage|p2a: Amoonguss|80/100
|
|-heal|p2a: Amoonguss|86/100|[from] item: Black Sludge
|-damage|p1a: Tangrowth|53/100 tox|[from] psn
|upkeep
|turn|20
|
|t:|1663349258
|switch|p1a: Scizor|Scizor, M|100/100
|-damage|p1a: Scizor|88/100|[from] Stealth Rock
|move|p2a: Amoonguss|Sludge Bomb|p1a: Scizor
|-immune|p1a: Scizor
|
|-heal|p2a: Amoonguss|92/100|[from] item: Black Sludge
|upkeep
|turn|21
|
|t:|1663349264
|move|p1a: Scizor|Dual Wingbeat|p2a: Amoonguss
|-supereffective|p2a: Amoonguss
|-damage|p2a: Amoonguss|36/100
|-supereffective|p2a: Amoonguss
|-damage|p2a: Amoonguss|0 fnt
|faint|p2a: Amoonguss
|-hitcount|p2: Amoonguss|2
|
|upkeep
|
|t:|1663349280
|switch|p2a: Raikou|Raikou|100/100
|turn|22
|
|t:|1663349283
|switch|p1a: Chansey|Chansey, F|50/100
|-damage|p1a: Chansey|37/100|[from] Stealth Rock
|move|p2a: Raikou|Thunderbolt|p1a: Chansey
|-damage|p1a: Chansey|27/100
|
|upkeep
|turn|23
|
|t:|1663349286
|move|p2a: Raikou|Aura Sphere|p1a: Chansey
|-supereffective|p1a: Chansey
|-damage|p1a: Chansey|16/100
|move|p1a: Chansey|Soft-Boiled|p1a: Chansey
|-heal|p1a: Chansey|66/100
|
|upkeep
|turn|24
|
|t:|1663349291
|move|p2a: Raikou|Volt Switch|p1a: Chansey
|-damage|p1a: Chansey|57/100
|
|t:|1663349292
|switch|p2a: Hippowdon|Hippowdon, M|86/100|[from]move: Volt Switch
|-damage|p2a: Hippowdon|80/100|[from] Stealth Rock
|-weather|Sandstorm|[from] ability: Sand Stream|[of] p2a: Hippowdon
|move|p1a: Chansey|Seismic Toss|p2a: Hippowdon
|-damage|p2a: Hippowdon|56/100
|
|-weather|Sandstorm|[upkeep]
|-damage|p1a: Chansey|51/100|[from] Sandstorm
|upkeep
|turn|25
|
|t:|1663349300
|move|p2a: Hippowdon|Slack Off|p2a: Hippowdon
|-heal|p2a: Hippowdon|100/100
|move|p1a: Chansey|Soft-Boiled|p1a: Chansey
|-heal|p1a: Chansey|100/100
|
|-weather|Sandstorm|[upkeep]
|-damage|p1a: Chansey|94/100|[from] Sandstorm
|upkeep
|turn|26
|
|t:|1663349304
|move|p2a: Hippowdon|Earthquake|p1a: Chansey
|-damage|p1a: Chansey|36/100
|move|p1a: Chansey|Teleport|p1a: Chansey
|
|t:|1663349310
|switch|p1a: Scizor|Scizor, M|88/100|[from]move: Teleport
|-damage|p1a: Scizor|76/100|[from] Stealth Rock
|
|-weather|Sandstorm|[upkeep]
|upkeep
|turn|27
|
|t:|1663349316
|move|p1a: Scizor|U-turn|p2a: Hippowdon
|-damage|p2a: Hippowdon|62/100
|
|t:|1663349319
|switch|p1a: Tangrowth|Tangrowth, F|86/100 tox|[from]move: U-turn
|-damage|p1a: Tangrowth|74/100 tox|[from] Stealth Rock
|move|p2a: Hippowdon|Earthquake|p1a: Tangrowth
|-resisted|p1a: Tangrowth
|-damage|p1a: Tangrowth|63/100 tox
|
|-weather|Sandstorm|[upkeep]
|-damage|p1a: Tangrowth|57/100 tox|[from] Sandstorm
|-damage|p1a: Tangrowth|51/100 tox|[from] psn
|upkeep
|turn|28
|
|t:|1663349326
|move|p1a: Tangrowth|Synthesis|p1a: Tangrowth
|-heal|p1a: Tangrowth|76/100 tox
|move|p2a: Hippowdon|Slack Off|p2a: Hippowdon
|-heal|p2a: Hippowdon|100/100
|
|-weather|none
|-damage|p1a: Tangrowth|64/100 tox|[from] psn
|upkeep
|turn|29
|
|t:|1663349332
|move|p1a: Tangrowth|Toxic|p2a: Hippowdon
|-status|p2a: Hippowdon|tox
|move|p2a: Hippowdon|Slack Off||[still]
|-fail|p2a: Hippowdon|heal
|
|-damage|p1a: Tangrowth|45/100 tox|[from] psn
|-damage|p2a: Hippowdon|94/100 tox|[from] psn
|upkeep
|turn|30
|
|t:|1663349338
|switch|p2a: Mandibuzz|Mandibuzz, F|25/100
|-damage|p2a: Mandibuzz|0 fnt|[from] Stealth Rock
|faint|p2a: Mandibuzz
|move|p1a: Tangrowth|Power Whip|p2: Mandibuzz|[notarget]
|-fail|p1a: Tangrowth
|
|-damage|p1a: Tangrowth|20/100 tox|[from] psn
|upkeep
|
|t:|1663349341
|switch|p2a: Keldeo|Keldeo-Resolute|100/100
|-damage|p2a: Keldeo|94/100|[from] Stealth Rock
|turn|31
|
|t:|1663349345
|move|p2a: Keldeo|Calm Mind|p2a: Keldeo
|-boost|p2a: Keldeo|spa|1
|-boost|p2a: Keldeo|spd|1
|move|p1a: Tangrowth|Power Whip|p2a: Keldeo
|-supereffective|p2a: Keldeo
|-damage|p2a: Keldeo|0 fnt
|faint|p2a: Keldeo
|
|-damage|p1a: Tangrowth|0 fnt|[from] psn
|faint|p1a: Tangrowth
|upkeep
|c|☆d01ph1ne|what
|c|☆d01ph1ne|ok
|
|t:|1663349362
|switch|p2a: Raikou|Raikou|100/100
|switch|p1a: Rotom|Rotom-Wash|30/100
|turn|32
|
|t:|1663349369
|move|p2a: Raikou|Thunderbolt|p1a: Rotom
|-damage|p1a: Rotom|0 fnt
|faint|p1a: Rotom
|
|upkeep
|
|t:|1663349371
|switch|p1a: Chansey|Chansey, F|36/100
|-damage|p1a: Chansey|24/100|[from] Stealth Rock
|turn|33
|
|t:|1663349374
|move|p2a: Raikou|Volt Switch|p1a: Chansey
|-damage|p1a: Chansey|15/100
|
|t:|1663349376
|switch|p2a: Hippowdon|Hippowdon, M|94/100 tox|[from]move: Volt Switch
|-damage|p2a: Hippowdon|88/100 tox|[from] Stealth Rock
|-weather|Sandstorm|[from] ability: Sand Stream|[of] p2a: Hippowdon
|move|p1a: Chansey|Soft-Boiled|p1a: Chansey
|-heal|p1a: Chansey|65/100
|
|-weather|Sandstorm|[upkeep]
|-damage|p1a: Chansey|59/100|[from] Sandstorm
|-damage|p2a: Hippowdon|82/100 tox|[from] psn
|upkeep
|turn|34
|
|t:|1663349379
|move|p2a: Hippowdon|Earthquake|p1a: Chansey
|-damage|p1a: Chansey|0 fnt
|faint|p1a: Chansey
|
|-weather|Sandstorm|[upkeep]
|-damage|p2a: Hippowdon|70/100 tox|[from] psn
|upkeep
|
|t:|1663349385
|switch|p1a: Marowak|Marowak-Alola, M|76/100
|-damage|p1a: Marowak|51/100|[from] Stealth Rock
|turn|35
|
|t:|1663349389
|move|p1a: Marowak|Flare Blitz|p2a: Hippowdon
|-damage|p2a: Hippowdon|12/100 tox
|move|p2a: Hippowdon|Earthquake|p1a: Marowak
|-supereffective|p1a: Marowak
|-damage|p1a: Marowak|0 fnt
|faint|p1a: Marowak
|
|-weather|Sandstorm|[upkeep]
|-damage|p2a: Hippowdon|0 fnt|[from] psn
|faint|p2a: Hippowdon
|upkeep
|
|t:|1663349396
|switch|p1a: Scizor|Scizor, M|76/100
|switch|p2a: Raikou|Raikou|100/100
|-damage|p1a: Scizor|64/100|[from] Stealth Rock
|turn|36
|
|t:|1663349403
|move|p1a: Scizor|Bullet Punch|p2a: Raikou
|-resisted|p2a: Raikou
|-damage|p2a: Raikou|67/100
|move|p2a: Raikou|Thunderbolt|p1a: Scizor
|-damage|p1a: Scizor|9/100
|
|-weather|Sandstorm|[upkeep]
|-damage|p2a: Raikou|61/100|[from] Sandstorm
|upkeep
|turn|37
|
|t:|1663349407
|move|p1a: Scizor|Bullet Punch|p2a: Raikou
|-resisted|p2a: Raikou
|-damage|p2a: Raikou|26/100
|move|p2a: Raikou|Thunderbolt|p1a: Scizor
|-damage|p1a: Scizor|0 fnt
|faint|p1a: Scizor
|
|-weather|none
|upkeep
|
|t:|1663349409
|switch|p1a: Azelf|Azelf|100/100
|-damage|p1a: Azelf|88/100|[from] Stealth Rock
|turn|38
|
|t:|1663349412
|move|p2a: Raikou|Thunderbolt|p1a: Azelf
|-damage|p1a: Azelf|18/100
|move|p1a: Azelf|Psyshock|p2a: Raikou
|-damage|p2a: Raikou|0 fnt
|faint|p2a: Raikou
|-damage|p1a: Azelf|8/100|[from] item: Life Orb
|
|win|jmacks43
|raw|jmacks43's rating: 1302 &rarr; <strong>1337</strong><br />(+35 for winning)
|raw|d01ph1ne's rating: 1622 &rarr; <strong>1587</strong><br />(-35 for losing)
|c|☆jmacks43|Gg
|l|☆d01ph1ne
