|j|☆gogole2021
|j|☆bandedunknown
|t:|1633797020
|gametype|singles
|player|p1|gogole2021|170|1381
|player|p2|bandedunknown|cynthia|1309
|teamsize|p1|6
|teamsize|p2|6
|gen|8
|tier|[Gen 8] UU
|rated|
|rule|Sleep Clause Mod: Limit one foe put to sleep
|rule|Species Clause: Limit one of each Pokémon
|rule|OHKO Clause: OHKO moves are banned
|rule|Evasion Moves Clause: Evasion moves are banned
|rule|Endless Battle Clause: Forcing endless battles is banned
|rule|HP Percentage Mod: HP is shown in percentages
|rule|Dynamax Clause: You cannot dynamax
|clearpoke
|poke|p1|Skarmory, F|
|poke|p1|Hydreigon, M|
|poke|p1|Reuniclus, M|
|poke|p1|Entei|
|poke|p1|Roserade, F|
|poke|p1|Thundurus-Therian, M|
|poke|p2|Slowking, F|
|poke|p2|Primarina, M|
|poke|p2|Conkeldurr, M|
|poke|p2|Volcanion|
|poke|p2|Excadrill, M|
|poke|p2|Tangrowth, M|
|teampreview
|inactive|Battle timer is ON: inactive players will automatically lose when time's up. (requested by bandedunknown)
|
|t:|1633797042
|start
|switch|p1a: Hydreigon|Hydreigon, M|100/100
|switch|p2a: Volcanion|Volcanion|100/100
|turn|1
|
|t:|1633797049
|switch|p2a: Primarina|Primarina, M|100/100
|move|p1a: Hydreigon|U-turn|p2a: Primarina
|-resisted|p2a: Primarina
|-damage|p2a: Primarina|91/100
|
|t:|1633797055
|switch|p1a: Roserade|Roserade, F|100/100|[from]move: U-turn
|
|upkeep
|turn|2
|
|t:|1633797070
|switch|p2a: Volcanion|Volcanion|100/100
|move|p1a: Roserade|Sludge Bomb|p2a: Volcanion
|-damage|p2a: Volcanion|58/100
|
|upkeep
|turn|3
|
|t:|1633797079
|switch|p1a: Reuniclus|Reuniclus, M|100/100
|move|p2a: Volcanion|Fire Blast|p1a: Reuniclus
|-damage|p1a: Reuniclus|69/100
|
|upkeep
|turn|4
|
|t:|1633797100
|move|p2a: Volcanion|Steam Eruption|p1a: Reuniclus
|-damage|p1a: Reuniclus|36/100
|-status|p1a: Reuniclus|brn
|move|p1a: Reuniclus|Knock Off|p2a: Volcanion
|-damage|p2a: Volcanion|52/100
|-enditem|p2a: Volcanion|Heavy-Duty Boots|[from] move: Knock Off|[of] p1a: Reuniclus
|
|-damage|p1a: Reuniclus|30/100 brn|[from] brn
|upkeep
|turn|5
|
|t:|1633797112
|switch|p1a: Roserade|Roserade, F|100/100
|move|p2a: Volcanion|Steam Eruption|p1a: Roserade
|-resisted|p1a: Roserade
|-damage|p1a: Roserade|61/100
|
|upkeep
|turn|6
|
|t:|1633797119
|move|p1a: Roserade|Leaf Storm|p2a: Volcanion
|-damage|p2a: Volcanion|0 fnt
|-unboost|p1a: Roserade|spa|2
|faint|p2a: Volcanion
|
|upkeep
|
|t:|1633797126
|switch|p2a: Conkeldurr|Conkeldurr, M|100/100
|turn|7
|
|t:|1633797135
|move|p1a: Roserade|Toxic|p2a: Conkeldurr
|-status|p2a: Conkeldurr|tox
|move|p2a: Conkeldurr|Knock Off|p1a: Roserade
|-damage|p1a: Roserade|0 fnt
|-enditem|p1a: Roserade|Heavy-Duty Boots|[from] move: Knock Off|[of] p2a: Conkeldurr
|faint|p1a: Roserade
|
|-damage|p2a: Conkeldurr|94/100 tox|[from] psn
|upkeep
|
|t:|1633797146
|switch|p1a: Thundurus|Thundurus-Therian, M|100/100
|turn|8
|
|t:|1633797151
|switch|p2a: Slowking|Slowking, F|100/100
|move|p1a: Thundurus|Psychic|p2a: Slowking
|-resisted|p2a: Slowking
|-damage|p2a: Slowking|90/100
|
|-heal|p2a: Slowking|96/100|[from] item: Leftovers
|upkeep
|turn|9
|
|t:|1633797160
|move|p1a: Thundurus|Nasty Plot|p1a: Thundurus
|-boost|p1a: Thundurus|spa|2
|move|p2a: Slowking|Teleport|p2a: Slowking
|
|t:|1633797177
|switch|p2a: Tangrowth|Tangrowth, M|100/100|[from]move: Teleport
|
|upkeep
|turn|10
|
|t:|1633797183
|move|p1a: Thundurus|Sludge Wave|p2a: Tangrowth
|-supereffective|p2a: Tangrowth
|-damage|p2a: Tangrowth|0 fnt
|faint|p2a: Tangrowth
|
|upkeep
|
|t:|1633797186
|switch|p2a: Slowking|Slowking, F|100/100
|turn|11
|
|t:|1633797190
|move|p1a: Thundurus|Volt Switch|p2a: Slowking
|-supereffective|p2a: Slowking
|-damage|p2a: Slowking|6/100
|
|t:|1633797195
|switch|p1a: Hydreigon|Hydreigon, M|100/100|[from]move: Volt Switch
|move|p2a: Slowking|Future Sight|p1a: Hydreigon
|-start|p2a: Slowking|move: Future Sight
|
|-heal|p2a: Slowking|12/100|[from] item: Leftovers
|upkeep
|turn|12
|
|t:|1633797203
|switch|p2a: Primarina|Primarina, M|91/100
|move|p1a: Hydreigon|U-turn|p2a: Primarina
|-resisted|p2a: Primarina
|-damage|p2a: Primarina|83/100
|
|t:|1633797209
|switch|p1a: Thundurus|Thundurus-Therian, M|100/100|[from]move: U-turn
|
|upkeep
|turn|13
|
|t:|1633797216
|move|p1a: Thundurus|Volt Switch|p2a: Primarina
|-supereffective|p2a: Primarina
|-damage|p2a: Primarina|13/100
|
|t:|1633797221
|switch|p1a: Reuniclus|Reuniclus, M|63/100 brn|[from]move: Volt Switch
|move|p2a: Primarina|Ice Beam|p1a: Reuniclus
|-damage|p1a: Reuniclus|40/100 brn
|
|-end|p1a: Reuniclus|move: Future Sight
|-resisted|p1a: Reuniclus
|-damage|p1a: Reuniclus|29/100 brn
|-damage|p1a: Reuniclus|23/100 brn|[from] brn
|upkeep
|turn|14
|
|t:|1633797232
|switch|p1a: Thundurus|Thundurus-Therian, M|100/100
|move|p2a: Primarina|Ice Beam|p1a: Thundurus
|-supereffective|p1a: Thundurus
|-damage|p1a: Thundurus|0 fnt
|faint|p1a: Thundurus
|
|upkeep
|
|t:|1633797256
|switch|p1a: Entei|Entei|100/100
|turn|15
|
|t:|1633797263
|move|p1a: Entei|Sacred Fire|p2a: Primarina
|-resisted|p2a: Primarina
|-damage|p2a: Primarina|0 fnt
|faint|p2a: Primarina
|
|upkeep
|
|t:|1633797266
|switch|p2a: Slowking|Slowking, F|45/100
|turn|16
|
|t:|1633797278
|switch|p1a: Hydreigon|Hydreigon, M|100/100
|switch|p2a: Excadrill|Excadrill, M|100/100
|-ability|p2a: Excadrill|Mold Breaker
|
|upkeep
|turn|17
|
|t:|1633797287
|move|p1a: Hydreigon|Dark Pulse|p2a: Excadrill
|-crit|p2a: Excadrill
|-damage|p2a: Excadrill|16/100
|move|p2a: Excadrill|Earthquake|p1a: Hydreigon
|-damage|p1a: Hydreigon|19/100
|-damage|p2a: Excadrill|6/100|[from] item: Life Orb
|
|upkeep
|turn|18
|
|t:|1633797297
|switch|p1a: Skarmory|Skarmory, F|100/100
|move|p2a: Excadrill|Earthquake|p1a: Skarmory
|-immune|p1a: Skarmory
|
|upkeep
|turn|19
|
|t:|1633797304
|move|p2a: Excadrill|Rock Slide|p1a: Skarmory
|-damage|p1a: Skarmory|78/100
|-damage|p2a: Excadrill|0 fnt|[from] item: Life Orb
|faint|p2a: Excadrill
|move|p1a: Skarmory|Stealth Rock|p2: Excadrill
|-sidestart|p2: bandedunknown|move: Stealth Rock
|
|-heal|p1a: Skarmory|84/100|[from] item: Leftovers
|upkeep
|
|t:|1633797308
|switch|p2a: Conkeldurr|Conkeldurr, M|94/100 tox
|-damage|p2a: Conkeldurr|88/100 tox|[from] Stealth Rock
|turn|20
|
|t:|1633797315
|move|p1a: Skarmory|Iron Defense|p1a: Skarmory
|-boost|p1a: Skarmory|def|2
|move|p2a: Conkeldurr|Drain Punch|p1a: Skarmory
|-damage|p1a: Skarmory|51/100
|-heal|p2a: Conkeldurr|100/100 tox|[from] drain|[of] p1a: Skarmory
|
|-heal|p1a: Skarmory|57/100|[from] item: Leftovers
|-damage|p2a: Conkeldurr|94/100 tox|[from] psn
|upkeep
|turn|21
|
|t:|1633797325
|move|p1a: Skarmory|Body Press|p2a: Conkeldurr
|-damage|p2a: Conkeldurr|43/100 tox
|move|p2a: Conkeldurr|Drain Punch|p1a: Skarmory
|-damage|p1a: Skarmory|24/100
|-heal|p2a: Conkeldurr|57/100 tox|[from] drain|[of] p1a: Skarmory
|
|-heal|p1a: Skarmory|30/100|[from] item: Leftovers
|-damage|p2a: Conkeldurr|44/100 tox|[from] psn
|upkeep
|turn|22
|
|t:|1633797335
|move|p1a: Skarmory|Body Press|p2a: Conkeldurr
|-damage|p2a: Conkeldurr|0 fnt
|faint|p2a: Conkeldurr
|
|-heal|p1a: Skarmory|36/100|[from] item: Leftovers
|upkeep
|-message|bandedunknown forfeited.
|
|win|gogole2021
|raw|gogole2021's rating: 1381 &rarr; <strong>1397</strong><br />(+16 for winning)
|raw|bandedunknown's rating: 1309 &rarr; <strong>1293</strong><br />(-16 for losing)
|l|☆bandedunknown
||Ladder isn't responding, score probably updated but might not have (Request timeout).
