|raw|<div class="broadcast-blue"><strong>This battle is required to be public due to a player having a name starting with 'UULT81x'.</div>
|j|☆UULT81x BMants
|j|☆Lucckyy
|t:|1621410442
|gametype|singles
|player|p1|UULT81x BMants|faba|1442
|player|p2|Lucckyy|86|1587
|teamsize|p1|6
|teamsize|p2|6
|gen|8
|tier|[Gen 8] UU
|rated|
|rule|Sleep Clause Mod: Limit one foe put to sleep
|rule|Species Clause: Limit one of each Pokémon
|rule|OHKO Clause: OHKO moves are banned
|rule|Evasion Moves Clause: Evasion moves are banned
|rule|Endless Battle Clause: Forcing endless battles is banned
|rule|HP Percentage Mod: HP is shown in percentages
|rule|Dynamax Clause: You cannot dynamax
|clearpoke
|poke|p1|Torkoal, M|
|poke|p1|Azumarill, F|
|poke|p1|Porygon2|
|poke|p1|Uxie|
|poke|p1|Buzzwole|
|poke|p1|Aegislash, F|
|poke|p2|Crawdaunt, M|
|poke|p2|Cresselia, F|
|poke|p2|Mew|
|poke|p2|Hatterene, F|
|poke|p2|Conkeldurr, F|
|poke|p2|Primarina, M|
|teampreview
|j| Totem skarm
|c|☆UULT81x BMants|glhf
|inactive|Battle timer is ON: inactive players will automatically lose when time's up. (requested by UULT81x BMants)
|j| uult81x sad
|c|☆Lucckyy|U2
|inactive|Lucckyy has 120 seconds left.
|inactive|UULT81x BMants has 120 seconds left.
|
|t:|1621410506
|start
|switch|p1a: Buzzwole|Buzzwole|100/100
|switch|p2a: Crawdaunt|Crawdaunt, M|100/100
|turn|1
|
|t:|1621410512
|switch|p2a: Conkeldurr|Conkeldurr, F|100/100
|move|p1a: Buzzwole|Leech Life|p2a: Conkeldurr
|-resisted|p2a: Conkeldurr
|-damage|p2a: Conkeldurr|80/100
|
|-status|p2a: Conkeldurr|brn|[from] item: Flame Orb
|upkeep
|turn|2
|
|t:|1621410524
|switch|p1a: Uxie|Uxie|100/100
|move|p2a: Conkeldurr|Bulk Up|p2a: Conkeldurr
|-boost|p2a: Conkeldurr|atk|1
|-boost|p2a: Conkeldurr|def|1
|
|-damage|p2a: Conkeldurr|74/100 brn|[from] brn
|upkeep
|turn|3
|
|t:|1621410544
|move|p1a: Uxie|Memento|p2a: Conkeldurr
|-unboost|p2a: Conkeldurr|atk|2
|-unboost|p2a: Conkeldurr|spa|2
|faint|p1a: Uxie
|move|p2a: Conkeldurr|Knock Off|p1: Uxie|[notarget]
|-fail|p2a: Conkeldurr
|
|-damage|p2a: Conkeldurr|68/100 brn|[from] brn
|upkeep
|j| UULT81x Toyota
|
|t:|1621410554
|switch|p1a: Azumarill|Azumarill, F|100/100
|turn|4
|
|t:|1621410567
|move|p2a: Conkeldurr|Knock Off|p1a: Azumarill
|-resisted|p1a: Azumarill
|-damage|p1a: Azumarill|82/100
|-enditem|p1a: Azumarill|Sitrus Berry|[from] move: Knock Off|[of] p2a: Conkeldurr
|move|p1a: Azumarill|Play Rough|p2a: Conkeldurr
|-supereffective|p2a: Conkeldurr
|-damage|p2a: Conkeldurr|0 fnt
|faint|p2a: Conkeldurr
|
|upkeep
|
|t:|1621410590
|switch|p2a: Cresselia|Cresselia, F|100/100
|turn|5
|
|t:|1621410598
|move|p2a: Cresselia|Reflect|p2a: Cresselia
|-sidestart|p2: Lucckyy|Reflect
|move|p1a: Azumarill|Knock Off|p2a: Cresselia
|-supereffective|p2a: Cresselia
|-damage|p2a: Cresselia|82/100
|-enditem|p2a: Cresselia|Light Clay|[from] move: Knock Off|[of] p1a: Azumarill
|
|upkeep
|turn|6
|
|t:|1621410613
|switch|p1a: Aegislash|Aegislash, F|100/100
|move|p2a: Cresselia|Moonblast|p1a: Aegislash
|-resisted|p1a: Aegislash
|-damage|p1a: Aegislash|94/100
|
|upkeep
|turn|7
|
|t:|1621410622
|switch|p2a: Crawdaunt|Crawdaunt, M|100/100
|move|p1a: Aegislash|Swords Dance|p1a: Aegislash
|-boost|p1a: Aegislash|atk|2
|
|upkeep
|turn|8
|
|t:|1621410629
|switch|p1a: Azumarill|Azumarill, F|82/100
|move|p2a: Crawdaunt|Knock Off|p1a: Azumarill
|-resisted|p1a: Azumarill
|-damage|p1a: Azumarill|53/100
|-damage|p2a: Crawdaunt|91/100|[from] item: Life Orb
|
|upkeep
|turn|9
|
|t:|1621410634
|switch|p2a: Cresselia|Cresselia, F|82/100
|move|p1a: Azumarill|Play Rough|p2a: Cresselia
|-crit|p2a: Cresselia
|-damage|p2a: Cresselia|40/100
|
|upkeep
|turn|10
|
|t:|1621410652
|switch|p1a: Aegislash|Aegislash, F|94/100
|move|p2a: Cresselia|Light Screen|p2a: Cresselia
|-sidestart|p2: Lucckyy|move: Light Screen
|
|upkeep
|turn|11
|
|t:|1621410665
|switch|p2a: Hatterene|Hatterene, F|100/100
|move|p1a: Aegislash|Swords Dance|p1a: Aegislash
|-boost|p1a: Aegislash|atk|2
|
|upkeep
|turn|12
|
|t:|1621410678
|-formechange|p1a: Aegislash|Aegislash-Blade||[from] ability: Stance Change
|move|p1a: Aegislash|Shadow Ball|p2a: Hatterene
|-supereffective|p2a: Hatterene
|-damage|p2a: Hatterene|46/100
|-damage|p1a: Aegislash|84/100|[from] item: Life Orb
|move|p2a: Hatterene|Mystical Fire|p1a: Aegislash
|-supereffective|p1a: Aegislash
|-damage|p1a: Aegislash|0 fnt
|faint|p1a: Aegislash
|
|-sideend|p2: Lucckyy|Reflect
|upkeep
|inactive|UULT81x BMants has 120 seconds left.
|
|t:|1621410728
|switch|p1a: Buzzwole|Buzzwole|100/100
|turn|13
|
|t:|1621410732
|move|p1a: Buzzwole|Leech Life|p2a: Hatterene
|-damage|p2a: Hatterene|8/100
|move|p2a: Hatterene|Draining Kiss|p1a: Buzzwole
|-supereffective|p1a: Buzzwole
|-damage|p1a: Buzzwole|33/100
|-heal|p2a: Hatterene|65/100|[from] drain|[of] p1a: Buzzwole
|
|upkeep
|turn|14
|
|t:|1621410746
|switch|p1a: Porygon2|Porygon2|100/100
|-ability|p1a: Porygon2|Magic Bounce|[from] ability: Trace|[of] p2a: Hatterene
|move|p2a: Hatterene|Draining Kiss|p1a: Porygon2
|-damage|p1a: Porygon2|90/100
|-heal|p2a: Hatterene|74/100|[from] drain|[of] p1a: Porygon2
|
|-sideend|p2: Lucckyy|move: Light Screen
|upkeep
|turn|15
|
|t:|1621410750
|move|p2a: Hatterene|Calm Mind|p2a: Hatterene
|-boost|p2a: Hatterene|spa|1
|-boost|p2a: Hatterene|spd|1
|move|p1a: Porygon2|Trick Room|p1a: Porygon2
|-fieldstart|move: Trick Room|[of] p1a: Porygon2
|
|upkeep
|turn|16
|
|t:|1621410754
|move|p2a: Hatterene|Calm Mind|p2a: Hatterene
|-boost|p2a: Hatterene|spa|1
|-boost|p2a: Hatterene|spd|1
|move|p1a: Porygon2|Teleport|p1a: Porygon2
|
|t:|1621410760
|switch|p1a: Torkoal|Torkoal, M|100/100|[from]move: Teleport
|-weather|SunnyDay|[from] ability: Drought|[of] p1a: Torkoal
|
|-weather|SunnyDay|[upkeep]
|upkeep
|turn|17
|
|t:|1621410763
|move|p1a: Torkoal|Eruption|p2a: Hatterene
|-damage|p2a: Hatterene|25/100
|move|p2a: Hatterene|Draining Kiss|p1a: Torkoal
|-resisted|p1a: Torkoal
|-damage|p1a: Torkoal|68/100
|-heal|p2a: Hatterene|51/100|[from] drain|[of] p1a: Torkoal
|
|-weather|SunnyDay|[upkeep]
|upkeep
|turn|18
|
|t:|1621410769
|move|p1a: Torkoal|Fire Blast|p2a: Hatterene
|-damage|p2a: Hatterene|11/100
|move|p2a: Hatterene|Draining Kiss|p1a: Torkoal
|-resisted|p1a: Torkoal
|-damage|p1a: Torkoal|38/100
|-heal|p2a: Hatterene|35/100|[from] drain|[of] p1a: Torkoal
|
|-weather|SunnyDay|[upkeep]
|upkeep
|turn|19
|j| vnvjbnvjh
|
|t:|1621410778
|move|p1a: Torkoal|Fire Blast|p2a: Hatterene
|-damage|p2a: Hatterene|0 fnt
|faint|p2a: Hatterene
|
|-weather|SunnyDay|[upkeep]
|-fieldend|move: Trick Room
|upkeep
|
|t:|1621410792
|switch|p2a: Cresselia|Cresselia, F|40/100
|turn|20
|
|t:|1621410809
|switch|p1a: Azumarill|Azumarill, F|53/100
|move|p2a: Cresselia|Reflect|p2a: Cresselia
|-sidestart|p2: Lucckyy|Reflect
|
|-weather|none
|upkeep
|turn|21
|
|t:|1621410818
|move|p2a: Cresselia|Moonblast|p1a: Azumarill
|-damage|p1a: Azumarill|37/100
|move|p1a: Azumarill|Belly Drum||[still]
|-fail|p1a: Azumarill
|
|upkeep
|turn|22
|
|t:|1621410823
|move|p2a: Cresselia|Light Screen|p2a: Cresselia
|-sidestart|p2: Lucckyy|move: Light Screen
|move|p1a: Azumarill|Play Rough|p2a: Cresselia
|-damage|p2a: Cresselia|27/100
|
|upkeep
|turn|23
|
|t:|1621410836
|move|p2a: Cresselia|Lunar Dance|p2a: Cresselia
|faint|p2a: Cresselia
|move|p1a: Azumarill|Play Rough|p2: Cresselia|[notarget]
|-fail|p1a: Azumarill
|
|upkeep
|
|t:|1621410844
|switch|p2a: Mew|Mew|100/100
|turn|24
|
|t:|1621410847
|move|p2a: Mew|Swords Dance|p2a: Mew
|-boost|p2a: Mew|atk|2
|move|p1a: Azumarill|Knock Off|p2a: Mew
|-supereffective|p2a: Mew
|-damage|p2a: Mew|61/100
|-enditem|p2a: Mew|Life Orb|[from] move: Knock Off|[of] p1a: Azumarill
|
|-sideend|p2: Lucckyy|Reflect
|upkeep
|turn|25
|
|t:|1621410855
|move|p1a: Azumarill|Aqua Jet|p2a: Mew
|-damage|p2a: Mew|37/100
|move|p2a: Mew|Psychic Fangs|p1a: Azumarill
|-damage|p1a: Azumarill|0 fnt
|faint|p1a: Azumarill
|
|upkeep
|
|t:|1621410859
|switch|p1a: Buzzwole|Buzzwole|33/100
|turn|26
|
|t:|1621410862
|move|p1a: Buzzwole|Leech Life|p2a: Mew
|-supereffective|p2a: Mew
|-damage|p2a: Mew|0 fnt
|-heal|p1a: Buzzwole|50/100|[from] drain|[of] p2a: Mew
|faint|p2a: Mew
|-ability|p1a: Buzzwole|Beast Boost|boost
|-boost|p1a: Buzzwole|atk|1
|
|-sideend|p2: Lucckyy|move: Light Screen
|upkeep
|
|t:|1621410867
|switch|p2a: Primarina|Primarina, M|100/100
|turn|27
|
|t:|1621410873
|switch|p1a: Torkoal|Torkoal, M|38/100
|-weather|SunnyDay|[from] ability: Drought|[of] p1a: Torkoal
|move|p2a: Primarina|Draining Kiss|p1a: Torkoal
|-resisted|p1a: Torkoal
|-damage|p1a: Torkoal|24/100
|
|-weather|SunnyDay|[upkeep]
|upkeep
|turn|28
|
|t:|1621410882
|move|p2a: Primarina|Scald|p1a: Torkoal
|-supereffective|p1a: Torkoal
|-damage|p1a: Torkoal|0 fnt
|faint|p1a: Torkoal
|
|-weather|SunnyDay|[upkeep]
|upkeep
|
|t:|1621410886
|switch|p1a: Porygon2|Porygon2|90/100
|-ability|p1a: Porygon2|Torrent|[from] ability: Trace|[of] p2a: Primarina
|turn|29
|c|☆UULT81x BMants|gg
|-message|UULT81x BMants forfeited.
|
|win|Lucckyy
|raw|UULT81x BMants's rating: 1442 &rarr; <strong>1430</strong><br />(-12 for losing)
|raw|Lucckyy's rating: 1587 &rarr; <strong>1599</strong><br />(+12 for winning)
|c|☆Lucckyy|Gg
|l|☆UULT81x BMants
|l| UULT81x Toyota
|l| Totem skarm
