|j|☆Exi_Dudi
|j|☆Sylvi1993
|t:|1666657144
|gametype|singles
|player|p1|Exi_Dudi|doctor-gen8|1359
|player|p2|Sylvi1993|marley|1230
|teamsize|p1|6
|teamsize|p2|6
|gen|8
|tier|[Gen 8] UU
|rated|
|rule|Sleep Clause Mod: Limit one foe put to sleep
|rule|Species Clause: Limit one of each Pokémon
|rule|OHKO Clause: OHKO moves are banned
|rule|Evasion Items Clause: Evasion items are banned
|rule|Evasion Moves Clause: Evasion moves are banned
|rule|Endless Battle Clause: Forcing endless battles is banned
|rule|HP Percentage Mod: HP is shown in percentages
|rule|Dynamax Clause: You cannot dynamax
|clearpoke
|poke|p1|Haunter, F|
|poke|p1|Cobalion|
|poke|p1|Chansey, F|
|poke|p1|Umbreon, M|
|poke|p1|Hippowdon, F|
|poke|p1|Salamence, F|
|poke|p2|Entei|
|poke|p2|Jellicent, M|
|poke|p2|Comfey, M|
|poke|p2|Sawk, M|
|poke|p2|Celesteela|
|poke|p2|Flygon, M|
|teampreview
|
|t:|1666657186
|start
|switch|p1a: Haunter|Haunter, F|100/100
|switch|p2a: Monopoly|Jellicent, M, shiny|100/100
|turn|1
|c|☆Sylvi1993|unusual to see a haunter
|
|t:|1666657225
|move|p1a: Haunter|Shadow Ball|p2a: Monopoly
|-supereffective|p2a: Monopoly
|-damage|p2a: Monopoly|0 fnt
|faint|p2a: Monopoly
|
|upkeep
|c|☆Sylvi1993|everything else makes sense i just dont get the haunter lol
|c|☆Sylvi1993|oh god
|
|t:|1666657241
|switch|p2a: Darren|Sawk, M|100/100
|turn|2
|c|☆Exi_Dudi|this is just an account where i use bad mons
|c|☆Exi_Dudi|because haunter is funny because hippo cant touch it
|
|t:|1666657261
|switch|p1a: Salamence|Salamence, F|100/100
|-ability|p1a: Salamence|Intimidate|boost
|-unboost|p2a: Darren|atk|1
|move|p2a: Darren|Knock Off|p1a: Salamence
|-damage|p1a: Salamence|83/100
|-enditem|p1a: Salamence|Heavy-Duty Boots|[from] move: Knock Off|[of] p2a: Darren
|
|upkeep
|turn|3
|c|☆Sylvi1993|fair
|
|t:|1666657277
|switch|p1a: Haunter|Haunter, F|100/100
|move|p2a: Darren|Close Combat|p1a: Haunter
|-immune|p1a: Haunter
|
|upkeep
|turn|4
|
|t:|1666657291
|move|p2a: Darren|Close Combat|p1a: Haunter
|-immune|p1a: Haunter
|move|p1a: Haunter|Sludge Wave|p2a: Darren
|-ability|p2a: Darren|Sturdy
|-damage|p2a: Darren|1/100
|-enditem|p2a: Darren|Red Card|[of] p1a: Haunter
|drag|p1a: Umbreon|Umbreon, M|100/100
|
|upkeep
|turn|5
|c|☆Sylvi1993|i thought u were faster lmao
|c|☆Exi_Dudi|i did too
|c|☆Exi_Dudi|but i forgot im modest
|
|t:|1666657314
|switch|p1a: Salamence|Salamence, F|83/100
|-ability|p1a: Salamence|Intimidate|boost
|-unboost|p2a: Darren|atk|1
|move|p2a: Darren|Close Combat|p1a: Salamence
|-resisted|p1a: Salamence
|-damage|p1a: Salamence|71/100
|-unboost|p2a: Darren|def|1
|-unboost|p2a: Darren|spd|1
|
|upkeep
|turn|6
|c|☆Sylvi1993|lol
|
|t:|1666657322
|move|p2a: Darren|Ice Punch|p1a: Salamence
|-supereffective|p1a: Salamence
|-damage|p1a: Salamence|30/100
|move|p1a: Salamence|Flamethrower|p2a: Darren
|-damage|p2a: Darren|0 fnt
|faint|p2a: Darren
|
|upkeep
|
|t:|1666657326
|switch|p2a: Heaven|Celesteela, shiny|100/100
|turn|7
|
|t:|1666657334
|switch|p1a: Chansey|Chansey, F|100/100
|switch|p2a: Brent|Entei, shiny|100/100
|
|upkeep
|turn|8
|
|t:|1666657339
|switch|p1a: Hippowdon|Hippowdon, F|100/100
|-weather|Sandstorm|[from] ability: Sand Stream|[of] p1a: Hippowdon
|move|p2a: Brent|Sacred Fire|p1a: Hippowdon
|-crit|p1a: Hippowdon
|-damage|p1a: Hippowdon|56/100
|
|-weather|Sandstorm|[upkeep]
|-damage|p2a: Brent|94/100|[from] Sandstorm
|-heal|p1a: Hippowdon|62/100|[from] item: Leftovers
|upkeep
|turn|9
|
|t:|1666657347
|move|p2a: Brent|Sacred Fire|p1a: Hippowdon
|-damage|p1a: Hippowdon|30/100
|-status|p1a: Hippowdon|brn
|move|p1a: Hippowdon|Slack Off|p1a: Hippowdon
|-heal|p1a: Hippowdon|80/100 brn
|
|-weather|Sandstorm|[upkeep]
|-damage|p2a: Brent|88/100|[from] Sandstorm
|-heal|p1a: Hippowdon|86/100 brn|[from] item: Leftovers
|-damage|p1a: Hippowdon|80/100 brn|[from] brn
|upkeep
|turn|10
|
|t:|1666657352
|switch|p2a: Flaman|Comfey, M, shiny|100/100
|move|p1a: Hippowdon|Stealth Rock|p2a: Flaman
|-sidestart|p2: Sylvi1993|move: Stealth Rock
|
|-weather|Sandstorm|[upkeep]
|-damage|p2a: Flaman|94/100|[from] Sandstorm
|-heal|p1a: Hippowdon|86/100 brn|[from] item: Leftovers
|-damage|p1a: Hippowdon|80/100 brn|[from] brn
|upkeep
|turn|11
|
|t:|1666657356
|move|p2a: Flaman|Giga Drain|p1a: Hippowdon
|-supereffective|p1a: Hippowdon
|-damage|p1a: Hippowdon|31/100 brn
|-heal|p2a: Flaman|100/100|[from] drain|[of] p1a: Hippowdon
|move|p1a: Hippowdon|Toxic|p2a: Flaman
|-status|p2a: Flaman|tox
|
|-weather|Sandstorm|[upkeep]
|-damage|p2a: Flaman|94/100 tox|[from] Sandstorm
|-heal|p1a: Hippowdon|38/100 brn|[from] item: Leftovers
|-damage|p2a: Flaman|88/100 tox|[from] psn
|-damage|p1a: Hippowdon|31/100 brn|[from] brn
|upkeep
|turn|12
|
|t:|1666657360
|switch|p1a: Cobalion|Cobalion|100/100
|move|p2a: Flaman|Giga Drain|p1a: Cobalion
|-resisted|p1a: Cobalion
|-damage|p1a: Cobalion|80/100
|-heal|p2a: Flaman|99/100 tox|[from] drain|[of] p1a: Cobalion
|
|-weather|none
|-heal|p1a: Cobalion|86/100|[from] item: Leftovers
|-damage|p2a: Flaman|86/100 tox|[from] psn
|upkeep
|turn|13
|
|t:|1666657364
|switch|p2a: Hexo|Flygon, M|100/100
|-damage|p2a: Hexo|95/100|[from] Stealth Rock
|move|p1a: Cobalion|Swords Dance|p1a: Cobalion
|-boost|p1a: Cobalion|atk|2
|
|-heal|p1a: Cobalion|92/100|[from] item: Leftovers
|upkeep
|turn|14
|
|t:|1666657368
|move|p1a: Cobalion|Close Combat|p2a: Hexo
|-damage|p2a: Hexo|0 fnt
|-unboost|p1a: Cobalion|def|1
|-unboost|p1a: Cobalion|spd|1
|faint|p2a: Hexo
|
|-heal|p1a: Cobalion|99/100|[from] item: Leftovers
|upkeep
|
|t:|1666657374
|switch|p2a: Flaman|Comfey, M, shiny|86/100 tox
|-damage|p2a: Flaman|74/100 tox|[from] Stealth Rock
|turn|15
|
|t:|1666657377
|move|p2a: Flaman|Draining Kiss|p1a: Cobalion
|-damage|p1a: Cobalion|38/100
|-heal|p2a: Flaman|100/100 tox|[from] drain|[of] p1a: Cobalion
|move|p1a: Cobalion|Iron Head|p2a: Flaman
|-supereffective|p2a: Flaman
|-damage|p2a: Flaman|0 fnt
|faint|p2a: Flaman
|
|-heal|p1a: Cobalion|44/100|[from] item: Leftovers
|upkeep
|
|t:|1666657383
|switch|p2a: Brent|Entei, shiny|88/100
|-damage|p2a: Brent|63/100|[from] Stealth Rock
|turn|16
|
|t:|1666657387
|move|p2a: Brent|Extreme Speed|p1a: Cobalion
|-resisted|p1a: Cobalion
|-damage|p1a: Cobalion|28/100
|move|p1a: Cobalion|Close Combat|p2a: Brent
|-damage|p2a: Brent|0 fnt
|-unboost|p1a: Cobalion|def|1
|-unboost|p1a: Cobalion|spd|1
|faint|p2a: Brent
|
|-heal|p1a: Cobalion|34/100|[from] item: Leftovers
|upkeep
|
|t:|1666657390
|switch|p2a: Heaven|Celesteela, shiny|100/100
|-damage|p2a: Heaven|88/100|[from] Stealth Rock
|turn|17
|c|☆Sylvi1993|gg
|c|☆Exi_Dudi|gg
|
|t:|1666657396
|move|p1a: Cobalion|Close Combat|p2a: Heaven
|-damage|p2a: Heaven|0 fnt
|-unboost|p1a: Cobalion|def|1
|-unboost|p1a: Cobalion|spd|1
|faint|p2a: Heaven
|
|win|Exi_Dudi
|raw|Exi_Dudi's rating: 1359 &rarr; <strong>1372</strong><br />(+13 for winning)
|raw|Sylvi1993's rating: 1230 &rarr; <strong>1214</strong><br />(-16 for losing)
|l|☆Sylvi1993
||Ladder isn't responding, score probably updated but might not have (Request timeout).
