|j|☆ninjadouche
|j|☆Eazigzagoon
|t:|1657040345
|gametype|singles
|player|p1|ninjadouche|burglar|1522
|player|p2|Eazigzagoon|tuberf|1442
|teamsize|p1|6
|teamsize|p2|6
|gen|8
|tier|[Gen 8] UU
|rated|
|rule|Sleep Clause Mod: Limit one foe put to sleep
|rule|Species Clause: Limit one of each Pokémon
|rule|OHKO Clause: OHKO moves are banned
|rule|Evasion Moves Clause: Evasion moves are banned
|rule|Endless Battle Clause: Forcing endless battles is banned
|rule|HP Percentage Mod: HP is shown in percentages
|rule|Dynamax Clause: You cannot dynamax
|clearpoke
|poke|p1|Marowak-Alola, F|
|poke|p1|Ninetales, F|
|poke|p1|Rotom-Wash|
|poke|p1|Snorlax, F|
|poke|p1|Shiftry, F|
|poke|p1|Aggron, M|
|poke|p2|Togedemaru, M|
|poke|p2|Nihilego|
|poke|p2|Skarmory, F|
|poke|p2|Tangrowth, F|
|poke|p2|Azelf|
|poke|p2|Slowking, M|
|teampreview
|inactive|Battle timer is ON: inactive players will automatically lose when time's up. (requested by ninjadouche)
|
|t:|1657040364
|start
|switch|p1a: Snorlax|Snorlax, F|100/100
|switch|p2a: Nihilego|Nihilego|100/100
|turn|1
|
|t:|1657040380
|switch|p2a: Skarmory|Skarmory, F|100/100
|move|p1a: Snorlax|Superpower|p2a: Skarmory
|-damage|p2a: Skarmory|61/100
|-unboost|p1a: Snorlax|atk|1
|-unboost|p1a: Snorlax|def|1
|-damage|p1a: Snorlax|84/100|[from] item: Rocky Helmet|[of] p2a: Skarmory
|
|upkeep
|turn|2
|
|t:|1657040386
|switch|p1a: Rotom|Rotom-Wash|100/100
|move|p2a: Skarmory|Spikes|p1a: Rotom
|-sidestart|p1: ninjadouche|Spikes
|
|upkeep
|turn|3
|
|t:|1657040391
|switch|p2a: Tangrowth|Tangrowth, F|100/100
|move|p1a: Rotom|Defog|p2a: Tangrowth
|-unboost|p2a: Tangrowth|evasion|1
|-sideend|p1: ninjadouche|Spikes|[from] move: Defog|[of] p1a: Rotom
|
|upkeep
|turn|4
|
|t:|1657040394
|move|p1a: Rotom|Will-O-Wisp|p2a: Tangrowth
|-status|p2a: Tangrowth|brn
|move|p2a: Tangrowth|Knock Off|p1a: Rotom
|-damage|p1a: Rotom|93/100
|-enditem|p1a: Rotom|Leftovers|[from] move: Knock Off|[of] p2a: Tangrowth
|
|-damage|p2a: Tangrowth|94/100 brn|[from] brn
|upkeep
|turn|5
|
|t:|1657040399
|move|p1a: Rotom|Volt Switch|p2a: Tangrowth
|-resisted|p2a: Tangrowth
|-damage|p2a: Tangrowth|84/100 brn
|
|t:|1657040403
|switch|p1a: Ninetales|Ninetales, F, shiny|100/100|[from]move: Volt Switch
|-weather|SunnyDay|[from] ability: Drought|[of] p1a: Ninetales
|move|p2a: Tangrowth|Knock Off|p1a: Ninetales
|-damage|p1a: Ninetales|84/100
|-enditem|p1a: Ninetales|Choice Specs|[from] move: Knock Off|[of] p2a: Tangrowth
|
|-weather|SunnyDay|[upkeep]
|-damage|p2a: Tangrowth|78/100 brn|[from] brn
|upkeep
|turn|6
|
|t:|1657040409
|switch|p1a: Shiftry|Shiftry, F|100/100
|switch|p2a: Nihilego|Nihilego|100/100
|
|-weather|SunnyDay|[upkeep]
|upkeep
|turn|7
|
|t:|1657040418
|switch|p2a: Skarmory|Skarmory, F|61/100
|move|p1a: Shiftry|Knock Off|p2a: Skarmory
|-damage|p2a: Skarmory|22/100
|-damage|p1a: Shiftry|84/100|[from] item: Rocky Helmet|[of] p2a: Skarmory
|-enditem|p2a: Skarmory|Rocky Helmet|[from] move: Knock Off|[of] p1a: Shiftry
|-damage|p1a: Shiftry|74/100|[from] item: Life Orb
|
|-weather|SunnyDay|[upkeep]
|upkeep
|turn|8
|
|t:|1657040435
|switch|p2a: Slowking|Slowking, M|100/100
|move|p1a: Shiftry|Knock Off|p2a: Slowking
|-supereffective|p2a: Slowking
|-enditem|p2a: Slowking|Colbur Berry|[eat]
|-enditem|p2a: Slowking|Colbur Berry|[weaken]
|-damage|p2a: Slowking|53/100
|-damage|p1a: Shiftry|64/100|[from] item: Life Orb
|
|-weather|SunnyDay|[upkeep]
|upkeep
|turn|9
|
|t:|1657040448
|switch|p2a: Tangrowth|Tangrowth, F|100/100 brn
|move|p1a: Shiftry|Leaf Storm|p2a: Tangrowth
|-resisted|p2a: Tangrowth
|-damage|p2a: Tangrowth|79/100 brn
|-unboost|p1a: Shiftry|spa|2
|-damage|p1a: Shiftry|54/100|[from] item: Life Orb
|
|-weather|none
|-damage|p2a: Tangrowth|73/100 brn|[from] brn
|upkeep
|turn|10
|
|t:|1657040455
|switch|p1a: Ninetales|Ninetales, F, shiny|84/100
|-weather|SunnyDay|[from] ability: Drought|[of] p1a: Ninetales
|switch|p2a: Nihilego|Nihilego|100/100
|
|-weather|SunnyDay|[upkeep]
|upkeep
|turn|11
|
|t:|1657040463
|move|p2a: Nihilego|Stealth Rock|p1a: Ninetales
|-sidestart|p1: ninjadouche|move: Stealth Rock
|move|p1a: Ninetales|Scorching Sands|p2a: Nihilego
|-supereffective|p2a: Nihilego
|-damage|p2a: Nihilego|44/100
|-status|p2a: Nihilego|brn
|
|-weather|SunnyDay|[upkeep]
|-heal|p2a: Nihilego|50/100 brn|[from] item: Black Sludge
|-damage|p2a: Nihilego|44/100 brn|[from] brn
|upkeep
|turn|12
|
|t:|1657040468
|switch|p1a: Snorlax|Snorlax, F|84/100
|-damage|p1a: Snorlax|72/100|[from] Stealth Rock
|move|p2a: Nihilego|Power Gem|p1a: Snorlax
|-damage|p1a: Snorlax|49/100
|
|-weather|SunnyDay|[upkeep]
|-heal|p2a: Nihilego|50/100 brn|[from] item: Black Sludge
|-damage|p2a: Nihilego|44/100 brn|[from] brn
|upkeep
|turn|13
|
|t:|1657040473
|switch|p2a: Skarmory|Skarmory, F|22/100
|move|p1a: Snorlax|Heat Crash|p2a: Skarmory
|-supereffective|p2a: Skarmory
|-damage|p2a: Skarmory|0 fnt
|faint|p2a: Skarmory
|
|-weather|SunnyDay|[upkeep]
|upkeep
|
|t:|1657040484
|switch|p2a: Togedemaru|Togedemaru, M|100/100
|turn|14
|
|t:|1657040490
|switch|p1a: Rotom|Rotom-Wash|93/100
|-damage|p1a: Rotom|80/100|[from] Stealth Rock
|move|p2a: Togedemaru|Zing Zap|p1a: Rotom
|-damage|p1a: Rotom|55/100
|
|-weather|none
|upkeep
|turn|15
|
|t:|1657040496
|move|p2a: Togedemaru|Zing Zap|p1a: Rotom
|-damage|p1a: Rotom|30/100
|move|p1a: Rotom|Defog|p2a: Togedemaru
|-unboost|p2a: Togedemaru|evasion|1
|-sideend|p1: ninjadouche|Stealth Rock|[from] move: Defog|[of] p1a: Rotom
|
|upkeep
|turn|16
|
|t:|1657040499
|move|p2a: Togedemaru|Zing Zap|p1a: Rotom
|-damage|p1a: Rotom|4/100
|cant|p1a: Rotom|flinch
|
|upkeep
|turn|17
|
|t:|1657040508
|switch|p1a: Marowak|Marowak-Alola, F|100/100
|move|p2a: Togedemaru|Zing Zap|p1a: Marowak
|-ability|p1a: Marowak|Lightning Rod|boost
|-boost|p1a: Marowak|spa|1
|
|upkeep
|turn|18
|
|t:|1657040514
|switch|p2a: Slowking|Slowking, M|87/100
|move|p1a: Marowak|Substitute|p1a: Marowak
|-start|p1a: Marowak|Substitute
|-damage|p1a: Marowak|76/100
|
|upkeep
|turn|19
|
|t:|1657040521
|move|p1a: Marowak|Flare Blitz|p2a: Slowking
|-resisted|p2a: Slowking
|-damage|p2a: Slowking|51/100
|-damage|p1a: Marowak|59/100|[from] Recoil
|move|p2a: Slowking|Scald|p1a: Marowak
|-supereffective|p1a: Marowak
|-crit|p1a: Marowak
|-end|p1a: Marowak|Substitute
|
|upkeep
|turn|20
|
|t:|1657040529
|switch|p1a: Ninetales|Ninetales, F, shiny|84/100
|-weather|SunnyDay|[from] ability: Drought|[of] p1a: Ninetales
|move|p2a: Slowking|Teleport|p2a: Slowking
|
|t:|1657040535
|switch|p2a: Nihilego|Nihilego|44/100 brn|[from]move: Teleport
|
|-weather|SunnyDay|[upkeep]
|-heal|p2a: Nihilego|50/100 brn|[from] item: Black Sludge
|-damage|p2a: Nihilego|44/100 brn|[from] brn
|upkeep
|turn|21
|
|t:|1657040541
|switch|p1a: Rotom|Rotom-Wash|4/100
|move|p2a: Nihilego|Power Gem|p1a: Rotom
|-damage|p1a: Rotom|0 fnt
|faint|p1a: Rotom
|-ability|p2a: Nihilego|Beast Boost|boost
|-boost|p2a: Nihilego|spa|1
|
|-weather|SunnyDay|[upkeep]
|-heal|p2a: Nihilego|50/100 brn|[from] item: Black Sludge
|-damage|p2a: Nihilego|44/100 brn|[from] brn
|upkeep
|
|t:|1657040545
|switch|p1a: Shiftry|Shiftry, F|54/100
|turn|22
|
|t:|1657040554
|switch|p2a: Tangrowth|Tangrowth, F|100/100 brn
|move|p1a: Shiftry|Knock Off|p2a: Tangrowth
|-damage|p2a: Tangrowth|66/100 brn
|-enditem|p2a: Tangrowth|Assault Vest|[from] move: Knock Off|[of] p1a: Shiftry
|-damage|p1a: Shiftry|44/100|[from] item: Life Orb
|
|-weather|SunnyDay|[upkeep]
|-damage|p2a: Tangrowth|60/100 brn|[from] brn
|upkeep
|turn|23
|
|t:|1657040561
|move|p1a: Shiftry|Heat Wave|p2a: Tangrowth
|-supereffective|p2a: Tangrowth
|-damage|p2a: Tangrowth|0 fnt
|faint|p2a: Tangrowth
|-damage|p1a: Shiftry|34/100|[from] item: Life Orb
|
|-weather|SunnyDay|[upkeep]
|upkeep
|
|t:|1657040570
|switch|p2a: Togedemaru|Togedemaru, M|100/100
|turn|24
|
|t:|1657040573
|switch|p1a: Marowak|Marowak-Alola, F|59/100
|switch|p2a: Slowking|Slowking, M|84/100
|
|-weather|none
|upkeep
|turn|25
|
|t:|1657040585
|move|p1a: Marowak|Flare Blitz|p2a: Slowking
|-resisted|p2a: Slowking
|-damage|p2a: Slowking|47/100
|-damage|p1a: Marowak|43/100|[from] Recoil
|move|p2a: Slowking|Teleport|p2a: Slowking
|
|t:|1657040590
|switch|p2a: Nihilego|Nihilego|44/100 brn|[from]move: Teleport
|
|-heal|p2a: Nihilego|50/100 brn|[from] item: Black Sludge
|-damage|p2a: Nihilego|44/100 brn|[from] brn
|upkeep
|turn|26
|
|t:|1657040607
|switch|p1a: Ninetales|Ninetales, F, shiny|84/100
|-weather|SunnyDay|[from] ability: Drought|[of] p1a: Ninetales
|move|p2a: Nihilego|Power Gem|p1a: Ninetales
|-supereffective|p1a: Ninetales
|-damage|p1a: Ninetales|0 fnt
|faint|p1a: Ninetales
|-ability|p2a: Nihilego|Beast Boost|boost
|-boost|p2a: Nihilego|spa|1
|
|-weather|SunnyDay|[upkeep]
|-heal|p2a: Nihilego|50/100 brn|[from] item: Black Sludge
|-damage|p2a: Nihilego|44/100 brn|[from] brn
|upkeep
|
|t:|1657040610
|switch|p1a: Shiftry|Shiftry, F|34/100
|turn|27
|
|t:|1657040621
|switch|p2a: Slowking|Slowking, M|80/100
|move|p1a: Shiftry|Knock Off|p2a: Slowking
|-supereffective|p2a: Slowking
|-crit|p2a: Slowking
|-damage|p2a: Slowking|0 fnt
|faint|p2a: Slowking
|-damage|p1a: Shiftry|24/100|[from] item: Life Orb
|
|-weather|SunnyDay|[upkeep]
|upkeep
|
|t:|1657040624
|switch|p2a: Togedemaru|Togedemaru, M|100/100
|turn|28
|
|t:|1657040632
|switch|p1a: Marowak|Marowak-Alola, F|43/100
|move|p2a: Togedemaru|U-turn|p1a: Marowak
|-resisted|p1a: Marowak
|-damage|p1a: Marowak|37/100
|
|t:|1657040639
|switch|p2a: Nihilego|Nihilego|44/100 brn|[from]move: U-turn
|
|-weather|SunnyDay|[upkeep]
|-heal|p2a: Nihilego|50/100 brn|[from] item: Black Sludge
|-damage|p2a: Nihilego|44/100 brn|[from] brn
|upkeep
|turn|29
|
|t:|1657040642
|move|p2a: Nihilego|Power Gem|p1a: Marowak
|-supereffective|p1a: Marowak
|-damage|p1a: Marowak|0 fnt
|faint|p1a: Marowak
|-ability|p2a: Nihilego|Beast Boost|boost
|-boost|p2a: Nihilego|spa|1
|
|-weather|SunnyDay|[upkeep]
|-heal|p2a: Nihilego|50/100 brn|[from] item: Black Sludge
|-damage|p2a: Nihilego|44/100 brn|[from] brn
|upkeep
|
|t:|1657040644
|switch|p1a: Shiftry|Shiftry, F|24/100
|turn|30
|
|t:|1657040657
|switch|p2a: Togedemaru|Togedemaru, M|100/100
|move|p1a: Shiftry|Knock Off|p2a: Togedemaru
|-damage|p2a: Togedemaru|0 fnt
|-enditem|p2a: Togedemaru|Choice Scarf|[from] move: Knock Off|[of] p1a: Shiftry
|faint|p2a: Togedemaru
|-damage|p1a: Shiftry|14/100|[from] item: Life Orb
|
|-weather|none
|upkeep
|
|t:|1657040662
|switch|p2a: Nihilego|Nihilego|44/100 brn
|turn|31
|
|t:|1657040669
|switch|p2a: Azelf|Azelf|100/100
|move|p1a: Shiftry|Knock Off|p2a: Azelf
|-supereffective|p2a: Azelf
|-damage|p2a: Azelf|0 fnt
|-enditem|p2a: Azelf|Heavy-Duty Boots|[from] move: Knock Off|[of] p1a: Shiftry
|faint|p2a: Azelf
|-damage|p1a: Shiftry|4/100|[from] item: Life Orb
|
|upkeep
|
|t:|1657040673
|switch|p2a: Nihilego|Nihilego|44/100 brn
|turn|32
|c|☆ninjadouche|gg
|
|t:|1657040682
|move|p2a: Nihilego|Power Gem|p1a: Shiftry
|-damage|p1a: Shiftry|0 fnt
|faint|p1a: Shiftry
|-ability|p2a: Nihilego|Beast Boost|boost
|-boost|p2a: Nihilego|spa|1
|
|-heal|p2a: Nihilego|50/100 brn|[from] item: Black Sludge
|-damage|p2a: Nihilego|44/100 brn|[from] brn
|upkeep
|
|t:|1657040684
|switch|p1a: Snorlax|Snorlax, F|49/100
|turn|33
|
|t:|1657040689
|move|p2a: Nihilego|Sludge Bomb|p1a: Snorlax
|-damage|p1a: Snorlax|8/100
|move|p1a: Snorlax|Superpower|p2a: Nihilego
|-damage|p2a: Nihilego|0 fnt
|-unboost|p1a: Snorlax|atk|1
|-unboost|p1a: Snorlax|def|1
|faint|p2a: Nihilego
|
|win|ninjadouche
|raw|ninjadouche's rating: 1522 &rarr; <strong>1537</strong><br />(+15 for winning)
|raw|Eazigzagoon's rating: 1442 &rarr; <strong>1427</strong><br />(-15 for losing)
|l|☆Eazigzagoon
|l|☆ninjadouche
|j|☆ninjadouche
|player|p1|ninjadouche|burglar
||Ladder isn't responding, score probably updated but might not have (Request timeout).
