|j|☆lanouille
|j|☆YoungSinatra44
|t:|1613310881
|player|p1|lanouille|schoolkid|1446
|player|p2|YoungSinatra44|1|1505
|teamsize|p1|6
|teamsize|p2|6
|gametype|singles
|gen|8
|tier|[Gen 8] UU
|rated|
|clearpoke
|poke|p1|Nihilego|
|poke|p1|Ditto|
|poke|p1|Thundurus, M|
|poke|p1|Azumarill, F|
|poke|p1|Salamence, F|
|poke|p1|Jirachi|
|poke|p2|Azelf|
|poke|p2|Tangrowth, M|
|poke|p2|Tentacruel, F|
|poke|p2|Jolteon, F|
|poke|p2|Scizor, F|
|poke|p2|Rhyperior, F|
|rule|Sleep Clause Mod: Limit one foe put to sleep
|rule|Species Clause: Limit one of each Pokémon
|rule|OHKO Clause: OHKO moves are banned
|rule|Evasion Moves Clause: Evasion moves are banned
|rule|Endless Battle Clause: Forcing endless battles is banned
|rule|HP Percentage Mod: HP is shown in percentages
|rule|Dynamax Clause: You cannot dynamax
|teampreview
|
|t:|1613310918
|start
|switch|p1a: Ditto|Ditto|100/100
|switch|p2a: Jolteon|Jolteon, F|100/100
|-transform|p1a: Ditto|p2a: Jolteon|[from] ability: Imposter
|turn|1
|j| Bluedenimlook
|
|t:|1613310930
|move|p1a: Ditto|Toxic|p2a: Jolteon
|-status|p2a: Jolteon|tox
|move|p2a: Jolteon|Volt Switch|p1a: Ditto
|-immune|p1a: Ditto|[from] ability: Volt Absorb
|
|-damage|p2a: Jolteon|95/100 tox|[from] psn
|upkeep
|turn|2
|
|t:|1613310942
|move|p1a: Ditto|Toxic|p2a: Jolteon
|-fail|p2a: Jolteon|tox
|move|p2a: Jolteon|Volt Switch|p1a: Ditto
|-immune|p1a: Ditto|[from] ability: Volt Absorb
|
|-damage|p2a: Jolteon|83/100 tox|[from] psn
|upkeep
|turn|3
|l| Bluedenimlook
|
|t:|1613310956
|switch|p1a: Nihilego|Nihilego|100/100
|switch|p2a: Tentacruel|Tentacruel, F|100/100
|
|upkeep
|turn|4
|
|t:|1613310964
|move|p1a: Nihilego|Meteor Beam||[still]
|-prepare|p1a: Nihilego|Meteor Beam
|-boost|p1a: Nihilego|spa|1
|-enditem|p1a: Nihilego|Power Herb
|-anim|p1a: Nihilego|Meteor Beam|p2a: Tentacruel
|-damage|p2a: Tentacruel|47/100
|move|p2a: Tentacruel|Toxic Spikes|p1a: Nihilego
|-sidestart|p1: lanouille|move: Toxic Spikes
|
|-heal|p2a: Tentacruel|53/100|[from] item: Black Sludge
|upkeep
|turn|5
|
|t:|1613310976
|move|p1a: Nihilego|Power Gem|p2a: Tentacruel
|-damage|p2a: Tentacruel|20/100
|move|p2a: Tentacruel|Scald|p1a: Nihilego
|-supereffective|p1a: Nihilego
|-damage|p1a: Nihilego|66/100
|
|-heal|p2a: Tentacruel|26/100|[from] item: Black Sludge
|upkeep
|turn|6
|
|t:|1613310984
|switch|p2a: Scizor|Scizor, F|100/100
|move|p1a: Nihilego|Power Gem|p2a: Scizor
|-damage|p2a: Scizor|17/100
|
|upkeep
|turn|7
|
|t:|1613310993
|switch|p1a: Jirachi|Jirachi|100/100
|move|p2a: Scizor|Bullet Punch|p1a: Jirachi
|-resisted|p1a: Jirachi
|-damage|p1a: Jirachi|79/100
|
|-heal|p1a: Jirachi|85/100|[from] item: Leftovers
|upkeep
|turn|8
|-message|YoungSinatra44 forfeited.
|
|win|lanouille
|l|☆YoungSinatra44
|raw|lanouille's rating: 1446 &rarr; <strong>1469</strong><br />(+23 for winning)
|raw|YoungSinatra44's rating: 1505 &rarr; <strong>1482</strong><br />(-23 for losing)
