|raw|<div class="broadcast-blue"><strong>This battle is required to be public due to a player having a name starting with 'uult91w'.</div>
|j|☆TestB4Best
|j|☆UULT91w udon
|t:|1651982760
|gametype|singles
|player|p1|TestB4Best|blackbelt-gen4dp|1472
|player|p2|UULT91w udon|#bltviiiturtwigs|1561
|teamsize|p1|6
|teamsize|p2|6
|gen|8
|tier|[Gen 8] UU
|rated|
|rule|Sleep Clause Mod: Limit one foe put to sleep
|rule|Species Clause: Limit one of each Pokémon
|rule|OHKO Clause: OHKO moves are banned
|rule|Evasion Moves Clause: Evasion moves are banned
|rule|Endless Battle Clause: Forcing endless battles is banned
|rule|HP Percentage Mod: HP is shown in percentages
|rule|Dynamax Clause: You cannot dynamax
|clearpoke
|poke|p1|Omastar, F|
|poke|p1|Indeedee, M|
|poke|p1|Tornadus, M|
|poke|p1|Nihilego|
|poke|p1|Excadrill, M|
|poke|p1|Zarude-Dada|
|poke|p2|Salamence, F|
|poke|p2|Rotom-Wash|
|poke|p2|Aegislash, F|
|poke|p2|Reuniclus, F|
|poke|p2|Nidoqueen, F|
|poke|p2|Zarude|
|teampreview
|j| instant throw
|
|t:|1651982773
|start
|switch|p1a: Indeedee|Indeedee, M|100/100
|switch|p2a: Zarude|Zarude|100/100
|-fieldstart|move: Psychic Terrain|[from] ability: Psychic Surge|[of] p1a: Indeedee
|turn|1
|inactive|Battle timer is ON: inactive players will automatically lose when time's up. (requested by TestB4Best)
|
|t:|1651982781
|switch|p1a: Omastar|Omastar, F|100/100
|move|p2a: Zarude|Darkest Lariat|p1a: Omastar
|-damage|p1a: Omastar|36/100
|-ability|p1a: Omastar|Weak Armor|boost
|-unboost|p1a: Omastar|def|1
|-boost|p1a: Omastar|spe|2
|
|upkeep
|turn|2
|j| turtledoggo1
|j|+Accel
|
|t:|1651982794
|switch|p2a: Reuniclus|Reuniclus, F|100/100
|move|p1a: Omastar|Meteor Beam||[still]
|-prepare|p1a: Omastar|Meteor Beam
|-boost|p1a: Omastar|spa|1
|-enditem|p1a: Omastar|Power Herb
|-anim|p1a: Omastar|Meteor Beam|p2a: Reuniclus
|-damage|p2a: Reuniclus|57/100
|
|upkeep
|turn|3
|
|t:|1651982805
|move|p1a: Omastar|Surf|p2a: Reuniclus
|-damage|p2a: Reuniclus|26/100
|move|p2a: Reuniclus|Psyshock|p1a: Omastar
|-damage|p1a: Omastar|0 fnt
|faint|p1a: Omastar
|
|upkeep
|
|t:|1651982819
|switch|p1a: Zarude|Zarude-Dada|100/100
|turn|4
|
|t:|1651982826
|switch|p2a: Salamence|Salamence, F|100/100
|-ability|p2a: Salamence|Intimidate|boost
|-unboost|p1a: Zarude|atk|1
|move|p1a: Zarude|Bulk Up|p1a: Zarude
|-boost|p1a: Zarude|atk|1
|-boost|p1a: Zarude|def|1
|
|upkeep
|turn|5
|
|t:|1651982831
|switch|p1a: Nihilego|Nihilego|100/100
|move|p2a: Salamence|Fire Blast|p1a: Nihilego
|-resisted|p1a: Nihilego
|-damage|p1a: Nihilego|79/100
|
|upkeep
|turn|6
|
|t:|1651982839
|switch|p2a: Nidoqueen|Nidoqueen, F|100/100
|move|p1a: Nihilego|Stealth Rock|p2a: Nidoqueen
|-sidestart|p2: UULT91w udon|move: Stealth Rock
|
|upkeep
|turn|7
|
|t:|1651982849
|switch|p1a: Indeedee|Indeedee, M|100/100
|move|p2a: Nidoqueen|Stealth Rock|p1a: Indeedee
|-sidestart|p1: TestB4Best|move: Stealth Rock
|
|upkeep
|turn|8
|
|t:|1651982857
|switch|p2a: Zarude|Zarude|100/100
|-damage|p2a: Zarude|88/100|[from] Stealth Rock
|move|p1a: Indeedee|Mystical Fire|p2a: Zarude
|-supereffective|p2a: Zarude
|-damage|p2a: Zarude|42/100
|-unboost|p2a: Zarude|spa|1
|
|-fieldend|move: Psychic Terrain
|upkeep
|turn|9
|j|+Paleo
|inactive|TestB4Best has 120 seconds left.
|
|t:|1651982895
|switch|p1a: Zarude|Zarude-Dada|100/100
|-damage|p1a: Zarude|88/100|[from] Stealth Rock
|move|p2a: Zarude|Darkest Lariat|p1a: Zarude
|-resisted|p1a: Zarude
|-damage|p1a: Zarude|59/100
|
|upkeep
|turn|10
|l|+Accel
|inactive|TestB4Best has 120 seconds left.
|
|t:|1651982911
|switch|p2a: Nidoqueen|Nidoqueen, F|100/100
|-damage|p2a: Nidoqueen|94/100|[from] Stealth Rock
|move|p1a: Zarude|Bulk Up|p1a: Zarude
|-boost|p1a: Zarude|atk|1
|-boost|p1a: Zarude|def|1
|
|upkeep
|turn|11
|
|t:|1651982915
|move|p1a: Zarude|Darkest Lariat|p2a: Nidoqueen
|-damage|p2a: Nidoqueen|19/100
|move|p2a: Nidoqueen|Sludge Wave|p1a: Zarude
|-supereffective|p1a: Zarude
|-damage|p1a: Zarude|0 fnt
|faint|p1a: Zarude
|
|upkeep
|inactive|TestB4Best has 120 seconds left.
|
|t:|1651982922
|switch|p1a: Indeedee|Indeedee, M|100/100
|-damage|p1a: Indeedee|88/100|[from] Stealth Rock
|-fieldstart|move: Psychic Terrain|[from] ability: Psychic Surge|[of] p1a: Indeedee
|turn|12
|inactive|TestB4Best has 120 seconds left.
|
|t:|1651982933
|move|p1a: Indeedee|Expanding Force|p2a: Nidoqueen
|-supereffective|p2a: Nidoqueen
|-damage|p2a: Nidoqueen|0 fnt
|faint|p2a: Nidoqueen
|
|upkeep
|
|t:|1651982934
|switch|p2a: Zarude|Zarude|42/100
|-damage|p2a: Zarude|30/100|[from] Stealth Rock
|turn|13
|inactive|TestB4Best has 120 seconds left.
|
|t:|1651982970
|move|p2a: Zarude|Darkest Lariat|p1a: Indeedee
|-supereffective|p1a: Indeedee
|-damage|p1a: Indeedee|0 fnt
|faint|p1a: Indeedee
|
|upkeep
|
|t:|1651982976
|switch|p1a: Excadrill|Excadrill, M|100/100
|-damage|p1a: Excadrill|97/100|[from] Stealth Rock
|-ability|p1a: Excadrill|Mold Breaker
|turn|14
|
|t:|1651982991
|move|p2a: Zarude|Darkest Lariat|p1a: Excadrill
|-damage|p1a: Excadrill|12/100
|move|p1a: Excadrill|Rapid Spin|p2a: Zarude
|-crit|p2a: Zarude
|-damage|p2a: Zarude|0 fnt
|-boost|p1a: Excadrill|spe|1
|-sideend|p1: TestB4Best|Stealth Rock|[from] move: Rapid Spin|[of] p1a: Excadrill
|faint|p2a: Zarude
|-damage|p1a: Excadrill|2/100|[from] item: Life Orb
|
|upkeep
|
|t:|1651982997
|switch|p2a: Aegislash|Aegislash, F|100/100
|-damage|p2a: Aegislash|94/100|[from] Stealth Rock
|turn|15
|inactive|TestB4Best has 120 seconds left.
|
|t:|1651983008
|move|p2a: Aegislash|King's Shield|p2a: Aegislash
|-singleturn|p2a: Aegislash|Protect
|move|p1a: Excadrill|Earthquake|p2a: Aegislash
|-activate|p2a: Aegislash|move: Protect
|
|-heal|p2a: Aegislash|100/100|[from] item: Leftovers
|upkeep
|turn|16
|j| hariyana grande
|inactive|TestB4Best has 120 seconds left.
|
|t:|1651983019
|switch|p2a: Salamence|Salamence, F|100/100
|-damage|p2a: Salamence|76/100|[from] Stealth Rock
|-ability|p2a: Salamence|Intimidate|boost
|-unboost|p1a: Excadrill|atk|1
|move|p1a: Excadrill|Swords Dance|p1a: Excadrill
|-boost|p1a: Excadrill|atk|2
|
|upkeep
|turn|17
|inactive|TestB4Best has 120 seconds left.
|
|t:|1651983033
|move|p1a: Excadrill|Earthquake|p2a: Salamence
|-immune|p2a: Salamence
|move|p2a: Salamence|Draco Meteor|p1a: Excadrill
|-resisted|p1a: Excadrill
|-damage|p1a: Excadrill|0 fnt
|-unboost|p2a: Salamence|spa|2
|faint|p1a: Excadrill
|
|upkeep
|inactive|TestB4Best has 120 seconds left.
|
|t:|1651983039
|switch|p1a: Nihilego|Nihilego|79/100
|turn|18
|
|t:|1651983051
|move|p1a: Nihilego|Meteor Beam||[still]
|-prepare|p1a: Nihilego|Meteor Beam
|-boost|p1a: Nihilego|spa|1
|-enditem|p1a: Nihilego|Power Herb
|-anim|p1a: Nihilego|Meteor Beam|p2a: Salamence
|-supereffective|p2a: Salamence
|-damage|p2a: Salamence|0 fnt
|faint|p2a: Salamence
|-ability|p1a: Nihilego|Beast Boost|boost
|-boost|p1a: Nihilego|spe|1
|
|upkeep
|
|t:|1651983054
|switch|p2a: Aegislash|Aegislash, F|100/100
|-damage|p2a: Aegislash|94/100|[from] Stealth Rock
|turn|19
|
|t:|1651983065
|switch|p1a: Tornadus|Tornadus, M|100/100
|-enditem|p1a: Tornadus|Psychic Seed
|-boost|p1a: Tornadus|spd|1|[from] item: Psychic Seed
|move|p2a: Aegislash|Swords Dance|p2a: Aegislash
|-boost|p2a: Aegislash|atk|2
|
|-heal|p2a: Aegislash|100/100|[from] item: Leftovers
|-fieldend|move: Psychic Terrain
|upkeep
|turn|20
|
|t:|1651983074
|move|p1a: Tornadus|Bulk Up|p1a: Tornadus
|-boost|p1a: Tornadus|atk|1
|-boost|p1a: Tornadus|def|1
|-formechange|p2a: Aegislash|Aegislash-Blade||[from] ability: Stance Change
|move|p2a: Aegislash|Close Combat|p1a: Tornadus
|-resisted|p1a: Tornadus
|-damage|p1a: Tornadus|60/100
|-unboost|p2a: Aegislash|def|1
|-unboost|p2a: Aegislash|spd|1
|
|upkeep
|turn|21
|
|t:|1651983086
|switch|p2a: Rotom|Rotom-Wash|100/100
|move|p1a: Tornadus|Bulk Up|p1a: Tornadus
|-boost|p1a: Tornadus|atk|1
|-boost|p1a: Tornadus|def|1
|
|upkeep
|turn|22
|
|t:|1651983098
|move|p1a: Tornadus|Rest|p1a: Tornadus
|-status|p1a: Tornadus|slp|[from] move: Rest
|-heal|p1a: Tornadus|100/100 slp|[silent]
|move|p2a: Rotom|Hydro Pump|p1a: Tornadus
|-damage|p1a: Tornadus|81/100 slp
|
|upkeep
|turn|23
|
|t:|1651983106
|cant|p1a: Tornadus|slp
|move|p1a: Tornadus|Sleep Talk|p1a: Tornadus
|move|p1a: Tornadus|Acrobatics|p2a: Rotom|[from]move: Sleep Talk
|-resisted|p2a: Rotom
|-damage|p2a: Rotom|64/100
|move|p2a: Rotom|Volt Switch|p1a: Tornadus
|-supereffective|p1a: Tornadus
|-damage|p1a: Tornadus|54/100 slp
|
|t:|1651983109
|switch|p2a: Aegislash|Aegislash, F|100/100|[from]move: Volt Switch
|-damage|p2a: Aegislash|94/100|[from] Stealth Rock
|
|-heal|p2a: Aegislash|100/100|[from] item: Leftovers
|upkeep
|turn|24
|
|t:|1651983118
|cant|p1a: Tornadus|slp
|move|p1a: Tornadus|Sleep Talk|p1a: Tornadus
|move|p1a: Tornadus|Bulk Up|p1a: Tornadus|[from]move: Sleep Talk
|-boost|p1a: Tornadus|atk|1
|-boost|p1a: Tornadus|def|1
|move|p2a: Aegislash|Swords Dance|p2a: Aegislash
|-boost|p2a: Aegislash|atk|2
|
|upkeep
|turn|25
|
|t:|1651983133
|-curestatus|p1a: Tornadus|slp|[msg]
|move|p1a: Tornadus|Bulk Up|p1a: Tornadus
|-boost|p1a: Tornadus|atk|1
|-boost|p1a: Tornadus|def|1
|move|p2a: Aegislash|Swords Dance|p2a: Aegislash
|-boost|p2a: Aegislash|atk|2
|
|upkeep
|turn|26
|
|t:|1651983141
|move|p1a: Tornadus|Acrobatics|p2a: Aegislash
|-resisted|p2a: Aegislash
|-damage|p2a: Aegislash|49/100
|move|p2a: Aegislash|Swords Dance|p2a: Aegislash
|-boost|p2a: Aegislash|atk|2
|
|-heal|p2a: Aegislash|55/100|[from] item: Leftovers
|upkeep
|turn|27
|
|t:|1651983152
|move|p1a: Tornadus|Bulk Up|p1a: Tornadus
|-boost|p1a: Tornadus|atk|1
|-boost|p1a: Tornadus|def|1
|-formechange|p2a: Aegislash|Aegislash-Blade||[from] ability: Stance Change
|move|p2a: Aegislash|Close Combat|p1a: Tornadus
|-resisted|p1a: Tornadus
|-damage|p1a: Tornadus|20/100
|-unboost|p2a: Aegislash|def|1
|-unboost|p2a: Aegislash|spd|1
|
|-heal|p2a: Aegislash|61/100|[from] item: Leftovers
|upkeep
|turn|28
|
|t:|1651983163
|move|p1a: Tornadus|Rest|p1a: Tornadus
|-status|p1a: Tornadus|slp|[from] move: Rest
|-heal|p1a: Tornadus|100/100 slp|[silent]
|move|p2a: Aegislash|Shadow Sneak|p1a: Tornadus
|-damage|p1a: Tornadus|67/100 slp
|
|-heal|p2a: Aegislash|67/100|[from] item: Leftovers
|upkeep
|turn|29
|
|t:|1651983172
|cant|p1a: Tornadus|slp
|move|p1a: Tornadus|Sleep Talk|p1a: Tornadus
|move|p1a: Tornadus|Bulk Up|p1a: Tornadus|[from]move: Sleep Talk
|-boost|p1a: Tornadus|atk|1
|-boost|p1a: Tornadus|def|1
|move|p2a: Aegislash|Shadow Sneak|p1a: Tornadus
|-damage|p1a: Tornadus|36/100 slp
|
|-heal|p2a: Aegislash|73/100|[from] item: Leftovers
|upkeep
|turn|30
|
|t:|1651983180
|cant|p1a: Tornadus|slp
|move|p1a: Tornadus|Sleep Talk|p1a: Tornadus
|move|p1a: Tornadus|Acrobatics|p2a: Aegislash|[from]move: Sleep Talk
|-resisted|p2a: Aegislash
|-damage|p2a: Aegislash|0 fnt
|faint|p2a: Aegislash
|
|upkeep
|-message|UULT91w udon forfeited.
|
|win|TestB4Best
|raw|TestB4Best's rating: 1472 &rarr; <strong>1497</strong><br />(+25 for winning)
|raw|UULT91w udon's rating: 1561 &rarr; <strong>1536</strong><br />(-25 for losing)
|l|☆UULT91w udon
|l| instant throw
