|j|☆Low Ladder Terror
|j|☆wiheihggwp
|t:|1606274297
|player|p1|Low Ladder Terror|teamrocket|
|player|p2|wiheihggwp|blackbelt-gen4dp|
|teamsize|p1|6
|teamsize|p2|6
|gametype|singles
|gen|8
|tier|[Gen 8] UU
|rated|Tournament battle
|clearpoke
|poke|p1|Chandelure, F|
|poke|p1|Primarina, M|
|poke|p1|Jirachi|
|poke|p1|Diggersby, F|
|poke|p1|Hydreigon, M|
|poke|p1|Amoonguss, F|
|poke|p2|Volcarona, F|
|poke|p2|Skarmory, F|
|poke|p2|Gastrodon, M|
|poke|p2|Jirachi|
|poke|p2|Hydreigon, M|
|poke|p2|Tentacruel, M|
|rule|Sleep Clause Mod: Limit one foe put to sleep
|rule|Species Clause: Limit one of each Pokémon
|rule|OHKO Clause: OHKO moves are banned
|rule|Evasion Moves Clause: Evasion moves are banned
|rule|Endless Battle Clause: Forcing endless battles is banned
|rule|HP Percentage Mod: HP is shown in percentages
|rule|Dynamax Clause: You cannot dynamax
|teampreview
|j| Mystras Leoxses
|inactive|Battle timer is ON: inactive players will automatically lose when time's up. (requested by Low Ladder Terror)
|j| Crushy Soul
|j| 467 11 11p
|inactive|Low Ladder Terror has 120 seconds left.
|
|t:|1606274334
|start
|switch|p1a: Primarina|Primarina, M, shiny|100/100
|switch|p2a: Jirachi|Jirachi|100/100
|turn|1
|j|+ThatTheDamned
|
|t:|1606274347
|switch|p1a: Amoonguss|Amoonguss, F, shiny|100/100
|move|p2a: Jirachi|U-turn|p1a: Amoonguss
|-damage|p1a: Amoonguss|87/100
|-damage|p2a: Jirachi|84/100|[from] item: Rocky Helmet|[of] p1a: Amoonguss
|
|t:|1606274362
|switch|p2a: Volcarona|Volcarona, F|100/100|[from]move: U-turn
|
|upkeep
|turn|2
|j| art imitates me
|j| BigFatMantis
|
|t:|1606274381
|move|p2a: Volcarona|Bug Buzz|p1a: Amoonguss
|-damage|p1a: Amoonguss|52/100
|move|p1a: Amoonguss|Spore|p2a: Volcarona
|-status|p2a: Volcarona|slp|[from] move: Spore
|
|upkeep
|turn|3
|
|t:|1606274391
|switch|p2a: Tentacruel|Tentacruel, M|100/100
|switch|p1a: Primarina|Primarina, M, shiny|100/100
|
|upkeep
|turn|4
|
|t:|1606274412
|switch|p1a: Amoonguss|Amoonguss, F, shiny|85/100
|move|p2a: Tentacruel|Swords Dance|p2a: Tentacruel
|-boost|p2a: Tentacruel|atk|2
|
|upkeep
|turn|5
|c| art imitates me|Tits cray
|
|t:|1606274425
|move|p2a: Tentacruel|Rapid Spin|p1a: Amoonguss
|-damage|p1a: Amoonguss|68/100
|-boost|p2a: Tentacruel|spe|1
|-damage|p2a: Tentacruel|84/100|[from] item: Rocky Helmet|[of] p1a: Amoonguss
|move|p1a: Amoonguss|Stun Spore|p2a: Tentacruel
|-status|p2a: Tentacruel|par
|
|-heal|p2a: Tentacruel|90/100 par|[from] item: Black Sludge
|upkeep
|turn|6
|
|t:|1606274441
|switch|p1a: Jirachi|Jirachi, shiny|100/100
|move|p2a: Tentacruel|Poison Jab|p1a: Jirachi
|-immune|p1a: Jirachi
|
|-heal|p2a: Tentacruel|96/100 par|[from] item: Black Sludge
|upkeep
|turn|7
|
|t:|1606274448
|move|p1a: Jirachi|Iron Head|p2a: Tentacruel
|-resisted|p2a: Tentacruel
|-damage|p2a: Tentacruel|75/100 par
|cant|p2a: Tentacruel|flinch
|
|-heal|p2a: Tentacruel|81/100 par|[from] item: Black Sludge
|upkeep
|turn|8
|
|t:|1606274453
|move|p1a: Jirachi|Iron Head|p2a: Tentacruel
|-resisted|p2a: Tentacruel
|-damage|p2a: Tentacruel|60/100 par
|cant|p2a: Tentacruel|flinch
|
|-heal|p2a: Tentacruel|66/100 par|[from] item: Black Sludge
|upkeep
|turn|9
|
|t:|1606274458
|move|p1a: Jirachi|Iron Head|p2a: Tentacruel
|-resisted|p2a: Tentacruel
|-damage|p2a: Tentacruel|45/100 par
|cant|p2a: Tentacruel|flinch
|
|-heal|p2a: Tentacruel|51/100 par|[from] item: Black Sludge
|upkeep
|turn|10
|
|t:|1606274464
|move|p1a: Jirachi|Iron Head|p2a: Tentacruel
|-resisted|p2a: Tentacruel
|-damage|p2a: Tentacruel|29/100 par
|cant|p2a: Tentacruel|flinch
|
|-heal|p2a: Tentacruel|35/100 par|[from] item: Black Sludge
|upkeep
|turn|11
|
|t:|1606274475
|switch|p2a: Skarmory|Skarmory, F|100/100
|move|p1a: Jirachi|Iron Head|p2a: Skarmory
|-resisted|p2a: Skarmory
|-damage|p2a: Skarmory|91/100
|
|-heal|p2a: Skarmory|97/100|[from] item: Leftovers
|upkeep
|turn|12
|
|t:|1606274485
|move|p1a: Jirachi|Stealth Rock|p2a: Skarmory
|-sidestart|p2: wiheihggwp|move: Stealth Rock
|move|p2a: Skarmory|Stealth Rock|p1a: Jirachi
|-sidestart|p1: Low Ladder Terror|move: Stealth Rock
|
|-heal|p2a: Skarmory|100/100|[from] item: Leftovers
|upkeep
|turn|13
|
|t:|1606274493
|move|p1a: Jirachi|U-turn|p2a: Skarmory
|-resisted|p2a: Skarmory
|-damage|p2a: Skarmory|98/100
|
|t:|1606274505
|switch|p1a: Amoonguss|Amoonguss, F, shiny|100/100|[from]move: U-turn
|-damage|p1a: Amoonguss|88/100|[from] Stealth Rock
|move|p2a: Skarmory|Body Press|p1a: Amoonguss
|-resisted|p1a: Amoonguss
|-damage|p1a: Amoonguss|76/100
|-damage|p2a: Skarmory|81/100|[from] item: Rocky Helmet|[of] p1a: Amoonguss
|
|-heal|p2a: Skarmory|87/100|[from] item: Leftovers
|upkeep
|turn|14
|
|t:|1606274518
|switch|p1a: Jirachi|Jirachi, shiny|100/100
|-damage|p1a: Jirachi|94/100|[from] Stealth Rock
|move|p2a: Skarmory|Brave Bird|p1a: Jirachi
|-resisted|p1a: Jirachi
|-damage|p1a: Jirachi|81/100
|-damage|p2a: Skarmory|82/100|[from] Recoil
|
|-heal|p1a: Jirachi|87/100|[from] item: Leftovers
|-heal|p2a: Skarmory|88/100|[from] item: Leftovers
|upkeep
|turn|15
|
|t:|1606274529
|move|p1a: Jirachi|U-turn|p2a: Skarmory
|-resisted|p2a: Skarmory
|-damage|p2a: Skarmory|85/100
|
|t:|1606274532
|switch|p1a: Chandelure|Chandelure, F, shiny|100/100|[from]move: U-turn
|move|p2a: Skarmory|Brave Bird|p1a: Chandelure
|-damage|p1a: Chandelure|58/100
|-damage|p2a: Skarmory|74/100|[from] Recoil
|
|-heal|p2a: Skarmory|80/100|[from] item: Leftovers
|upkeep
|turn|16
|
|t:|1606274539
|switch|p2a: Hydreigon|Hydreigon, M|100/100
|-damage|p2a: Hydreigon|88/100|[from] Stealth Rock
|move|p1a: Chandelure|Toxic|p2a: Hydreigon
|-status|p2a: Hydreigon|tox
|
|-damage|p2a: Hydreigon|82/100 tox|[from] psn
|upkeep
|turn|17
|j| Mygrein ⌐㋛_㋡
|
|t:|1606274559
|switch|p2a: Gastrodon|Gastrodon, M|100/100
|-damage|p2a: Gastrodon|94/100|[from] Stealth Rock
|switch|p1a: Amoonguss|Amoonguss, F, shiny|100/100
|-damage|p1a: Amoonguss|88/100|[from] Stealth Rock
|
|-heal|p2a: Gastrodon|100/100|[from] item: Leftovers
|upkeep
|turn|18
|
|t:|1606274571
|switch|p2a: Jirachi|Jirachi|84/100
|-damage|p2a: Jirachi|78/100|[from] Stealth Rock
|switch|p1a: Primarina|Primarina, M, shiny|100/100
|-damage|p1a: Primarina|88/100|[from] Stealth Rock
|
|upkeep
|turn|19
|
|t:|1606274583
|switch|p1a: Jirachi|Jirachi, shiny|87/100
|-damage|p1a: Jirachi|81/100|[from] Stealth Rock
|move|p2a: Jirachi|Trick|p1a: Jirachi
|-activate|p2a: Jirachi|move: Trick|[of] p1a: Jirachi
|-item|p1a: Jirachi|Choice Scarf|[from] move: Trick
|-item|p2a: Jirachi|Leftovers|[from] move: Trick
|
|-heal|p2a: Jirachi|84/100|[from] item: Leftovers
|upkeep
|turn|20
|
|t:|1606274588
|move|p1a: Jirachi|Wish|p1a: Jirachi
|move|p2a: Jirachi|Wish|p2a: Jirachi
|
|-heal|p2a: Jirachi|90/100|[from] item: Leftovers
|upkeep
|turn|21
|
|t:|1606274594
|switch|p1a: Chandelure|Chandelure, F, shiny|58/100
|move|p2a: Jirachi|U-turn|p1a: Chandelure
|-resisted|p1a: Chandelure
|-damage|p1a: Chandelure|52/100
|
|t:|1606274599
|switch|p2a: Tentacruel|Tentacruel, M|35/100 par|[from]move: U-turn
|-damage|p2a: Tentacruel|23/100 par|[from] Stealth Rock
|
|-heal|p1a: Chandelure|100/100|[from] move: Wish|[wisher] Jirachi
|-heal|p2a: Tentacruel|90/100 par|[from] move: Wish|[wisher] Jirachi
|-heal|p2a: Tentacruel|96/100 par|[from] item: Black Sludge
|upkeep
|turn|22
|
|t:|1606274617
|move|p1a: Chandelure|Substitute|p1a: Chandelure
|-start|p1a: Chandelure|Substitute
|-damage|p1a: Chandelure|76/100
|move|p2a: Tentacruel|Waterfall|p1a: Chandelure
|-supereffective|p1a: Chandelure
|-end|p1a: Chandelure|Substitute
|
|-heal|p2a: Tentacruel|100/100 par|[from] item: Black Sludge
|upkeep
|turn|23
|inactive|Low Ladder Terror has 120 seconds left.
|
|t:|1606274643
|switch|p1a: Hydreigon|Hydreigon, M|100/100
|-damage|p1a: Hydreigon|88/100|[from] Stealth Rock
|cant|p2a: Tentacruel|par
|
|upkeep
|turn|24
|
|t:|1606274649
|switch|p2a: Gastrodon|Gastrodon, M|100/100
|-damage|p2a: Gastrodon|94/100|[from] Stealth Rock
|move|p1a: Hydreigon|Dark Pulse|p2a: Gastrodon
|-damage|p2a: Gastrodon|60/100
|
|-heal|p2a: Gastrodon|66/100|[from] item: Leftovers
|upkeep
|turn|25
|
|t:|1606274655
|switch|p1a: Amoonguss|Amoonguss, F, shiny|100/100
|-damage|p1a: Amoonguss|88/100|[from] Stealth Rock
|move|p2a: Gastrodon|Recover|p2a: Gastrodon
|-heal|p2a: Gastrodon|100/100
|
|upkeep
|turn|26
|
|t:|1606274664
|switch|p2a: Tentacruel|Tentacruel, M|100/100 par
|-damage|p2a: Tentacruel|88/100 par|[from] Stealth Rock
|move|p1a: Amoonguss|Stun Spore|p2a: Tentacruel
|-fail|p2a: Tentacruel|par
|
|-heal|p2a: Tentacruel|94/100 par|[from] item: Black Sludge
|upkeep
|turn|27
|
|t:|1606274672
|cant|p2a: Tentacruel|par
|move|p1a: Amoonguss|Giga Drain|p2a: Tentacruel
|-damage|p2a: Tentacruel|72/100 par
|-damage|p1a: Amoonguss|80/100|[from] ability: Liquid Ooze|[of] p2a: Tentacruel
|
|-heal|p2a: Tentacruel|78/100 par|[from] item: Black Sludge
|upkeep
|turn|28
|
|t:|1606274684
|switch|p1a: Jirachi|Jirachi, shiny|81/100
|-damage|p1a: Jirachi|75/100|[from] Stealth Rock
|move|p2a: Tentacruel|Rapid Spin|p1a: Jirachi
|-resisted|p1a: Jirachi
|-damage|p1a: Jirachi|70/100
|-boost|p2a: Tentacruel|spe|1
|-sideend|p2: wiheihggwp|Stealth Rock|[from] move: Rapid Spin|[of] p2a: Tentacruel
|
|-heal|p2a: Tentacruel|84/100 par|[from] item: Black Sludge
|upkeep
|turn|29
|
|t:|1606274695
|switch|p2a: Hydreigon|Hydreigon, M|82/100 tox
|move|p1a: Jirachi|Iron Head|p2a: Hydreigon
|-crit|p2a: Hydreigon
|-damage|p2a: Hydreigon|33/100 tox
|
|-damage|p2a: Hydreigon|27/100 tox|[from] psn
|upkeep
|turn|30
|
|t:|1606274710
|switch|p2a: Jirachi|Jirachi|90/100
|move|p1a: Jirachi|Iron Head|p2a: Jirachi
|-resisted|p2a: Jirachi
|-damage|p2a: Jirachi|78/100
|
|-heal|p2a: Jirachi|84/100|[from] item: Leftovers
|upkeep
|turn|31
|
|t:|1606274718
|switch|p1a: Chandelure|Chandelure, F, shiny|76/100
|move|p2a: Jirachi|Wish|p2a: Jirachi
|
|-heal|p2a: Jirachi|90/100|[from] item: Leftovers
|upkeep
|turn|32
|
|t:|1606274726
|move|p2a: Jirachi|U-turn|p1a: Chandelure
|-resisted|p1a: Chandelure
|-damage|p1a: Chandelure|70/100
|
|t:|1606274727
|switch|p2a: Tentacruel|Tentacruel, M|84/100 par|[from]move: U-turn
|move|p1a: Chandelure|Hex|p2a: Tentacruel
|-damage|p2a: Tentacruel|9/100 par
|
|-heal|p2a: Tentacruel|76/100 par|[from] move: Wish|[wisher] Jirachi
|-heal|p2a: Tentacruel|82/100 par|[from] item: Black Sludge
|upkeep
|turn|33
|c| art imitates me|Owned
|inactive|Low Ladder Terror has 120 seconds left.
|
|t:|1606274759
|switch|p1a: Hydreigon|Hydreigon, M|88/100
|-damage|p1a: Hydreigon|76/100|[from] Stealth Rock
|move|p2a: Tentacruel|Waterfall|p1a: Hydreigon
|-resisted|p1a: Hydreigon
|-damage|p1a: Hydreigon|60/100
|
|-heal|p2a: Tentacruel|88/100 par|[from] item: Black Sludge
|upkeep
|turn|34
|
|t:|1606274769
|move|p1a: Hydreigon|Defog|p2a: Tentacruel
|-unboost|p2a: Tentacruel|evasion|1
|-sideend|p1: Low Ladder Terror|Stealth Rock|[from] move: Defog|[of] p1a: Hydreigon
|cant|p2a: Tentacruel|par
|
|-heal|p2a: Tentacruel|94/100 par|[from] item: Black Sludge
|upkeep
|turn|35
|
|t:|1606274775
|switch|p1a: Jirachi|Jirachi, shiny|70/100
|move|p2a: Tentacruel|Swords Dance|p2a: Tentacruel
|-boost|p2a: Tentacruel|atk|2
|
|-heal|p2a: Tentacruel|99/100 par|[from] item: Black Sludge
|upkeep
|turn|36
|
|t:|1606274780
|move|p1a: Jirachi|Iron Head|p2a: Tentacruel
|-resisted|p2a: Tentacruel
|-damage|p2a: Tentacruel|80/100 par
|move|p2a: Tentacruel|Waterfall|p1a: Jirachi
|-damage|p1a: Jirachi|21/100
|
|-heal|p2a: Tentacruel|86/100 par|[from] item: Black Sludge
|upkeep
|turn|37
|
|t:|1606274789
|move|p1a: Jirachi|Iron Head|p2a: Tentacruel
|-resisted|p2a: Tentacruel
|-damage|p2a: Tentacruel|63/100 par
|cant|p2a: Tentacruel|flinch
|
|-heal|p2a: Tentacruel|69/100 par|[from] item: Black Sludge
|upkeep
|turn|38
|c| Mystras Leoxses|holy shit
|
|t:|1606274794
|switch|p1a: Primarina|Primarina, M, shiny|88/100
|move|p2a: Tentacruel|Waterfall|p1a: Primarina
|-resisted|p1a: Primarina
|-damage|p1a: Primarina|56/100
|
|-heal|p2a: Tentacruel|75/100 par|[from] item: Black Sludge
|upkeep
|turn|39
|c| Mystras Leoxses|how has neither team lost a mon yet
|
|t:|1606274799
|switch|p2a: Gastrodon|Gastrodon, M|100/100
|move|p1a: Primarina|Psychic|p2a: Gastrodon
|-damage|p2a: Gastrodon|57/100
|
|-heal|p2a: Gastrodon|63/100|[from] item: Leftovers
|upkeep
|turn|40
|c| BigFatMantis|my favorite part was when Jirachi tricked Jirachi
|
|t:|1606274821
|switch|p1a: Amoonguss|Amoonguss, F, shiny|100/100
|move|p2a: Gastrodon|Recover|p2a: Gastrodon
|-heal|p2a: Gastrodon|100/100
|
|upkeep
|turn|41
|
|t:|1606274841
|switch|p1a: Primarina|Primarina, M, shiny|56/100
|move|p2a: Gastrodon|Scald|p1a: Primarina
|-resisted|p1a: Primarina
|-damage|p1a: Primarina|46/100
|
|upkeep
|turn|42
|inactive|Low Ladder Terror has 120 seconds left.
|
|t:|1606274862
|move|p1a: Primarina|Moonblast|p2a: Gastrodon
|-damage|p2a: Gastrodon|31/100
|-unboost|p2a: Gastrodon|spa|1
|move|p2a: Gastrodon|Recover|p2a: Gastrodon
|-heal|p2a: Gastrodon|81/100
|
|-heal|p2a: Gastrodon|88/100|[from] item: Leftovers
|upkeep
|turn|43
|
|t:|1606274867
|switch|p2a: Jirachi|Jirachi|90/100
|move|p1a: Primarina|Moonblast|p2a: Jirachi
|-resisted|p2a: Jirachi
|-damage|p2a: Jirachi|56/100
|
|-heal|p2a: Jirachi|63/100|[from] item: Leftovers
|upkeep
|turn|44
|
|t:|1606274875
|switch|p1a: Chandelure|Chandelure, F, shiny|70/100
|move|p2a: Jirachi|U-turn|p1a: Chandelure
|-resisted|p1a: Chandelure
|-damage|p1a: Chandelure|64/100
|
|t:|1606274878
|switch|p2a: Hydreigon|Hydreigon, M|27/100 tox|[from]move: U-turn
|
|-damage|p2a: Hydreigon|21/100 tox|[from] psn
|upkeep
|turn|45
|
|t:|1606274886
|switch|p1a: Amoonguss|Amoonguss, F, shiny|100/100
|move|p2a: Hydreigon|Dark Pulse|p1a: Amoonguss
|-damage|p1a: Amoonguss|51/100
|
|-damage|p2a: Hydreigon|8/100 tox|[from] psn
|upkeep
|turn|46
|inactive|Low Ladder Terror has 120 seconds left.
|c|☆wiheihggwp|is there something wrong with your internet
|
|t:|1606274938
|switch|p2a: Jirachi|Jirachi|63/100
|switch|p1a: Diggersby|Diggersby, F, shiny|100/100
|
|-heal|p2a: Jirachi|69/100|[from] item: Leftovers
|upkeep
|turn|47
|
|t:|1606274948
|switch|p2a: Skarmory|Skarmory, F|80/100
|move|p1a: Diggersby|Body Slam|p2a: Skarmory
|-resisted|p2a: Skarmory
|-damage|p2a: Skarmory|57/100
|-status|p2a: Skarmory|par
|
|-heal|p2a: Skarmory|63/100 par|[from] item: Leftovers
|upkeep
|turn|48
|
|t:|1606274957
|switch|p1a: Chandelure|Chandelure, F, shiny|64/100
|move|p2a: Skarmory|Brave Bird|p1a: Chandelure
|-damage|p1a: Chandelure|22/100
|-damage|p2a: Skarmory|52/100 par|[from] Recoil
|
|-heal|p2a: Skarmory|58/100 par|[from] item: Leftovers
|upkeep
|turn|49
|
|t:|1606274968
|switch|p1a: Jirachi|Jirachi, shiny|21/100
|switch|p2a: Gastrodon|Gastrodon, M|88/100
|
|-heal|p2a: Gastrodon|94/100|[from] item: Leftovers
|upkeep
|turn|50
|
|t:|1606274976
|move|p1a: Jirachi|U-turn|p2a: Gastrodon
|-damage|p2a: Gastrodon|80/100
|
|t:|1606274987
|switch|p1a: Amoonguss|Amoonguss, F, shiny|84/100|[from]move: U-turn
|move|p2a: Gastrodon|Scald|p1a: Amoonguss
|-resisted|p1a: Amoonguss
|-damage|p1a: Amoonguss|72/100
|
|-heal|p2a: Gastrodon|86/100|[from] item: Leftovers
|upkeep
|turn|51
|inactive|Low Ladder Terror has 90 seconds left.
|
|t:|1606275018
|switch|p2a: Skarmory|Skarmory, F|58/100 par
|move|p1a: Amoonguss|Giga Drain|p2a: Skarmory
|-resisted|p2a: Skarmory
|-damage|p2a: Skarmory|50/100 par
|-heal|p1a: Amoonguss|75/100|[from] drain|[of] p2a: Skarmory
|
|-heal|p2a: Skarmory|56/100 par|[from] item: Leftovers
|upkeep
|turn|52
|inactive|Low Ladder Terror has 90 seconds left.
|
|t:|1606275029
|switch|p1a: Jirachi|Jirachi, shiny|21/100
|cant|p2a: Skarmory|par
|
|-heal|p2a: Skarmory|62/100 par|[from] item: Leftovers
|upkeep
|turn|53
|inactive|Low Ladder Terror has 90 seconds left.
|
|t:|1606275044
|move|p1a: Jirachi|Wish|p1a: Jirachi
|move|p2a: Skarmory|Stealth Rock|p1a: Jirachi
|-sidestart|p1: Low Ladder Terror|move: Stealth Rock
|
|-heal|p2a: Skarmory|68/100 par|[from] item: Leftovers
|upkeep
|turn|54
|l| art imitates me
|inactive|Low Ladder Terror has 90 seconds left.
|
|t:|1606275055
|move|p1a: Jirachi|Wish||[still]
|-fail|p1a: Jirachi
|move|p2a: Skarmory|Brave Bird|p1a: Jirachi
|-resisted|p1a: Jirachi
|-crit|p1a: Jirachi
|-damage|p1a: Jirachi|0 fnt
|-damage|p2a: Skarmory|59/100 par|[from] Recoil
|faint|p1a: Jirachi
|
|-heal|p2a: Skarmory|65/100 par|[from] item: Leftovers
|upkeep
|c|☆Low Ladder Terror|oof
|
|t:|1606275069
|switch|p1a: Chandelure|Chandelure, F, shiny|22/100
|turn|55
|
|t:|1606275081
|switch|p2a: Gastrodon|Gastrodon, M|86/100
|move|p1a: Chandelure|Hex|p2a: Gastrodon
|-damage|p2a: Gastrodon|55/100
|
|-heal|p2a: Gastrodon|61/100|[from] item: Leftovers
|upkeep
|turn|56
|
|t:|1606275088
|move|p1a: Chandelure|Toxic|p2a: Gastrodon|[miss]
|-miss|p1a: Chandelure|p2a: Gastrodon
|move|p2a: Gastrodon|Scald|p1a: Chandelure
|-supereffective|p1a: Chandelure
|-damage|p1a: Chandelure|0 fnt
|faint|p1a: Chandelure
|
|-heal|p2a: Gastrodon|67/100|[from] item: Leftovers
|upkeep
|inactive|Low Ladder Terror has 90 seconds left.
|
|t:|1606275107
|switch|p1a: Amoonguss|Amoonguss, F, shiny|100/100
|-damage|p1a: Amoonguss|88/100|[from] Stealth Rock
|turn|57
|inactive|Low Ladder Terror has 90 seconds left.
|
|t:|1606275112
|switch|p2a: Skarmory|Skarmory, F|65/100 par
|move|p1a: Amoonguss|Giga Drain|p2a: Skarmory
|-resisted|p2a: Skarmory
|-damage|p2a: Skarmory|57/100 par
|-heal|p1a: Amoonguss|91/100|[from] drain|[of] p2a: Skarmory
|
|-heal|p2a: Skarmory|63/100 par|[from] item: Leftovers
|upkeep
|turn|58
|inactive|Low Ladder Terror has 90 seconds left.
|
|t:|1606275128
|switch|p1a: Primarina|Primarina, M, shiny|46/100
|-damage|p1a: Primarina|33/100|[from] Stealth Rock
|cant|p2a: Skarmory|par
|
|-heal|p2a: Skarmory|69/100 par|[from] item: Leftovers
|upkeep
|turn|59
|inactive|Low Ladder Terror has 90 seconds left.
|n| SSRW23 Mystras|mystrasleoxses
|
|t:|1606275137
|switch|p2a: Hydreigon|Hydreigon, M|8/100 tox
|move|p1a: Primarina|Moonblast|p2a: Hydreigon
|-supereffective|p2a: Hydreigon
|-damage|p2a: Hydreigon|0 fnt
|faint|p2a: Hydreigon
|
|upkeep
|
|t:|1606275140
|switch|p2a: Jirachi|Jirachi|69/100
|turn|60
|
|t:|1606275146
|switch|p1a: Amoonguss|Amoonguss, F, shiny|100/100
|-damage|p1a: Amoonguss|88/100|[from] Stealth Rock
|move|p2a: Jirachi|Wish|p2a: Jirachi
|
|-heal|p2a: Jirachi|75/100|[from] item: Leftovers
|upkeep
|turn|61
|
|t:|1606275162
|switch|p2a: Gastrodon|Gastrodon, M|67/100
|switch|p1a: Diggersby|Diggersby, F, shiny|100/100
|-damage|p1a: Diggersby|94/100|[from] Stealth Rock
|
|-heal|p2a: Gastrodon|100/100|[from] move: Wish|[wisher] Jirachi
|upkeep
|turn|62
|
|t:|1606275171
|switch|p1a: Amoonguss|Amoonguss, F, shiny|100/100
|-damage|p1a: Amoonguss|88/100|[from] Stealth Rock
|move|p2a: Gastrodon|Scald|p1a: Amoonguss
|-resisted|p1a: Amoonguss
|-damage|p1a: Amoonguss|77/100
|-status|p1a: Amoonguss|brn
|
|-damage|p1a: Amoonguss|71/100 brn|[from] brn
|upkeep
|turn|63
|
|t:|1606275175
|switch|p2a: Tentacruel|Tentacruel, M|75/100 par
|switch|p1a: Diggersby|Diggersby, F, shiny|94/100
|-damage|p1a: Diggersby|88/100|[from] Stealth Rock
|
|-heal|p2a: Tentacruel|81/100 par|[from] item: Black Sludge
|upkeep
|turn|64
|
|t:|1606275181
|switch|p2a: Skarmory|Skarmory, F|69/100 par
|move|p1a: Diggersby|Earthquake|p2a: Skarmory
|-immune|p2a: Skarmory
|
|-heal|p2a: Skarmory|75/100 par|[from] item: Leftovers
|upkeep
|turn|65
|
|t:|1606275185
|switch|p1a: Amoonguss|Amoonguss, F, shiny|100/100 brn
|-damage|p1a: Amoonguss|88/100 brn|[from] Stealth Rock
|move|p2a: Skarmory|Brave Bird|p1a: Amoonguss
|-supereffective|p1a: Amoonguss
|-damage|p1a: Amoonguss|38/100 brn
|-damage|p2a: Skarmory|59/100 par|[from] item: Rocky Helmet|[of] p1a: Amoonguss
|-damage|p2a: Skarmory|37/100 par|[from] Recoil
|
|-heal|p2a: Skarmory|43/100 par|[from] item: Leftovers
|-damage|p1a: Amoonguss|32/100 brn|[from] brn
|upkeep
|turn|66
|inactive|Low Ladder Terror has 120 seconds left.
|
|t:|1606275204
|switch|p1a: Primarina|Primarina, M, shiny|33/100
|-damage|p1a: Primarina|21/100|[from] Stealth Rock
|move|p2a: Skarmory|Roost|p2a: Skarmory
|-heal|p2a: Skarmory|93/100 par
|-singleturn|p2a: Skarmory|move: Roost
|
|-heal|p2a: Skarmory|99/100 par|[from] item: Leftovers
|upkeep
|turn|67
|
|t:|1606275211
|switch|p2a: Gastrodon|Gastrodon, M|100/100
|move|p1a: Primarina|Moonblast|p2a: Gastrodon
|-damage|p2a: Gastrodon|40/100
|
|-heal|p2a: Gastrodon|46/100|[from] item: Leftovers
|upkeep
|turn|68
|
|t:|1606275215
|switch|p2a: Jirachi|Jirachi|75/100
|move|p1a: Primarina|Moonblast|p2a: Jirachi
|-resisted|p2a: Jirachi
|-damage|p2a: Jirachi|44/100
|
|-heal|p2a: Jirachi|50/100|[from] item: Leftovers
|upkeep
|turn|69
|
|t:|1606275229
|move|p2a: Jirachi|Wish|p2a: Jirachi
|move|p1a: Primarina|Moonblast|p2a: Jirachi
|-resisted|p2a: Jirachi
|-damage|p2a: Jirachi|17/100
|
|-heal|p2a: Jirachi|23/100|[from] item: Leftovers
|upkeep
|turn|70
|
|t:|1606275235
|switch|p1a: Amoonguss|Amoonguss, F, shiny|65/100 brn
|-damage|p1a: Amoonguss|52/100 brn|[from] Stealth Rock
|move|p2a: Jirachi|Iron Head|p1a: Amoonguss
|-damage|p1a: Amoonguss|32/100 brn
|-damage|p2a: Jirachi|6/100|[from] item: Rocky Helmet|[of] p1a: Amoonguss
|
|-heal|p2a: Jirachi|56/100|[from] move: Wish|[wisher] Jirachi
|-heal|p2a: Jirachi|63/100|[from] item: Leftovers
|-damage|p1a: Amoonguss|26/100 brn|[from] brn
|upkeep
|turn|71
|
|t:|1606275240
|move|p2a: Jirachi|U-turn|p1a: Amoonguss
|-damage|p1a: Amoonguss|11/100 brn
|-damage|p2a: Jirachi|46/100|[from] item: Rocky Helmet|[of] p1a: Amoonguss
|
|t:|1606275243
|switch|p2a: Tentacruel|Tentacruel, M|81/100 par|[from]move: U-turn
|move|p1a: Amoonguss|Stun Spore|p2a: Tentacruel
|-fail|p2a: Tentacruel|par
|
|-heal|p2a: Tentacruel|87/100 par|[from] item: Black Sludge
|-damage|p1a: Amoonguss|5/100 brn|[from] brn
|upkeep
|turn|72
|inactive|Low Ladder Terror has 120 seconds left.
|
|t:|1606275279
|switch|p1a: Primarina|Primarina, M, shiny|21/100
|-damage|p1a: Primarina|9/100|[from] Stealth Rock
|move|p2a: Tentacruel|Poison Jab|p1a: Primarina
|-supereffective|p1a: Primarina
|-damage|p1a: Primarina|0 fnt
|faint|p1a: Primarina
|
|-heal|p2a: Tentacruel|93/100 par|[from] item: Black Sludge
|upkeep
|
|t:|1606275282
|switch|p1a: Diggersby|Diggersby, F, shiny|88/100
|-damage|p1a: Diggersby|82/100|[from] Stealth Rock
|turn|73
|
|t:|1606275287
|switch|p2a: Skarmory|Skarmory, F|99/100 par
|move|p1a: Diggersby|Swords Dance|p1a: Diggersby
|-boost|p1a: Diggersby|atk|2
|
|-heal|p2a: Skarmory|100/100 par|[from] item: Leftovers
|upkeep
|turn|74
|
|t:|1606275300
|switch|p1a: Amoonguss|Amoonguss, F, shiny|39/100 brn
|-damage|p1a: Amoonguss|26/100 brn|[from] Stealth Rock
|cant|p2a: Skarmory|par
|
|-damage|p1a: Amoonguss|20/100 brn|[from] brn
|upkeep
|turn|75
|
|t:|1606275306
|move|p2a: Skarmory|Brave Bird|p1a: Amoonguss
|-supereffective|p1a: Amoonguss
|-damage|p1a: Amoonguss|0 fnt
|-damage|p2a: Skarmory|84/100 par|[from] item: Rocky Helmet|[of] p1a: Amoonguss
|-damage|p2a: Skarmory|76/100 par|[from] Recoil
|faint|p1a: Amoonguss
|
|-heal|p2a: Skarmory|82/100 par|[from] item: Leftovers
|upkeep
|
|t:|1606275308
|switch|p1a: Hydreigon|Hydreigon, M|60/100
|-damage|p1a: Hydreigon|48/100|[from] Stealth Rock
|turn|76
|
|t:|1606275312
|switch|p2a: Tentacruel|Tentacruel, M|93/100 par
|move|p1a: Hydreigon|Dark Pulse|p2a: Tentacruel
|-damage|p2a: Tentacruel|52/100 par
|
|-heal|p2a: Tentacruel|58/100 par|[from] item: Black Sludge
|upkeep
|turn|77
|
|t:|1606275315
|move|p1a: Hydreigon|Dark Pulse|p2a: Tentacruel
|-damage|p2a: Tentacruel|22/100 par
|move|p2a: Tentacruel|Poison Jab|p1a: Hydreigon
|-damage|p1a: Hydreigon|14/100
|
|-heal|p2a: Tentacruel|28/100 par|[from] item: Black Sludge
|upkeep
|turn|78
|
|t:|1606275318
|move|p1a: Hydreigon|Dark Pulse|p2a: Tentacruel
|-crit|p2a: Tentacruel
|-damage|p2a: Tentacruel|0 fnt
|faint|p2a: Tentacruel
|
|upkeep
|
|t:|1606275323
|switch|p2a: Gastrodon|Gastrodon, M|46/100
|turn|79
|
|t:|1606275326
|move|p1a: Hydreigon|Dark Pulse|p2a: Gastrodon
|-damage|p2a: Gastrodon|12/100
|move|p2a: Gastrodon|Ice Beam|p1a: Hydreigon
|-supereffective|p1a: Hydreigon
|-damage|p1a: Hydreigon|0 fnt
|faint|p1a: Hydreigon
|
|-heal|p2a: Gastrodon|18/100|[from] item: Leftovers
|upkeep
|
|t:|1606275330
|switch|p1a: Diggersby|Diggersby, F, shiny|82/100
|-damage|p1a: Diggersby|76/100|[from] Stealth Rock
|turn|80
|
|t:|1606275334
|move|p1a: Diggersby|Body Slam|p2a: Gastrodon
|-damage|p2a: Gastrodon|0 fnt
|faint|p2a: Gastrodon
|
|upkeep
|
|t:|1606275336
|switch|p2a: Skarmory|Skarmory, F|82/100 par
|turn|81
|
|t:|1606275345
|move|p1a: Diggersby|Swords Dance|p1a: Diggersby
|-boost|p1a: Diggersby|atk|2
|move|p2a: Skarmory|Body Press|p1a: Diggersby
|-supereffective|p1a: Diggersby
|-crit|p1a: Diggersby
|-damage|p1a: Diggersby|0 fnt
|faint|p1a: Diggersby
|
|win|wiheihggwp
