|j|☆EliotEnRetar
|j|‽Izharbaca
|t:|1609855452
|player|p1|EliotEnRetar|falkner|1340
|player|p2|Izharbaca|wallace|1266
|teamsize|p1|6
|teamsize|p2|6
|gametype|singles
|gen|8
|tier|[Gen 8] UU
|rated|
|clearpoke
|poke|p1|Venusaur, M|
|poke|p1|Talonflame, F|
|poke|p1|Torkoal, M|
|poke|p1|Bisharp, M|
|poke|p1|Slowking, M|
|poke|p1|Latias, F|
|poke|p2|Tapu Bulu|
|poke|p2|Conkeldurr, M|
|poke|p2|Hatterene, F|
|poke|p2|Celesteela|
|poke|p2|Zeraora|
|poke|p2|Lycanroc-Dusk, M|
|rule|Sleep Clause Mod: Limit one foe put to sleep
|rule|Species Clause: Limit one of each Pokémon
|rule|OHKO Clause: OHKO moves are banned
|rule|Evasion Moves Clause: Evasion moves are banned
|rule|Endless Battle Clause: Forcing endless battles is banned
|rule|HP Percentage Mod: HP is shown in percentages
|rule|Dynamax Clause: You cannot dynamax
|teampreview
|inactive|Battle timer is ON: inactive players will automatically lose when time's up. (requested by EliotEnRetar)
|
|t:|1609855468
|start
|switch|p1a: Torkoal|Torkoal, M|100/100
|switch|p2a: Lycanroc|Lycanroc-Dusk, M|100/100
|-weather|SunnyDay|[from] ability: Drought|[of] p1a: Torkoal
|turn|1
|
|t:|1609855475
|move|p2a: Lycanroc|Stealth Rock|p1a: Torkoal
|-sidestart|p1: EliotEnRetar|move: Stealth Rock
|move|p1a: Torkoal|Body Press|p2a: Lycanroc
|-supereffective|p2a: Lycanroc
|-damage|p2a: Lycanroc|16/100
|
|-weather|SunnyDay|[upkeep]
|upkeep
|turn|2
|
|t:|1609855482
|move|p2a: Lycanroc|Endeavor|p1a: Torkoal
|-damage|p1a: Torkoal|17/100
|move|p1a: Torkoal|Body Press|p2a: Lycanroc
|-supereffective|p2a: Lycanroc
|-damage|p2a: Lycanroc|0 fnt
|faint|p2a: Lycanroc
|
|-weather|SunnyDay|[upkeep]
|upkeep
|
|t:|1609855490
|switch|p2a: Conkeldurr|Conkeldurr, M, shiny|100/100
|turn|3
|
|t:|1609855493
|switch|p1a: Talonflame|Talonflame, F|100/100
|move|p2a: Conkeldurr|Drain Punch|p1a: Talonflame
|-resisted|p1a: Talonflame
|-damage|p1a: Talonflame|68/100
|
|-weather|SunnyDay|[upkeep]
|-status|p2a: Conkeldurr|brn|[from] item: Flame Orb
|upkeep
|turn|4
|
|t:|1609855505
|move|p1a: Talonflame|Brave Bird|p2a: Conkeldurr
|-supereffective|p2a: Conkeldurr
|-damage|p2a: Conkeldurr|16/100 brn
|-damage|p1a: Talonflame|29/100|[from] Recoil
|move|p2a: Conkeldurr|Knock Off|p1a: Talonflame
|-damage|p1a: Talonflame|0 fnt
|-enditem|p1a: Talonflame|Heavy-Duty Boots|[from] move: Knock Off|[of] p2a: Conkeldurr
|faint|p1a: Talonflame
|
|-weather|SunnyDay|[upkeep]
|-damage|p2a: Conkeldurr|10/100 brn|[from] brn
|upkeep
|
|t:|1609855515
|switch|p1a: Venusaur|Venusaur, M|100/100
|-damage|p1a: Venusaur|88/100|[from] Stealth Rock
|turn|5
|
|t:|1609855522
|move|p2a: Conkeldurr|Mach Punch|p1a: Venusaur
|-resisted|p1a: Venusaur
|-crit|p1a: Venusaur
|-damage|p1a: Venusaur|49/100
|move|p1a: Venusaur|Growth|p1a: Venusaur
|-boost|p1a: Venusaur|atk|2
|-boost|p1a: Venusaur|spa|2
|
|-weather|SunnyDay|[upkeep]
|-damage|p2a: Conkeldurr|4/100 brn|[from] brn
|upkeep
|turn|6
|j| Xemnas80
|
|t:|1609855530
|move|p2a: Conkeldurr|Mach Punch|p1a: Venusaur
|-resisted|p1a: Venusaur
|-damage|p1a: Venusaur|24/100
|move|p1a: Venusaur|Giga Drain|p2a: Conkeldurr
|-damage|p2a: Conkeldurr|0 fnt
|-heal|p1a: Venusaur|26/100|[from] drain|[of] p2a: Conkeldurr
|-damage|p1a: Venusaur|16/100|[from] item: Life Orb
|faint|p2a: Conkeldurr
|
|-weather|SunnyDay|[upkeep]
|upkeep
|
|t:|1609855537
|switch|p2a: Celesteela|Celesteela|100/100
|turn|7
|
|t:|1609855548
|switch|p2a: Hatterene|Hatterene, F|100/100
|move|p1a: Venusaur|Weather Ball|p2a: Hatterene
|-damage|p2a: Hatterene|0 fnt
|-damage|p1a: Venusaur|6/100|[from] item: Life Orb
|faint|p2a: Hatterene
|
|-weather|SunnyDay|[upkeep]
|upkeep
|
|t:|1609855573
|switch|p2a: Celesteela|Celesteela|100/100
|turn|8
|
|t:|1609855577
|move|p2a: Celesteela|Protect|p2a: Celesteela
|-singleturn|p2a: Celesteela|Protect
|move|p1a: Venusaur|Weather Ball|p2a: Celesteela
|-activate|p2a: Celesteela|move: Protect
|
|-weather|none
|upkeep
|turn|9
|
|t:|1609855584
|move|p1a: Venusaur|Giga Drain|p2a: Celesteela
|-resisted|p2a: Celesteela
|-damage|p2a: Celesteela|87/100
|-heal|p1a: Venusaur|15/100|[from] drain|[of] p2a: Celesteela
|-damage|p1a: Venusaur|5/100|[from] item: Life Orb
|move|p2a: Celesteela|Heavy Slam|p1a: Venusaur
|-damage|p1a: Venusaur|0 fnt
|faint|p1a: Venusaur
|-ability|p2a: Celesteela|Beast Boost|boost
|-boost|p2a: Celesteela|spd|1
|
|-heal|p2a: Celesteela|93/100|[from] item: Leftovers
|upkeep
|
|t:|1609855601
|switch|p1a: Bisharp|Bisharp, M|100/100
|-damage|p1a: Bisharp|95/100|[from] Stealth Rock
|turn|10
|
|t:|1609855606
|move|p1a: Bisharp|Swords Dance|p1a: Bisharp
|-boost|p1a: Bisharp|atk|2
|move|p2a: Celesteela|Flamethrower|p1a: Bisharp
|-supereffective|p1a: Bisharp
|-damage|p1a: Bisharp|20/100
|
|-heal|p2a: Celesteela|99/100|[from] item: Leftovers
|upkeep
|turn|11
|
|t:|1609855613
|move|p1a: Bisharp|Knock Off|p2a: Celesteela
|-damage|p2a: Celesteela|0 fnt
|-enditem|p2a: Celesteela|Leftovers|[from] move: Knock Off|[of] p1a: Bisharp
|faint|p2a: Celesteela
|
|upkeep
|
|t:|1609855620
|switch|p2a: Tapu Bulu|Tapu Bulu, shiny|100/100
|-fieldstart|move: Grassy Terrain|[from] ability: Grassy Surge|[of] p2a: Tapu Bulu
|turn|12
|
|t:|1609855628
|switch|p1a: Torkoal|Torkoal, M|17/100
|-damage|p1a: Torkoal|0 fnt|[from] Stealth Rock
|faint|p1a: Torkoal
|move|p2a: Tapu Bulu|Wood Hammer|p1: Torkoal|[notarget]
|-fail|p2a: Tapu Bulu
|
|upkeep
|
|t:|1609855637
|switch|p1a: Latias|Latias, F|100/100
|-damage|p1a: Latias|88/100|[from] Stealth Rock
|turn|13
|
|t:|1609855642
|move|p1a: Latias|Mystical Fire|p2a: Tapu Bulu
|-supereffective|p2a: Tapu Bulu
|-damage|p2a: Tapu Bulu|46/100
|-unboost|p2a: Tapu Bulu|spa|1
|move|p2a: Tapu Bulu|Wood Hammer|p1a: Latias
|-resisted|p1a: Latias
|-damage|p1a: Latias|34/100
|-damage|p2a: Tapu Bulu|26/100|[from] Recoil
|
|-heal|p2a: Tapu Bulu|33/100|[from] Grassy Terrain
|upkeep
|turn|14
|
|t:|1609855652
|move|p1a: Latias|Mystical Fire|p2a: Tapu Bulu
|-supereffective|p2a: Tapu Bulu
|-damage|p2a: Tapu Bulu|0 fnt
|faint|p2a: Tapu Bulu
|
|upkeep
|
|t:|1609855662
|switch|p2a: Zeraora|Zeraora, shiny|100/100
|turn|15
|
|t:|1609855666
|switch|p1a: Slowking|Slowking, M|100/100
|move|p2a: Zeraora|Plasma Fists|p1a: Slowking
|-supereffective|p1a: Slowking
|-damage|p1a: Slowking|0 fnt
|-fieldactivate|move: Ion Deluge
|faint|p1a: Slowking
|
|upkeep
|
|t:|1609855673
|switch|p1a: Latias|Latias, F|34/100
|-damage|p1a: Latias|22/100|[from] Stealth Rock
|turn|16
|c| Xemnas80|dommage eliott
|
|t:|1609855686
|move|p1a: Latias|Psyshock|p2a: Zeraora
|-damage|p2a: Zeraora|46/100
|move|p2a: Zeraora|Plasma Fists|p1a: Latias
|-resisted|p1a: Latias
|-damage|p1a: Latias|0 fnt
|-fieldactivate|move: Ion Deluge
|faint|p1a: Latias
|
|-heal|p2a: Zeraora|52/100|[from] Grassy Terrain
|-fieldend|move: Grassy Terrain
|upkeep
|
|t:|1609855696
|switch|p1a: Bisharp|Bisharp, M|20/100
|-damage|p1a: Bisharp|14/100|[from] Stealth Rock
|turn|17
|
|t:|1609855700
|move|p1a: Bisharp|Sucker Punch|p2a: Zeraora
|-damage|p2a: Zeraora|0 fnt
|faint|p2a: Zeraora
|
|win|EliotEnRetar
|c| Xemnas80|oh
|raw|EliotEnRetar's rating: 1369 &rarr; <strong>1383</strong><br />(+14 for winning)
|raw|Izharbaca's rating: 1266 &rarr; <strong>1248</strong><br />(-18 for losing)
|l|‽Izharbaca
