|j|☆gaete
|j|☆Chrollo#7303
|t:|1617967334
|gametype|singles
|player|p1|gaete|koga|1345
|player|p2|Chrollo#7303|veteran|1282
|teamsize|p1|6
|teamsize|p2|6
|gen|8
|tier|[Gen 8] UU
|rated|
|clearpoke
|poke|p1|Celesteela|
|poke|p1|Mew|
|poke|p1|Grimmsnarl, M|
|poke|p1|Mamoswine, M|
|poke|p1|Conkeldurr, F|
|poke|p1|Azumarill, F|
|poke|p2|Pyukumuku, F|
|poke|p2|Barraskewda, F|
|poke|p2|Politoed, M|
|poke|p2|Rotom-Wash|
|poke|p2|Moltres-Galar|
|poke|p2|Mew|
|rule|Sleep Clause Mod: Limit one foe put to sleep
|rule|Species Clause: Limit one of each Pokémon
|rule|OHKO Clause: OHKO moves are banned
|rule|Evasion Moves Clause: Evasion moves are banned
|rule|Endless Battle Clause: Forcing endless battles is banned
|rule|HP Percentage Mod: HP is shown in percentages
|rule|Dynamax Clause: You cannot dynamax
|teampreview
|c|☆Chrollo#7303|well well
|inactive|Battle timer is ON: inactive players will automatically lose when time's up. (requested by Chrollo#7303)
|
|t:|1617967375
|start
|switch|p1a: Mamoswine|Mamoswine, M|100/100
|switch|p2a: Step sis|Rotom-Wash|100/100
|turn|1
|
|t:|1617967382
|move|p2a: Step sis|Will-O-Wisp|p1a: Mamoswine|[miss]
|-miss|p2a: Step sis|p1a: Mamoswine
|move|p1a: Mamoswine|Stealth Rock|p2a: Step sis
|-sidestart|p2: Chrollo#7303|move: Stealth Rock
|
|upkeep
|turn|2
|
|t:|1617967389
|switch|p1a: Conkeldurr|Conkeldurr, F|100/100
|move|p2a: Step sis|Will-O-Wisp|p1a: Conkeldurr
|-status|p1a: Conkeldurr|brn
|
|-damage|p1a: Conkeldurr|95/100 brn|[from] brn
|upkeep
|turn|3
|
|t:|1617967399
|switch|p2a: obstacle|Pyukumuku, F|100/100
|-damage|p2a: obstacle|88/100|[from] Stealth Rock
|move|p1a: Conkeldurr|Close Combat|p2a: obstacle
|-damage|p2a: obstacle|21/100
|-unboost|p1a: Conkeldurr|def|1
|-unboost|p1a: Conkeldurr|spd|1
|-damage|p1a: Conkeldurr|78/100 brn|[from] item: Rocky Helmet|[of] p2a: obstacle
|
|-damage|p1a: Conkeldurr|72/100 brn|[from] brn
|upkeep
|turn|4
|
|t:|1617967414
|move|p1a: Conkeldurr|Knock Off|p2a: obstacle
|-damage|p2a: obstacle|0 fnt
|-damage|p1a: Conkeldurr|55/100 brn|[from] item: Rocky Helmet|[of] p2a: obstacle
|-enditem|p2a: obstacle|Rocky Helmet|[from] move: Knock Off|[of] p1a: Conkeldurr
|faint|p2a: obstacle
|
|-damage|p1a: Conkeldurr|50/100 brn|[from] brn
|upkeep
|
|t:|1617967432
|switch|p2a: Guts|Moltres-Galar|100/100
|-damage|p2a: Guts|76/100|[from] Stealth Rock
|turn|5
|
|t:|1617967456
|move|p1a: Conkeldurr|Mach Punch|p2a: Guts
|-damage|p2a: Guts|42/100
|-ability|p2a: Guts|Berserk|boost
|-boost|p2a: Guts|spa|1
|move|p2a: Guts|Hurricane|p1a: Conkeldurr
|-supereffective|p1a: Conkeldurr
|-damage|p1a: Conkeldurr|0 fnt
|faint|p1a: Conkeldurr
|
|upkeep
|inactive|gaete has 120 seconds left.
|
|t:|1617967472
|switch|p1a: Mamoswine|Mamoswine, M|100/100
|turn|6
|
|t:|1617967483
|move|p1a: Mamoswine|Endeavor|p2a: Guts
|-immune|p2a: Guts
|move|p2a: Guts|Dark Pulse|p1a: Mamoswine
|-damage|p1a: Mamoswine|23/100
|
|upkeep
|turn|7
|
|t:|1617967497
|move|p1a: Mamoswine|Endeavor|p2a: Guts
|-damage|p2a: Guts|26/100
|move|p2a: Guts|Dark Pulse|p1a: Mamoswine
|-damage|p1a: Mamoswine|0 fnt
|faint|p1a: Mamoswine
|
|upkeep
|
|t:|1617967503
|switch|p1a: Azumarill|Azumarill, F|100/100
|turn|8
|
|t:|1617967508
|move|p1a: Azumarill|Aqua Jet|p2a: Guts
|-damage|p2a: Guts|2/100
|move|p2a: Guts|Hurricane|p1a: Azumarill|[miss]
|-miss|p2a: Guts|p1a: Azumarill
|
|upkeep
|turn|9
|
|t:|1617967520
|move|p1a: Azumarill|Aqua Jet|p2a: Guts
|-damage|p2a: Guts|0 fnt
|faint|p2a: Guts
|
|upkeep
|
|t:|1617967526
|switch|p2a: Slann|Politoed, M|100/100
|-damage|p2a: Slann|88/100|[from] Stealth Rock
|-weather|RainDance|[from] ability: Drizzle|[of] p2a: Slann
|turn|10
|
|t:|1617967541
|move|p1a: Azumarill|Belly Drum|p1a: Azumarill
|-damage|p1a: Azumarill|50/100
|-setboost|p1a: Azumarill|atk|6|[from] move: Belly Drum
|-enditem|p1a: Azumarill|Sitrus Berry|[eat]
|-heal|p1a: Azumarill|75/100|[from] item: Sitrus Berry
|move|p2a: Slann|Encore|p1a: Azumarill
|-start|p1a: Azumarill|Encore
|
|-weather|RainDance|[upkeep]
|upkeep
|turn|11
|
|t:|1617967554
|switch|p1a: Grimmsnarl|Grimmsnarl, M|100/100
|move|p2a: Slann|Whirlpool|p1a: Grimmsnarl
|-damage|p1a: Grimmsnarl|89/100
|-activate|p1a: Grimmsnarl|move: Whirlpool|[of] p2a: Slann
|
|-weather|RainDance|[upkeep]
|-damage|p1a: Grimmsnarl|72/100|[from] move: Whirlpool|[partiallytrapped]
|upkeep
|turn|12
|
|t:|1617967564
|move|p1a: Grimmsnarl|Taunt|p2a: Slann
|-start|p2a: Slann|move: Taunt
|cant|p2a: Slann|move: Taunt|Perish Song
|
|-weather|RainDance|[upkeep]
|-damage|p1a: Grimmsnarl|56/100|[from] move: Whirlpool|[partiallytrapped]
|upkeep
|turn|13
|
|t:|1617967572
|move|p1a: Grimmsnarl|Light Screen|p1a: Grimmsnarl
|-sidestart|p1: gaete|move: Light Screen
|move|p2a: Slann|Whirlpool|p1a: Grimmsnarl
|-damage|p1a: Grimmsnarl|50/100
|
|-weather|RainDance|[upkeep]
|-damage|p1a: Grimmsnarl|33/100|[from] move: Whirlpool|[partiallytrapped]
|upkeep
|turn|14
|
|t:|1617967580
|move|p1a: Grimmsnarl|Reflect|p1a: Grimmsnarl
|-sidestart|p1: gaete|Reflect
|move|p2a: Slann|Whirlpool|p1a: Grimmsnarl
|-damage|p1a: Grimmsnarl|27/100
|
|-weather|none
|-damage|p1a: Grimmsnarl|11/100|[from] move: Whirlpool|[partiallytrapped]
|-end|p2a: Slann|move: Taunt
|upkeep
|turn|15
|
|t:|1617967591
|move|p1a: Grimmsnarl|Taunt|p2a: Slann
|-start|p2a: Slann|move: Taunt
|move|p2a: Slann|Whirlpool|p1a: Grimmsnarl
|-damage|p1a: Grimmsnarl|6/100
|
|-end|p1a: Grimmsnarl|Whirlpool|[partiallytrapped]
|upkeep
|turn|16
|
|t:|1617967600
|move|p2a: Slann|Whirlpool|p1a: Grimmsnarl
|-damage|p1a: Grimmsnarl|2/100
|-activate|p1a: Grimmsnarl|move: Whirlpool|[of] p2a: Slann
|move|p1a: Grimmsnarl|Spirit Break|p2a: Slann
|-damage|p2a: Slann|56/100
|-unboost|p2a: Slann|spa|1
|
|-damage|p1a: Grimmsnarl|0 fnt|[from] move: Whirlpool|[partiallytrapped]
|faint|p1a: Grimmsnarl
|upkeep
|
|t:|1617967618
|switch|p1a: Mew|Mew|100/100
|turn|17
|
|t:|1617967623
|move|p1a: Mew|Dragon Dance|p1a: Mew
|-boost|p1a: Mew|atk|1
|-boost|p1a: Mew|spe|1
|move|p2a: Slann|Whirlpool|p1a: Mew
|-damage|p1a: Mew|97/100
|-activate|p1a: Mew|move: Whirlpool|[of] p2a: Slann
|
|-damage|p1a: Mew|80/100|[from] move: Whirlpool|[partiallytrapped]
|-end|p2a: Slann|move: Taunt
|upkeep
|turn|18
|
|t:|1617967634
|move|p1a: Mew|Close Combat|p2a: Slann
|-damage|p2a: Slann|7/100
|-unboost|p1a: Mew|def|1
|-unboost|p1a: Mew|spd|1
|move|p2a: Slann|Encore|p1a: Mew
|-start|p1a: Mew|Encore
|
|-damage|p1a: Mew|64/100|[from] move: Whirlpool|[partiallytrapped]
|upkeep
|turn|19
|
|t:|1617967645
|move|p2a: Slann|Protect|p2a: Slann
|-singleturn|p2a: Slann|Protect
|move|p1a: Mew|Close Combat|p2a: Slann
|-activate|p2a: Slann|move: Protect
|
|-damage|p1a: Mew|47/100|[from] move: Whirlpool|[partiallytrapped]
|upkeep
|turn|20
|
|t:|1617967654
|move|p1a: Mew|Close Combat|p2a: Slann
|-damage|p2a: Slann|0 fnt
|-unboost|p1a: Mew|def|1
|-unboost|p1a: Mew|spd|1
|faint|p2a: Slann
|
|-end|p1a: Mew|Whirlpool|[partiallytrapped]|[silent]
|-sideend|p1: gaete|move: Light Screen
|upkeep
|
|t:|1617967668
|switch|p2a: Gordon Ramsay|Barraskewda, F|100/100
|-damage|p2a: Gordon Ramsay|88/100|[from] Stealth Rock
|turn|21
|
|t:|1617967673
|move|p1a: Mew|Close Combat|p2a: Gordon Ramsay
|-damage|p2a: Gordon Ramsay|0 fnt
|-unboost|p1a: Mew|def|1
|-unboost|p1a: Mew|spd|1
|faint|p2a: Gordon Ramsay
|
|-end|p1a: Mew|Encore
|-sideend|p1: gaete|Reflect
|upkeep
|
|t:|1617967684
|switch|p2a: Step sis|Rotom-Wash|100/100
|-damage|p2a: Step sis|88/100|[from] Stealth Rock
|turn|22
|
|t:|1617967698
|switch|p1a: Celesteela|Celesteela|100/100
|move|p2a: Step sis|Volt Switch|p1a: Celesteela
|-supereffective|p1a: Celesteela
|-damage|p1a: Celesteela|40/100
|
|t:|1617967706
|switch|p2a: yeetus foetus|Mew|100/100|[from]move: Volt Switch
|-damage|p2a: yeetus foetus|88/100|[from] Stealth Rock
|
|upkeep
|turn|23
|
|t:|1617967716
|move|p2a: yeetus foetus|Cosmic Power|p2a: yeetus foetus
|-boost|p2a: yeetus foetus|def|1
|-boost|p2a: yeetus foetus|spd|1
|move|p1a: Celesteela|Meteor Beam||[still]
|-prepare|p1a: Celesteela|Meteor Beam
|-boost|p1a: Celesteela|spa|1
|-enditem|p1a: Celesteela|Power Herb
|-anim|p1a: Celesteela|Meteor Beam|p2a: yeetus foetus
|-damage|p2a: yeetus foetus|53/100
|
|upkeep
|turn|24
|c|☆Chrollo#7303|**salutes**
|
|t:|1617967740
|switch|p1a: Mew|Mew|47/100
|move|p2a: yeetus foetus|Cosmic Power|p2a: yeetus foetus
|-boost|p2a: yeetus foetus|def|1
|-boost|p2a: yeetus foetus|spd|1
|
|upkeep
|turn|25
|
|t:|1617967748
|move|p1a: Mew|Dragon Dance|p1a: Mew
|-boost|p1a: Mew|atk|1
|-boost|p1a: Mew|spe|1
|move|p2a: yeetus foetus|Cosmic Power|p2a: yeetus foetus
|-boost|p2a: yeetus foetus|def|1
|-boost|p2a: yeetus foetus|spd|1
|
|upkeep
|turn|26
|
|t:|1617967756
|move|p1a: Mew|Darkest Lariat|p2a: yeetus foetus
|-supereffective|p2a: yeetus foetus
|-damage|p2a: yeetus foetus|11/100
|-enditem|p2a: yeetus foetus|Weakness Policy
|-boost|p2a: yeetus foetus|atk|2|[from] item: Weakness Policy
|-boost|p2a: yeetus foetus|spa|2|[from] item: Weakness Policy
|move|p2a: yeetus foetus|Cosmic Power|p2a: yeetus foetus
|-boost|p2a: yeetus foetus|def|1
|-boost|p2a: yeetus foetus|spd|1
|
|upkeep
|turn|27
|
|t:|1617967769
|move|p1a: Mew|Darkest Lariat|p2a: yeetus foetus
|-supereffective|p2a: yeetus foetus
|-damage|p2a: yeetus foetus|0 fnt
|faint|p2a: yeetus foetus
|
|upkeep
|c|☆Chrollo#7303|k
|inactive|Chrollo#7303 has 120 seconds left.
|inactive|Chrollo#7303 has 90 seconds left.
|inactive|Chrollo#7303 has 60 seconds left.
|inactive|Chrollo#7303 has 30 seconds left.
|inactive|Chrollo#7303 has 20 seconds left.
|inactive|Chrollo#7303 has 15 seconds left.
|inactive|Chrollo#7303 has 10 seconds left.
|inactive|Chrollo#7303 has 5 seconds left.
|-message|Chrollo#7303 lost due to inactivity.
|
|win|gaete
|raw|gaete's rating: 1345 &rarr; <strong>1360</strong><br />(+15 for winning)
|raw|Chrollo#7303's rating: 1262 &rarr; <strong>1243</strong><br />(-19 for losing)
