|j|☆ok now i see ya
|j|☆Can'tFight
|t:|1599856627
|player|p1|ok now i see ya|brendan-gen3rs|
|player|p2|Can'tFight|anabel-gen3|
|teamsize|p1|6
|teamsize|p2|6
|gametype|singles
|gen|8
|tier|[Gen 8] UU
|rated|Tournament battle
|clearpoke
|poke|p1|Snorlax, M|
|poke|p1|Slowbro, M|
|poke|p1|Sylveon, F|
|poke|p1|Cobalion|
|poke|p1|Arcanine, M|
|poke|p1|Noivern, F|
|poke|p2|Lycanroc-Dusk, F|
|poke|p2|Cobalion|
|poke|p2|Rotom-Wash|
|poke|p2|Incineroar, F|
|poke|p2|Sylveon, F|
|poke|p2|Gastrodon-East, M|
|rule|Sleep Clause Mod: Limit one foe put to sleep
|rule|Species Clause: Limit one of each Pokémon
|rule|OHKO Clause: OHKO moves are banned
|rule|Evasion Moves Clause: Evasion moves are banned
|rule|Endless Battle Clause: Forcing endless battles is banned
|rule|HP Percentage Mod: HP is shown in percentages
|rule|Dynamax Clause: You cannot dynamax
|teampreview
|j|*Lady Monita
|inactive|Battle timer is ON: inactive players will automatically lose when time's up. (requested by ok now i see ya)
|j| eada7738
|j| TeamCharm69
|c|☆ok now i see ya|gotta take the trash out real quick
|c|☆Can'tFight|ahh yes this is exactly what i expected
|j| BlenderBeaver
|c|☆ok now i see ya|(;
|c|☆ok now i see ya|xd
|inactive|ok now i see ya has 120 seconds left.
|inactive|Can'tFight has 120 seconds left.
|j| JAKIB101
|c|☆ok now i see ya|u gave me that team
|j| ItalianDarkNess
|c|☆Can'tFight|yes
|c|☆Can'tFight|yes i did
|j| Tulip Petals
|inactive|ok now i see ya has 90 seconds left.
|inactive|Can'tFight has 90 seconds left.
|j| ZUALBR
|j| FatFighter2
|
|t:|1599856699
|start
|switch|p1a: Slowbruh|Slowbro, M|100/100
|switch|p2a: Rotom|Rotom-Wash|100/100
|turn|1
|j| Shadow Sirens. ♪
|
|t:|1599856710
|move|p2a: Rotom|Volt Switch|p1a: Slowbruh
|-supereffective|p1a: Slowbruh
|-damage|p1a: Slowbruh|44/100
|c| ZUALBR|hm cool
|l| Shadow Sirens. ♪
|l| ZUALBR
|
|t:|1599856719
|switch|p2a: Cobalion|Cobalion|100/100|[from]move: Volt Switch
|move|p1a: Slowbruh|Teleport|p1a: Slowbruh
|c|☆Can'tFight|prove it
|
|t:|1599856725
|switch|p1a: Purp Wings|Noivern, F|100/100|[from]move: Teleport
|
|upkeep
|turn|2
|c|☆ok now i see ya|prove what
|
|t:|1599856742
|switch|p2a: Sylveon|Sylveon, F|100/100
|move|p1a: Purp Wings|Hurricane|p2a: Sylveon
|-damage|p2a: Sylveon|59/100
|
|upkeep
|turn|3
|c|☆Can'tFight|oh no i thought he said im cool
|c|☆ok now i see ya|o
|
|t:|1599856755
|switch|p1a: Good Boi|Arcanine, M|100/100
|-ability|p1a: Good Boi|Intimidate|boost
|-unboost|p2a: Sylveon|atk|1
|move|p2a: Sylveon|Hyper Voice|p1a: Good Boi
|-resisted|p1a: Good Boi
|-damage|p1a: Good Boi|70/100
|
|upkeep
|turn|4
|
|t:|1599856759
|switch|p2a: Incineroar|Incineroar, F|100/100
|-ability|p2a: Incineroar|Intimidate|boost
|-unboost|p1a: Good Boi|atk|1
|move|p1a: Good Boi|Teleport|p1a: Good Boi
|j| urchinuni
|l| urchinuni
|
|t:|1599856767
|switch|p1a: Koba Leon|Cobalion|100/100|[from]move: Teleport
|
|upkeep
|turn|5
|
|t:|1599856782
|switch|p2a: Gastrodon|Gastrodon-East, M|100/100
|move|p1a: Koba Leon|Volt Switch|p2a: Gastrodon
|-immune|p2a: Gastrodon
|
|upkeep
|turn|6
|c| JAKIB101|teleport?
|
|t:|1599856796
|switch|p1a: Slowbruh|Slowbro, M|77/100
|move|p2a: Gastrodon|Scald|p1a: Slowbruh
|-resisted|p1a: Slowbruh
|-damage|p1a: Slowbruh|63/100
|
|upkeep
|turn|7
|
|t:|1599856803
|switch|p2a: Rotom|Rotom-Wash|100/100
|move|p1a: Slowbruh|Toxic|p2a: Rotom
|-status|p2a: Rotom|tox
|
|-damage|p2a: Rotom|94/100 tox|[from] psn
|upkeep
|turn|8
|
|t:|1599856810
|switch|p1a: Purp Wings|Noivern, F|100/100
|move|p2a: Rotom|Volt Switch|p1a: Purp Wings
|-damage|p1a: Purp Wings|65/100
|c| ItalianDarkNess|0 grass pokemon
|
|t:|1599856812
|switch|p2a: Sylveon|Sylveon, F|59/100|[from]move: Volt Switch
|
|upkeep
|turn|9
|
|t:|1599856819
|switch|p1a: Good Boi|Arcanine, M|70/100
|-ability|p1a: Good Boi|Intimidate|boost
|-unboost|p2a: Sylveon|atk|1
|move|p2a: Sylveon|Shadow Ball|p1a: Good Boi
|-damage|p1a: Good Boi|38/100
|
|upkeep
|turn|10
|
|t:|1599856823
|switch|p2a: Rotom|Rotom-Wash|94/100 tox
|move|p1a: Good Boi|Morning Sun|p1a: Good Boi
|-heal|p1a: Good Boi|88/100
|
|-heal|p2a: Rotom|100/100 tox|[from] item: Leftovers
|-damage|p2a: Rotom|94/100 tox|[from] psn
|upkeep
|turn|11
|c| JAKIB101|gastro might be enough to stall this
|
|t:|1599856838
|switch|p1a: uwu|Sylveon, F|100/100
|move|p2a: Rotom|Hydro Pump|p1a: uwu|[miss]
|-miss|p2a: Rotom|p1a: uwu
|
|-heal|p2a: Rotom|100/100 tox|[from] item: Leftovers
|-damage|p2a: Rotom|88/100 tox|[from] psn
|upkeep
|turn|12
|
|t:|1599856840
|move|p2a: Rotom|Volt Switch|p1a: uwu
|-damage|p1a: uwu|82/100
|
|t:|1599856844
|switch|p2a: Incineroar|Incineroar, F|100/100|[from]move: Volt Switch
|-ability|p2a: Incineroar|Intimidate|boost
|-unboost|p1a: uwu|atk|1
|move|p1a: uwu|Wish|p1a: uwu
|
|-heal|p1a: uwu|88/100|[from] item: Leftovers
|upkeep
|turn|13
|
|t:|1599856850
|switch|p1a: Purp Wings|Noivern, F|65/100
|move|p2a: Incineroar|Parting Shot|p1a: Purp Wings
|-unboost|p1a: Purp Wings|atk|1
|-unboost|p1a: Purp Wings|spa|1
|
|t:|1599856858
|switch|p2a: Lycanroc|Lycanroc-Dusk, F|100/100|[from]move: Parting Shot
|
|-heal|p1a: Purp Wings|100/100|[from] move: Wish|[wisher] uwu
|upkeep
|turn|14
|
|t:|1599856868
|switch|p1a: Slowbruh|Slowbro, M|96/100
|move|p2a: Lycanroc|Stone Edge|p1a: Slowbruh
|-damage|p1a: Slowbruh|60/100
|-damage|p2a: Lycanroc|91/100|[from] item: Life Orb
|
|upkeep
|turn|15
|c|☆ok now i see ya|sd lycanroc 6-0s me
|c|☆ok now i see ya|xd
|
|t:|1599856893
|switch|p2a: Rotom|Rotom-Wash|88/100 tox
|switch|p1a: Koba Leon|Cobalion|100/100
|
|-heal|p2a: Rotom|94/100 tox|[from] item: Leftovers
|-damage|p2a: Rotom|88/100 tox|[from] psn
|upkeep
|turn|16
|c|☆Can'tFight|maybe i should do that from now on
|
|t:|1599856908
|switch|p2a: Gastrodon|Gastrodon-East, M|100/100
|move|p1a: Koba Leon|Volt Switch|p2a: Gastrodon
|-immune|p2a: Gastrodon
|
|upkeep
|turn|17
|
|t:|1599856915
|switch|p1a: Purp Wings|Noivern, F|100/100
|switch|p2a: Cobalion|Cobalion|100/100
|
|upkeep
|turn|18
|j| ZUALBR
|
|t:|1599856925
|move|p1a: Purp Wings|Flamethrower|p2a: Cobalion
|-supereffective|p2a: Cobalion
|-damage|p2a: Cobalion|25/100
|move|p2a: Cobalion|Volt Switch|p1a: Purp Wings
|-crit|p1a: Purp Wings
|-damage|p1a: Purp Wings|73/100
|
|t:|1599856928
|switch|p2a: Sylveon|Sylveon, F|59/100|[from]move: Volt Switch
|
|upkeep
|turn|19
|
|t:|1599856931
|switch|p1a: Good Boi|Arcanine, M|88/100
|-ability|p1a: Good Boi|Intimidate|boost
|-unboost|p2a: Sylveon|atk|1
|move|p2a: Sylveon|Hyper Voice|p1a: Good Boi
|-resisted|p1a: Good Boi
|-damage|p1a: Good Boi|54/100
|
|upkeep
|turn|20
|
|t:|1599856935
|switch|p2a: Incineroar|Incineroar, F|100/100
|-ability|p2a: Incineroar|Intimidate|boost
|-unboost|p1a: Good Boi|atk|1
|move|p1a: Good Boi|Morning Sun|p1a: Good Boi
|-heal|p1a: Good Boi|100/100
|
|upkeep
|turn|21
|c| JAKIB101|lol this might just be switching for 10 hours
|
|t:|1599856943
|switch|p1a: Purp Wings|Noivern, F|73/100
|move|p2a: Incineroar|Knock Off|p1a: Purp Wings
|-damage|p1a: Purp Wings|22/100
|-enditem|p1a: Purp Wings|Heavy-Duty Boots|[from] move: Knock Off|[of] p2a: Incineroar
|
|upkeep
|turn|22
|
|t:|1599856947
|move|p1a: Purp Wings|Roost|p1a: Purp Wings
|-heal|p1a: Purp Wings|72/100
|-singleturn|p1a: Purp Wings|move: Roost
|move|p2a: Incineroar|Parting Shot|p1a: Purp Wings
|-unboost|p1a: Purp Wings|atk|1
|-unboost|p1a: Purp Wings|spa|1
|
|t:|1599856951
|switch|p2a: Lycanroc|Lycanroc-Dusk, F|91/100|[from]move: Parting Shot
|
|upkeep
|turn|23
|
|t:|1599856955
|switch|p1a: Koba Leon|Cobalion|100/100
|move|p2a: Lycanroc|Crunch|p1a: Koba Leon
|-resisted|p1a: Koba Leon
|-damage|p1a: Koba Leon|83/100
|-ability|p1a: Koba Leon|Justified|boost
|-boost|p1a: Koba Leon|atk|1
|-damage|p2a: Lycanroc|81/100|[from] item: Life Orb
|
|upkeep
|turn|24
|c| JAKIB101|oof justified
|c|☆ok now i see ya|what is ur fighting resist
|
|t:|1599856973
|switch|p2a: Gastrodon|Gastrodon-East, M|100/100
|move|p1a: Koba Leon|Close Combat|p2a: Gastrodon
|-damage|p2a: Gastrodon|46/100
|-unboost|p1a: Koba Leon|def|1
|-unboost|p1a: Koba Leon|spd|1
|
|-heal|p2a: Gastrodon|52/100|[from] item: Leftovers
|upkeep
|turn|25
|
|t:|1599856983
|move|p1a: Koba Leon|Close Combat|p2a: Gastrodon
|-damage|p2a: Gastrodon|0 fnt
|-unboost|p1a: Koba Leon|def|1
|-unboost|p1a: Koba Leon|spd|1
|faint|p2a: Gastrodon
|
|upkeep
|c| JAKIB101|S Y L V E O N
|
|t:|1599856989
|switch|p2a: Rotom|Rotom-Wash|88/100 tox
|turn|26
|c|☆Can'tFight|iron head
|
|t:|1599856997
|move|p1a: Koba Leon|Volt Switch|p2a: Rotom
|-damage|p2a: Rotom|74/100 tox
|
|t:|1599857013
|switch|p1a: uwu|Sylveon, F|88/100|[from]move: Volt Switch
|move|p2a: Rotom|Volt Switch|p1a: uwu
|-damage|p1a: uwu|71/100
|
|t:|1599857018
|switch|p2a: Lycanroc|Lycanroc-Dusk, F|81/100|[from]move: Volt Switch
|
|-heal|p1a: uwu|77/100|[from] item: Leftovers
|upkeep
|turn|27
|c|☆ok now i see ya|iron head kills me?
|c|☆Can'tFight|no me
|c|☆Can'tFight|you said my fighting resist
|inactive|ok now i see ya has 120 seconds left.
|
|t:|1599857076
|switch|p1a: Slowbruh|Slowbro, M|93/100
|move|p2a: Lycanroc|Stone Edge|p1a: Slowbruh
|-damage|p1a: Slowbruh|59/100
|-damage|p2a: Lycanroc|71/100|[from] item: Life Orb
|
|upkeep
|turn|28
|inactive|ok now i see ya has 90 seconds left.
|
|t:|1599857112
|switch|p1a: ZZZ|Snorlax, M|100/100
|move|p2a: Lycanroc|Crunch|p1a: ZZZ
|-damage|p1a: ZZZ|72/100
|-damage|p2a: Lycanroc|61/100|[from] item: Life Orb
|
|upkeep
|turn|29
|
|t:|1599857118
|switch|p1a: Slowbruh|Slowbro, M|92/100
|move|p2a: Lycanroc|Close Combat|p1a: Slowbruh
|-resisted|p1a: Slowbruh
|-damage|p1a: Slowbruh|73/100
|-unboost|p2a: Lycanroc|def|1
|-unboost|p2a: Lycanroc|spd|1
|-damage|p2a: Lycanroc|51/100|[from] item: Life Orb
|
|upkeep
|turn|30
|
|t:|1599857128
|switch|p2a: Rotom|Rotom-Wash|74/100 tox
|move|p1a: Slowbruh|Teleport|p1a: Slowbruh
|l| ZUALBR
|
|t:|1599857135
|switch|p1a: Koba Leon|Cobalion|83/100|[from]move: Teleport
|
|-heal|p2a: Rotom|80/100 tox|[from] item: Leftovers
|-damage|p2a: Rotom|74/100 tox|[from] psn
|upkeep
|turn|31
|c|☆ok now i see ya|wooops
|c|☆ok now i see ya|wanted to click syl
|
|t:|1599857155
|move|p1a: Koba Leon|Volt Switch|p2a: Rotom
|-damage|p2a: Rotom|59/100 tox
|
|t:|1599857159
|switch|p1a: uwu|Sylveon, F|77/100|[from]move: Volt Switch
|move|p2a: Rotom|Hydro Pump|p1a: uwu
|-damage|p1a: uwu|48/100
|
|-heal|p2a: Rotom|66/100 tox|[from] item: Leftovers
|-heal|p1a: uwu|54/100|[from] item: Leftovers
|-damage|p2a: Rotom|53/100 tox|[from] psn
|upkeep
|turn|32
|
|t:|1599857161
|move|p2a: Rotom|Volt Switch|p1a: uwu
|-damage|p1a: uwu|36/100
|
|t:|1599857164
|switch|p2a: Incineroar|Incineroar, F|100/100|[from]move: Volt Switch
|-ability|p2a: Incineroar|Intimidate|boost
|-unboost|p1a: uwu|atk|1
|move|p1a: uwu|Wish|p1a: uwu
|
|-heal|p1a: uwu|42/100|[from] item: Leftovers
|upkeep
|turn|33
|
|t:|1599857168
|move|p1a: uwu|Protect|p1a: uwu
|-singleturn|p1a: uwu|Protect
|move|p2a: Incineroar|Parting Shot|p1a: uwu
|-activate|p1a: uwu|move: Protect
|
|-heal|p1a: uwu|92/100|[from] move: Wish|[wisher] uwu
|-heal|p1a: uwu|98/100|[from] item: Leftovers
|upkeep
|turn|34
|
|t:|1599857174
|switch|p1a: Purp Wings|Noivern, F|72/100
|move|p2a: Incineroar|Flare Blitz|p1a: Purp Wings
|-resisted|p1a: Purp Wings
|-damage|p1a: Purp Wings|39/100
|-damage|p2a: Incineroar|92/100|[from] Recoil
|
|upkeep
|turn|35
|j| lithalweapon
|j| Pablonchattack
|
|t:|1599857180
|move|p1a: Purp Wings|Hurricane|p2a: Incineroar
|-damage|p2a: Incineroar|51/100
|move|p2a: Incineroar|Knock Off|p1a: Purp Wings
|-damage|p1a: Purp Wings|8/100
|
|upkeep
|turn|36
|
|t:|1599857184
|move|p1a: Purp Wings|Roost|p1a: Purp Wings
|-heal|p1a: Purp Wings|58/100
|-singleturn|p1a: Purp Wings|move: Roost
|move|p2a: Incineroar|Parting Shot|p1a: Purp Wings
|-unboost|p1a: Purp Wings|atk|1
|-unboost|p1a: Purp Wings|spa|1
|
|t:|1599857186
|switch|p2a: Lycanroc|Lycanroc-Dusk, F|51/100|[from]move: Parting Shot
|
|upkeep
|turn|37
|
|t:|1599857193
|switch|p1a: Slowbruh|Slowbro, M|100/100
|move|p2a: Lycanroc|Accelerock|p1a: Slowbruh
|-damage|p1a: Slowbruh|81/100
|-damage|p2a: Lycanroc|41/100|[from] item: Life Orb
|
|upkeep
|turn|38
|
|t:|1599857198
|switch|p2a: Rotom|Rotom-Wash|53/100 tox
|move|p1a: Slowbruh|Psyshock|p2a: Rotom
|-damage|p2a: Rotom|26/100 tox
|
|-heal|p2a: Rotom|32/100 tox|[from] item: Leftovers
|-damage|p2a: Rotom|26/100 tox|[from] psn
|upkeep
|turn|39
|
|t:|1599857203
|switch|p1a: ZZZ|Snorlax, M|72/100
|move|p2a: Rotom|Pain Split|p1a: ZZZ
|-sethp|p1a: ZZZ|44/100|[from] move: Pain Split|[silent]
|-sethp|p2a: Rotom|72/100 tox|[from] move: Pain Split
|
|-heal|p2a: Rotom|78/100 tox|[from] item: Leftovers
|-damage|p2a: Rotom|66/100 tox|[from] psn
|upkeep
|turn|40
|c|☆ok now i see ya|oh
|l| BlenderBeaver
|inactive|ok now i see ya has 120 seconds left.
|
|t:|1599857236
|switch|p1a: uwu|Sylveon, F|98/100
|move|p2a: Rotom|Volt Switch|p1a: uwu
|-damage|p1a: uwu|79/100
|c|☆Can'tFight|i still lose to this not much i can do without gastro
|
|t:|1599857250
|switch|p2a: Incineroar|Incineroar, F|51/100|[from]move: Volt Switch
|-ability|p2a: Incineroar|Intimidate|boost
|-unboost|p1a: uwu|atk|1
|
|-heal|p1a: uwu|85/100|[from] item: Leftovers
|upkeep
|turn|41
|c|☆ok now i see ya|u overhwlem it
|j| Wertuo
|inactive|ok now i see ya has 120 seconds left.
|l| Wertuo
|c|☆ok now i see ya|with sylveon lycan
|
|t:|1599857273
|switch|p1a: Purp Wings|Noivern, F|58/100
|move|p2a: Incineroar|Parting Shot|p1a: Purp Wings
|-unboost|p1a: Purp Wings|atk|1
|-unboost|p1a: Purp Wings|spa|1
|
|t:|1599857277
|switch|p2a: Sylveon|Sylveon, F|59/100|[from]move: Parting Shot
|
|upkeep
|turn|42
|
|t:|1599857280
|switch|p1a: Good Boi|Arcanine, M|100/100
|-ability|p1a: Good Boi|Intimidate|boost
|-unboost|p2a: Sylveon|atk|1
|switch|p2a: Rotom|Rotom-Wash|66/100 tox
|
|-heal|p2a: Rotom|72/100 tox|[from] item: Leftovers
|-damage|p2a: Rotom|66/100 tox|[from] psn
|upkeep
|turn|43
|
|t:|1599857284
|switch|p1a: uwu|Sylveon, F|85/100
|move|p2a: Rotom|Volt Switch|p1a: uwu
|-damage|p1a: uwu|68/100
|
|t:|1599857288
|switch|p2a: Lycanroc|Lycanroc-Dusk, F|41/100|[from]move: Volt Switch
|
|-heal|p1a: uwu|74/100|[from] item: Leftovers
|upkeep
|turn|44
|
|t:|1599857296
|move|p2a: Lycanroc|Crunch|p1a: uwu
|-resisted|p1a: uwu
|-damage|p1a: uwu|57/100
|-damage|p2a: Lycanroc|31/100|[from] item: Life Orb
|move|p1a: uwu|Hyper Voice|p2a: Lycanroc
|-damage|p2a: Lycanroc|0 fnt
|faint|p2a: Lycanroc
|
|-heal|p1a: uwu|63/100|[from] item: Leftovers
|upkeep
|
|t:|1599857301
|switch|p2a: Sylveon|Sylveon, F|59/100
|turn|45
|
|t:|1599857304
|move|p1a: uwu|Protect|p1a: uwu
|-singleturn|p1a: uwu|Protect
|move|p2a: Sylveon|Shadow Ball|p1a: uwu
|-activate|p1a: uwu|move: Protect
|
|-heal|p1a: uwu|69/100|[from] item: Leftovers
|upkeep
|turn|46
|
|t:|1599857307
|switch|p2a: Incineroar|Incineroar, F|51/100
|-ability|p2a: Incineroar|Intimidate|boost
|-unboost|p1a: uwu|atk|1
|move|p1a: uwu|Wish|p1a: uwu
|
|-heal|p1a: uwu|75/100|[from] item: Leftovers
|upkeep
|turn|47
|
|t:|1599857311
|move|p2a: Incineroar|Flare Blitz|p1a: uwu
|-damage|p1a: uwu|39/100
|-damage|p2a: Incineroar|39/100|[from] Recoil
|move|p1a: uwu|Hyper Voice|p2a: Incineroar
|-damage|p2a: Incineroar|5/100
|
|-heal|p1a: uwu|89/100|[from] move: Wish|[wisher] uwu
|-heal|p1a: uwu|95/100|[from] item: Leftovers
|upkeep
|turn|48
|
|t:|1599857316
|switch|p1a: Purp Wings|Noivern, F|58/100
|move|p2a: Incineroar|Rest|p2a: Incineroar
|-status|p2a: Incineroar|slp|[from] move: Rest
|-heal|p2a: Incineroar|100/100 slp|[silent]
|
|upkeep
|turn|49
|c| JAKIB101|O O F
|
|t:|1599857321
|move|p1a: Purp Wings|Hurricane|p2a: Incineroar
|-crit|p2a: Incineroar
|-damage|p2a: Incineroar|39/100 slp
|-start|p2a: Incineroar|confusion
|cant|p2a: Incineroar|slp
|
|upkeep
|turn|50
|
|t:|1599857325
|move|p1a: Purp Wings|Hurricane|p2a: Incineroar
|-damage|p2a: Incineroar|0 fnt
|faint|p2a: Incineroar
|
|upkeep
|
|t:|1599857327
|switch|p2a: Sylveon|Sylveon, F|59/100
|turn|51
|c|☆Can'tFight|oh well gg
|
|t:|1599857334
|switch|p1a: Good Boi|Arcanine, M|100/100
|-ability|p1a: Good Boi|Intimidate|boost
|-unboost|p2a: Sylveon|atk|1
|move|p2a: Sylveon|Hyper Voice|p1a: Good Boi
|-resisted|p1a: Good Boi
|-damage|p1a: Good Boi|71/100
|
|upkeep
|turn|52
|c| JAKIB101|crit and confusion RIP
|
|t:|1599857336
|move|p1a: Good Boi|Flare Blitz|p2a: Sylveon
|-damage|p2a: Sylveon|0 fnt
|-damage|p1a: Good Boi|54/100|[from] Recoil
|faint|p2a: Sylveon
|
|upkeep
|c|☆ok now i see ya|gg
|
|t:|1599857340
|switch|p2a: Rotom|Rotom-Wash|66/100 tox
|turn|53
|
|t:|1599857345
|move|p2a: Rotom|Hydro Pump|p1a: Good Boi
|-supereffective|p1a: Good Boi
|-damage|p1a: Good Boi|0 fnt
|faint|p1a: Good Boi
|
|-heal|p2a: Rotom|72/100 tox|[from] item: Leftovers
|-damage|p2a: Rotom|66/100 tox|[from] psn
|upkeep
|
|t:|1599857349
|switch|p1a: uwu|Sylveon, F|95/100
|turn|54
|
|t:|1599857352
|move|p2a: Rotom|Pain Split|p1a: uwu
|-sethp|p1a: uwu|73/100|[from] move: Pain Split|[silent]
|-sethp|p2a: Rotom|94/100 tox|[from] move: Pain Split
|move|p1a: uwu|Hyper Voice|p2a: Rotom
|-damage|p2a: Rotom|49/100 tox
|
|-heal|p2a: Rotom|55/100 tox|[from] item: Leftovers
|-heal|p1a: uwu|79/100|[from] item: Leftovers
|-damage|p2a: Rotom|43/100 tox|[from] psn
|upkeep
|turn|55
|
|t:|1599857357
|move|p2a: Rotom|Hydro Pump|p1a: uwu
|-damage|p1a: uwu|52/100
|move|p1a: uwu|Hyper Voice|p2a: Rotom
|-damage|p2a: Rotom|0 fnt
|faint|p2a: Rotom
|
|-heal|p1a: uwu|58/100|[from] item: Leftovers
|upkeep
|
|t:|1599857359
|switch|p2a: Cobalion|Cobalion|25/100
|turn|56
|
|t:|1599857365
|move|p2a: Cobalion|Iron Head|p1a: uwu
|-supereffective|p1a: uwu
|-crit|p1a: uwu
|-damage|p1a: uwu|0 fnt
|faint|p1a: uwu
|
|upkeep
|
|t:|1599857369
|switch|p1a: Slowbruh|Slowbro, M|100/100
|turn|57
|
|t:|1599857370
|move|p2a: Cobalion|Volt Switch|p1a: Slowbruh
|-supereffective|p1a: Slowbruh
|-damage|p1a: Slowbruh|74/100
|move|p1a: Slowbruh|Scald|p2a: Cobalion
|-damage|p2a: Cobalion|0 fnt
|faint|p2a: Cobalion
|
|win|ok now i see ya
