|html|<div class="broadcast-blue"><strong>[Gen 8] UU is currently suspecting Aegislash! For information on how to participate check out the <a href="https://www.smogon.com/forums/threads/np-ss-uu-stage-8-4-spellbound-aegislash-retest-victini-banned.3679677/">suspect thread</a>.</strong></div>
|j|☆EliotEnRetar
|j|☆lolorigolo
|t:|1616325126
|player|p1|EliotEnRetar|falkner|1538
|player|p2|lolorigolo|acetrainer-gen4|1372
|teamsize|p1|6
|teamsize|p2|6
|gametype|singles
|gen|8
|tier|[Gen 8] UU
|rated|
|clearpoke
|poke|p1|Porygon-Z|
|poke|p1|Krookodile, M|
|poke|p1|Rotom-Wash|
|poke|p1|Scizor, M|
|poke|p1|Talonflame, F|
|poke|p1|Sylveon, M|
|poke|p2|Mew|
|poke|p2|Skarmory, M|
|poke|p2|Tentacruel, M|
|poke|p2|Zeraora|
|poke|p2|Tangrowth, F|
|poke|p2|Nihilego|
|rule|Sleep Clause Mod: Limit one foe put to sleep
|rule|Species Clause: Limit one of each Pokémon
|rule|OHKO Clause: OHKO moves are banned
|rule|Evasion Moves Clause: Evasion moves are banned
|rule|Endless Battle Clause: Forcing endless battles is banned
|rule|HP Percentage Mod: HP is shown in percentages
|rule|Dynamax Clause: You cannot dynamax
|teampreview
|inactive|Battle timer is ON: inactive players will automatically lose when time's up. (requested by EliotEnRetar)
|
|t:|1616325154
|start
|switch|p1a: Krookodile|Krookodile, M|100/100
|switch|p2a: Tangrowth|Tangrowth, F|100/100
|-ability|p1a: Krookodile|Intimidate|boost
|-unboost|p2a: Tangrowth|atk|1
|turn|1
|
|t:|1616325162
|switch|p1a: Ouais|Sylveon, M|100/100
|move|p2a: Tangrowth|Giga Drain|p1a: Ouais
|-damage|p1a: Ouais|83/100
|
|-heal|p1a: Ouais|89/100|[from] item: Leftovers
|upkeep
|turn|2
|
|t:|1616325170
|move|p1a: Ouais|Hyper Voice|p2a: Tangrowth
|-damage|p2a: Tangrowth|41/100
|move|p2a: Tangrowth|Knock Off|p1a: Ouais
|-resisted|p1a: Ouais
|-damage|p1a: Ouais|81/100
|-enditem|p1a: Ouais|Leftovers|[from] move: Knock Off|[of] p2a: Tangrowth
|
|upkeep
|turn|3
|
|t:|1616325180
|switch|p2a: Nihilego|Nihilego|100/100
|move|p1a: Ouais|Wish|p1a: Ouais
|
|upkeep
|turn|4
|
|t:|1616325188
|switch|p1a: Krookodile|Krookodile, M|100/100
|-ability|p1a: Krookodile|Intimidate|boost
|-unboost|p2a: Nihilego|atk|1
|move|p2a: Nihilego|Sludge Wave|p1a: Krookodile
|-resisted|p1a: Krookodile
|-damage|p1a: Krookodile|71/100
|-status|p1a: Krookodile|psn
|
|-heal|p1a: Krookodile|100/100 psn|[from] move: Wish|[wisher] Ouais
|-damage|p1a: Krookodile|88/100 psn|[from] psn
|upkeep
|turn|5
|
|t:|1616325203
|move|p1a: Krookodile|Knock Off|p2a: Nihilego
|-damage|p2a: Nihilego|18/100
|-enditem|p2a: Nihilego|Power Herb|[from] move: Knock Off|[of] p1a: Krookodile
|move|p2a: Nihilego|Grass Knot|p1a: Krookodile
|-supereffective|p1a: Krookodile
|-damage|p1a: Krookodile|10/100 psn
|
|-damage|p1a: Krookodile|0 fnt|[from] psn
|faint|p1a: Krookodile
|upkeep
|
|t:|1616325212
|switch|p1a: BizouJeManvol|Talonflame, F|100/100
|turn|6
|
|t:|1616325219
|switch|p2a: Tentacruel|Tentacruel, M|100/100
|move|p1a: BizouJeManvol|U-turn|p2a: Tentacruel
|-resisted|p2a: Tentacruel
|-damage|p2a: Tentacruel|90/100
|
|t:|1616325229
|switch|p1a: CauetBurger|Rotom-Wash|100/100|[from]move: U-turn
|
|-heal|p2a: Tentacruel|96/100|[from] item: Black Sludge
|upkeep
|turn|7
|
|t:|1616325240
|move|p2a: Tentacruel|Toxic Spikes|p1a: CauetBurger
|-sidestart|p1: EliotEnRetar|move: Toxic Spikes
|move|p1a: CauetBurger|Volt Switch|p2a: Tentacruel
|-supereffective|p2a: Tentacruel
|-damage|p2a: Tentacruel|54/100
|
|t:|1616325248
|switch|p1a: Schlass|Scizor, M|100/100|[from]move: Volt Switch
|
|-heal|p2a: Tentacruel|60/100|[from] item: Black Sludge
|upkeep
|turn|8
|
|t:|1616325258
|move|p2a: Tentacruel|Scald|p1a: Schlass
|-damage|p1a: Schlass|71/100
|move|p1a: Schlass|U-turn|p2a: Tentacruel
|-resisted|p2a: Tentacruel
|-damage|p2a: Tentacruel|40/100
|
|t:|1616325263
|switch|p1a: CauetBurger|Rotom-Wash|100/100|[from]move: U-turn
|
|-heal|p2a: Tentacruel|46/100|[from] item: Black Sludge
|upkeep
|turn|9
|
|t:|1616325270
|switch|p2a: Nihilego|Nihilego|18/100
|move|p1a: CauetBurger|Defog|p2a: Nihilego
|-unboost|p2a: Nihilego|evasion|1
|-sideend|p1: EliotEnRetar|Toxic Spikes|[from] move: Defog|[of] p1a: CauetBurger
|
|upkeep
|turn|10
|
|t:|1616325277
|move|p2a: Nihilego|Power Gem|p1a: CauetBurger
|-damage|p1a: CauetBurger|56/100
|move|p1a: CauetBurger|Volt Switch|p2a: Nihilego
|-damage|p2a: Nihilego|0 fnt
|faint|p2a: Nihilego
|
|t:|1616325285
|switch|p1a: Schlass|Scizor, M|71/100|[from]move: Volt Switch
|
|upkeep
|
|t:|1616325289
|switch|p2a: Zeraora|Zeraora|100/100
|turn|11
|
|t:|1616325294
|switch|p1a: CauetBurger|Rotom-Wash|56/100
|move|p2a: Zeraora|Plasma Fists|p1a: CauetBurger
|-damage|p1a: CauetBurger|20/100
|-fieldactivate|move: Ion Deluge
|
|-heal|p1a: CauetBurger|26/100|[from] item: Leftovers
|upkeep
|turn|12
|
|t:|1616325308
|move|p2a: Zeraora|Plasma Fists|p1a: CauetBurger
|-crit|p1a: CauetBurger
|-damage|p1a: CauetBurger|0 fnt
|-fieldactivate|move: Ion Deluge
|faint|p1a: CauetBurger
|
|upkeep
|
|t:|1616325313
|switch|p1a: Schlass|Scizor, M|71/100
|turn|13
|
|t:|1616325316
|move|p2a: Zeraora|Blaze Kick|p1a: Schlass
|-supereffective|p1a: Schlass
|-damage|p1a: Schlass|0 fnt
|faint|p1a: Schlass
|
|upkeep
|
|t:|1616325323
|switch|p1a: Porygon-NUBL|Porygon-Z|100/100
|turn|14
|
|t:|1616325327
|move|p2a: Zeraora|Knock Off|p1a: Porygon-NUBL
|-damage|p1a: Porygon-NUBL|54/100
|-enditem|p1a: Porygon-NUBL|Choice Specs|[from] move: Knock Off|[of] p2a: Zeraora
|move|p1a: Porygon-NUBL|Tri Attack|p2a: Zeraora
|-damage|p2a: Zeraora|22/100
|
|upkeep
|turn|15
|
|t:|1616325335
|move|p2a: Zeraora|Plasma Fists|p1a: Porygon-NUBL
|-damage|p1a: Porygon-NUBL|0 fnt
|-fieldactivate|move: Ion Deluge
|faint|p1a: Porygon-NUBL
|
|upkeep
|
|t:|1616325340
|switch|p1a: BizouJeManvol|Talonflame, F|100/100
|turn|16
|
|t:|1616325349
|switch|p2a: Mew|Mew|100/100
|move|p1a: BizouJeManvol|Brave Bird|p2a: Mew
|-damage|p2a: Mew|54/100
|-damage|p1a: BizouJeManvol|80/100|[from] Recoil
|
|upkeep
|turn|17
|
|t:|1616325357
|move|p1a: BizouJeManvol|Flare Blitz|p2a: Mew
|-damage|p2a: Mew|9/100
|-damage|p1a: BizouJeManvol|60/100|[from] Recoil
|move|p2a: Mew|Stealth Rock|p1a: BizouJeManvol
|-sidestart|p1: EliotEnRetar|move: Stealth Rock
|
|upkeep
|turn|18
|
|t:|1616325363
|move|p1a: BizouJeManvol|U-turn|p2a: Mew
|-supereffective|p2a: Mew
|-damage|p2a: Mew|0 fnt
|faint|p2a: Mew
|
|t:|1616325367
|switch|p1a: Ouais|Sylveon, M|81/100|[from]move: U-turn
|-damage|p1a: Ouais|69/100|[from] Stealth Rock
|
|upkeep
|
|t:|1616325380
|switch|p2a: Skarmory|Skarmory, M|100/100
|turn|19
|
|t:|1616325383
|move|p2a: Skarmory|Iron Defense|p2a: Skarmory
|-boost|p2a: Skarmory|def|2
|move|p1a: Ouais|Wish|p1a: Ouais
|
|upkeep
|turn|20
|
|t:|1616325388
|move|p2a: Skarmory|Iron Defense|p2a: Skarmory
|-boost|p2a: Skarmory|def|2
|move|p1a: Ouais|Hyper Voice|p2a: Skarmory
|-resisted|p2a: Skarmory
|-damage|p2a: Skarmory|72/100
|
|-heal|p1a: Ouais|100/100|[from] move: Wish|[wisher] Ouais
|upkeep
|turn|21
|
|t:|1616325399
|move|p2a: Skarmory|Body Press|p1a: Ouais
|-resisted|p1a: Ouais
|-damage|p1a: Ouais|48/100
|move|p1a: Ouais|Yawn|p2a: Skarmory
|-start|p2a: Skarmory|move: Yawn|[of] p1a: Ouais
|
|upkeep
|turn|22
|
|t:|1616325408
|move|p2a: Skarmory|Body Press|p1a: Ouais
|-resisted|p1a: Ouais
|-damage|p1a: Ouais|2/100
|move|p1a: Ouais|Hyper Voice|p2a: Skarmory
|-resisted|p2a: Skarmory
|-damage|p2a: Skarmory|45/100
|
|-end|p2a: Skarmory|move: Yawn|[silent]
|-status|p2a: Skarmory|slp
|upkeep
|turn|23
|
|t:|1616325416
|switch|p2a: Zeraora|Zeraora|22/100
|move|p1a: Ouais|Hyper Voice|p2a: Zeraora
|-damage|p2a: Zeraora|0 fnt
|faint|p2a: Zeraora
|
|upkeep
|
|t:|1616325423
|switch|p2a: Tentacruel|Tentacruel, M|46/100
|turn|24
|
|t:|1616325428
|move|p2a: Tentacruel|Rapid Spin|p1a: Ouais
|-damage|p1a: Ouais|0 fnt
|-boost|p2a: Tentacruel|spe|1
|faint|p1a: Ouais
|
|-heal|p2a: Tentacruel|52/100|[from] item: Black Sludge
|upkeep
|
|t:|1616325433
|switch|p1a: BizouJeManvol|Talonflame, F|60/100
|turn|25
|
|t:|1616325436
|move|p2a: Tentacruel|Scald|p1a: BizouJeManvol
|-supereffective|p1a: BizouJeManvol
|-damage|p1a: BizouJeManvol|0 fnt
|faint|p1a: BizouJeManvol
|
|win|lolorigolo
|raw|EliotEnRetar's rating: 1538 &rarr; <strong>1509</strong><br />(-29 for losing)
|raw|lolorigolo's rating: 1372 &rarr; <strong>1401</strong><br />(+29 for winning)
|l|☆EliotEnRetar
|c|☆lolorigolo|gg
