|j|☆uult1 pataozinho
|j|☆Plavns
|player|p1|uult1 pataozinho|dawn|1444
|player|p2|Plavns|169|1447
|teamsize|p1|6
|teamsize|p2|6
|gametype|singles
|gen|8
|tier|[Gen 8] UU
|rated|
|clearpoke
|poke|p1|Dugtrio-Alola, F|
|poke|p1|Xatu, F|
|poke|p1|Haxorus, F|
|poke|p1|Necrozma|
|poke|p1|Barbaracle, F|
|poke|p1|Toxtricity, M|
|poke|p2|Espeon, M|
|poke|p2|Sirfetch'd, F|
|poke|p2|Toxtricity, M|
|poke|p2|Celebi|
|poke|p2|Incineroar, F|
|poke|p2|Rotom-Wash|
|rule|Sleep Clause Mod: Limit one foe put to sleep
|rule|Species Clause: Limit one of each Pokémon
|rule|OHKO Clause: OHKO moves are banned
|rule|Evasion Moves Clause: Evasion moves are banned
|rule|Endless Battle Clause: Forcing endless battles is banned
|rule|HP Percentage Mod: HP is shown in percentages
|rule|Dynamax Clause: You cannot dynamax
|teampreview
|
|start
|switch|p1a: Dugtrio|Dugtrio-Alola, F|100/100
|switch|p2a: Toxtricity|Toxtricity, M|100/100
|turn|1
|c|☆Plavns|Hf
|
|switch|p2a: Rotom|Rotom-Wash|100/100
|move|p1a: Dugtrio|Stealth Rock|p2a: Rotom
|-sidestart|p2: Plavns|move: Stealth Rock
|
|upkeep
|turn|2
|
|move|p1a: Dugtrio|Rock Tomb|p2a: Rotom
|-damage|p2a: Rotom|87/100
|-unboost|p2a: Rotom|spe|1
|move|p2a: Rotom|Defog|p1a: Dugtrio
|-unboost|p1a: Dugtrio|evasion|1
|-sideend|p2: Plavns|Stealth Rock|[from] move: Defog|[of] p2a: Rotom
|
|-heal|p2a: Rotom|94/100|[from] item: Leftovers
|upkeep
|turn|3
|
|move|p1a: Dugtrio|Earthquake|p2a: Rotom
|-immune|p2a: Rotom|[from] ability: Levitate
|move|p2a: Rotom|Hydro Pump|p1a: Dugtrio
|-supereffective|p1a: Dugtrio
|-enditem|p1a: Dugtrio|Focus Sash
|-damage|p1a: Dugtrio|1/100
|
|-heal|p2a: Rotom|99/100|[from] item: Leftovers
|upkeep
|turn|4
|
|move|p1a: Dugtrio|Stealth Rock|p2a: Rotom
|-sidestart|p2: Plavns|move: Stealth Rock
|move|p2a: Rotom|Will-O-Wisp|p1a: Dugtrio
|-status|p1a: Dugtrio|brn
|
|-heal|p2a: Rotom|100/100|[from] item: Leftovers
|-damage|p1a: Dugtrio|0 fnt|[from] brn
|faint|p1a: Dugtrio
|upkeep
|
|switch|p1a: Toxtricity|Toxtricity, M|100/100
|turn|5
|
|switch|p2a: Incineroar|Incineroar, F|100/100
|-ability|p2a: Incineroar|Intimidate|boost
|-unboost|p1a: Toxtricity|atk|1
|move|p1a: Toxtricity|Boomburst|p2a: Incineroar
|-damage|p2a: Incineroar|55/100
|-enditem|p1a: Toxtricity|Throat Spray
|-boost|p1a: Toxtricity|spa|1|[from] item: Throat Spray
|
|upkeep
|turn|6
|
|move|p1a: Toxtricity|Boomburst|p2a: Incineroar
|-damage|p2a: Incineroar|0 fnt
|faint|p2a: Incineroar
|
|upkeep
|
|switch|p2a: Espeon|Espeon, M|100/100
|-damage|p2a: Espeon|88/100|[from] Stealth Rock
|turn|7
|
|switch|p1a: Xatu|Xatu, F|100/100
|move|p2a: Espeon|Psychic|p1a: Xatu
|-resisted|p1a: Xatu
|-damage|p1a: Xatu|67/100
|-unboost|p1a: Xatu|spd|1
|
|upkeep
|turn|8
|
|switch|p2a: Rotom|Rotom-Wash|100/100
|-damage|p2a: Rotom|88/100|[from] Stealth Rock
|move|p1a: Xatu|Light Screen|p1a: Xatu
|-sidestart|p1: uult1 pataozinho|move: Light Screen
|
|-heal|p2a: Rotom|94/100|[from] item: Leftovers
|upkeep
|turn|9
|
|move|p2a: Rotom|Defog|p1a: Xatu
|move|p1a: Xatu|Defog|p2a: Rotom|[from]Magic Bounce
|-unboost|p2a: Rotom|evasion|1
|-sideend|p2: Plavns|Stealth Rock|[from] move: Defog|[of] p1a: Xatu
|move|p1a: Xatu|Teleport|p1a: Xatu
|
|switch|p1a: Toxtricity|Toxtricity, M|100/100|[from]move: Teleport
|
|-heal|p2a: Rotom|100/100|[from] item: Leftovers
|upkeep
|turn|10
|
|switch|p2a: Toxtricity|Toxtricity, M|100/100
|move|p1a: Toxtricity|Shift Gear|p1a: Toxtricity
|-boost|p1a: Toxtricity|spe|2
|-boost|p1a: Toxtricity|atk|1
|
|upkeep
|turn|11
|
|move|p1a: Toxtricity|Boomburst|p2a: Toxtricity
|-damage|p2a: Toxtricity|48/100
|move|p2a: Toxtricity|Boomburst|p1a: Toxtricity
|-damage|p1a: Toxtricity|61/100
|
|upkeep
|turn|12
|
|move|p1a: Toxtricity|Boomburst|p2a: Toxtricity
|-damage|p2a: Toxtricity|2/100
|move|p2a: Toxtricity|Boomburst|p1a: Toxtricity
|-damage|p1a: Toxtricity|22/100
|
|upkeep
|turn|13
|j| Angelborn
|
|switch|p2a: Espeon|Espeon, M|88/100
|move|p1a: Toxtricity|Boomburst|p2a: Espeon
|-damage|p2a: Espeon|9/100
|
|upkeep
|turn|14
|
|move|p2a: Espeon|Psychic|p1a: Toxtricity
|-supereffective|p1a: Toxtricity
|-damage|p1a: Toxtricity|0 fnt
|faint|p1a: Toxtricity
|
|upkeep
|
|switch|p1a: Necrozma|Necrozma|100/100
|turn|15
|
|switch|p2a: Sirfetch'd|Sirfetch'd, F|100/100
|move|p1a: Necrozma|Dragon Dance|p1a: Necrozma
|-boost|p1a: Necrozma|atk|1
|-boost|p1a: Necrozma|spe|1
|
|-sideend|p1: uult1 pataozinho|move: Light Screen
|upkeep
|turn|16
|
|move|p2a: Sirfetch'd|First Impression|p1a: Necrozma
|-supereffective|p1a: Necrozma
|-damage|p1a: Necrozma|26/100
|-enditem|p1a: Necrozma|Weakness Policy
|-boost|p1a: Necrozma|atk|2|[from] item: Weakness Policy
|-boost|p1a: Necrozma|spa|2|[from] item: Weakness Policy
|-damage|p2a: Sirfetch'd|91/100|[from] item: Life Orb
|move|p1a: Necrozma|Photon Geyser|p2a: Sirfetch'd
|-supereffective|p2a: Sirfetch'd
|-damage|p2a: Sirfetch'd|0 fnt
|faint|p2a: Sirfetch'd
|
|upkeep
|
|switch|p2a: Espeon|Espeon, M|9/100
|turn|17
|
|move|p2a: Espeon|Shadow Ball|p1a: Necrozma
|-supereffective|p1a: Necrozma
|-damage|p1a: Necrozma|0 fnt
|faint|p1a: Necrozma
|
|upkeep
|
|switch|p1a: Haxorus|Haxorus, F|100/100
|-ability|p1a: Haxorus|Mold Breaker
|turn|18
|
|switch|p2a: Rotom|Rotom-Wash|100/100
|move|p1a: Haxorus|Dragon Dance|p1a: Haxorus
|-boost|p1a: Haxorus|atk|1
|-boost|p1a: Haxorus|spe|1
|
|upkeep
|turn|19
|
|switch|p2a: Celebi|Celebi|100/100
|move|p1a: Haxorus|Earthquake|p2a: Celebi
|-resisted|p2a: Celebi
|-damage|p2a: Celebi|69/100
|-damage|p1a: Haxorus|91/100|[from] item: Life Orb
|
|-heal|p2a: Celebi|75/100|[from] item: Leftovers
|upkeep
|turn|20
|
|move|p1a: Haxorus|Poison Jab|p2a: Celebi
|-supereffective|p2a: Celebi
|-damage|p2a: Celebi|0 fnt
|-damage|p1a: Haxorus|81/100|[from] item: Life Orb
|faint|p2a: Celebi
|
|upkeep
|
|switch|p2a: Espeon|Espeon, M|9/100
|turn|21
|
|switch|p1a: Xatu|Xatu, F|67/100
|move|p2a: Espeon|Dazzling Gleam|p1a: Xatu
|-damage|p1a: Xatu|31/100
|
|upkeep
|turn|22
|
|move|p2a: Espeon|Dazzling Gleam|p1a: Xatu
|-damage|p1a: Xatu|0 fnt
|faint|p1a: Xatu
|
|upkeep
|
|switch|p1a: Barbaracle|Barbaracle, F|100/100
|turn|23
|
|switch|p2a: Rotom|Rotom-Wash|100/100
|switch|p1a: Haxorus|Haxorus, F|81/100
|-ability|p1a: Haxorus|Mold Breaker
|
|upkeep
|turn|24
|
|switch|p2a: Toxtricity|Toxtricity, M|2/100
|move|p1a: Haxorus|Earthquake|p2a: Toxtricity
|-supereffective|p2a: Toxtricity
|-damage|p2a: Toxtricity|0 fnt
|-damage|p1a: Haxorus|71/100|[from] item: Life Orb
|faint|p2a: Toxtricity
|
|upkeep
|
|switch|p2a: Espeon|Espeon, M|9/100
|turn|25
|
|move|p2a: Espeon|Dazzling Gleam|p1a: Haxorus
|-supereffective|p1a: Haxorus
|-damage|p1a: Haxorus|0 fnt
|faint|p1a: Haxorus
|
|upkeep
|
|switch|p1a: Barbaracle|Barbaracle, F|100/100
|turn|26
|
|move|p2a: Espeon|Dazzling Gleam|p1a: Barbaracle
|-damage|p1a: Barbaracle|61/100
|move|p1a: Barbaracle|Shell Smash|p1a: Barbaracle
|-unboost|p1a: Barbaracle|def|1
|-unboost|p1a: Barbaracle|spd|1
|-boost|p1a: Barbaracle|atk|2
|-boost|p1a: Barbaracle|spa|2
|-boost|p1a: Barbaracle|spe|2
|
|upkeep
|turn|27
|
|move|p2a: Espeon|Dazzling Gleam|p1a: Barbaracle
|-damage|p1a: Barbaracle|4/100
|move|p1a: Barbaracle|Shell Smash|p1a: Barbaracle
|-unboost|p1a: Barbaracle|def|1
|-unboost|p1a: Barbaracle|spd|1
|-boost|p1a: Barbaracle|atk|2
|-boost|p1a: Barbaracle|spa|2
|-boost|p1a: Barbaracle|spe|2
|
|upkeep
|turn|28
|
|move|p1a: Barbaracle|Liquidation|p2a: Espeon
|-damage|p2a: Espeon|0 fnt
|faint|p2a: Espeon
|
|upkeep
|
|switch|p2a: Rotom|Rotom-Wash|100/100
|turn|29
|
|move|p1a: Barbaracle|Stone Edge|p2a: Rotom
|-damage|p2a: Rotom|0 fnt
|faint|p2a: Rotom
|
|win|uult1 pataozinho
|raw|uult1 pataozinho's rating: 1455 &rarr; <strong>1475</strong><br />(+20 for winning)
|raw|Plavns's rating: 1447 &rarr; <strong>1428</strong><br />(-19 for losing)
|l|☆Plavns
|l|☆uult1 pataozinho
