|j|☆Giogiovannio
|j|☆pif
|t:|1660189252
|gametype|singles
|player|p1|Giogiovannio|drayden|1508
|player|p2|pif|#uutrio2ladder|1723
|teamsize|p1|6
|teamsize|p2|6
|gen|8
|tier|[Gen 8] UU
|rated|
|rule|Sleep Clause Mod: Limit one foe put to sleep
|rule|Species Clause: Limit one of each Pokémon
|rule|OHKO Clause: OHKO moves are banned
|rule|Evasion Items Clause: Evasion items are banned
|rule|Evasion Moves Clause: Evasion moves are banned
|rule|Endless Battle Clause: Forcing endless battles is banned
|rule|HP Percentage Mod: HP is shown in percentages
|rule|Dynamax Clause: You cannot dynamax
|clearpoke
|poke|p1|Shuckle, F|
|poke|p1|Regidrago|
|poke|p1|Haxorus, F|
|poke|p1|Zygarde-10%|
|poke|p1|Salamence, F|
|poke|p1|Tentacruel, F|
|poke|p2|Crawdaunt, F|
|poke|p2|Cobalion|
|poke|p2|Tapu Bulu|
|poke|p2|Keldeo-Resolute|
|poke|p2|Rotom-Heat|
|poke|p2|Togekiss, F|
|teampreview
|c|☆pif|glhf
|
|t:|1660189275
|start
|switch|p1a: Shuckle|Shuckle, F|100/100
|switch|p2a: Crawdaunt|Crawdaunt, F|100/100
|turn|1
|
|t:|1660189293
|move|p2a: Crawdaunt|Crabhammer|p1a: Shuckle
|-supereffective|p1a: Shuckle
|-crit|p1a: Shuckle
|-ability|p1a: Shuckle|Sturdy
|-damage|p1a: Shuckle|1/100
|-damage|p2a: Crawdaunt|91/100|[from] item: Life Orb
|move|p1a: Shuckle|Sticky Web|p2a: Crawdaunt
|-sidestart|p2: pif|move: Sticky Web
|
|upkeep
|turn|2
|
|t:|1660189305
|move|p2a: Crawdaunt|Knock Off|p1a: Shuckle
|-damage|p1a: Shuckle|0 fnt
|-enditem|p1a: Shuckle|Mental Herb|[from] move: Knock Off|[of] p2a: Crawdaunt
|faint|p1a: Shuckle
|-damage|p2a: Crawdaunt|81/100|[from] item: Life Orb
|
|upkeep
|
|t:|1660189311
|switch|p1a: Haxorus|Haxorus, F|100/100
|-ability|p1a: Haxorus|Mold Breaker
|turn|3
|
|t:|1660189324
|switch|p2a: Togekiss|Togekiss, F|100/100
|move|p1a: Haxorus|Close Combat|p2a: Togekiss
|-resisted|p2a: Togekiss
|-crit|p2a: Togekiss
|-damage|p2a: Togekiss|79/100
|-unboost|p1a: Haxorus|def|1
|-unboost|p1a: Haxorus|spd|1
|-damage|p1a: Haxorus|91/100|[from] item: Life Orb
|
|upkeep
|turn|4
|
|t:|1660189333
|move|p1a: Haxorus|Poison Jab|p2a: Togekiss
|-supereffective|p2a: Togekiss
|-damage|p2a: Togekiss|0 fnt
|faint|p2a: Togekiss
|-damage|p1a: Haxorus|81/100|[from] item: Life Orb
|
|upkeep
|
|t:|1660189347
|switch|p2a: Keldeo|Keldeo-Resolute|100/100
|-activate|p2a: Keldeo|move: Sticky Web
|-unboost|p2a: Keldeo|spe|1
|turn|5
|
|t:|1660189356
|switch|p1a: Tentacruel|Tentacruel, F|100/100
|move|p2a: Keldeo|Secret Sword|p1a: Tentacruel
|-resisted|p1a: Tentacruel
|-damage|p1a: Tentacruel|62/100
|
|-heal|p1a: Tentacruel|68/100|[from] item: Black Sludge
|upkeep
|turn|6
|
|t:|1660189397
|switch|p2a: Rotom|Rotom-Heat|100/100
|move|p1a: Tentacruel|Sludge Bomb|p2a: Rotom
|-damage|p2a: Rotom|72/100
|-status|p2a: Rotom|psn
|
|-heal|p1a: Tentacruel|74/100|[from] item: Black Sludge
|-damage|p2a: Rotom|60/100 psn|[from] psn
|upkeep
|turn|7
|
|t:|1660189402
|switch|p1a: Zygarde|Zygarde-10%|100/100
|-ability|p1a: Zygarde|Aura Break
|move|p2a: Rotom|Defog|p1a: Zygarde
|-unboost|p1a: Zygarde|evasion|1
|-sideend|p2: pif|Sticky Web|[from] move: Defog|[of] p2a: Rotom
|
|-damage|p2a: Rotom|47/100 psn|[from] psn
|upkeep
|turn|8
|
|t:|1660189410
|switch|p1a: Haxorus|Haxorus, F|81/100
|-ability|p1a: Haxorus|Mold Breaker
|switch|p2a: Tapu Bulu|Tapu Bulu|100/100
|-fieldstart|move: Grassy Terrain|[from] ability: Grassy Surge|[of] p2a: Tapu Bulu
|
|-heal|p1a: Haxorus|87/100|[from] Grassy Terrain
|upkeep
|turn|9
|
|t:|1660189418
|switch|p2a: Keldeo|Keldeo-Resolute|100/100
|move|p1a: Haxorus|Poison Jab|p2a: Keldeo
|-damage|p2a: Keldeo|56/100
|-damage|p1a: Haxorus|77/100|[from] item: Life Orb
|
|-heal|p2a: Keldeo|62/100|[from] Grassy Terrain
|-heal|p1a: Haxorus|83/100|[from] Grassy Terrain
|upkeep
|turn|10
|
|t:|1660189427
|switch|p1a: Tentacruel|Tentacruel, F|74/100
|move|p2a: Keldeo|Secret Sword|p1a: Tentacruel
|-resisted|p1a: Tentacruel
|-damage|p1a: Tentacruel|37/100
|
|-heal|p2a: Keldeo|69/100|[from] Grassy Terrain
|-heal|p1a: Tentacruel|43/100|[from] Grassy Terrain
|-heal|p1a: Tentacruel|49/100|[from] item: Black Sludge
|upkeep
|turn|11
|
|t:|1660189434
|move|p2a: Keldeo|Secret Sword|p1a: Tentacruel
|-resisted|p1a: Tentacruel
|-damage|p1a: Tentacruel|13/100
|move|p1a: Tentacruel|Scald|p2a: Keldeo
|-resisted|p2a: Keldeo
|-damage|p2a: Keldeo|54/100
|
|-heal|p2a: Keldeo|61/100|[from] Grassy Terrain
|-heal|p1a: Tentacruel|19/100|[from] Grassy Terrain
|-heal|p1a: Tentacruel|25/100|[from] item: Black Sludge
|upkeep
|turn|12
|
|t:|1660189439
|switch|p1a: Salamence|Salamence, F|100/100
|move|p2a: Keldeo|Secret Sword|p1a: Salamence
|-resisted|p1a: Salamence
|-damage|p1a: Salamence|60/100
|
|-heal|p2a: Keldeo|67/100|[from] Grassy Terrain
|-fieldend|move: Grassy Terrain
|upkeep
|turn|13
|
|t:|1660189458
|move|p1a: Salamence|Dual Wingbeat|p2a: Keldeo
|-supereffective|p2a: Keldeo
|-damage|p2a: Keldeo|17/100
|-supereffective|p2a: Keldeo
|-damage|p2a: Keldeo|0 fnt
|faint|p2a: Keldeo
|-ability|p1a: Salamence|Moxie|boost
|-boost|p1a: Salamence|atk|1
|-hitcount|p2: Keldeo|2
|
|upkeep
|
|t:|1660189464
|switch|p2a: Cobalion|Cobalion|100/100
|turn|14
|
|t:|1660189474
|switch|p1a: Tentacruel|Tentacruel, F|25/100
|move|p2a: Cobalion|Close Combat|p1a: Tentacruel
|-resisted|p1a: Tentacruel
|-damage|p1a: Tentacruel|0 fnt
|-unboost|p2a: Cobalion|def|1
|-unboost|p2a: Cobalion|spd|1
|faint|p1a: Tentacruel
|
|upkeep
|
|t:|1660189479
|switch|p1a: Zygarde|Zygarde-10%|100/100
|-ability|p1a: Zygarde|Aura Break
|turn|15
|
|t:|1660189484
|switch|p1a: Regidrago|Regidrago|100/100
|switch|p2a: Tapu Bulu|Tapu Bulu|100/100
|-fieldstart|move: Grassy Terrain|[from] ability: Grassy Surge|[of] p2a: Tapu Bulu
|
|upkeep
|turn|16
|
|t:|1660189498
|move|p2a: Tapu Bulu|Close Combat|p1a: Regidrago
|-damage|p1a: Regidrago|49/100
|-unboost|p2a: Tapu Bulu|def|1
|-unboost|p2a: Tapu Bulu|spd|1
|move|p1a: Regidrago|Dragon Dance|p1a: Regidrago
|-boost|p1a: Regidrago|atk|1
|-boost|p1a: Regidrago|spe|1
|
|-heal|p1a: Regidrago|56/100|[from] Grassy Terrain
|upkeep
|turn|17
|
|t:|1660189505
|switch|p2a: Rotom|Rotom-Heat|47/100 psn
|move|p1a: Regidrago|Fire Fang|p2a: Rotom
|-resisted|p2a: Rotom
|-damage|p2a: Rotom|27/100 psn
|-damage|p1a: Regidrago|46/100|[from] item: Life Orb
|
|-heal|p1a: Regidrago|52/100|[from] Grassy Terrain
|-damage|p2a: Rotom|15/100 psn|[from] psn
|upkeep
|turn|18
|
|t:|1660189518
|move|p1a: Regidrago|Fire Fang|p2a: Rotom
|-resisted|p2a: Rotom
|-damage|p2a: Rotom|0 fnt
|faint|p2a: Rotom
|-damage|p1a: Regidrago|42/100|[from] item: Life Orb
|
|-heal|p1a: Regidrago|48/100|[from] Grassy Terrain
|upkeep
|
|t:|1660189521
|switch|p2a: Cobalion|Cobalion|100/100
|turn|19
|
|t:|1660189535
|move|p1a: Regidrago|Outrage|p2a: Cobalion
|-resisted|p2a: Cobalion
|-damage|p2a: Cobalion|32/100
|-damage|p1a: Regidrago|31/100|[from] item: Rocky Helmet|[of] p2a: Cobalion
|-damage|p1a: Regidrago|21/100|[from] item: Life Orb
|move|p2a: Cobalion|Close Combat|p1a: Regidrago
|-damage|p1a: Regidrago|0 fnt
|-unboost|p2a: Cobalion|def|1
|-unboost|p2a: Cobalion|spd|1
|faint|p1a: Regidrago
|
|-heal|p2a: Cobalion|38/100|[from] Grassy Terrain
|-fieldend|move: Grassy Terrain
|upkeep
|
|t:|1660189542
|switch|p1a: Salamence|Salamence, F|60/100
|turn|20
|
|t:|1660189617
|switch|p2a: Crawdaunt|Crawdaunt, F|81/100
|move|p1a: Salamence|Dual Wingbeat|p2a: Crawdaunt
|-damage|p2a: Crawdaunt|51/100
|-damage|p2a: Crawdaunt|19/100
|-hitcount|p2a: Crawdaunt|2
|
|upkeep
|turn|21
|
|t:|1660189624
|switch|p2a: Cobalion|Cobalion|38/100
|move|p1a: Salamence|Dual Wingbeat|p2a: Cobalion
|-damage|p2a: Cobalion|19/100
|-damage|p1a: Salamence|43/100|[from] item: Rocky Helmet|[of] p2a: Cobalion
|-damage|p2a: Cobalion|0 fnt
|-damage|p1a: Salamence|26/100|[from] item: Rocky Helmet|[of] p2a: Cobalion
|faint|p2a: Cobalion
|-ability|p1a: Salamence|Moxie|boost
|-boost|p1a: Salamence|atk|1
|-hitcount|p2: Cobalion|2
|
|upkeep
|
|t:|1660189637
|switch|p2a: Crawdaunt|Crawdaunt, F|19/100
|turn|22
|
|t:|1660189653
|move|p2a: Crawdaunt|Aqua Jet|p1a: Salamence
|-resisted|p1a: Salamence
|-damage|p1a: Salamence|4/100
|-damage|p2a: Crawdaunt|9/100|[from] item: Life Orb
|move|p1a: Salamence|Dual Wingbeat|p2a: Crawdaunt
|-damage|p2a: Crawdaunt|0 fnt
|faint|p2a: Crawdaunt
|-ability|p1a: Salamence|Moxie|boost
|-boost|p1a: Salamence|atk|1
|-hitcount|p2: Crawdaunt|1
|
|upkeep
|
|t:|1660189655
|switch|p2a: Tapu Bulu|Tapu Bulu|100/100
|-fieldstart|move: Grassy Terrain|[from] ability: Grassy Surge|[of] p2a: Tapu Bulu
|turn|23
|
|t:|1660189659
|move|p1a: Salamence|Dual Wingbeat|p2a: Tapu Bulu
|-supereffective|p2a: Tapu Bulu
|-damage|p2a: Tapu Bulu|8/100
|-supereffective|p2a: Tapu Bulu
|-damage|p2a: Tapu Bulu|0 fnt
|faint|p2a: Tapu Bulu
|-hitcount|p2: Tapu Bulu|2
|
|win|Giogiovannio
|raw|Giogiovannio's rating: 1508 &rarr; <strong>1539</strong><br />(+31 for winning)
|raw|pif's rating: 1723 &rarr; <strong>1692</strong><br />(-31 for losing)
|c|☆pif|gg
|c|☆Giogiovannio|GG
||Ladder isn't responding, score probably updated but might not have (Request timeout).
|j| mood soleil
|l| mood soleil
|j| mood soleil
