|html|<div class="broadcast-blue"><strong>[Gen 8] UU is currently suspecting Latias! For information on how to participate check out the <a href="https://www.smogon.com/forums/threads/np-ss-uu-stage-10-airplanes-latias-retest.3691692/page-3#post-9007205">suspect thread</a>.</strong></div>
|j|☆congelateur-sama
|j|☆Moutemoute
|t:|1635091325
|gametype|singles
|player|p1|congelateur-sama|#fcpl4raichicheurs|
|player|p2|Moutemoute|#moutemoute|
|teamsize|p1|6
|teamsize|p2|6
|gen|8
|tier|[Gen 8] UU
|rule|Sleep Clause Mod: Limit one foe put to sleep
|rule|Species Clause: Limit one of each Pokémon
|rule|OHKO Clause: OHKO moves are banned
|rule|Evasion Moves Clause: Evasion moves are banned
|rule|Endless Battle Clause: Forcing endless battles is banned
|rule|HP Percentage Mod: HP is shown in percentages
|rule|Dynamax Clause: You cannot dynamax
|clearpoke
|poke|p1|Zarude|
|poke|p1|Primarina, M|
|poke|p1|Amoonguss, F|
|poke|p1|Moltres|
|poke|p1|Swampert, M|
|poke|p1|Hydreigon, M|
|poke|p2|Chansey, F|
|poke|p2|Weezing-Galar, M|
|poke|p2|Umbreon, F|
|poke|p2|Quagsire, M|
|poke|p2|Skarmory, F|
|poke|p2|Slowking, M|
|teampreview
|c|☆Moutemoute|/log Moutemoute made this room public.
|c|☆congelateur-sama|hf
|c|☆Moutemoute|hf
|j| Flex OKLM
|j| Don Colombus
|j| Matveiii
|j| vhkv
|j|+ironwater
|j| Frrf
|j| Exiline
|j| Bhalal
|c| Flex OKLM|gg moute
|c| Matveiii|Bonjour
|j|+Cicada
|l| Bhalal
|j| Astreau
|c| Matveiii|Tout le monde
|c| Astreau|Oh l'odeur
|j| Bitteschon
|n| PokemonCestDur|bitteschon
|j| Phxo'
|n| gg et ftg|cicada
|c| Matveiii|?
|j| Varial Heel
|j| Masskeauuu
|inactive|Battle timer is ON: inactive players will automatically lose when time's up. (requested by Moutemoute)
|j| Crost
|l| Astreau
|inactive|congelateur-sama has 270 seconds left.
|j| Quarante8
|
|t:|1635091462
|start
|switch|p1a: Amoonguss|Amoonguss, F|100/100
|switch|p2a: Chansey|Chansey, F|100/100
|turn|1
|
|t:|1635091466
|move|p2a: Chansey|Stealth Rock|p1a: Amoonguss
|-sidestart|p1: congelateur-sama|move: Stealth Rock
|move|p1a: Amoonguss|Spore|p2a: Chansey
|-status|p2a: Chansey|slp|[from] move: Spore
|
|upkeep
|turn|2
|j| Sirwings
|
|t:|1635091477
|-curestatus|p2a: Chansey|slp|[from] ability: Natural Cure
|switch|p2a: Slowking|Slowking, M|100/100
|move|p1a: Amoonguss|Spore|p2a: Slowking
|-status|p2a: Slowking|slp|[from] move: Spore
|
|upkeep
|turn|3
|l| gg et ftg
|j| Luuz
|j| Remi25
|l| Quarante8
|j| BIHI
|j| Fivelll
|
|t:|1635091495
|switch|p1a: Swampert|Swampert, M|100/100
|-damage|p1a: Swampert|94/100|[from] Stealth Rock
|switch|p2a: Chansey|Chansey, F|100/100
|
|-heal|p1a: Swampert|100/100|[from] item: Leftovers
|upkeep
|turn|4
|l| Varial Heel
|j| Quarante8
|
|t:|1635091499
|move|p1a: Swampert|Flip Turn|p2a: Chansey
|-damage|p2a: Chansey|85/100
|
|t:|1635091500
|switch|p1a: Amoonguss|Amoonguss, F|100/100|[from]move: Flip Turn
|-damage|p1a: Amoonguss|88/100|[from] Stealth Rock
|move|p2a: Chansey|Toxic|p1a: Amoonguss
|-immune|p1a: Amoonguss
|
|-heal|p1a: Amoonguss|94/100|[from] item: Leftovers
|upkeep
|turn|5
|
|t:|1635091513
|move|p2a: Chansey|Seismic Toss|p1a: Amoonguss
|-damage|p1a: Amoonguss|71/100
|move|p1a: Amoonguss|Sludge Bomb|p2a: Chansey
|-damage|p2a: Chansey|77/100
|
|-heal|p1a: Amoonguss|77/100|[from] item: Leftovers
|upkeep
|turn|6
|j| uu10l fuck noobs
|j| tequila shots
|n| rubyblood|tequilashots
|j| Gaetanmoi
|inactive|congelateur-sama has 270 seconds left.
|l| Gaetanmoi
|l| BIHI
|j|+Unamed
|inactive|congelateur-sama has 240 seconds left.
|
|t:|1635091582
|move|p2a: Chansey|Seismic Toss|p1a: Amoonguss
|-damage|p1a: Amoonguss|54/100
|move|p1a: Amoonguss|Sludge Bomb|p2a: Chansey
|-damage|p2a: Chansey|69/100
|
|-heal|p1a: Amoonguss|60/100|[from] item: Leftovers
|upkeep
|turn|7
|inactive|congelateur-sama has 240 seconds left.
|j| ORAS tests
|
|t:|1635091604
|switch|p1a: Primarina|Primarina, M|100/100
|-damage|p1a: Primarina|88/100|[from] Stealth Rock
|move|p2a: Chansey|Soft-Boiled|p2a: Chansey
|-heal|p2a: Chansey|100/100
|
|-heal|p1a: Primarina|94/100|[from] item: Leftovers
|upkeep
|turn|8
|j| Rokhan
|
|t:|1635091613
|move|p1a: Primarina|Calm Mind|p1a: Primarina
|-boost|p1a: Primarina|spa|1
|-boost|p1a: Primarina|spd|1
|move|p2a: Chansey|Seismic Toss|p1a: Primarina
|-damage|p1a: Primarina|67/100
|
|-heal|p1a: Primarina|73/100|[from] item: Leftovers
|upkeep
|turn|9
|
|t:|1635091617
|move|p1a: Primarina|Calm Mind|p1a: Primarina
|-boost|p1a: Primarina|spa|1
|-boost|p1a: Primarina|spd|1
|move|p2a: Chansey|Seismic Toss|p1a: Primarina
|-damage|p1a: Primarina|45/100
|
|-heal|p1a: Primarina|51/100|[from] item: Leftovers
|upkeep
|turn|10
|inactive|congelateur-sama has 240 seconds left.
|j|+misi
|
|t:|1635091630
|move|p1a: Primarina|Calm Mind|p1a: Primarina
|-boost|p1a: Primarina|spa|1
|-boost|p1a: Primarina|spd|1
|move|p2a: Chansey|Seismic Toss|p1a: Primarina
|-damage|p1a: Primarina|24/100
|
|-heal|p1a: Primarina|30/100|[from] item: Leftovers
|upkeep
|turn|11
|j| bullshit me twice
|inactive|congelateur-sama has 240 seconds left.
|l| Remi25
|
|t:|1635091641
|move|p1a: Primarina|Calm Mind|p1a: Primarina
|-boost|p1a: Primarina|spa|1
|-boost|p1a: Primarina|spd|1
|move|p2a: Chansey|Seismic Toss|p1a: Primarina
|-damage|p1a: Primarina|2/100
|
|-heal|p1a: Primarina|8/100|[from] item: Leftovers
|upkeep
|turn|12
|j| mesprit lies ♪
|
|t:|1635091645
|switch|p2a: Quagsire|Quagsire, M|100/100
|move|p1a: Primarina|Rest|p1a: Primarina
|-status|p1a: Primarina|slp|[from] move: Rest
|-heal|p1a: Primarina|100/100 slp|[silent]
|
|upkeep
|turn|13
|
|t:|1635091649
|cant|p1a: Primarina|slp
|move|p1a: Primarina|Snore|p2a: Quagsire
|-damage|p2a: Quagsire|83/100
|move|p2a: Quagsire|Haze|p2a: Quagsire
|-clearallboost
|
|-heal|p2a: Quagsire|89/100|[from] item: Leftovers
|upkeep
|turn|14
|
|t:|1635091661
|switch|p2a: Slowking|Slowking, M|100/100 slp
|cant|p1a: Primarina|slp
|move|p1a: Primarina|Snore|p2a: Slowking
|-resisted|p2a: Slowking
|-damage|p2a: Slowking|93/100 slp
|
|upkeep
|turn|15
|
|t:|1635091666
|-curestatus|p1a: Primarina|slp|[msg]
|move|p1a: Primarina|Calm Mind|p1a: Primarina
|-boost|p1a: Primarina|spa|1
|-boost|p1a: Primarina|spd|1
|cant|p2a: Slowking|slp
|
|upkeep
|turn|16
|
|t:|1635091671
|move|p1a: Primarina|Calm Mind|p1a: Primarina
|-boost|p1a: Primarina|spa|1
|-boost|p1a: Primarina|spd|1
|cant|p2a: Slowking|slp
|
|upkeep
|turn|17
|j| Hervalt
|
|t:|1635091675
|switch|p2a: Quagsire|Quagsire, M|89/100
|move|p1a: Primarina|Moonblast|p2a: Quagsire
|-damage|p2a: Quagsire|58/100
|
|-heal|p2a: Quagsire|64/100|[from] item: Leftovers
|upkeep
|turn|18
|c|☆congelateur-sama|ptdr je suis mor
|c| Flex OKLM|ba nn t vivant mdr :joy:
|c|☆congelateur-sama|quag spdef
|inactive|congelateur-sama has 270 seconds left.
|c|☆Moutemoute|indeed
|l| Rokhan
|c| Flex OKLM|et ce ratio il est spe def ?
|c| rubyblood|les gens ont décidé de pas nous respecter
|c|☆congelateur-sama|il n'y a vraiment aucun respect
|j| Wnn
|l| Wnn
|inactive|congelateur-sama has 240 seconds left.
|c| rubyblood|on sfait stall chaque weel
|c| rubyblood|week
|c| Flex OKLM|prépare le sub ruby
|c| Hervalt|flex t la ?
|j|+AM
|c| Hervalt|ton oppo est là
|c| Flex OKLM|c bien
|inactive|congelateur-sama has 210 seconds left.
|j| Rokhan
|
|t:|1635091776
|switch|p1a: Swampert|Swampert, M|100/100
|-damage|p1a: Swampert|94/100|[from] Stealth Rock
|move|p2a: Quagsire|Recover|p2a: Quagsire
|-heal|p2a: Quagsire|100/100
|
|-heal|p1a: Swampert|100/100|[from] item: Leftovers
|upkeep
|turn|19
|
|t:|1635091785
|move|p1a: Swampert|Stealth Rock|p2a: Quagsire
|-sidestart|p2: Moutemoute|move: Stealth Rock
|move|p2a: Quagsire|Toxic|p1a: Swampert
|-status|p1a: Swampert|tox
|
|-damage|p1a: Swampert|94/100 tox|[from] psn
|upkeep
|turn|20
|j| sauce roquefort
|
|t:|1635091795
|switch|p2a: Skarmory|Skarmory, F|100/100
|-damage|p2a: Skarmory|88/100|[from] Stealth Rock
|move|p1a: Swampert|Flip Turn|p2a: Skarmory
|-damage|p2a: Skarmory|74/100
|-damage|p1a: Swampert|78/100 tox|[from] item: Rocky Helmet|[of] p2a: Skarmory
|inactive|congelateur-sama has 210 seconds left.
|l|+AM
|l| Rokhan
|j| Rokhan
|
|t:|1635091828
|switch|p1a: Hydreigon|Hydreigon, M|100/100|[from]move: Flip Turn
|-damage|p1a: Hydreigon|88/100|[from] Stealth Rock
|
|upkeep
|turn|21
|j| Misabi
|
|t:|1635091842
|switch|p2a: Chansey|Chansey, F|100/100
|-damage|p2a: Chansey|88/100|[from] Stealth Rock
|move|p1a: Hydreigon|U-turn|p2a: Chansey
|-damage|p2a: Chansey|77/100
|
|t:|1635091847
|switch|p1a: Zarude|Zarude|100/100|[from]move: U-turn
|-damage|p1a: Zarude|88/100|[from] Stealth Rock
|
|-heal|p1a: Zarude|94/100|[from] item: Leftovers
|upkeep
|turn|22
|l| Matveiii
|j| Bekaray
|inactive|congelateur-sama has 180 seconds left.
|l| Rokhan
|l| uu10l fuck noobs
|j| Rokhan
|l| Rokhan
|l| Crost
|
|t:|1635091897
|switch|p2a: Weezing|Weezing-Galar, M|100/100
|-ability|p2a: Weezing|Neutralizing Gas
|-damage|p2a: Weezing|88/100|[from] Stealth Rock
|move|p1a: Zarude|Bulk Up|p1a: Zarude
|-boost|p1a: Zarude|atk|1
|-boost|p1a: Zarude|def|1
|
|-heal|p1a: Zarude|99/100|[from] item: Leftovers
|upkeep
|turn|23
|l|+ironwater
|j|+Tuthur
|j|+ironwater
|
|t:|1635091906
|switch|p1a: Amoonguss|Amoonguss, F|94/100
|-damage|p1a: Amoonguss|81/100|[from] Stealth Rock
|move|p2a: Weezing|Strange Steam|p1a: Amoonguss|[miss]
|-miss|p2a: Weezing|p1a: Amoonguss
|
|-heal|p1a: Amoonguss|88/100|[from] item: Leftovers
|upkeep
|turn|24
|c| Flex OKLM|ofc
|c|☆congelateur-sama|tg
|c| mesprit lies ♪|oof
|c| Flex OKLM|tg toi meme
|c|☆congelateur-sama|ratio
|j| Rokhan
|inactive|congelateur-sama has 150 seconds left.
|c| Flex OKLM|flop
|l| Rokhan
|
|t:|1635091940
|-end|p2a: Weezing|ability: Neutralizing Gas
|switch|p2a: Skarmory|Skarmory, F|74/100
|-damage|p2a: Skarmory|62/100|[from] Stealth Rock
|switch|p1a: Zarude|Zarude|99/100
|-damage|p1a: Zarude|88/100|[from] Stealth Rock
|
|-heal|p1a: Zarude|94/100|[from] item: Leftovers
|upkeep
|turn|25
|inactive|congelateur-sama has 150 seconds left.
|j| Rokhan
|
|t:|1635091963
|move|p1a: Zarude|Bulk Up|p1a: Zarude
|-boost|p1a: Zarude|atk|1
|-boost|p1a: Zarude|def|1
|move|p2a: Skarmory|Defog|p1a: Zarude
|-unboost|p1a: Zarude|evasion|1
|-sideend|p1: congelateur-sama|Stealth Rock|[from] move: Defog|[of] p2a: Skarmory
|-sideend|p2: Moutemoute|Stealth Rock|[from] move: Defog|[of] p2a: Skarmory
|
|-heal|p1a: Zarude|99/100|[from] item: Leftovers
|upkeep
|turn|26
|
|t:|1635091972
|move|p1a: Zarude|Darkest Lariat|p2a: Skarmory
|-damage|p2a: Skarmory|27/100
|-damage|p1a: Zarude|83/100|[from] item: Rocky Helmet|[of] p2a: Skarmory
|move|p2a: Skarmory|Roost|p2a: Skarmory
|-heal|p2a: Skarmory|77/100
|-singleturn|p2a: Skarmory|move: Roost
|
|-heal|p1a: Zarude|89/100|[from] item: Leftovers
|upkeep
|turn|27
|
|t:|1635091979
|switch|p2a: Weezing|Weezing-Galar, M|88/100
|-ability|p2a: Weezing|Neutralizing Gas
|move|p1a: Zarude|Bulk Up|p1a: Zarude
|-boost|p1a: Zarude|atk|1
|-boost|p1a: Zarude|def|1
|
|-heal|p1a: Zarude|95/100|[from] item: Leftovers
|upkeep
|turn|28
|j| PandaDoux♥♡㋛★✩
|
|t:|1635091988
|switch|p1a: Amoonguss|Amoonguss, F|100/100
|move|p2a: Weezing|Strange Steam|p1a: Amoonguss
|-resisted|p1a: Amoonguss
|-damage|p1a: Amoonguss|89/100
|
|-heal|p1a: Amoonguss|95/100|[from] item: Leftovers
|upkeep
|turn|29
|inactive|congelateur-sama has 150 seconds left.
|
|t:|1635092026
|-end|p2a: Weezing|ability: Neutralizing Gas
|switch|p2a: Skarmory|Skarmory, F|77/100
|switch|p1a: Zarude|Zarude|95/100
|
|-heal|p1a: Zarude|100/100|[from] item: Leftovers
|upkeep
|turn|30
|inactive|congelateur-sama has 150 seconds left.
|
|t:|1635092038
|move|p1a: Zarude|Bulk Up|p1a: Zarude
|-boost|p1a: Zarude|atk|1
|-boost|p1a: Zarude|def|1
|move|p2a: Skarmory|Roost|p2a: Skarmory
|-heal|p2a: Skarmory|100/100
|-singleturn|p2a: Skarmory|move: Roost
|
|upkeep
|turn|31
|inactive|congelateur-sama has 150 seconds left.
|
|t:|1635092044
|move|p1a: Zarude|Bulk Up|p1a: Zarude
|-boost|p1a: Zarude|atk|1
|-boost|p1a: Zarude|def|1
|move|p2a: Skarmory|Iron Defense|p2a: Skarmory
|-boost|p2a: Skarmory|def|2
|
|upkeep
|turn|32
|
|t:|1635092048
|move|p1a: Zarude|Darkest Lariat|p2a: Skarmory
|-damage|p2a: Skarmory|52/100
|-damage|p1a: Zarude|84/100|[from] item: Rocky Helmet|[of] p2a: Skarmory
|move|p2a: Skarmory|Body Press|p1a: Zarude
|-supereffective|p1a: Zarude
|-damage|p1a: Zarude|25/100
|
|-heal|p1a: Zarude|31/100|[from] item: Leftovers
|upkeep
|turn|33
|j| Dieu Amphibien
|j| team charm
|j| Prodigezz
|inactive|congelateur-sama has 150 seconds left.
|l| Dieu Amphibien
|j| WeezingF4N
|j| HALC2
|c|+misi|!dt zarude
|raw|<div class="message"><ul class="utilichart"><li class="result"><span class="col numcol">UU</span> <span class="col iconcol"><psicon pokemon="zarude"/></span> <span class="col pokemonnamecol" style="white-space:nowrap"><a href="https://dex.pokemonshowdown.com/pokemon/zarude" target="_blank">Zarude</a></span> <span class="col typecol"><img src="https://play.pokemonshowdown.com/sprites/types/Dark.png" alt="Dark" height="14" width="32"><img src="https://play.pokemonshowdown.com/sprites/types/Grass.png" alt="Grass" height="14" width="32"></span> <span style="float:left;min-height:26px"><span class="col abilitycol">Leaf Guard</span><span class="col abilitycol"></span></span><span style="float:left;min-height:26px"><span class="col statcol"><em>HP</em><br />105</span> <span class="col statcol"><em>Atk</em><br />120</span> <span class="col statcol"><em>Def</em><br />105</span> <span class="col statcol"><em>SpA</em><br />70</span> <span class="col statcol"><em>SpD</em><br />95</span> <span class="col statcol"><em>Spe</em><br />105</span> <span class="col bstcol"><em>BST<br />600</em></span> </span></li><li style="clear:both"></li></ul></div>
|raw|<font size="1"><font color="#686868">Dex#:</font> 893&nbsp;|&ThickSpace;<font color="#686868">Gen:</font> 8&nbsp;|&ThickSpace;<font color="#686868">Height:</font> 1.8 m&nbsp;|&ThickSpace;<font color="#686868">Weight:</font> 70 kg <em>(80 BP)</em>&nbsp;|&ThickSpace;<font color="#686868">Dex Colour:</font> Black&nbsp;|&ThickSpace;<font color="#686868">Egg Group(s):</font> Undiscovered&nbsp;|&ThickSpace;<font color="#686868">Does Not Evolve</font></font>

|inactive|congelateur-sama has 120 seconds left.
|c| WeezingF4N|Moutemoute tu joue stall ?
|c|+Tuthur|non c'est une trick room
|j| Varial Heel
|c|☆Moutemoute|non c'est une HO
|c|+misi|tu vois bien qu'il joue une offense
|c| WeezingF4N|Ah OK merci
|inactive|congelateur-sama has 90 seconds left.
|c| rubyblood|non c'est une offense avec des pivots
|c| rubyblood|tsé
|c| Flex OKLM|tjr la vanne de trop ruby
|c| rubyblood|tjrs l'humain de trop
|c| rubyblood|dans ce monde de pute
|c| Hervalt|il a parlé avec le cœur
|inactive|congelateur-sama has 60 seconds left.
|
|t:|1635092159
|switch|p1a: Moltres|Moltres|100/100
|-ability|p1a: Moltres|Pressure
|switch|p2a: Weezing|Weezing-Galar, M|88/100
|-ability|p2a: Weezing|Neutralizing Gas
|
|upkeep
|turn|34
|c| Flex OKLM|la vie est une pute
|c| rubyblood|jvais pas parler avec ma b
|inactive|congelateur-sama has 60 seconds left.
|c| rubyblood|c sur
|j| KSrz
|
|t:|1635092173
|switch|p1a: Zarude|Zarude|31/100
|-end|p2a: Weezing|ability: Neutralizing Gas
|switch|p2a: Slowking|Slowking, M|100/100 slp
|
|-heal|p1a: Zarude|37/100|[from] item: Leftovers
|upkeep
|turn|35
|c| Hervalt|?!
|l| HALC2
|c| Flex OKLM|?!
|inactive|congelateur-sama has 60 seconds left.
|
|t:|1635092185
|switch|p2a: Weezing|Weezing-Galar, M|88/100
|-ability|p2a: Weezing|Neutralizing Gas
|move|p1a: Zarude|Jungle Healing|p1a: Zarude
|-heal|p1a: Zarude|62/100
|
|-heal|p1a: Zarude|68/100|[from] item: Leftovers
|upkeep
|turn|36
|c|+Tuthur|?!
|inactive|congelateur-sama has 60 seconds left.
|
|t:|1635092196
|switch|p1a: Moltres|Moltres|100/100
|move|p2a: Weezing|Corrosive Gas|p1a: Moltres
|-enditem|p1a: Moltres|Heavy-Duty Boots|[from] move: Corrosive Gas|[of] p2a: Weezing
|
|upkeep
|turn|37
|c| rubyblood|vous voyez c le pb
|c| rubyblood|c'est quand un mongol écrit un truc
|inactive|congelateur-sama has 60 seconds left.
|c| rubyblood|t'as tout le monde qui spam la même chose
|c| rubyblood|bande de bon toutous
|c| Hervalt|bande de bon toutous
|raw|<div class="broadcast-red"><strong>Moderated chat was set to +!</strong><br />Only users of rank + and higher can talk.</div>
|
|t:|1635092232
|switch|p1a: Swampert|Swampert, M|78/100 tox
|-end|p2a: Weezing|ability: Neutralizing Gas
|switch|p2a: Slowking|Slowking, M|100/100 slp
|
|-heal|p1a: Swampert|84/100 tox|[from] item: Leftovers
|-damage|p1a: Swampert|78/100 tox|[from] psn
|upkeep
|turn|38
|c|☆Moutemoute|vous êtes relou
|c|+Tuthur|ouais, bande de rouls
|
|t:|1635092240
|switch|p2a: Skarmory|Skarmory, F|52/100
|move|p1a: Swampert|Stealth Rock|p2a: Skarmory
|-sidestart|p2: Moutemoute|move: Stealth Rock
|
|-heal|p1a: Swampert|84/100 tox|[from] item: Leftovers
|-damage|p1a: Swampert|72/100 tox|[from] psn
|upkeep
|turn|39
|
|t:|1635092245
|switch|p1a: Moltres|Moltres|100/100
|-ability|p1a: Moltres|Pressure
|move|p2a: Skarmory|Defog|p1a: Moltres
|-unboost|p1a: Moltres|evasion|1
|-sideend|p2: Moutemoute|Stealth Rock|[from] move: Defog|[of] p2a: Skarmory
|
|upkeep
|turn|40
|c|+Tuthur|jsp écrire, c'est grave
|c|☆Moutemoute|Tuthur abuse pas
|
|t:|1635092259
|switch|p1a: Zarude|Zarude|68/100
|switch|p2a: Slowking|Slowking, M|100/100 slp
|
|-heal|p1a: Zarude|74/100|[from] item: Leftovers
|upkeep
|turn|41
|c|☆Moutemoute|de ta position
|c|+Tuthur|k, je me tais
|
|t:|1635092272
|switch|p2a: Weezing|Weezing-Galar, M|88/100
|-ability|p2a: Weezing|Neutralizing Gas
|move|p1a: Zarude|Power Whip|p2a: Weezing
|-resisted|p2a: Weezing
|-damage|p2a: Weezing|69/100
|-damage|p1a: Zarude|58/100|[from] item: Rocky Helmet|[of] p2a: Weezing
|
|-heal|p1a: Zarude|64/100|[from] item: Leftovers
|upkeep
|turn|42
|c|☆congelateur-sama|ouais ppptdr !!!
|inactive|congelateur-sama has 30 seconds left.
|
|t:|1635092304
|switch|p1a: Amoonguss|Amoonguss, F|100/100
|move|p2a: Weezing|Pain Split|p1a: Amoonguss
|-sethp|p1a: Amoonguss|77/100|[from] move: Pain Split|[silent]
|-sethp|p2a: Weezing|99/100|[from] move: Pain Split
|
|-heal|p1a: Amoonguss|83/100|[from] item: Leftovers
|upkeep
|turn|43
|
|t:|1635092310
|-end|p2a: Weezing|ability: Neutralizing Gas
|switch|p2a: Slowking|Slowking, M|100/100 slp
|switch|p1a: Moltres|Moltres|100/100
|-ability|p1a: Moltres|Pressure
|
|upkeep
|turn|44
|
|t:|1635092322
|switch|p1a: Zarude|Zarude|64/100
|-curestatus|p2a: Slowking|slp|[msg]
|move|p2a: Slowking|Scald|p1a: Zarude
|-resisted|p1a: Zarude
|-damage|p1a: Zarude|49/100
|-status|p1a: Zarude|brn
|
|-heal|p1a: Zarude|55/100 brn|[from] item: Leftovers
|-damage|p1a: Zarude|49/100 brn|[from] brn
|upkeep
|turn|45
|
|t:|1635092330
|switch|p2a: Skarmory|Skarmory, F|52/100
|move|p1a: Zarude|Jungle Healing|p1a: Zarude
|-heal|p1a: Zarude|74/100 brn
|-curestatus|p1a: Zarude|brn|[msg]
|
|-heal|p1a: Zarude|80/100|[from] item: Leftovers
|upkeep
|turn|46
|
|t:|1635092345
|switch|p1a: Hydreigon|Hydreigon, M|88/100
|move|p2a: Skarmory|Roost|p2a: Skarmory
|-heal|p2a: Skarmory|100/100
|-singleturn|p2a: Skarmory|move: Roost
|
|upkeep
|turn|47
|
|t:|1635092350
|switch|p2a: Slowking|Slowking, M|100/100
|move|p1a: Hydreigon|U-turn|p2a: Slowking
|-supereffective|p2a: Slowking
|-damage|p2a: Slowking|78/100
|inactive|congelateur-sama has 30 seconds left.
|
|t:|1635092376
|switch|p1a: Amoonguss|Amoonguss, F|100/100|[from]move: U-turn
|
|upkeep
|turn|48
|
|t:|1635092385
|switch|p2a: Umbreon|Umbreon, F|100/100
|move|p1a: Amoonguss|Giga Drain|p2a: Umbreon
|-damage|p2a: Umbreon|86/100
|
|-heal|p2a: Umbreon|92/100|[from] item: Leftovers
|upkeep
|turn|49
|
|t:|1635092389
|move|p2a: Umbreon|Wish|p2a: Umbreon
|move|p1a: Amoonguss|Spore|p2a: Umbreon
|-status|p2a: Umbreon|slp|[from] move: Spore
|
|-heal|p2a: Umbreon|98/100 slp|[from] item: Leftovers
|upkeep
|turn|50
|
|t:|1635092396
|switch|p2a: Chansey|Chansey, F|77/100
|switch|p1a: Hydreigon|Hydreigon, M|88/100
|
|-heal|p2a: Chansey|100/100|[from] move: Wish|[wisher] Umbreon
|upkeep
|turn|51
|j|+Cicada
|inactive|congelateur-sama has 60 seconds left.
|inactive|congelateur-sama has 30 seconds left.
|l|+misi
|
|t:|1635092433
|move|p1a: Hydreigon|U-turn|p2a: Chansey
|-crit|p2a: Chansey
|-damage|p2a: Chansey|86/100
|inactive|congelateur-sama has 30 seconds left.
|l|+Cicada
|inactive|congelateur-sama has 20 seconds left.
|
|t:|1635092451
|switch|p1a: Zarude|Zarude|80/100|[from]move: U-turn
|move|p2a: Chansey|Seismic Toss|p1a: Zarude
|-damage|p1a: Zarude|51/100
|
|-heal|p1a: Zarude|57/100|[from] item: Leftovers
|upkeep
|turn|52
|inactive|congelateur-sama has 30 seconds left this turn.
|
|t:|1635092457
|move|p1a: Zarude|Bulk Up|p1a: Zarude
|-boost|p1a: Zarude|atk|1
|-boost|p1a: Zarude|def|1
|move|p2a: Chansey|Stealth Rock|p1a: Zarude
|-sidestart|p1: congelateur-sama|move: Stealth Rock
|
|-heal|p1a: Zarude|63/100|[from] item: Leftovers
|upkeep
|turn|53
|inactive|congelateur-sama has 30 seconds left.
|
|t:|1635092462
|switch|p2a: Weezing|Weezing-Galar, M|99/100
|-ability|p2a: Weezing|Neutralizing Gas
|move|p1a: Zarude|Jungle Healing|p1a: Zarude
|-heal|p1a: Zarude|89/100
|
|-heal|p1a: Zarude|95/100|[from] item: Leftovers
|upkeep
|turn|54
|
|t:|1635092470
|switch|p1a: Amoonguss|Amoonguss, F|100/100
|-damage|p1a: Amoonguss|88/100|[from] Stealth Rock
|move|p2a: Weezing|Strange Steam|p1a: Amoonguss
|-resisted|p1a: Amoonguss
|-damage|p1a: Amoonguss|77/100
|
|-heal|p1a: Amoonguss|83/100|[from] item: Leftovers
|upkeep
|turn|55
|inactive|congelateur-sama has 30 seconds left.
|
|t:|1635092493
|-end|p2a: Weezing|ability: Neutralizing Gas
|switch|p2a: Chansey|Chansey, F|86/100
|switch|p1a: Primarina|Primarina, M|100/100
|-damage|p1a: Primarina|88/100|[from] Stealth Rock
|
|-heal|p1a: Primarina|94/100|[from] item: Leftovers
|upkeep
|turn|56
|
|t:|1635092502
|switch|p2a: Slowking|Slowking, M|100/100
|move|p1a: Primarina|Calm Mind|p1a: Primarina
|-boost|p1a: Primarina|spa|1
|-boost|p1a: Primarina|spd|1
|
|-heal|p1a: Primarina|99/100|[from] item: Leftovers
|upkeep
|turn|57
|
|t:|1635092504
|move|p1a: Primarina|Calm Mind|p1a: Primarina
|-boost|p1a: Primarina|spa|1
|-boost|p1a: Primarina|spd|1
|move|p2a: Slowking|Calm Mind|p2a: Slowking
|-boost|p2a: Slowking|spa|1
|-boost|p2a: Slowking|spd|1
|
|-heal|p1a: Primarina|100/100|[from] item: Leftovers
|upkeep
|turn|58
|c|☆congelateur-sama|c sérieux
|
|t:|1635092520
|switch|p1a: Zarude|Zarude|95/100
|-damage|p1a: Zarude|82/100|[from] Stealth Rock
|move|p2a: Slowking|Calm Mind|p2a: Slowking
|-boost|p2a: Slowking|spa|1
|-boost|p2a: Slowking|spd|1
|
|-heal|p1a: Zarude|88/100|[from] item: Leftovers
|upkeep
|turn|59
|
|t:|1635092531
|move|p1a: Zarude|Power Whip|p2a: Slowking
|-supereffective|p2a: Slowking
|-damage|p2a: Slowking|11/100
|move|p2a: Slowking|Scald|p1a: Zarude
|-resisted|p1a: Zarude
|-damage|p1a: Zarude|62/100
|
|-heal|p1a: Zarude|68/100|[from] item: Leftovers
|upkeep
|turn|60
|c|☆congelateur-sama|c sérieux*2
|inactive|congelateur-sama has 30 seconds left.
|inactive|congelateur-sama has 20 seconds left.
|
|t:|1635092565
|switch|p2a: Weezing|Weezing-Galar, M|99/100
|-ability|p2a: Weezing|Neutralizing Gas
|move|p1a: Zarude|Darkest Lariat|p2a: Weezing
|-resisted|p2a: Weezing
|-damage|p2a: Weezing|86/100
|-damage|p1a: Zarude|51/100|[from] item: Rocky Helmet|[of] p2a: Weezing
|
|-heal|p1a: Zarude|57/100|[from] item: Leftovers
|upkeep
|turn|61
|inactive|congelateur-sama has 30 seconds left this turn.
|
|t:|1635092570
|switch|p1a: Primarina|Primarina, M|100/100
|-damage|p1a: Primarina|88/100|[from] Stealth Rock
|move|p2a: Weezing|Flamethrower|p1a: Primarina
|-resisted|p1a: Primarina
|-damage|p1a: Primarina|80/100
|
|-heal|p1a: Primarina|86/100|[from] item: Leftovers
|upkeep
|turn|62
|inactive|congelateur-sama has 30 seconds left.
|
|t:|1635092580
|-end|p2a: Weezing|ability: Neutralizing Gas
|switch|p2a: Quagsire|Quagsire, M|100/100
|move|p1a: Primarina|Calm Mind|p1a: Primarina
|-boost|p1a: Primarina|spa|1
|-boost|p1a: Primarina|spd|1
|
|-heal|p1a: Primarina|93/100|[from] item: Leftovers
|upkeep
|turn|63
|
|t:|1635092583
|move|p1a: Primarina|Moonblast|p2a: Quagsire
|-damage|p2a: Quagsire|69/100
|move|p2a: Quagsire|Haze|p2a: Quagsire
|-clearallboost
|
|-heal|p1a: Primarina|99/100|[from] item: Leftovers
|-heal|p2a: Quagsire|75/100|[from] item: Leftovers
|upkeep
|turn|64
|
|t:|1635092591
|move|p1a: Primarina|Moonblast|p2a: Quagsire
|-damage|p2a: Quagsire|39/100
|-unboost|p2a: Quagsire|spa|1
|move|p2a: Quagsire|Toxic|p1a: Primarina
|-status|p1a: Primarina|tox
|
|-heal|p1a: Primarina|100/100 tox|[from] item: Leftovers
|-heal|p2a: Quagsire|45/100|[from] item: Leftovers
|-damage|p1a: Primarina|94/100 tox|[from] psn
|upkeep
|turn|65
|
|t:|1635092595
|move|p1a: Primarina|Moonblast|p2a: Quagsire
|-damage|p2a: Quagsire|13/100
|move|p2a: Quagsire|Recover|p2a: Quagsire
|-heal|p2a: Quagsire|63/100
|
|-heal|p1a: Primarina|100/100 tox|[from] item: Leftovers
|-heal|p2a: Quagsire|69/100|[from] item: Leftovers
|-damage|p1a: Primarina|88/100 tox|[from] psn
|upkeep
|turn|66
|
|t:|1635092602
|move|p1a: Primarina|Calm Mind|p1a: Primarina
|-boost|p1a: Primarina|spa|1
|-boost|p1a: Primarina|spd|1
|move|p2a: Quagsire|Recover|p2a: Quagsire
|-heal|p2a: Quagsire|100/100
|
|-heal|p1a: Primarina|94/100 tox|[from] item: Leftovers
|-damage|p1a: Primarina|76/100 tox|[from] psn
|upkeep
|turn|67
|
|t:|1635092604
|move|p1a: Primarina|Moonblast|p2a: Quagsire
|-damage|p2a: Quagsire|68/100
|move|p2a: Quagsire|Haze|p2a: Quagsire
|-clearallboost
|
|-heal|p1a: Primarina|82/100 tox|[from] item: Leftovers
|-heal|p2a: Quagsire|74/100|[from] item: Leftovers
|-damage|p1a: Primarina|58/100 tox|[from] psn
|upkeep
|turn|68
|
|t:|1635092612
|move|p1a: Primarina|Moonblast|p2a: Quagsire
|-damage|p2a: Quagsire|43/100
|-unboost|p2a: Quagsire|spa|1
|move|p2a: Quagsire|Recover|p2a: Quagsire
|-heal|p2a: Quagsire|93/100
|
|-heal|p1a: Primarina|64/100 tox|[from] item: Leftovers
|-heal|p2a: Quagsire|99/100|[from] item: Leftovers
|-damage|p1a: Primarina|34/100 tox|[from] psn
|upkeep
|turn|69
|
|t:|1635092615
|switch|p2a: Slowking|Slowking, M|44/100
|move|p1a: Primarina|Rest|p1a: Primarina
|-status|p1a: Primarina|slp|[from] move: Rest
|-heal|p1a: Primarina|100/100 slp|[silent]
|
|upkeep
|turn|70
|inactive|congelateur-sama has 90 seconds left.
|inactive|Moutemoute has 270 seconds left.
|
|t:|1635092655
|switch|p1a: Hydreigon|Hydreigon, M|88/100
|-damage|p1a: Hydreigon|76/100|[from] Stealth Rock
|move|p2a: Slowking|Slack Off|p2a: Slowking
|-heal|p2a: Slowking|94/100
|
|upkeep
|turn|71
|inactive|Moutemoute has 270 seconds left.
|
|t:|1635092662
|switch|p2a: Umbreon|Umbreon, F|98/100 slp
|move|p1a: Hydreigon|U-turn|p2a: Umbreon
|-supereffective|p2a: Umbreon
|-damage|p2a: Umbreon|78/100 slp
|
|t:|1635092670
|switch|p1a: Zarude|Zarude|57/100|[from]move: U-turn
|-damage|p1a: Zarude|45/100|[from] Stealth Rock
|
|-heal|p1a: Zarude|51/100|[from] item: Leftovers
|-heal|p2a: Umbreon|84/100 slp|[from] item: Leftovers
|upkeep
|turn|72
|
|t:|1635092673
|switch|p2a: Weezing|Weezing-Galar, M|86/100
|-ability|p2a: Weezing|Neutralizing Gas
|move|p1a: Zarude|Jungle Healing|p1a: Zarude
|-heal|p1a: Zarude|76/100
|
|-heal|p1a: Zarude|82/100|[from] item: Leftovers
|upkeep
|turn|73
|
|t:|1635092685
|switch|p1a: Primarina|Primarina, M|100/100 slp
|-damage|p1a: Primarina|88/100 slp|[from] Stealth Rock
|-end|p2a: Weezing|ability: Neutralizing Gas
|switch|p2a: Slowking|Slowking, M|100/100
|
|-heal|p1a: Primarina|94/100 slp|[from] item: Leftovers
|upkeep
|turn|74
|
|t:|1635092693
|switch|p1a: Zarude|Zarude|82/100
|-damage|p1a: Zarude|70/100|[from] Stealth Rock
|move|p2a: Slowking|Scald|p1a: Zarude
|-resisted|p1a: Zarude
|-damage|p1a: Zarude|56/100
|
|-heal|p1a: Zarude|62/100|[from] item: Leftovers
|upkeep
|turn|75
|inactive|congelateur-sama has 90 seconds left.
|
|t:|1635092701
|switch|p2a: Skarmory|Skarmory, F|100/100
|move|p1a: Zarude|Bulk Up|p1a: Zarude
|-boost|p1a: Zarude|atk|1
|-boost|p1a: Zarude|def|1
|
|-heal|p1a: Zarude|68/100|[from] item: Leftovers
|upkeep
|turn|76
|inactive|congelateur-sama has 90 seconds left.
|
|t:|1635092714
|switch|p1a: Moltres|Moltres|100/100
|-damage|p1a: Moltres|51/100|[from] Stealth Rock
|-ability|p1a: Moltres|Pressure
|move|p2a: Skarmory|Body Press|p1a: Moltres
|-resisted|p1a: Moltres
|-damage|p1a: Moltres|37/100
|
|upkeep
|turn|77
|
|t:|1635092717
|switch|p2a: Chansey|Chansey, F|86/100
|move|p1a: Moltres|Roost|p1a: Moltres
|-heal|p1a: Moltres|87/100
|-singleturn|p1a: Moltres|move: Roost
|
|upkeep
|turn|78
|
|t:|1635092724
|switch|p1a: Primarina|Primarina, M|94/100 slp
|-damage|p1a: Primarina|82/100 slp|[from] Stealth Rock
|move|p2a: Chansey|Seismic Toss|p1a: Primarina
|-damage|p1a: Primarina|54/100 slp
|
|-heal|p1a: Primarina|60/100 slp|[from] item: Leftovers
|upkeep
|turn|79
|
|t:|1635092732
|switch|p2a: Slowking|Slowking, M|100/100
|cant|p1a: Primarina|slp
|
|-heal|p1a: Primarina|66/100 slp|[from] item: Leftovers
|upkeep
|turn|80
|
|t:|1635092736
|cant|p1a: Primarina|slp
|move|p2a: Slowking|Calm Mind|p2a: Slowking
|-boost|p2a: Slowking|spa|1
|-boost|p2a: Slowking|spd|1
|
|-heal|p1a: Primarina|72/100 slp|[from] item: Leftovers
|upkeep
|turn|81
|
|t:|1635092740
|switch|p1a: Zarude|Zarude|68/100
|-damage|p1a: Zarude|56/100|[from] Stealth Rock
|move|p2a: Slowking|Scald|p1a: Zarude
|-resisted|p1a: Zarude
|-damage|p1a: Zarude|35/100
|
|-heal|p1a: Zarude|41/100|[from] item: Leftovers
|upkeep
|turn|82
|inactive|congelateur-sama has 120 seconds left.
|
|t:|1635092778
|switch|p2a: Skarmory|Skarmory, F|100/100
|move|p1a: Zarude|Jungle Healing|p1a: Zarude
|-heal|p1a: Zarude|66/100
|
|-heal|p1a: Zarude|72/100|[from] item: Leftovers
|upkeep
|turn|83
|inactive|congelateur-sama has 120 seconds left.
|
|t:|1635092790
|move|p1a: Zarude|Bulk Up|p1a: Zarude
|-boost|p1a: Zarude|atk|1
|-boost|p1a: Zarude|def|1
|move|p2a: Skarmory|Iron Defense|p2a: Skarmory
|-boost|p2a: Skarmory|def|2
|
|-heal|p1a: Zarude|78/100|[from] item: Leftovers
|upkeep
|turn|84
|inactive|congelateur-sama has 120 seconds left.
|inactive|congelateur-sama has 90 seconds left.
|inactive|congelateur-sama has 60 seconds left.
|
|t:|1635092870
|switch|p1a: Primarina|Primarina, M|72/100 slp
|-damage|p1a: Primarina|60/100 slp|[from] Stealth Rock
|move|p2a: Skarmory|Body Press|p1a: Primarina
|-resisted|p1a: Primarina
|-damage|p1a: Primarina|33/100 slp
|
|-heal|p1a: Primarina|39/100 slp|[from] item: Leftovers
|upkeep
|turn|85
|
|t:|1635092887
|move|p2a: Skarmory|Iron Defense|p2a: Skarmory
|-boost|p2a: Skarmory|def|2
|-curestatus|p1a: Primarina|slp|[msg]
|move|p1a: Primarina|Calm Mind|p1a: Primarina
|-boost|p1a: Primarina|spa|1
|-boost|p1a: Primarina|spd|1
|
|-heal|p1a: Primarina|45/100|[from] item: Leftovers
|upkeep
|turn|86
|
|t:|1635092909
|move|p2a: Skarmory|Body Press|p1a: Primarina
|-resisted|p1a: Primarina
|-damage|p1a: Primarina|8/100
|move|p1a: Primarina|Moonblast|p2a: Skarmory
|-resisted|p2a: Skarmory
|-damage|p2a: Skarmory|62/100
|
|-heal|p1a: Primarina|14/100|[from] item: Leftovers
|upkeep
|turn|87
|c|☆congelateur-sama|zefa
|c|☆congelateur-sama|ok bon si je miss
|inactive|congelateur-sama has 30 seconds left.
|inactive|congelateur-sama has 20 seconds left.
|inactive|congelateur-sama has 15 seconds left.
|inactive|congelateur-sama has 10 seconds left.
|inactive|congelateur-sama has 5 seconds left.
|
|t:|1635092951
|switch|p1a: Amoonguss|Amoonguss, F|100/100
|-damage|p1a: Amoonguss|88/100|[from] Stealth Rock
|move|p2a: Skarmory|Body Press|p1a: Amoonguss
|-resisted|p1a: Amoonguss
|-damage|p1a: Amoonguss|53/100
|
|-heal|p1a: Amoonguss|59/100|[from] item: Leftovers
|upkeep
|turn|88
|inactive|congelateur-sama has 15 seconds left this turn.
|j|+Cicada
|inactive|congelateur-sama has 10 seconds left.
|inactive|congelateur-sama has 5 seconds left.
|
|t:|1635092963
|switch|p1a: Moltres|Moltres|87/100
|-damage|p1a: Moltres|37/100|[from] Stealth Rock
|-ability|p1a: Moltres|Pressure
|move|p2a: Skarmory|Body Press|p1a: Moltres
|-resisted|p1a: Moltres
|-damage|p1a: Moltres|0 fnt
|faint|p1a: Moltres
|
|upkeep
|inactive|congelateur-sama has 10 seconds left this turn.
|
|t:|1635092966
|switch|p1a: Hydreigon|Hydreigon, M|76/100
|-damage|p1a: Hydreigon|64/100|[from] Stealth Rock
|turn|89
|inactive|congelateur-sama has 20 seconds left this turn.
|inactive|congelateur-sama has 15 seconds left.
|l|+Cicada
|
|t:|1635092979
|switch|p2a: Chansey|Chansey, F|86/100
|move|p1a: Hydreigon|U-turn|p2a: Chansey
|-damage|p2a: Chansey|76/100
|inactive|congelateur-sama has 20 seconds left this turn.
|inactive|congelateur-sama has 15 seconds left.
|
|t:|1635092984
|switch|p1a: Primarina|Primarina, M|14/100|[from]move: U-turn
|-damage|p1a: Primarina|2/100|[from] Stealth Rock
|
|-heal|p1a: Primarina|8/100|[from] item: Leftovers
|upkeep
|turn|90
|inactive|congelateur-sama has 25 seconds left this turn.
|
|t:|1635092991
|switch|p2a: Slowking|Slowking, M|100/100
|move|p1a: Primarina|Rest|p1a: Primarina
|-status|p1a: Primarina|slp|[from] move: Rest
|-heal|p1a: Primarina|100/100 slp|[silent]
|
|upkeep
|turn|91
|inactive|congelateur-sama has 30 seconds left.
|
|t:|1635093001
|switch|p1a: Zarude|Zarude|78/100
|-damage|p1a: Zarude|65/100|[from] Stealth Rock
|switch|p2a: Skarmory|Skarmory, F|62/100
|
|-heal|p1a: Zarude|71/100|[from] item: Leftovers
|upkeep
|turn|92
|
|t:|1635093006
|switch|p1a: Primarina|Primarina, M|100/100 slp
|-damage|p1a: Primarina|88/100 slp|[from] Stealth Rock
|move|p2a: Skarmory|Body Press|p1a: Primarina
|-resisted|p1a: Primarina
|-damage|p1a: Primarina|75/100 slp
|
|-heal|p1a: Primarina|81/100 slp|[from] item: Leftovers
|upkeep
|turn|93
|
|t:|1635093009
|move|p2a: Skarmory|Roost|p2a: Skarmory
|-heal|p2a: Skarmory|100/100
|-singleturn|p2a: Skarmory|move: Roost
|cant|p1a: Primarina|slp
|move|p1a: Primarina|Snore|p2a: Skarmory
|-crit|p2a: Skarmory
|-damage|p2a: Skarmory|55/100
|
|-heal|p1a: Primarina|87/100 slp|[from] item: Leftovers
|upkeep
|turn|94
|
|t:|1635093013
|move|p2a: Skarmory|Roost|p2a: Skarmory
|-heal|p2a: Skarmory|100/100
|-singleturn|p2a: Skarmory|move: Roost
|cant|p1a: Primarina|slp
|move|p1a: Primarina|Snore|p2a: Skarmory
|-damage|p2a: Skarmory|74/100
|
|-heal|p1a: Primarina|93/100 slp|[from] item: Leftovers
|upkeep
|turn|95
|
|t:|1635093017
|switch|p2a: Slowking|Slowking, M|100/100
|-curestatus|p1a: Primarina|slp|[msg]
|move|p1a: Primarina|Calm Mind|p1a: Primarina
|-boost|p1a: Primarina|spa|1
|-boost|p1a: Primarina|spd|1
|
|-heal|p1a: Primarina|99/100|[from] item: Leftovers
|upkeep
|turn|96
|
|t:|1635093022
|move|p1a: Primarina|Calm Mind|p1a: Primarina
|-boost|p1a: Primarina|spa|1
|-boost|p1a: Primarina|spd|1
|move|p2a: Slowking|Calm Mind|p2a: Slowking
|-boost|p2a: Slowking|spa|1
|-boost|p2a: Slowking|spd|1
|
|-heal|p1a: Primarina|100/100|[from] item: Leftovers
|upkeep
|turn|97
|
|t:|1635093028
|move|p1a: Primarina|Moonblast|p2a: Slowking
|-damage|p2a: Slowking|57/100
|move|p2a: Slowking|Calm Mind|p2a: Slowking
|-boost|p2a: Slowking|spa|1
|-boost|p2a: Slowking|spd|1
|
|upkeep
|turn|98
|
|t:|1635093031
|move|p1a: Primarina|Moonblast|p2a: Slowking
|-damage|p2a: Slowking|24/100
|move|p2a: Slowking|Slack Off|p2a: Slowking
|-heal|p2a: Slowking|74/100
|
|upkeep
|turn|99
|
|t:|1635093037
|switch|p1a: Zarude|Zarude|71/100
|-damage|p1a: Zarude|59/100|[from] Stealth Rock
|move|p2a: Slowking|Psyshock|p1a: Zarude
|-immune|p1a: Zarude
|
|-heal|p1a: Zarude|65/100|[from] item: Leftovers
|upkeep
|turn|100
|
|t:|1635093048
|switch|p2a: Weezing|Weezing-Galar, M|86/100
|-ability|p2a: Weezing|Neutralizing Gas
|move|p1a: Zarude|Bulk Up|p1a: Zarude
|-boost|p1a: Zarude|atk|1
|-boost|p1a: Zarude|def|1
|
|-heal|p1a: Zarude|71/100|[from] item: Leftovers
|upkeep
|turn|101
|
|t:|1635093061
|switch|p1a: Amoonguss|Amoonguss, F|93/100
|-damage|p1a: Amoonguss|80/100|[from] Stealth Rock
|move|p2a: Weezing|Corrosive Gas|p1a: Amoonguss
|-enditem|p1a: Amoonguss|Leftovers|[from] move: Corrosive Gas|[of] p2a: Weezing
|
|upkeep
|turn|102
|inactive|congelateur-sama has 90 seconds left.
|inactive|congelateur-sama has 60 seconds left.
|
|t:|1635093121
|-end|p2a: Weezing|ability: Neutralizing Gas
|switch|p2a: Skarmory|Skarmory, F|74/100
|switch|p1a: Primarina|Primarina, M|100/100
|-damage|p1a: Primarina|88/100|[from] Stealth Rock
|
|-heal|p1a: Primarina|94/100|[from] item: Leftovers
|upkeep
|turn|103
|
|t:|1635093131
|move|p2a: Skarmory|Roost|p2a: Skarmory
|-heal|p2a: Skarmory|100/100
|-singleturn|p2a: Skarmory|move: Roost
|move|p1a: Primarina|Calm Mind|p1a: Primarina
|-boost|p1a: Primarina|spa|1
|-boost|p1a: Primarina|spd|1
|
|-heal|p1a: Primarina|99/100|[from] item: Leftovers
|upkeep
|turn|104
|
|t:|1635093136
|switch|p2a: Quagsire|Quagsire, M|99/100
|move|p1a: Primarina|Calm Mind|p1a: Primarina
|-boost|p1a: Primarina|spa|1
|-boost|p1a: Primarina|spd|1
|
|-heal|p1a: Primarina|100/100|[from] item: Leftovers
|-heal|p2a: Quagsire|100/100|[from] item: Leftovers
|upkeep
|turn|105
|
|t:|1635093139
|move|p1a: Primarina|Moonblast|p2a: Quagsire
|-damage|p2a: Quagsire|70/100
|move|p2a: Quagsire|Haze|p2a: Quagsire
|-clearallboost
|
|-heal|p2a: Quagsire|76/100|[from] item: Leftovers
|upkeep
|turn|106
|
|t:|1635093146
|switch|p1a: Swampert|Swampert, M|72/100 tox
|-damage|p1a: Swampert|65/100 tox|[from] Stealth Rock
|move|p2a: Quagsire|Toxic|p1a: Swampert
|-fail|p1a: Swampert|tox
|
|-heal|p1a: Swampert|72/100 tox|[from] item: Leftovers
|-heal|p2a: Quagsire|82/100|[from] item: Leftovers
|-damage|p1a: Swampert|65/100 tox|[from] psn
|upkeep
|turn|107
|
|t:|1635093150
|switch|p2a: Skarmory|Skarmory, F|100/100
|move|p1a: Swampert|Stealth Rock|p2a: Skarmory
|-sidestart|p2: Moutemoute|move: Stealth Rock
|
|-heal|p1a: Swampert|72/100 tox|[from] item: Leftovers
|-damage|p1a: Swampert|59/100 tox|[from] psn
|upkeep
|turn|108
|
|t:|1635093156
|switch|p1a: Primarina|Primarina, M|100/100
|-damage|p1a: Primarina|88/100|[from] Stealth Rock
|move|p2a: Skarmory|Defog|p1a: Primarina
|-unboost|p1a: Primarina|evasion|1
|-sideend|p1: congelateur-sama|Stealth Rock|[from] move: Defog|[of] p2a: Skarmory
|-sideend|p2: Moutemoute|Stealth Rock|[from] move: Defog|[of] p2a: Skarmory
|
|-heal|p1a: Primarina|94/100|[from] item: Leftovers
|upkeep
|turn|109
|
|t:|1635093176
|switch|p2a: Quagsire|Quagsire, M|82/100
|move|p1a: Primarina|Calm Mind|p1a: Primarina
|-boost|p1a: Primarina|spa|1
|-boost|p1a: Primarina|spd|1
|
|-heal|p1a: Primarina|99/100|[from] item: Leftovers
|-heal|p2a: Quagsire|88/100|[from] item: Leftovers
|upkeep
|turn|110
|
|t:|1635093182
|move|p1a: Primarina|Moonblast|p2a: Quagsire
|-damage|p2a: Quagsire|55/100
|move|p2a: Quagsire|Haze|p2a: Quagsire
|-clearallboost
|
|-heal|p1a: Primarina|100/100|[from] item: Leftovers
|-heal|p2a: Quagsire|61/100|[from] item: Leftovers
|upkeep
|turn|111
|
|t:|1635093196
|switch|p1a: Zarude|Zarude|71/100
|move|p2a: Quagsire|Recover|p2a: Quagsire
|-heal|p2a: Quagsire|100/100
|
|-heal|p1a: Zarude|77/100|[from] item: Leftovers
|upkeep
|turn|112
|
|t:|1635093203
|switch|p1a: Hydreigon|Hydreigon, M|64/100
|switch|p2a: Weezing|Weezing-Galar, M|86/100
|-ability|p2a: Weezing|Neutralizing Gas
|
|upkeep
|turn|113
|
|t:|1635093226
|-end|p2a: Weezing|ability: Neutralizing Gas
|switch|p2a: Slowking|Slowking, M|100/100
|move|p1a: Hydreigon|Fire Blast|p2a: Slowking|[miss]
|-miss|p1a: Hydreigon|p2a: Slowking
|
|upkeep
|turn|114
|
|t:|1635093236
|switch|p1a: Zarude|Zarude|77/100
|switch|p2a: Chansey|Chansey, F|76/100
|
|-heal|p1a: Zarude|83/100|[from] item: Leftovers
|upkeep
|turn|115
|
|t:|1635093245
|switch|p1a: Swampert|Swampert, M|59/100 tox
|move|p2a: Chansey|Stealth Rock|p1a: Swampert
|-sidestart|p1: congelateur-sama|move: Stealth Rock
|
|-heal|p1a: Swampert|65/100 tox|[from] item: Leftovers
|-damage|p1a: Swampert|59/100 tox|[from] psn
|upkeep
|turn|116
|
|t:|1635093256
|switch|p2a: Skarmory|Skarmory, F|100/100
|move|p1a: Swampert|Stealth Rock|p2a: Skarmory
|-sidestart|p2: Moutemoute|move: Stealth Rock
|
|-heal|p1a: Swampert|65/100 tox|[from] item: Leftovers
|-damage|p1a: Swampert|53/100 tox|[from] psn
|upkeep
|turn|117
|inactive|congelateur-sama has 120 seconds left.
|
|t:|1635093275
|move|p2a: Skarmory|Defog|p1a: Swampert
|-unboost|p1a: Swampert|evasion|1
|-sideend|p1: congelateur-sama|Stealth Rock|[from] move: Defog|[of] p2a: Skarmory
|-sideend|p2: Moutemoute|Stealth Rock|[from] move: Defog|[of] p2a: Skarmory
|move|p1a: Swampert|Ice Punch|p2a: Skarmory
|-damage|p2a: Skarmory|90/100
|-status|p2a: Skarmory|frz
|-damage|p1a: Swampert|36/100 tox|[from] item: Rocky Helmet|[of] p2a: Skarmory
|
|-heal|p1a: Swampert|43/100 tox|[from] item: Leftovers
|-damage|p1a: Swampert|24/100 tox|[from] psn
|upkeep
|turn|118
|c|☆congelateur-sama|ok
|inactive|congelateur-sama has 120 seconds left.
|
|t:|1635093290
|cant|p2a: Skarmory|frz
|move|p1a: Swampert|Stealth Rock|p2a: Skarmory
|-sidestart|p2: Moutemoute|move: Stealth Rock
|
|-heal|p1a: Swampert|30/100 tox|[from] item: Leftovers
|-damage|p1a: Swampert|5/100 tox|[from] psn
|upkeep
|turn|119
|
|t:|1635093294
|switch|p1a: Hydreigon|Hydreigon, M|64/100
|cant|p2a: Skarmory|frz
|
|upkeep
|turn|120
|inactive|congelateur-sama has 120 seconds left.
|
|t:|1635093310
|switch|p2a: Slowking|Slowking, M|100/100
|move|p1a: Hydreigon|U-turn|p2a: Slowking
|-supereffective|p2a: Slowking
|-damage|p2a: Slowking|77/100
|
|t:|1635093313
|switch|p1a: Zarude|Zarude|83/100|[from]move: U-turn
|
|-heal|p1a: Zarude|89/100|[from] item: Leftovers
|upkeep
|turn|121
|
|t:|1635093330
|switch|p2a: Weezing|Weezing-Galar, M|86/100
|-ability|p2a: Weezing|Neutralizing Gas
|-damage|p2a: Weezing|74/100|[from] Stealth Rock
|move|p1a: Zarude|Power Whip|p2a: Weezing
|-resisted|p2a: Weezing
|-damage|p2a: Weezing|55/100
|-damage|p1a: Zarude|73/100|[from] item: Rocky Helmet|[of] p2a: Weezing
|
|-heal|p1a: Zarude|79/100|[from] item: Leftovers
|upkeep
|turn|122
|
|t:|1635093344
|switch|p1a: Amoonguss|Amoonguss, F|100/100
|move|p2a: Weezing|Strange Steam|p1a: Amoonguss
|-resisted|p1a: Amoonguss
|-damage|p1a: Amoonguss|89/100
|-start|p1a: Amoonguss|confusion
|
|upkeep
|turn|123
|
|t:|1635093348
|switch|p1a: Swampert|Swampert, M|5/100 tox
|move|p2a: Weezing|Pain Split|p1a: Swampert
|-sethp|p1a: Swampert|25/100 tox|[from] move: Pain Split|[silent]
|-sethp|p2a: Weezing|31/100|[from] move: Pain Split
|
|-heal|p1a: Swampert|32/100 tox|[from] item: Leftovers
|-damage|p1a: Swampert|25/100 tox|[from] psn
|upkeep
|turn|124
|c|☆Moutemoute|mhhhhh
|c|☆congelateur-sama|purée
|inactive|Moutemoute has 270 seconds left.
|c|☆Moutemoute|ce freeze
|c|☆Moutemoute|me met
|inactive|congelateur-sama has 120 seconds left.
|c|☆Moutemoute|dans une merde
|c|☆congelateur-sama|only chance
|
|t:|1635093396
|move|p2a: Weezing|Strange Steam|p1a: Swampert
|-damage|p1a: Swampert|8/100 tox
|move|p1a: Swampert|Earthquake|p2a: Weezing
|-supereffective|p2a: Weezing
|-damage|p2a: Weezing|0 fnt
|faint|p2a: Weezing
|-end|p2a: Weezing|ability: Neutralizing Gas
|
|-heal|p1a: Swampert|14/100 tox|[from] item: Leftovers
|-damage|p1a: Swampert|1/100 tox|[from] psn
|upkeep
|
|t:|1635093402
|switch|p2a: Umbreon|Umbreon, F|84/100 slp
|-damage|p2a: Umbreon|72/100 slp|[from] Stealth Rock
|turn|125
|
|t:|1635093406
|cant|p2a: Umbreon|slp
|move|p1a: Swampert|Flip Turn|p2a: Umbreon
|-damage|p2a: Umbreon|58/100 slp
|
|t:|1635093409
|switch|p1a: Zarude|Zarude|79/100|[from]move: Flip Turn
|
|-heal|p1a: Zarude|85/100|[from] item: Leftovers
|-heal|p2a: Umbreon|64/100 slp|[from] item: Leftovers
|upkeep
|turn|126
|
|t:|1635093415
|switch|p2a: Skarmory|Skarmory, F|90/100 frz
|-damage|p2a: Skarmory|77/100 frz|[from] Stealth Rock
|move|p1a: Zarude|Bulk Up|p1a: Zarude
|-boost|p1a: Zarude|atk|1
|-boost|p1a: Zarude|def|1
|
|-heal|p1a: Zarude|91/100|[from] item: Leftovers
|upkeep
|turn|127
|
|t:|1635093418
|move|p1a: Zarude|Bulk Up|p1a: Zarude
|-boost|p1a: Zarude|atk|1
|-boost|p1a: Zarude|def|1
|-curestatus|p2a: Skarmory|frz|[msg]
|move|p2a: Skarmory|Iron Defense|p2a: Skarmory
|-boost|p2a: Skarmory|def|2
|
|-heal|p1a: Zarude|97/100|[from] item: Leftovers
|upkeep
|turn|128
|c|☆congelateur-sama|ptn
|c|☆congelateur-sama|allez zarude
|inactive|congelateur-sama has 150 seconds left.
|
|t:|1635093438
|move|p1a: Zarude|Bulk Up|p1a: Zarude
|-boost|p1a: Zarude|atk|1
|-boost|p1a: Zarude|def|1
|move|p2a: Skarmory|Body Press|p1a: Zarude
|-supereffective|p1a: Zarude
|-damage|p1a: Zarude|53/100
|
|-heal|p1a: Zarude|59/100|[from] item: Leftovers
|upkeep
|turn|129
|j|+avarice
|inactive|congelateur-sama has 150 seconds left.
|c|+avarice|french team tour thing?
|inactive|Moutemoute has 270 seconds left.
|c|☆congelateur-sama|yes4
|c|+Tuthur|yeah ava
|inactive|congelateur-sama has 120 seconds left.
|
|t:|1635093485
|move|p1a: Zarude|Bulk Up|p1a: Zarude
|-boost|p1a: Zarude|atk|1
|-boost|p1a: Zarude|def|1
|move|p2a: Skarmory|Body Press|p1a: Zarude
|-supereffective|p1a: Zarude
|-damage|p1a: Zarude|16/100
|
|-heal|p1a: Zarude|22/100|[from] item: Leftovers
|upkeep
|turn|130
|inactive|congelateur-sama has 120 seconds left.
|inactive|Moutemoute has 270 seconds left.
|c|☆Moutemoute|bon
|c|☆Moutemoute|si tu as le roll
|c|☆Moutemoute|c'est lose
|inactive|congelateur-sama has 90 seconds left.
|inactive|congelateur-sama has 60 seconds left.
|
|t:|1635093554
|switch|p1a: Swampert|Swampert, M|1/100 tox
|move|p2a: Skarmory|Body Press|p1a: Swampert
|-damage|p1a: Swampert|0 fnt
|faint|p1a: Swampert
|
|upkeep
|
|t:|1635093556
|switch|p1a: Hydreigon|Hydreigon, M|64/100
|turn|131
|c|+Tuthur|?!
|
|t:|1635093569
|switch|p2a: Chansey|Chansey, F|76/100
|-damage|p2a: Chansey|63/100|[from] Stealth Rock
|move|p1a: Hydreigon|U-turn|p2a: Chansey
|-damage|p2a: Chansey|53/100
|c|☆congelateur-sama|+4 252 Atk Zarude Darkest Lariat vs. 252 HP / 252+ Def Skarmory: 223-264 (66.7 - 79%) -- guaranteed 2HKO
|
|t:|1635093582
|switch|p1a: Zarude|Zarude|22/100|[from]move: U-turn
|
|-heal|p1a: Zarude|28/100|[from] item: Leftovers
|upkeep
|turn|132
|inactive|Moutemoute has 270 seconds left.
|
|t:|1635093592
|move|p1a: Zarude|Jungle Healing|p1a: Zarude
|-heal|p1a: Zarude|53/100
|move|p2a: Chansey|Seismic Toss|p1a: Zarude
|-damage|p1a: Zarude|25/100
|
|-heal|p1a: Zarude|31/100|[from] item: Leftovers
|upkeep
|turn|133
|inactive|congelateur-sama has 60 seconds left.
|inactive|Moutemoute has 270 seconds left.
|
|t:|1635093629
|switch|p2a: Skarmory|Skarmory, F|77/100
|-damage|p2a: Skarmory|65/100|[from] Stealth Rock
|move|p1a: Zarude|Jungle Healing|p1a: Zarude
|-heal|p1a: Zarude|56/100
|
|-heal|p1a: Zarude|62/100|[from] item: Leftovers
|upkeep
|turn|134
|
|t:|1635093640
|move|p1a: Zarude|Bulk Up|p1a: Zarude
|-boost|p1a: Zarude|atk|1
|-boost|p1a: Zarude|def|1
|move|p2a: Skarmory|Defog|p1a: Zarude
|-unboost|p1a: Zarude|evasion|1
|-sideend|p2: Moutemoute|Stealth Rock|[from] move: Defog|[of] p2a: Skarmory
|
|-heal|p1a: Zarude|68/100|[from] item: Leftovers
|upkeep
|turn|135
|inactive|Moutemoute has 270 seconds left.
|
|t:|1635093655
|move|p1a: Zarude|Bulk Up|p1a: Zarude
|-boost|p1a: Zarude|atk|1
|-boost|p1a: Zarude|def|1
|move|p2a: Skarmory|Roost|p2a: Skarmory
|-heal|p2a: Skarmory|100/100
|-singleturn|p2a: Skarmory|move: Roost
|
|-heal|p1a: Zarude|74/100|[from] item: Leftovers
|upkeep
|turn|136
|inactive|congelateur-sama has 60 seconds left.
|inactive|Moutemoute has 270 seconds left.
|
|t:|1635093675
|move|p1a: Zarude|Darkest Lariat|p2a: Skarmory
|-crit|p2a: Skarmory
|-damage|p2a: Skarmory|19/100
|-damage|p1a: Zarude|57/100|[from] item: Rocky Helmet|[of] p2a: Skarmory
|move|p2a: Skarmory|Iron Defense|p2a: Skarmory
|-boost|p2a: Skarmory|def|2
|
|-heal|p1a: Zarude|63/100|[from] item: Leftovers
|upkeep
|turn|137
|c|☆Moutemoute|oh putain
|c|☆congelateur-sama|paz
|inactive|Moutemoute has 240 seconds left.
|c|☆Moutemoute|rip team, la game était autowin mais le freeze + crit j'peux rien faire contre haxx
|c|☆congelateur-sama|only pass
|c|☆congelateur-sama|le freeze
|inactive|Moutemoute has 210 seconds left.
|inactive|Moutemoute has 180 seconds left.
|
|t:|1635093791
|switch|p2a: Quagsire|Quagsire, M|100/100
|move|p1a: Zarude|Darkest Lariat|p2a: Quagsire
|-damage|p2a: Quagsire|58/100
|
|-heal|p1a: Zarude|69/100|[from] item: Leftovers
|-heal|p2a: Quagsire|64/100|[from] item: Leftovers
|upkeep
|turn|138
|
|t:|1635093795
|move|p1a: Zarude|Power Whip|p2a: Quagsire
|-supereffective|p2a: Quagsire
|-damage|p2a: Quagsire|0 fnt
|faint|p2a: Quagsire
|
|-heal|p1a: Zarude|75/100|[from] item: Leftovers
|upkeep
|inactive|Moutemoute has 150 seconds left.
|c|☆Moutemoute|oé soz team le freeze me fait lose weez
|
|t:|1635093822
|switch|p2a: Umbreon|Umbreon, F|64/100 slp
|turn|139
|inactive|Moutemoute has 150 seconds left.
|
|t:|1635093828
|move|p1a: Zarude|Power Whip|p2a: Umbreon
|-damage|p2a: Umbreon|0 fnt
|faint|p2a: Umbreon
|
|-heal|p1a: Zarude|81/100|[from] item: Leftovers
|upkeep
|inactive|Moutemoute has 150 seconds left.
|-message|Moutemoute forfeited.
|
|win|congelateur-sama
|l|☆Moutemoute
|l|+avarice
|l|+Tuthur
|j|+Cicada
|l|+ironwater
|j|+misi
