|j|☆SwitchingIsGreat
|j|☆Queen of Bean ✿
|t:|1663999312
|gametype|singles
|player|p1|SwitchingIsGreat|102|1549
|player|p2|Queen of Bean ✿|hexmaniac-gen6|1372
|teamsize|p1|6
|teamsize|p2|6
|gen|8
|tier|[Gen 8] UU
|rated|
|rule|Sleep Clause Mod: Limit one foe put to sleep
|rule|Species Clause: Limit one of each Pokémon
|rule|OHKO Clause: OHKO moves are banned
|rule|Evasion Items Clause: Evasion items are banned
|rule|Evasion Moves Clause: Evasion moves are banned
|rule|Endless Battle Clause: Forcing endless battles is banned
|rule|HP Percentage Mod: HP is shown in percentages
|rule|Dynamax Clause: You cannot dynamax
|clearpoke
|poke|p1|Reuniclus, F|
|poke|p1|Salamence, F|
|poke|p1|Cobalion|
|poke|p1|Primarina, F|
|poke|p1|Amoonguss, M|
|poke|p1|Hydreigon, F|
|poke|p2|Skarmory, F|
|poke|p2|Reuniclus, F|
|poke|p2|Amoonguss, M|
|poke|p2|Crobat, M|
|poke|p2|Rotom-Wash|
|poke|p2|Zygarde-10%|
|teampreview
|c|☆Queen of Bean ✿|hey :>
|c|☆Queen of Bean ✿|glhf :)
|
|t:|1663999346
|start
|switch|p1a: Primarina|Primarina, F|100/100
|switch|p2a: Crobat|Crobat, M|100/100
|turn|1
|
|t:|1663999382
|move|p2a: Crobat|U-turn|p1a: Primarina
|-resisted|p1a: Primarina
|-crit|p1a: Primarina
|-damage|p1a: Primarina|88/100
|
|t:|1663999384
|switch|p2a: Amoonguss|Amoonguss, M|100/100|[from]move: U-turn
|move|p1a: Primarina|Ice Beam|p2a: Amoonguss
|-supereffective|p2a: Amoonguss
|-damage|p2a: Amoonguss|46/100
|
|-heal|p1a: Primarina|94/100|[from] item: Leftovers
|upkeep
|turn|2
|
|t:|1663999389
|switch|p2a: Rotom|Rotom-Wash|100/100
|move|p1a: Primarina|Ice Beam|p2a: Rotom
|-resisted|p2a: Rotom
|-damage|p2a: Rotom|86/100
|
|-heal|p1a: Primarina|99/100|[from] item: Leftovers
|upkeep
|turn|3
|c|☆Queen of Bean ✿|you dont have a volt immune
|c|☆Queen of Bean ✿|thats a little sus
|
|t:|1663999410
|switch|p1a: Hydreigon|Hydreigon, F|100/100
|move|p2a: Rotom|Will-O-Wisp|p1a: Hydreigon
|-status|p1a: Hydreigon|brn
|
|-damage|p1a: Hydreigon|94/100 brn|[from] brn
|upkeep
|turn|4
|
|t:|1663999426
|move|p1a: Hydreigon|Dark Pulse|p2a: Rotom
|-damage|p2a: Rotom|45/100
|move|p2a: Rotom|Pain Split|p1a: Hydreigon
|-sethp|p1a: Hydreigon|68/100 brn|[from] move: Pain Split|[silent]
|-sethp|p2a: Rotom|73/100|[from] move: Pain Split
|
|-damage|p1a: Hydreigon|62/100 brn|[from] brn
|upkeep
|turn|5
|c|☆Queen of Bean ✿|no lmaooo
|
|t:|1663999442
|move|p1a: Hydreigon|Dark Pulse|p2a: Rotom
|-damage|p2a: Rotom|26/100
|move|p2a: Rotom|Volt Switch|p1a: Hydreigon
|-resisted|p1a: Hydreigon
|-damage|p1a: Hydreigon|49/100 brn
|
|t:|1663999450
|switch|p2a: Crobat|Crobat, M|100/100|[from]move: Volt Switch
|
|-damage|p1a: Hydreigon|43/100 brn|[from] brn
|upkeep
|turn|6
|
|t:|1663999455
|switch|p1a: Cobalion|Cobalion|100/100
|move|p2a: Crobat|Brave Bird|p1a: Cobalion
|-damage|p1a: Cobalion|62/100
|-damage|p2a: Crobat|84/100|[from] item: Rocky Helmet|[of] p1a: Cobalion
|-damage|p2a: Crobat|72/100|[from] Recoil
|
|upkeep
|turn|7
|
|t:|1663999464
|move|p2a: Crobat|Taunt|p1a: Cobalion
|-start|p1a: Cobalion|move: Taunt
|cant|p1a: Cobalion|move: Taunt|Stealth Rock
|
|upkeep
|turn|8
|
|t:|1663999474
|switch|p2a: Amoonguss|Amoonguss, M|80/100
|move|p1a: Cobalion|Volt Switch|p2a: Amoonguss
|-resisted|p2a: Amoonguss
|-damage|p2a: Amoonguss|74/100
|
|t:|1663999478
|switch|p1a: Reuniclus|Reuniclus, F, shiny|100/100|[from]move: Volt Switch
|
|upkeep
|turn|9
|c|☆Queen of Bean ✿|ooh
|c|☆Queen of Bean ✿|im bad
|c|☆Queen of Bean ✿|zydog was free
|
|t:|1663999495
|move|p1a: Reuniclus|Psyshock|p2a: Amoonguss
|-supereffective|p2a: Amoonguss
|-damage|p2a: Amoonguss|18/100
|move|p2a: Amoonguss|Spore|p1a: Reuniclus
|-status|p1a: Reuniclus|slp|[from] move: Spore
|
|upkeep
|turn|10
|
|t:|1663999500
|switch|p2a: Zygarde|Zygarde-10%|100/100
|-ability|p2a: Zygarde|Aura Break
|cant|p1a: Reuniclus|slp
|
|upkeep
|turn|11
|
|t:|1663999506
|switch|p1a: Amoonguss|Amoonguss, M|100/100
|move|p2a: Zygarde|Thousand Arrows|p1a: Amoonguss
|-damage|p1a: Amoonguss|56/100
|
|-heal|p1a: Amoonguss|62/100|[from] item: Black Sludge
|upkeep
|turn|12
|
|t:|1663999511
|switch|p2a: Amoonguss|Amoonguss, M|51/100
|switch|p1a: Reuniclus|Reuniclus, F, shiny|100/100 slp
|
|upkeep
|turn|13
|
|t:|1663999517
|switch|p2a: Crobat|Crobat, M|72/100
|cant|p1a: Reuniclus|slp
|
|upkeep
|turn|14
|
|t:|1663999527
|move|p2a: Crobat|U-turn|p1a: Reuniclus
|-supereffective|p1a: Reuniclus
|-damage|p1a: Reuniclus|74/100 slp
|c|☆Queen of Bean ✿|lmao
|c|☆Queen of Bean ✿|im stupid
|
|t:|1663999534
|switch|p2a: Reuniclus|Reuniclus, F, shiny|100/100|[from]move: U-turn
|cant|p1a: Reuniclus|slp
|
|upkeep
|turn|15
|
|t:|1663999541
|-curestatus|p1a: Reuniclus|slp|[msg]
|move|p1a: Reuniclus|Calm Mind|p1a: Reuniclus
|-boost|p1a: Reuniclus|spa|1
|-boost|p1a: Reuniclus|spd|1
|move|p2a: Reuniclus|Calm Mind|p2a: Reuniclus
|-boost|p2a: Reuniclus|spa|1
|-boost|p2a: Reuniclus|spd|1
|
|upkeep
|turn|16
|
|t:|1663999543
|move|p1a: Reuniclus|Calm Mind|p1a: Reuniclus
|-boost|p1a: Reuniclus|spa|1
|-boost|p1a: Reuniclus|spd|1
|move|p2a: Reuniclus|Calm Mind|p2a: Reuniclus
|-boost|p2a: Reuniclus|spa|1
|-boost|p2a: Reuniclus|spd|1
|
|upkeep
|turn|17
|
|t:|1663999546
|move|p1a: Reuniclus|Recover|p1a: Reuniclus
|-heal|p1a: Reuniclus|100/100
|move|p2a: Reuniclus|Calm Mind|p2a: Reuniclus
|-boost|p2a: Reuniclus|spa|1
|-boost|p2a: Reuniclus|spd|1
|
|upkeep
|turn|18
|
|t:|1663999551
|move|p1a: Reuniclus|Calm Mind|p1a: Reuniclus
|-boost|p1a: Reuniclus|spa|1
|-boost|p1a: Reuniclus|spd|1
|move|p2a: Reuniclus|Psyshock|p1a: Reuniclus
|-resisted|p1a: Reuniclus
|-damage|p1a: Reuniclus|62/100
|
|upkeep
|turn|19
|
|t:|1663999554
|move|p2a: Reuniclus|Calm Mind|p2a: Reuniclus
|-boost|p2a: Reuniclus|spa|1
|-boost|p2a: Reuniclus|spd|1
|move|p1a: Reuniclus|Calm Mind|p1a: Reuniclus
|-boost|p1a: Reuniclus|spa|1
|-boost|p1a: Reuniclus|spd|1
|
|upkeep
|turn|20
|
|t:|1663999557
|move|p2a: Reuniclus|Psyshock|p1a: Reuniclus
|-resisted|p1a: Reuniclus
|-crit|p1a: Reuniclus
|-damage|p1a: Reuniclus|0 fnt
|faint|p1a: Reuniclus
|
|upkeep
|
|t:|1663999563
|switch|p1a: Amoonguss|Amoonguss, M|95/100
|turn|21
|c|☆Queen of Bean ✿|that wasnt messylmao
|c|☆Queen of Bean ✿|clean from bean
|c|☆Queen of Bean ✿|lmao
|-message|SwitchingIsGreat forfeited.
|
|win|Queen of Bean ✿
|raw|SwitchingIsGreat's rating: 1549 &rarr; <strong>1520</strong><br />(-29 for losing)
|raw|Queen of Bean ✿'s rating: 1372 &rarr; <strong>1401</strong><br />(+29 for winning)
|l|☆SwitchingIsGreat
|l|☆Queen of Bean ✿
|j|☆Queen of Bean ✿
|player|p2|Queen of Bean ✿|hexmaniac-gen6
