|j|☆big baz
|j|☆lobe.
|player|p1|big baz|ltsurge|1484
|player|p2|lobe.|will-gen2|1347
|teamsize|p1|6
|teamsize|p2|6
|gametype|singles
|gen|8
|tier|[Gen 8] UU
|rated|
|html|<div class="broadcast-red"><strong>UU is currently suspecting Mamoswine! For information on how to participate check out the <a href="https://www.smogon.com/forums/threads/3661513/">suspect thread</a>.</strong></div>
|clearpoke
|poke|p1|Chandelure, M|
|poke|p1|Sirfetch'd, M|
|poke|p1|Silvally-*|
|poke|p1|Cobalion|
|poke|p1|Umbreon, M|
|poke|p1|Vikavolt, M|
|poke|p2|Mantine, F|
|poke|p2|Gardevoir, M|
|poke|p2|Weezing-Galar, F|
|poke|p2|Golisopod, M|
|poke|p2|Mamoswine, F|
|poke|p2|Umbreon, M|
|rule|Sleep Clause Mod: Limit one foe put to sleep
|rule|Species Clause: Limit one of each Pokémon
|rule|OHKO Clause: OHKO moves are banned
|rule|Evasion Moves Clause: Evasion moves are banned
|rule|Endless Battle Clause: Forcing endless battles is banned
|rule|HP Percentage Mod: HP is shown in percentages
|rule|Dynamax Clause: You cannot dynamax
|teampreview
|
|start
|switch|p1a: Cobalion|Cobalion|100/100
|switch|p2a: Weezing|Weezing-Galar, F|100/100
|turn|1
|
|move|p1a: Cobalion|Iron Head|p2a: Weezing
|-supereffective|p2a: Weezing
|-damage|p2a: Weezing|45/100
|move|p2a: Weezing|Fire Blast|p1a: Cobalion
|-supereffective|p1a: Cobalion
|-damage|p1a: Cobalion|13/100
|
|-heal|p2a: Weezing|51/100|[from] item: Black Sludge
|upkeep
|turn|2
|
|switch|p2a: Golisopod|Golisopod, M|100/100
|move|p1a: Cobalion|Stealth Rock|p2a: Golisopod
|-sidestart|p2: lobe.|move: Stealth Rock
|
|upkeep
|turn|3
|
|move|p2a: Golisopod|Aqua Jet|p1a: Cobalion
|-damage|p1a: Cobalion|0 fnt
|faint|p1a: Cobalion
|
|upkeep
|
|switch|p1a: Vikavolt|Vikavolt, M|100/100
|turn|4
|
|switch|p2a: Mamoswine|Mamoswine, F|100/100
|-damage|p2a: Mamoswine|88/100|[from] Stealth Rock
|move|p1a: Vikavolt|Energy Ball|p2a: Mamoswine
|-supereffective|p2a: Mamoswine
|-damage|p2a: Mamoswine|0 fnt
|faint|p2a: Mamoswine
|
|upkeep
|
|switch|p2a: Umbreon|Umbreon, M|100/100
|-damage|p2a: Umbreon|88/100|[from] Stealth Rock
|turn|5
|
|move|p1a: Vikavolt|Bug Buzz|p2a: Umbreon
|-supereffective|p2a: Umbreon
|-damage|p2a: Umbreon|30/100
|move|p2a: Umbreon|Toxic|p1a: Vikavolt
|-status|p1a: Vikavolt|tox
|
|-heal|p2a: Umbreon|36/100|[from] item: Leftovers
|-damage|p1a: Vikavolt|94/100 tox|[from] psn
|upkeep
|turn|6
|
|move|p2a: Umbreon|Protect|p2a: Umbreon
|-singleturn|p2a: Umbreon|Protect
|move|p1a: Vikavolt|Volt Switch|p2a: Umbreon
|-activate|p2a: Umbreon|move: Protect
|
|-heal|p2a: Umbreon|42/100|[from] item: Leftovers
|-damage|p1a: Vikavolt|82/100 tox|[from] psn
|upkeep
|turn|7
|j| wtfnmsl
|l| wtfnmsl
|
|switch|p2a: Mantine|Mantine, F|100/100
|move|p1a: Vikavolt|Volt Switch|p2a: Mantine
|-supereffective|p2a: Mantine
|-damage|p2a: Mantine|0 fnt
|faint|p2a: Mantine
|c|☆lobe.|stupid play
|
|switch|p1a: Umbreon|Umbreon, M|100/100|[from]move: Volt Switch
|
|upkeep
|c|☆lobe.|you didnt lose anything by going for buzz
|c|☆lobe.|and i couldve wished
|c|☆big baz|do you say that whenever you predict incorrectly
|
|switch|p2a: Weezing|Weezing-Galar, F|51/100
|-damage|p2a: Weezing|39/100|[from] Stealth Rock
|turn|8
|
|move|p1a: Umbreon|Heal Bell|p1a: Umbreon
|-activate|p1a: Umbreon|move: Heal Bell
|-curestatus|p1: Vikavolt|tox|[msg]
|move|p2a: Weezing|Strange Steam|p1a: Umbreon
|-supereffective|p1a: Umbreon
|-damage|p1a: Umbreon|62/100
|
|-heal|p1a: Umbreon|68/100|[from] item: Leftovers
|-heal|p2a: Weezing|45/100|[from] item: Black Sludge
|upkeep
|turn|9
|
|switch|p1a: Chandelure|Chandelure, M|100/100
|move|p2a: Weezing|Pain Split|p1a: Chandelure
|-sethp|p1a: Chandelure|79/100|[from] move: Pain Split|[silent]
|-sethp|p2a: Weezing|62/100|[from] move: Pain Split
|
|-heal|p2a: Weezing|68/100|[from] item: Black Sludge
|upkeep
|turn|10
|
|move|p1a: Chandelure|Flamethrower|p2a: Weezing
|-damage|p2a: Weezing|1/100
|move|p2a: Weezing|Strange Steam|p1a: Chandelure
|-resisted|p1a: Chandelure
|-damage|p1a: Chandelure|50/100
|
|-heal|p2a: Weezing|7/100|[from] item: Black Sludge
|upkeep
|turn|11
|
|move|p1a: Chandelure|Flamethrower|p2a: Weezing
|-damage|p2a: Weezing|0 fnt
|faint|p2a: Weezing
|
|upkeep
|
|switch|p2a: Golisopod|Golisopod, M|100/100
|turn|12
|
|switch|p1a: Silvally|Silvally-Fairy|100/100
|move|p2a: Golisopod|Liquidation|p1a: Silvally
|-damage|p1a: Silvally|56/100
|
|upkeep
|turn|13
|
|move|p1a: Silvally|Multi-Attack|p2a: Golisopod
|-damage|p2a: Golisopod|69/100
|move|p2a: Golisopod|Liquidation|p1a: Silvally
|-damage|p1a: Silvally|5/100
|-unboost|p1a: Silvally|def|1
|
|upkeep
|turn|14
|
|move|p2a: Golisopod|Aqua Jet|p1a: Silvally
|-damage|p1a: Silvally|0 fnt
|faint|p1a: Silvally
|
|upkeep
|
|switch|p1a: Sirfetch'd|Sirfetch'd, M|100/100
|turn|15
|
|move|p1a: Sirfetch'd|Brave Bird|p2a: Golisopod
|-supereffective|p2a: Golisopod
|-damage|p2a: Golisopod|0 fnt
|-damage|p1a: Sirfetch'd|70/100|[from] Recoil
|faint|p2a: Golisopod
|
|upkeep
|
|switch|p2a: Gardevoir|Gardevoir, M|100/100
|-damage|p2a: Gardevoir|88/100|[from] Stealth Rock
|-ability|p2a: Gardevoir|Scrappy|[from] ability: Trace|[of] p1a: Sirfetch'd
|turn|16
|
|switch|p1a: Chandelure|Chandelure, M|50/100
|move|p2a: Gardevoir|Moonblast|p1a: Chandelure
|-resisted|p1a: Chandelure
|-damage|p1a: Chandelure|14/100
|
|upkeep
|turn|17
|
|move|p1a: Chandelure|Flamethrower|p2a: Gardevoir
|-damage|p2a: Gardevoir|37/100
|move|p2a: Gardevoir|Moonblast|p1a: Chandelure
|-resisted|p1a: Chandelure
|-damage|p1a: Chandelure|0 fnt
|faint|p1a: Chandelure
|
|upkeep
|c|☆lobe.|ya
|c|☆lobe.|ofc you win the tie
|c|☆big baz|id won anyway
|c|☆lobe.|nah bro
|c|☆big baz|yep
|
|switch|p1a: Sirfetch'd|Sirfetch'd, M|70/100
|turn|18
|c|☆lobe.|your mom won
|-message|lobe. forfeited.
|
|win|big baz
|l|☆lobe.
|raw|big baz's rating: 1485 &rarr; <strong>1497</strong><br />(+12 for winning)
|raw|lobe.'s rating: 1347 &rarr; <strong>1335</strong><br />(-12 for losing)
