|j|☆Appleking123
|j|☆Gifwater
|t:|1653859060
|gametype|singles
|player|p1|Appleking123|hiker-gen4|
|player|p2|Gifwater|sanqua|
|teamsize|p1|6
|teamsize|p2|6
|gen|8
|tier|[Gen 8] UU
|rule|Sleep Clause Mod: Limit one foe put to sleep
|rule|Species Clause: Limit one of each Pokémon
|rule|OHKO Clause: OHKO moves are banned
|rule|Evasion Moves Clause: Evasion moves are banned
|rule|Endless Battle Clause: Forcing endless battles is banned
|rule|HP Percentage Mod: HP is shown in percentages
|rule|Dynamax Clause: You cannot dynamax
|clearpoke
|poke|p1|Rotom-Wash|
|poke|p1|Conkeldurr, M|
|poke|p1|Tangrowth, F|
|poke|p1|Chandelure, M|
|poke|p1|Lycanroc-Dusk, M|
|poke|p1|Chansey, F|
|poke|p2|Scizor, M|
|poke|p2|Hydreigon, F|
|poke|p2|Thundurus-Therian, M|
|poke|p2|Starmie|
|poke|p2|Hippowdon, F|
|poke|p2|Amoonguss, M|
|teampreview
|c|☆Gifwater|hf
|c|☆Appleking123|u 2
|
|t:|1653859083
|start
|switch|p1a: Washington|Rotom-Wash|100/100
|switch|p2a: Thundurus|Thundurus-Therian, M|100/100
|turn|1
|
|t:|1653859100
|switch|p1a: Egg|Chansey, F|100/100
|move|p2a: Thundurus|Volt Switch|p1a: Egg
|-damage|p1a: Egg|89/100
|
|t:|1653859114
|switch|p2a: Scizor|Scizor, M|100/100|[from]move: Volt Switch
|
|upkeep
|turn|2
|
|t:|1653859117
|switch|p1a: L A M P|Chandelure, M|100/100
|move|p2a: Scizor|Knock Off|p1a: L A M P
|-supereffective|p1a: L A M P
|-damage|p1a: L A M P|0 fnt
|-enditem|p1a: L A M P|Choice Scarf|[from] move: Knock Off|[of] p2a: Scizor
|faint|p1a: L A M P
|
|upkeep
|
|t:|1653859126
|switch|p1a: Spaghet|Tangrowth, F|100/100
|turn|3
|
|t:|1653859136
|move|p2a: Scizor|U-turn|p1a: Spaghet
|-supereffective|p1a: Spaghet
|-damage|p1a: Spaghet|55/100
|
|t:|1653859142
|switch|p2a: Amoonguss|Amoonguss, M|100/100|[from]move: U-turn
|move|p1a: Spaghet|Knock Off|p2a: Amoonguss
|-damage|p2a: Amoonguss|85/100
|-damage|p1a: Spaghet|39/100|[from] item: Rocky Helmet|[of] p2a: Amoonguss
|-enditem|p2a: Amoonguss|Rocky Helmet|[from] move: Knock Off|[of] p1a: Spaghet
|
|upkeep
|turn|4
|
|t:|1653859150
|switch|p1a: Egg|Chansey, F|89/100
|move|p2a: Amoonguss|Spore|p1a: Egg
|-status|p1a: Egg|slp|[from] move: Spore
|
|upkeep
|turn|5
|
|t:|1653859154
|-curestatus|p1a: Egg|slp|[from] ability: Natural Cure
|switch|p1a: Bonk!|Conkeldurr, M|100/100
|move|p2a: Amoonguss|Spore|p1a: Bonk!
|-status|p1a: Bonk!|slp|[from] move: Spore
|
|upkeep
|turn|6
|c|☆Gifwater|no bonk!
|
|t:|1653859166
|switch|p2a: Thundurus|Thundurus-Therian, M|100/100
|cant|p1a: Bonk!|slp
|
|upkeep
|turn|7
|c|☆Appleking123|see
|c|☆Appleking123|whyd they remove pursuit
|c|☆Appleking123|and not spore
|
|t:|1653859182
|switch|p1a: Egg|Chansey, F|89/100
|move|p2a: Thundurus|Volt Switch|p1a: Egg
|-damage|p1a: Egg|75/100
|
|t:|1653859187
|switch|p2a: Scizor|Scizor, M|100/100|[from]move: Volt Switch
|
|upkeep
|turn|8
|
|t:|1653859189
|switch|p1a: Washington|Rotom-Wash|100/100
|move|p2a: Scizor|Knock Off|p1a: Washington
|-damage|p1a: Washington|64/100
|-enditem|p1a: Washington|Leftovers|[from] move: Knock Off|[of] p2a: Scizor
|
|upkeep
|turn|9
|
|t:|1653859195
|switch|p2a: Amoonguss|Amoonguss, M|100/100
|move|p1a: Washington|Pain Split|p2a: Amoonguss
|-sethp|p2a: Amoonguss|73/100|[from] move: Pain Split|[silent]
|-sethp|p1a: Washington|100/100|[from] move: Pain Split
|
|upkeep
|turn|10
|
|t:|1653859198
|switch|p1a: Egg|Chansey, F|75/100
|move|p2a: Amoonguss|Sludge Bomb|p1a: Egg
|-damage|p1a: Egg|67/100
|
|upkeep
|turn|11
|
|t:|1653859203
|switch|p2a: Hippowdon|Hippowdon, F|100/100
|-weather|Sandstorm|[from] ability: Sand Stream|[of] p2a: Hippowdon
|move|p1a: Egg|Teleport|p1a: Egg
|
|t:|1653859207
|switch|p1a: Spaghet|Tangrowth, F|72/100|[from]move: Teleport
|
|-weather|Sandstorm|[upkeep]
|-damage|p1a: Spaghet|66/100|[from] Sandstorm
|upkeep
|turn|12
|
|t:|1653859212
|move|p2a: Hippowdon|Toxic|p1a: Spaghet
|-status|p1a: Spaghet|tox
|move|p1a: Spaghet|Sludge Bomb|p2a: Hippowdon
|-resisted|p2a: Hippowdon
|-damage|p2a: Hippowdon|90/100
|
|-weather|Sandstorm|[upkeep]
|-damage|p1a: Spaghet|60/100 tox|[from] Sandstorm
|-heal|p2a: Hippowdon|97/100|[from] item: Leftovers
|-damage|p1a: Spaghet|53/100 tox|[from] psn
|upkeep
|turn|13
|
|t:|1653859216
|switch|p1a: Bonk!|Conkeldurr, M|100/100 slp
|move|p2a: Hippowdon|Stealth Rock|p1a: Bonk!
|-sidestart|p1: Appleking123|move: Stealth Rock
|
|-weather|Sandstorm|[upkeep]
|-damage|p1a: Bonk!|95/100 slp|[from] Sandstorm
|-heal|p2a: Hippowdon|100/100|[from] item: Leftovers
|upkeep
|turn|14
|
|t:|1653859224
|cant|p1a: Bonk!|slp
|move|p2a: Hippowdon|Earthquake|p1a: Bonk!
|-damage|p1a: Bonk!|56/100 slp
|
|-weather|Sandstorm|[upkeep]
|-damage|p1a: Bonk!|50/100 slp|[from] Sandstorm
|upkeep
|turn|15
|
|t:|1653859230
|-curestatus|p1a: Bonk!|slp|[msg]
|move|p1a: Bonk!|Knock Off|p2a: Hippowdon
|-damage|p2a: Hippowdon|78/100
|-enditem|p2a: Hippowdon|Leftovers|[from] move: Knock Off|[of] p1a: Bonk!
|move|p2a: Hippowdon|Earthquake|p1a: Bonk!
|-damage|p1a: Bonk!|10/100
|
|-weather|none
|-status|p1a: Bonk!|brn|[from] item: Flame Orb
|upkeep
|turn|16
|
|t:|1653859236
|move|p1a: Bonk!|Facade|p2a: Hippowdon
|-damage|p2a: Hippowdon|25/100
|move|p2a: Hippowdon|Earthquake|p1a: Bonk!
|-damage|p1a: Bonk!|0 fnt
|faint|p1a: Bonk!
|
|upkeep
|c|☆Appleking123|yeah u lose
|c|☆Appleking123|i
|c|☆Appleking123|i lose
|c|☆Appleking123|fat finger
|
|t:|1653859251
|switch|p1a: Washington|Rotom-Wash|100/100
|-damage|p1a: Washington|88/100|[from] Stealth Rock
|turn|17
|c|☆Gifwater|lmao
|c|☆Gifwater|i know the fat finger feel
|c|☆Appleking123|should i even bother
|c|☆Gifwater|idk
|c|☆Gifwater|don't think i'll choke this tbh
|c|☆Appleking123|cant kill amoongus now
|c|☆Appleking123|so
|c|☆Gifwater|since i can just pivot amoonguss
|c|☆Appleking123|im just gonna
|c|☆Gifwater|always
|-message|Appleking123 forfeited.
|
|win|Gifwater
|c|☆Gifwater|yeh
|l|☆Appleking123
