|j|☆onlyvert
|j|☆2.6k player
|t:|1612821974
|player|p1|onlyvert|pokemonbreeder-gen4|1187
|player|p2|2.6k player|misty|1114
|teamsize|p1|6
|teamsize|p2|6
|gametype|singles
|gen|8
|tier|[Gen 8] UU
|rated|
|clearpoke
|poke|p1|Audino, M|
|poke|p1|Salamence, M|
|poke|p1|Slowking, M|
|poke|p1|Conkeldurr, F|
|poke|p1|Obstagoon, M|
|poke|p1|Chandelure, F|
|poke|p2|Magnezone|
|poke|p2|Crawdaunt, F|
|poke|p2|Thundurus-Therian, M|
|poke|p2|Nihilego|
|poke|p2|Conkeldurr, F|
|poke|p2|Mew|
|rule|Sleep Clause Mod: Limit one foe put to sleep
|rule|Species Clause: Limit one of each Pokémon
|rule|OHKO Clause: OHKO moves are banned
|rule|Evasion Moves Clause: Evasion moves are banned
|rule|Endless Battle Clause: Forcing endless battles is banned
|rule|HP Percentage Mod: HP is shown in percentages
|rule|Dynamax Clause: You cannot dynamax
|teampreview
|c|☆2.6k player|GL HF my dear UwU :3
|c|☆onlyvert|yo wat
|c|☆2.6k player|OwO
|c|☆onlyvert|no
|c|☆2.6k player|:(
|inactive|Battle timer is ON: inactive players will automatically lose when time's up. (requested by onlyvert)
|
|t:|1612822010
|start
|switch|p1a: Obstagoon|Obstagoon, M|100/100
|switch|p2a: Sailor Waifuu|Nihilego, shiny|100/100
|turn|1
|
|t:|1612822024
|move|p2a: Sailor Waifuu|Meteor Beam||[still]
|-prepare|p2a: Sailor Waifuu|Meteor Beam
|-boost|p2a: Sailor Waifuu|spa|1
|-enditem|p2a: Sailor Waifuu|Power Herb
|-anim|p2a: Sailor Waifuu|Meteor Beam|p1a: Obstagoon
|-damage|p1a: Obstagoon|0 fnt
|faint|p1a: Obstagoon
|-ability|p2a: Sailor Waifuu|Beast Boost|boost
|-boost|p2a: Sailor Waifuu|spa|1
|
|upkeep
|
|t:|1612822032
|switch|p1a: Slowking|Slowking, M|100/100
|turn|2
|
|t:|1612822037
|move|p2a: Sailor Waifuu|Sludge Wave|p1a: Slowking
|-damage|p1a: Slowking|46/100
|move|p1a: Slowking|Future Sight|p2a: Sailor Waifuu
|-start|p1a: Slowking|move: Future Sight
|
|upkeep
|turn|3
|
|t:|1612822043
|switch|p1a: Audino|Audino, M|100/100
|move|p2a: Sailor Waifuu|Sludge Wave|p1a: Audino
|-damage|p1a: Audino|5/100
|-status|p1a: Audino|psn
|
|-heal|p1a: Audino|11/100 psn|[from] item: Leftovers
|-damage|p1a: Audino|0 fnt|[from] psn
|faint|p1a: Audino
|upkeep
|
|t:|1612822053
|switch|p1a: Conkeldurr|Conkeldurr, F|100/100
|turn|4
|
|t:|1612822061
|move|p2a: Sailor Waifuu|Psyshock|p1a: Conkeldurr
|-supereffective|p1a: Conkeldurr
|-damage|p1a: Conkeldurr|0 fnt
|faint|p1a: Conkeldurr
|-ability|p2a: Sailor Waifuu|Beast Boost|boost
|-boost|p2a: Sailor Waifuu|spa|1
|
|-end|p2a: Sailor Waifuu|move: Future Sight
|-supereffective|p2a: Sailor Waifuu
|-damage|p2a: Sailor Waifuu|40/100
|upkeep
|c|☆onlyvert|run a fucking train on me jesus
|c|☆2.6k player|gg
|
|t:|1612822076
|switch|p1a: Salamence|Salamence, M|100/100
|turn|5
|
|t:|1612822083
|move|p2a: Sailor Waifuu|Sludge Wave|p1a: Salamence
|-damage|p1a: Salamence|0 fnt
|faint|p1a: Salamence
|-ability|p2a: Sailor Waifuu|Beast Boost|boost
|-boost|p2a: Sailor Waifuu|spa|1
|
|upkeep
|c|☆2.6k player|lolilicious
|
|t:|1612822089
|switch|p1a: Chandelure|Chandelure, F|100/100
|turn|6
|
|t:|1612822093
|move|p1a: Chandelure|Shadow Ball|p2a: Sailor Waifuu
|-damage|p2a: Sailor Waifuu|9/100
|-unboost|p2a: Sailor Waifuu|spd|1
|move|p2a: Sailor Waifuu|Sludge Wave|p1a: Chandelure
|-resisted|p1a: Chandelure
|-damage|p1a: Chandelure|4/100
|
|upkeep
|turn|7
|
|t:|1612822109
|switch|p2a: Cutie UwU|Crawdaunt, F|100/100
|move|p1a: Chandelure|Shadow Ball|p2a: Cutie UwU
|-resisted|p2a: Cutie UwU
|-damage|p2a: Cutie UwU|64/100
|
|upkeep
|turn|8
|c|☆onlyvert|chande reverse sweep??!!??
|
|t:|1612822116
|switch|p1a: Slowking|Slowking, M|79/100
|move|p2a: Cutie UwU|Knock Off|p1a: Slowking
|-supereffective|p1a: Slowking
|-damage|p1a: Slowking|0 fnt
|-enditem|p1a: Slowking|Heavy-Duty Boots|[from] move: Knock Off|[of] p2a: Cutie UwU
|faint|p1a: Slowking
|
|upkeep
|c|☆2.6k player|close
|
|t:|1612822124
|switch|p1a: Chandelure|Chandelure, F|4/100
|turn|9
|c|☆onlyvert|lol
|
|t:|1612822128
|move|p1a: Chandelure|Energy Ball|p2a: Cutie UwU
|-supereffective|p2a: Cutie UwU
|-damage|p2a: Cutie UwU|0 fnt
|faint|p2a: Cutie UwU
|
|upkeep
|
|t:|1612822132
|switch|p2a: Beep Beep|Magnezone|100/100
|turn|10
|
|t:|1612822135
|move|p1a: Chandelure|Energy Ball|p2a: Beep Beep
|-resisted|p2a: Beep Beep
|-damage|p2a: Beep Beep|78/100
|move|p2a: Beep Beep|Teleport|p2a: Beep Beep
|c|☆2.6k player|UwU
|
|t:|1612822143
|switch|p2a: Kitty Cat <3|Mew|100/100|[from]move: Teleport
|
|upkeep
|turn|11
|c|☆onlyvert|nah
|-message|onlyvert forfeited.
|
|win|2.6k player
|l|☆onlyvert
