|j|☆Liz Angeles
|j|☆MegaTotomon
|t:|1665188755
|gametype|singles
|player|p1|Liz Angeles|marley|1455
|player|p2|MegaTotomon|fantina|1624
|teamsize|p1|6
|teamsize|p2|6
|gen|8
|tier|[Gen 8] UU
|rated|
|rule|Sleep Clause Mod: Limit one foe put to sleep
|rule|Species Clause: Limit one of each Pokémon
|rule|OHKO Clause: OHKO moves are banned
|rule|Evasion Items Clause: Evasion items are banned
|rule|Evasion Moves Clause: Evasion moves are banned
|rule|Endless Battle Clause: Forcing endless battles is banned
|rule|HP Percentage Mod: HP is shown in percentages
|rule|Dynamax Clause: You cannot dynamax
|clearpoke
|poke|p1|Chansey, F|
|poke|p1|Regieleki|
|poke|p1|Golisopod, F|
|poke|p1|Cobalion|
|poke|p1|Salamence, M|
|poke|p1|Zygarde-10%|
|poke|p2|Nihilego|
|poke|p2|Skarmory, M|
|poke|p2|Articuno-Galar|
|poke|p2|Primarina, M|
|poke|p2|Dhelmise|
|poke|p2|Diggersby, M|
|teampreview
|c|☆Liz Angeles|Yes
|c|☆Liz Angeles|My one chance for revenge
|j| scrimzn
|j| amogusroxyrrrr
|j| StarFalcon555
|c|☆MegaTotomon|glhf
|c|☆Liz Angeles|hf
|j| Sirwings
|c| amogusroxyrrrr|GODPOD!!!!!!!!!!!!!!!!!!!!!!!!!!!!!!!!!!!!!!!!!!!!!!
|
|t:|1665188796
|start
|switch|p1a: Godpod|Golisopod, F|100/100
|switch|p2a: Nihilego|Nihilego|100/100
|turn|1
|
|t:|1665188809
|switch|p1a: Cobalion|Cobalion|100/100
|move|p2a: Nihilego|Stealth Rock|p1a: Cobalion
|-sidestart|p1: Liz Angeles|move: Stealth Rock
|
|upkeep
|turn|2
|
|t:|1665188824
|switch|p2a: Skarmory|Skarmory, M|100/100
|move|p1a: Cobalion|Stealth Rock|p2a: Skarmory
|-sidestart|p2: MegaTotomon|move: Stealth Rock
|
|upkeep
|turn|3
|
|t:|1665188829
|move|p1a: Cobalion|Volt Switch|p2a: Skarmory
|-supereffective|p2a: Skarmory
|-damage|p2a: Skarmory|67/100
|
|t:|1665188831
|switch|p1a: Regijesus|Regieleki|100/100|[from]move: Volt Switch
|move|p2a: Skarmory|Spikes|p1a: Regijesus
|-sidestart|p1: Liz Angeles|Spikes
|
|upkeep
|turn|4
|
|t:|1665188836
|switch|p2a: Dhelmise|Dhelmise|100/100
|move|p1a: Regijesus|Rapid Spin|p2a: Dhelmise
|-immune|p2a: Dhelmise
|
|upkeep
|turn|5
|
|t:|1665188845
|move|p1a: Regijesus|Volt Switch|p2a: Dhelmise
|-resisted|p2a: Dhelmise
|-damage|p2a: Dhelmise|81/100
|
|t:|1665188862
|switch|p1a: Cobalion|Cobalion|100/100|[from]move: Volt Switch
|-damage|p1a: Cobalion|97/100|[from] Stealth Rock
|-damage|p1a: Cobalion|85/100|[from] Spikes
|move|p2a: Dhelmise|Rapid Spin|p1a: Cobalion
|-resisted|p1a: Cobalion
|-damage|p1a: Cobalion|78/100
|-boost|p2a: Dhelmise|spe|1
|-damage|p2a: Dhelmise|64/100|[from] item: Rocky Helmet|[of] p1a: Cobalion
|-sideend|p2: MegaTotomon|Stealth Rock|[from] move: Rapid Spin|[of] p2a: Dhelmise
|
|upkeep
|turn|6
|
|t:|1665188873
|switch|p2a: Primarina|Primarina, M|100/100
|move|p1a: Cobalion|Toxic|p2a: Primarina
|-status|p2a: Primarina|tox
|
|-damage|p2a: Primarina|95/100 tox|[from] psn
|upkeep
|turn|7
|
|t:|1665188894
|switch|p2a: Diggersby|Diggersby, M|100/100
|move|p1a: Cobalion|Volt Switch|p2a: Diggersby
|-immune|p2a: Diggersby
|
|upkeep
|turn|8
|
|t:|1665188909
|move|p2a: Diggersby|Earthquake|p1a: Cobalion
|-supereffective|p1a: Cobalion
|-damage|p1a: Cobalion|0 fnt
|faint|p1a: Cobalion
|
|upkeep
|c|☆Liz Angeles|I'm ass
|
|t:|1665188921
|switch|p1a: Salamence|Salamence, M|100/100
|-ability|p1a: Salamence|Intimidate|boost
|-unboost|p2a: Diggersby|atk|1
|turn|9
|
|t:|1665188939
|switch|p2a: Articuno|Articuno-Galar|100/100
|switch|p1a: Zygarde|Zygarde-10%|100/100
|-damage|p1a: Zygarde|94/100|[from] Stealth Rock
|-damage|p1a: Zygarde|82/100|[from] Spikes
|-ability|p1a: Zygarde|Aura Break
|
|upkeep
|turn|10
|c| scrimzn|if this is defog mence
|c| scrimzn|im gonna make surprised pikachu face irl
|
|t:|1665188954
|switch|p1a: Chansey|Chansey, F|100/100
|-damage|p1a: Chansey|88/100|[from] Stealth Rock
|-damage|p1a: Chansey|76/100|[from] Spikes
|move|p2a: Articuno|Psyshock|p1a: Chansey
|-damage|p1a: Chansey|49/100
|
|upkeep
|turn|11
|
|t:|1665188962
|switch|p2a: Nihilego|Nihilego|100/100
|move|p1a: Chansey|Soft-Boiled|p1a: Chansey
|-heal|p1a: Chansey|99/100
|
|upkeep
|turn|12
|
|t:|1665188968
|move|p2a: Nihilego|Knock Off|p1a: Chansey
|-damage|p1a: Chansey|91/100
|-enditem|p1a: Chansey|Eviolite|[from] move: Knock Off|[of] p2a: Nihilego
|move|p1a: Chansey|Teleport|p1a: Chansey
|
|t:|1665188974
|switch|p1a: Regijesus|Regieleki|100/100|[from]move: Teleport
|
|upkeep
|turn|13
|c| scrimzn|ok gartic huge
|
|t:|1665188981
|move|p1a: Regijesus|Volt Switch|p2a: Nihilego
|-damage|p2a: Nihilego|69/100
|
|t:|1665188989
|switch|p1a: Chansey|Chansey, F|91/100|[from]move: Volt Switch
|-damage|p1a: Chansey|79/100|[from] Stealth Rock
|-damage|p1a: Chansey|67/100|[from] Spikes
|move|p2a: Nihilego|Sludge Bomb|p1a: Chansey
|-damage|p1a: Chansey|48/100
|
|-heal|p2a: Nihilego|75/100|[from] item: Black Sludge
|upkeep
|turn|14
|
|t:|1665188998
|switch|p2a: Diggersby|Diggersby, M|100/100
|move|p1a: Chansey|Soft-Boiled|p1a: Chansey
|-heal|p1a: Chansey|98/100
|
|upkeep
|turn|15
|c|☆Liz Angeles|Why did I try and snipe with this of all teams
|
|t:|1665189022
|switch|p1a: Salamence|Salamence, M|100/100
|-ability|p1a: Salamence|Intimidate|boost
|-unboost|p2a: Diggersby|atk|1
|move|p2a: Diggersby|U-turn|p1a: Salamence
|-resisted|p1a: Salamence
|-damage|p1a: Salamence|93/100
|
|t:|1665189028
|switch|p2a: Nihilego|Nihilego|75/100|[from]move: U-turn
|
|-heal|p2a: Nihilego|81/100|[from] item: Black Sludge
|upkeep
|turn|16
|
|t:|1665189034
|switch|p2a: Diggersby|Diggersby, M|100/100
|switch|p1a: Chansey|Chansey, F|98/100
|-damage|p1a: Chansey|86/100|[from] Stealth Rock
|-damage|p1a: Chansey|73/100|[from] Spikes
|
|upkeep
|turn|17
|
|t:|1665189048
|switch|p1a: Salamence|Salamence, M|93/100
|-ability|p1a: Salamence|Intimidate|boost
|-unboost|p2a: Diggersby|atk|1
|move|p2a: Diggersby|U-turn|p1a: Salamence
|-resisted|p1a: Salamence
|-damage|p1a: Salamence|86/100
|
|t:|1665189054
|switch|p2a: Nihilego|Nihilego|81/100|[from]move: U-turn
|
|-heal|p2a: Nihilego|87/100|[from] item: Black Sludge
|upkeep
|turn|18
|
|t:|1665189062
|switch|p1a: Chansey|Chansey, F|73/100
|-damage|p1a: Chansey|61/100|[from] Stealth Rock
|-damage|p1a: Chansey|48/100|[from] Spikes
|move|p2a: Nihilego|Power Gem|p1a: Chansey
|-damage|p1a: Chansey|30/100
|
|-heal|p2a: Nihilego|93/100|[from] item: Black Sludge
|upkeep
|turn|19
|
|t:|1665189069
|switch|p2a: Skarmory|Skarmory, M|67/100
|move|p1a: Chansey|Soft-Boiled|p1a: Chansey
|-heal|p1a: Chansey|80/100
|
|upkeep
|turn|20
|
|t:|1665189075
|switch|p1a: Regijesus|Regieleki|100/100
|move|p2a: Skarmory|Body Press|p1a: Regijesus
|-damage|p1a: Regijesus|46/100
|
|upkeep
|turn|21
|
|t:|1665189082
|switch|p2a: Diggersby|Diggersby, M|100/100
|move|p1a: Regijesus|Electro Ball|p2a: Diggersby
|-immune|p2a: Diggersby
|
|upkeep
|turn|22
|c| scrimzn|gartic would have 2hko there
|
|t:|1665189096
|move|p1a: Regijesus|Rapid Spin|p2a: Diggersby
|-damage|p2a: Diggersby|86/100
|-boost|p1a: Regijesus|spe|1
|-sideend|p1: Liz Angeles|Spikes|[from] move: Rapid Spin|[of] p1a: Regijesus
|-sideend|p1: Liz Angeles|Stealth Rock|[from] move: Rapid Spin|[of] p1a: Regijesus
|move|p2a: Diggersby|U-turn|p1a: Regijesus
|-damage|p1a: Regijesus|0 fnt
|faint|p1a: Regijesus
|
|t:|1665189106
|switch|p2a: Articuno|Articuno-Galar|100/100|[from]move: U-turn
|
|upkeep
|
|t:|1665189113
|switch|p1a: Chansey|Chansey, F|80/100
|turn|23
|
|t:|1665189119
|switch|p2a: Skarmory|Skarmory, M|67/100
|switch|p1a: Zygarde|Zygarde-10%|82/100
|-ability|p1a: Zygarde|Aura Break
|
|upkeep
|turn|24
|
|t:|1665189131
|move|p1a: Zygarde|Thousand Arrows|p2a: Skarmory
|-damage|p2a: Skarmory|30/100
|-start|p2a: Skarmory|Smack Down
|move|p2a: Skarmory|Iron Defense|p2a: Skarmory
|-boost|p2a: Skarmory|def|2
|
|upkeep
|turn|25
|c|☆MegaTotomon|ok
|
|t:|1665189144
|switch|p2a: Primarina|Primarina, M|95/100 tox
|move|p1a: Zygarde|Thousand Arrows|p2a: Primarina
|-damage|p2a: Primarina|9/100 tox
|
|-heal|p2a: Primarina|15/100 tox|[from] item: Leftovers
|-damage|p2a: Primarina|9/100 tox|[from] psn
|upkeep
|turn|26
|
|t:|1665189148
|move|p1a: Zygarde|Thousand Arrows|p2a: Primarina
|-damage|p2a: Primarina|0 fnt
|faint|p2a: Primarina
|
|upkeep
|
|t:|1665189152
|switch|p2a: Diggersby|Diggersby, M|86/100
|turn|27
|c| scrimzn|um
|l| amogusroxyrrrr
|c| scrimzn|dhelmise is our zygarde switchin
|c| scrimzn|isnt it
|c|☆MegaTotomon|im thrpwing ikkkkk
|
|t:|1665189175
|switch|p1a: Salamence|Salamence, M|86/100
|-ability|p1a: Salamence|Intimidate|boost
|-unboost|p2a: Diggersby|atk|1
|move|p2a: Diggersby|Body Slam|p1a: Salamence
|-damage|p1a: Salamence|59/100
|-status|p1a: Salamence|par
|
|upkeep
|turn|28
|
|t:|1665189186
|switch|p1a: Zygarde|Zygarde-10%|82/100
|-ability|p1a: Zygarde|Aura Break
|move|p2a: Diggersby|Body Slam|p1a: Zygarde
|-damage|p1a: Zygarde|13/100
|
|upkeep
|turn|29
|
|t:|1665189194
|switch|p1a: Godpod|Golisopod, F|100/100
|move|p2a: Diggersby|Body Slam|p1a: Godpod
|-damage|p1a: Godpod|74/100
|
|upkeep
|turn|30
|
|t:|1665189201
|switch|p2a: Articuno|Articuno-Galar|100/100
|move|p1a: Godpod|Spikes|p2a: Articuno
|-sidestart|p2: MegaTotomon|Spikes
|
|upkeep
|turn|31
|c| scrimzn|gartic can legit sweep
|
|t:|1665189210
|switch|p1a: Chansey|Chansey, F|80/100
|move|p2a: Articuno|Psyshock|p1a: Chansey
|-damage|p1a: Chansey|39/100
|
|upkeep
|turn|32
|j| amogusroxyrrrr
|c| scrimzn|YOOO
|c| scrimzn|the 2hko
|c|☆MegaTotomon|can we get much higher
|c|☆Liz Angeles|yo why is this shit so strong
|
|t:|1665189227
|move|p2a: Articuno|Psyshock|p1a: Chansey
|-damage|p1a: Chansey|0 fnt
|faint|p1a: Chansey
|
|upkeep
|
|t:|1665189237
|switch|p1a: Godpod|Golisopod, F|74/100
|turn|33
|c| scrimzn|get killed by CALCS LIZ
|c|☆Liz Angeles|Miss
|
|t:|1665189249
|switch|p2a: Skarmory|Skarmory, M|30/100
|move|p1a: Godpod|Knock Off|p2a: Skarmory
|-damage|p2a: Skarmory|9/100
|-damage|p1a: Godpod|57/100|[from] item: Rocky Helmet|[of] p2a: Skarmory
|-enditem|p2a: Skarmory|Rocky Helmet|[from] move: Knock Off|[of] p1a: Godpod
|
|upkeep
|turn|34
|c| StarFalcon555|THE ONE PIECE
|c| StarFalcon555|THE ONE PIECE IS REAAAAAAAAAAAAAAAAL
|
|t:|1665189273
|switch|p1a: Zygarde|Zygarde-10%|13/100
|-ability|p1a: Zygarde|Aura Break
|move|p2a: Skarmory|Spikes|p1a: Zygarde
|-sidestart|p1: Liz Angeles|Spikes
|
|upkeep
|turn|35
|
|t:|1665189277
|move|p1a: Zygarde|Thousand Arrows|p2a: Skarmory
|-damage|p2a: Skarmory|0 fnt
|faint|p2a: Skarmory
|
|upkeep
|
|t:|1665189280
|switch|p2a: Diggersby|Diggersby, M|86/100
|-damage|p2a: Diggersby|73/100|[from] Spikes
|turn|36
|
|t:|1665189291
|switch|p1a: Salamence|Salamence, M|59/100 par
|-ability|p1a: Salamence|Intimidate|boost
|-unboost|p2a: Diggersby|atk|1
|move|p2a: Diggersby|U-turn|p1a: Salamence
|-resisted|p1a: Salamence
|-damage|p1a: Salamence|51/100 par
|c| scrimzn|i think
|c|☆MegaTotomon|ok nihi is the optimal move
|c| scrimzn|gartic kill
|c|☆MegaTotomon|but i RLYYY NEED
|c|☆MegaTotomon|gartic to do smth
|
|t:|1665189320
|switch|p2a: Articuno|Articuno-Galar|100/100|[from]move: U-turn
|
|upkeep
|turn|37
|c| scrimzn|dont miss
|
|t:|1665189330
|move|p2a: Articuno|Psyshock|p1a: Salamence
|-damage|p1a: Salamence|18/100 par
|cant|p1a: Salamence|par
|
|upkeep
|turn|38
|c|☆MegaTotomon|yep
|c| scrimzn|lol
|c|☆Liz Angeles|bg
|c| scrimzn|cane not psyshock XD
|c|☆MegaTotomon|mb and gg
|c|☆Liz Angeles|Imagine being this lucky and bad
|c| StarFalcon555|have u guys watched one piece
|c|☆MegaTotomon|no
|c|☆Liz Angeles|I just won with no full para
|c| scrimzn|well its not like
|c|☆Liz Angeles|jk
|c|☆Liz Angeles|gg
|c| scrimzn|mence kills gartic ever anyway
|c| scrimzn|so shock is fine
|-message|Liz Angeles forfeited.
|
|win|MegaTotomon
|raw|Liz Angeles's rating: 1455 &rarr; <strong>1444</strong><br />(-11 for losing)
|raw|MegaTotomon's rating: 1624 &rarr; <strong>1635</strong><br />(+11 for winning)
|c| Sirwings|toxic mence wins
|c| Sirwings|the brokens
|c|☆Liz Angeles|unfortunately
|c|☆MegaTotomon|shocked emoji face shocked emoji face
|c|☆Liz Angeles|I'm the rare wish mence
|c|☆Liz Angeles|wish roost hurricane
|c|☆Liz Angeles|flamethrower
|c| scrimzn|ye
||Ladder isn't responding, score probably updated but might not have (Request timeout).
|c|☆Liz Angeles|Awful set
|c| scrimzn|nothing can kill gartic there
|l| Sirwings
|c|☆Liz Angeles|Hurricane confusion gg
|c| scrimzn|i think hurricane barely does 50%
|l| StarFalcon555
|j| StarFalcon555
|l| StarFalcon555
|l| amogusroxyrrrr
|l|☆Liz Angeles
|l| scrimzn
