|j|☆Grantorismo
|j|☆galactest bro !
|player|p1|Grantorismo|266|1500
|player|p2|galactest bro !|250|1550
|teamsize|p1|6
|teamsize|p2|6
|gametype|singles
|gen|8
|tier|[Gen 8] UU
|rated|
|clearpoke
|poke|p1|Weezing-Galar, F|
|poke|p1|Reuniclus, F|
|poke|p1|Golisopod, M|
|poke|p1|Pangoro, F|
|poke|p1|Flygon, M|
|poke|p1|Cobalion|
|poke|p2|Gigalith, M|
|poke|p2|Machamp, F|
|poke|p2|Celebi|
|poke|p2|Doublade, M|
|poke|p2|Gastrodon, M|
|poke|p2|Weezing-Galar, M|
|rule|Sleep Clause Mod: Limit one foe put to sleep
|rule|Species Clause: Limit one of each Pokémon
|rule|OHKO Clause: OHKO moves are banned
|rule|Evasion Moves Clause: Evasion moves are banned
|rule|Endless Battle Clause: Forcing endless battles is banned
|rule|HP Percentage Mod: HP is shown in percentages
|rule|Dynamax Clause: You cannot dynamax
|teampreview
|
|start
|switch|p1a: Flygon|Flygon, M|100/100
|switch|p2a: Repousse J+7 bro !|Gigalith, M|100/100
|-weather|Sandstorm|[from] ability: Sand Stream|[of] p2a: Repousse J+7 bro !
|turn|1
|
|move|p1a: Flygon|Earthquake|p2a: Repousse J+7 bro !
|-supereffective|p2a: Repousse J+7 bro !
|-damage|p2a: Repousse J+7 bro !|0 fnt
|faint|p2a: Repousse J+7 bro !
|
|-weather|Sandstorm|[upkeep]
|upkeep
|
|switch|p2a: Hangover bro !|Weezing-Galar, M|100/100
|turn|2
|
|switch|p1a: Reuniclus|Reuniclus, F|100/100
|move|p2a: Hangover bro !|Toxic Spikes|p1a: Reuniclus
|-sidestart|p1: Grantorismo|move: Toxic Spikes
|
|-weather|Sandstorm|[upkeep]
|-damage|p2a: Hangover bro !|95/100|[from] Sandstorm
|-damage|p1a: Reuniclus|94/100|[from] Sandstorm
|-heal|p2a: Hangover bro !|100/100|[from] item: Black Sludge
|upkeep
|turn|3
|
|switch|p2a: Lutin bro !|Celebi|100/100
|move|p1a: Reuniclus|Future Sight|p2a: Lutin bro !
|-start|p1a: Reuniclus|move: Future Sight
|
|-weather|Sandstorm|[upkeep]
|-damage|p2a: Lutin bro !|94/100|[from] Sandstorm
|-damage|p1a: Reuniclus|88/100|[from] Sandstorm
|-heal|p2a: Lutin bro !|100/100|[from] item: Leftovers
|upkeep
|turn|4
|
|move|p2a: Lutin bro !|Nasty Plot|p2a: Lutin bro !
|-boost|p2a: Lutin bro !|spa|2
|move|p1a: Reuniclus|Knock Off|p2a: Lutin bro !
|-supereffective|p2a: Lutin bro !
|-damage|p2a: Lutin bro !|71/100
|-enditem|p2a: Lutin bro !|Leftovers|[from] move: Knock Off|[of] p1a: Reuniclus
|
|-weather|Sandstorm|[upkeep]
|-damage|p2a: Lutin bro !|65/100|[from] Sandstorm
|-damage|p1a: Reuniclus|82/100|[from] Sandstorm
|upkeep
|turn|5
|
|move|p2a: Lutin bro !|Giga Drain|p1a: Reuniclus
|-damage|p1a: Reuniclus|51/100
|-heal|p2a: Lutin bro !|84/100|[from] drain|[of] p1a: Reuniclus
|move|p1a: Reuniclus|Psychic|p2a: Lutin bro !
|-resisted|p2a: Lutin bro !
|-damage|p2a: Lutin bro !|61/100
|
|-weather|none
|-end|p2a: Lutin bro !|move: Future Sight
|-resisted|p2a: Lutin bro !
|-damage|p2a: Lutin bro !|30/100
|upkeep
|turn|6
|
|switch|p1a: Golisopod|Golisopod, M|100/100
|move|p2a: Lutin bro !|Giga Drain|p1a: Golisopod
|-damage|p1a: Golisopod|26/100
|-heal|p2a: Lutin bro !|69/100|[from] drain|[of] p1a: Golisopod
|-activate|p1a: Golisopod|ability: Emergency Exit
|
|switch|p1a: Flygon|Flygon, M|100/100
|
|upkeep
|turn|7
|
|switch|p2a: SLuuuuurp bro !|Gastrodon, M|100/100
|move|p1a: Flygon|First Impression|p2a: SLuuuuurp bro !
|-damage|p2a: SLuuuuurp bro !|73/100
|-damage|p1a: Flygon|84/100|[from] item: Rocky Helmet|[of] p2a: SLuuuuurp bro !
|
|upkeep
|turn|8
|
|switch|p1a: Weezing|Weezing-Galar, F|100/100
|switch|p2a: Stéroïde bro !|Machamp, F|100/100
|
|-status|p2a: Stéroïde bro !|brn|[from] item: Flame Orb
|upkeep
|turn|9
|j| Skank Lgionz
|inactive|Battle timer is ON: inactive players will automatically lose when time's up. (requested by Grantorismo)
|l| Skank Lgionz
|
|switch|p2a: Lutin bro !|Celebi|69/100
|move|p1a: Weezing|Defog|p2a: Lutin bro !
|-unboost|p2a: Lutin bro !|evasion|1
|-sideend|p1: Grantorismo|Toxic Spikes|[from] move: Defog|[of] p1a: Weezing
|
|upkeep
|turn|10
|inactive|Grantorismo has 120 seconds left.
|
|switch|p1a: Pangoro|Pangoro, F|100/100
|move|p2a: Lutin bro !|Psychic|p1a: Pangoro
|-immune|p1a: Pangoro
|
|upkeep
|turn|11
|inactive|Grantorismo has 120 seconds left.
|
|switch|p2a: Hangover bro !|Weezing-Galar, M|100/100
|move|p1a: Pangoro|Knock Off|p2a: Hangover bro !
|-resisted|p2a: Hangover bro !
|-damage|p2a: Hangover bro !|76/100
|-enditem|p2a: Hangover bro !|Black Sludge|[from] move: Knock Off|[of] p1a: Pangoro
|-damage|p1a: Pangoro|91/100|[from] item: Life Orb
|
|upkeep
|turn|12
|inactive|Grantorismo has 120 seconds left.
|j| Skank Lgionz
|
|switch|p1a: Weezing|Weezing-Galar, F|100/100
|move|p2a: Hangover bro !|Toxic Spikes|p1a: Weezing
|-sidestart|p1: Grantorismo|move: Toxic Spikes
|
|upkeep
|turn|13
|
|move|p2a: Hangover bro !|Strange Steam|p1a: Weezing
|-resisted|p1a: Weezing
|-damage|p1a: Weezing|80/100
|move|p1a: Weezing|Defog|p2a: Hangover bro !
|-unboost|p2a: Hangover bro !|evasion|1
|-sideend|p1: Grantorismo|Toxic Spikes|[from] move: Defog|[of] p1a: Weezing
|
|-heal|p1a: Weezing|86/100|[from] item: Black Sludge
|upkeep
|turn|14
|inactive|Grantorismo has 120 seconds left.
|
|move|p2a: Hangover bro !|Strange Steam|p1a: Weezing
|-resisted|p1a: Weezing
|-damage|p1a: Weezing|68/100
|move|p1a: Weezing|Sludge Bomb|p2a: Hangover bro !
|-damage|p2a: Hangover bro !|26/100
|
|-heal|p1a: Weezing|75/100|[from] item: Black Sludge
|upkeep
|turn|15
|
|move|p2a: Hangover bro !|Toxic Spikes|p1a: Weezing
|-sidestart|p1: Grantorismo|move: Toxic Spikes
|move|p1a: Weezing|Fire Blast|p2a: Hangover bro !
|-damage|p2a: Hangover bro !|0 fnt
|faint|p2a: Hangover bro !
|
|-heal|p1a: Weezing|81/100|[from] item: Black Sludge
|upkeep
|
|switch|p2a: Lutin bro !|Celebi|69/100
|turn|16
|inactive|Grantorismo has 120 seconds left.
|
|switch|p2a: Stéroïde bro !|Machamp, F|100/100 brn
|switch|p1a: Cobalion|Cobalion|100/100
|
|-damage|p2a: Stéroïde bro !|94/100 brn|[from] brn
|upkeep
|turn|17
|inactive|Grantorismo has 120 seconds left.
|
|move|p1a: Cobalion|Volt Switch|p2a: Stéroïde bro !
|-damage|p2a: Stéroïde bro !|78/100 brn
|
|switch|p1a: Weezing|Weezing-Galar, F|81/100|[from]move: Volt Switch
|move|p2a: Stéroïde bro !|Close Combat|p1a: Weezing
|-resisted|p1a: Weezing
|-damage|p1a: Weezing|58/100
|-unboost|p2a: Stéroïde bro !|def|1
|-unboost|p2a: Stéroïde bro !|spd|1
|
|-heal|p1a: Weezing|64/100|[from] item: Black Sludge
|-damage|p2a: Stéroïde bro !|72/100 brn|[from] brn
|upkeep
|turn|18
|
|move|p2a: Stéroïde bro !|Facade|p1a: Weezing
|-damage|p1a: Weezing|0 fnt
|faint|p1a: Weezing
|
|-damage|p2a: Stéroïde bro !|65/100 brn|[from] brn
|upkeep
|inactive|Grantorismo has 90 seconds left.
|
|switch|p1a: Flygon|Flygon, M|84/100
|turn|19
|inactive|galactest bro ! has 120 seconds left.
|
|switch|p2a: Lutin bro !|Celebi|69/100
|move|p1a: Flygon|Earthquake|p2a: Lutin bro !
|-resisted|p2a: Lutin bro !
|-damage|p2a: Lutin bro !|38/100
|
|upkeep
|turn|20
|inactive|Grantorismo has 60 seconds left.
|
|switch|p1a: Cobalion|Cobalion|100/100
|move|p2a: Lutin bro !|Giga Drain|p1a: Cobalion
|-resisted|p1a: Cobalion
|-damage|p1a: Cobalion|76/100
|-heal|p2a: Lutin bro !|50/100|[from] drain|[of] p1a: Cobalion
|
|upkeep
|turn|21
|inactive|Grantorismo has 60 seconds left.
|
|switch|p2a: SLuuuuurp bro !|Gastrodon, M|73/100
|move|p1a: Cobalion|Iron Head|p2a: SLuuuuurp bro !
|-resisted|p2a: SLuuuuurp bro !
|-damage|p2a: SLuuuuurp bro !|60/100
|-damage|p1a: Cobalion|60/100|[from] item: Rocky Helmet|[of] p2a: SLuuuuurp bro !
|
|upkeep
|turn|22
|inactive|Grantorismo has 60 seconds left.
|
|switch|p1a: Golisopod|Golisopod, M|26/100
|move|p2a: SLuuuuurp bro !|Recover|p2a: SLuuuuurp bro !
|-heal|p2a: SLuuuuurp bro !|100/100
|
|upkeep
|turn|23
|inactive|Grantorismo has 60 seconds left.
|
|switch|p2a: Stéroïde bro !|Machamp, F|65/100 brn
|move|p1a: Golisopod|Spikes|p2a: Stéroïde bro !
|-sidestart|p2: galactest bro !|Spikes
|
|-damage|p2a: Stéroïde bro !|59/100 brn|[from] brn
|upkeep
|turn|24
|inactive|Grantorismo has 60 seconds left.
|
|switch|p1a: Cobalion|Cobalion|60/100
|move|p2a: Stéroïde bro !|Close Combat|p1a: Cobalion
|-supereffective|p1a: Cobalion
|-damage|p1a: Cobalion|0 fnt
|-unboost|p2a: Stéroïde bro !|def|1
|-unboost|p2a: Stéroïde bro !|spd|1
|-damage|p2a: Stéroïde bro !|43/100 brn|[from] item: Rocky Helmet|[of] p1a: Cobalion
|faint|p1a: Cobalion
|
|-damage|p2a: Stéroïde bro !|36/100 brn|[from] brn
|upkeep
|
|switch|p1a: Flygon|Flygon, M|84/100
|turn|25
|
|switch|p2a: DAB bro !|Doublade, M|100/100
|-damage|p2a: DAB bro !|88/100|[from] Spikes
|move|p1a: Flygon|First Impression|p2a: DAB bro !
|-resisted|p2a: DAB bro !
|-damage|p2a: DAB bro !|83/100
|
|upkeep
|turn|26
|inactive|Grantorismo has 60 seconds left.
|
|switch|p1a: Golisopod|Golisopod, M|26/100
|move|p2a: DAB bro !|Swords Dance|p2a: DAB bro !
|-boost|p2a: DAB bro !|atk|2
|
|upkeep
|turn|27
|inactive|Grantorismo has 60 seconds left.
|
|move|p1a: Golisopod|Sucker Punch|p2a: DAB bro !
|-supereffective|p2a: DAB bro !
|-damage|p2a: DAB bro !|59/100
|move|p2a: DAB bro !|Shadow Sneak|p1a: Golisopod
|-damage|p1a: Golisopod|0 fnt
|faint|p1a: Golisopod
|
|upkeep
|inactive|Grantorismo has 60 seconds left.
|
|switch|p1a: Pangoro|Pangoro, F|91/100
|-status|p1a: Pangoro|psn
|turn|28
|inactive|galactest bro ! has 90 seconds left.
|inactive|galactest bro ! has 60 seconds left.
|
|move|p2a: DAB bro !|Shadow Sneak|p1a: Pangoro
|-resisted|p1a: Pangoro
|-damage|p1a: Pangoro|65/100 psn
|move|p1a: Pangoro|Knock Off|p2a: DAB bro !
|-supereffective|p2a: DAB bro !
|-damage|p2a: DAB bro !|0 fnt
|-enditem|p2a: DAB bro !|Eviolite|[from] move: Knock Off|[of] p1a: Pangoro
|-damage|p1a: Pangoro|55/100 psn|[from] item: Life Orb
|faint|p2a: DAB bro !
|
|-damage|p1a: Pangoro|42/100 psn|[from] psn
|upkeep
|inactive|galactest bro ! has 30 seconds left.
|inactive|galactest bro ! has 20 seconds left.
|inactive|galactest bro ! has 15 seconds left.
|
|switch|p2a: Lutin bro !|Celebi|50/100
|-damage|p2a: Lutin bro !|38/100|[from] Spikes
|turn|29
|inactive|galactest bro ! has 25 seconds left this turn.
|
|switch|p1a: Reuniclus|Reuniclus, F|85/100
|-status|p1a: Reuniclus|psn
|move|p2a: Lutin bro !|Giga Drain|p1a: Reuniclus
|-damage|p1a: Reuniclus|67/100 psn
|-heal|p2a: Lutin bro !|49/100|[from] drain|[of] p1a: Reuniclus
|
|-damage|p1a: Reuniclus|55/100 psn|[from] psn
|upkeep
|turn|30
|inactive|galactest bro ! has 30 seconds left.
|inactive|galactest bro ! has 20 seconds left.
|inactive|galactest bro ! has 15 seconds left.
|inactive|galactest bro ! has 10 seconds left.
|
|switch|p1a: Flygon|Flygon, M|84/100
|move|p2a: Lutin bro !|Shadow Ball|p1a: Flygon
|-damage|p1a: Flygon|51/100
|-unboost|p1a: Flygon|spd|1
|
|upkeep
|turn|31
|inactive|galactest bro ! has 20 seconds left this turn.
|inactive|galactest bro ! has 15 seconds left.
|inactive|galactest bro ! has 10 seconds left.
|inactive|galactest bro ! has 5 seconds left.
|
|switch|p2a: Stéroïde bro !|Machamp, F|36/100 brn
|-damage|p2a: Stéroïde bro !|24/100 brn|[from] Spikes
|move|p1a: Flygon|First Impression|p2a: Stéroïde bro !
|-resisted|p2a: Stéroïde bro !
|-damage|p2a: Stéroïde bro !|0 fnt
|faint|p2a: Stéroïde bro !
|
|upkeep
|inactive|galactest bro ! has 10 seconds left this turn.
|inactive|galactest bro ! has 5 seconds left.
|
|switch|p2a: SLuuuuurp bro !|Gastrodon, M|100/100
|-damage|p2a: SLuuuuurp bro !|88/100|[from] Spikes
|turn|32
|inactive|galactest bro ! has 15 seconds left this turn.
|inactive|galactest bro ! has 10 seconds left.
|
|switch|p1a: Reuniclus|Reuniclus, F|88/100 psn
|move|p2a: SLuuuuurp bro !|Scald|p1a: Reuniclus
|-damage|p1a: Reuniclus|75/100 psn
|
|-damage|p1a: Reuniclus|62/100 psn|[from] psn
|upkeep
|turn|33
|inactive|galactest bro ! has 20 seconds left this turn.
|inactive|galactest bro ! has 15 seconds left.
|
|move|p2a: SLuuuuurp bro !|Scald|p1a: Reuniclus
|-damage|p1a: Reuniclus|49/100 psn
|move|p1a: Reuniclus|Future Sight|p2a: SLuuuuurp bro !
|-start|p1a: Reuniclus|move: Future Sight
|
|-damage|p1a: Reuniclus|36/100 psn|[from] psn
|upkeep
|turn|34
|inactive|galactest bro ! has 25 seconds left this turn.
|inactive|galactest bro ! has 20 seconds left.
|inactive|Grantorismo has 90 seconds left.
|
|move|p2a: SLuuuuurp bro !|Scald|p1a: Reuniclus
|-damage|p1a: Reuniclus|23/100 psn
|move|p1a: Reuniclus|Knock Off|p2a: SLuuuuurp bro !
|-damage|p2a: SLuuuuurp bro !|78/100
|-damage|p1a: Reuniclus|6/100 psn|[from] item: Rocky Helmet|[of] p2a: SLuuuuurp bro !
|-enditem|p2a: SLuuuuurp bro !|Rocky Helmet|[from] move: Knock Off|[of] p1a: Reuniclus
|
|-damage|p1a: Reuniclus|0 fnt|[from] psn
|faint|p1a: Reuniclus
|upkeep
|inactive|galactest bro ! has 25 seconds left this turn.
|inactive|Grantorismo has 90 seconds left.
|j| Jo00se
|
|switch|p1a: Flygon|Flygon, M|51/100
|turn|35
|inactive|galactest bro ! has 30 seconds left.
|
|move|p1a: Flygon|Earthquake|p2a: SLuuuuurp bro !
|-damage|p2a: SLuuuuurp bro !|32/100
|move|p2a: SLuuuuurp bro !|Ice Beam|p1a: Flygon
|-supereffective|p1a: Flygon
|-damage|p1a: Flygon|0 fnt
|faint|p1a: Flygon
|
|-end|p2a: SLuuuuurp bro !|move: Future Sight
|-damage|p2a: SLuuuuurp bro !|0 fnt
|upkeep
|faint|p2a: SLuuuuurp bro !
|inactive|galactest bro ! has 30 seconds left.
|
|switch|p1a: Pangoro|Pangoro, F|42/100 psn
|switch|p2a: Lutin bro !|Celebi|49/100
|-damage|p2a: Lutin bro !|36/100|[from] Spikes
|turn|36
|inactive|Grantorismo has 90 seconds left.
|
|move|p2a: Lutin bro !|Giga Drain|p1a: Pangoro
|-damage|p1a: Pangoro|0 fnt
|-heal|p2a: Lutin bro !|57/100|[from] drain|[of] p1a: Pangoro
|faint|p1a: Pangoro
|
|win|galactest bro !
|l|☆Grantorismo
|c|☆galactest bro !|gg
||Ladder (probably) updated, but score could not be retrieved (Response not received).
