|j|☆SSRW26 Swoosh
|j|☆Brian61802
|t:|1609981947
|player|p1|SSRW26 Swoosh|korrina|1330
|player|p2|Brian61802|steven|1168
|teamsize|p1|6
|teamsize|p2|6
|gametype|singles
|gen|8
|tier|[Gen 8] UU
|rated|
|clearpoke
|poke|p1|Thundurus, M|
|poke|p1|Keldeo-Resolute|
|poke|p1|Bronzong|
|poke|p1|Tapu Bulu|
|poke|p1|Victini|
|poke|p1|Salamence, M|
|poke|p2|Bisharp, M|
|poke|p2|Krookodile, M|
|poke|p2|Celesteela|
|poke|p2|Nidoqueen, F|
|poke|p2|Blastoise, F|
|poke|p2|Moltres-Galar|
|rule|Sleep Clause Mod: Limit one foe put to sleep
|rule|Species Clause: Limit one of each Pokémon
|rule|OHKO Clause: OHKO moves are banned
|rule|Evasion Moves Clause: Evasion moves are banned
|rule|Endless Battle Clause: Forcing endless battles is banned
|rule|HP Percentage Mod: HP is shown in percentages
|rule|Dynamax Clause: You cannot dynamax
|teampreview
|inactive|Battle timer is ON: inactive players will automatically lose when time's up. (requested by SSRW26 Swoosh)
|
|t:|1609981971
|start
|switch|p1a: Keldeo|Keldeo-Resolute|100/100
|switch|p2a: Blastoise|Blastoise, F|100/100
|turn|1
|
|t:|1609981985
|move|p1a: Keldeo|Secret Sword|p2a: Blastoise
|-damage|p2a: Blastoise|52/100
|move|p2a: Blastoise|Toxic|p1a: Keldeo
|-status|p1a: Keldeo|tox
|
|-damage|p1a: Keldeo|94/100 tox|[from] psn
|upkeep
|turn|2
|inactive|Brian61802 has 120 seconds left.
|
|t:|1609982019
|switch|p1a: Bronzong|Bronzong|100/100
|switch|p2a: Celesteela|Celesteela|100/100
|
|upkeep
|turn|3
|
|t:|1609982025
|move|p2a: Celesteela|Leech Seed|p1a: Bronzong
|-start|p1a: Bronzong|move: Leech Seed
|move|p1a: Bronzong|Stealth Rock|p2a: Celesteela
|-sidestart|p2: Brian61802|move: Stealth Rock
|
|-damage|p1a: Bronzong|88/100|[from] Leech Seed|[of] p2a: Celesteela
|upkeep
|turn|4
|inactive|Brian61802 has 120 seconds left.
|
|t:|1609982053
|switch|p1a: Thundurus|Thundurus, M, shiny|100/100
|move|p2a: Celesteela|Flamethrower|p1a: Thundurus
|-damage|p1a: Thundurus|70/100
|
|upkeep
|turn|5
|inactive|Brian61802 has 120 seconds left.
|
|t:|1609982061
|move|p1a: Thundurus|Nasty Plot|p1a: Thundurus
|-boost|p1a: Thundurus|spa|2
|move|p2a: Celesteela|Heavy Slam|p1a: Thundurus
|-resisted|p1a: Thundurus
|-damage|p1a: Thundurus|39/100
|
|upkeep
|turn|6
|
|t:|1609982069
|switch|p2a: Krookodile|Krookodile, M|100/100
|-damage|p2a: Krookodile|94/100|[from] Stealth Rock
|move|p1a: Thundurus|Focus Blast|p2a: Krookodile|[miss]
|-miss|p1a: Thundurus|p2a: Krookodile
|
|upkeep
|turn|7
|
|t:|1609982079
|switch|p1a: Tapu Bulu|Tapu Bulu|100/100
|-fieldstart|move: Grassy Terrain|[from] ability: Grassy Surge|[of] p1a: Tapu Bulu
|move|p2a: Krookodile|Knock Off|p1a: Tapu Bulu
|-resisted|p1a: Tapu Bulu
|-damage|p1a: Tapu Bulu|73/100
|-enditem|p1a: Tapu Bulu|Leftovers|[from] move: Knock Off|[of] p2a: Krookodile
|
|-heal|p2a: Krookodile|100/100|[from] Grassy Terrain
|-heal|p1a: Tapu Bulu|79/100|[from] Grassy Terrain
|upkeep
|turn|8
|
|t:|1609982101
|switch|p2a: Celesteela|Celesteela|100/100
|-damage|p2a: Celesteela|88/100|[from] Stealth Rock
|move|p1a: Tapu Bulu|Close Combat|p2a: Celesteela
|-damage|p2a: Celesteela|49/100
|-unboost|p1a: Tapu Bulu|def|1
|-unboost|p1a: Tapu Bulu|spd|1
|
|-heal|p1a: Tapu Bulu|85/100|[from] Grassy Terrain
|-heal|p2a: Celesteela|55/100|[from] item: Leftovers
|upkeep
|turn|9
|inactive|Brian61802 has 120 seconds left.
|
|t:|1609982136
|switch|p1a: Victini|Victini|100/100
|move|p2a: Celesteela|Heavy Slam|p1a: Victini
|-resisted|p1a: Victini
|-damage|p1a: Victini|79/100
|
|-heal|p1a: Victini|85/100|[from] Grassy Terrain
|-heal|p2a: Celesteela|61/100|[from] item: Leftovers
|upkeep
|turn|10
|
|t:|1609982144
|move|p2a: Celesteela|Protect|p2a: Celesteela
|-singleturn|p2a: Celesteela|Protect
|move|p1a: Victini|V-create|p2a: Celesteela
|-activate|p2a: Celesteela|move: Protect
|
|-heal|p1a: Victini|91/100|[from] Grassy Terrain
|-heal|p2a: Celesteela|67/100|[from] item: Leftovers
|upkeep
|turn|11
|
|t:|1609982153
|move|p1a: Victini|V-create|p2a: Celesteela
|-supereffective|p2a: Celesteela
|-damage|p2a: Celesteela|0 fnt
|-unboost|p1a: Victini|spe|1
|-unboost|p1a: Victini|def|1
|-unboost|p1a: Victini|spd|1
|faint|p2a: Celesteela
|
|-heal|p1a: Victini|97/100|[from] Grassy Terrain
|-fieldend|move: Grassy Terrain
|upkeep
|
|t:|1609982157
|switch|p2a: Blastoise|Blastoise, F|52/100
|turn|12
|
|t:|1609982161
|switch|p1a: Bronzong|Bronzong|88/100
|move|p2a: Blastoise|Rapid Spin|p1a: Bronzong
|-resisted|p1a: Bronzong
|-damage|p1a: Bronzong|85/100
|-boost|p2a: Blastoise|spe|1
|-sideend|p2: Brian61802|Stealth Rock|[from] move: Rapid Spin|[of] p2a: Blastoise
|
|-heal|p1a: Bronzong|91/100|[from] item: Leftovers
|upkeep
|turn|13
|
|t:|1609982166
|move|p2a: Blastoise|Flip Turn|p1a: Bronzong
|-damage|p1a: Bronzong|77/100
|
|t:|1609982168
|switch|p2a: Moltres|Moltres-Galar|100/100|[from]move: Flip Turn
|move|p1a: Bronzong|Stealth Rock|p2a: Moltres
|-sidestart|p2: Brian61802|move: Stealth Rock
|
|-heal|p1a: Bronzong|83/100|[from] item: Leftovers
|upkeep
|turn|14
|j| HATE MONS
|
|t:|1609982171
|move|p2a: Moltres|Agility|p2a: Moltres
|-boost|p2a: Moltres|spe|2
|move|p1a: Bronzong|Toxic|p2a: Moltres
|-status|p2a: Moltres|tox
|
|-heal|p1a: Bronzong|90/100|[from] item: Leftovers
|-damage|p2a: Moltres|94/100 tox|[from] psn
|upkeep
|turn|15
|
|t:|1609982175
|move|p2a: Moltres|Nasty Plot|p2a: Moltres
|-boost|p2a: Moltres|spa|2
|move|p1a: Bronzong|Gyro Ball|p2a: Moltres
|-damage|p2a: Moltres|44/100 tox
|-ability|p2a: Moltres|Berserk|boost
|-boost|p2a: Moltres|spa|1
|
|-heal|p1a: Bronzong|96/100|[from] item: Leftovers
|-damage|p2a: Moltres|31/100 tox|[from] psn
|upkeep
|turn|16
|
|t:|1609982185
|move|p1a: Bronzong|Protect|p1a: Bronzong
|-singleturn|p1a: Bronzong|Protect
|move|p2a: Moltres|Fiery Wrath|p1a: Bronzong
|-activate|p1a: Bronzong|move: Protect
|
|-heal|p1a: Bronzong|100/100|[from] item: Leftovers
|-damage|p2a: Moltres|13/100 tox|[from] psn
|upkeep
|turn|17
|
|t:|1609982198
|move|p2a: Moltres|Fiery Wrath|p1a: Bronzong
|-supereffective|p1a: Bronzong
|-damage|p1a: Bronzong|0 fnt
|faint|p1a: Bronzong
|
|-damage|p2a: Moltres|0 fnt|[from] psn
|faint|p2a: Moltres
|upkeep
|inactive|SSRW26 Swoosh has 120 seconds left.
|
|t:|1609982230
|switch|p2a: Krookodile|Krookodile, M|100/100
|switch|p1a: Keldeo|Keldeo-Resolute|94/100 tox
|-damage|p2a: Krookodile|94/100|[from] Stealth Rock
|turn|18
|inactive|SSRW26 Swoosh has 120 seconds left.
|
|t:|1609982251
|switch|p1a: Tapu Bulu|Tapu Bulu|85/100
|-fieldstart|move: Grassy Terrain|[from] ability: Grassy Surge|[of] p1a: Tapu Bulu
|move|p2a: Krookodile|Earthquake|p1a: Tapu Bulu
|-resisted|p1a: Tapu Bulu
|-damage|p1a: Tapu Bulu|72/100
|
|-heal|p2a: Krookodile|100/100|[from] Grassy Terrain
|-heal|p1a: Tapu Bulu|78/100|[from] Grassy Terrain
|upkeep
|turn|19
|inactive|SSRW26 Swoosh has 120 seconds left.
|j| 467 11 11p
|
|t:|1609982269
|switch|p2a: Nidoqueen|Nidoqueen, F|100/100
|-damage|p2a: Nidoqueen|94/100|[from] Stealth Rock
|move|p1a: Tapu Bulu|Horn Leech|p2a: Nidoqueen
|-damage|p2a: Nidoqueen|29/100
|-heal|p1a: Tapu Bulu|100/100|[from] drain|[of] p2a: Nidoqueen
|
|-heal|p2a: Nidoqueen|35/100|[from] Grassy Terrain
|upkeep
|turn|20
|inactive|SSRW26 Swoosh has 120 seconds left.
|
|t:|1609982295
|switch|p1a: Salamence|Salamence, M|100/100
|-ability|p1a: Salamence|Intimidate|boost
|-unboost|p2a: Nidoqueen|atk|1
|move|p2a: Nidoqueen|Sludge Wave|p1a: Salamence
|-damage|p1a: Salamence|31/100
|
|-heal|p2a: Nidoqueen|41/100|[from] Grassy Terrain
|upkeep
|turn|21
|
|t:|1609982323
|move|p1a: Salamence|Hurricane|p2a: Nidoqueen
|-damage|p2a: Nidoqueen|0 fnt
|faint|p2a: Nidoqueen
|
|upkeep
|
|t:|1609982327
|switch|p2a: Bisharp|Bisharp, M|100/100
|-damage|p2a: Bisharp|95/100|[from] Stealth Rock
|turn|22
|
|t:|1609982339
|switch|p1a: Keldeo|Keldeo-Resolute|94/100 tox
|move|p2a: Bisharp|Swords Dance|p2a: Bisharp
|-boost|p2a: Bisharp|atk|2
|
|-heal|p1a: Keldeo|100/100 tox|[from] Grassy Terrain
|-heal|p2a: Bisharp|100/100|[from] Grassy Terrain
|-fieldend|move: Grassy Terrain
|-damage|p1a: Keldeo|94/100 tox|[from] psn
|upkeep
|turn|23
|
|t:|1609982345
|move|p2a: Bisharp|Sucker Punch|p1a: Keldeo
|-resisted|p1a: Keldeo
|-damage|p1a: Keldeo|44/100 tox
|-ability|p1a: Keldeo|Justified|boost
|-boost|p1a: Keldeo|atk|1
|move|p1a: Keldeo|Secret Sword|p2a: Bisharp
|-supereffective|p2a: Bisharp
|-damage|p2a: Bisharp|0 fnt
|faint|p2a: Bisharp
|
|-damage|p1a: Keldeo|31/100 tox|[from] psn
|upkeep
|-message|Brian61802 forfeited.
|
|win|SSRW26 Swoosh
|l|☆Brian61802
