|j|☆trintron
|j|☆Corporate Donkey
|t:|1656301592
|gametype|singles
|player|p1|trintron|101|1272
|player|p2|Corporate Donkey|ingo|1371
|teamsize|p1|6
|teamsize|p2|6
|gen|8
|tier|[Gen 8] UU
|rated|
|rule|Sleep Clause Mod: Limit one foe put to sleep
|rule|Species Clause: Limit one of each Pokémon
|rule|OHKO Clause: OHKO moves are banned
|rule|Evasion Moves Clause: Evasion moves are banned
|rule|Endless Battle Clause: Forcing endless battles is banned
|rule|HP Percentage Mod: HP is shown in percentages
|rule|Dynamax Clause: You cannot dynamax
|clearpoke
|poke|p1|Reuniclus, F|
|poke|p1|Thundurus-Therian, M|
|poke|p1|Hydreigon, M|
|poke|p1|Amoonguss, F|
|poke|p1|Excadrill, M|
|poke|p1|Azumarill, F|
|poke|p2|Nidoqueen, F|
|poke|p2|Hydreigon, M|
|poke|p2|Cobalion|
|poke|p2|Reuniclus, M|
|poke|p2|Primarina, F|
|poke|p2|Tangrowth, M|
|teampreview
|j| Excaliburro
|l| Excaliburro
|c|☆Corporate Donkey|gl hf
|
|t:|1656301608
|start
|switch|p1a: Hydreigon|Hydreigon, M|100/100
|switch|p2a: Ricardo|Hydreigon, M|100/100
|turn|1
|
|t:|1656301615
|move|p2a: Ricardo|U-turn|p1a: Hydreigon
|-supereffective|p1a: Hydreigon
|-damage|p1a: Hydreigon|65/100
|
|t:|1656301618
|switch|p2a: Sirena|Primarina, F|100/100|[from]move: U-turn
|move|p1a: Hydreigon|U-turn|p2a: Sirena
|-resisted|p2a: Sirena
|-damage|p2a: Sirena|92/100
|
|t:|1656301622
|switch|p1a: Thundurus|Thundurus-Therian, M|100/100|[from]move: U-turn
|
|-heal|p2a: Sirena|98/100|[from] item: Leftovers
|upkeep
|turn|2
|
|t:|1656301626
|switch|p2a: Queen|Nidoqueen, F|100/100
|move|p1a: Thundurus|Volt Switch|p2a: Queen
|-immune|p2a: Queen
|
|upkeep
|turn|3
|
|t:|1656301630
|switch|p2a: Ricardo|Hydreigon, M|100/100
|move|p1a: Thundurus|Psychic|p2a: Ricardo
|-immune|p2a: Ricardo
|
|upkeep
|turn|4
|
|t:|1656301641
|switch|p1a: Azumarill|Azumarill, F|100/100
|move|p2a: Ricardo|Draco Meteor|p1a: Azumarill
|-immune|p1a: Azumarill
|
|upkeep
|turn|5
|
|t:|1656301648
|switch|p2a: Boyardee|Tangrowth, M|100/100
|move|p1a: Azumarill|Knock Off|p2a: Boyardee
|-damage|p2a: Boyardee|60/100
|-enditem|p2a: Boyardee|Assault Vest|[from] move: Knock Off|[of] p1a: Azumarill
|
|upkeep
|turn|6
|inactive|Battle timer is ON: inactive players will automatically lose when time's up. (requested by trintron)
|
|t:|1656301658
|switch|p1a: Amoonguss|Amoonguss, F|100/100
|move|p2a: Boyardee|Power Whip|p1a: Amoonguss|[miss]
|-miss|p2a: Boyardee|p1a: Amoonguss
|
|upkeep
|turn|7
|
|t:|1656301669
|switch|p2a: Sirena|Primarina, F|98/100
|move|p1a: Amoonguss|Spore|p2a: Sirena
|-status|p2a: Sirena|slp|[from] move: Spore
|
|-heal|p2a: Sirena|100/100 slp|[from] item: Leftovers
|upkeep
|turn|8
|
|t:|1656301676
|switch|p2a: Squishy|Reuniclus, M|100/100
|switch|p1a: Thundurus|Thundurus-Therian, M|100/100
|
|upkeep
|turn|9
|
|t:|1656301682
|move|p1a: Thundurus|Volt Switch|p2a: Squishy
|-damage|p2a: Squishy|67/100
|
|t:|1656301689
|switch|p1a: Hydreigon|Hydreigon, M|65/100|[from]move: Volt Switch
|move|p2a: Squishy|Psychic|p1a: Hydreigon
|-immune|p1a: Hydreigon
|
|upkeep
|turn|10
|
|t:|1656301695
|switch|p2a: Sirena|Primarina, F|100/100 slp
|move|p1a: Hydreigon|U-turn|p2a: Sirena
|-resisted|p2a: Sirena
|-damage|p2a: Sirena|93/100 slp
|
|t:|1656301698
|switch|p1a: Thundurus|Thundurus-Therian, M|100/100|[from]move: U-turn
|
|-heal|p2a: Sirena|99/100 slp|[from] item: Leftovers
|upkeep
|turn|11
|
|t:|1656301702
|switch|p2a: Queen|Nidoqueen, F|100/100
|move|p1a: Thundurus|Knock Off|p2a: Queen
|-damage|p2a: Queen|74/100
|-enditem|p2a: Queen|Life Orb|[from] move: Knock Off|[of] p1a: Thundurus
|
|upkeep
|turn|12
|
|t:|1656301709
|switch|p2a: Ricardo|Hydreigon, M|100/100
|move|p1a: Thundurus|Psychic|p2a: Ricardo
|-immune|p2a: Ricardo
|
|upkeep
|turn|13
|
|t:|1656301716
|switch|p1a: Amoonguss|Amoonguss, F|100/100
|move|p2a: Ricardo|U-turn|p1a: Amoonguss
|-damage|p1a: Amoonguss|90/100
|-damage|p2a: Ricardo|84/100|[from] item: Rocky Helmet|[of] p1a: Amoonguss
|
|t:|1656301722
|switch|p2a: Squishy|Reuniclus, M|67/100|[from]move: U-turn
|
|upkeep
|turn|14
|
|t:|1656301735
|switch|p1a: Reuniclus|Reuniclus, F|100/100
|move|p2a: Squishy|Focus Blast|p1a: Reuniclus
|-resisted|p1a: Reuniclus
|-damage|p1a: Reuniclus|72/100
|-unboost|p1a: Reuniclus|spd|1
|
|upkeep
|turn|15
|
|t:|1656301738
|move|p2a: Squishy|Recover|p2a: Squishy
|-heal|p2a: Squishy|100/100
|move|p1a: Reuniclus|Knock Off|p2a: Squishy
|-supereffective|p2a: Squishy
|-damage|p2a: Squishy|63/100
|-enditem|p2a: Squishy|Life Orb|[from] move: Knock Off|[of] p1a: Reuniclus
|
|upkeep
|turn|16
|
|t:|1656301752
|switch|p1a: Azumarill|Azumarill, F|100/100
|move|p2a: Squishy|Recover|p2a: Squishy
|-heal|p2a: Squishy|100/100
|
|upkeep
|turn|17
|
|t:|1656301756
|move|p1a: Azumarill|Play Rough|p2a: Squishy|[miss]
|-miss|p1a: Azumarill|p2a: Squishy
|move|p2a: Squishy|Thunder|p1a: Azumarill|[miss]
|-miss|p2a: Squishy|p1a: Azumarill
|
|upkeep
|turn|18
|
|t:|1656301765
|move|p1a: Azumarill|Play Rough|p2a: Squishy
|-damage|p2a: Squishy|14/100
|move|p2a: Squishy|Thunder|p1a: Azumarill
|-supereffective|p1a: Azumarill
|-damage|p1a: Azumarill|0 fnt
|faint|p1a: Azumarill
|
|upkeep
|
|t:|1656301776
|switch|p1a: Hydreigon|Hydreigon, M|65/100
|turn|19
|
|t:|1656301779
|switch|p2a: Horacio|Cobalion|100/100
|move|p1a: Hydreigon|U-turn|p2a: Horacio
|-resisted|p2a: Horacio
|-damage|p2a: Horacio|98/100
|-damage|p1a: Hydreigon|48/100|[from] item: Rocky Helmet|[of] p2a: Horacio
|
|t:|1656301784
|switch|p1a: Reuniclus|Reuniclus, F|72/100|[from]move: U-turn
|
|upkeep
|turn|20
|
|t:|1656301812
|move|p2a: Horacio|Megahorn|p1a: Reuniclus
|-supereffective|p1a: Reuniclus
|-damage|p1a: Reuniclus|14/100
|move|p1a: Reuniclus|Psyshock|p2a: Horacio
|-damage|p2a: Horacio|50/100
|
|upkeep
|turn|21
|
|t:|1656301826
|switch|p1a: Thundurus|Thundurus-Therian, M|100/100
|move|p2a: Horacio|Close Combat|p1a: Thundurus
|-resisted|p1a: Thundurus
|-damage|p1a: Thundurus|63/100
|-unboost|p2a: Horacio|def|1
|-unboost|p2a: Horacio|spd|1
|
|upkeep
|turn|22
|inactive|Corporate Donkey has 120 seconds left.
|
|t:|1656301849
|move|p2a: Horacio|Stone Edge|p1a: Thundurus
|-supereffective|p1a: Thundurus
|-damage|p1a: Thundurus|0 fnt
|faint|p1a: Thundurus
|
|upkeep
|
|t:|1656301856
|switch|p1a: Hydreigon|Hydreigon, M|48/100
|turn|23
|
|t:|1656301870
|switch|p2a: Sirena|Primarina, F|99/100 slp
|move|p1a: Hydreigon|Fire Blast|p2a: Sirena
|-resisted|p2a: Sirena
|-damage|p2a: Sirena|85/100 slp
|
|-heal|p2a: Sirena|91/100 slp|[from] item: Leftovers
|upkeep
|turn|24
|
|t:|1656301882
|switch|p1a: Reuniclus|Reuniclus, F|14/100
|cant|p2a: Sirena|slp
|move|p2a: Sirena|Sleep Talk|p2a: Sirena
|move|p2a: Sirena|Moonblast|p1a: Reuniclus|[from]move: Sleep Talk
|-damage|p1a: Reuniclus|0 fnt
|faint|p1a: Reuniclus
|
|-heal|p2a: Sirena|97/100 slp|[from] item: Leftovers
|upkeep
|-message|trintron forfeited.
|
|win|Corporate Donkey
|raw|trintron's rating: 1272 &rarr; <strong>1254</strong><br />(-18 for losing)
|raw|Corporate Donkey's rating: 1371 &rarr; <strong>1385</strong><br />(+14 for winning)
|l|☆trintron
||Ladder isn't responding, score probably updated but might not have (Request timeout).
