|j|☆ChandosH
|j|☆trintron
|t:|1657600620
|gametype|singles
|player|p1|ChandosH|pokemonbreeder-gen4|1420
|player|p2|trintron|102|1502
|teamsize|p1|6
|teamsize|p2|6
|gen|8
|tier|[Gen 8] UU
|rated|
|rule|Sleep Clause Mod: Limit one foe put to sleep
|rule|Species Clause: Limit one of each Pokémon
|rule|OHKO Clause: OHKO moves are banned
|rule|Evasion Moves Clause: Evasion moves are banned
|rule|Endless Battle Clause: Forcing endless battles is banned
|rule|HP Percentage Mod: HP is shown in percentages
|rule|Dynamax Clause: You cannot dynamax
|clearpoke
|poke|p1|Excadrill, M|
|poke|p1|Gyarados, M|
|poke|p1|Celesteela|
|poke|p1|Thundurus-Therian, M|
|poke|p1|Scizor, M|
|poke|p1|Cobalion|
|poke|p2|Gastrodon-East, F|
|poke|p2|Chandelure, M|
|poke|p2|Cobalion|
|poke|p2|Hydreigon, M|
|poke|p2|Mandibuzz, F|
|poke|p2|Amoonguss, F|
|teampreview
|
|t:|1657600640
|start
|switch|p1a: Excadrill|Excadrill, M|100/100
|switch|p2a: Hydreigon|Hydreigon, M|100/100
|-ability|p1a: Excadrill|Mold Breaker
|turn|1
|inactive|Battle timer is ON: inactive players will automatically lose when time's up. (requested by ChandosH)
|
|t:|1657600666
|move|p2a: Hydreigon|U-turn|p1a: Excadrill
|-resisted|p1a: Excadrill
|-damage|p1a: Excadrill|90/100
|
|t:|1657600678
|switch|p2a: Cobalion|Cobalion|100/100|[from]move: U-turn
|move|p1a: Excadrill|Stealth Rock|p2a: Cobalion
|-sidestart|p2: trintron|move: Stealth Rock
|
|upkeep
|turn|2
|inactive|ChandosH has 120 seconds left.
|inactive|ChandosH has 90 seconds left.
|
|t:|1657600747
|move|p2a: Cobalion|Close Combat|p1a: Excadrill
|-supereffective|p1a: Excadrill
|-damage|p1a: Excadrill|0 fnt
|-unboost|p2a: Cobalion|def|1
|-unboost|p2a: Cobalion|spd|1
|faint|p1a: Excadrill
|
|upkeep
|
|t:|1657600770
|switch|p1a: Celesteela|Celesteela|100/100
|turn|3
|
|t:|1657600784
|move|p2a: Cobalion|Volt Switch|p1a: Celesteela
|-supereffective|p1a: Celesteela
|-damage|p1a: Celesteela|75/100
|
|t:|1657600789
|switch|p2a: Hydreigon|Hydreigon, M|100/100|[from]move: Volt Switch
|-damage|p2a: Hydreigon|88/100|[from] Stealth Rock
|move|p1a: Celesteela|Autotomize|p1a: Celesteela
|-boost|p1a: Celesteela|spe|2
|-start|p1a: Celesteela|Autotomize
|
|upkeep
|turn|4
|inactive|ChandosH has 90 seconds left.
|
|t:|1657600795
|move|p2a: Hydreigon|Fire Blast|p1a: Celesteela
|-supereffective|p1a: Celesteela
|-damage|p1a: Celesteela|7/100
|move|p1a: Celesteela|Meteor Beam||[still]
|-prepare|p1a: Celesteela|Meteor Beam
|-boost|p1a: Celesteela|spa|1
|-enditem|p1a: Celesteela|Power Herb
|-anim|p1a: Celesteela|Meteor Beam|p2a: Hydreigon
|-damage|p2a: Hydreigon|25/100
|
|upkeep
|turn|5
|inactive|ChandosH has 90 seconds left.
|
|t:|1657600805
|switch|p1a: Gyarados|Gyarados, M|100/100
|move|p2a: Hydreigon|Fire Blast|p1a: Gyarados
|-resisted|p1a: Gyarados
|-damage|p1a: Gyarados|82/100
|-status|p1a: Gyarados|brn
|
|-damage|p1a: Gyarados|76/100 brn|[from] brn
|upkeep
|turn|6
|inactive|ChandosH has 90 seconds left.
|
|t:|1657600826
|switch|p2a: Mandibuzz|Mandibuzz, F|100/100
|move|p1a: Gyarados|Dragon Dance|p1a: Gyarados
|-boost|p1a: Gyarados|atk|1
|-boost|p1a: Gyarados|spe|1
|
|-damage|p1a: Gyarados|70/100 brn|[from] brn
|upkeep
|turn|7
|
|t:|1657600832
|switch|p1a: Thundurus|Thundurus-Therian, M|100/100
|move|p2a: Mandibuzz|Defog|p1a: Thundurus
|-unboost|p1a: Thundurus|evasion|1
|-sideend|p2: trintron|Stealth Rock|[from] move: Defog|[of] p2a: Mandibuzz
|
|upkeep
|turn|8
|inactive|ChandosH has 90 seconds left.
|
|t:|1657600849
|switch|p2a: Cobalion|Cobalion|100/100
|move|p1a: Thundurus|Nasty Plot|p1a: Thundurus
|-boost|p1a: Thundurus|spa|2
|
|upkeep
|turn|9
|inactive|ChandosH has 90 seconds left.
|
|t:|1657600861
|move|p2a: Cobalion|Stealth Rock|p1a: Thundurus
|-sidestart|p1: ChandosH|move: Stealth Rock
|move|p1a: Thundurus|Focus Blast|p2a: Cobalion
|-supereffective|p2a: Cobalion
|-damage|p2a: Cobalion|0 fnt
|faint|p2a: Cobalion
|
|upkeep
|
|t:|1657600863
|switch|p2a: Hydreigon|Hydreigon, M|25/100
|turn|10
|inactive|trintron has 120 seconds left.
|
|t:|1657600901
|move|p2a: Hydreigon|U-turn|p1a: Thundurus
|-resisted|p1a: Thundurus
|-damage|p1a: Thundurus|88/100
|
|t:|1657600904
|switch|p2a: Amoonguss|Amoonguss, F|100/100|[from]move: U-turn
|move|p1a: Thundurus|Thunderbolt|p2a: Amoonguss
|-resisted|p2a: Amoonguss
|-damage|p2a: Amoonguss|55/100
|
|upkeep
|turn|11
|
|t:|1657600911
|move|p1a: Thundurus|Psychic|p2a: Amoonguss
|-supereffective|p2a: Amoonguss
|-damage|p2a: Amoonguss|0 fnt
|faint|p2a: Amoonguss
|
|upkeep
|inactive|trintron has 120 seconds left.
|
|t:|1657600944
|switch|p2a: Gastrodon|Gastrodon-East, F, shiny|100/100
|turn|12
|inactive|ChandosH has 120 seconds left.
|
|t:|1657600964
|move|p1a: Thundurus|Psychic|p2a: Gastrodon
|-damage|p2a: Gastrodon|41/100
|move|p2a: Gastrodon|Ice Beam|p1a: Thundurus
|-supereffective|p1a: Thundurus
|-damage|p1a: Thundurus|40/100
|
|upkeep
|turn|13
|inactive|trintron has 120 seconds left.
|
|t:|1657600981
|move|p1a: Thundurus|Psychic|p2a: Gastrodon
|-damage|p2a: Gastrodon|0 fnt
|faint|p2a: Gastrodon
|
|upkeep
|
|t:|1657600983
|switch|p2a: Hydreigon|Hydreigon, M|25/100
|turn|14
|inactive|trintron has 120 seconds left.
|
|t:|1657601010
|switch|p1a: Gyarados|Gyarados, M|70/100 brn
|-damage|p1a: Gyarados|45/100 brn|[from] Stealth Rock
|move|p2a: Hydreigon|Dark Pulse|p1a: Gyarados
|-damage|p1a: Gyarados|0 fnt
|faint|p1a: Gyarados
|
|upkeep
|inactive|ChandosH has 120 seconds left.
|inactive|ChandosH has 90 seconds left.
|
|t:|1657601051
|switch|p1a: Cobalion|Cobalion|100/100
|-damage|p1a: Cobalion|97/100|[from] Stealth Rock
|turn|15
|
|t:|1657601055
|switch|p2a: Chandelure|Chandelure, M, shiny|100/100
|move|p1a: Cobalion|Swords Dance|p1a: Cobalion
|-boost|p1a: Cobalion|atk|2
|
|upkeep
|turn|16
|inactive|trintron has 120 seconds left.
|
|t:|1657601060
|move|p1a: Cobalion|Stone Edge|p2a: Chandelure
|-supereffective|p2a: Chandelure
|-damage|p2a: Chandelure|0 fnt
|faint|p2a: Chandelure
|
|upkeep
|
|t:|1657601063
|switch|p2a: Hydreigon|Hydreigon, M|25/100
|turn|17
|
|t:|1657601067
|switch|p1a: Celesteela|Celesteela|7/100
|-damage|p1a: Celesteela|0 fnt|[from] Stealth Rock
|faint|p1a: Celesteela
|move|p2a: Hydreigon|Fire Blast|p1: Celesteela|[notarget]
|-fail|p2a: Hydreigon
|
|upkeep
|inactive|ChandosH has 120 seconds left.
|
|t:|1657601084
|switch|p1a: Scizor|Scizor, M|100/100
|-damage|p1a: Scizor|88/100|[from] Stealth Rock
|turn|18
|inactive|ChandosH has 120 seconds left.
|
|t:|1657601099
|switch|p2a: Mandibuzz|Mandibuzz, F|100/100
|move|p1a: Scizor|Bullet Punch|p2a: Mandibuzz
|-damage|p2a: Mandibuzz|76/100
|-damage|p1a: Scizor|78/100|[from] item: Life Orb
|
|upkeep
|turn|19
|j| sponger woman
|
|t:|1657601117
|switch|p1a: Cobalion|Cobalion|97/100
|-damage|p1a: Cobalion|94/100|[from] Stealth Rock
|move|p2a: Mandibuzz|Foul Play|p1a: Cobalion
|-resisted|p1a: Cobalion
|-damage|p1a: Cobalion|77/100
|-ability|p1a: Cobalion|Justified|boost
|-boost|p1a: Cobalion|atk|1
|
|upkeep
|turn|20
|
|t:|1657601125
|move|p1a: Cobalion|Stone Edge|p2a: Mandibuzz
|-supereffective|p2a: Mandibuzz
|-damage|p2a: Mandibuzz|26/100
|move|p2a: Mandibuzz|Roost|p2a: Mandibuzz
|-heal|p2a: Mandibuzz|76/100
|-singleturn|p2a: Mandibuzz|move: Roost
|
|upkeep
|turn|21
|
|t:|1657601136
|move|p1a: Cobalion|Iron Head|p2a: Mandibuzz
|-damage|p2a: Mandibuzz|48/100
|move|p2a: Mandibuzz|Roost|p2a: Mandibuzz
|-heal|p2a: Mandibuzz|98/100
|-singleturn|p2a: Mandibuzz|move: Roost
|
|upkeep
|turn|22
|
|t:|1657601140
|move|p1a: Cobalion|Swords Dance|p1a: Cobalion
|-boost|p1a: Cobalion|atk|2
|move|p2a: Mandibuzz|U-turn|p1a: Cobalion
|-resisted|p1a: Cobalion
|-damage|p1a: Cobalion|74/100
|
|t:|1657601141
|switch|p2a: Hydreigon|Hydreigon, M|25/100|[from]move: U-turn
|
|upkeep
|turn|23
|
|t:|1657601146
|move|p2a: Hydreigon|Fire Blast|p1a: Cobalion
|-supereffective|p1a: Cobalion
|-damage|p1a: Cobalion|0 fnt
|faint|p1a: Cobalion
|
|upkeep
|
|t:|1657601149
|switch|p1a: Scizor|Scizor, M|78/100
|-damage|p1a: Scizor|66/100|[from] Stealth Rock
|turn|24
|
|t:|1657601156
|switch|p1a: Thundurus|Thundurus-Therian, M|40/100
|move|p2a: Hydreigon|Fire Blast|p1a: Thundurus
|-damage|p1a: Thundurus|0 fnt
|faint|p1a: Thundurus
|
|upkeep
|
|t:|1657601159
|switch|p1a: Scizor|Scizor, M|66/100
|-damage|p1a: Scizor|53/100|[from] Stealth Rock
|turn|25
|c|☆trintron|gg
|
|t:|1657601164
|move|p1a: Scizor|Bullet Punch|p2a: Hydreigon
|-damage|p2a: Hydreigon|0 fnt
|faint|p2a: Hydreigon
|-damage|p1a: Scizor|43/100|[from] item: Life Orb
|
|upkeep
|
|t:|1657601165
|switch|p2a: Mandibuzz|Mandibuzz, F|98/100
|turn|26
|
|t:|1657601180
|move|p1a: Scizor|Bullet Punch|p2a: Mandibuzz
|-damage|p2a: Mandibuzz|70/100
|-damage|p1a: Scizor|33/100|[from] item: Life Orb
|move|p2a: Mandibuzz|Foul Play|p1a: Scizor
|-damage|p1a: Scizor|0 fnt
|faint|p1a: Scizor
|
|win|trintron
|raw|ChandosH's rating: 1420 &rarr; <strong>1405</strong><br />(-15 for losing)
|raw|trintron's rating: 1502 &rarr; <strong>1517</strong><br />(+15 for winning)
|l|☆ChandosH
