|j|☆Fairlumbo
|j|☆pif
|t:|1641010540
|gametype|singles
|player|p1|Fairlumbo|n|1494
|player|p2|pif|#uutrio2ladder|1798
|teamsize|p1|6
|teamsize|p2|6
|gen|8
|tier|[Gen 8] UU
|rated|
|rule|Sleep Clause Mod: Limit one foe put to sleep
|rule|Species Clause: Limit one of each Pokémon
|rule|OHKO Clause: OHKO moves are banned
|rule|Evasion Moves Clause: Evasion moves are banned
|rule|Endless Battle Clause: Forcing endless battles is banned
|rule|HP Percentage Mod: HP is shown in percentages
|rule|Dynamax Clause: You cannot dynamax
|clearpoke
|poke|p1|Gardevoir, M|
|poke|p1|Tentacruel, F|
|poke|p1|Celesteela|
|poke|p1|Krookodile, M|
|poke|p1|Azelf|
|poke|p1|Toxtricity, F|
|poke|p2|Nihilego|
|poke|p2|Amoonguss, M|
|poke|p2|Braviary, M|
|poke|p2|Primarina, M|
|poke|p2|Excadrill, M|
|poke|p2|Mandibuzz, F|
|teampreview
|inactive|Battle timer is ON: inactive players will automatically lose when time's up. (requested by Fairlumbo)
|j| Aqua8Jet
|inactive|Fairlumbo has 120 seconds left.
|inactive|pif has 120 seconds left.
|j| udongirl
|j| Kyurem
|j| klam141
|j|+Sage
|j| clapfest
|inactive|pif has 90 seconds left.
|c| klam141|$100000 on pif
|c|☆pif|not a good way to go bankrupt
|j| Arxtric
|l| Arxtric
|inactive|pif has 60 seconds left.
|
|t:|1641010644
|start
|switch|p1a: Toxtricity|Toxtricity, F|100/100
|switch|p2a: peck ur neck|Mandibuzz, F|100/100
|turn|1
|c| klam141|i need this
|
|t:|1641010660
|switch|p2a: shroom of doom|Amoonguss, M|100/100
|move|p1a: Toxtricity|Boomburst|p2a: shroom of doom
|-damage|p2a: shroom of doom|32/100
|-damage|p1a: Toxtricity|91/100|[from] item: Life Orb
|
|upkeep
|turn|2
|c| klam141|you better not screw me
|c| klam141|lol
|j|@Lily
|
|t:|1641010672
|switch|p1a: Krookodile|Krookodile, M|100/100
|-ability|p1a: Krookodile|Intimidate|boost
|-unboost|p2a: shroom of doom|atk|1
|switch|p2a: nihileggo my eggo|Nihilego|100/100
|
|upkeep
|turn|3
|c| klam141|happy  new years everyone!
|c| klam141|what are we drinking
|c| Aqua8Jet|u2
|
|t:|1641010691
|switch|p2a: peck ur neck|Mandibuzz, F|100/100
|move|p1a: Krookodile|Stealth Rock|p2a: peck ur neck
|-sidestart|p2: pif|move: Stealth Rock
|
|upkeep
|turn|4
|c| udongirl|happy new year
|
|t:|1641010699
|move|p1a: Krookodile|Taunt|p2a: peck ur neck
|-start|p2a: peck ur neck|move: Taunt
|move|p2a: peck ur neck|Brave Bird|p1a: Krookodile
|-damage|p1a: Krookodile|65/100
|-damage|p2a: peck ur neck|91/100|[from] Recoil
|
|-heal|p1a: Krookodile|71/100|[from] item: Leftovers
|upkeep
|turn|5
|
|t:|1641010705
|move|p1a: Krookodile|Knock Off|p2a: peck ur neck
|-resisted|p2a: peck ur neck
|-damage|p2a: peck ur neck|79/100
|-enditem|p2a: peck ur neck|Heavy-Duty Boots|[from] move: Knock Off|[of] p1a: Krookodile
|move|p2a: peck ur neck|U-turn|p1a: Krookodile
|-supereffective|p1a: Krookodile
|-damage|p1a: Krookodile|42/100
|
|t:|1641010711
|switch|p2a: shroom of doom|Amoonguss, M|65/100|[from]move: U-turn
|-damage|p2a: shroom of doom|53/100|[from] Stealth Rock
|
|-heal|p1a: Krookodile|49/100|[from] item: Leftovers
|upkeep
|turn|6
|inactive|pif has 120 seconds left.
|
|t:|1641010717
|move|p1a: Krookodile|Taunt|p2a: shroom of doom
|-start|p2a: shroom of doom|move: Taunt
|cant|p2a: shroom of doom|move: Taunt|Spore
|
|-heal|p1a: Krookodile|55/100|[from] item: Leftovers
|upkeep
|turn|7
|
|t:|1641010726
|switch|p1a: Toxtricity|Toxtricity, F|91/100
|move|p2a: shroom of doom|Seed Bomb|p1a: Toxtricity
|-resisted|p1a: Toxtricity
|-damage|p1a: Toxtricity|71/100
|
|upkeep
|turn|8
|
|t:|1641010737
|switch|p1a: Krookodile|Krookodile, M|55/100
|-ability|p1a: Krookodile|Intimidate|boost
|-unboost|p2a: shroom of doom|atk|1
|switch|p2a: nihileggo my eggo|Nihilego|100/100
|-damage|p2a: nihileggo my eggo|88/100|[from] Stealth Rock
|
|-heal|p2a: nihileggo my eggo|94/100|[from] item: Black Sludge
|-heal|p1a: Krookodile|61/100|[from] item: Leftovers
|upkeep
|turn|9
|
|t:|1641010747
|switch|p2a: shroom of doom|Amoonguss, M|86/100
|-damage|p2a: shroom of doom|74/100|[from] Stealth Rock
|move|p1a: Krookodile|Knock Off|p2a: shroom of doom
|-damage|p2a: shroom of doom|40/100
|-damage|p1a: Krookodile|44/100|[from] item: Rocky Helmet|[of] p2a: shroom of doom
|-enditem|p2a: shroom of doom|Rocky Helmet|[from] move: Knock Off|[of] p1a: Krookodile
|
|-heal|p1a: Krookodile|50/100|[from] item: Leftovers
|upkeep
|turn|10
|j| Duck Cop
|
|t:|1641010754
|switch|p1a: Celesteela|Celesteela|100/100
|move|p2a: shroom of doom|Synthesis|p2a: shroom of doom
|-heal|p2a: shroom of doom|90/100
|
|upkeep
|turn|11
|
|t:|1641010764
|switch|p1a: Tentacruel|Tentacruel, F|100/100
|move|p2a: shroom of doom|Spore|p1a: Tentacruel
|-status|p1a: Tentacruel|slp|[from] move: Spore
|
|upkeep
|turn|12
|c| klam141|wait knocking off a rocky helmet makes its effect work but not an eject button?
|c|☆pif|correct
|j| ChandosH
|
|t:|1641010780
|switch|p1a: Celesteela|Celesteela|100/100
|switch|p2a: holey moley|Excadrill, M|100/100
|-damage|p2a: holey moley|97/100|[from] Stealth Rock
|
|-heal|p2a: holey moley|100/100|[from] item: Leftovers
|upkeep
|turn|13
|
|t:|1641010790
|move|p2a: holey moley|Rapid Spin|p1a: Celesteela
|-resisted|p1a: Celesteela
|-damage|p1a: Celesteela|93/100
|-boost|p2a: holey moley|spe|1
|-sideend|p2: pif|Stealth Rock|[from] move: Rapid Spin|[of] p2a: holey moley
|move|p1a: Celesteela|Flamethrower|p2a: holey moley
|-supereffective|p2a: holey moley
|-damage|p2a: holey moley|45/100
|
|-heal|p2a: holey moley|51/100|[from] item: Leftovers
|-heal|p1a: Celesteela|99/100|[from] item: Leftovers
|upkeep
|turn|14
|l| ChandosH
|j| Arxtric
|
|t:|1641010803
|switch|p2a: seal that squeals|Primarina, M|100/100
|switch|p1a: Toxtricity|Toxtricity, F|71/100
|
|upkeep
|turn|15
|j| Driaden
|
|t:|1641010812
|switch|p2a: nihileggo my eggo|Nihilego|94/100
|move|p1a: Toxtricity|Overdrive|p2a: nihileggo my eggo
|-damage|p2a: nihileggo my eggo|46/100
|-damage|p1a: Toxtricity|61/100|[from] item: Life Orb
|
|-heal|p2a: nihileggo my eggo|53/100|[from] item: Black Sludge
|upkeep
|turn|16
|j| ChandosH
|c|+Sage|imagine loading tox into nihilego drill guss
|
|t:|1641010824
|switch|p1a: Krookodile|Krookodile, M|50/100
|-ability|p1a: Krookodile|Intimidate|boost
|-unboost|p2a: nihileggo my eggo|atk|1
|move|p2a: nihileggo my eggo|Stealth Rock|p1a: Krookodile
|-sidestart|p1: Fairlumbo|move: Stealth Rock
|
|-heal|p2a: nihileggo my eggo|59/100|[from] item: Black Sludge
|-heal|p1a: Krookodile|56/100|[from] item: Leftovers
|upkeep
|turn|17
|c|+Sage|this is so sad
|j| bagoftrixx
|c| klam141|?
|c|☆pif|toxt
|c|☆pif|beats all of them
|c|☆pif|lol
|l| ChandosH
|c|☆pif|drain punch is common now
|c|☆Fairlumbo|I be doin chip with it still
|inactive|Fairlumbo has 120 seconds left.
|inactive|pif has 120 seconds left.
|c|☆pif|sage dont show your boomer :(
|c|+Sage|used to the punker claiming lol
|c|+Sage|ik he runs drain
|c| klam141|wait is there a mod in chat being toxic
|
|t:|1641010871
|switch|p2a: peck ur neck|Mandibuzz, F|79/100
|move|p1a: Krookodile|Knock Off|p2a: peck ur neck
|-resisted|p2a: peck ur neck
|-damage|p2a: peck ur neck|70/100
|
|-heal|p1a: Krookodile|62/100|[from] item: Leftovers
|upkeep
|turn|18
|inactive|Fairlumbo has 120 seconds left.
|c|+Sage|toxic???
|c| klam141|bruh youre so toxic right now
|
|t:|1641010886
|switch|p1a: Tentacruel|Tentacruel, F|100/100 slp
|-damage|p1a: Tentacruel|88/100 slp|[from] Stealth Rock
|move|p2a: peck ur neck|Brave Bird|p1a: Tentacruel
|-damage|p1a: Tentacruel|53/100 slp
|-damage|p2a: peck ur neck|60/100|[from] Recoil
|
|-heal|p1a: Tentacruel|59/100 slp|[from] item: Black Sludge
|upkeep
|turn|19
|c| klam141|even your color is purple
|c| klam141|;)
|
|t:|1641010894
|cant|p1a: Tentacruel|slp
|move|p2a: peck ur neck|Brave Bird|p1a: Tentacruel
|-damage|p1a: Tentacruel|24/100 slp
|-damage|p2a: peck ur neck|50/100|[from] Recoil
|
|-heal|p1a: Tentacruel|30/100 slp|[from] item: Black Sludge
|upkeep
|turn|20
|c|+Sage|unfortunate
|
|t:|1641010897
|-curestatus|p1a: Tentacruel|slp|[msg]
|move|p1a: Tentacruel|Rapid Spin|p2a: peck ur neck
|-damage|p2a: peck ur neck|45/100
|-boost|p1a: Tentacruel|spe|1
|-sideend|p1: Fairlumbo|Stealth Rock|[from] move: Rapid Spin|[of] p1a: Tentacruel
|move|p2a: peck ur neck|Brave Bird|p1a: Tentacruel
|-damage|p1a: Tentacruel|0 fnt
|faint|p1a: Tentacruel
|-damage|p2a: peck ur neck|37/100|[from] Recoil
|
|upkeep
|c|+Sage|but idk most teams do not have
|
|t:|1641010904
|switch|p1a: Toxtricity|Toxtricity, F|61/100
|turn|21
|c|+Sage|two boomburst switchins lo
|c|+Sage|l
|c|+Sage|is all i was tryna say
|inactive|pif has 120 seconds left.
|j| ChandosH
|inactive|pif has 90 seconds left.
|l| ChandosH
|
|t:|1641010964
|switch|p2a: nihileggo my eggo|Nihilego|59/100
|move|p1a: Toxtricity|Shift Gear|p1a: Toxtricity
|-boost|p1a: Toxtricity|spe|2
|-boost|p1a: Toxtricity|atk|1
|
|-heal|p2a: nihileggo my eggo|65/100|[from] item: Black Sludge
|upkeep
|turn|22
|j| Syoun
|inactive|pif has 60 seconds left.
|inactive|pif has 30 seconds left.
|inactive|pif has 20 seconds left.
|inactive|pif has 15 seconds left.
|inactive|pif has 10 seconds left.
|inactiveoff|Battle timer is now OFF.
|c|☆pif|oh
|c|☆pif|thanks
|c|☆pif|i was calcing
|j| timothee shelmet
|c|☆pif|you would have won
|c| klam141|lol
|c|☆pif|lol
|c| bagoftrixx|uusd ?
|c| Aqua8Jet|n
|
|t:|1641011068
|switch|p1a: Krookodile|Krookodile, M|62/100
|-ability|p1a: Krookodile|Intimidate|boost
|-unboost|p2a: nihileggo my eggo|atk|1
|move|p2a: nihileggo my eggo|Power Gem|p1a: Krookodile
|-resisted|p1a: Krookodile
|-damage|p1a: Krookodile|31/100
|
|-heal|p2a: nihileggo my eggo|71/100|[from] item: Black Sludge
|-heal|p1a: Krookodile|37/100|[from] item: Leftovers
|upkeep
|turn|23
|c| Aqua8Jet|ladder
|c| bagoftrixx|ah
|c|☆Fairlumbo|im not getting better by timer winning vs u
|l| Syoun
|c|☆pif|i dont think
|c| Aqua8Jet|We're just lonley on new years
|c|☆pif|im ever allowed to play uusd again
|c|☆pif|LOL
|c|☆pif|shut up kai
|c|☆pif|we have each other...
|c|+Sage|i still believe in lapras
|c| Aqua8Jet|<3
|c| klam141|what is uusd
|c|+Sage|a tournament
|
|t:|1641011097
|switch|p2a: peck ur neck|Mandibuzz, F|37/100
|switch|p1a: Celesteela|Celesteela|99/100
|
|-heal|p1a: Celesteela|100/100|[from] item: Leftovers
|upkeep
|turn|24
|c| Aqua8Jet|UU Snake Draft
|c| klam141|also this is the most active ive seen uu in a long time
|
|t:|1641011104
|switch|p1a: Krookodile|Krookodile, M|37/100
|-ability|p1a: Krookodile|Intimidate|boost
|-unboost|p2a: peck ur neck|atk|1
|move|p2a: peck ur neck|Roost|p2a: peck ur neck
|-heal|p2a: peck ur neck|87/100
|-singleturn|p2a: peck ur neck|move: Roost
|
|-heal|p1a: Krookodile|43/100|[from] item: Leftovers
|upkeep
|turn|25
|c| klam141|its really nice to meet you all
|
|t:|1641011112
|move|p1a: Krookodile|Stealth Rock|p2a: peck ur neck
|-sidestart|p2: pif|move: Stealth Rock
|move|p2a: peck ur neck|Brave Bird|p1a: Krookodile
|-damage|p1a: Krookodile|20/100
|-damage|p2a: peck ur neck|81/100|[from] Recoil
|
|-heal|p1a: Krookodile|26/100|[from] item: Leftovers
|upkeep
|turn|26
|c|+Sage|theres a discord
|
|t:|1641011116
|switch|p1a: Celesteela|Celesteela|100/100
|move|p2a: peck ur neck|U-turn|p1a: Celesteela
|-resisted|p1a: Celesteela
|-damage|p1a: Celesteela|99/100
|c|+Sage|if u wanted to join that
|c| klam141|no way
|c| klam141|sure
|c|+Sage|the rooms are kinda dead on PS now
|c|+Sage|it should bein the intro
|
|t:|1641011134
|switch|p2a: seal that squeals|Primarina, M|100/100|[from]move: U-turn
|-damage|p2a: seal that squeals|88/100|[from] Stealth Rock
|
|-heal|p2a: seal that squeals|94/100|[from] item: Leftovers
|-heal|p1a: Celesteela|100/100|[from] item: Leftovers
|upkeep
|turn|27
|c|☆Fairlumbo|fax it should be
|c| timothee shelmet|it is
|j| Syoun
|c|☆Fairlumbo|whyd i sac my counter to this
|
|t:|1641011157
|move|p2a: seal that squeals|Scald|p1a: Celesteela
|-damage|p1a: Celesteela|81/100
|move|p1a: Celesteela|Leech Seed|p2a: seal that squeals
|-start|p2a: seal that squeals|move: Leech Seed
|
|-heal|p2a: seal that squeals|99/100|[from] item: Leftovers
|-heal|p1a: Celesteela|87/100|[from] item: Leftovers
|-damage|p2a: seal that squeals|88/100|[from] Leech Seed|[of] p1a: Celesteela
|-heal|p1a: Celesteela|98/100|[silent]
|upkeep
|turn|28
|
|t:|1641011166
|switch|p1a: Gardevoir|Gardevoir, M|100/100
|-ability|p1a: Gardevoir|Torrent|[from] ability: Trace|[of] p2a: seal that squeals
|move|p2a: seal that squeals|Scald|p1a: Gardevoir
|-damage|p1a: Gardevoir|63/100
|
|-heal|p2a: seal that squeals|94/100|[from] item: Leftovers
|-damage|p2a: seal that squeals|82/100|[from] Leech Seed|[of] p1a: Gardevoir
|-heal|p1a: Gardevoir|79/100|[silent]
|upkeep
|turn|29
|l| Syoun
|
|t:|1641011199
|switch|p1a: Azelf|Azelf|100/100
|switch|p2a: dave the brave|Braviary, M|100/100
|
|upkeep
|turn|30
|l| udongirl
|
|t:|1641011210
|move|p1a: Azelf|U-turn|p2a: dave the brave
|-resisted|p2a: dave the brave
|-damage|p2a: dave the brave|91/100
|
|t:|1641011214
|switch|p1a: Celesteela|Celesteela|98/100|[from]move: U-turn
|move|p2a: dave the brave|Bulk Up|p2a: dave the brave
|-boost|p2a: dave the brave|atk|1
|-boost|p2a: dave the brave|def|1
|
|-heal|p1a: Celesteela|100/100|[from] item: Leftovers
|upkeep
|turn|31
|
|t:|1641011217
|move|p2a: dave the brave|Substitute|p2a: dave the brave
|-start|p2a: dave the brave|Substitute
|-damage|p2a: dave the brave|66/100
|move|p1a: Celesteela|Flamethrower|p2a: dave the brave
|-activate|p2a: dave the brave|move: Substitute|[damage]
|
|upkeep
|turn|32
|
|t:|1641011229
|move|p2a: dave the brave|Roost|p2a: dave the brave
|-heal|p2a: dave the brave|100/100
|-singleturn|p2a: dave the brave|move: Roost
|move|p1a: Celesteela|Flamethrower|p2a: dave the brave
|-end|p2a: dave the brave|Substitute
|
|upkeep
|turn|33
|
|t:|1641011241
|switch|p1a: Toxtricity|Toxtricity, F|61/100
|move|p2a: dave the brave|Brave Bird|p1a: Toxtricity
|-resisted|p1a: Toxtricity
|-damage|p1a: Toxtricity|6/100
|-damage|p2a: dave the brave|87/100|[from] Recoil
|
|upkeep
|turn|34
|l| Driaden
|
|t:|1641011268
|switch|p2a: shroom of doom|Amoonguss, M|100/100
|-damage|p2a: shroom of doom|88/100|[from] Stealth Rock
|move|p1a: Toxtricity|Drain Punch|p2a: shroom of doom
|-resisted|p2a: shroom of doom
|-damage|p2a: shroom of doom|81/100
|-heal|p1a: Toxtricity|11/100|[from] drain|[of] p2a: shroom of doom
|-damage|p1a: Toxtricity|2/100|[from] item: Life Orb
|
|upkeep
|turn|35
|
|t:|1641011298
|switch|p1a: Gardevoir|Gardevoir, M|79/100
|-ability|p1a: Gardevoir|Regenerator|[from] ability: Trace|[of] p2a: shroom of doom
|move|p2a: shroom of doom|Synthesis|p2a: shroom of doom
|-heal|p2a: shroom of doom|100/100
|
|upkeep
|turn|36
|
|t:|1641011311
|move|p1a: Gardevoir|Psychic|p2a: shroom of doom
|-supereffective|p2a: shroom of doom
|-damage|p2a: shroom of doom|21/100
|move|p2a: shroom of doom|Sludge Bomb|p1a: Gardevoir
|-supereffective|p1a: Gardevoir
|-damage|p1a: Gardevoir|20/100
|
|upkeep
|turn|37
|
|t:|1641011333
|switch|p1a: Toxtricity|Toxtricity, F|2/100
|switch|p2a: peck ur neck|Mandibuzz, F|81/100
|-damage|p2a: peck ur neck|56/100|[from] Stealth Rock
|
|upkeep
|turn|38
|
|t:|1641011343
|switch|p2a: shroom of doom|Amoonguss, M|54/100
|-damage|p2a: shroom of doom|42/100|[from] Stealth Rock
|move|p1a: Toxtricity|Overdrive|p2a: shroom of doom
|-resisted|p2a: shroom of doom
|-damage|p2a: shroom of doom|9/100
|-damage|p1a: Toxtricity|0 fnt|[from] item: Life Orb
|faint|p1a: Toxtricity
|
|upkeep
|j| Juno
|
|t:|1641011358
|switch|p1a: Azelf|Azelf|100/100
|turn|39
|
|t:|1641011371
|move|p1a: Azelf|U-turn|p2a: shroom of doom
|-damage|p2a: shroom of doom|0 fnt
|faint|p2a: shroom of doom
|
|t:|1641011379
|switch|p1a: Celesteela|Celesteela|100/100|[from]move: U-turn
|
|upkeep
|l|timotheeshelmet
|
|t:|1641011437
|switch|p2a: seal that squeals|Primarina, M|82/100
|-damage|p2a: seal that squeals|69/100|[from] Stealth Rock
|turn|40
|
|t:|1641011451
|move|p2a: seal that squeals|Scald|p1a: Celesteela
|-damage|p1a: Celesteela|79/100
|move|p1a: Celesteela|Leech Seed|p2a: seal that squeals
|-start|p2a: seal that squeals|move: Leech Seed
|
|-heal|p2a: seal that squeals|75/100|[from] item: Leftovers
|-heal|p1a: Celesteela|85/100|[from] item: Leftovers
|-damage|p2a: seal that squeals|63/100|[from] Leech Seed|[of] p1a: Celesteela
|-heal|p1a: Celesteela|96/100|[silent]
|upkeep
|turn|41
|
|t:|1641011458
|move|p2a: seal that squeals|Scald|p1a: Celesteela
|-damage|p1a: Celesteela|76/100
|move|p1a: Celesteela|Heavy Slam|p2a: seal that squeals
|-damage|p2a: seal that squeals|25/100
|
|-heal|p2a: seal that squeals|32/100|[from] item: Leftovers
|-heal|p1a: Celesteela|82/100|[from] item: Leftovers
|-damage|p2a: seal that squeals|19/100|[from] Leech Seed|[of] p1a: Celesteela
|-heal|p1a: Celesteela|94/100|[silent]
|upkeep
|turn|42
|j| udongirl
|
|t:|1641011466
|switch|p1a: Gardevoir|Gardevoir, M|54/100
|-ability|p1a: Gardevoir|Torrent|[from] ability: Trace|[of] p2a: seal that squeals
|move|p2a: seal that squeals|Scald|p1a: Gardevoir
|-damage|p1a: Gardevoir|3/100
|
|-heal|p2a: seal that squeals|25/100|[from] item: Leftovers
|-damage|p2a: seal that squeals|13/100|[from] Leech Seed|[of] p1a: Gardevoir
|-heal|p1a: Gardevoir|20/100|[silent]
|upkeep
|turn|43
|
|t:|1641011478
|move|p1a: Gardevoir|Moonblast|p2a: seal that squeals
|-damage|p2a: seal that squeals|0 fnt
|faint|p2a: seal that squeals
|
|upkeep
|
|t:|1641011503
|switch|p2a: nihileggo my eggo|Nihilego|71/100
|-damage|p2a: nihileggo my eggo|59/100|[from] Stealth Rock
|turn|44
|
|t:|1641011517
|switch|p1a: Krookodile|Krookodile, M|26/100
|-ability|p1a: Krookodile|Intimidate|boost
|-unboost|p2a: nihileggo my eggo|atk|1
|move|p2a: nihileggo my eggo|Stealth Rock|p1a: Krookodile
|-sidestart|p1: Fairlumbo|move: Stealth Rock
|
|-heal|p2a: nihileggo my eggo|65/100|[from] item: Black Sludge
|-heal|p1a: Krookodile|33/100|[from] item: Leftovers
|upkeep
|turn|45
|
|t:|1641011538
|switch|p1a: Celesteela|Celesteela|94/100
|-damage|p1a: Celesteela|81/100|[from] Stealth Rock
|move|p2a: nihileggo my eggo|Sludge Bomb|p1a: Celesteela
|-immune|p1a: Celesteela
|
|-heal|p2a: nihileggo my eggo|71/100|[from] item: Black Sludge
|-heal|p1a: Celesteela|87/100|[from] item: Leftovers
|upkeep
|turn|46
|
|t:|1641011550
|move|p2a: nihileggo my eggo|Knock Off|p1a: Celesteela
|-damage|p1a: Celesteela|80/100
|-enditem|p1a: Celesteela|Leftovers|[from] move: Knock Off|[of] p2a: nihileggo my eggo
|move|p1a: Celesteela|Heavy Slam|p2a: nihileggo my eggo
|-supereffective|p2a: nihileggo my eggo
|-damage|p2a: nihileggo my eggo|0 fnt
|faint|p2a: nihileggo my eggo
|-ability|p1a: Celesteela|Beast Boost|boost
|-boost|p1a: Celesteela|spd|1
|
|upkeep
|
|t:|1641011553
|switch|p2a: dave the brave|Braviary, M|87/100
|turn|47
|
|t:|1641011563
|switch|p1a: Krookodile|Krookodile, M|33/100
|-damage|p1a: Krookodile|26/100|[from] Stealth Rock
|-ability|p1a: Krookodile|Intimidate|boost
|-unboost|p2a: dave the brave|atk|1
|-ability|p2a: dave the brave|Defiant
|-boost|p2a: dave the brave|atk|2
|move|p2a: dave the brave|Bulk Up|p2a: dave the brave
|-boost|p2a: dave the brave|atk|1
|-boost|p2a: dave the brave|def|1
|
|-heal|p1a: Krookodile|33/100|[from] item: Leftovers
|upkeep
|turn|48
|
|t:|1641011571
|move|p1a: Krookodile|Taunt|p2a: dave the brave
|-start|p2a: dave the brave|move: Taunt
|move|p2a: dave the brave|Brave Bird|p1a: Krookodile
|-damage|p1a: Krookodile|0 fnt
|faint|p1a: Krookodile
|-damage|p2a: dave the brave|79/100|[from] Recoil
|
|upkeep
|
|t:|1641011574
|switch|p1a: Gardevoir|Gardevoir, M|20/100
|-damage|p1a: Gardevoir|7/100|[from] Stealth Rock
|-ability|p1a: Gardevoir|Defiant|[from] ability: Trace|[of] p2a: dave the brave
|turn|49
|c|☆Fairlumbo|feel like I should have kept tox
|c|☆Fairlumbo|and hwished it
|c|☆pif|mistakes were made
|c|☆pif|we can keep it at that
|
|t:|1641011619
|switch|p2a: peck ur neck|Mandibuzz, F|56/100
|-damage|p2a: peck ur neck|31/100|[from] Stealth Rock
|move|p1a: Gardevoir|Moonblast|p2a: peck ur neck
|-supereffective|p2a: peck ur neck
|-damage|p2a: peck ur neck|0 fnt
|faint|p2a: peck ur neck
|
|upkeep
|
|t:|1641011622
|switch|p2a: holey moley|Excadrill, M|51/100
|-damage|p2a: holey moley|48/100|[from] Stealth Rock
|turn|50
|j| ChandosH
|
|t:|1641011636
|switch|p1a: Celesteela|Celesteela|80/100
|-damage|p1a: Celesteela|68/100|[from] Stealth Rock
|move|p2a: holey moley|Rapid Spin|p1a: Celesteela
|-resisted|p1a: Celesteela
|-damage|p1a: Celesteela|60/100
|-boost|p2a: holey moley|spe|1
|-sideend|p2: pif|Stealth Rock|[from] move: Rapid Spin|[of] p2a: holey moley
|
|-heal|p2a: holey moley|54/100|[from] item: Leftovers
|upkeep
|turn|51
|l| ChandosH
|l| Juno
|
|t:|1641011672
|move|p2a: holey moley|Iron Head|p1a: Celesteela
|-resisted|p1a: Celesteela
|-damage|p1a: Celesteela|42/100
|move|p1a: Celesteela|Leech Seed|p2a: holey moley
|-start|p2a: holey moley|move: Leech Seed
|
|-heal|p2a: holey moley|60/100|[from] item: Leftovers
|-damage|p2a: holey moley|48/100|[from] Leech Seed|[of] p1a: Celesteela
|-heal|p1a: Celesteela|54/100|[silent]
|upkeep
|turn|52
|
|t:|1641011680
|move|p2a: holey moley|Swords Dance|p2a: holey moley
|-boost|p2a: holey moley|atk|2
|move|p1a: Celesteela|Leech Seed||[still]
|-fail|p1a: Celesteela
|
|-heal|p2a: holey moley|54/100|[from] item: Leftovers
|-damage|p2a: holey moley|41/100|[from] Leech Seed|[of] p1a: Celesteela
|-heal|p1a: Celesteela|65/100|[silent]
|upkeep
|turn|53
|
|t:|1641011685
|move|p1a: Celesteela|Protect|p1a: Celesteela
|-singleturn|p1a: Celesteela|Protect
|move|p2a: holey moley|Iron Head|p1a: Celesteela
|-activate|p1a: Celesteela|move: Protect
|
|-heal|p2a: holey moley|48/100|[from] item: Leftovers
|-damage|p2a: holey moley|35/100|[from] Leech Seed|[of] p1a: Celesteela
|-heal|p1a: Celesteela|76/100|[silent]
|upkeep
|turn|54
|
|t:|1641011690
|switch|p1a: Gardevoir|Gardevoir, M|7/100
|-damage|p1a: Gardevoir|0 fnt|[from] Stealth Rock
|faint|p1a: Gardevoir
|move|p2a: holey moley|Iron Head|p1: Gardevoir|[notarget]
|-fail|p2a: holey moley
|
|-heal|p2a: holey moley|41/100|[from] item: Leftovers
|upkeep
|
|t:|1641011693
|switch|p1a: Celesteela|Celesteela|76/100
|-damage|p1a: Celesteela|64/100|[from] Stealth Rock
|turn|55
|
|t:|1641011696
|move|p2a: holey moley|Iron Head|p1a: Celesteela
|-resisted|p1a: Celesteela
|-damage|p1a: Celesteela|28/100
|move|p1a: Celesteela|Flamethrower|p2a: holey moley
|-supereffective|p2a: holey moley
|-damage|p2a: holey moley|0 fnt
|faint|p2a: holey moley
|-ability|p1a: Celesteela|Beast Boost|boost
|-boost|p1a: Celesteela|spd|1
|
|upkeep
|
|t:|1641011699
|switch|p2a: dave the brave|Braviary, M|79/100
|turn|56
|
|t:|1641011709
|move|p2a: dave the brave|Bulk Up|p2a: dave the brave
|-boost|p2a: dave the brave|atk|1
|-boost|p2a: dave the brave|def|1
|move|p1a: Celesteela|Heavy Slam|p2a: dave the brave
|-damage|p2a: dave the brave|49/100
|
|upkeep
|turn|57
|c|☆Fairlumbo|dont worry about that garde sac for no reason
|c|☆Fairlumbo|it didnt happen
|
|t:|1641011794
|move|p2a: dave the brave|Roost|p2a: dave the brave
|-heal|p2a: dave the brave|99/100
|-singleturn|p2a: dave the brave|move: Roost
|move|p1a: Celesteela|Heavy Slam|p2a: dave the brave
|-damage|p2a: dave the brave|67/100
|
|upkeep
|turn|58
|
|t:|1641011815
|move|p2a: dave the brave|Brave Bird|p1a: Celesteela
|-resisted|p1a: Celesteela
|-damage|p1a: Celesteela|0 fnt
|faint|p1a: Celesteela
|-damage|p2a: dave the brave|58/100|[from] Recoil
|
|upkeep
|
|t:|1641011817
|switch|p1a: Azelf|Azelf|100/100
|-damage|p1a: Azelf|88/100|[from] Stealth Rock
|turn|59
|
|t:|1641011824
|move|p1a: Azelf|Psychic|p2a: dave the brave
|-damage|p2a: dave the brave|22/100
|move|p2a: dave the brave|Brave Bird|p1a: Azelf
|-crit|p1a: Azelf
|-damage|p1a: Azelf|0 fnt
|faint|p1a: Azelf
|-damage|p2a: dave the brave|1/100|[from] Recoil
|
|win|pif
|raw|Fairlumbo's rating: 1494 &rarr; <strong>1488</strong><br />(-6 for losing)
|raw|pif's rating: 1798 &rarr; <strong>1804</strong><br />(+6 for winning)
|c|☆Fairlumbo|gg
|c|☆pif|gg
|l|☆Fairlumbo
|c| Aqua8Jet|holey shit
|c| Aqua8Jet|he did it
|c| Aqua8Jet|ggs pif
|l| udongirl
|c|☆pif|thanks
|l|☆pif
