|html|<div class="broadcast-blue"><strong>[Gen 8] UU is currently suspecting Mienshao! For information on how to participate check out the <a href="https://www.smogon.com/forums/threads/np-ss-uu-stage-10-3-pumped-up-kicks.3694543/">suspect thread</a>.</strong></div>
|j|☆Amane Misa
|j|☆Mimilucha
|t:|1639259361
|gametype|singles
|player|p1|Amane Misa|#amanemisa|
|player|p2|Mimilucha|acetrainer-gen4dp|
|teamsize|p1|6
|teamsize|p2|6
|gen|8
|tier|[Gen 8] UU
|rated|Tournament battle
|rule|Sleep Clause Mod: Limit one foe put to sleep
|rule|Species Clause: Limit one of each Pokémon
|rule|OHKO Clause: OHKO moves are banned
|rule|Evasion Moves Clause: Evasion moves are banned
|rule|Endless Battle Clause: Forcing endless battles is banned
|rule|HP Percentage Mod: HP is shown in percentages
|rule|Dynamax Clause: You cannot dynamax
|clearpoke
|poke|p1|Slowking, F|
|poke|p1|Tauros, M|
|poke|p1|Thundurus-Therian, M|
|poke|p1|Nidoking, M|
|poke|p1|Celesteela|
|poke|p1|Tapu Bulu|
|poke|p2|Mienshao, M|
|poke|p2|Salamence, M|
|poke|p2|Zarude|
|poke|p2|Slowking, F|
|poke|p2|Thundurus-Therian, M|
|poke|p2|Excadrill, M|
|teampreview
|inactive|Battle timer is ON: inactive players will automatically lose when time's up. (requested by Mimilucha)
|c|☆Mimilucha|hf
|c|☆Amane Misa|U2
|inactive|Mimilucha has 120 seconds left.
|l|☆Amane Misa
|inactive|Amane Misa disconnected and has a minute to reconnect!
|player|p1|
|
|t:|1639259413
|start
|switch|p1a: Tauros|Tauros, M|100/100
|switch|p2a: Slowking|Slowking, F|100/100
|turn|1
|inactiveoff|Battle timer is now OFF.
|j|☆Amane Misa
|player|p1|Amane Misa|#amanemisa
|
|t:|1639259457
|switch|p1a: Slowking|Slowking, F|100/100
|move|p2a: Slowking|Scald|p1a: Slowking
|-resisted|p1a: Slowking
|-damage|p1a: Slowking|89/100
|
|upkeep
|turn|2
|
|t:|1639259464
|move|p1a: Slowking|Teleport|p1a: Slowking
|
|t:|1639259471
|switch|p1a: Tauros|Tauros, M|100/100|[from]move: Teleport
|move|p2a: Slowking|Teleport|p2a: Slowking
|
|t:|1639259474
|switch|p2a: Salamence|Salamence, M|100/100|[from]move: Teleport
|-ability|p2a: Salamence|Intimidate|boost
|-unboost|p1a: Tauros|atk|1
|
|upkeep
|turn|3
|
|t:|1639259487
|switch|p1a: Slowking|Slowking, F|100/100
|switch|p2a: Thundurus|Thundurus-Therian, M|100/100
|
|upkeep
|turn|4
|j|+Shiba
|
|t:|1639259495
|switch|p1a: Tapu Bulu|Tapu Bulu|100/100
|-fieldstart|move: Grassy Terrain|[from] ability: Grassy Surge|[of] p1a: Tapu Bulu
|move|p2a: Thundurus|Knock Off|p1a: Tapu Bulu
|-resisted|p1a: Tapu Bulu
|-damage|p1a: Tapu Bulu|92/100
|-damage|p2a: Thundurus|84/100|[from] item: Rocky Helmet|[of] p1a: Tapu Bulu
|-enditem|p1a: Tapu Bulu|Rocky Helmet|[from] move: Knock Off|[of] p2a: Thundurus
|
|-heal|p1a: Tapu Bulu|98/100|[from] Grassy Terrain
|upkeep
|turn|5
|c|+Shiba|da bull
|
|t:|1639259506
|move|p2a: Thundurus|Volt Switch|p1a: Tapu Bulu
|-resisted|p1a: Tapu Bulu
|-damage|p1a: Tapu Bulu|77/100
|c|☆Amane Misa|horse
|
|t:|1639259515
|switch|p2a: Salamence|Salamence, M|100/100|[from]move: Volt Switch
|-ability|p2a: Salamence|Intimidate|boost
|-unboost|p1a: Tapu Bulu|atk|1
|move|p1a: Tapu Bulu|Stone Edge|p2a: Salamence
|-supereffective|p2a: Salamence
|-crit|p2a: Salamence
|-damage|p2a: Salamence|0 fnt
|faint|p2a: Salamence
|
|-heal|p1a: Tapu Bulu|83/100|[from] Grassy Terrain
|upkeep
|c|+Shiba|wanna test w/ me for champs after this
|j| Arxtric
|
|t:|1639259524
|switch|p2a: Mienshao|Mienshao, M|100/100
|turn|6
|c|☆Amane Misa|mb
|c|☆Amane Misa|sure
|
|t:|1639259538
|switch|p1a: Slowking|Slowking, F|100/100
|move|p2a: Mienshao|Knock Off|p1a: Slowking
|-supereffective|p1a: Slowking
|-enditem|p1a: Slowking|Colbur Berry|[eat]
|-enditem|p1a: Slowking|Colbur Berry|[weaken]
|-damage|p1a: Slowking|72/100
|-damage|p2a: Mienshao|91/100|[from] item: Life Orb
|
|-heal|p2a: Mienshao|96/100|[from] Grassy Terrain
|-heal|p1a: Slowking|78/100|[from] Grassy Terrain
|upkeep
|turn|7
|
|t:|1639259544
|move|p2a: Mienshao|U-turn|p1a: Slowking
|-supereffective|p1a: Slowking
|-damage|p1a: Slowking|36/100
|-damage|p2a: Mienshao|86/100|[from] item: Life Orb
|
|t:|1639259547
|switch|p2a: Zarude|Zarude|100/100|[from]move: U-turn
|move|p1a: Slowking|Teleport|p1a: Slowking
|
|t:|1639259552
|switch|p1a: Tapu Bulu|Tapu Bulu|83/100|[from]move: Teleport
|
|-heal|p1a: Tapu Bulu|89/100|[from] Grassy Terrain
|upkeep
|turn|8
|
|t:|1639259559
|move|p2a: Zarude|U-turn|p1a: Tapu Bulu
|-damage|p1a: Tapu Bulu|70/100
|
|t:|1639259575
|switch|p2a: Mienshao|Mienshao, M|100/100|[from]move: U-turn
|move|p1a: Tapu Bulu|Horn Leech|p2a: Mienshao
|-damage|p2a: Mienshao|0 fnt
|-heal|p1a: Tapu Bulu|100/100|[from] drain|[of] p2a: Mienshao
|faint|p2a: Mienshao
|
|-fieldend|move: Grassy Terrain
|upkeep
|
|t:|1639259579
|switch|p2a: Excadrill|Excadrill, M|100/100
|-ability|p2a: Excadrill|Mold Breaker
|turn|9
|
|t:|1639259585
|switch|p2a: Thundurus|Thundurus-Therian, M|84/100
|switch|p1a: Celesteela|Celesteela|100/100
|
|upkeep
|turn|10
|
|t:|1639259588
|switch|p1a: Tapu Bulu|Tapu Bulu|100/100
|-fieldstart|move: Grassy Terrain|[from] ability: Grassy Surge|[of] p1a: Tapu Bulu
|move|p2a: Thundurus|Volt Switch|p1a: Tapu Bulu
|-resisted|p1a: Tapu Bulu
|-damage|p1a: Tapu Bulu|80/100
|
|t:|1639259592
|switch|p2a: Excadrill|Excadrill, M|100/100|[from]move: Volt Switch
|-ability|p2a: Excadrill|Mold Breaker
|
|-heal|p1a: Tapu Bulu|87/100|[from] Grassy Terrain
|upkeep
|turn|11
|
|t:|1639259594
|switch|p1a: Celesteela|Celesteela|100/100
|move|p2a: Excadrill|Stealth Rock|p1a: Celesteela
|-sidestart|p1: Amane Misa|move: Stealth Rock
|
|upkeep
|turn|12
|
|t:|1639259598
|switch|p2a: Slowking|Slowking, F|100/100
|switch|p1a: Thundurus|Thundurus-Therian, M|100/100
|
|upkeep
|turn|13
|
|t:|1639259602
|move|p1a: Thundurus|Knock Off|p2a: Slowking
|-supereffective|p2a: Slowking
|-enditem|p2a: Slowking|Colbur Berry|[eat]
|-enditem|p2a: Slowking|Colbur Berry|[weaken]
|-damage|p2a: Slowking|81/100
|move|p2a: Slowking|Teleport|p2a: Slowking
|
|t:|1639259608
|switch|p2a: Zarude|Zarude|100/100|[from]move: Teleport
|
|upkeep
|turn|14
|
|t:|1639259614
|move|p2a: Zarude|U-turn|p1a: Thundurus
|-resisted|p1a: Thundurus
|-damage|p1a: Thundurus|84/100
|
|t:|1639259616
|switch|p2a: Slowking|Slowking, F|100/100|[from]move: U-turn
|move|p1a: Thundurus|Knock Off|p2a: Slowking
|-supereffective|p2a: Slowking
|-damage|p2a: Slowking|75/100
|
|-heal|p2a: Slowking|81/100|[from] Grassy Terrain
|-fieldend|move: Grassy Terrain
|upkeep
|turn|15
|
|t:|1639259621
|move|p1a: Thundurus|Volt Switch|p2a: Slowking
|-supereffective|p2a: Slowking
|-damage|p2a: Slowking|26/100
|j| Krook❤Claws
|
|t:|1639259625
|switch|p1a: Slowking|Slowking, F|69/100|[from]move: Volt Switch
|-damage|p1a: Slowking|57/100|[from] Stealth Rock
|move|p2a: Slowking|Slack Off|p2a: Slowking
|-heal|p2a: Slowking|76/100
|
|upkeep
|turn|16
|
|t:|1639259628
|move|p1a: Slowking|Scald|p2a: Slowking
|-resisted|p2a: Slowking
|-damage|p2a: Slowking|66/100
|move|p2a: Slowking|Teleport|p2a: Slowking
|
|t:|1639259631
|switch|p2a: Thundurus|Thundurus-Therian, M|84/100|[from]move: Teleport
|
|upkeep
|turn|17
|
|t:|1639259637
|switch|p1a: Tapu Bulu|Tapu Bulu|87/100
|-damage|p1a: Tapu Bulu|74/100|[from] Stealth Rock
|-fieldstart|move: Grassy Terrain|[from] ability: Grassy Surge|[of] p1a: Tapu Bulu
|move|p2a: Thundurus|Psychic|p1a: Tapu Bulu
|-damage|p1a: Tapu Bulu|41/100
|
|-heal|p1a: Tapu Bulu|47/100|[from] Grassy Terrain
|upkeep
|turn|18
|
|t:|1639259644
|move|p2a: Thundurus|Volt Switch|p1a: Tapu Bulu
|-resisted|p1a: Tapu Bulu
|-damage|p1a: Tapu Bulu|26/100
|
|t:|1639259647
|switch|p2a: Zarude|Zarude|100/100|[from]move: Volt Switch
|move|p1a: Tapu Bulu|Horn Leech|p2a: Zarude
|-resisted|p2a: Zarude
|-damage|p2a: Zarude|77/100
|-heal|p1a: Tapu Bulu|38/100|[from] drain|[of] p2a: Zarude
|
|-heal|p2a: Zarude|83/100|[from] Grassy Terrain
|-heal|p1a: Tapu Bulu|44/100|[from] Grassy Terrain
|upkeep
|turn|19
|c| Krook❤Claws|oh its a Turos
|
|t:|1639259651
|move|p2a: Zarude|U-turn|p1a: Tapu Bulu
|-damage|p1a: Tapu Bulu|25/100
|
|t:|1639259654
|switch|p2a: Thundurus|Thundurus-Therian, M|84/100|[from]move: U-turn
|move|p1a: Tapu Bulu|Horn Leech|p2a: Thundurus
|-resisted|p2a: Thundurus
|-damage|p2a: Thundurus|47/100
|-heal|p1a: Tapu Bulu|41/100|[from] drain|[of] p2a: Thundurus
|
|-heal|p1a: Tapu Bulu|48/100|[from] Grassy Terrain
|upkeep
|turn|20
|
|t:|1639259658
|move|p2a: Thundurus|Volt Switch|p1a: Tapu Bulu
|-resisted|p1a: Tapu Bulu
|-damage|p1a: Tapu Bulu|27/100
|
|t:|1639259660
|switch|p2a: Zarude|Zarude|83/100|[from]move: Volt Switch
|move|p1a: Tapu Bulu|Horn Leech|p2a: Zarude
|-resisted|p2a: Zarude
|-damage|p2a: Zarude|58/100
|-heal|p1a: Tapu Bulu|39/100|[from] drain|[of] p2a: Zarude
|
|-heal|p2a: Zarude|64/100|[from] Grassy Terrain
|-heal|p1a: Tapu Bulu|46/100|[from] Grassy Terrain
|upkeep
|turn|21
|
|t:|1639259663
|move|p2a: Zarude|Power Whip|p1a: Tapu Bulu
|-resisted|p1a: Tapu Bulu
|-damage|p1a: Tapu Bulu|11/100
|move|p1a: Tapu Bulu|Horn Leech|p2a: Zarude
|-resisted|p2a: Zarude
|-damage|p2a: Zarude|43/100
|-heal|p1a: Tapu Bulu|21/100|[from] drain|[of] p2a: Zarude
|
|-heal|p2a: Zarude|49/100|[from] Grassy Terrain
|-heal|p1a: Tapu Bulu|28/100|[from] Grassy Terrain
|-fieldend|move: Grassy Terrain
|upkeep
|turn|22
|
|t:|1639259668
|switch|p2a: Thundurus|Thundurus-Therian, M|47/100
|switch|p1a: Celesteela|Celesteela|100/100
|-damage|p1a: Celesteela|88/100|[from] Stealth Rock
|
|-heal|p1a: Celesteela|94/100|[from] item: Leftovers
|upkeep
|turn|23
|
|t:|1639259672
|move|p2a: Thundurus|Knock Off|p1a: Celesteela
|-damage|p1a: Celesteela|78/100
|-enditem|p1a: Celesteela|Leftovers|[from] move: Knock Off|[of] p2a: Thundurus
|move|p1a: Celesteela|Leech Seed|p2a: Thundurus|[miss]
|-miss|p1a: Celesteela|p2a: Thundurus
|
|upkeep
|turn|24
|
|t:|1639259678
|switch|p1a: Thundurus|Thundurus-Therian, M|84/100
|move|p2a: Thundurus|Volt Switch|p1a: Thundurus
|-heal|p1a: Thundurus|100/100|[from] ability: Volt Absorb|[of] p2a: Thundurus
|
|upkeep
|turn|25
|
|t:|1639259681
|switch|p2a: Slowking|Slowking, F|99/100
|move|p1a: Thundurus|Psychic|p2a: Slowking
|-resisted|p2a: Slowking
|-damage|p2a: Slowking|88/100
|
|upkeep
|turn|26
|
|t:|1639259687
|move|p1a: Thundurus|Volt Switch|p2a: Slowking
|-supereffective|p2a: Slowking
|-damage|p2a: Slowking|33/100
|
|t:|1639259689
|switch|p1a: Nidoking|Nidoking, M|100/100|[from]move: Volt Switch
|-damage|p1a: Nidoking|95/100|[from] Stealth Rock
|move|p2a: Slowking|Scald|p1a: Nidoking
|-supereffective|p1a: Nidoking
|-damage|p1a: Nidoking|11/100
|
|upkeep
|turn|27
|
|t:|1639259699
|switch|p2a: Excadrill|Excadrill, M|100/100
|-ability|p2a: Excadrill|Mold Breaker
|move|p1a: Nidoking|Stealth Rock|p2a: Excadrill
|-sidestart|p2: Mimilucha|move: Stealth Rock
|
|upkeep
|turn|28
|
|t:|1639259707
|switch|p1a: Slowking|Slowking, F|90/100
|-damage|p1a: Slowking|77/100|[from] Stealth Rock
|move|p2a: Excadrill|Rapid Spin|p1a: Slowking
|-damage|p1a: Slowking|66/100
|-boost|p2a: Excadrill|spe|1
|-sideend|p2: Mimilucha|Stealth Rock|[from] move: Rapid Spin|[of] p2a: Excadrill
|
|upkeep
|turn|29
|
|t:|1639259711
|move|p2a: Excadrill|Toxic|p1a: Slowking
|-status|p1a: Slowking|tox
|move|p1a: Slowking|Scald|p2a: Excadrill
|-supereffective|p2a: Excadrill
|-damage|p2a: Excadrill|41/100
|
|-heal|p2a: Excadrill|47/100|[from] item: Leftovers
|-damage|p1a: Slowking|60/100 tox|[from] psn
|upkeep
|turn|30
|
|t:|1639259714
|switch|p2a: Zarude|Zarude|49/100
|move|p1a: Slowking|Teleport|p1a: Slowking
|
|t:|1639259720
|switch|p1a: Celesteela|Celesteela|78/100|[from]move: Teleport
|-damage|p1a: Celesteela|66/100|[from] Stealth Rock
|
|upkeep
|turn|31
|
|t:|1639259722
|move|p2a: Zarude|U-turn|p1a: Celesteela
|-resisted|p1a: Celesteela
|-damage|p1a: Celesteela|62/100
|
|t:|1639259724
|switch|p2a: Slowking|Slowking, F|66/100|[from]move: U-turn
|move|p1a: Celesteela|Leech Seed|p2a: Slowking
|-start|p2a: Slowking|move: Leech Seed
|
|-damage|p2a: Slowking|54/100|[from] Leech Seed|[of] p1a: Celesteela
|-heal|p1a: Celesteela|74/100|[silent]
|upkeep
|turn|32
|
|t:|1639259728
|move|p1a: Celesteela|Flamethrower|p2a: Slowking
|-resisted|p2a: Slowking
|-damage|p2a: Slowking|47/100
|move|p2a: Slowking|Teleport|p2a: Slowking
|
|t:|1639259732
|switch|p2a: Zarude|Zarude|49/100|[from]move: Teleport
|
|upkeep
|turn|33
|
|t:|1639259736
|move|p2a: Zarude|U-turn|p1a: Celesteela
|-resisted|p1a: Celesteela
|-damage|p1a: Celesteela|70/100
|
|t:|1639259738
|switch|p2a: Slowking|Slowking, F|80/100|[from]move: U-turn
|move|p1a: Celesteela|Heavy Slam|p2a: Slowking
|-resisted|p2a: Slowking
|-damage|p2a: Slowking|63/100
|
|upkeep
|turn|34
|
|t:|1639259741
|move|p1a: Celesteela|Leech Seed|p2a: Slowking
|-start|p2a: Slowking|move: Leech Seed
|move|p2a: Slowking|Teleport|p2a: Slowking
|
|t:|1639259743
|switch|p2a: Thundurus|Thundurus-Therian, M|47/100|[from]move: Teleport
|
|upkeep
|turn|35
|
|t:|1639259749
|switch|p1a: Nidoking|Nidoking, M|11/100
|-damage|p1a: Nidoking|5/100|[from] Stealth Rock
|move|p2a: Thundurus|Volt Switch|p1a: Nidoking
|-immune|p1a: Nidoking
|
|upkeep
|turn|36
|
|t:|1639259752
|move|p2a: Thundurus|Knock Off|p1a: Nidoking
|-damage|p1a: Nidoking|0 fnt
|-enditem|p1a: Nidoking|Life Orb|[from] move: Knock Off|[of] p2a: Thundurus
|faint|p1a: Nidoking
|
|upkeep
|
|t:|1639259754
|switch|p1a: Tauros|Tauros, M|100/100
|-damage|p1a: Tauros|88/100|[from] Stealth Rock
|turn|37
|
|t:|1639259760
|switch|p2a: Excadrill|Excadrill, M|47/100
|-ability|p2a: Excadrill|Mold Breaker
|move|p1a: Tauros|Body Slam|p2a: Excadrill
|-resisted|p2a: Excadrill
|-damage|p2a: Excadrill|2/100
|
|-heal|p2a: Excadrill|9/100|[from] item: Leftovers
|upkeep
|turn|38
|
|t:|1639259762
|move|p1a: Tauros|Body Slam|p2a: Excadrill
|-resisted|p2a: Excadrill
|-damage|p2a: Excadrill|0 fnt
|faint|p2a: Excadrill
|
|upkeep
|
|t:|1639259765
|switch|p2a: Slowking|Slowking, F|96/100
|turn|39
|
|t:|1639259770
|switch|p1a: Tapu Bulu|Tapu Bulu|28/100
|-damage|p1a: Tapu Bulu|15/100|[from] Stealth Rock
|-fieldstart|move: Grassy Terrain|[from] ability: Grassy Surge|[of] p1a: Tapu Bulu
|move|p2a: Slowking|Scald|p1a: Tapu Bulu
|-resisted|p1a: Tapu Bulu
|-damage|p1a: Tapu Bulu|2/100
|
|-heal|p1a: Tapu Bulu|8/100|[from] Grassy Terrain
|-heal|p2a: Slowking|100/100|[from] Grassy Terrain
|upkeep
|turn|40
|
|t:|1639259775
|switch|p2a: Zarude|Zarude|49/100
|move|p1a: Tapu Bulu|Horn Leech|p2a: Zarude
|-resisted|p2a: Zarude
|-damage|p2a: Zarude|26/100
|-heal|p1a: Tapu Bulu|20/100|[from] drain|[of] p2a: Zarude
|
|-heal|p2a: Zarude|32/100|[from] Grassy Terrain
|-heal|p1a: Tapu Bulu|26/100|[from] Grassy Terrain
|upkeep
|turn|41
|
|t:|1639259779
|switch|p1a: Celesteela|Celesteela|70/100
|-damage|p1a: Celesteela|58/100|[from] Stealth Rock
|move|p2a: Zarude|Power Whip|p1a: Celesteela
|-resisted|p1a: Celesteela
|-damage|p1a: Celesteela|43/100
|
|-heal|p2a: Zarude|38/100|[from] Grassy Terrain
|upkeep
|turn|42
|
|t:|1639259785
|move|p2a: Zarude|Power Whip|p1a: Celesteela
|-resisted|p1a: Celesteela
|-damage|p1a: Celesteela|29/100
|move|p1a: Celesteela|Leech Seed|p2a: Zarude
|-immune|p2a: Zarude
|
|-heal|p2a: Zarude|44/100|[from] Grassy Terrain
|upkeep
|turn|43
|
|t:|1639259788
|switch|p2a: Slowking|Slowking, F|100/100
|move|p1a: Celesteela|Leech Seed|p2a: Slowking
|-start|p2a: Slowking|move: Leech Seed
|
|-damage|p2a: Slowking|88/100|[from] Leech Seed|[of] p1a: Celesteela
|-heal|p1a: Celesteela|41/100|[silent]
|-fieldend|move: Grassy Terrain
|upkeep
|turn|44
|
|t:|1639259796
|move|p1a: Celesteela|Flamethrower|p2a: Slowking
|-resisted|p2a: Slowking
|-crit|p2a: Slowking
|-damage|p2a: Slowking|76/100
|move|p2a: Slowking|Teleport|p2a: Slowking
|
|t:|1639259798
|switch|p2a: Thundurus|Thundurus-Therian, M|47/100|[from]move: Teleport
|
|upkeep
|turn|45
|
|t:|1639259800
|switch|p1a: Tapu Bulu|Tapu Bulu|26/100
|-damage|p1a: Tapu Bulu|14/100|[from] Stealth Rock
|-fieldstart|move: Grassy Terrain|[from] ability: Grassy Surge|[of] p1a: Tapu Bulu
|move|p2a: Thundurus|Volt Switch|p1a: Tapu Bulu
|-resisted|p1a: Tapu Bulu
|-damage|p1a: Tapu Bulu|0 fnt
|faint|p1a: Tapu Bulu
|
|t:|1639259804
|switch|p2a: Zarude|Zarude|44/100|[from]move: Volt Switch
|
|-heal|p2a: Zarude|50/100|[from] Grassy Terrain
|upkeep
|
|t:|1639259807
|switch|p1a: Thundurus|Thundurus-Therian, M|100/100
|turn|46
|
|t:|1639259810
|move|p2a: Zarude|U-turn|p1a: Thundurus
|-resisted|p1a: Thundurus
|-damage|p1a: Thundurus|83/100
|
|t:|1639259811
|switch|p2a: Slowking|Slowking, F|100/100|[from]move: U-turn
|move|p1a: Thundurus|Knock Off|p2a: Slowking
|-supereffective|p2a: Slowking
|-damage|p2a: Slowking|76/100
|
|-heal|p2a: Slowking|82/100|[from] Grassy Terrain
|upkeep
|turn|47
|
|t:|1639259817
|move|p1a: Thundurus|Grass Knot|p2a: Slowking
|-supereffective|p2a: Slowking
|-damage|p2a: Slowking|43/100
|move|p2a: Slowking|Slack Off|p2a: Slowking
|-heal|p2a: Slowking|93/100
|
|-heal|p2a: Slowking|99/100|[from] Grassy Terrain
|upkeep
|turn|48
|
|t:|1639259821
|move|p1a: Thundurus|Grass Knot|p2a: Slowking
|-supereffective|p2a: Slowking
|-damage|p2a: Slowking|57/100
|move|p2a: Slowking|Scald|p1a: Thundurus
|-crit|p1a: Thundurus
|-damage|p1a: Thundurus|29/100
|
|-heal|p2a: Slowking|63/100|[from] Grassy Terrain
|upkeep
|turn|49
|
|t:|1639259825
|switch|p2a: Thundurus|Thundurus-Therian, M|47/100
|move|p1a: Thundurus|Knock Off|p2a: Thundurus
|-damage|p2a: Thundurus|17/100
|-enditem|p2a: Thundurus|Heavy-Duty Boots|[from] move: Knock Off|[of] p1a: Thundurus
|
|-fieldend|move: Grassy Terrain
|upkeep
|turn|50
|
|t:|1639259829
|move|p2a: Thundurus|Psychic|p1a: Thundurus
|-damage|p1a: Thundurus|0 fnt
|faint|p1a: Thundurus
|
|upkeep
|
|t:|1639259831
|switch|p1a: Tauros|Tauros, M|88/100
|-damage|p1a: Tauros|76/100|[from] Stealth Rock
|turn|51
|
|t:|1639259839
|move|p1a: Tauros|Body Slam|p2a: Thundurus
|-damage|p2a: Thundurus|0 fnt
|faint|p2a: Thundurus
|
|upkeep
|
|t:|1639259841
|switch|p2a: Slowking|Slowking, F|96/100
|turn|52
|
|t:|1639259846
|switch|p1a: Slowking|Slowking, F|93/100 tox
|-damage|p1a: Slowking|81/100 tox|[from] Stealth Rock
|move|p2a: Slowking|Scald|p1a: Slowking
|-resisted|p1a: Slowking
|-damage|p1a: Slowking|69/100 tox
|
|-damage|p1a: Slowking|63/100 tox|[from] psn
|upkeep
|turn|53
|
|t:|1639259849
|move|p1a: Slowking|Scald|p2a: Slowking
|-resisted|p2a: Slowking
|-damage|p2a: Slowking|88/100
|-status|p2a: Slowking|brn
|move|p2a: Slowking|Future Sight|p1a: Slowking
|-start|p2a: Slowking|move: Future Sight
|
|-damage|p1a: Slowking|51/100 tox|[from] psn
|-damage|p2a: Slowking|81/100 brn|[from] brn
|upkeep
|turn|54
|
|t:|1639259853
|move|p1a: Slowking|Slack Off|p1a: Slowking
|-heal|p1a: Slowking|100/100 tox
|move|p2a: Slowking|Scald|p1a: Slowking
|-resisted|p1a: Slowking
|-damage|p1a: Slowking|89/100 tox
|
|-damage|p1a: Slowking|71/100 tox|[from] psn
|-damage|p2a: Slowking|75/100 brn|[from] brn
|upkeep
|turn|55
|
|t:|1639259856
|move|p1a: Slowking|Slack Off|p1a: Slowking
|-heal|p1a: Slowking|100/100 tox
|move|p2a: Slowking|Scald|p1a: Slowking
|-resisted|p1a: Slowking
|-damage|p1a: Slowking|89/100 tox
|
|-end|p1a: Slowking|move: Future Sight
|-resisted|p1a: Slowking
|-damage|p1a: Slowking|73/100 tox
|-damage|p1a: Slowking|49/100 tox|[from] psn
|-damage|p2a: Slowking|69/100 brn|[from] brn
|upkeep
|turn|56
|
|t:|1639259859
|move|p2a: Slowking|Scald|p1a: Slowking
|-resisted|p1a: Slowking
|-damage|p1a: Slowking|37/100 tox
|move|p1a: Slowking|Teleport|p1a: Slowking
|
|t:|1639259862
|switch|p1a: Tauros|Tauros, M|76/100|[from]move: Teleport
|-damage|p1a: Tauros|63/100|[from] Stealth Rock
|
|-damage|p2a: Slowking|63/100 brn|[from] brn
|upkeep
|turn|57
|
|t:|1639259864
|move|p1a: Tauros|Throat Chop|p2a: Slowking
|-supereffective|p2a: Slowking
|-damage|p2a: Slowking|0 fnt
|faint|p2a: Slowking
|
|upkeep
|
|t:|1639259867
|switch|p2a: Zarude|Zarude|50/100
|turn|58
|j| Kyliananas
|
|t:|1639259869
|move|p2a: Zarude|Darkest Lariat|p1a: Tauros
|-damage|p1a: Tauros|14/100
|move|p1a: Tauros|Body Slam|p2a: Zarude
|-damage|p2a: Zarude|0 fnt
|faint|p2a: Zarude
|
|win|Amane Misa
|n|☆Mimilucha|mimilucha
|n|☆Amane Misa|amanemisa
|n|+Shiba|shiba
|n| Arxtric|arxtric
|n| Krook❤Claws|krookclaws
|n| Kyliananas|kyliananas
|c|☆Mimilucha|gg
|c|☆Amane Misa|gg
|l|☆Mimilucha
|l| Krook❤Claws
|l| Kyliananas
|l|☆Amane Misa
|l|+Shiba
|j| Aqua8Jet
