|j|☆galactest bro !
|j|☆TheFlawlessWin
|t:|1620998610
|gametype|singles
|player|p1|galactest bro !|102|1478
|player|p2|TheFlawlessWin|lance|1749
|teamsize|p1|6
|teamsize|p2|6
|gen|8
|tier|[Gen 8] UU
|rated|
|rule|Sleep Clause Mod: Limit one foe put to sleep
|rule|Species Clause: Limit one of each Pokémon
|rule|OHKO Clause: OHKO moves are banned
|rule|Evasion Moves Clause: Evasion moves are banned
|rule|Endless Battle Clause: Forcing endless battles is banned
|rule|HP Percentage Mod: HP is shown in percentages
|rule|Dynamax Clause: You cannot dynamax
|clearpoke
|poke|p1|Jirachi|
|poke|p1|Azumarill, M|
|poke|p1|Amoonguss, F|
|poke|p1|Zygarde-10%|
|poke|p1|Rotom-Heat|
|poke|p1|Cobalion|
|poke|p2|Conkeldurr, F|
|poke|p2|Rotom-Heat|
|poke|p2|Zarude|
|poke|p2|Celesteela|
|poke|p2|Tentacruel, M|
|poke|p2|Palossand, M|
|teampreview
|
|t:|1620998651
|start
|switch|p1a: Cobalion|Cobalion|100/100
|switch|p2a: Zarude|Zarude|100/100
|turn|1
|
|t:|1620998656
|move|p2a: Zarude|U-turn|p1a: Cobalion
|-resisted|p1a: Cobalion
|-damage|p1a: Cobalion|96/100
|
|t:|1620998664
|switch|p2a: Conkeldurr|Conkeldurr, F|100/100|[from]move: U-turn
|move|p1a: Cobalion|Stealth Rock|p2a: Conkeldurr
|-sidestart|p2: TheFlawlessWin|move: Stealth Rock
|
|-status|p2a: Conkeldurr|brn|[from] item: Flame Orb
|upkeep
|turn|2
|
|t:|1620998673
|move|p1a: Cobalion|Volt Switch|p2a: Conkeldurr
|-damage|p2a: Conkeldurr|84/100 brn
|
|t:|1620998678
|switch|p1a: Amoonguss|Amoonguss, F|100/100|[from]move: Volt Switch
|move|p2a: Conkeldurr|Knock Off|p1a: Amoonguss
|-damage|p1a: Amoonguss|60/100
|-damage|p2a: Conkeldurr|67/100 brn|[from] item: Rocky Helmet|[of] p1a: Amoonguss
|-enditem|p1a: Amoonguss|Rocky Helmet|[from] move: Knock Off|[of] p2a: Conkeldurr
|
|-damage|p2a: Conkeldurr|61/100 brn|[from] brn
|upkeep
|turn|3
|
|t:|1620998699
|switch|p1a: Cobalion|Cobalion|96/100
|move|p2a: Conkeldurr|Facade|p1a: Cobalion
|-resisted|p1a: Cobalion
|-crit|p1a: Cobalion
|-damage|p1a: Cobalion|39/100
|
|-damage|p2a: Conkeldurr|55/100 brn|[from] brn
|upkeep
|turn|4
|
|t:|1620998712
|switch|p1a: Amoonguss|Amoonguss, F|94/100
|switch|p2a: Palossand|Palossand, M|100/100
|-damage|p2a: Palossand|94/100|[from] Stealth Rock
|
|upkeep
|turn|5
|
|t:|1620998733
|switch|p1a: Zygarde|Zygarde-10%|100/100
|-ability|p1a: Zygarde|Aura Break
|move|p2a: Palossand|Stealth Rock|p1a: Zygarde
|-sidestart|p1: galactest bro !|move: Stealth Rock
|
|upkeep
|turn|6
|
|t:|1620998741
|move|p1a: Zygarde|Toxic|p2a: Palossand
|-status|p2a: Palossand|tox
|move|p2a: Palossand|Scorching Sands|p1a: Zygarde
|-damage|p1a: Zygarde|63/100
|
|-damage|p2a: Palossand|88/100 tox|[from] psn
|upkeep
|turn|7
|j| Krockodile
|
|t:|1620998763
|switch|p1a: Amoonguss|Amoonguss, F|100/100
|-damage|p1a: Amoonguss|88/100|[from] Stealth Rock
|move|p2a: Palossand|Shadow Ball|p1a: Amoonguss
|-damage|p1a: Amoonguss|60/100
|
|-damage|p2a: Palossand|76/100 tox|[from] psn
|upkeep
|turn|8
|
|t:|1620998782
|switch|p2a: Conkeldurr|Conkeldurr, F|55/100 brn
|-damage|p2a: Conkeldurr|48/100 brn|[from] Stealth Rock
|switch|p1a: Zygarde|Zygarde-10%|63/100
|-damage|p1a: Zygarde|57/100|[from] Stealth Rock
|-ability|p1a: Zygarde|Aura Break
|
|-damage|p2a: Conkeldurr|42/100 brn|[from] brn
|upkeep
|turn|9
|
|t:|1620998813
|switch|p1a: Amoonguss|Amoonguss, F|93/100
|-damage|p1a: Amoonguss|81/100|[from] Stealth Rock
|move|p2a: Conkeldurr|Mach Punch|p1a: Amoonguss
|-resisted|p1a: Amoonguss
|-damage|p1a: Amoonguss|67/100
|
|-damage|p2a: Conkeldurr|36/100 brn|[from] brn
|upkeep
|turn|10
|
|t:|1620998843
|switch|p2a: Tentacruel|Tentacruel, M|100/100
|-damage|p2a: Tentacruel|88/100|[from] Stealth Rock
|move|p1a: Amoonguss|Giga Drain|p2a: Tentacruel
|-damage|p2a: Tentacruel|69/100
|-damage|p1a: Amoonguss|59/100|[from] ability: Liquid Ooze|[of] p2a: Tentacruel
|
|-heal|p2a: Tentacruel|75/100|[from] item: Black Sludge
|upkeep
|turn|11
|
|t:|1620998855
|move|p2a: Tentacruel|Rapid Spin|p1a: Amoonguss
|-damage|p1a: Amoonguss|54/100
|-boost|p2a: Tentacruel|spe|1
|-sideend|p2: TheFlawlessWin|Stealth Rock|[from] move: Rapid Spin|[of] p2a: Tentacruel
|move|p1a: Amoonguss|Spore|p2a: Tentacruel
|-status|p2a: Tentacruel|slp|[from] move: Spore
|
|-heal|p2a: Tentacruel|81/100 slp|[from] item: Black Sludge
|upkeep
|turn|12
|l| Krockodile
|
|t:|1620998870
|switch|p1a: Zygarde|Zygarde-10%|57/100
|-damage|p1a: Zygarde|51/100|[from] Stealth Rock
|-ability|p1a: Zygarde|Aura Break
|cant|p2a: Tentacruel|slp
|
|-heal|p2a: Tentacruel|87/100 slp|[from] item: Black Sludge
|upkeep
|turn|13
|
|t:|1620998879
|switch|p2a: Zarude|Zarude|100/100
|move|p1a: Zygarde|Thousand Arrows|p2a: Zarude
|-resisted|p2a: Zarude
|-damage|p2a: Zarude|71/100
|
|upkeep
|turn|14
|
|t:|1620998889
|switch|p1a: Amoonguss|Amoonguss, F|88/100
|-damage|p1a: Amoonguss|75/100|[from] Stealth Rock
|move|p2a: Zarude|U-turn|p1a: Amoonguss
|-damage|p1a: Amoonguss|59/100
|
|t:|1620998894
|switch|p2a: Rotom|Rotom-Heat|100/100|[from]move: U-turn
|
|upkeep
|turn|15
|
|t:|1620998925
|switch|p1a: Rotom|Rotom-Heat|100/100
|move|p2a: Rotom|Volt Switch|p1a: Rotom
|-resisted|p1a: Rotom
|-damage|p1a: Rotom|90/100
|
|t:|1620998939
|switch|p2a: Tentacruel|Tentacruel, M|87/100 slp|[from]move: Volt Switch
|
|-heal|p2a: Tentacruel|93/100 slp|[from] item: Black Sludge
|upkeep
|turn|16
|
|t:|1620998948
|switch|p1a: Zygarde|Zygarde-10%|51/100
|-damage|p1a: Zygarde|45/100|[from] Stealth Rock
|-ability|p1a: Zygarde|Aura Break
|cant|p2a: Tentacruel|slp
|
|-heal|p2a: Tentacruel|99/100 slp|[from] item: Black Sludge
|upkeep
|turn|17
|
|t:|1620998969
|switch|p2a: Celesteela|Celesteela|100/100
|move|p1a: Zygarde|Thousand Arrows|p2a: Celesteela
|-damage|p2a: Celesteela|55/100
|-start|p2a: Celesteela|Smack Down
|
|-heal|p2a: Celesteela|61/100|[from] item: Leftovers
|upkeep
|turn|18
|
|t:|1620998977
|move|p2a: Celesteela|Protect|p2a: Celesteela
|-singleturn|p2a: Celesteela|Protect
|move|p1a: Zygarde|Thousand Arrows|p2a: Celesteela
|-activate|p2a: Celesteela|move: Protect
|
|-heal|p2a: Celesteela|67/100|[from] item: Leftovers
|upkeep
|turn|19
|
|t:|1620998984
|switch|p2a: Zarude|Zarude|71/100
|move|p1a: Zygarde|Thousand Arrows|p2a: Zarude
|-resisted|p2a: Zarude
|-damage|p2a: Zarude|43/100
|
|upkeep
|turn|20
|
|t:|1620999010
|switch|p1a: Amoonguss|Amoonguss, F|92/100
|-damage|p1a: Amoonguss|80/100|[from] Stealth Rock
|move|p2a: Zarude|Darkest Lariat|p1a: Amoonguss
|-damage|p1a: Amoonguss|50/100
|
|upkeep
|turn|21
|
|t:|1620999027
|switch|p2a: Tentacruel|Tentacruel, M|99/100 slp
|switch|p1a: Zygarde|Zygarde-10%|45/100
|-damage|p1a: Zygarde|39/100|[from] Stealth Rock
|-ability|p1a: Zygarde|Aura Break
|
|-heal|p2a: Tentacruel|100/100 slp|[from] item: Black Sludge
|upkeep
|turn|22
|
|t:|1620999059
|switch|p2a: Palossand|Palossand, M|76/100 tox
|move|p1a: Zygarde|Thousand Arrows|p2a: Palossand
|-damage|p2a: Palossand|37/100 tox
|
|-damage|p2a: Palossand|30/100 tox|[from] psn
|upkeep
|turn|23
|
|t:|1620999069
|move|p1a: Zygarde|Thousand Arrows|p2a: Palossand
|-crit|p2a: Palossand
|-damage|p2a: Palossand|0 fnt
|faint|p2a: Palossand
|
|upkeep
|
|t:|1620999122
|switch|p2a: Zarude|Zarude|43/100
|turn|24
|
|t:|1620999140
|switch|p1a: Rotom|Rotom-Heat|90/100
|move|p2a: Zarude|Darkest Lariat|p1a: Rotom
|-crit|p1a: Rotom
|-damage|p1a: Rotom|23/100
|
|upkeep
|turn|25
|
|t:|1620999160
|move|p2a: Zarude|Darkest Lariat|p1a: Rotom
|-damage|p1a: Rotom|0 fnt
|faint|p1a: Rotom
|
|upkeep
|
|t:|1620999165
|switch|p1a: Azumarill|Azumarill, M|100/100
|-damage|p1a: Azumarill|88/100|[from] Stealth Rock
|turn|26
|
|t:|1620999177
|move|p2a: Zarude|Darkest Lariat|p1a: Azumarill
|-resisted|p1a: Azumarill
|-damage|p1a: Azumarill|63/100
|move|p1a: Azumarill|Belly Drum|p1a: Azumarill
|-damage|p1a: Azumarill|13/100
|-setboost|p1a: Azumarill|atk|6|[from] move: Belly Drum
|-enditem|p1a: Azumarill|Sitrus Berry|[eat]
|-heal|p1a: Azumarill|38/100|[from] item: Sitrus Berry
|
|upkeep
|turn|27
|
|t:|1620999204
|move|p1a: Azumarill|Aqua Jet|p2a: Zarude
|-resisted|p2a: Zarude
|-damage|p2a: Zarude|0 fnt
|faint|p2a: Zarude
|
|upkeep
|
|t:|1620999206
|switch|p2a: Tentacruel|Tentacruel, M|100/100 slp
|turn|28
|
|t:|1620999210
|cant|p2a: Tentacruel|slp
|move|p1a: Azumarill|Knock Off|p2a: Tentacruel
|-damage|p2a: Tentacruel|0 fnt
|-enditem|p2a: Tentacruel|Black Sludge|[from] move: Knock Off|[of] p1a: Azumarill
|faint|p2a: Tentacruel
|
|upkeep
|c|☆TheFlawlessWin|of fucking course
|c|☆TheFlawlessWin|I get max sleep trns
|-message|TheFlawlessWin forfeited.
|
|win|galactest bro !
|raw|galactest bro !'s rating: 1478 &rarr; <strong>1511</strong><br />(+33 for winning)
|raw|TheFlawlessWin's rating: 1749 &rarr; <strong>1716</strong><br />(-33 for losing)
|l|☆TheFlawlessWin
||Ladder isn't responding, score probably updated but might not have (Request timeout).
