|j|☆Low Ladder Terror
|j|☆Specs Fraxure
|t:|1608164878
|player|p1|Low Ladder Terror|teamrocket|
|player|p2|Specs Fraxure|clair-gen2|
|teamsize|p1|6
|teamsize|p2|6
|gametype|singles
|gen|8
|tier|[Gen 8] UU
|rated|Tournament battle
|clearpoke
|poke|p1|Kyurem|
|poke|p1|Scizor, F|
|poke|p1|Hatterene, F|
|poke|p1|Seismitoad, M|
|poke|p1|Salamence, F|
|poke|p1|Lucario, M|
|poke|p2|Amoonguss, M|
|poke|p2|Keldeo-Resolute|
|poke|p2|Victini|
|poke|p2|Salamence, M|
|poke|p2|Mew|
|poke|p2|Zeraora|
|rule|Sleep Clause Mod: Limit one foe put to sleep
|rule|Species Clause: Limit one of each Pokémon
|rule|OHKO Clause: OHKO moves are banned
|rule|Evasion Moves Clause: Evasion moves are banned
|rule|Endless Battle Clause: Forcing endless battles is banned
|rule|HP Percentage Mod: HP is shown in percentages
|rule|Dynamax Clause: You cannot dynamax
|teampreview
|inactive|Battle timer is ON: inactive players will automatically lose when time's up. (requested by Low Ladder Terror)
|c|☆Low Ladder Terror|hf
|c|☆Specs Fraxure|u2
|
|t:|1608164907
|start
|switch|p1a: Salamence|Salamence, F|100/100
|switch|p2a: Natsu|Victini|100/100
|turn|1
|
|t:|1608164919
|move|p1a: Salamence|Outrage|p2a: Natsu
|-damage|p2a: Natsu|34/100
|move|p2a: Natsu|U-turn|p1a: Salamence
|-resisted|p1a: Salamence
|-damage|p1a: Salamence|82/100
|
|t:|1608164924
|switch|p2a: Great Balls|Amoonguss, M, shiny|100/100|[from]move: U-turn
|
|upkeep
|turn|2
|
|t:|1608164927
|move|p1a: Salamence|Outrage|p2a: Great Balls|[from]lockedmove
|-damage|p2a: Great Balls|48/100
|-damage|p1a: Salamence|66/100|[from] item: Rocky Helmet|[of] p2a: Great Balls
|-start|p1a: Salamence|confusion|[fatigue]
|move|p2a: Great Balls|Spore|p1a: Salamence
|-status|p1a: Salamence|slp|[from] move: Spore
|
|upkeep
|turn|3
|
|t:|1608164941
|switch|p1a: Scizor|Scizor, F|100/100
|switch|p2a: Naruto|Zeraora|100/100
|
|upkeep
|turn|4
|
|t:|1608164953
|move|p2a: Naruto|Knock Off|p1a: Scizor
|-damage|p1a: Scizor|72/100
|-enditem|p1a: Scizor|Leftovers|[from] move: Knock Off|[of] p2a: Naruto
|move|p1a: Scizor|U-turn|p2a: Naruto
|-damage|p2a: Naruto|53/100
|
|t:|1608164960
|switch|p1a: Seismitoad|Seismitoad, M|100/100|[from]move: U-turn
|
|-heal|p2a: Naruto|59/100|[from] item: Leftovers
|upkeep
|turn|5
|
|t:|1608164969
|switch|p2a: Ewww|Mew|100/100
|move|p1a: Seismitoad|Stealth Rock|p2a: Ewww
|-sidestart|p2: Specs Fraxure|move: Stealth Rock
|
|upkeep
|turn|6
|
|t:|1608164993
|move|p2a: Ewww|Stealth Rock|p1a: Seismitoad
|-sidestart|p1: Low Ladder Terror|move: Stealth Rock
|move|p1a: Seismitoad|Knock Off|p2a: Ewww
|-supereffective|p2a: Ewww
|-damage|p2a: Ewww|67/100
|-enditem|p2a: Ewww|Leftovers|[from] move: Knock Off|[of] p1a: Seismitoad
|
|upkeep
|turn|7
|
|t:|1608165001
|switch|p1a: Hatterene|Hatterene, F|100/100
|-damage|p1a: Hatterene|88/100|[from] Stealth Rock
|move|p2a: Ewww|Psychic|p1a: Hatterene
|-resisted|p1a: Hatterene
|-damage|p1a: Hatterene|73/100
|-unboost|p1a: Hatterene|spd|1
|
|-heal|p1a: Hatterene|78/100|[from] item: Leftovers
|upkeep
|turn|8
|
|t:|1608165009
|switch|p2a: MLP|Keldeo-Resolute|100/100
|-damage|p2a: MLP|94/100|[from] Stealth Rock
|move|p1a: Hatterene|Calm Mind|p1a: Hatterene
|-boost|p1a: Hatterene|spa|1
|-boost|p1a: Hatterene|spd|1
|
|-heal|p1a: Hatterene|84/100|[from] item: Leftovers
|upkeep
|turn|9
|
|t:|1608165018
|move|p2a: MLP|Surf|p1a: Hatterene
|-damage|p1a: Hatterene|8/100
|move|p1a: Hatterene|Draining Kiss|p2a: MLP
|-supereffective|p2a: MLP
|-damage|p2a: MLP|22/100
|-heal|p1a: Hatterene|63/100|[from] drain|[of] p2a: MLP
|
|-heal|p1a: Hatterene|69/100|[from] item: Leftovers
|upkeep
|turn|10
|
|t:|1608165025
|switch|p1a: Seismitoad|Seismitoad, M|100/100
|-damage|p1a: Seismitoad|94/100|[from] Stealth Rock
|move|p2a: MLP|Surf|p1a: Seismitoad
|-heal|p1a: Seismitoad|100/100|[from] ability: Water Absorb|[of] p2a: MLP
|
|upkeep
|turn|11
|
|t:|1608165031
|switch|p2a: Great Balls|Amoonguss, M, shiny|81/100
|-damage|p2a: Great Balls|69/100|[from] Stealth Rock
|move|p1a: Seismitoad|Earthquake|p2a: Great Balls
|-damage|p2a: Great Balls|41/100
|
|upkeep
|turn|12
|
|t:|1608165037
|switch|p1a: Scizor|Scizor, F|72/100
|-damage|p1a: Scizor|60/100|[from] Stealth Rock
|move|p2a: Great Balls|Giga Drain|p1a: Scizor
|-resisted|p1a: Scizor
|-damage|p1a: Scizor|53/100
|-heal|p2a: Great Balls|44/100|[from] drain|[of] p1a: Scizor
|
|upkeep
|turn|13
|
|t:|1608165044
|switch|p2a: Salamander|Salamence, M|100/100
|-ability|p2a: Salamander|Intimidate|boost
|-unboost|p1a: Scizor|atk|1
|move|p1a: Scizor|Roost|p1a: Scizor
|-heal|p1a: Scizor|100/100
|-singleturn|p1a: Scizor|move: Roost
|
|upkeep
|turn|14
|inactive|Low Ladder Terror has 120 seconds left.
|
|t:|1608165093
|switch|p1a: Salamence|Salamence, F|66/100 slp
|-damage|p1a: Salamence|41/100 slp|[from] Stealth Rock
|move|p2a: Salamander|Flamethrower|p1a: Salamence
|-resisted|p1a: Salamence
|-damage|p1a: Salamence|27/100 slp
|
|upkeep
|turn|15
|
|t:|1608165101
|cant|p1a: Salamence|slp
|move|p2a: Salamander|Dual Wingbeat|p1a: Salamence
|-damage|p1a: Salamence|3/100 slp
|-damage|p1a: Salamence|0 fnt
|-hitcount|p1a: Salamence|2
|faint|p1a: Salamence
|
|upkeep
|
|t:|1608165107
|switch|p1a: Kyurem|Kyurem, shiny|100/100
|-damage|p1a: Kyurem|76/100|[from] Stealth Rock
|-ability|p1a: Kyurem|Pressure
|turn|16
|
|t:|1608165113
|switch|p2a: Ewww|Mew|67/100
|-damage|p2a: Ewww|54/100|[from] Stealth Rock
|move|p1a: Kyurem|Ice Beam|p2a: Ewww
|-damage|p2a: Ewww|10/100
|
|upkeep
|turn|17
|
|t:|1608165116
|move|p1a: Kyurem|Ice Beam|p2a: Ewww
|-damage|p2a: Ewww|0 fnt
|faint|p2a: Ewww
|
|upkeep
|
|t:|1608165120
|switch|p2a: Naruto|Zeraora|59/100
|-damage|p2a: Naruto|47/100|[from] Stealth Rock
|turn|18
|
|t:|1608165126
|switch|p1a: Seismitoad|Seismitoad, M|100/100
|-damage|p1a: Seismitoad|94/100|[from] Stealth Rock
|move|p2a: Naruto|Close Combat|p1a: Seismitoad
|-damage|p1a: Seismitoad|63/100
|-unboost|p2a: Naruto|def|1
|-unboost|p2a: Naruto|spd|1
|
|-heal|p2a: Naruto|53/100|[from] item: Leftovers
|-heal|p1a: Seismitoad|69/100|[from] item: Leftovers
|upkeep
|turn|19
|
|t:|1608165146
|switch|p2a: Great Balls|Amoonguss, M, shiny|77/100
|-damage|p2a: Great Balls|65/100|[from] Stealth Rock
|move|p1a: Seismitoad|Scald|p2a: Great Balls
|-resisted|p2a: Great Balls
|-damage|p2a: Great Balls|56/100
|
|-heal|p1a: Seismitoad|75/100|[from] item: Leftovers
|upkeep
|turn|20
|
|t:|1608165153
|switch|p1a: Scizor|Scizor, F|100/100
|-damage|p1a: Scizor|88/100|[from] Stealth Rock
|move|p2a: Great Balls|Sludge Bomb|p1a: Scizor
|-immune|p1a: Scizor
|
|upkeep
|turn|21
|
|t:|1608165160
|move|p1a: Scizor|Swords Dance|p1a: Scizor
|-boost|p1a: Scizor|atk|2
|move|p2a: Great Balls|Spore|p1a: Scizor
|-status|p1a: Scizor|slp|[from] move: Spore
|
|upkeep
|turn|22
|
|t:|1608165171
|switch|p2a: Salamander|Salamence, M|100/100
|-ability|p2a: Salamander|Intimidate|boost
|-unboost|p1a: Scizor|atk|1
|cant|p1a: Scizor|slp
|
|upkeep
|turn|23
|
|t:|1608165185
|switch|p1a: Seismitoad|Seismitoad, M|75/100
|-damage|p1a: Seismitoad|69/100|[from] Stealth Rock
|move|p2a: Salamander|Flamethrower|p1a: Seismitoad
|-resisted|p1a: Seismitoad
|-damage|p1a: Seismitoad|57/100
|
|-heal|p1a: Seismitoad|63/100|[from] item: Leftovers
|upkeep
|turn|24
|
|t:|1608165196
|switch|p2a: MLP|Keldeo-Resolute|22/100
|-damage|p2a: MLP|16/100|[from] Stealth Rock
|move|p1a: Seismitoad|Knock Off|p2a: MLP
|-resisted|p2a: MLP
|-damage|p2a: MLP|4/100
|-ability|p2a: MLP|Justified|boost
|-boost|p2a: MLP|atk|1
|-enditem|p2a: MLP|Choice Specs|[from] move: Knock Off|[of] p1a: Seismitoad
|
|-heal|p1a: Seismitoad|69/100|[from] item: Leftovers
|upkeep
|turn|25
|
|t:|1608165206
|move|p2a: MLP|Toxic|p1a: Seismitoad
|-status|p1a: Seismitoad|tox
|move|p1a: Seismitoad|Earthquake|p2a: MLP
|-damage|p2a: MLP|0 fnt
|faint|p2a: MLP
|
|-heal|p1a: Seismitoad|75/100 tox|[from] item: Leftovers
|-damage|p1a: Seismitoad|69/100 tox|[from] psn
|upkeep
|
|t:|1608165211
|switch|p2a: Great Balls|Amoonguss, M, shiny|89/100
|-damage|p2a: Great Balls|77/100|[from] Stealth Rock
|turn|26
|
|t:|1608165223
|switch|p1a: Lucario|Lucario, M|100/100
|-damage|p1a: Lucario|98/100|[from] Stealth Rock
|move|p2a: Great Balls|Giga Drain|p1a: Lucario
|-resisted|p1a: Lucario
|-damage|p1a: Lucario|80/100
|-heal|p2a: Great Balls|82/100|[from] drain|[of] p1a: Lucario
|
|upkeep
|turn|27
|
|t:|1608165229
|switch|p2a: Salamander|Salamence, M|100/100
|-ability|p2a: Salamander|Intimidate|boost
|-immune|p1a: Lucario|[from] ability: Inner Focus
|move|p1a: Lucario|Swords Dance|p1a: Lucario
|-boost|p1a: Lucario|atk|2
|
|upkeep
|turn|28
|
|t:|1608165233
|move|p1a: Lucario|Meteor Mash|p2a: Salamander|[miss]
|-miss|p1a: Lucario|p2a: Salamander
|move|p2a: Salamander|Flamethrower|p1a: Lucario
|-supereffective|p1a: Lucario
|-damage|p1a: Lucario|10/100
|
|upkeep
|turn|29
|j| mesprit lies ♪
|c|☆Low Ladder Terror|cmon
|
|t:|1608165243
|switch|p2a: Great Balls|Amoonguss, M, shiny|100/100
|-damage|p2a: Great Balls|88/100|[from] Stealth Rock
|move|p1a: Lucario|Meteor Mash|p2a: Great Balls
|-damage|p2a: Great Balls|0 fnt
|-damage|p1a: Lucario|0 fnt|[from] item: Rocky Helmet|[of] p2a: Great Balls
|faint|p2a: Great Balls
|faint|p1a: Lucario
|
|upkeep
|c|☆Specs Fraxure|sad
|l| mesprit lies ♪
|
|t:|1608165256
|switch|p1a: Seismitoad|Seismitoad, M|69/100 tox
|switch|p2a: Naruto|Zeraora|53/100
|-damage|p2a: Naruto|40/100|[from] Stealth Rock
|-damage|p1a: Seismitoad|63/100 tox|[from] Stealth Rock
|turn|30
|
|t:|1608165264
|switch|p2a: Salamander|Salamence, M|100/100
|-ability|p2a: Salamander|Intimidate|boost
|-unboost|p1a: Seismitoad|atk|1
|move|p1a: Seismitoad|Knock Off|p2a: Salamander
|-damage|p2a: Salamander|90/100
|-enditem|p2a: Salamander|Heavy-Duty Boots|[from] move: Knock Off|[of] p1a: Seismitoad
|
|-heal|p1a: Seismitoad|69/100 tox|[from] item: Leftovers
|-damage|p1a: Seismitoad|63/100 tox|[from] psn
|upkeep
|turn|31
|
|t:|1608165277
|switch|p1a: Hatterene|Hatterene, F|69/100
|-damage|p1a: Hatterene|57/100|[from] Stealth Rock
|move|p2a: Salamander|Dual Wingbeat|p1a: Hatterene
|-damage|p1a: Hatterene|43/100
|-damage|p1a: Hatterene|29/100
|-hitcount|p1a: Hatterene|2
|
|-heal|p1a: Hatterene|35/100|[from] item: Leftovers
|upkeep
|turn|32
|
|t:|1608165286
|move|p2a: Salamander|Dual Wingbeat|p1a: Hatterene|[miss]
|-miss|p2a: Salamander|p1a: Hatterene
|move|p1a: Hatterene|Draining Kiss|p2a: Salamander
|-supereffective|p2a: Salamander
|-damage|p2a: Salamander|41/100
|-heal|p1a: Hatterene|80/100|[from] drain|[of] p2a: Salamander
|
|-heal|p1a: Hatterene|86/100|[from] item: Leftovers
|upkeep
|turn|33
|j| JustArturo
|
|t:|1608165293
|move|p2a: Salamander|Dual Wingbeat|p1a: Hatterene|[miss]
|-miss|p2a: Salamander|p1a: Hatterene
|move|p1a: Hatterene|Draining Kiss|p2a: Salamander
|-supereffective|p2a: Salamander
|-damage|p2a: Salamander|0 fnt
|-heal|p1a: Hatterene|100/100|[from] drain|[of] p2a: Salamander
|faint|p2a: Salamander
|
|upkeep
|
|t:|1608165300
|switch|p2a: Natsu|Victini|34/100
|-damage|p2a: Natsu|9/100|[from] Stealth Rock
|turn|34
|
|t:|1608165308
|switch|p1a: Scizor|Scizor, F|88/100 slp
|-damage|p1a: Scizor|76/100 slp|[from] Stealth Rock
|move|p2a: Natsu|V-create|p1a: Scizor
|-supereffective|p1a: Scizor
|-damage|p1a: Scizor|0 fnt
|-unboost|p2a: Natsu|spe|1
|-unboost|p2a: Natsu|def|1
|-unboost|p2a: Natsu|spd|1
|faint|p1a: Scizor
|
|upkeep
|
|t:|1608165311
|switch|p1a: Seismitoad|Seismitoad, M|63/100 tox
|-damage|p1a: Seismitoad|57/100 tox|[from] Stealth Rock
|turn|35
|
|t:|1608165319
|move|p2a: Natsu|V-create|p1a: Seismitoad
|-resisted|p1a: Seismitoad
|-damage|p1a: Seismitoad|13/100 tox
|-unboost|p2a: Natsu|spe|1
|-unboost|p2a: Natsu|def|1
|-unboost|p2a: Natsu|spd|1
|move|p1a: Seismitoad|Earthquake|p2a: Natsu
|-supereffective|p2a: Natsu
|-damage|p2a: Natsu|0 fnt
|faint|p2a: Natsu
|
|-heal|p1a: Seismitoad|19/100 tox|[from] item: Leftovers
|-damage|p1a: Seismitoad|13/100 tox|[from] psn
|upkeep
|
|t:|1608165322
|switch|p2a: Naruto|Zeraora|40/100
|-damage|p2a: Naruto|28/100|[from] Stealth Rock
|turn|36
|
|t:|1608165326
|move|p2a: Naruto|Knock Off|p1a: Seismitoad
|-damage|p1a: Seismitoad|0 fnt
|-enditem|p1a: Seismitoad|Leftovers|[from] move: Knock Off|[of] p2a: Naruto
|faint|p1a: Seismitoad
|
|-heal|p2a: Naruto|34/100|[from] item: Leftovers
|upkeep
|
|t:|1608165329
|switch|p1a: Hatterene|Hatterene, F|100/100
|-damage|p1a: Hatterene|88/100|[from] Stealth Rock
|turn|37
|
|t:|1608165332
|move|p2a: Naruto|Plasma Fists|p1a: Hatterene
|-damage|p1a: Hatterene|48/100
|-fieldactivate|move: Ion Deluge
|move|p1a: Hatterene|Psyshock|p2a: Naruto
|-damage|p2a: Naruto|0 fnt
|faint|p2a: Naruto
|
|win|Low Ladder Terror
|n|☆Low Ladder Terror|lowladderterror
|n|☆Specs Fraxure|specsfraxure
|n| JustArturo|justarturo
