|j|☆bulletproofbean
|j|☆SSRW26 Swoosh
|t:|1609899236
|player|p1|bulletproofbean|bugsy|1400
|player|p2|SSRW26 Swoosh|korrina|1289
|teamsize|p1|6
|teamsize|p2|6
|gametype|singles
|gen|8
|tier|[Gen 8] UU
|rated|
|clearpoke
|poke|p1|Magnezone|
|poke|p1|Alakazam, M|
|poke|p1|Klefki, F|
|poke|p1|Crawdaunt, M|
|poke|p1|Celesteela|
|poke|p1|Mew|
|poke|p2|Ninetales-Alola, M|
|poke|p2|Thundurus, M|
|poke|p2|Krookodile, M|
|poke|p2|Gyarados, F|
|poke|p2|Haxorus, M|
|poke|p2|Scizor, M|
|rule|Sleep Clause Mod: Limit one foe put to sleep
|rule|Species Clause: Limit one of each Pokémon
|rule|OHKO Clause: OHKO moves are banned
|rule|Evasion Moves Clause: Evasion moves are banned
|rule|Endless Battle Clause: Forcing endless battles is banned
|rule|HP Percentage Mod: HP is shown in percentages
|rule|Dynamax Clause: You cannot dynamax
|teampreview
|inactive|Battle timer is ON: inactive players will automatically lose when time's up. (requested by SSRW26 Swoosh)
|
|t:|1609899264
|start
|switch|p1a: Klefki|Klefki, F, shiny|100/100
|switch|p2a: Krookodile|Krookodile, M|100/100
|-ability|p2a: Krookodile|Intimidate|boost
|-unboost|p1a: Klefki|atk|1
|turn|1
|
|t:|1609899276
|move|p1a: Klefki|Reflect|p1a: Klefki
|-sidestart|p1: bulletproofbean|Reflect
|move|p2a: Krookodile|Taunt|p1a: Klefki
|-start|p1a: Klefki|move: Taunt
|
|upkeep
|turn|2
|
|t:|1609899282
|switch|p1a: Crawdaunt|Crawdaunt, M|100/100
|move|p2a: Krookodile|Stealth Rock|p1a: Crawdaunt
|-sidestart|p1: bulletproofbean|move: Stealth Rock
|
|upkeep
|turn|3
|
|t:|1609899305
|move|p2a: Krookodile|Earthquake|p1a: Crawdaunt
|-damage|p1a: Crawdaunt|70/100
|move|p1a: Crawdaunt|Knock Off|p2a: Krookodile
|-resisted|p2a: Krookodile
|-damage|p2a: Krookodile|44/100
|-damage|p1a: Crawdaunt|53/100|[from] item: Rocky Helmet|[of] p2a: Krookodile
|-enditem|p2a: Krookodile|Rocky Helmet|[from] move: Knock Off|[of] p1a: Crawdaunt
|-damage|p1a: Crawdaunt|43/100|[from] item: Life Orb
|
|upkeep
|turn|4
|inactive|SSRW26 Swoosh has 120 seconds left.
|
|t:|1609899329
|move|p1a: Crawdaunt|Aqua Jet|p2a: Krookodile
|-supereffective|p2a: Krookodile
|-damage|p2a: Krookodile|0 fnt
|-damage|p1a: Crawdaunt|33/100|[from] item: Life Orb
|faint|p2a: Krookodile
|
|upkeep
|
|t:|1609899333
|switch|p2a: Ninetales|Ninetales-Alola, M|100/100
|-weather|Hail|[from] ability: Snow Warning|[of] p2a: Ninetales
|turn|5
|inactive|SSRW26 Swoosh has 120 seconds left.
|
|t:|1609899349
|move|p1a: Crawdaunt|Aqua Jet|p2a: Ninetales
|-damage|p2a: Ninetales|52/100
|-damage|p1a: Crawdaunt|23/100|[from] item: Life Orb
|move|p2a: Ninetales|Freeze-Dry|p1a: Crawdaunt
|-supereffective|p1a: Crawdaunt
|-damage|p1a: Crawdaunt|0 fnt
|faint|p1a: Crawdaunt
|
|-weather|Hail|[upkeep]
|upkeep
|
|t:|1609899372
|switch|p1a: Magnezone|Magnezone|100/100
|-damage|p1a: Magnezone|94/100|[from] Stealth Rock
|turn|6
|
|t:|1609899376
|move|p2a: Ninetales|Aurora Veil|p2a: Ninetales
|-sidestart|p2: SSRW26 Swoosh|move: Aurora Veil
|move|p1a: Magnezone|Volt Switch|p2a: Ninetales
|-damage|p2a: Ninetales|13/100
|
|t:|1609899381
|switch|p1a: Klefki|Klefki, F, shiny|100/100|[from]move: Volt Switch
|-damage|p1a: Klefki|95/100|[from] Stealth Rock
|
|-weather|Hail|[upkeep]
|-damage|p1a: Klefki|89/100|[from] Hail
|upkeep
|turn|7
|
|t:|1609899385
|move|p1a: Klefki|Defog|p2a: Ninetales
|-unboost|p2a: Ninetales|evasion|1
|-sideend|p2: SSRW26 Swoosh|move: Aurora Veil
|-sideend|p1: bulletproofbean|Stealth Rock|[from] move: Defog|[of] p1a: Klefki
|move|p2a: Ninetales|Encore|p1a: Klefki
|-start|p1a: Klefki|Encore
|
|-weather|Hail|[upkeep]
|-damage|p1a: Klefki|83/100|[from] Hail
|upkeep
|turn|8
|
|t:|1609899395
|switch|p1a: Magnezone|Magnezone|94/100
|move|p2a: Ninetales|Aurora Veil|p2a: Ninetales
|-sidestart|p2: SSRW26 Swoosh|move: Aurora Veil
|
|-weather|Hail|[upkeep]
|-damage|p1a: Magnezone|88/100|[from] Hail
|-sideend|p1: bulletproofbean|Reflect
|upkeep
|turn|9
|
|t:|1609899400
|move|p2a: Ninetales|Hypnosis|p1a: Magnezone
|-status|p1a: Magnezone|slp|[from] move: Hypnosis
|cant|p1a: Magnezone|slp
|
|-weather|none
|upkeep
|turn|10
|inactive|SSRW26 Swoosh has 120 seconds left.
|
|t:|1609899432
|switch|p2a: Thundurus|Thundurus, M, shiny|100/100
|cant|p1a: Magnezone|slp
|
|upkeep
|turn|11
|
|t:|1609899441
|move|p2a: Thundurus|Nasty Plot|p2a: Thundurus
|-boost|p2a: Thundurus|spa|2
|cant|p1a: Magnezone|slp
|
|upkeep
|turn|12
|
|t:|1609899446
|move|p2a: Thundurus|Focus Blast|p1a: Magnezone
|-supereffective|p1a: Magnezone
|-damage|p1a: Magnezone|0 fnt
|-damage|p2a: Thundurus|91/100|[from] item: Life Orb
|faint|p1a: Magnezone
|
|upkeep
|
|t:|1609899451
|switch|p1a: Alakazam|Alakazam, M, shiny|100/100
|turn|13
|inactive|bulletproofbean has 120 seconds left.
|
|t:|1609899507
|move|p1a: Alakazam|Psychic|p2a: Thundurus
|-damage|p2a: Thundurus|48/100
|move|p2a: Thundurus|Thunderbolt|p1a: Alakazam
|-damage|p1a: Alakazam|0 fnt
|-damage|p2a: Thundurus|38/100|[from] item: Life Orb
|faint|p1a: Alakazam
|
|upkeep
|
|t:|1609899512
|switch|p1a: Klefki|Klefki, F, shiny|83/100
|turn|14
|
|t:|1609899526
|move|p2a: Thundurus|Nasty Plot|p2a: Thundurus
|-boost|p2a: Thundurus|spa|2
|move|p1a: Klefki|Light Screen|p1a: Klefki
|-sidestart|p1: bulletproofbean|move: Light Screen
|
|upkeep
|turn|15
|
|t:|1609899532
|switch|p1a: Celesteela|Celesteela, shiny|100/100
|move|p2a: Thundurus|Thunderbolt|p1a: Celesteela
|-supereffective|p1a: Celesteela
|-damage|p1a: Celesteela|0 fnt
|-damage|p2a: Thundurus|28/100|[from] item: Life Orb
|faint|p1a: Celesteela
|
|-sideend|p2: SSRW26 Swoosh|move: Aurora Veil
|upkeep
|
|t:|1609899534
|switch|p1a: Mew|Mew, shiny|100/100
|turn|16
|
|t:|1609899539
|move|p2a: Thundurus|Thunderbolt|p1a: Mew
|-damage|p1a: Mew|14/100
|-damage|p2a: Thundurus|19/100|[from] item: Life Orb
|move|p1a: Mew|Dragon Dance|p1a: Mew
|-boost|p1a: Mew|atk|1
|-boost|p1a: Mew|spe|1
|
|upkeep
|turn|17
|
|t:|1609899547
|move|p1a: Mew|Psychic Fangs|p2a: Thundurus
|-damage|p2a: Thundurus|0 fnt
|faint|p2a: Thundurus
|
|upkeep
|
|t:|1609899549
|switch|p2a: Scizor|Scizor, M|100/100
|turn|18
|
|t:|1609899551
|move|p2a: Scizor|Bullet Punch|p1a: Mew
|-damage|p1a: Mew|0 fnt
|faint|p1a: Mew
|
|upkeep
|-message|bulletproofbean forfeited.
|
|win|SSRW26 Swoosh
|l|☆bulletproofbean
|raw|bulletproofbean's rating: 1400 &rarr; <strong>1375</strong><br />(-25 for losing)
|raw|SSRW26 Swoosh's rating: 1311 &rarr; <strong>1336</strong><br />(+25 for winning)
