|j|☆EeveeLution∞Army
|j|☆Low Ladder Terror
|t:|1608308711
|player|p1|EeveeLution∞Army|zinnia|
|player|p2|Low Ladder Terror|teamrocket|
|teamsize|p1|6
|teamsize|p2|6
|gametype|singles
|gen|8
|tier|[Gen 8] UU
|rated|Tournament battle
|clearpoke
|poke|p1|Victini|
|poke|p1|Ninetales-Alola, F|
|poke|p1|Tentacruel, F|
|poke|p1|Hatterene, F|
|poke|p1|Kommo-o, F|
|poke|p1|Thundurus-Therian, M|
|poke|p2|Regieleki|
|poke|p2|Hatterene, F|
|poke|p2|Gyarados, F|
|poke|p2|Haxorus, F|
|poke|p2|Rhyperior, M|
|poke|p2|Scizor, F|
|rule|Sleep Clause Mod: Limit one foe put to sleep
|rule|Species Clause: Limit one of each Pokémon
|rule|OHKO Clause: OHKO moves are banned
|rule|Evasion Moves Clause: Evasion moves are banned
|rule|Endless Battle Clause: Forcing endless battles is banned
|rule|HP Percentage Mod: HP is shown in percentages
|rule|Dynamax Clause: You cannot dynamax
|teampreview
|j| BlueFins
|inactive|Battle timer is ON: inactive players will automatically lose when time's up. (requested by Low Ladder Terror)
|j|+7MM
|
|t:|1608308723
|start
|switch|p1a: Vict'ry|Victini|100/100
|switch|p2a: Scizor|Scizor, F|100/100
|turn|1
|
|t:|1608308732
|move|p1a: Vict'ry|V-create|p2a: Scizor
|-supereffective|p2a: Scizor
|-damage|p2a: Scizor|0 fnt
|-unboost|p1a: Vict'ry|spe|1
|-unboost|p1a: Vict'ry|def|1
|-unboost|p1a: Vict'ry|spd|1
|faint|p2a: Scizor
|
|upkeep
|j| uu8bmagiciansred
|
|t:|1608308735
|switch|p2a: Rhyperior|Rhyperior, M|100/100
|turn|2
|
|t:|1608308746
|switch|p1a: King of calamities|Tentacruel, F|100/100
|move|p2a: Rhyperior|Stealth Rock|p1a: King of calamities
|-sidestart|p1: EeveeLution∞Army|move: Stealth Rock
|
|upkeep
|turn|3
|
|t:|1608308755
|move|p1a: King of calamities|Scald|p2a: Rhyperior
|-supereffective|p2a: Rhyperior
|-damage|p2a: Rhyperior|48/100
|move|p2a: Rhyperior|Earthquake|p1a: King of calamities
|-supereffective|p1a: King of calamities
|-damage|p1a: King of calamities|9/100
|
|-heal|p1a: King of calamities|15/100|[from] item: Black Sludge
|-heal|p2a: Rhyperior|55/100|[from] item: Leftovers
|upkeep
|turn|4
|l|uu8bmagiciansred
|
|t:|1608308763
|move|p1a: King of calamities|Rapid Spin|p2a: Rhyperior
|-resisted|p2a: Rhyperior
|-damage|p2a: Rhyperior|52/100
|-boost|p1a: King of calamities|spe|1
|-sideend|p1: EeveeLution∞Army|Stealth Rock|[from] move: Rapid Spin|[of] p1a: King of calamities
|move|p2a: Rhyperior|Earthquake|p1a: King of calamities
|-supereffective|p1a: King of calamities
|-damage|p1a: King of calamities|0 fnt
|faint|p1a: King of calamities
|
|-heal|p2a: Rhyperior|58/100|[from] item: Leftovers
|upkeep
|
|t:|1608308772
|switch|p1a: Goddess|Ninetales-Alola, F, shiny|100/100
|-weather|Hail|[from] ability: Snow Warning|[of] p1a: Goddess
|turn|5
|
|t:|1608308778
|move|p1a: Goddess|Blizzard|p2a: Rhyperior
|-supereffective|p2a: Rhyperior
|-damage|p2a: Rhyperior|0 fnt
|faint|p2a: Rhyperior
|
|-weather|Hail|[upkeep]
|upkeep
|
|t:|1608308783
|switch|p2a: Regieleki|Regieleki|100/100
|turn|6
|c|☆EeveeLution∞Army|1
|
|t:|1608308790
|move|p2a: Regieleki|Thunderbolt|p1a: Goddess
|-damage|p1a: Goddess|24/100
|move|p1a: Goddess|Blizzard|p2a: Regieleki
|-damage|p2a: Regieleki|0 fnt
|faint|p2a: Regieleki
|
|-weather|Hail|[upkeep]
|upkeep
|
|t:|1608308796
|switch|p2a: Hatterene|Hatterene, F|100/100
|turn|7
|c|☆EeveeLution∞Army|z2
|
|t:|1608308804
|move|p1a: Goddess|Blizzard|p2a: Hatterene
|-damage|p2a: Hatterene|33/100
|move|p2a: Hatterene|Mystical Fire|p1a: Goddess
|-supereffective|p1a: Goddess
|-damage|p1a: Goddess|0 fnt
|faint|p1a: Goddess
|
|-weather|Hail|[upkeep]
|-damage|p2a: Hatterene|27/100|[from] Hail
|-heal|p2a: Hatterene|33/100|[from] item: Leftovers
|upkeep
|
|t:|1608308812
|switch|p1a: Vict'ry|Victini|100/100
|turn|8
|c|☆EeveeLution∞Army|and 3 for ninetales
|
|t:|1608308826
|move|p1a: Vict'ry|V-create|p2a: Hatterene
|-damage|p2a: Hatterene|0 fnt
|-unboost|p1a: Vict'ry|spe|1
|-unboost|p1a: Vict'ry|def|1
|-unboost|p1a: Vict'ry|spd|1
|faint|p2a: Hatterene
|
|-weather|Hail|[upkeep]
|-damage|p1a: Vict'ry|94/100|[from] Hail
|upkeep
|
|t:|1608308849
|switch|p2a: Gyarados|Gyarados, F, shiny|100/100
|turn|9
|
|t:|1608308861
|switch|p1a: Tails|Thundurus-Therian, M|100/100
|move|p2a: Gyarados|Dragon Dance|p2a: Gyarados
|-boost|p2a: Gyarados|atk|1
|-boost|p2a: Gyarados|spe|1
|
|-weather|none
|upkeep
|turn|10
|
|t:|1608308873
|move|p2a: Gyarados|Waterfall|p1a: Tails
|-damage|p1a: Tails|14/100
|cant|p1a: Tails|flinch
|
|-heal|p1a: Tails|20/100|[from] item: Leftovers
|upkeep
|turn|11
|c|☆EeveeLution∞Army|NO
|
|t:|1608308883
|move|p2a: Gyarados|Waterfall|p1a: Tails
|-damage|p1a: Tails|0 fnt
|faint|p1a: Tails
|-ability|p2a: Gyarados|Moxie|boost
|-boost|p2a: Gyarados|atk|1
|
|upkeep
|c|☆EeveeLution∞Army|gg
|l| BlueFins
|j| bronnyotx
|
|t:|1608308906
|switch|p1a: Vict'ry|Victini|94/100
|turn|12
|c|☆EeveeLution∞Army|that flinch was big :[
|inactive|Low Ladder Terror has 120 seconds left.
|
|t:|1608308953
|switch|p2a: Haxorus|Haxorus, F, shiny|100/100
|-ability|p2a: Haxorus|Mold Breaker
|move|p1a: Vict'ry|Bolt Strike|p2a: Haxorus
|-resisted|p2a: Haxorus
|-damage|p2a: Haxorus|77/100
|
|upkeep
|turn|13
|
|t:|1608308964
|switch|p1a: Shake It|Kommo-o, F|100/100
|move|p2a: Haxorus|Swords Dance|p2a: Haxorus
|-boost|p2a: Haxorus|atk|2
|
|upkeep
|turn|14
|
|t:|1608308969
|move|p2a: Haxorus|Scale Shot|p1a: Shake It
|-supereffective|p1a: Shake It
|-damage|p1a: Shake It|65/100
|-supereffective|p1a: Shake It
|-damage|p1a: Shake It|27/100
|-hitcount|p1a: Shake It|2
|-unboost|p2a: Haxorus|def|1
|-boost|p2a: Haxorus|spe|1
|move|p1a: Shake It|Toxic|p2a: Haxorus
|-status|p2a: Haxorus|tox
|-enditem|p2a: Haxorus|Lum Berry|[eat]
|-curestatus|p2a: Haxorus|tox|[msg]
|
|upkeep
|turn|15
|inactive|Low Ladder Terror has 120 seconds left.
|c|☆EeveeLution∞Army|damn
|c|☆EeveeLution∞Army|gg
|c|☆EeveeLution∞Army|ugg that flinch
|
|t:|1608308995
|move|p2a: Haxorus|Scale Shot|p1a: Shake It
|-supereffective|p1a: Shake It
|-damage|p1a: Shake It|0 fnt
|-hitcount|p1a: Shake It|1
|-unboost|p2a: Haxorus|def|1
|-boost|p2a: Haxorus|spe|1
|faint|p1a: Shake It
|
|upkeep
|c|☆EeveeLution∞Army|is so annoying
|
|t:|1608309000
|switch|p1a: Mad Hatter|Hatterene, F|100/100
|turn|16
|
|t:|1608309004
|move|p2a: Haxorus|Poison Jab|p1a: Mad Hatter
|-supereffective|p1a: Mad Hatter
|-damage|p1a: Mad Hatter|0 fnt
|faint|p1a: Mad Hatter
|
|upkeep
|c|☆EeveeLution∞Army|!dt waterfall
|raw|<ul class="utilichart"><li class="result"><span class="col movenamecol"><a href="https://dex.pokemonshowdown.com/moves/waterfall">Waterfall</a></span> <span class="col typecol"><img src="//play.pokemonshowdown.com/sprites/types/Water.png" alt="Water" width="32" height="14"><img src="//play.pokemonshowdown.com/sprites/categories/Physical.png" alt="Physical" width="32" height="14"></span> <span class="col labelcol"><em>Power</em><br>80</span> <span class="col widelabelcol"><em>Accuracy</em><br>100%</span> <span class="col pplabelcol"><em>PP</em><br>24</span> <span class="col movedesccol">20% chance to make the target flinch.</span> </li><li style="clear:both"></li></ul>
|raw|<font size="1"><font color="#686868">Priority:</font> 0&nbsp;|&ThickSpace;<font color="#686868">Gen:</font> 1&nbsp;|&ThickSpace;&#10003; Secondary effect&nbsp;|&ThickSpace;&#10003; Contact&nbsp;|&ThickSpace;<font color="#686868">Z-Power:</font> 160&nbsp;|&ThickSpace;<font color="#686868">Dynamax Power:</font> 130&nbsp;|&ThickSpace;<font color="#686868">Target:</font> One Adjacent Pokémon</font>

|
|t:|1608309011
|switch|p1a: Vict'ry|Victini|94/100
|turn|17
|c|☆EeveeLution∞Army|not even 30
|inactive|Low Ladder Terror has 120 seconds left.
|
|t:|1608309028
|move|p2a: Haxorus|Poison Jab|p1a: Vict'ry
|-damage|p1a: Vict'ry|34/100
|move|p1a: Vict'ry|Zen Headbutt|p2a: Haxorus
|-damage|p2a: Haxorus|0 fnt
|faint|p2a: Haxorus
|
|upkeep
|
|t:|1608309032
|switch|p2a: Gyarados|Gyarados, F, shiny|100/100
|turn|18
|
|t:|1608309038
|move|p1a: Vict'ry|Zen Headbutt|p2a: Gyarados
|-damage|p2a: Gyarados|54/100
|move|p2a: Gyarados|Waterfall|p1a: Vict'ry
|-supereffective|p1a: Vict'ry
|-damage|p1a: Vict'ry|0 fnt
|faint|p1a: Vict'ry
|
|win|Low Ladder Terror
|n|☆EeveeLution∞Army|eeveelutionarmy
|n|☆Low Ladder Terror|lowladderterror
|n| 7MM|7mm
|n| bronnyotx|bronnyotx
