|html|<div class="broadcast-blue"><strong>[Gen 8] UU is currently suspecting Latias! For information on how to participate check out the <a href="https://www.smogon.com/forums/threads/np-ss-uu-stage-10-airplanes-latias-retest.3691692/page-3#post-9007205">suspect thread</a>.</strong></div>
|j|☆iceblazer
|j|☆Truffles360
|t:|1635242420
|gametype|singles
|player|p1|iceblazer|acetrainer-gen4dp|1291
|player|p2|Truffles360|medium|1488
|teamsize|p1|6
|teamsize|p2|6
|gen|8
|tier|[Gen 8] UU
|rated|
|rule|Sleep Clause Mod: Limit one foe put to sleep
|rule|Species Clause: Limit one of each Pokémon
|rule|OHKO Clause: OHKO moves are banned
|rule|Evasion Moves Clause: Evasion moves are banned
|rule|Endless Battle Clause: Forcing endless battles is banned
|rule|HP Percentage Mod: HP is shown in percentages
|rule|Dynamax Clause: You cannot dynamax
|clearpoke
|poke|p1|Skarmory, M|
|poke|p1|Chansey, F|
|poke|p1|Slowking, F|
|poke|p1|Conkeldurr, M|
|poke|p1|Tentacruel, F|
|poke|p1|Krookodile, M|
|poke|p2|Tapu Bulu|
|poke|p2|Aegislash, M|
|poke|p2|Cloyster, F|
|poke|p2|Hydreigon, F|
|poke|p2|Swampert, F|
|poke|p2|Noivern, M|
|teampreview
|j| ST4LI!N
|c| ST4LI!N|rdd
|c| ST4LI!N|d
|c| ST4LI!N|d
|c| ST4LI!N|d
|c| ST4LI!N|d
|c| ST4LI!N|d
|c| ST4LI!N|d
|c| ST4LI!N|dd
|c| ST4LI!N|d
|c| ST4LI!N|gay
|c| ST4LI!N|gay
|
|t:|1635242436
|start
|switch|p1a: Chansey|Chansey, F, shiny|100/100
|switch|p2a: Swampert|Swampert, F|100/100
|turn|1
|c| ST4LI!N|gay
|c| ST4LI!N|gay
|c| ST4LI!N|gay
|
|t:|1635242441
|move|p2a: Swampert|Stealth Rock|p1a: Chansey
|-sidestart|p1: iceblazer|move: Stealth Rock
|move|p1a: Chansey|Wish|p1a: Chansey
|
|upkeep
|turn|2
|c| ST4LI!N|a
|c| ST4LI!N|a
|c| ST4LI!N|a
|c| ST4LI!N|a
|c| ST4LI!N|a
|c| ST4LI!N|aa
|c| ST4LI!N|a
|c| ST4LI!N|a
|
|t:|1635242454
|move|p2a: Swampert|Flip Turn|p1a: Chansey
|-damage|p1a: Chansey|85/100
|c| ST4LI!N|aa
|c| ST4LI!N|aa
|c| ST4LI!N|a
|c| ST4LI!N|a
|
|t:|1635242456
|switch|p2a: Aegislash|Aegislash, M|100/100|[from]move: Flip Turn
|move|p1a: Chansey|Toxic|p2a: Aegislash
|-immune|p2a: Aegislash
|
|-heal|p1a: Chansey|100/100|[from] move: Wish|[wisher] Chansey
|upkeep
|turn|3
|c| ST4LI!N|s
|c| ST4LI!N|akpokprdfdfkgfbxålp
|c| ST4LI!N|sw
|c| ST4LI!N|sd
|c| ST4LI!N|sw
|c| ST4LI!N|w
|c| ST4LI!N|a
|c| ST4LI!N|s
|c| ST4LI!N|sa
|c| ST4LI!N|s
|c| ST4LI!N|d
|c| ST4LI!N|d
|c| ST4LI!N|df
|c| ST4LI!N|rf
|c| ST4LI!N|fc
|c| ST4LI!N|f
|c| ST4LI!N|f
|c| ST4LI!N|f
|c| ST4LI!N|f
|
|t:|1635242468
|switch|p1a: Skarmory|Skarmory, M, shiny|100/100
|-damage|p1a: Skarmory|88/100|[from] Stealth Rock
|-formechange|p2a: Aegislash|Aegislash-Blade||[from] ability: Stance Change
|move|p2a: Aegislash|Shadow Ball|p1a: Skarmory
|-damage|p1a: Skarmory|20/100
|
|upkeep
|turn|4
|c| ST4LI!N|fc
|c| ST4LI!N|f
|c| ST4LI!N|f
|c| ST4LI!N|f
|c| ST4LI!N|f
|c| ST4LI!N|f
|c| ST4LI!N|fc
|c| ST4LI!N|f
|c| ST4LI!N|'rf
|c|☆iceblazer|what
|c| ST4LI!N|nigge'
|l| ST4LI!N
|c|☆Truffles360|just mute lol
|
|t:|1635242503
|move|p1a: Skarmory|Roost|p1a: Skarmory
|-heal|p1a: Skarmory|70/100
|-singleturn|p1a: Skarmory|move: Roost
|move|p2a: Aegislash|Shadow Ball|p1a: Skarmory
|-damage|p1a: Skarmory|1/100
|
|upkeep
|turn|5
|
|t:|1635242511
|switch|p1a: Chansey|Chansey, F, shiny|100/100
|-damage|p1a: Chansey|88/100|[from] Stealth Rock
|move|p2a: Aegislash|Shadow Ball|p1a: Chansey
|-immune|p1a: Chansey
|
|upkeep
|turn|6
|
|t:|1635242518
|move|p2a: Aegislash|Flash Cannon|p1a: Chansey
|-damage|p1a: Chansey|73/100
|move|p1a: Chansey|Wish|p1a: Chansey
|
|upkeep
|turn|7
|c|☆iceblazer|weirdo
|inactive|Battle timer is ON: inactive players will automatically lose when time's up. (requested by iceblazer)
|
|t:|1635242545
|switch|p1a: Tentacruel|Tentacruel, F, shiny|100/100
|-damage|p1a: Tentacruel|88/100|[from] Stealth Rock
|move|p2a: Aegislash|Shadow Ball|p1a: Tentacruel
|-damage|p1a: Tentacruel|51/100
|
|-heal|p1a: Tentacruel|100/100|[from] move: Wish|[wisher] Chansey
|upkeep
|turn|8
|
|t:|1635242552
|-formechange|p2a: Aegislash|Aegislash||[from] ability: Stance Change
|move|p2a: Aegislash|King's Shield|p2a: Aegislash
|-singleturn|p2a: Aegislash|Protect
|move|p1a: Tentacruel|Scald|p2a: Aegislash
|-activate|p2a: Aegislash|move: Protect
|
|upkeep
|turn|9
|
|t:|1635242572
|move|p1a: Tentacruel|Sludge Bomb|p2a: Aegislash
|-immune|p2a: Aegislash
|-formechange|p2a: Aegislash|Aegislash-Blade||[from] ability: Stance Change
|move|p2a: Aegislash|Shadow Ball|p1a: Tentacruel
|-damage|p1a: Tentacruel|59/100
|-unboost|p1a: Tentacruel|spd|1
|
|-heal|p1a: Tentacruel|65/100|[from] item: Black Sludge
|upkeep
|turn|10
|
|t:|1635242586
|switch|p1a: Krookodile|Krookodile, M, shiny|100/100
|-damage|p1a: Krookodile|94/100|[from] Stealth Rock
|-ability|p1a: Krookodile|Intimidate|boost
|-unboost|p2a: Aegislash|atk|1
|-formechange|p2a: Aegislash|Aegislash||[from] ability: Stance Change
|move|p2a: Aegislash|King's Shield||[still]
|-fail|p2a: Aegislash
|
|-heal|p1a: Krookodile|100/100|[from] item: Leftovers
|upkeep
|turn|11
|
|t:|1635242598
|switch|p2a: Swampert|Swampert, F|100/100
|move|p1a: Krookodile|Stealth Rock|p2a: Swampert
|-sidestart|p2: Truffles360|move: Stealth Rock
|
|upkeep
|turn|12
|
|t:|1635242610
|switch|p1a: Conkeldurr|Conkeldurr, M, shiny|100/100
|-damage|p1a: Conkeldurr|94/100|[from] Stealth Rock
|move|p2a: Swampert|Flip Turn|p1a: Conkeldurr
|-damage|p1a: Conkeldurr|72/100
|
|t:|1635242629
|switch|p2a: Noivern|Noivern, M|100/100|[from]move: Flip Turn
|
|-status|p1a: Conkeldurr|brn|[from] item: Flame Orb
|upkeep
|turn|13
|
|t:|1635242641
|switch|p1a: Slowking|Slowking, F, shiny|100/100
|-damage|p1a: Slowking|88/100|[from] Stealth Rock
|move|p2a: Noivern|Draco Meteor|p1a: Slowking
|-damage|p1a: Slowking|45/100
|-unboost|p2a: Noivern|spa|2
|
|upkeep
|turn|14
|
|t:|1635242647
|switch|p2a: Tapu Bulu|Tapu Bulu|100/100
|-damage|p2a: Tapu Bulu|88/100|[from] Stealth Rock
|-fieldstart|move: Grassy Terrain|[from] ability: Grassy Surge|[of] p2a: Tapu Bulu
|move|p1a: Slowking|Teleport|p1a: Slowking
|
|t:|1635242655
|switch|p1a: Tentacruel|Tentacruel, F, shiny|65/100|[from]move: Teleport
|-damage|p1a: Tentacruel|53/100|[from] Stealth Rock
|
|-heal|p1a: Tentacruel|59/100|[from] Grassy Terrain
|-heal|p1a: Tentacruel|65/100|[from] item: Black Sludge
|-heal|p2a: Tapu Bulu|94/100|[from] Grassy Terrain
|upkeep
|turn|15
|
|t:|1635242671
|switch|p2a: Swampert|Swampert, F|100/100
|-damage|p2a: Swampert|94/100|[from] Stealth Rock
|move|p1a: Tentacruel|Sludge Bomb|p2a: Swampert
|-resisted|p2a: Swampert
|-damage|p2a: Swampert|83/100
|
|-heal|p1a: Tentacruel|71/100|[from] Grassy Terrain
|-heal|p1a: Tentacruel|77/100|[from] item: Black Sludge
|-heal|p2a: Swampert|90/100|[from] Grassy Terrain
|-heal|p2a: Swampert|96/100|[from] item: Leftovers
|upkeep
|turn|16
|
|t:|1635242679
|move|p1a: Tentacruel|Rapid Spin|p2a: Swampert
|-crit|p2a: Swampert
|-damage|p2a: Swampert|88/100
|-boost|p1a: Tentacruel|spe|1
|-sideend|p1: iceblazer|Stealth Rock|[from] move: Rapid Spin|[of] p1a: Tentacruel
|move|p2a: Swampert|High Horsepower|p1a: Tentacruel
|-supereffective|p1a: Tentacruel
|-damage|p1a: Tentacruel|0 fnt
|faint|p1a: Tentacruel
|
|-heal|p2a: Swampert|94/100|[from] Grassy Terrain
|-heal|p2a: Swampert|99/100|[from] item: Leftovers
|upkeep
|
|t:|1635242687
|switch|p1a: Conkeldurr|Conkeldurr, M, shiny|72/100 brn
|turn|17
|
|t:|1635242692
|move|p1a: Conkeldurr|Facade|p2a: Swampert
|-damage|p2a: Swampert|43/100
|move|p2a: Swampert|Flip Turn|p1a: Conkeldurr
|-damage|p1a: Conkeldurr|50/100 brn
|
|t:|1635242696
|switch|p2a: Noivern|Noivern, M|100/100|[from]move: Flip Turn
|
|-heal|p1a: Conkeldurr|56/100 brn|[from] Grassy Terrain
|-damage|p1a: Conkeldurr|50/100 brn|[from] brn
|upkeep
|turn|18
|
|t:|1635242700
|switch|p1a: Chansey|Chansey, F, shiny|73/100
|move|p2a: Noivern|Draco Meteor|p1a: Chansey
|-damage|p1a: Chansey|56/100
|-unboost|p2a: Noivern|spa|2
|
|-heal|p1a: Chansey|62/100|[from] Grassy Terrain
|-fieldend|move: Grassy Terrain
|upkeep
|turn|19
|
|t:|1635242721
|switch|p2a: Aegislash|Aegislash, M|100/100
|-damage|p2a: Aegislash|94/100|[from] Stealth Rock
|move|p1a: Chansey|Wish|p1a: Chansey
|
|-heal|p2a: Aegislash|100/100|[from] item: Leftovers
|upkeep
|turn|20
|
|t:|1635242727
|switch|p1a: Krookodile|Krookodile, M, shiny|100/100
|-ability|p1a: Krookodile|Intimidate|boost
|-unboost|p2a: Aegislash|atk|1
|-formechange|p2a: Aegislash|Aegislash-Blade||[from] ability: Stance Change
|move|p2a: Aegislash|Flash Cannon|p1a: Krookodile
|-damage|p1a: Krookodile|35/100
|
|-heal|p1a: Krookodile|100/100|[from] move: Wish|[wisher] Chansey
|upkeep
|turn|21
|
|t:|1635242736
|switch|p2a: Hydreigon|Hydreigon, F|100/100
|-damage|p2a: Hydreigon|88/100|[from] Stealth Rock
|move|p1a: Krookodile|Knock Off|p2a: Hydreigon
|-resisted|p2a: Hydreigon
|-damage|p2a: Hydreigon|60/100
|-enditem|p2a: Hydreigon|Choice Scarf|[from] move: Knock Off|[of] p1a: Krookodile
|
|upkeep
|turn|22
|
|t:|1635242759
|switch|p1a: Chansey|Chansey, F, shiny|62/100
|move|p2a: Hydreigon|U-turn|p1a: Chansey
|-damage|p1a: Chansey|52/100
|
|t:|1635242766
|switch|p2a: Cloyster|Cloyster, F|100/100|[from]move: U-turn
|-damage|p2a: Cloyster|76/100|[from] Stealth Rock
|
|upkeep
|turn|23
|
|t:|1635242770
|move|p2a: Cloyster|Icicle Spear|p1a: Chansey
|-damage|p1a: Chansey|41/100
|-damage|p1a: Chansey|29/100
|-damage|p1a: Chansey|19/100
|-damage|p1a: Chansey|7/100
|-damage|p1a: Chansey|0 fnt
|faint|p1a: Chansey
|-hitcount|p1: Chansey|5
|
|upkeep
|
|t:|1635242777
|switch|p1a: Conkeldurr|Conkeldurr, M, shiny|50/100 brn
|turn|24
|
|t:|1635242782
|move|p1a: Conkeldurr|Mach Punch|p2a: Cloyster
|-supereffective|p2a: Cloyster
|-damage|p2a: Cloyster|18/100
|move|p2a: Cloyster|Icicle Spear|p1a: Conkeldurr
|-damage|p1a: Conkeldurr|33/100 brn
|-damage|p1a: Conkeldurr|16/100 brn
|-damage|p1a: Conkeldurr|0 fnt
|faint|p1a: Conkeldurr
|-hitcount|p1: Conkeldurr|3
|
|upkeep
|
|t:|1635242784
|switch|p1a: Krookodile|Krookodile, M, shiny|100/100
|-ability|p1a: Krookodile|Intimidate|boost
|-unboost|p2a: Cloyster|atk|1
|turn|25
|
|t:|1635242788
|switch|p2a: Hydreigon|Hydreigon, F|60/100
|-damage|p2a: Hydreigon|47/100|[from] Stealth Rock
|move|p1a: Krookodile|Knock Off|p2a: Hydreigon
|-resisted|p2a: Hydreigon
|-damage|p2a: Hydreigon|29/100
|
|upkeep
|turn|26
|
|t:|1635242792
|move|p2a: Hydreigon|Roost|p2a: Hydreigon
|-heal|p2a: Hydreigon|79/100
|-singleturn|p2a: Hydreigon|move: Roost
|move|p1a: Krookodile|Knock Off|p2a: Hydreigon
|-resisted|p2a: Hydreigon
|-damage|p2a: Hydreigon|61/100
|
|upkeep
|turn|27
|
|t:|1635242798
|move|p2a: Hydreigon|Draco Meteor|p1a: Krookodile
|-damage|p1a: Krookodile|9/100
|-unboost|p2a: Hydreigon|spa|2
|move|p1a: Krookodile|Toxic|p2a: Hydreigon
|-status|p2a: Hydreigon|tox
|
|-heal|p1a: Krookodile|15/100|[from] item: Leftovers
|-damage|p2a: Hydreigon|55/100 tox|[from] psn
|upkeep
|turn|28
|
|t:|1635242801
|switch|p1a: Slowking|Slowking, F, shiny|79/100
|move|p2a: Hydreigon|U-turn|p1a: Slowking
|-supereffective|p1a: Slowking
|-damage|p1a: Slowking|57/100
|
|t:|1635242812
|switch|p2a: Tapu Bulu|Tapu Bulu|94/100|[from]move: U-turn
|-damage|p2a: Tapu Bulu|82/100|[from] Stealth Rock
|-fieldstart|move: Grassy Terrain|[from] ability: Grassy Surge|[of] p2a: Tapu Bulu
|
|-heal|p2a: Tapu Bulu|88/100|[from] Grassy Terrain
|-heal|p1a: Slowking|63/100|[from] Grassy Terrain
|upkeep
|turn|29
|
|t:|1635242818
|move|p2a: Tapu Bulu|Horn Leech|p1a: Slowking
|-supereffective|p1a: Slowking
|-damage|p1a: Slowking|0 fnt
|-heal|p2a: Tapu Bulu|100/100|[from] drain|[of] p1a: Slowking
|faint|p1a: Slowking
|
|upkeep
|
|t:|1635242820
|switch|p1a: Krookodile|Krookodile, M, shiny|15/100
|-ability|p1a: Krookodile|Intimidate|boost
|-unboost|p2a: Tapu Bulu|atk|1
|turn|30
|c|☆iceblazer|gg
|
|t:|1635242827
|move|p1a: Krookodile|Knock Off|p2a: Tapu Bulu
|-resisted|p2a: Tapu Bulu
|-damage|p2a: Tapu Bulu|77/100
|-enditem|p2a: Tapu Bulu|Assault Vest|[from] move: Knock Off|[of] p1a: Krookodile
|move|p2a: Tapu Bulu|Horn Leech|p1a: Krookodile
|-supereffective|p1a: Krookodile
|-damage|p1a: Krookodile|0 fnt
|-heal|p2a: Tapu Bulu|85/100|[from] drain|[of] p1a: Krookodile
|faint|p1a: Krookodile
|
|-heal|p2a: Tapu Bulu|91/100|[from] Grassy Terrain
|upkeep
|
|t:|1635242828
|switch|p1a: Skarmory|Skarmory, M, shiny|1/100
|turn|31
|
|t:|1635242830
|move|p2a: Tapu Bulu|Horn Leech|p1a: Skarmory
|-resisted|p1a: Skarmory
|-damage|p1a: Skarmory|0 fnt
|-heal|p2a: Tapu Bulu|91/100|[from] drain|[of] p1a: Skarmory
|-damage|p2a: Tapu Bulu|75/100|[from] item: Rocky Helmet|[of] p1a: Skarmory
|faint|p1a: Skarmory
|
|win|Truffles360
|raw|iceblazer's rating: 1291 &rarr; <strong>1278</strong><br />(-13 for losing)
|raw|Truffles360's rating: 1474 &rarr; <strong>1484</strong><br />(+10 for winning)
