|j|☆Whole Lotta Bread
|j|☆DQ Low Tier Legend
|t:|1656963799
|gametype|singles
|player|p1|Whole Lotta Bread|roughneck-gen4|1594
|player|p2|DQ Low Tier Legend|lucas|1540
|teamsize|p1|6
|teamsize|p2|6
|gen|8
|tier|[Gen 8] UU
|rated|
|rule|Sleep Clause Mod: Limit one foe put to sleep
|rule|Species Clause: Limit one of each Pokémon
|rule|OHKO Clause: OHKO moves are banned
|rule|Evasion Moves Clause: Evasion moves are banned
|rule|Endless Battle Clause: Forcing endless battles is banned
|rule|HP Percentage Mod: HP is shown in percentages
|rule|Dynamax Clause: You cannot dynamax
|clearpoke
|poke|p1|Swampert, F|
|poke|p1|Mandibuzz, F|
|poke|p1|Amoonguss, F|
|poke|p1|Golurk|
|poke|p1|Excadrill, F|
|poke|p1|Keldeo-Resolute|
|poke|p2|Entei|
|poke|p2|Zygarde-10%|
|poke|p2|Hatterene, F|
|poke|p2|Tentacruel, F|
|poke|p2|Skarmory, M|
|poke|p2|Tangrowth, M|
|teampreview
|inactive|Battle timer is ON: inactive players will automatically lose when time's up. (requested by Whole Lotta Bread)
|inactive|DQ Low Tier Legend has 120 seconds left.
|inactive|DQ Low Tier Legend has 90 seconds left.
|inactive|DQ Low Tier Legend has 60 seconds left.
|
|t:|1656963901
|start
|switch|p1a: Swampert|Swampert, F|100/100
|switch|p2a: Squidward|Tentacruel, F|100/100
|turn|1
|
|t:|1656963907
|switch|p2a: Hawfinch|Skarmory, M|100/100
|move|p1a: Swampert|Earthquake|p2a: Hawfinch
|-immune|p2a: Hawfinch
|
|upkeep
|turn|2
|inactive|DQ Low Tier Legend has 120 seconds left.
|
|t:|1656963920
|move|p2a: Hawfinch|Spikes|p1a: Swampert
|-sidestart|p1: Whole Lotta Bread|Spikes
|move|p1a: Swampert|Stealth Rock|p2a: Hawfinch
|-sidestart|p2: DQ Low Tier Legend|move: Stealth Rock
|
|upkeep
|turn|3
|
|t:|1656963924
|move|p2a: Hawfinch|Spikes|p1a: Swampert
|-sidestart|p1: Whole Lotta Bread|Spikes
|move|p1a: Swampert|Flip Turn|p2a: Hawfinch
|-damage|p2a: Hawfinch|87/100
|-damage|p1a: Swampert|84/100|[from] item: Rocky Helmet|[of] p2a: Hawfinch
|
|t:|1656963931
|switch|p1a: Golurk|Golurk|100/100|[from]move: Flip Turn
|-damage|p1a: Golurk|84/100|[from] Spikes
|
|upkeep
|turn|4
|inactive|DQ Low Tier Legend has 120 seconds left.
|
|t:|1656963978
|move|p1a: Golurk|Heat Crash|p2a: Hawfinch
|-supereffective|p2a: Hawfinch
|-damage|p2a: Hawfinch|4/100
|-damage|p1a: Golurk|67/100|[from] item: Rocky Helmet|[of] p2a: Hawfinch
|move|p2a: Hawfinch|Roost|p2a: Hawfinch
|-heal|p2a: Hawfinch|54/100
|-singleturn|p2a: Hawfinch|move: Roost
|
|upkeep
|turn|5
|
|t:|1656963984
|switch|p2a: Squidward|Tentacruel, F|100/100
|-damage|p2a: Squidward|88/100|[from] Stealth Rock
|move|p1a: Golurk|Heat Crash|p2a: Squidward
|-resisted|p2a: Squidward
|-damage|p2a: Squidward|54/100
|
|-heal|p2a: Squidward|60/100|[from] item: Black Sludge
|upkeep
|turn|6
|
|t:|1656964005
|switch|p1a: Amoonguss|Amoonguss, F|100/100
|-damage|p1a: Amoonguss|84/100|[from] Spikes
|move|p2a: Squidward|Rapid Spin|p1a: Amoonguss
|-damage|p1a: Amoonguss|78/100
|-boost|p2a: Squidward|spe|1
|-damage|p2a: Squidward|44/100|[from] item: Rocky Helmet|[of] p1a: Amoonguss
|-sideend|p2: DQ Low Tier Legend|Stealth Rock|[from] move: Rapid Spin|[of] p2a: Squidward
|
|-heal|p2a: Squidward|50/100|[from] item: Black Sludge
|upkeep
|turn|7
|
|t:|1656964023
|switch|p2a: Hawfinch|Skarmory, M|54/100
|switch|p1a: Keldeo|Keldeo-Resolute|100/100
|-damage|p1a: Keldeo|84/100|[from] Spikes
|
|upkeep
|turn|8
|inactive|DQ Low Tier Legend has 90 seconds left.
|
|t:|1656964057
|switch|p2a: Blue Tang|Tangrowth, M|100/100
|move|p1a: Keldeo|Scald|p2a: Blue Tang
|-resisted|p2a: Blue Tang
|-damage|p2a: Blue Tang|82/100
|
|upkeep
|turn|9
|
|t:|1656964065
|switch|p1a: Mandibuzz|Mandibuzz, F|100/100
|move|p2a: Blue Tang|Knock Off|p1a: Mandibuzz
|-resisted|p1a: Mandibuzz
|-damage|p1a: Mandibuzz|93/100
|-enditem|p1a: Mandibuzz|Heavy-Duty Boots|[from] move: Knock Off|[of] p2a: Blue Tang
|
|upkeep
|turn|10
|
|t:|1656964073
|switch|p2a: Hawfinch|Skarmory, M|54/100
|move|p1a: Mandibuzz|Knock Off|p2a: Hawfinch
|-damage|p2a: Hawfinch|39/100
|-damage|p1a: Mandibuzz|77/100|[from] item: Rocky Helmet|[of] p2a: Hawfinch
|-enditem|p2a: Hawfinch|Rocky Helmet|[from] move: Knock Off|[of] p1a: Mandibuzz
|
|upkeep
|turn|11
|
|t:|1656964077
|move|p1a: Mandibuzz|U-turn|p2a: Hawfinch
|-resisted|p2a: Hawfinch
|-damage|p2a: Hawfinch|38/100
|
|t:|1656964081
|switch|p1a: Swampert|Swampert, F|84/100|[from]move: U-turn
|-damage|p1a: Swampert|67/100|[from] Spikes
|move|p2a: Hawfinch|Roost|p2a: Hawfinch
|-heal|p2a: Hawfinch|88/100
|-singleturn|p2a: Hawfinch|move: Roost
|
|-heal|p1a: Swampert|74/100|[from] item: Leftovers
|upkeep
|turn|12
|
|t:|1656964088
|move|p2a: Hawfinch|Spikes|p1a: Swampert
|-sidestart|p1: Whole Lotta Bread|Spikes
|move|p1a: Swampert|Earthquake|p2a: Hawfinch
|-immune|p2a: Hawfinch
|
|-heal|p1a: Swampert|80/100|[from] item: Leftovers
|upkeep
|turn|13
|
|t:|1656964094
|move|p2a: Hawfinch|Body Press|p1a: Swampert
|-damage|p1a: Swampert|55/100
|move|p1a: Swampert|Stealth Rock|p2a: Hawfinch
|-sidestart|p2: DQ Low Tier Legend|move: Stealth Rock
|
|-heal|p1a: Swampert|62/100|[from] item: Leftovers
|upkeep
|turn|14
|
|t:|1656964100
|switch|p1a: Golurk|Golurk|67/100
|-damage|p1a: Golurk|42/100|[from] Spikes
|move|p2a: Hawfinch|Iron Defense|p2a: Hawfinch
|-boost|p2a: Hawfinch|def|2
|
|upkeep
|turn|15
|
|t:|1656964109
|move|p1a: Golurk|Heat Crash|p2a: Hawfinch
|-supereffective|p2a: Hawfinch
|-damage|p2a: Hawfinch|51/100
|move|p2a: Hawfinch|Roost|p2a: Hawfinch
|-heal|p2a: Hawfinch|100/100
|-singleturn|p2a: Hawfinch|move: Roost
|
|upkeep
|turn|16
|
|t:|1656964115
|move|p1a: Golurk|Heat Crash|p2a: Hawfinch
|-supereffective|p2a: Hawfinch
|-damage|p2a: Hawfinch|62/100
|move|p2a: Hawfinch|Iron Defense|p2a: Hawfinch
|-boost|p2a: Hawfinch|def|2
|
|upkeep
|turn|17
|
|t:|1656964119
|move|p1a: Golurk|Heat Crash|p2a: Hawfinch
|-supereffective|p2a: Hawfinch
|-damage|p2a: Hawfinch|36/100
|move|p2a: Hawfinch|Roost|p2a: Hawfinch
|-heal|p2a: Hawfinch|86/100
|-singleturn|p2a: Hawfinch|move: Roost
|
|upkeep
|turn|18
|
|t:|1656964126
|move|p1a: Golurk|Heat Crash|p2a: Hawfinch
|-supereffective|p2a: Hawfinch
|-damage|p2a: Hawfinch|62/100
|move|p2a: Hawfinch|Roost|p2a: Hawfinch
|-heal|p2a: Hawfinch|100/100
|-singleturn|p2a: Hawfinch|move: Roost
|
|upkeep
|turn|19
|
|t:|1656964132
|switch|p2a: Snoop|Zygarde-10%|100/100
|-damage|p2a: Snoop|94/100|[from] Stealth Rock
|-ability|p2a: Snoop|Aura Break
|move|p1a: Golurk|Heat Crash|p2a: Snoop
|-resisted|p2a: Snoop
|-damage|p2a: Snoop|35/100
|
|upkeep
|turn|20
|
|t:|1656964141
|switch|p1a: Mandibuzz|Mandibuzz, F|77/100
|move|p2a: Snoop|Thousand Arrows|p1a: Mandibuzz
|-damage|p1a: Mandibuzz|41/100
|-start|p1a: Mandibuzz|Smack Down
|
|upkeep
|turn|21
|
|t:|1656964144
|move|p2a: Snoop|Thousand Arrows|p1a: Mandibuzz
|-damage|p1a: Mandibuzz|4/100
|move|p1a: Mandibuzz|Roost|p1a: Mandibuzz
|-heal|p1a: Mandibuzz|54/100
|-singleturn|p1a: Mandibuzz|move: Roost
|
|upkeep
|turn|22
|
|t:|1656964151
|switch|p2a: Rogu|Hatterene, F|100/100
|-damage|p2a: Rogu|88/100|[from] Stealth Rock
|move|p1a: Mandibuzz|Roost|p1a: Mandibuzz
|-heal|p1a: Mandibuzz|100/100
|-singleturn|p1a: Mandibuzz|move: Roost
|
|-heal|p2a: Rogu|94/100|[from] item: Leftovers
|upkeep
|turn|23
|
|t:|1656964154
|move|p1a: Mandibuzz|U-turn|p2a: Rogu
|-damage|p2a: Rogu|86/100
|
|t:|1656964156
|switch|p1a: Excadrill|Excadrill, F|100/100|[from]move: U-turn
|-damage|p1a: Excadrill|76/100|[from] Spikes
|-ability|p1a: Excadrill|Mold Breaker
|move|p2a: Rogu|Calm Mind|p2a: Rogu
|-boost|p2a: Rogu|spa|1
|-boost|p2a: Rogu|spd|1
|
|-heal|p1a: Excadrill|82/100|[from] item: Leftovers
|-heal|p2a: Rogu|92/100|[from] item: Leftovers
|upkeep
|turn|24
|
|t:|1656964164
|switch|p2a: Hawfinch|Skarmory, M|100/100
|-damage|p2a: Hawfinch|88/100|[from] Stealth Rock
|move|p1a: Excadrill|Iron Head|p2a: Hawfinch
|-resisted|p2a: Hawfinch
|-damage|p2a: Hawfinch|75/100
|
|-heal|p1a: Excadrill|88/100|[from] item: Leftovers
|upkeep
|turn|25
|
|t:|1656964173
|move|p1a: Excadrill|Rapid Spin|p2a: Hawfinch
|-resisted|p2a: Hawfinch
|-damage|p2a: Hawfinch|70/100
|-boost|p1a: Excadrill|spe|1
|-sideend|p1: Whole Lotta Bread|Spikes|[from] move: Rapid Spin|[of] p1a: Excadrill
|move|p2a: Hawfinch|Body Press|p1a: Excadrill
|-supereffective|p1a: Excadrill
|-damage|p1a: Excadrill|0 fnt
|faint|p1a: Excadrill
|
|upkeep
|
|t:|1656964177
|switch|p1a: Golurk|Golurk|42/100
|turn|26
|
|t:|1656964193
|move|p1a: Golurk|Heat Crash|p2a: Hawfinch
|-supereffective|p2a: Hawfinch
|-damage|p2a: Hawfinch|0 fnt
|faint|p2a: Hawfinch
|
|upkeep
|
|t:|1656964201
|switch|p2a: Squidward|Tentacruel, F|50/100
|-damage|p2a: Squidward|38/100|[from] Stealth Rock
|turn|27
|
|t:|1656964212
|switch|p1a: Amoonguss|Amoonguss, F|100/100
|move|p2a: Squidward|Scald|p1a: Amoonguss
|-resisted|p1a: Amoonguss
|-damage|p1a: Amoonguss|91/100
|-status|p1a: Amoonguss|brn
|
|-heal|p2a: Squidward|44/100|[from] item: Black Sludge
|-damage|p1a: Amoonguss|85/100 brn|[from] brn
|upkeep
|turn|28
|
|t:|1656964218
|move|p2a: Squidward|Rapid Spin|p1a: Amoonguss
|-damage|p1a: Amoonguss|78/100 brn
|-boost|p2a: Squidward|spe|1
|-damage|p2a: Squidward|27/100|[from] item: Rocky Helmet|[of] p1a: Amoonguss
|-sideend|p2: DQ Low Tier Legend|Stealth Rock|[from] move: Rapid Spin|[of] p2a: Squidward
|move|p1a: Amoonguss|Spore|p2a: Squidward
|-status|p2a: Squidward|slp|[from] move: Spore
|
|-heal|p2a: Squidward|33/100 slp|[from] item: Black Sludge
|-damage|p1a: Amoonguss|72/100 brn|[from] brn
|upkeep
|turn|29
|
|t:|1656964224
|switch|p2a: Molly's Dad|Entei|100/100
|move|p1a: Amoonguss|Sludge Bomb|p2a: Molly's Dad
|-damage|p2a: Molly's Dad|69/100
|-status|p2a: Molly's Dad|psn
|
|-damage|p2a: Molly's Dad|56/100 psn|[from] psn
|-damage|p1a: Amoonguss|66/100 brn|[from] brn
|upkeep
|turn|30
|
|t:|1656964233
|switch|p1a: Swampert|Swampert, F|62/100
|move|p2a: Molly's Dad|Sacred Fire|p1a: Swampert
|-resisted|p1a: Swampert
|-crit|p1a: Swampert
|-damage|p1a: Swampert|17/100
|
|-heal|p1a: Swampert|23/100|[from] item: Leftovers
|-damage|p2a: Molly's Dad|44/100 psn|[from] psn
|upkeep
|turn|31
|
|t:|1656964240
|move|p2a: Molly's Dad|Sacred Fire|p1a: Swampert
|-resisted|p1a: Swampert
|-damage|p1a: Swampert|0 fnt
|faint|p1a: Swampert
|
|-damage|p2a: Molly's Dad|31/100 psn|[from] psn
|upkeep
|
|t:|1656964243
|switch|p1a: Keldeo|Keldeo-Resolute|84/100
|turn|32
|
|t:|1656964264
|switch|p2a: Blue Tang|Tangrowth, M|100/100
|move|p1a: Keldeo|Scald|p2a: Blue Tang
|-resisted|p2a: Blue Tang
|-damage|p2a: Blue Tang|80/100
|-status|p2a: Blue Tang|brn
|
|-damage|p2a: Blue Tang|74/100 brn|[from] brn
|upkeep
|turn|33
|
|t:|1656964276
|switch|p1a: Mandibuzz|Mandibuzz, F|100/100
|move|p2a: Blue Tang|Knock Off|p1a: Mandibuzz
|-resisted|p1a: Mandibuzz
|-damage|p1a: Mandibuzz|98/100
|
|-damage|p2a: Blue Tang|68/100 brn|[from] brn
|upkeep
|turn|34
|
|t:|1656964291
|move|p1a: Mandibuzz|Knock Off|p2a: Blue Tang
|-damage|p2a: Blue Tang|50/100 brn
|-enditem|p2a: Blue Tang|Assault Vest|[from] move: Knock Off|[of] p1a: Mandibuzz
|move|p2a: Blue Tang|Poison Jab|p1a: Mandibuzz
|-damage|p1a: Mandibuzz|93/100
|
|-damage|p2a: Blue Tang|44/100 brn|[from] brn
|upkeep
|turn|35
|
|t:|1656964300
|move|p1a: Mandibuzz|Knock Off|p2a: Blue Tang
|-crit|p2a: Blue Tang
|-damage|p2a: Blue Tang|27/100 brn
|move|p2a: Blue Tang|Poison Jab|p1a: Mandibuzz
|-damage|p1a: Mandibuzz|88/100
|
|-damage|p2a: Blue Tang|21/100 brn|[from] brn
|upkeep
|turn|36
|
|t:|1656964312
|move|p1a: Mandibuzz|Knock Off|p2a: Blue Tang
|-damage|p2a: Blue Tang|11/100 brn
|move|p2a: Blue Tang|Poison Jab|p1a: Mandibuzz
|-damage|p1a: Mandibuzz|83/100
|
|-damage|p2a: Blue Tang|5/100 brn|[from] brn
|upkeep
|turn|37
|
|t:|1656964316
|move|p1a: Mandibuzz|Knock Off|p2a: Blue Tang
|-damage|p2a: Blue Tang|0 fnt
|faint|p2a: Blue Tang
|
|upkeep
|
|t:|1656964319
|switch|p2a: Rogu|Hatterene, F|92/100
|turn|38
|
|t:|1656964325
|move|p1a: Mandibuzz|Knock Off|p2a: Rogu
|-damage|p2a: Rogu|72/100
|-enditem|p2a: Rogu|Leftovers|[from] move: Knock Off|[of] p1a: Mandibuzz
|move|p2a: Rogu|Calm Mind|p2a: Rogu
|-boost|p2a: Rogu|spa|1
|-boost|p2a: Rogu|spd|1
|
|upkeep
|turn|39
|
|t:|1656964330
|move|p1a: Mandibuzz|U-turn|p2a: Rogu
|-damage|p2a: Rogu|63/100
|
|t:|1656964335
|switch|p1a: Amoonguss|Amoonguss, F|99/100 brn|[from]move: U-turn
|move|p2a: Rogu|Psyshock|p1a: Amoonguss
|-supereffective|p1a: Amoonguss
|-damage|p1a: Amoonguss|24/100 brn
|
|-damage|p1a: Amoonguss|17/100 brn|[from] brn
|upkeep
|turn|40
|
|t:|1656964344
|switch|p2a: Snoop|Zygarde-10%|35/100
|-ability|p2a: Snoop|Aura Break
|move|p1a: Amoonguss|Sludge Bomb|p2a: Snoop
|-resisted|p2a: Snoop
|-damage|p2a: Snoop|15/100
|
|-damage|p1a: Amoonguss|11/100 brn|[from] brn
|upkeep
|turn|41
|
|t:|1656964348
|switch|p1a: Mandibuzz|Mandibuzz, F|83/100
|move|p2a: Snoop|Thousand Arrows|p1a: Mandibuzz
|-damage|p1a: Mandibuzz|48/100
|-start|p1a: Mandibuzz|Smack Down
|
|upkeep
|turn|42
|
|t:|1656964352
|move|p2a: Snoop|Thousand Arrows|p1a: Mandibuzz
|-damage|p1a: Mandibuzz|13/100
|move|p1a: Mandibuzz|Roost|p1a: Mandibuzz
|-heal|p1a: Mandibuzz|63/100
|-singleturn|p1a: Mandibuzz|move: Roost
|
|upkeep
|turn|43
|
|t:|1656964356
|switch|p2a: Molly's Dad|Entei|31/100 psn
|move|p1a: Mandibuzz|Roost|p1a: Mandibuzz
|-heal|p1a: Mandibuzz|100/100
|-singleturn|p1a: Mandibuzz|move: Roost
|
|-damage|p2a: Molly's Dad|19/100 psn|[from] psn
|upkeep
|turn|44
|
|t:|1656964361
|switch|p1a: Keldeo|Keldeo-Resolute|84/100
|move|p2a: Molly's Dad|Sacred Fire|p1a: Keldeo
|-resisted|p1a: Keldeo
|-damage|p1a: Keldeo|39/100
|-status|p1a: Keldeo|brn
|
|-damage|p2a: Molly's Dad|7/100 psn|[from] psn
|-damage|p1a: Keldeo|33/100 brn|[from] brn
|upkeep
|turn|45
|
|t:|1656964380
|switch|p2a: Squidward|Tentacruel, F|33/100 slp
|move|p1a: Keldeo|Scald|p2a: Squidward
|-resisted|p2a: Squidward
|-damage|p2a: Squidward|9/100 slp
|
|-heal|p2a: Squidward|15/100 slp|[from] item: Black Sludge
|-damage|p1a: Keldeo|27/100 brn|[from] brn
|upkeep
|turn|46
|
|t:|1656964393
|move|p1a: Keldeo|Scald|p2a: Squidward
|-resisted|p2a: Squidward
|-damage|p2a: Squidward|0 fnt
|faint|p2a: Squidward
|
|-damage|p1a: Keldeo|20/100 brn|[from] brn
|upkeep
|inactive|DQ Low Tier Legend has 120 seconds left.
|
|t:|1656964431
|switch|p2a: Rogu|Hatterene, F|63/100
|turn|47
|
|t:|1656964435
|move|p1a: Keldeo|Scald|p2a: Rogu
|-damage|p2a: Rogu|0 fnt
|faint|p2a: Rogu
|
|-damage|p1a: Keldeo|14/100 brn|[from] brn
|upkeep
|-message|DQ Low Tier Legend forfeited.
|
|win|Whole Lotta Bread
|raw|Whole Lotta Bread's rating: 1594 &rarr; <strong>1610</strong><br />(+16 for winning)
|raw|DQ Low Tier Legend's rating: 1526 &rarr; <strong>1510</strong><br />(-16 for losing)
|l|☆DQ Low Tier Legend
|c|☆Whole Lotta Bread|gg
