|j|☆brundisium
|j|☆Natural Killer
|t:|1616551554
|player|p1|brundisium|birdkeeper-gen4dp|
|player|p2|Natural Killer|morty|
|teamsize|p1|6
|teamsize|p2|6
|gametype|singles
|gen|8
|tier|[Gen 8] UU
|rated|Tournament battle
|clearpoke
|poke|p1|Slowking, F|
|poke|p1|Tangrowth, F|
|poke|p1|Rotom-Heat|
|poke|p1|Scizor, M|
|poke|p1|Krookodile, M|
|poke|p1|Kommo-o, M|
|poke|p2|Krookodile, M|
|poke|p2|Scizor, M|
|poke|p2|Zeraora|
|poke|p2|Salamence, F|
|poke|p2|Slowking, M|
|poke|p2|Amoonguss, F|
|rule|Sleep Clause Mod: Limit one foe put to sleep
|rule|Species Clause: Limit one of each Pokémon
|rule|OHKO Clause: OHKO moves are banned
|rule|Evasion Moves Clause: Evasion moves are banned
|rule|Endless Battle Clause: Forcing endless battles is banned
|rule|HP Percentage Mod: HP is shown in percentages
|rule|Dynamax Clause: You cannot dynamax
|teampreview
|j| epileptic shrub
|
|t:|1616551580
|start
|switch|p1a: Tangrowth|Tangrowth, F|100/100
|switch|p2a: Killswitch|Zeraora|100/100
|turn|1
|inactive|Battle timer is ON: inactive players will automatically lose when time's up. (requested by brundisium)
|
|t:|1616551606
|move|p2a: Killswitch|Volt Switch|p1a: Tangrowth
|-resisted|p1a: Tangrowth
|-damage|p1a: Tangrowth|92/100
|
|t:|1616551608
|switch|p2a: Memengus|Amoonguss, F|100/100|[from]move: Volt Switch
|move|p1a: Tangrowth|Knock Off|p2a: Memengus
|-damage|p2a: Memengus|83/100
|-damage|p1a: Tangrowth|75/100|[from] item: Rocky Helmet|[of] p2a: Memengus
|-enditem|p2a: Memengus|Rocky Helmet|[from] move: Knock Off|[of] p1a: Tangrowth
|
|upkeep
|turn|2
|
|t:|1616551622
|switch|p1a: Scizor|Scizor, M|100/100
|move|p2a: Memengus|Sludge Bomb|p1a: Scizor
|-immune|p1a: Scizor
|
|upkeep
|turn|3
|
|t:|1616551630
|switch|p2a: Sandra|Salamence, F|100/100
|-ability|p2a: Sandra|Intimidate|boost
|-unboost|p1a: Scizor|atk|1
|move|p1a: Scizor|U-turn|p2a: Sandra
|-resisted|p2a: Sandra
|-damage|p2a: Sandra|87/100
|
|t:|1616551632
|switch|p1a: Slowking|Slowking, F|100/100|[from]move: U-turn
|
|upkeep
|turn|4
|
|t:|1616551636
|move|p2a: Sandra|Hurricane|p1a: Slowking
|-damage|p1a: Slowking|64/100
|-start|p1a: Slowking|confusion
|-activate|p1a: Slowking|confusion
|move|p1a: Slowking|Future Sight|p2a: Sandra
|-start|p1a: Slowking|move: Future Sight
|
|upkeep
|turn|5
|
|t:|1616551642
|switch|p2a: Killswitch|Zeraora|100/100
|-activate|p1a: Slowking|confusion
|move|p1a: Slowking|Teleport|p1a: Slowking
|
|t:|1616551655
|switch|p1a: Krookodile|Krookodile, M|100/100|[from]move: Teleport
|-ability|p1a: Krookodile|Intimidate|boost
|-unboost|p2a: Killswitch|atk|1
|
|upkeep
|turn|6
|
|t:|1616551665
|switch|p2a: Sandra|Salamence, F|87/100
|-ability|p2a: Sandra|Intimidate|boost
|-unboost|p1a: Krookodile|atk|1
|move|p1a: Krookodile|Knock Off|p2a: Sandra
|-damage|p2a: Sandra|45/100
|-enditem|p2a: Sandra|Heavy-Duty Boots|[from] move: Knock Off|[of] p1a: Krookodile
|
|-end|p2a: Sandra|move: Future Sight
|-damage|p2a: Sandra|0 fnt
|upkeep
|faint|p2a: Sandra
|
|t:|1616551676
|switch|p2a: King K. Rool|Krookodile, M|100/100
|-ability|p2a: King K. Rool|Intimidate|boost
|-unboost|p1a: Krookodile|atk|1
|turn|7
|j| ummmmmmmmmmmmmmmm
|
|t:|1616551681
|switch|p1a: Tangrowth|Tangrowth, F|100/100
|move|p2a: King K. Rool|Knock Off|p1a: Tangrowth
|-damage|p1a: Tangrowth|75/100
|-enditem|p1a: Tangrowth|Assault Vest|[from] move: Knock Off|[of] p2a: King K. Rool
|
|upkeep
|turn|8
|
|t:|1616551688
|switch|p2a: Memengus|Amoonguss, F|100/100
|switch|p1a: Kommo-o|Kommo-o, M|100/100
|
|upkeep
|turn|9
|
|t:|1616551694
|move|p1a: Kommo-o|Clanging Scales|p2a: Memengus
|-damage|p2a: Memengus|28/100
|-unboost|p1a: Kommo-o|def|1
|move|p2a: Memengus|Foul Play|p1a: Kommo-o
|-resisted|p1a: Kommo-o
|-damage|p1a: Kommo-o|86/100
|
|upkeep
|turn|10
|
|t:|1616551702
|switch|p2a: King K. Rool|Krookodile, M|100/100
|-ability|p2a: King K. Rool|Intimidate|boost
|-unboost|p1a: Kommo-o|atk|1
|move|p1a: Kommo-o|Clanging Scales|p2a: King K. Rool
|-damage|p2a: King K. Rool|0 fnt
|-unboost|p1a: Kommo-o|def|1
|faint|p2a: King K. Rool
|
|upkeep
|
|t:|1616551708
|switch|p2a: Killswitch|Zeraora|100/100
|turn|11
|
|t:|1616551711
|switch|p1a: Tangrowth|Tangrowth, F|100/100
|move|p2a: Killswitch|Play Rough|p1a: Tangrowth|[miss]
|-miss|p2a: Killswitch|p1a: Tangrowth
|
|upkeep
|turn|12
|
|t:|1616551717
|move|p2a: Killswitch|Knock Off|p1a: Tangrowth
|-damage|p1a: Tangrowth|87/100
|move|p1a: Tangrowth|Sludge Bomb|p2a: Killswitch
|-damage|p2a: Killswitch|69/100
|-status|p2a: Killswitch|psn
|
|-damage|p2a: Killswitch|57/100 psn|[from] psn
|upkeep
|turn|13
|
|t:|1616551722
|move|p2a: Killswitch|Volt Switch|p1a: Tangrowth
|-resisted|p1a: Tangrowth
|-damage|p1a: Tangrowth|74/100
|-message|Natural Killer forfeited.
|
|win|brundisium
|n|☆brundisium|brundisium
|n|☆Natural Killer|naturalkiller
|n| epileptic shrub|epilepticshrub
|n| ummmmmmmmmmmmmmmm|ummmmmmmmmmmmmmmm
|l|☆Natural Killer
|l|☆brundisium
|l| ummmmmmmmmmmmmmmm
|j| faded love ☭
