|j|☆luc ario power
|j|☆Mintiephresh
|t:|1652397226
|gametype|singles
|player|p1|luc ario power|birdkeeper-gen4dp|1350
|player|p2|Mintiephresh|burglar-gen1rb|1329
|teamsize|p1|6
|teamsize|p2|6
|gen|8
|tier|[Gen 8] UU
|rated|
|rule|Sleep Clause Mod: Limit one foe put to sleep
|rule|Species Clause: Limit one of each Pokémon
|rule|OHKO Clause: OHKO moves are banned
|rule|Evasion Moves Clause: Evasion moves are banned
|rule|Endless Battle Clause: Forcing endless battles is banned
|rule|HP Percentage Mod: HP is shown in percentages
|rule|Dynamax Clause: You cannot dynamax
|clearpoke
|poke|p1|Aegislash, M|
|poke|p1|Rotom-Heat|
|poke|p1|Primarina, M|
|poke|p1|Hydreigon, F|
|poke|p1|Conkeldurr, F|
|poke|p1|Excadrill, F|
|poke|p2|Azumarill, M|
|poke|p2|Salamence, M|
|poke|p2|Rotom-Wash|
|poke|p2|Mamoswine, M|
|poke|p2|Amoonguss, F|
|poke|p2|Thundurus-Therian, M|
|teampreview
|inactive|Battle timer is ON: inactive players will automatically lose when time's up. (requested by Mintiephresh)
|
|t:|1652397245
|start
|switch|p1a: Rotom|Rotom-Heat|100/100
|switch|p2a: Mamoswine|Mamoswine, M|100/100
|turn|1
|
|t:|1652397267
|move|p2a: Mamoswine|Stealth Rock|p1a: Rotom
|-sidestart|p1: luc ario power|move: Stealth Rock
|move|p1a: Rotom|Overheat|p2a: Mamoswine|[miss]
|-miss|p1a: Rotom|p2a: Mamoswine
|
|upkeep
|turn|2
|
|t:|1652397274
|move|p2a: Mamoswine|Icicle Crash|p1a: Rotom
|-resisted|p1a: Rotom
|-damage|p1a: Rotom|77/100
|cant|p1a: Rotom|flinch
|
|upkeep
|turn|3
|
|t:|1652397281
|move|p2a: Mamoswine|Icicle Crash|p1a: Rotom
|-resisted|p1a: Rotom
|-damage|p1a: Rotom|52/100
|cant|p1a: Rotom|flinch
|
|upkeep
|turn|4
|
|t:|1652397287
|move|p2a: Mamoswine|Icicle Crash|p1a: Rotom
|-resisted|p1a: Rotom
|-damage|p1a: Rotom|30/100
|cant|p1a: Rotom|flinch
|
|upkeep
|turn|5
|c|☆luc ario power|bruh
|
|t:|1652397294
|move|p2a: Mamoswine|Icicle Crash|p1a: Rotom
|-resisted|p1a: Rotom
|-damage|p1a: Rotom|7/100
|cant|p1a: Rotom|flinch
|
|upkeep
|turn|6
|c|☆Mintiephresh|Soz man
|c|☆Mintiephresh|Omggg
|c|☆luc ario power|!dt icicle crash
|raw|<ul class="utilichart"><li class="result"><span class="col movenamecol"><a href="https://dex.pokemonshowdown.com/moves/iciclecrash">Icicle Crash</a></span> <span class="col typecol"><img src="//play.pokemonshowdown.com/sprites/types/Ice.png" alt="Ice" width="32" height="14"><img src="//play.pokemonshowdown.com/sprites/categories/Physical.png" alt="Physical" width="32" height="14"></span> <span class="col labelcol"><em>Power</em><br>85</span> <span class="col widelabelcol"><em>Accuracy</em><br>90%</span> <span class="col pplabelcol"><em>PP</em><br>16</span> <span class="col movedesccol">30% chance to make the target flinch.</span> </li><li style="clear:both"></li></ul>
|raw|<font size="1"><font color="#686868">Priority:</font> 0&nbsp;|&ThickSpace;<font color="#686868">Gen:</font> 5&nbsp;|&ThickSpace;&#10003; Secondary effect&nbsp;|&ThickSpace;<font color="#686868">Z-Power:</font> 160&nbsp;|&ThickSpace;<font color="#686868">Dynamax Power:</font> 130&nbsp;|&ThickSpace;<font color="#686868">Target:</font> One Adjacent Pokémon</font>

|
|t:|1652397320
|move|p2a: Mamoswine|Icicle Crash|p1a: Rotom
|-resisted|p1a: Rotom
|-damage|p1a: Rotom|0 fnt
|faint|p1a: Rotom
|
|upkeep
|inactive|luc ario power has 120 seconds left.
|c|☆luc ario power|i had pain split if i hit once it would have been fine
|c|☆Mintiephresh|0.81% chance of 4 flinches
|inactive|luc ario power has 90 seconds left.
|c|☆luc ario power|oh wow
|
|t:|1652397372
|switch|p1a: gramps|Conkeldurr, F|100/100
|-damage|p1a: gramps|94/100|[from] Stealth Rock
|turn|7
|c|☆Mintiephresh|Brb buying lottery ticket
|
|t:|1652397379
|move|p1a: gramps|Mach Punch|p2a: Mamoswine
|-supereffective|p2a: Mamoswine
|-damage|p2a: Mamoswine|52/100
|move|p2a: Mamoswine|Icicle Crash|p1a: gramps
|-crit|p1a: gramps
|-damage|p1a: gramps|23/100
|
|-status|p1a: gramps|brn|[from] item: Flame Orb
|upkeep
|turn|8
|c|☆luc ario power|broooooooo
|
|t:|1652397389
|move|p1a: gramps|Mach Punch|p2a: Mamoswine
|-supereffective|p2a: Mamoswine
|-damage|p2a: Mamoswine|0 fnt
|faint|p2a: Mamoswine
|
|-damage|p1a: gramps|17/100 brn|[from] brn
|upkeep
|
|t:|1652397394
|switch|p2a: Azumarill|Azumarill, M, shiny|100/100
|turn|9
|c|☆luc ario power|btw were you focus sash or nah
|
|t:|1652397409
|move|p2a: Azumarill|Aqua Jet|p1a: gramps
|-damage|p1a: gramps|0 fnt
|faint|p1a: gramps
|
|upkeep
|c|☆Mintiephresh|Ye
|inactive|luc ario power has 90 seconds left.
|c|☆Mintiephresh|Mamo is suicide lead but occasionally gets some dumb luck kills
|c|☆luc ario power|ye i knew i couldnt one hit u because of endevor
|c|☆luc ario power|but i really hoped it work there
|inactive|luc ario power has 60 seconds left.
|
|t:|1652397456
|switch|p1a: Primarina|Primarina, M|100/100
|-damage|p1a: Primarina|88/100|[from] Stealth Rock
|turn|10
|inactive|luc ario power has 60 seconds left.
|
|t:|1652397466
|switch|p2a: Amoonguss|Amoonguss, F|100/100
|move|p1a: Primarina|Moonblast|p2a: Amoonguss
|-resisted|p2a: Amoonguss
|-crit|p2a: Amoonguss
|-damage|p2a: Amoonguss|67/100
|-unboost|p2a: Amoonguss|spa|1
|
|upkeep
|turn|11
|inactive|luc ario power has 60 seconds left.
|
|t:|1652397474
|switch|p1a: gilgamesh|Aegislash, M|100/100
|-damage|p1a: gilgamesh|94/100|[from] Stealth Rock
|move|p2a: Amoonguss|Spore|p1a: gilgamesh
|-status|p1a: gilgamesh|slp|[from] move: Spore
|
|upkeep
|turn|12
|inactive|luc ario power has 60 seconds left.
|
|t:|1652397484
|switch|p1a: drei|Hydreigon, F|100/100
|-damage|p1a: drei|88/100|[from] Stealth Rock
|switch|p2a: Rotom|Rotom-Wash|100/100
|
|upkeep
|turn|13
|
|t:|1652397493
|move|p1a: drei|U-turn|p2a: Rotom
|-damage|p2a: Rotom|84/100
|
|t:|1652397496
|switch|p1a: pierce the heavens|Excadrill, F|100/100|[from]move: U-turn
|-damage|p1a: pierce the heavens|97/100|[from] Stealth Rock
|-ability|p1a: pierce the heavens|Mold Breaker
|-item|p1a: pierce the heavens|Air Balloon
|move|p2a: Rotom|Will-O-Wisp|p1a: pierce the heavens
|-status|p1a: pierce the heavens|brn
|
|-heal|p2a: Rotom|91/100|[from] item: Leftovers
|-damage|p1a: pierce the heavens|91/100 brn|[from] brn
|upkeep
|turn|14
|
|t:|1652397508
|switch|p2a: Thundurus|Thundurus-Therian, M|100/100
|move|p1a: pierce the heavens|Earthquake|p2a: Thundurus
|-immune|p2a: Thundurus
|
|-damage|p1a: pierce the heavens|85/100 brn|[from] brn
|upkeep
|turn|15
|
|t:|1652397521
|switch|p2a: Azumarill|Azumarill, M, shiny|100/100
|move|p1a: pierce the heavens|Rock Tomb|p2a: Azumarill
|-damage|p2a: Azumarill|90/100
|-unboost|p2a: Azumarill|spe|1
|
|-damage|p1a: pierce the heavens|79/100 brn|[from] brn
|upkeep
|turn|16
|
|t:|1652397530
|move|p1a: pierce the heavens|Earthquake|p2a: Azumarill
|-damage|p2a: Azumarill|60/100
|move|p2a: Azumarill|Liquidation|p1a: pierce the heavens
|-supereffective|p1a: pierce the heavens
|-damage|p1a: pierce the heavens|0 fnt
|-enditem|p1a: pierce the heavens|Air Balloon
|faint|p1a: pierce the heavens
|
|upkeep
|
|t:|1652397537
|switch|p1a: Primarina|Primarina, M|88/100
|-damage|p1a: Primarina|76/100|[from] Stealth Rock
|turn|17
|
|t:|1652397540
|switch|p2a: Rotom|Rotom-Wash|91/100
|move|p1a: Primarina|Moonblast|p2a: Rotom
|-damage|p2a: Rotom|35/100
|
|-heal|p2a: Rotom|42/100|[from] item: Leftovers
|upkeep
|turn|18
|
|t:|1652397547
|switch|p2a: Amoonguss|Amoonguss, F|100/100
|move|p1a: Primarina|Moonblast|p2a: Amoonguss
|-resisted|p2a: Amoonguss
|-crit|p2a: Amoonguss
|-damage|p2a: Amoonguss|70/100
|
|upkeep
|turn|19
|
|t:|1652397553
|switch|p1a: gilgamesh|Aegislash, M|94/100 slp
|-damage|p1a: gilgamesh|88/100 slp|[from] Stealth Rock
|move|p2a: Amoonguss|Stun Spore||[still]
|-fail|p2a: Amoonguss
|
|upkeep
|turn|20
|
|t:|1652397559
|switch|p2a: Salamence|Salamence, M|100/100
|cant|p1a: gilgamesh|slp
|
|upkeep
|turn|21
|
|t:|1652397563
|move|p2a: Salamence|Dragon Dance|p2a: Salamence
|-boost|p2a: Salamence|atk|1
|-boost|p2a: Salamence|spe|1
|cant|p1a: gilgamesh|slp
|
|upkeep
|turn|22
|inactive|luc ario power has 120 seconds left.
|
|t:|1652397570
|move|p2a: Salamence|Earthquake|p1a: gilgamesh
|-supereffective|p1a: gilgamesh
|-damage|p1a: gilgamesh|0 fnt
|faint|p1a: gilgamesh
|-ability|p2a: Salamence|Moxie|boost
|-boost|p2a: Salamence|atk|1
|
|upkeep
|inactive|luc ario power has 120 seconds left.
|
|t:|1652397576
|switch|p1a: drei|Hydreigon, F|88/100
|-damage|p1a: drei|76/100|[from] Stealth Rock
|turn|23
|
|t:|1652397579
|move|p2a: Salamence|Outrage|p1a: drei
|-supereffective|p1a: drei
|-damage|p1a: drei|0 fnt
|faint|p1a: drei
|-ability|p2a: Salamence|Moxie|boost
|-boost|p2a: Salamence|atk|1
|
|upkeep
|
|t:|1652397583
|switch|p1a: Primarina|Primarina, M|76/100
|-damage|p1a: Primarina|64/100|[from] Stealth Rock
|turn|24
|c|☆luc ario power|gg
|
|t:|1652397591
|move|p2a: Salamence|Outrage|p1a: Primarina|[from]lockedmove
|-immune|p1a: Primarina
|move|p1a: Primarina|Ice Beam|p2a: Salamence
|-supereffective|p2a: Salamence
|-damage|p2a: Salamence|0 fnt
|faint|p2a: Salamence
|
|upkeep
|
|t:|1652397594
|switch|p2a: Thundurus|Thundurus-Therian, M|100/100
|turn|25
|
|t:|1652397596
|move|p1a: Primarina|Ice Beam|p2a: Thundurus
|-supereffective|p2a: Thundurus
|-damage|p2a: Thundurus|16/100
|move|p2a: Thundurus|Thunderbolt|p1a: Primarina
|-supereffective|p1a: Primarina
|-damage|p1a: Primarina|0 fnt
|faint|p1a: Primarina
|
|win|Mintiephresh
|raw|luc ario power's rating: 1350 &rarr; <strong>1329</strong><br />(-21 for losing)
|raw|Mintiephresh's rating: 1329 &rarr; <strong>1350</strong><br />(+21 for winning)
