|j|☆Rvp4president
|j|☆Maractus-4-UU
|t:|1662507690
|gametype|singles
|player|p1|Rvp4president|102|1519
|player|p2|Maractus-4-UU|may-masters3|1439
|teamsize|p1|6
|teamsize|p2|6
|gen|8
|tier|[Gen 8] UU
|rated|
|rule|Sleep Clause Mod: Limit one foe put to sleep
|rule|Species Clause: Limit one of each Pokémon
|rule|OHKO Clause: OHKO moves are banned
|rule|Evasion Items Clause: Evasion items are banned
|rule|Evasion Moves Clause: Evasion moves are banned
|rule|Endless Battle Clause: Forcing endless battles is banned
|rule|HP Percentage Mod: HP is shown in percentages
|rule|Dynamax Clause: You cannot dynamax
|clearpoke
|poke|p1|Amoonguss, F|
|poke|p1|Chansey, F|
|poke|p1|Diggersby, M|
|poke|p1|Skarmory, F|
|poke|p1|Keldeo-Resolute|
|poke|p1|Chandelure, M|
|poke|p2|Swampert, F|
|poke|p2|Goodra, F|
|poke|p2|Maractus, F|
|poke|p2|Ribombee, F|
|poke|p2|Azumarill, F|
|poke|p2|Polteageist|
|teampreview
|inactive|Battle timer is ON: inactive players will automatically lose when time's up. (requested by Rvp4president)
|
|t:|1662507700
|start
|switch|p1a: Chandelure|Chandelure, M|100/100
|switch|p2a: Shelley|Goodra, F|100/100
|turn|1
|
|t:|1662507712
|switch|p1a: Chansey|Chansey, F|100/100
|move|p2a: Shelley|Earthquake|p1a: Chansey
|-damage|p1a: Chansey|87/100
|
|upkeep
|turn|2
|
|t:|1662507728
|switch|p2a: Marnela|Maractus, F|100/100
|move|p1a: Chansey|Toxic|p2a: Marnela
|-status|p2a: Marnela|tox
|
|-damage|p2a: Marnela|94/100 tox|[from] psn
|upkeep
|turn|3
|
|t:|1662507733
|move|p2a: Marnela|Spikes|p1a: Chansey
|-sidestart|p1: Rvp4president|Spikes
|move|p1a: Chansey|Stealth Rock|p2a: Marnela
|-sidestart|p2: Maractus-4-UU|move: Stealth Rock
|
|-damage|p2a: Marnela|82/100 tox|[from] psn
|upkeep
|turn|4
|
|t:|1662507738
|switch|p1a: Skarmory|Skarmory, F|100/100
|move|p2a: Marnela|Spikes|p1a: Skarmory
|-sidestart|p1: Rvp4president|Spikes
|
|-damage|p2a: Marnela|64/100 tox|[from] psn
|upkeep
|turn|5
|
|t:|1662507744
|move|p2a: Marnela|Spikes|p1a: Skarmory
|-sidestart|p1: Rvp4president|Spikes
|move|p1a: Skarmory|Spikes|p2a: Marnela
|-sidestart|p2: Maractus-4-UU|Spikes
|
|-damage|p2a: Marnela|40/100 tox|[from] psn
|upkeep
|turn|6
|
|t:|1662507749
|move|p2a: Marnela|Spikes||[still]
|-fail|p2a: Marnela
|move|p1a: Skarmory|Spikes|p2a: Marnela
|-sidestart|p2: Maractus-4-UU|Spikes
|
|-damage|p2a: Marnela|10/100 tox|[from] psn
|upkeep
|turn|7
|
|t:|1662507751
|move|p2a: Marnela|Endeavor|p1a: Skarmory
|-damage|p1a: Skarmory|9/100
|-damage|p2a: Marnela|0 fnt|[from] item: Rocky Helmet|[of] p1a: Skarmory
|faint|p2a: Marnela
|move|p1a: Skarmory|Spikes|p2: Marnela
|-sidestart|p2: Maractus-4-UU|Spikes
|
|upkeep
|
|t:|1662507772
|switch|p2a: Anabel|Ribombee, F, shiny|100/100
|turn|8
|
|t:|1662507777
|move|p2a: Anabel|Moonblast|p1a: Skarmory
|-resisted|p1a: Skarmory
|-damage|p1a: Skarmory|0 fnt
|faint|p1a: Skarmory
|
|upkeep
|
|t:|1662507784
|switch|p1a: Amoonguss|Amoonguss, F|100/100
|-damage|p1a: Amoonguss|75/100|[from] Spikes
|turn|9
|
|t:|1662507790
|move|p2a: Anabel|Psychic|p1a: Amoonguss
|-supereffective|p1a: Amoonguss
|-damage|p1a: Amoonguss|27/100
|move|p1a: Amoonguss|Sludge Bomb|p2a: Anabel
|-supereffective|p2a: Anabel
|-damage|p2a: Anabel|0 fnt
|faint|p2a: Anabel
|
|-heal|p1a: Amoonguss|33/100|[from] item: Black Sludge
|upkeep
|
|t:|1662507807
|switch|p2a: Merina|Swampert, F|100/100
|-damage|p2a: Merina|94/100|[from] Stealth Rock
|-damage|p2a: Merina|69/100|[from] Spikes
|turn|10
|
|t:|1662507820
|switch|p1a: Chansey|Chansey, F|87/100
|-damage|p1a: Chansey|62/100|[from] Spikes
|move|p2a: Merina|Earthquake|p1a: Chansey
|-damage|p1a: Chansey|39/100
|
|-heal|p2a: Merina|75/100|[from] item: Leftovers
|upkeep
|turn|11
|
|t:|1662507825
|move|p2a: Merina|Stealth Rock|p1a: Chansey
|-sidestart|p1: Rvp4president|move: Stealth Rock
|move|p1a: Chansey|Soft-Boiled|p1a: Chansey
|-heal|p1a: Chansey|89/100
|
|-heal|p2a: Merina|82/100|[from] item: Leftovers
|upkeep
|turn|12
|
|t:|1662507831
|move|p2a: Merina|Yawn|p1a: Chansey
|-start|p1a: Chansey|move: Yawn|[of] p2a: Merina
|move|p1a: Chansey|Toxic|p2a: Merina
|-status|p2a: Merina|tox
|
|-heal|p2a: Merina|88/100 tox|[from] item: Leftovers
|-damage|p2a: Merina|82/100 tox|[from] psn
|upkeep
|turn|13
|
|t:|1662507844
|switch|p1a: Amoonguss|Amoonguss, F|66/100
|-damage|p1a: Amoonguss|41/100|[from] Spikes
|-damage|p1a: Amoonguss|29/100|[from] Stealth Rock
|move|p2a: Merina|Earthquake|p1a: Amoonguss
|-damage|p1a: Amoonguss|1/100
|
|-heal|p2a: Merina|88/100 tox|[from] item: Leftovers
|-heal|p1a: Amoonguss|7/100|[from] item: Black Sludge
|-damage|p2a: Merina|75/100 tox|[from] psn
|upkeep
|turn|14
|
|t:|1662507852
|switch|p1a: Chansey|Chansey, F|89/100
|-damage|p1a: Chansey|64/100|[from] Spikes
|-damage|p1a: Chansey|52/100|[from] Stealth Rock
|move|p2a: Merina|Earthquake|p1a: Chansey
|-damage|p1a: Chansey|26/100
|
|-heal|p2a: Merina|82/100 tox|[from] item: Leftovers
|-damage|p2a: Merina|63/100 tox|[from] psn
|upkeep
|turn|15
|
|t:|1662507858
|move|p2a: Merina|Earthquake|p1a: Chansey
|-crit|p1a: Chansey
|-damage|p1a: Chansey|0 fnt
|faint|p1a: Chansey
|
|-heal|p2a: Merina|69/100 tox|[from] item: Leftovers
|-damage|p2a: Merina|45/100 tox|[from] psn
|upkeep
|
|t:|1662507873
|switch|p1a: Diggersby|Diggersby, M|100/100
|-damage|p1a: Diggersby|76/100|[from] Spikes
|-damage|p1a: Diggersby|70/100|[from] Stealth Rock
|turn|16
|
|t:|1662507877
|move|p1a: Diggersby|Earthquake|p2a: Merina
|-damage|p2a: Merina|0 fnt
|faint|p2a: Merina
|
|upkeep
|
|t:|1662507893
|switch|p2a: Bubbles|Azumarill, F|100/100
|-damage|p2a: Bubbles|88/100|[from] Stealth Rock
|-damage|p2a: Bubbles|63/100|[from] Spikes
|turn|17
|
|t:|1662507904
|switch|p1a: Amoonguss|Amoonguss, F|41/100
|-damage|p1a: Amoonguss|16/100|[from] Spikes
|-damage|p1a: Amoonguss|3/100|[from] Stealth Rock
|move|p2a: Bubbles|Aqua Jet|p1a: Amoonguss
|-resisted|p1a: Amoonguss
|-damage|p1a: Amoonguss|0 fnt
|faint|p1a: Amoonguss
|
|upkeep
|
|t:|1662507911
|switch|p1a: Keldeo|Keldeo-Resolute|100/100
|-damage|p1a: Keldeo|76/100|[from] Spikes
|-damage|p1a: Keldeo|70/100|[from] Stealth Rock
|turn|18
|
|t:|1662507915
|move|p1a: Keldeo|Secret Sword|p2a: Bubbles
|-resisted|p2a: Bubbles
|-damage|p2a: Bubbles|29/100
|-enditem|p2a: Bubbles|Sitrus Berry|[eat]
|-heal|p2a: Bubbles|54/100|[from] item: Sitrus Berry
|move|p2a: Bubbles|Play Rough|p1a: Keldeo
|-supereffective|p1a: Keldeo
|-damage|p1a: Keldeo|0 fnt
|faint|p1a: Keldeo
|
|upkeep
|
|t:|1662507924
|switch|p1a: Chandelure|Chandelure, M|100/100
|-damage|p1a: Chandelure|76/100|[from] Spikes
|-damage|p1a: Chandelure|51/100|[from] Stealth Rock
|turn|19
|
|t:|1662507928
|move|p2a: Bubbles|Aqua Jet|p1a: Chandelure
|-supereffective|p1a: Chandelure
|-damage|p1a: Chandelure|0 fnt
|faint|p1a: Chandelure
|
|upkeep
|
|t:|1662507930
|switch|p1a: Diggersby|Diggersby, M|70/100
|-damage|p1a: Diggersby|45/100|[from] Spikes
|-damage|p1a: Diggersby|39/100|[from] Stealth Rock
|turn|20
|
|t:|1662507936
|move|p2a: Bubbles|Aqua Jet|p1a: Diggersby
|-supereffective|p1a: Diggersby
|-damage|p1a: Diggersby|0 fnt
|faint|p1a: Diggersby
|
|win|Maractus-4-UU
|raw|Rvp4president's rating: 1519 &rarr; <strong>1494</strong><br />(-25 for losing)
|raw|Maractus-4-UU's rating: 1439 &rarr; <strong>1464</strong><br />(+25 for winning)
|l|☆Rvp4president
||Ladder isn't responding, score probably updated but might not have (Request timeout).
