|raw|<div class="broadcast-blue"><strong>This battle is required to be public due to a player having a name starting with 'uult92q'.</div>
|j|☆ad.... 067 ツ
|j|☆UULT92Q Raiza
|t:|1652154606
|gametype|singles
|player|p1|ad.... 067 ツ|siebold|1341
|player|p2|UULT92Q Raiza|#scl1gible|1362
|teamsize|p1|6
|teamsize|p2|6
|gen|8
|tier|[Gen 8] UU
|rated|
|rule|Sleep Clause Mod: Limit one foe put to sleep
|rule|Species Clause: Limit one of each Pokémon
|rule|OHKO Clause: OHKO moves are banned
|rule|Evasion Moves Clause: Evasion moves are banned
|rule|Endless Battle Clause: Forcing endless battles is banned
|rule|HP Percentage Mod: HP is shown in percentages
|rule|Dynamax Clause: You cannot dynamax
|clearpoke
|poke|p1|Scizor, M|
|poke|p1|Hydreigon, F|
|poke|p1|Thundurus-Therian, M|
|poke|p1|Starmie|
|poke|p1|Hippowdon, M|
|poke|p1|Amoonguss, M|
|poke|p2|Hydreigon, F|
|poke|p2|Cobalion|
|poke|p2|Azumarill, F|
|poke|p2|Tangrowth, F|
|poke|p2|Moltres|
|poke|p2|Aegislash, F|
|teampreview
|inactive|Battle timer is ON: inactive players will automatically lose when time's up. (requested by ad.... 067 ツ)
|inactive|UULT92Q Raiza has 120 seconds left.
|inactive|UULT92Q Raiza has 90 seconds left.
|
|t:|1652154680
|start
|switch|p1a: Hydreigon|Hydreigon, F|100/100
|switch|p2a: Cobalion|Cobalion|100/100
|turn|1
|
|t:|1652154702
|move|p1a: Hydreigon|U-turn|p2a: Cobalion
|-resisted|p2a: Cobalion
|-damage|p2a: Cobalion|98/100
|-damage|p1a: Hydreigon|84/100|[from] item: Rocky Helmet|[of] p2a: Cobalion
|
|t:|1652154711
|switch|p1a: Hippowdon|Hippowdon, M|100/100|[from]move: U-turn
|-weather|Sandstorm|[from] ability: Sand Stream|[of] p1a: Hippowdon
|move|p2a: Cobalion|Stealth Rock|p1a: Hippowdon
|-sidestart|p1: ad.... 067 ツ|move: Stealth Rock
|
|-weather|Sandstorm|[upkeep]
|upkeep
|turn|2
|
|t:|1652154722
|switch|p2a: Hydreigon|Hydreigon, F|100/100
|move|p1a: Hippowdon|Stealth Rock|p2a: Hydreigon
|-sidestart|p2: UULT92Q Raiza|move: Stealth Rock
|
|-weather|Sandstorm|[upkeep]
|-damage|p2a: Hydreigon|95/100|[from] Sandstorm
|upkeep
|turn|3
|
|t:|1652154749
|move|p2a: Hydreigon|Dark Pulse|p1a: Hippowdon
|-damage|p1a: Hippowdon|47/100
|move|p1a: Hippowdon|Toxic|p2a: Hydreigon
|-status|p2a: Hydreigon|tox
|
|-weather|Sandstorm|[upkeep]
|-damage|p2a: Hydreigon|89/100 tox|[from] Sandstorm
|-heal|p1a: Hippowdon|53/100|[from] item: Leftovers
|-damage|p2a: Hydreigon|83/100 tox|[from] psn
|upkeep
|turn|4
|
|t:|1652154757
|switch|p1a: Hydreigon|Hydreigon, F|84/100
|-damage|p1a: Hydreigon|72/100|[from] Stealth Rock
|move|p2a: Hydreigon|Dark Pulse|p1a: Hydreigon
|-resisted|p1a: Hydreigon
|-damage|p1a: Hydreigon|36/100
|
|-weather|Sandstorm|[upkeep]
|-damage|p1a: Hydreigon|30/100|[from] Sandstorm
|-damage|p2a: Hydreigon|77/100 tox|[from] Sandstorm
|-damage|p2a: Hydreigon|65/100 tox|[from] psn
|upkeep
|turn|5
|
|t:|1652154764
|switch|p2a: Azumarill|Azumarill, F|100/100
|-damage|p2a: Azumarill|88/100|[from] Stealth Rock
|move|p1a: Hydreigon|Defog|p2a: Azumarill
|-unboost|p2a: Azumarill|evasion|1
|-sideend|p2: UULT92Q Raiza|Stealth Rock|[from] move: Defog|[of] p1a: Hydreigon
|-sideend|p1: ad.... 067 ツ|Stealth Rock|[from] move: Defog|[of] p1a: Hydreigon
|
|-weather|none
|upkeep
|turn|6
|
|t:|1652154784
|switch|p1a: Amoonguss|Amoonguss, M|100/100
|switch|p2a: Moltres|Moltres|100/100
|
|upkeep
|turn|7
|
|t:|1652154794
|move|p2a: Moltres|Hurricane|p1a: Amoonguss|[miss]
|-miss|p2a: Moltres|p1a: Amoonguss
|move|p1a: Amoonguss|Spore|p2a: Moltres
|-status|p2a: Moltres|slp|[from] move: Spore
|
|upkeep
|turn|8
|
|t:|1652154802
|switch|p2a: Hydreigon|Hydreigon, F|65/100 tox
|switch|p1a: Thundurus|Thundurus-Therian, M|100/100
|
|-damage|p2a: Hydreigon|59/100 tox|[from] psn
|upkeep
|turn|9
|
|t:|1652154816
|switch|p2a: Tangrowth|Tangrowth, F|100/100
|move|p1a: Thundurus|Focus Blast|p2a: Tangrowth
|-damage|p2a: Tangrowth|73/100
|
|upkeep
|turn|10
|
|t:|1652154820
|move|p1a: Thundurus|Volt Switch|p2a: Tangrowth
|-resisted|p2a: Tangrowth
|-crit|p2a: Tangrowth
|-damage|p2a: Tangrowth|54/100
|
|t:|1652154823
|switch|p1a: Amoonguss|Amoonguss, M|100/100|[from]move: Volt Switch
|move|p2a: Tangrowth|Knock Off|p1a: Amoonguss
|-damage|p1a: Amoonguss|84/100
|-damage|p2a: Tangrowth|37/100|[from] item: Rocky Helmet|[of] p1a: Amoonguss
|-enditem|p1a: Amoonguss|Rocky Helmet|[from] move: Knock Off|[of] p2a: Tangrowth
|
|upkeep
|turn|11
|
|t:|1652154829
|switch|p2a: Cobalion|Cobalion|98/100
|move|p1a: Amoonguss|Sludge Bomb|p2a: Cobalion
|-immune|p2a: Cobalion
|
|upkeep
|turn|12
|inactive|ad.... 067 ツ has 120 seconds left.
|inactive|ad.... 067 ツ has 90 seconds left.
|
|t:|1652154902
|move|p2a: Cobalion|Stealth Rock|p1a: Amoonguss
|-sidestart|p1: ad.... 067 ツ|move: Stealth Rock
|move|p1a: Amoonguss|Giga Drain|p2a: Cobalion
|-resisted|p2a: Cobalion
|-damage|p2a: Cobalion|82/100
|-heal|p1a: Amoonguss|90/100|[from] drain|[of] p2a: Cobalion
|
|upkeep
|turn|13
|
|t:|1652154910
|switch|p1a: Hippowdon|Hippowdon, M|53/100
|-damage|p1a: Hippowdon|47/100|[from] Stealth Rock
|-weather|Sandstorm|[from] ability: Sand Stream|[of] p1a: Hippowdon
|move|p2a: Cobalion|Stone Edge|p1a: Hippowdon
|-resisted|p1a: Hippowdon
|-damage|p1a: Hippowdon|38/100
|
|-weather|Sandstorm|[upkeep]
|-heal|p1a: Hippowdon|45/100|[from] item: Leftovers
|upkeep
|turn|14
|inactive|ad.... 067 ツ has 90 seconds left.
|inactive|ad.... 067 ツ has 60 seconds left.
|
|t:|1652154950
|switch|p2a: Hydreigon|Hydreigon, F|59/100 tox
|move|p1a: Hippowdon|Slack Off|p1a: Hippowdon
|-heal|p1a: Hippowdon|95/100
|
|-weather|Sandstorm|[upkeep]
|-damage|p2a: Hydreigon|53/100 tox|[from] Sandstorm
|-heal|p1a: Hippowdon|100/100|[from] item: Leftovers
|-damage|p2a: Hydreigon|47/100 tox|[from] psn
|upkeep
|turn|15
|
|t:|1652154957
|move|p2a: Hydreigon|Draco Meteor|p1a: Hippowdon
|-damage|p1a: Hippowdon|17/100
|-unboost|p2a: Hydreigon|spa|2
|move|p1a: Hippowdon|Slack Off|p1a: Hippowdon
|-heal|p1a: Hippowdon|67/100
|
|-weather|Sandstorm|[upkeep]
|-damage|p2a: Hydreigon|41/100 tox|[from] Sandstorm
|-heal|p1a: Hippowdon|73/100|[from] item: Leftovers
|-damage|p2a: Hydreigon|29/100 tox|[from] psn
|upkeep
|turn|16
|
|t:|1652154965
|switch|p2a: Moltres|Moltres|100/100 slp
|move|p1a: Hippowdon|Slack Off|p1a: Hippowdon
|-heal|p1a: Hippowdon|100/100
|
|-weather|Sandstorm|[upkeep]
|-damage|p2a: Moltres|94/100 slp|[from] Sandstorm
|upkeep
|turn|17
|
|t:|1652154968
|cant|p2a: Moltres|slp
|move|p1a: Hippowdon|Stealth Rock|p2a: Moltres
|-sidestart|p2: UULT92Q Raiza|move: Stealth Rock
|
|-weather|none
|upkeep
|turn|18
|
|t:|1652154973
|switch|p1a: Hydreigon|Hydreigon, F|30/100
|-damage|p1a: Hydreigon|18/100|[from] Stealth Rock
|cant|p2a: Moltres|slp
|
|upkeep
|turn|19
|
|t:|1652154977
|switch|p2a: Azumarill|Azumarill, F|88/100
|-damage|p2a: Azumarill|76/100|[from] Stealth Rock
|move|p1a: Hydreigon|Draco Meteor|p2a: Azumarill
|-immune|p2a: Azumarill
|
|upkeep
|turn|20
|
|t:|1652154982
|switch|p1a: Amoonguss|Amoonguss, M|100/100
|-damage|p1a: Amoonguss|88/100|[from] Stealth Rock
|switch|p2a: Moltres|Moltres|94/100 slp
|
|upkeep
|turn|21
|
|t:|1652154986
|switch|p1a: Hydreigon|Hydreigon, F|18/100
|-damage|p1a: Hydreigon|6/100|[from] Stealth Rock
|cant|p2a: Moltres|slp
|
|upkeep
|turn|22
|
|t:|1652154991
|switch|p2a: Cobalion|Cobalion|82/100
|-damage|p2a: Cobalion|79/100|[from] Stealth Rock
|move|p1a: Hydreigon|Dark Pulse|p2a: Cobalion
|-resisted|p2a: Cobalion
|-damage|p2a: Cobalion|50/100
|-ability|p2a: Cobalion|Justified|boost
|-boost|p2a: Cobalion|atk|1
|
|upkeep
|turn|23
|
|t:|1652154997
|move|p1a: Hydreigon|Dark Pulse|p2a: Cobalion
|-resisted|p2a: Cobalion
|-damage|p2a: Cobalion|18/100
|-ability|p2a: Cobalion|Justified|boost
|-boost|p2a: Cobalion|atk|1
|move|p2a: Cobalion|Close Combat|p1a: Hydreigon
|-supereffective|p1a: Hydreigon
|-damage|p1a: Hydreigon|0 fnt
|-unboost|p2a: Cobalion|def|1
|-unboost|p2a: Cobalion|spd|1
|faint|p1a: Hydreigon
|
|upkeep
|
|t:|1652155002
|switch|p1a: Scizor|Scizor, M|100/100
|-damage|p1a: Scizor|88/100|[from] Stealth Rock
|turn|24
|
|t:|1652155014
|switch|p2a: Moltres|Moltres|94/100 slp
|move|p1a: Scizor|Bullet Punch|p2a: Moltres
|-resisted|p2a: Moltres
|-damage|p2a: Moltres|78/100 slp
|
|upkeep
|turn|25
|
|t:|1652155018
|-curestatus|p2a: Moltres|slp|[msg]
|move|p2a: Moltres|Overheat|p1a: Scizor
|-supereffective|p1a: Scizor
|-crit|p1a: Scizor
|-damage|p1a: Scizor|0 fnt
|-unboost|p2a: Moltres|spa|2
|faint|p1a: Scizor
|
|upkeep
|
|t:|1652155021
|switch|p1a: Starmie|Starmie|100/100
|-damage|p1a: Starmie|88/100|[from] Stealth Rock
|turn|26
|
|t:|1652155026
|switch|p2a: Cobalion|Cobalion|18/100
|-damage|p2a: Cobalion|15/100|[from] Stealth Rock
|move|p1a: Starmie|Thunderbolt|p2a: Cobalion
|-damage|p2a: Cobalion|0 fnt
|faint|p2a: Cobalion
|-damage|p1a: Starmie|78/100|[from] item: Life Orb
|
|upkeep
|
|t:|1652155030
|switch|p2a: Aegislash|Aegislash, F|100/100
|-damage|p2a: Aegislash|94/100|[from] Stealth Rock
|turn|27
|
|t:|1652155050
|switch|p1a: Amoonguss|Amoonguss, M|100/100
|-damage|p1a: Amoonguss|88/100|[from] Stealth Rock
|-formechange|p2a: Aegislash|Aegislash-Blade||[from] ability: Stance Change
|move|p2a: Aegislash|Shadow Ball|p1a: Amoonguss
|-damage|p1a: Amoonguss|30/100
|-damage|p2a: Aegislash|84/100|[from] item: Life Orb
|
|upkeep
|turn|28
|
|t:|1652155061
|move|p2a: Aegislash|Shadow Ball|p1a: Amoonguss
|-crit|p1a: Amoonguss
|-damage|p1a: Amoonguss|0 fnt
|faint|p1a: Amoonguss
|-damage|p2a: Aegislash|75/100|[from] item: Life Orb
|
|upkeep
|
|t:|1652155064
|switch|p1a: Hippowdon|Hippowdon, M|100/100
|-damage|p1a: Hippowdon|94/100|[from] Stealth Rock
|-weather|Sandstorm|[from] ability: Sand Stream|[of] p1a: Hippowdon
|turn|29
|
|t:|1652155071
|switch|p2a: Hydreigon|Hydreigon, F|29/100 tox
|-damage|p2a: Hydreigon|16/100 tox|[from] Stealth Rock
|move|p1a: Hippowdon|Toxic|p2a: Hydreigon
|-fail|p2a: Hydreigon|tox
|
|-weather|Sandstorm|[upkeep]
|-damage|p2a: Hydreigon|10/100 tox|[from] Sandstorm
|-heal|p1a: Hippowdon|100/100|[from] item: Leftovers
|-damage|p2a: Hydreigon|4/100 tox|[from] psn
|upkeep
|turn|30
|
|t:|1652155078
|move|p2a: Hydreigon|Dark Pulse|p1a: Hippowdon
|-damage|p1a: Hippowdon|47/100
|move|p1a: Hippowdon|Slack Off|p1a: Hippowdon
|-heal|p1a: Hippowdon|97/100
|
|-weather|Sandstorm|[upkeep]
|-damage|p2a: Hydreigon|0 fnt|[from] Sandstorm
|faint|p2a: Hydreigon
|-heal|p1a: Hippowdon|100/100|[from] item: Leftovers
|upkeep
|
|t:|1652155082
|switch|p2a: Azumarill|Azumarill, F|76/100
|-damage|p2a: Azumarill|64/100|[from] Stealth Rock
|turn|31
|
|t:|1652155086
|move|p2a: Azumarill|Liquidation|p1a: Hippowdon
|-supereffective|p1a: Hippowdon
|-damage|p1a: Hippowdon|0 fnt
|faint|p1a: Hippowdon
|
|-weather|Sandstorm|[upkeep]
|-damage|p2a: Azumarill|58/100|[from] Sandstorm
|upkeep
|
|t:|1652155089
|switch|p1a: Thundurus|Thundurus-Therian, M|100/100
|turn|32
|
|t:|1652155095
|switch|p2a: Moltres|Moltres|78/100
|move|p1a: Thundurus|Grass Knot|p2a: Moltres
|-resisted|p2a: Moltres
|-damage|p2a: Moltres|69/100
|
|-weather|Sandstorm|[upkeep]
|-damage|p1a: Thundurus|94/100|[from] Sandstorm
|-damage|p2a: Moltres|63/100|[from] Sandstorm
|upkeep
|turn|33
|
|t:|1652155098
|move|p1a: Thundurus|Volt Switch|p2a: Moltres
|-supereffective|p2a: Moltres
|-damage|p2a: Moltres|0 fnt
|faint|p2a: Moltres
|
|t:|1652155101
|switch|p1a: Starmie|Starmie|78/100|[from]move: Volt Switch
|-damage|p1a: Starmie|66/100|[from] Stealth Rock
|
|-weather|none
|upkeep
|
|t:|1652155112
|switch|p2a: Aegislash|Aegislash, F|75/100
|-damage|p2a: Aegislash|68/100|[from] Stealth Rock
|turn|34
|
|t:|1652155115
|move|p1a: Starmie|Hydro Pump|p2a: Aegislash
|-damage|p2a: Aegislash|23/100
|-damage|p1a: Starmie|56/100|[from] item: Life Orb
|-formechange|p2a: Aegislash|Aegislash-Blade||[from] ability: Stance Change
|move|p2a: Aegislash|Shadow Ball|p1a: Starmie
|-supereffective|p1a: Starmie
|-damage|p1a: Starmie|0 fnt
|faint|p1a: Starmie
|-damage|p2a: Aegislash|13/100|[from] item: Life Orb
|
|upkeep
|
|t:|1652155117
|switch|p1a: Thundurus|Thundurus-Therian, M|94/100
|turn|35
|
|t:|1652155119
|move|p2a: Aegislash|Shadow Sneak|p1a: Thundurus
|-damage|p1a: Thundurus|59/100
|-damage|p2a: Aegislash|4/100|[from] item: Life Orb
|move|p1a: Thundurus|Volt Switch|p2a: Aegislash
|-damage|p2a: Aegislash|0 fnt
|faint|p2a: Aegislash
|
|upkeep
|
|t:|1652155122
|switch|p2a: Tangrowth|Tangrowth, F|70/100
|-damage|p2a: Tangrowth|58/100|[from] Stealth Rock
|turn|36
|
|t:|1652155126
|move|p1a: Thundurus|Focus Blast|p2a: Tangrowth
|-damage|p2a: Tangrowth|28/100
|move|p2a: Tangrowth|Sludge Bomb|p1a: Thundurus
|-damage|p1a: Thundurus|29/100
|
|upkeep
|turn|37
|
|t:|1652155131
|move|p1a: Thundurus|Psychic|p2a: Tangrowth
|-damage|p2a: Tangrowth|8/100
|move|p2a: Tangrowth|Sludge Bomb|p1a: Thundurus
|-crit|p1a: Thundurus
|-damage|p1a: Thundurus|0 fnt
|faint|p1a: Thundurus
|
|win|UULT92Q Raiza
|raw|ad.... 067 ツ's rating: 1341 &rarr; <strong>1322</strong><br />(-19 for losing)
|raw|UULT92Q Raiza's rating: 1362 &rarr; <strong>1381</strong><br />(+19 for winning)
|l|☆UULT92Q Raiza
|c|☆ad.... 067 ツ|gg
