|j|☆sgbfgbdfg
|j|☆twerkulator
|t:|1663555103
|gametype|singles
|player|p1|sgbfgbdfg|psychic-gen4|1533
|player|p2|twerkulator|clerkf|1463
|teamsize|p1|6
|teamsize|p2|6
|gen|8
|tier|[Gen 8] UU
|rated|
|rule|Sleep Clause Mod: Limit one foe put to sleep
|rule|Species Clause: Limit one of each Pokémon
|rule|OHKO Clause: OHKO moves are banned
|rule|Evasion Items Clause: Evasion items are banned
|rule|Evasion Moves Clause: Evasion moves are banned
|rule|Endless Battle Clause: Forcing endless battles is banned
|rule|HP Percentage Mod: HP is shown in percentages
|rule|Dynamax Clause: You cannot dynamax
|clearpoke
|poke|p1|Rotom-Wash|
|poke|p1|Jirachi|
|poke|p1|Chandelure, M|
|poke|p1|Primarina, F|
|poke|p1|Krookodile, F|
|poke|p1|Noivern, M|
|poke|p2|Gardevoir, F|
|poke|p2|Zarude|
|poke|p2|Slowking, F|
|poke|p2|Salamence, F|
|poke|p2|Excadrill, F|
|poke|p2|Togedemaru, F|
|teampreview
|inactive|Battle timer is ON: inactive players will automatically lose when time's up. (requested by sgbfgbdfg)
|
|t:|1663555126
|start
|switch|p1a: Rotom|Rotom-Wash|100/100
|switch|p2a: Slowking|Slowking, F|100/100
|turn|1
|
|t:|1663555130
|move|p1a: Rotom|Thunder Wave|p2a: Slowking
|-status|p2a: Slowking|par
|move|p2a: Slowking|Teleport|p2a: Slowking
|
|t:|1663555134
|switch|p2a: Excadrill|Excadrill, F|100/100|[from]move: Teleport
|-ability|p2a: Excadrill|Mold Breaker
|
|upkeep
|turn|2
|
|t:|1663555137
|move|p2a: Excadrill|Earthquake|p1a: Rotom
|-supereffective|p1a: Rotom
|-damage|p1a: Rotom|19/100
|move|p1a: Rotom|Hydro Pump|p2a: Excadrill
|-supereffective|p2a: Excadrill
|-damage|p2a: Excadrill|0 fnt
|faint|p2a: Excadrill
|
|-heal|p1a: Rotom|25/100|[from] item: Leftovers
|upkeep
|
|t:|1663555142
|switch|p2a: Gardevoir|Gardevoir, F, shiny|100/100
|-ability|p2a: Gardevoir|Levitate|[from] ability: Trace|[of] p1a: Rotom
|turn|3
|
|t:|1663555146
|switch|p1a: Jirachi|Jirachi|100/100
|move|p2a: Gardevoir|Mystical Fire|p1a: Jirachi
|-supereffective|p1a: Jirachi
|-damage|p1a: Jirachi|55/100
|-unboost|p1a: Jirachi|spa|1
|
|-heal|p1a: Jirachi|61/100|[from] item: Leftovers
|upkeep
|turn|4
|
|t:|1663555151
|switch|p1a: Chandelure|Chandelure, M|100/100
|move|p2a: Gardevoir|Mystical Fire|p1a: Chandelure
|-start|p1a: Chandelure|ability: Flash Fire
|
|upkeep
|turn|5
|
|t:|1663555157
|switch|p2a: Zarude|Zarude|100/100
|move|p1a: Chandelure|Shadow Ball|p2a: Zarude
|-resisted|p2a: Zarude
|-damage|p2a: Zarude|65/100
|
|upkeep
|turn|6
|
|t:|1663555163
|-end|p1a: Chandelure|ability: Flash Fire|[silent]
|switch|p1a: Rotom|Rotom-Wash|25/100
|move|p2a: Zarude|Darkest Lariat|p1a: Rotom
|-damage|p1a: Rotom|0 fnt
|faint|p1a: Rotom
|
|upkeep
|
|t:|1663555167
|switch|p1a: Noivern|Noivern, M|100/100
|-item|p2a: Zarude|Heavy-Duty Boots|[from] ability: Frisk|[of] p1a: Noivern|[identify]
|turn|7
|
|t:|1663555171
|switch|p1a: Primarina|Primarina, F|100/100
|switch|p2a: Slowking|Slowking, F|100/100 par
|
|upkeep
|turn|8
|
|t:|1663555173
|move|p1a: Primarina|Substitute|p1a: Primarina
|-start|p1a: Primarina|Substitute
|-damage|p1a: Primarina|75/100
|cant|p2a: Slowking|par
|
|-heal|p1a: Primarina|82/100|[from] item: Leftovers
|upkeep
|turn|9
|
|t:|1663555176
|move|p1a: Primarina|Calm Mind|p1a: Primarina
|-boost|p1a: Primarina|spa|1
|-boost|p1a: Primarina|spd|1
|move|p2a: Slowking|Teleport|p2a: Slowking
|
|t:|1663555178
|switch|p2a: Gardevoir|Gardevoir, F, shiny|100/100|[from]move: Teleport
|-ability|p2a: Gardevoir|Torrent|[from] ability: Trace|[of] p1a: Primarina
|
|-heal|p1a: Primarina|88/100|[from] item: Leftovers
|upkeep
|turn|10
|
|t:|1663555181
|move|p2a: Gardevoir|Psyshock|p1a: Primarina
|-end|p1a: Primarina|Substitute
|move|p1a: Primarina|Hydro Pump|p2a: Gardevoir
|-damage|p2a: Gardevoir|7/100
|
|-heal|p1a: Primarina|94/100|[from] item: Leftovers
|upkeep
|turn|11
|
|t:|1663555191
|switch|p2a: Zarude|Zarude|65/100
|switch|p1a: Jirachi|Jirachi|61/100
|
|-heal|p1a: Jirachi|67/100|[from] item: Leftovers
|upkeep
|turn|12
|
|t:|1663555197
|move|p2a: Zarude|Darkest Lariat|p1a: Jirachi
|-supereffective|p1a: Jirachi
|-damage|p1a: Jirachi|0 fnt
|faint|p1a: Jirachi
|
|upkeep
|
|t:|1663555200
|switch|p1a: Primarina|Primarina, F|94/100
|turn|13
|
|t:|1663555202
|switch|p1a: Noivern|Noivern, M|100/100
|-item|p2a: Zarude|Heavy-Duty Boots|[from] ability: Frisk|[of] p1a: Noivern|[identify]
|move|p2a: Zarude|Power Whip|p1a: Noivern
|-resisted|p1a: Noivern
|-damage|p1a: Noivern|81/100
|
|upkeep
|turn|14
|
|t:|1663555211
|switch|p1a: Primarina|Primarina, F|94/100
|switch|p2a: Togedemaru|Togedemaru, F|100/100
|
|-heal|p1a: Primarina|99/100|[from] item: Leftovers
|upkeep
|turn|15
|
|t:|1663555217
|move|p2a: Togedemaru|U-turn|p1a: Primarina
|-resisted|p1a: Primarina
|-damage|p1a: Primarina|88/100
|
|t:|1663555229
|switch|p2a: Zarude|Zarude|65/100|[from]move: U-turn
|move|p1a: Primarina|Substitute|p1a: Primarina
|-start|p1a: Primarina|Substitute
|-damage|p1a: Primarina|63/100
|
|-heal|p1a: Primarina|69/100|[from] item: Leftovers
|upkeep
|turn|16
|
|t:|1663555233
|move|p2a: Zarude|Power Whip|p1a: Primarina
|-supereffective|p1a: Primarina
|-end|p1a: Primarina|Substitute
|move|p1a: Primarina|Moonblast|p2a: Zarude
|-supereffective|p2a: Zarude
|-damage|p2a: Zarude|0 fnt
|faint|p2a: Zarude
|
|-heal|p1a: Primarina|75/100|[from] item: Leftovers
|upkeep
|
|t:|1663555235
|switch|p2a: Gardevoir|Gardevoir, F, shiny|7/100
|-ability|p2a: Gardevoir|Torrent|[from] ability: Trace|[of] p1a: Primarina
|turn|17
|
|t:|1663555239
|move|p2a: Gardevoir|Moonblast|p1a: Primarina
|-damage|p1a: Primarina|20/100
|move|p1a: Primarina|Moonblast|p2a: Gardevoir
|-damage|p2a: Gardevoir|0 fnt
|faint|p2a: Gardevoir
|
|-heal|p1a: Primarina|26/100|[from] item: Leftovers
|upkeep
|
|t:|1663555242
|switch|p2a: Togedemaru|Togedemaru, F|100/100
|turn|18
|
|t:|1663555258
|switch|p1a: Chandelure|Chandelure, M|100/100
|move|p2a: Togedemaru|Iron Head|p1a: Chandelure
|-resisted|p1a: Chandelure
|-damage|p1a: Chandelure|75/100
|
|upkeep
|turn|19
|
|t:|1663555263
|switch|p2a: Salamence|Salamence, F|100/100
|-ability|p2a: Salamence|Intimidate|boost
|-unboost|p1a: Chandelure|atk|1
|move|p1a: Chandelure|Shadow Ball|p2a: Salamence
|-crit|p2a: Salamence
|-damage|p2a: Salamence|0 fnt
|faint|p2a: Salamence
|
|upkeep
|-message|twerkulator forfeited.
|
|win|sgbfgbdfg
|raw|sgbfgbdfg's rating: 1533 &rarr; <strong>1549</strong><br />(+16 for winning)
|raw|twerkulator's rating: 1463 &rarr; <strong>1447</strong><br />(-16 for losing)
|l|☆twerkulator
||Ladder isn't responding, score probably updated but might not have (Request timeout).
