|j|☆DarkHorse344
|j|☆alossb
|t:|1663870951
|gametype|singles
|player|p1|DarkHorse344|brendan-gen3rs|1175
|player|p2|alossb|170|1209
|teamsize|p1|6
|teamsize|p2|6
|gen|8
|tier|[Gen 8] UU
|rated|
|rule|Sleep Clause Mod: Limit one foe put to sleep
|rule|Species Clause: Limit one of each Pokémon
|rule|OHKO Clause: OHKO moves are banned
|rule|Evasion Items Clause: Evasion items are banned
|rule|Evasion Moves Clause: Evasion moves are banned
|rule|Endless Battle Clause: Forcing endless battles is banned
|rule|HP Percentage Mod: HP is shown in percentages
|rule|Dynamax Clause: You cannot dynamax
|clearpoke
|poke|p1|Registeel|
|poke|p1|Zygarde-10%|
|poke|p1|Chansey, F|
|poke|p1|Amoonguss, F|
|poke|p1|Conkeldurr, M|
|poke|p1|Salamence, M|
|poke|p2|Primarina, M|
|poke|p2|Torkoal, M|
|poke|p2|Umbreon, F|
|poke|p2|Scizor, M|
|poke|p2|Krookodile, F|
|poke|p2|Venusaur, M|
|teampreview
|
|t:|1663870963
|start
|switch|p1a: Zygarde|Zygarde-10%|100/100
|switch|p2a: Scizor|Scizor, M|100/100
|-ability|p1a: Zygarde|Aura Break
|turn|1
|inactive|Battle timer is ON: inactive players will automatically lose when time's up. (requested by DarkHorse344)
|
|t:|1663870968
|switch|p1a: Salamence|Salamence, M|100/100
|-ability|p1a: Salamence|Intimidate|boost
|-unboost|p2a: Scizor|atk|1
|move|p2a: Scizor|Knock Off|p1a: Salamence
|-damage|p1a: Salamence|81/100
|-enditem|p1a: Salamence|Heavy-Duty Boots|[from] move: Knock Off|[of] p2a: Scizor
|
|upkeep
|turn|2
|
|t:|1663870978
|switch|p2a: Torkoal|Torkoal, M|100/100
|-weather|SunnyDay|[from] ability: Drought|[of] p2a: Torkoal
|move|p1a: Salamence|Flamethrower|p2a: Torkoal
|-resisted|p2a: Torkoal
|-damage|p2a: Torkoal|81/100
|
|-weather|SunnyDay|[upkeep]
|upkeep
|turn|3
|
|t:|1663870991
|switch|p1a: Chansey|Chansey, F|100/100
|move|p2a: Torkoal|Stealth Rock|p1a: Chansey
|-sidestart|p1: DarkHorse344|move: Stealth Rock
|
|-weather|SunnyDay|[upkeep]
|upkeep
|turn|4
|
|t:|1663871003
|switch|p2a: Scizor|Scizor, M|100/100
|move|p1a: Chansey|Thunder Wave|p2a: Scizor
|-status|p2a: Scizor|par
|
|-weather|SunnyDay|[upkeep]
|upkeep
|turn|5
|
|t:|1663871009
|switch|p1a: Salamence|Salamence, M|81/100
|-damage|p1a: Salamence|56/100|[from] Stealth Rock
|-ability|p1a: Salamence|Intimidate|boost
|-unboost|p2a: Scizor|atk|1
|move|p2a: Scizor|Knock Off|p1a: Salamence
|-damage|p1a: Salamence|42/100
|
|-weather|SunnyDay|[upkeep]
|upkeep
|turn|6
|
|t:|1663871019
|switch|p2a: Umbreon|Umbreon, F|100/100
|move|p1a: Salamence|Roost|p1a: Salamence
|-heal|p1a: Salamence|92/100
|-singleturn|p1a: Salamence|move: Roost
|
|-weather|none
|upkeep
|turn|7
|
|t:|1663871022
|move|p1a: Salamence|Defog|p2a: Umbreon
|-unboost|p2a: Umbreon|evasion|1
|-sideend|p1: DarkHorse344|Stealth Rock|[from] move: Defog|[of] p1a: Salamence
|move|p2a: Umbreon|Foul Play|p1a: Salamence
|-damage|p1a: Salamence|45/100
|
|upkeep
|turn|8
|
|t:|1663871045
|switch|p1a: Registeel|Registeel|100/100
|switch|p2a: Torkoal|Torkoal, M|81/100
|-weather|SunnyDay|[from] ability: Drought|[of] p2a: Torkoal
|
|-weather|SunnyDay|[upkeep]
|upkeep
|turn|9
|
|t:|1663871061
|switch|p1a: Chansey|Chansey, F|100/100
|move|p2a: Torkoal|Stealth Rock|p1a: Chansey
|-sidestart|p1: DarkHorse344|move: Stealth Rock
|
|-weather|SunnyDay|[upkeep]
|upkeep
|turn|10
|
|t:|1663871086
|switch|p2a: Umbreon|Umbreon, F|100/100
|move|p1a: Chansey|Teleport|p1a: Chansey
|
|t:|1663871091
|switch|p1a: Conkeldurr|Conkeldurr, M|100/100|[from]move: Teleport
|-damage|p1a: Conkeldurr|95/100|[from] Stealth Rock
|
|-weather|SunnyDay|[upkeep]
|-status|p1a: Conkeldurr|brn|[from] item: Flame Orb
|upkeep
|turn|11
|
|t:|1663871101
|switch|p2a: Torkoal|Torkoal, M|81/100
|move|p1a: Conkeldurr|Drain Punch|p2a: Torkoal
|-damage|p2a: Torkoal|41/100
|-heal|p1a: Conkeldurr|100/100 brn|[from] drain|[of] p2a: Torkoal
|
|-weather|SunnyDay|[upkeep]
|-damage|p1a: Conkeldurr|95/100 brn|[from] brn
|upkeep
|turn|12
|
|t:|1663871106
|move|p1a: Conkeldurr|Facade|p2a: Torkoal
|-damage|p2a: Torkoal|0 fnt
|faint|p2a: Torkoal
|
|-weather|none
|-damage|p1a: Conkeldurr|89/100 brn|[from] brn
|upkeep
|
|t:|1663871113
|switch|p2a: Primarina|Primarina, M|100/100
|turn|13
|
|t:|1663871117
|switch|p1a: Chansey|Chansey, F|100/100
|-damage|p1a: Chansey|88/100|[from] Stealth Rock
|switch|p2a: Krookodile|Krookodile, F|100/100
|-ability|p2a: Krookodile|Intimidate|boost
|-unboost|p1a: Chansey|atk|1
|
|upkeep
|turn|14
|
|t:|1663871122
|switch|p1a: Amoonguss|Amoonguss, F|100/100
|-damage|p1a: Amoonguss|88/100|[from] Stealth Rock
|move|p2a: Krookodile|Knock Off|p1a: Amoonguss
|-damage|p1a: Amoonguss|53/100
|-damage|p2a: Krookodile|84/100|[from] item: Rocky Helmet|[of] p1a: Amoonguss
|-enditem|p1a: Amoonguss|Rocky Helmet|[from] move: Knock Off|[of] p2a: Krookodile
|
|upkeep
|turn|15
|
|t:|1663871129
|move|p2a: Krookodile|Earthquake|p1a: Amoonguss
|-damage|p1a: Amoonguss|16/100
|move|p1a: Amoonguss|Giga Drain|p2a: Krookodile
|-supereffective|p2a: Krookodile
|-damage|p2a: Krookodile|46/100
|-heal|p1a: Amoonguss|30/100|[from] drain|[of] p2a: Krookodile
|
|upkeep
|turn|16
|
|t:|1663871138
|switch|p1a: Salamence|Salamence, M|45/100
|-damage|p1a: Salamence|20/100|[from] Stealth Rock
|-ability|p1a: Salamence|Intimidate|boost
|-unboost|p2a: Krookodile|atk|1
|move|p2a: Krookodile|Stone Edge|p1a: Salamence
|-supereffective|p1a: Salamence
|-crit|p1a: Salamence
|-damage|p1a: Salamence|0 fnt
|faint|p1a: Salamence
|
|upkeep
|
|t:|1663871156
|switch|p1a: Zygarde|Zygarde-10%|100/100
|-damage|p1a: Zygarde|94/100|[from] Stealth Rock
|-ability|p1a: Zygarde|Aura Break
|turn|17
|
|t:|1663871175
|switch|p2a: Scizor|Scizor, M|100/100 par
|move|p1a: Zygarde|Thousand Arrows|p2a: Scizor
|-damage|p2a: Scizor|56/100 par
|
|-heal|p2a: Scizor|62/100 par|[from] item: Leftovers
|upkeep
|turn|18
|
|t:|1663871180
|switch|p1a: Registeel|Registeel|100/100
|-damage|p1a: Registeel|94/100|[from] Stealth Rock
|move|p2a: Scizor|Knock Off|p1a: Registeel
|-damage|p1a: Registeel|81/100
|-enditem|p1a: Registeel|Leftovers|[from] move: Knock Off|[of] p2a: Scizor
|
|-heal|p2a: Scizor|68/100 par|[from] item: Leftovers
|upkeep
|turn|19
|
|t:|1663871187
|move|p1a: Registeel|Iron Defense|p1a: Registeel
|-boost|p1a: Registeel|def|2
|cant|p2a: Scizor|par
|
|-heal|p2a: Scizor|74/100 par|[from] item: Leftovers
|upkeep
|turn|20
|
|t:|1663871194
|switch|p2a: Primarina|Primarina, M|100/100
|move|p1a: Registeel|Amnesia|p1a: Registeel
|-boost|p1a: Registeel|spd|2
|
|upkeep
|turn|21
|
|t:|1663871200
|move|p2a: Primarina|Hyper Voice|p1a: Registeel
|-damage|p1a: Registeel|55/100
|move|p1a: Registeel|Amnesia|p1a: Registeel
|-boost|p1a: Registeel|spd|2
|
|upkeep
|turn|22
|
|t:|1663871207
|switch|p2a: Venusaur|Venusaur, M|100/100
|move|p1a: Registeel|Amnesia|p1a: Registeel
|-boost|p1a: Registeel|spd|2
|
|upkeep
|turn|23
|
|t:|1663871210
|move|p2a: Venusaur|Leech Seed|p1a: Registeel
|-start|p1a: Registeel|move: Leech Seed
|move|p1a: Registeel|Iron Defense|p1a: Registeel
|-boost|p1a: Registeel|def|2
|
|-damage|p1a: Registeel|42/100|[from] Leech Seed|[of] p2a: Venusaur
|upkeep
|turn|24
|
|t:|1663871225
|move|p2a: Venusaur|Giga Drain|p1a: Registeel
|-resisted|p1a: Registeel
|-damage|p1a: Registeel|40/100
|move|p1a: Registeel|Iron Defense|p1a: Registeel
|-boost|p1a: Registeel|def|2
|
|-damage|p1a: Registeel|27/100|[from] Leech Seed|[of] p2a: Venusaur
|upkeep
|turn|25
|
|t:|1663871233
|move|p2a: Venusaur|Protect|p2a: Venusaur
|-singleturn|p2a: Venusaur|Protect
|move|p1a: Registeel|Body Press|p2a: Venusaur
|-activate|p2a: Venusaur|move: Protect
|
|-damage|p1a: Registeel|15/100|[from] Leech Seed|[of] p2a: Venusaur
|upkeep
|turn|26
|
|t:|1663871240
|move|p2a: Venusaur|Giga Drain|p1a: Registeel
|-resisted|p1a: Registeel
|-crit|p1a: Registeel
|-damage|p1a: Registeel|1/100
|move|p1a: Registeel|Rest|p1a: Registeel
|-status|p1a: Registeel|slp|[from] move: Rest
|-heal|p1a: Registeel|100/100 slp|[silent]
|
|-damage|p1a: Registeel|88/100 slp|[from] Leech Seed|[of] p2a: Venusaur
|upkeep
|turn|27
|
|t:|1663871260
|switch|p2a: Krookodile|Krookodile, F|46/100
|-ability|p2a: Krookodile|Intimidate|boost
|-fail|p1a: Registeel|unboost|[from] ability: Clear Body|[of] p1a: Registeel
|cant|p1a: Registeel|slp
|
|-damage|p1a: Registeel|76/100 slp|[from] Leech Seed|[of] p2a: Krookodile
|-heal|p2a: Krookodile|59/100|[silent]
|upkeep
|turn|28
|
|t:|1663871262
|move|p2a: Krookodile|Close Combat|p1a: Registeel
|-supereffective|p1a: Registeel
|-damage|p1a: Registeel|65/100 slp
|-unboost|p2a: Krookodile|def|1
|-unboost|p2a: Krookodile|spd|1
|cant|p1a: Registeel|slp
|
|-damage|p1a: Registeel|53/100 slp|[from] Leech Seed|[of] p2a: Krookodile
|-heal|p2a: Krookodile|73/100|[silent]
|upkeep
|turn|29
|
|t:|1663871275
|switch|p2a: Venusaur|Venusaur, M|100/100
|-curestatus|p1a: Registeel|slp|[msg]
|move|p1a: Registeel|Body Press|p2a: Venusaur
|-resisted|p2a: Venusaur
|-damage|p2a: Venusaur|27/100
|
|-heal|p2a: Venusaur|33/100|[from] item: Black Sludge
|-damage|p1a: Registeel|41/100|[from] Leech Seed|[of] p2a: Venusaur
|-heal|p2a: Venusaur|45/100|[silent]
|upkeep
|turn|30
|
|t:|1663871282
|move|p2a: Venusaur|Protect|p2a: Venusaur
|-singleturn|p2a: Venusaur|Protect
|move|p1a: Registeel|Body Press|p2a: Venusaur
|-activate|p2a: Venusaur|move: Protect
|
|-heal|p2a: Venusaur|51/100|[from] item: Black Sludge
|-damage|p1a: Registeel|28/100|[from] Leech Seed|[of] p2a: Venusaur
|-heal|p2a: Venusaur|64/100|[silent]
|upkeep
|turn|31
|
|t:|1663871286
|move|p2a: Venusaur|Giga Drain|p1a: Registeel
|-resisted|p1a: Registeel
|-damage|p1a: Registeel|26/100
|-heal|p2a: Venusaur|65/100|[from] drain|[of] p1a: Registeel
|move|p1a: Registeel|Body Press|p2a: Venusaur
|-resisted|p2a: Venusaur
|-damage|p2a: Venusaur|0 fnt
|faint|p2a: Venusaur
|
|upkeep
|
|t:|1663871295
|switch|p2a: Scizor|Scizor, M|74/100 par
|turn|32
|-message|alossb forfeited.
|
|win|DarkHorse344
|raw|DarkHorse344's rating: 1175 &rarr; <strong>1202</strong><br />(+27 for winning)
|raw|alossb's rating: 1209 &rarr; <strong>1182</strong><br />(-27 for losing)
|l|☆alossb
