|raw|<div class="broadcast-blue"><strong>This battle is required to be public due to a player having a name starting with 'uult91w'.</div>
|j|☆UULT91w OnArceus
|j|☆passing years
|t:|1651852457
|gametype|singles
|player|p1|UULT91w OnArceus|265|1602
|player|p2|passing years|ilima|1557
|teamsize|p1|6
|teamsize|p2|6
|gen|8
|tier|[Gen 8] UU
|rated|
|rule|Sleep Clause Mod: Limit one foe put to sleep
|rule|Species Clause: Limit one of each Pokémon
|rule|OHKO Clause: OHKO moves are banned
|rule|Evasion Moves Clause: Evasion moves are banned
|rule|Endless Battle Clause: Forcing endless battles is banned
|rule|HP Percentage Mod: HP is shown in percentages
|rule|Dynamax Clause: You cannot dynamax
|clearpoke
|poke|p1|Hippowdon, F|
|poke|p1|Crobat, F|
|poke|p1|Scizor, M|
|poke|p1|Keldeo-Resolute|
|poke|p1|Reuniclus, M|
|poke|p1|Tangrowth, M|
|poke|p2|Nidoking, M|
|poke|p2|Zarude|
|poke|p2|Chansey, F|
|poke|p2|Salamence, F|
|poke|p2|Cobalion|
|poke|p2|Rotom-Wash|
|teampreview
|inactive|Battle timer is ON: inactive players will automatically lose when time's up. (requested by passing years)
|
|t:|1651852470
|start
|switch|p1a: Crobat|Crobat, F|100/100
|switch|p2a: Rotom|Rotom-Wash|100/100
|turn|1
|
|t:|1651852474
|move|p2a: Rotom|Volt Switch|p1a: Crobat
|-supereffective|p1a: Crobat
|-damage|p1a: Crobat|23/100
|
|t:|1651852477
|switch|p2a: Cobalion|Cobalion|100/100|[from]move: Volt Switch
|move|p1a: Crobat|U-turn|p2a: Cobalion
|-resisted|p2a: Cobalion
|-crit|p2a: Cobalion
|-damage|p2a: Cobalion|96/100
|-damage|p1a: Crobat|7/100|[from] item: Rocky Helmet|[of] p2a: Cobalion
|
|t:|1651852480
|switch|p1a: Hippowdon|Hippowdon, F|100/100|[from]move: U-turn
|-weather|Sandstorm|[from] ability: Sand Stream|[of] p1a: Hippowdon
|
|-weather|Sandstorm|[upkeep]
|upkeep
|turn|2
|j| UUlt91W TT
|
|t:|1651852489
|switch|p2a: Rotom|Rotom-Wash|100/100
|move|p1a: Hippowdon|Earthquake|p2a: Rotom
|-immune|p2a: Rotom|[from] ability: Levitate
|
|-weather|Sandstorm|[upkeep]
|-damage|p2a: Rotom|94/100|[from] Sandstorm
|upkeep
|turn|3
|
|t:|1651852499
|switch|p1a: Reuniclus|Reuniclus, M|100/100
|move|p2a: Rotom|Volt Switch|p1a: Reuniclus
|-damage|p1a: Reuniclus|86/100
|
|t:|1651852505
|switch|p2a: Zarude|Zarude|100/100|[from]move: Volt Switch
|
|-weather|Sandstorm|[upkeep]
|-damage|p2a: Zarude|95/100|[from] Sandstorm
|-damage|p1a: Reuniclus|80/100|[from] Sandstorm
|upkeep
|turn|4
|
|t:|1651852508
|switch|p1a: Tangrowth|Tangrowth, M|100/100
|move|p2a: Zarude|U-turn|p1a: Tangrowth
|-supereffective|p1a: Tangrowth
|-damage|p1a: Tangrowth|76/100
|-damage|p2a: Zarude|78/100|[from] item: Rocky Helmet|[of] p1a: Tangrowth
|
|t:|1651852518
|switch|p2a: Cobalion|Cobalion|96/100|[from]move: U-turn
|
|-weather|Sandstorm|[upkeep]
|-damage|p1a: Tangrowth|70/100|[from] Sandstorm
|upkeep
|turn|5
|
|t:|1651852523
|move|p2a: Cobalion|Stealth Rock|p1a: Tangrowth
|-sidestart|p1: UULT91w OnArceus|move: Stealth Rock
|move|p1a: Tangrowth|Earthquake|p2a: Cobalion
|-supereffective|p2a: Cobalion
|-damage|p2a: Cobalion|55/100
|
|-weather|none
|upkeep
|turn|6
|
|t:|1651852531
|switch|p2a: Chansey|Chansey, F|100/100
|move|p1a: Tangrowth|Sludge Bomb|p2a: Chansey
|-damage|p2a: Chansey|93/100
|
|upkeep
|turn|7
|j| Yves Stone
|
|t:|1651852542
|switch|p2a: Salamence|Salamence, F|100/100
|-ability|p2a: Salamence|Intimidate|boost
|-unboost|p1a: Tangrowth|atk|1
|switch|p1a: Reuniclus|Reuniclus, M|100/100
|-damage|p1a: Reuniclus|88/100|[from] Stealth Rock
|
|upkeep
|turn|8
|
|t:|1651852549
|move|p2a: Salamence|Dual Wingbeat|p1a: Reuniclus
|-damage|p1a: Reuniclus|71/100
|-damage|p1a: Reuniclus|53/100
|-hitcount|p1a: Reuniclus|2
|move|p1a: Reuniclus|Future Sight|p2a: Salamence
|-start|p1a: Reuniclus|move: Future Sight
|
|upkeep
|turn|9
|
|t:|1651852562
|switch|p2a: Zarude|Zarude|78/100
|move|p1a: Reuniclus|Psyshock|p2a: Zarude
|-immune|p2a: Zarude
|
|upkeep
|turn|10
|
|t:|1651852569
|switch|p1a: Tangrowth|Tangrowth, M|100/100
|-damage|p1a: Tangrowth|88/100|[from] Stealth Rock
|move|p2a: Zarude|Darkest Lariat|p1a: Tangrowth
|-damage|p1a: Tangrowth|67/100
|-damage|p2a: Zarude|61/100|[from] item: Rocky Helmet|[of] p1a: Tangrowth
|
|-end|p2a: Zarude|move: Future Sight
|-immune|p2a: Zarude
|upkeep
|turn|11
|
|t:|1651852576
|switch|p2a: Salamence|Salamence, F|100/100
|-ability|p2a: Salamence|Intimidate|boost
|-unboost|p1a: Tangrowth|atk|1
|move|p1a: Tangrowth|Sludge Bomb|p2a: Salamence
|-damage|p2a: Salamence|76/100
|
|upkeep
|turn|12
|
|t:|1651852582
|switch|p2a: Rotom|Rotom-Wash|94/100
|switch|p1a: Hippowdon|Hippowdon, F|100/100
|-damage|p1a: Hippowdon|94/100|[from] Stealth Rock
|-weather|Sandstorm|[from] ability: Sand Stream|[of] p1a: Hippowdon
|
|-weather|Sandstorm|[upkeep]
|-damage|p2a: Rotom|88/100|[from] Sandstorm
|-heal|p1a: Hippowdon|100/100|[from] item: Leftovers
|upkeep
|turn|13
|
|t:|1651852588
|switch|p1a: Reuniclus|Reuniclus, M|87/100
|-damage|p1a: Reuniclus|74/100|[from] Stealth Rock
|move|p2a: Rotom|Hydro Pump|p1a: Reuniclus
|-damage|p1a: Reuniclus|53/100
|
|-weather|Sandstorm|[upkeep]
|-damage|p2a: Rotom|82/100|[from] Sandstorm
|-damage|p1a: Reuniclus|47/100|[from] Sandstorm
|upkeep
|turn|14
|
|t:|1651852592
|switch|p2a: Zarude|Zarude|61/100
|move|p1a: Reuniclus|Future Sight|p2a: Zarude
|-start|p1a: Reuniclus|move: Future Sight
|
|-weather|Sandstorm|[upkeep]
|-damage|p2a: Zarude|55/100|[from] Sandstorm
|-damage|p1a: Reuniclus|41/100|[from] Sandstorm
|upkeep
|turn|15
|
|t:|1651852598
|switch|p1a: Keldeo|Keldeo-Resolute|100/100
|-damage|p1a: Keldeo|94/100|[from] Stealth Rock
|move|p2a: Zarude|U-turn|p1a: Keldeo
|-resisted|p1a: Keldeo
|-damage|p1a: Keldeo|81/100
|
|t:|1651852606
|switch|p2a: Rotom|Rotom-Wash|82/100|[from]move: U-turn
|
|-weather|Sandstorm|[upkeep]
|-damage|p2a: Rotom|76/100|[from] Sandstorm
|-damage|p1a: Keldeo|74/100|[from] Sandstorm
|upkeep
|turn|16
|j| UULT91W ASK
|
|t:|1651852620
|switch|p2a: Zarude|Zarude|55/100
|switch|p1a: Scizor|Scizor, M|100/100
|
|-weather|none
|-end|p2a: Zarude|move: Future Sight
|-immune|p2a: Zarude
|upkeep
|turn|17
|
|t:|1651852626
|move|p2a: Zarude|U-turn|p1a: Scizor
|-resisted|p1a: Scizor
|-damage|p1a: Scizor|90/100
|
|t:|1651852629
|switch|p2a: Salamence|Salamence, F|76/100|[from]move: U-turn
|-ability|p2a: Salamence|Intimidate|boost
|-unboost|p1a: Scizor|atk|1
|move|p1a: Scizor|Knock Off|p2a: Salamence
|-damage|p2a: Salamence|54/100
|-enditem|p2a: Salamence|Heavy-Duty Boots|[from] move: Knock Off|[of] p1a: Scizor
|
|upkeep
|turn|18
|
|t:|1651852637
|switch|p2a: Rotom|Rotom-Wash|76/100
|switch|p1a: Hippowdon|Hippowdon, F|100/100
|-damage|p1a: Hippowdon|94/100|[from] Stealth Rock
|-weather|Sandstorm|[from] ability: Sand Stream|[of] p1a: Hippowdon
|
|-weather|Sandstorm|[upkeep]
|-damage|p2a: Rotom|69/100|[from] Sandstorm
|-heal|p1a: Hippowdon|100/100|[from] item: Leftovers
|upkeep
|turn|19
|
|t:|1651852641
|switch|p1a: Reuniclus|Reuniclus, M|74/100
|-damage|p1a: Reuniclus|61/100|[from] Stealth Rock
|move|p2a: Rotom|Hydro Pump|p1a: Reuniclus
|-damage|p1a: Reuniclus|39/100
|
|-weather|Sandstorm|[upkeep]
|-damage|p2a: Rotom|63/100|[from] Sandstorm
|-damage|p1a: Reuniclus|33/100|[from] Sandstorm
|upkeep
|turn|20
|
|t:|1651852646
|move|p2a: Rotom|Hydro Pump|p1a: Reuniclus|[miss]
|-miss|p2a: Rotom|p1a: Reuniclus
|move|p1a: Reuniclus|Future Sight|p2a: Rotom
|-start|p1a: Reuniclus|move: Future Sight
|
|-weather|Sandstorm|[upkeep]
|-damage|p2a: Rotom|57/100|[from] Sandstorm
|-damage|p1a: Reuniclus|26/100|[from] Sandstorm
|upkeep
|turn|21
|
|t:|1651852670
|switch|p1a: Keldeo|Keldeo-Resolute|74/100
|-damage|p1a: Keldeo|68/100|[from] Stealth Rock
|move|p2a: Rotom|Hydro Pump|p1a: Keldeo
|-resisted|p1a: Keldeo
|-damage|p1a: Keldeo|41/100
|
|-weather|Sandstorm|[upkeep]
|-damage|p2a: Rotom|51/100|[from] Sandstorm
|-damage|p1a: Keldeo|35/100|[from] Sandstorm
|upkeep
|turn|22
|j| Dunoks
|
|t:|1651852687
|switch|p2a: Cobalion|Cobalion|55/100
|move|p1a: Keldeo|Secret Sword|p2a: Cobalion
|-supereffective|p2a: Cobalion
|-damage|p2a: Cobalion|0 fnt
|faint|p2a: Cobalion
|
|-weather|none
|-hint|Future Sight did not hit because the target is fainted.
|upkeep
|
|t:|1651852691
|switch|p2a: Rotom|Rotom-Wash|51/100
|turn|23
|
|t:|1651852696
|switch|p1a: Reuniclus|Reuniclus, M|60/100
|-damage|p1a: Reuniclus|47/100|[from] Stealth Rock
|move|p2a: Rotom|Volt Switch|p1a: Reuniclus
|-damage|p1a: Reuniclus|34/100
|
|t:|1651852700
|switch|p2a: Zarude|Zarude|55/100|[from]move: Volt Switch
|
|upkeep
|turn|24
|
|t:|1651852704
|switch|p1a: Tangrowth|Tangrowth, M|100/100
|-damage|p1a: Tangrowth|88/100|[from] Stealth Rock
|move|p2a: Zarude|U-turn|p1a: Tangrowth
|-supereffective|p1a: Tangrowth
|-damage|p1a: Tangrowth|61/100
|-damage|p2a: Zarude|39/100|[from] item: Rocky Helmet|[of] p1a: Tangrowth
|
|t:|1651852706
|switch|p2a: Nidoking|Nidoking, M|100/100|[from]move: U-turn
|
|upkeep
|turn|25
|l| UULT91W ASK
|
|t:|1651852712
|switch|p1a: Crobat|Crobat, F|7/100
|move|p2a: Nidoking|Ice Beam|p1a: Crobat
|-supereffective|p1a: Crobat
|-damage|p1a: Crobat|0 fnt
|faint|p1a: Crobat
|
|upkeep
|
|t:|1651852714
|switch|p1a: Keldeo|Keldeo-Resolute|35/100
|-damage|p1a: Keldeo|28/100|[from] Stealth Rock
|turn|26
|
|t:|1651852718
|switch|p2a: Chansey|Chansey, F|93/100
|move|p1a: Keldeo|Surf|p2a: Chansey
|-damage|p2a: Chansey|70/100
|
|upkeep
|turn|27
|
|t:|1651852721
|switch|p1a: Reuniclus|Reuniclus, M|67/100
|-damage|p1a: Reuniclus|55/100|[from] Stealth Rock
|move|p2a: Chansey|Teleport|p2a: Chansey
|
|t:|1651852726
|switch|p2a: Zarude|Zarude|39/100|[from]move: Teleport
|
|upkeep
|turn|28
|
|t:|1651852729
|switch|p2a: Nidoking|Nidoking, M|100/100
|switch|p1a: Tangrowth|Tangrowth, M|94/100
|-damage|p1a: Tangrowth|82/100|[from] Stealth Rock
|
|upkeep
|turn|29
|
|t:|1651852733
|switch|p1a: Reuniclus|Reuniclus, M|88/100
|-damage|p1a: Reuniclus|75/100|[from] Stealth Rock
|move|p2a: Nidoking|Sludge Wave|p1a: Reuniclus
|-damage|p1a: Reuniclus|45/100
|
|upkeep
|turn|30
|
|t:|1651852736
|switch|p2a: Zarude|Zarude|39/100
|move|p1a: Reuniclus|Psyshock|p2a: Zarude
|-immune|p2a: Zarude
|
|upkeep
|turn|31
|
|t:|1651852739
|switch|p2a: Nidoking|Nidoking, M|100/100
|switch|p1a: Tangrowth|Tangrowth, M|100/100
|-damage|p1a: Tangrowth|88/100|[from] Stealth Rock
|
|upkeep
|turn|32
|
|t:|1651852740
|switch|p1a: Scizor|Scizor, M|90/100
|move|p2a: Nidoking|Sludge Wave|p1a: Scizor
|-immune|p1a: Scizor
|
|upkeep
|turn|33
|j| Ibleachyourskin
|
|t:|1651852745
|switch|p2a: Salamence|Salamence, F|54/100
|-ability|p2a: Salamence|Intimidate|boost
|-unboost|p1a: Scizor|atk|1
|switch|p1a: Reuniclus|Reuniclus, M|78/100
|-damage|p1a: Reuniclus|66/100|[from] Stealth Rock
|
|upkeep
|turn|34
|l| Ibleachyourskin
|
|t:|1651852752
|switch|p2a: Zarude|Zarude|39/100
|move|p1a: Reuniclus|Future Sight|p2a: Zarude
|-start|p1a: Reuniclus|move: Future Sight
|
|upkeep
|turn|35
|
|t:|1651852757
|switch|p1a: Tangrowth|Tangrowth, M|100/100
|-damage|p1a: Tangrowth|88/100|[from] Stealth Rock
|move|p2a: Zarude|U-turn|p1a: Tangrowth
|-supereffective|p1a: Tangrowth
|-damage|p1a: Tangrowth|60/100
|-damage|p2a: Zarude|22/100|[from] item: Rocky Helmet|[of] p1a: Tangrowth
|
|t:|1651852760
|switch|p2a: Salamence|Salamence, F|54/100|[from]move: U-turn
|-ability|p2a: Salamence|Intimidate|boost
|-unboost|p1a: Tangrowth|atk|1
|
|upkeep
|turn|36
|
|t:|1651852763
|switch|p1a: Hippowdon|Hippowdon, F|100/100
|-damage|p1a: Hippowdon|94/100|[from] Stealth Rock
|-weather|Sandstorm|[from] ability: Sand Stream|[of] p1a: Hippowdon
|move|p2a: Salamence|Roost|p2a: Salamence
|-heal|p2a: Salamence|100/100
|-singleturn|p2a: Salamence|move: Roost
|
|-weather|Sandstorm|[upkeep]
|-damage|p2a: Salamence|94/100|[from] Sandstorm
|-end|p2a: Salamence|move: Future Sight
|-crit|p2a: Salamence
|-damage|p2a: Salamence|20/100
|-heal|p1a: Hippowdon|100/100|[from] item: Leftovers
|upkeep
|turn|37
|
|t:|1651852768
|switch|p2a: Rotom|Rotom-Wash|51/100
|move|p1a: Hippowdon|Stealth Rock|p2a: Rotom
|-sidestart|p2: passing years|move: Stealth Rock
|
|-weather|Sandstorm|[upkeep]
|-damage|p2a: Rotom|44/100|[from] Sandstorm
|upkeep
|turn|38
|
|t:|1651852774
|switch|p1a: Reuniclus|Reuniclus, M|99/100
|-damage|p1a: Reuniclus|86/100|[from] Stealth Rock
|move|p2a: Rotom|Trick|p1a: Reuniclus
|-activate|p2a: Rotom|move: Trick|[of] p1a: Reuniclus
|-item|p1a: Reuniclus|Choice Scarf|[from] move: Trick
|-item|p2a: Rotom|Assault Vest|[from] move: Trick
|
|-weather|Sandstorm|[upkeep]
|-damage|p2a: Rotom|38/100|[from] Sandstorm
|-damage|p1a: Reuniclus|80/100|[from] Sandstorm
|upkeep
|turn|39
|
|t:|1651852781
|move|p2a: Rotom|Volt Switch|p1a: Reuniclus
|-damage|p1a: Reuniclus|60/100
|
|t:|1651852784
|switch|p2a: Salamence|Salamence, F|20/100|[from]move: Volt Switch
|-damage|p2a: Salamence|0 fnt|[from] Stealth Rock
|faint|p2a: Salamence
|move|p1a: Reuniclus|Future Sight|p2: Salamence
|-start|p1a: Reuniclus|move: Future Sight
|
|-weather|Sandstorm|[upkeep]
|-damage|p1a: Reuniclus|54/100|[from] Sandstorm
|upkeep
|
|t:|1651852785
|switch|p2a: Zarude|Zarude|22/100
|turn|40
|
|t:|1651852791
|switch|p1a: Tangrowth|Tangrowth, M|94/100
|-damage|p1a: Tangrowth|81/100|[from] Stealth Rock
|move|p2a: Zarude|Jungle Healing|p2a: Zarude
|-heal|p2a: Zarude|48/100
|
|-weather|none
|upkeep
|turn|41
|
|t:|1651852794
|switch|p2a: Chansey|Chansey, F|70/100
|-damage|p2a: Chansey|58/100|[from] Stealth Rock
|move|p1a: Tangrowth|Sludge Bomb|p2a: Chansey
|-damage|p2a: Chansey|51/100
|
|-end|p2a: Chansey|move: Future Sight
|-damage|p2a: Chansey|36/100
|upkeep
|turn|42
|
|t:|1651852798
|switch|p1a: Keldeo|Keldeo-Resolute|28/100
|-damage|p1a: Keldeo|22/100|[from] Stealth Rock
|move|p2a: Chansey|Soft-Boiled|p2a: Chansey
|-heal|p2a: Chansey|86/100
|
|upkeep
|turn|43
|
|t:|1651852801
|move|p1a: Keldeo|Secret Sword|p2a: Chansey
|-supereffective|p2a: Chansey
|-damage|p2a: Chansey|0 fnt
|faint|p2a: Chansey
|
|upkeep
|
|t:|1651852805
|switch|p2a: Nidoking|Nidoking, M|100/100
|-damage|p2a: Nidoking|95/100|[from] Stealth Rock
|turn|44
|
|t:|1651852809
|switch|p1a: Reuniclus|Reuniclus, M|87/100
|-damage|p1a: Reuniclus|75/100|[from] Stealth Rock
|move|p2a: Nidoking|Earth Power|p1a: Reuniclus
|-damage|p1a: Reuniclus|30/100
|
|upkeep
|turn|45
|
|t:|1651852820
|move|p2a: Nidoking|Earth Power|p1a: Reuniclus
|-damage|p1a: Reuniclus|0 fnt
|faint|p1a: Reuniclus
|
|upkeep
|
|t:|1651852821
|switch|p1a: Keldeo|Keldeo-Resolute|22/100
|-damage|p1a: Keldeo|16/100|[from] Stealth Rock
|turn|46
|
|t:|1651852831
|switch|p2a: Rotom|Rotom-Wash|38/100
|-damage|p2a: Rotom|26/100|[from] Stealth Rock
|move|p1a: Keldeo|Surf|p2a: Rotom
|-resisted|p2a: Rotom
|-damage|p2a: Rotom|0 fnt
|faint|p2a: Rotom
|
|upkeep
|
|t:|1651852832
|switch|p2a: Zarude|Zarude|48/100
|turn|47
|
|t:|1651852836
|switch|p1a: Tangrowth|Tangrowth, M|100/100
|-damage|p1a: Tangrowth|88/100|[from] Stealth Rock
|switch|p2a: Nidoking|Nidoking, M|95/100
|-damage|p2a: Nidoking|89/100|[from] Stealth Rock
|
|upkeep
|turn|48
|
|t:|1651852845
|switch|p1a: Scizor|Scizor, M|90/100
|move|p2a: Nidoking|Ice Beam|p1a: Scizor
|-resisted|p1a: Scizor
|-damage|p1a: Scizor|66/100
|
|upkeep
|turn|49
|
|t:|1651852848
|move|p1a: Scizor|Bullet Punch|p2a: Nidoking
|-damage|p2a: Nidoking|47/100
|move|p2a: Nidoking|Earth Power|p1a: Scizor
|-damage|p1a: Scizor|0 fnt
|faint|p1a: Scizor
|
|upkeep
|
|t:|1651852853
|switch|p1a: Keldeo|Keldeo-Resolute|16/100
|-damage|p1a: Keldeo|10/100|[from] Stealth Rock
|turn|50
|
|t:|1651852861
|move|p1a: Keldeo|Surf|p2a: Nidoking
|-supereffective|p2a: Nidoking
|-damage|p2a: Nidoking|0 fnt
|faint|p2a: Nidoking
|
|upkeep
|
|t:|1651852862
|switch|p2a: Zarude|Zarude|48/100
|turn|51
|
|t:|1651852865
|switch|p1a: Tangrowth|Tangrowth, M|100/100
|-damage|p1a: Tangrowth|88/100|[from] Stealth Rock
|move|p2a: Zarude|Jungle Healing|p2a: Zarude
|-heal|p2a: Zarude|73/100
|
|upkeep
|turn|52
|
|t:|1651852867
|move|p2a: Zarude|U-turn|p1a: Tangrowth
|-supereffective|p1a: Tangrowth
|-damage|p1a: Tangrowth|62/100
|-damage|p2a: Zarude|56/100|[from] item: Rocky Helmet|[of] p1a: Tangrowth
|move|p1a: Tangrowth|Sludge Bomb|p2a: Zarude
|-supereffective|p2a: Zarude
|-damage|p2a: Zarude|10/100
|-status|p2a: Zarude|psn
|
|-damage|p2a: Zarude|0 fnt|[from] psn
|faint|p2a: Zarude
|
|win|UULT91w OnArceus
|upkeep
|raw|UULT91w OnArceus's rating: 1602 &rarr; <strong>1619</strong><br />(+17 for winning)
|raw|passing years's rating: 1557 &rarr; <strong>1540</strong><br />(-17 for losing)
|c|☆passing years|gg
|l|☆passing years
|l|☆UULT91w OnArceus
|l| Yves Stone
|j| P.Otaku❄
||Ladder isn't responding, score probably updated but might not have (Request timeout).
