|j|☆Starvesoul
|j|☆Xyllia
|t:|1668176409
|gametype|singles
|player|p1|Starvesoul|steven-masters2|
|player|p2|Xyllia|dawn-gen4pt|
|teamsize|p1|6
|teamsize|p2|6
|gen|8
|tier|[Gen 8] UU
|rated|Tournament battle
|rule|Sleep Clause Mod: Limit one foe put to sleep
|rule|Species Clause: Limit one of each Pokémon
|rule|OHKO Clause: OHKO moves are banned
|rule|Evasion Items Clause: Evasion items are banned
|rule|Evasion Moves Clause: Evasion moves are banned
|rule|Endless Battle Clause: Forcing endless battles is banned
|rule|HP Percentage Mod: HP is shown in percentages
|rule|Dynamax Clause: You cannot dynamax
|clearpoke
|poke|p1|Torkoal, F|
|poke|p1|Hatterene, F|
|poke|p1|Darmanitan, M|
|poke|p1|Venusaur, F|
|poke|p1|Swampert, M|
|poke|p1|Celesteela|
|poke|p2|Hydreigon, M|
|poke|p2|Cobalion|
|poke|p2|Tangrowth, F|
|poke|p2|Rotom-Wash|
|poke|p2|Diggersby, F|
|poke|p2|Crobat, F|
|teampreview
|inactive|Battle timer is ON: inactive players will automatically lose when time's up. (requested by Xyllia)
|j| PlasticPinnochio
|j| akhenatten
|
|t:|1668176433
|start
|switch|p1a: Torkoal|Torkoal, F|100/100
|switch|p2a: Hydreigon|Hydreigon, M|100/100
|-weather|SunnyDay|[from] ability: Drought|[of] p1a: Torkoal
|turn|1
|
|t:|1668176449
|move|p2a: Hydreigon|Dark Pulse|p1a: Torkoal
|-damage|p1a: Torkoal|12/100
|move|p1a: Torkoal|Lava Plume|p2a: Hydreigon
|-resisted|p2a: Hydreigon
|-damage|p2a: Hydreigon|79/100
|
|-weather|SunnyDay|[upkeep]
|upkeep
|turn|2
|
|t:|1668176471
|switch|p1a: Hatterene|Hatterene, F|100/100
|move|p2a: Hydreigon|Dark Pulse|p1a: Hatterene
|-damage|p1a: Hatterene|34/100
|
|-weather|SunnyDay|[upkeep]
|-heal|p1a: Hatterene|40/100|[from] item: Leftovers
|upkeep
|turn|3
|j|%Sulo
|inactive|Xyllia has 120 seconds left.
|
|t:|1668176491
|move|p2a: Hydreigon|Dark Pulse|p1a: Hatterene
|-damage|p1a: Hatterene|0 fnt
|faint|p1a: Hatterene
|
|-weather|SunnyDay|[upkeep]
|upkeep
|
|t:|1668176494
|switch|p1a: Darmanitan|Darmanitan, M|100/100
|turn|4
|inactive|Xyllia has 120 seconds left.
|
|t:|1668176533
|move|p1a: Darmanitan|U-turn|p2a: Hydreigon
|-supereffective|p2a: Hydreigon
|-damage|p2a: Hydreigon|23/100
|
|t:|1668176538
|switch|p1a: Swampert|Swampert, M|100/100|[from]move: U-turn
|move|p2a: Hydreigon|Dark Pulse|p1a: Swampert
|-damage|p1a: Swampert|59/100
|
|-weather|SunnyDay|[upkeep]
|-heal|p1a: Swampert|65/100|[from] item: Leftovers
|upkeep
|turn|5
|
|t:|1668176541
|move|p2a: Hydreigon|Dark Pulse|p1a: Swampert
|-damage|p1a: Swampert|21/100
|move|p1a: Swampert|Ice Beam|p2a: Hydreigon
|-supereffective|p2a: Hydreigon
|-damage|p2a: Hydreigon|0 fnt
|faint|p2a: Hydreigon
|
|-weather|SunnyDay|[upkeep]
|-heal|p1a: Swampert|27/100|[from] item: Leftovers
|upkeep
|
|t:|1668176559
|switch|p2a: Crobat|Crobat, F|100/100
|turn|6
|
|t:|1668176562
|move|p2a: Crobat|Brave Bird|p1a: Swampert
|-damage|p1a: Swampert|0 fnt
|faint|p1a: Swampert
|-damage|p2a: Crobat|90/100|[from] Recoil
|
|-weather|SunnyDay|[upkeep]
|upkeep
|j| Skyozo
|
|t:|1668176569
|switch|p1a: Darmanitan|Darmanitan, M|100/100
|turn|7
|inactive|Xyllia has 120 seconds left.
|
|t:|1668176594
|switch|p2a: Rotom|Rotom-Wash|100/100
|move|p1a: Darmanitan|Flare Blitz|p2a: Rotom
|-resisted|p2a: Rotom
|-damage|p2a: Rotom|44/100
|-damage|p1a: Darmanitan|85/100|[from] Recoil
|
|-weather|SunnyDay|[upkeep]
|-heal|p2a: Rotom|50/100|[from] item: Leftovers
|upkeep
|turn|8
|inactive|Xyllia has 90 seconds left.
|
|t:|1668176632
|move|p1a: Darmanitan|Flare Blitz|p2a: Rotom
|-resisted|p2a: Rotom
|-damage|p2a: Rotom|0 fnt
|faint|p2a: Rotom
|-damage|p1a: Darmanitan|70/100|[from] Recoil
|
|-weather|none
|upkeep
|
|t:|1668176646
|switch|p2a: Crobat|Crobat, F|90/100
|turn|9
|
|t:|1668176660
|switch|p1a: Celesteela|Celesteela|100/100
|move|p2a: Crobat|Brave Bird|p1a: Celesteela
|-resisted|p1a: Celesteela
|-damage|p1a: Celesteela|85/100
|-damage|p2a: Crobat|85/100|[from] Recoil
|
|-heal|p1a: Celesteela|91/100|[from] item: Leftovers
|upkeep
|turn|10
|
|t:|1668176683
|switch|p2a: Tangrowth|Tangrowth, F|100/100
|move|p1a: Celesteela|Leech Seed|p2a: Tangrowth
|-immune|p2a: Tangrowth
|
|-heal|p1a: Celesteela|97/100|[from] item: Leftovers
|upkeep
|turn|11
|
|t:|1668176687
|move|p1a: Celesteela|Flamethrower|p2a: Tangrowth
|-supereffective|p2a: Tangrowth
|-damage|p2a: Tangrowth|71/100
|move|p2a: Tangrowth|Knock Off|p1a: Celesteela
|-damage|p1a: Celesteela|81/100
|-enditem|p1a: Celesteela|Leftovers|[from] move: Knock Off|[of] p2a: Tangrowth
|
|upkeep
|turn|12
|inactive|Xyllia has 60 seconds left.
|
|t:|1668176727
|switch|p2a: Cobalion|Cobalion|100/100
|move|p1a: Celesteela|Flamethrower|p2a: Cobalion
|-supereffective|p2a: Cobalion
|-damage|p2a: Cobalion|43/100
|-status|p2a: Cobalion|brn
|
|-damage|p2a: Cobalion|37/100 brn|[from] brn
|upkeep
|turn|13
|-message|Xyllia forfeited.
|
|win|Starvesoul
|n|☆Starvesoul|starvesoul
|n|☆Xyllia|xyllia
|n| PlasticPinnochio|plasticpinnochio
|n| akhenatten|akhenatten
|n|+Sulo|sulo
|n| Skyozo|skyozo
