|j|☆kindersurprise2 0
|j|☆WhatEver2102
|t:|1664395438
|gametype|singles
|player|p1|kindersurprise2 0|emmet|1468
|player|p2|WhatEver2102|veteran|1393
|teamsize|p1|6
|teamsize|p2|6
|gen|8
|tier|[Gen 8] UU
|rated|
|rule|Sleep Clause Mod: Limit one foe put to sleep
|rule|Species Clause: Limit one of each Pokémon
|rule|OHKO Clause: OHKO moves are banned
|rule|Evasion Items Clause: Evasion items are banned
|rule|Evasion Moves Clause: Evasion moves are banned
|rule|Endless Battle Clause: Forcing endless battles is banned
|rule|HP Percentage Mod: HP is shown in percentages
|rule|Dynamax Clause: You cannot dynamax
|clearpoke
|poke|p1|Slowbro-Galar, M|
|poke|p1|Zarude-Dada|
|poke|p1|Rotom-Wash|
|poke|p1|Moltres|
|poke|p1|Hippowdon, F|
|poke|p1|Celesteela|
|poke|p2|Crawdaunt, F|
|poke|p2|Salamence, M|
|poke|p2|Milotic, F|
|poke|p2|Jirachi|
|poke|p2|Registeel|
|poke|p2|Gardevoir, F|
|teampreview
|inactive|Battle timer is ON: inactive players will automatically lose when time's up. (requested by WhatEver2102)
|
|t:|1664395449
|start
|switch|p1a: Cabbage|Rotom-Wash|100/100
|switch|p2a: Jirachi|Jirachi|100/100
|turn|1
|
|t:|1664395459
|switch|p1a: Avocado|Moltres|100/100
|move|p2a: Jirachi|U-turn|p1a: Avocado
|-resisted|p1a: Avocado
|-damage|p1a: Avocado|95/100
|
|t:|1664395465
|switch|p2a: Milotic|Milotic, F|100/100|[from]move: U-turn
|
|-status|p2a: Milotic|brn|[from] item: Flame Orb
|upkeep
|turn|2
|
|t:|1664395474
|move|p1a: Avocado|U-turn|p2a: Milotic
|-damage|p2a: Milotic|93/100 brn
|
|t:|1664395481
|switch|p1a: Hax Attractor 3.0|Slowbro-Galar, M|100/100|[from]move: U-turn
|move|p2a: Milotic|Flip Turn|p1a: Hax Attractor 3.0
|-damage|p1a: Hax Attractor 3.0|95/100
|
|t:|1664395488
|switch|p2a: Crawdaunt|Crawdaunt, F|100/100|[from]move: Flip Turn
|
|upkeep
|turn|3
|inactive|kindersurprise2 0 has 120 seconds left.
|
|t:|1664395520
|switch|p1a: Cocoa|Hippowdon, F|100/100
|-weather|Sandstorm|[from] ability: Sand Stream|[of] p1a: Cocoa
|move|p2a: Crawdaunt|Switcheroo|p1a: Cocoa
|-activate|p2a: Crawdaunt|move: Trick|[of] p1a: Cocoa
|-item|p1a: Cocoa|Choice Band|[from] move: Switcheroo
|-item|p2a: Crawdaunt|Leftovers|[from] move: Switcheroo
|
|-weather|Sandstorm|[upkeep]
|-damage|p2a: Crawdaunt|94/100|[from] Sandstorm
|-heal|p2a: Crawdaunt|100/100|[from] item: Leftovers
|upkeep
|turn|4
|
|t:|1664395534
|switch|p2a: Milotic|Milotic, F|93/100 brn
|move|p1a: Cocoa|Earthquake|p2a: Milotic
|-damage|p2a: Milotic|66/100 brn
|
|-weather|Sandstorm|[upkeep]
|-damage|p2a: Milotic|60/100 brn|[from] Sandstorm
|-damage|p2a: Milotic|54/100 brn|[from] brn
|upkeep
|turn|5
|
|t:|1664395540
|switch|p1a: Hax Attractor 3.0|Slowbro-Galar, M|100/100
|move|p2a: Milotic|Flip Turn|p1a: Hax Attractor 3.0
|-damage|p1a: Hax Attractor 3.0|95/100
|
|t:|1664395546
|switch|p2a: Crawdaunt|Crawdaunt, F|100/100|[from]move: Flip Turn
|
|-weather|Sandstorm|[upkeep]
|-damage|p2a: Crawdaunt|94/100|[from] Sandstorm
|-damage|p1a: Hax Attractor 3.0|89/100|[from] Sandstorm
|-heal|p2a: Crawdaunt|100/100|[from] item: Leftovers
|upkeep
|turn|6
|
|t:|1664395552
|switch|p1a: Cocoa|Hippowdon, F|100/100
|move|p2a: Crawdaunt|Knock Off|p1a: Cocoa
|-damage|p1a: Cocoa|66/100
|-enditem|p1a: Cocoa|Choice Band|[from] move: Knock Off|[of] p2a: Crawdaunt
|
|-weather|Sandstorm|[upkeep]
|-damage|p2a: Crawdaunt|94/100|[from] Sandstorm
|-heal|p2a: Crawdaunt|100/100|[from] item: Leftovers
|upkeep
|turn|7
|
|t:|1664395561
|switch|p1a: Ermm|Zarude-Dada|100/100
|move|p2a: Crawdaunt|Aqua Jet|p1a: Ermm
|-resisted|p1a: Ermm
|-damage|p1a: Ermm|86/100
|
|-weather|none
|upkeep
|turn|8
|
|t:|1664395570
|switch|p2a: Registeel|Registeel|100/100
|move|p1a: Ermm|U-turn|p2a: Registeel
|-resisted|p2a: Registeel
|-damage|p2a: Registeel|90/100
|
|t:|1664395575
|switch|p1a: Cabbage|Rotom-Wash|100/100|[from]move: U-turn
|
|-heal|p2a: Registeel|96/100|[from] item: Leftovers
|upkeep
|turn|9
|
|t:|1664395581
|switch|p2a: Milotic|Milotic, F|54/100 brn
|move|p1a: Cabbage|Trick|p2a: Milotic
|-activate|p1a: Cabbage|move: Trick|[of] p2a: Milotic
|-item|p2a: Milotic|Choice Scarf|[from] move: Trick
|-item|p1a: Cabbage|Flame Orb|[from] move: Trick
|
|-damage|p2a: Milotic|48/100 brn|[from] brn
|-status|p1a: Cabbage|brn|[from] item: Flame Orb
|upkeep
|turn|10
|
|t:|1664395585
|move|p2a: Milotic|Recover|p2a: Milotic
|-heal|p2a: Milotic|98/100 brn
|move|p1a: Cabbage|Volt Switch|p2a: Milotic
|-supereffective|p2a: Milotic
|-damage|p2a: Milotic|57/100 brn
|
|t:|1664395595
|switch|p1a: Panda|Celesteela, shiny|100/100|[from]move: Volt Switch
|
|-damage|p2a: Milotic|50/100 brn|[from] brn
|upkeep
|turn|11
|
|t:|1664395616
|move|p2a: Milotic|Recover|p2a: Milotic
|-heal|p2a: Milotic|100/100 brn
|move|p1a: Panda|Autotomize|p1a: Panda
|-boost|p1a: Panda|spe|2
|-start|p1a: Panda|Autotomize
|
|-damage|p2a: Milotic|94/100 brn|[from] brn
|upkeep
|turn|12
|
|t:|1664395645
|switch|p2a: Registeel|Registeel|96/100
|move|p1a: Panda|Meteor Beam||[still]
|-prepare|p1a: Panda|Meteor Beam
|-boost|p1a: Panda|spa|1
|-enditem|p1a: Panda|Power Herb
|-anim|p1a: Panda|Meteor Beam|p2a: Registeel
|-resisted|p2a: Registeel
|-damage|p2a: Registeel|82/100
|
|-heal|p2a: Registeel|88/100|[from] item: Leftovers
|upkeep
|turn|13
|
|t:|1664395666
|move|p1a: Panda|Flamethrower|p2a: Registeel
|-supereffective|p2a: Registeel
|-damage|p2a: Registeel|46/100
|move|p2a: Registeel|Thunder Wave|p1a: Panda
|-status|p1a: Panda|par
|
|-heal|p2a: Registeel|52/100|[from] item: Leftovers
|upkeep
|turn|14
|
|t:|1664395676
|switch|p2a: Milotic|Milotic, F|94/100 brn
|cant|p1a: Panda|par
|
|-damage|p2a: Milotic|88/100 brn|[from] brn
|upkeep
|turn|15
|
|t:|1664395681
|move|p2a: Milotic|Flip Turn|p1a: Panda
|-damage|p1a: Panda|94/100 par
|
|t:|1664395699
|switch|p2a: Crawdaunt|Crawdaunt, F|100/100|[from]move: Flip Turn
|cant|p1a: Panda|par
|
|upkeep
|turn|16
|
|t:|1664395705
|cant|p1a: Panda|par
|move|p2a: Crawdaunt|Knock Off|p1a: Panda
|-damage|p1a: Panda|50/100 par
|
|upkeep
|turn|17
|
|t:|1664395710
|move|p1a: Panda|Air Slash|p2a: Crawdaunt
|-crit|p2a: Crawdaunt
|-damage|p2a: Crawdaunt|0 fnt
|faint|p2a: Crawdaunt
|-ability|p1a: Panda|Beast Boost|boost
|-boost|p1a: Panda|spa|1
|
|upkeep
|
|t:|1664395717
|switch|p2a: Gardevoir|Gardevoir, F|100/100
|-ability|p2a: Gardevoir|Beast Boost|[from] ability: Trace|[of] p1a: Panda
|turn|18
|c|☆kindersurprise2 0|unlucky
|
|t:|1664395729
|move|p2a: Gardevoir|Mystical Fire|p1a: Panda
|-supereffective|p1a: Panda
|-damage|p1a: Panda|0 fnt
|faint|p1a: Panda
|-ability|p2a: Gardevoir|Beast Boost|boost
|-boost|p2a: Gardevoir|spa|1
|
|upkeep
|
|t:|1664395734
|switch|p1a: Hax Attractor 3.0|Slowbro-Galar, M|100/100
|turn|19
|
|t:|1664395738
|switch|p2a: Registeel|Registeel|52/100
|move|p1a: Hax Attractor 3.0|Fire Blast|p2a: Registeel
|-supereffective|p2a: Registeel
|-damage|p2a: Registeel|22/100
|
|-heal|p2a: Registeel|28/100|[from] item: Leftovers
|upkeep
|turn|20
|
|t:|1664395745
|move|p2a: Registeel|Stealth Rock|p1a: Hax Attractor 3.0
|-sidestart|p1: kindersurprise2 0|move: Stealth Rock
|move|p1a: Hax Attractor 3.0|Fire Blast|p2a: Registeel
|-supereffective|p2a: Registeel
|-damage|p2a: Registeel|0 fnt
|faint|p2a: Registeel
|
|upkeep
|
|t:|1664395754
|switch|p2a: Milotic|Milotic, F|88/100 brn
|turn|21
|
|t:|1664395763
|move|p2a: Milotic|Flip Turn|p1a: Hax Attractor 3.0
|-damage|p1a: Hax Attractor 3.0|95/100
|
|t:|1664395766
|switch|p2a: Gardevoir|Gardevoir, F|100/100|[from]move: Flip Turn
|-ability|p2a: Gardevoir|Regenerator|[from] ability: Trace|[of] p1a: Hax Attractor 3.0
|move|p1a: Hax Attractor 3.0|Shell Side Arm|p2a: Gardevoir|[anim] Shell Side Arm Physical
|-supereffective|p2a: Gardevoir
|-damage|p2a: Gardevoir|0 fnt
|-hint|Physical Shell Side Arm
|faint|p2a: Gardevoir
|
|upkeep
|
|t:|1664395769
|switch|p2a: Salamence|Salamence, M|100/100
|turn|22
|
|t:|1664395777
|move|p2a: Salamence|Earthquake|p1a: Hax Attractor 3.0
|-supereffective|p1a: Hax Attractor 3.0
|-crit|p1a: Hax Attractor 3.0
|-damage|p1a: Hax Attractor 3.0|0 fnt
|faint|p1a: Hax Attractor 3.0
|-ability|p2a: Salamence|Moxie|boost
|-boost|p2a: Salamence|atk|1
|
|upkeep
|c|☆kindersurprise2 0|Yeah right
|c|☆kindersurprise2 0|Seems legit
|
|t:|1664395793
|switch|p1a: Cabbage|Rotom-Wash|100/100 brn
|-damage|p1a: Cabbage|88/100 brn|[from] Stealth Rock
|turn|23
|
|t:|1664395804
|move|p2a: Salamence|Dragon Claw|p1a: Cabbage
|-damage|p1a: Cabbage|11/100 brn
|move|p1a: Cabbage|Defog|p2a: Salamence
|-unboost|p2a: Salamence|evasion|1
|-sideend|p1: kindersurprise2 0|Stealth Rock|[from] move: Defog|[of] p1a: Cabbage
|
|-damage|p1a: Cabbage|5/100 brn|[from] brn
|upkeep
|turn|24
|
|t:|1664395813
|move|p2a: Salamence|Dragon Claw|p1a: Cabbage
|-damage|p1a: Cabbage|0 fnt
|faint|p1a: Cabbage
|-ability|p2a: Salamence|Moxie|boost
|-boost|p2a: Salamence|atk|1
|
|upkeep
|
|t:|1664395825
|switch|p1a: Cocoa|Hippowdon, F|66/100
|-weather|Sandstorm|[from] ability: Sand Stream|[of] p1a: Cocoa
|turn|25
|
|t:|1664395830
|move|p2a: Salamence|Dragon Claw|p1a: Cocoa
|-crit|p1a: Cocoa
|-damage|p1a: Cocoa|0 fnt
|faint|p1a: Cocoa
|-ability|p2a: Salamence|Moxie|boost
|-boost|p2a: Salamence|atk|1
|
|-weather|Sandstorm|[upkeep]
|-damage|p2a: Salamence|94/100|[from] Sandstorm
|upkeep
|c|☆kindersurprise2 0|HOW TF
|
|t:|1664395837
|switch|p1a: Ermm|Zarude-Dada|86/100
|turn|26
|
|t:|1664395840
|move|p1a: Ermm|Darkest Lariat|p2a: Salamence
|-crit|p2a: Salamence
|-damage|p2a: Salamence|0 fnt
|faint|p2a: Salamence
|
|-weather|Sandstorm|[upkeep]
|-damage|p1a: Ermm|80/100|[from] Sandstorm
|upkeep
|
|t:|1664395844
|switch|p2a: Milotic|Milotic, F|88/100 brn
|turn|27
|
|t:|1664395848
|switch|p1a: Avocado|Moltres|95/100
|move|p2a: Milotic|Toxic|p1a: Avocado
|-status|p1a: Avocado|tox
|
|-weather|Sandstorm|[upkeep]
|-damage|p1a: Avocado|89/100 tox|[from] Sandstorm
|-damage|p2a: Milotic|82/100 brn|[from] Sandstorm
|-damage|p1a: Avocado|83/100 tox|[from] psn
|-damage|p2a: Milotic|76/100 brn|[from] brn
|upkeep
|turn|28
|
|t:|1664395853
|move|p1a: Avocado|Mystical Fire|p2a: Milotic
|-resisted|p2a: Milotic
|-damage|p2a: Milotic|65/100 brn
|-unboost|p2a: Milotic|spa|1
|move|p2a: Milotic|Toxic|p1a: Avocado
|-fail|p1a: Avocado|tox
|
|-weather|Sandstorm|[upkeep]
|-damage|p1a: Avocado|77/100 tox|[from] Sandstorm
|-damage|p2a: Milotic|59/100 brn|[from] Sandstorm
|-damage|p1a: Avocado|64/100 tox|[from] psn
|-damage|p2a: Milotic|53/100 brn|[from] brn
|upkeep
|turn|29
|
|t:|1664395861
|move|p1a: Avocado|Mystical Fire|p2a: Milotic
|-resisted|p2a: Milotic
|-damage|p2a: Milotic|40/100 brn
|-unboost|p2a: Milotic|spa|1
|move|p2a: Milotic|Toxic|p1a: Avocado
|-fail|p1a: Avocado|tox
|
|-weather|none
|-damage|p1a: Avocado|46/100 tox|[from] psn
|-damage|p2a: Milotic|33/100 brn|[from] brn
|upkeep
|turn|30
|
|t:|1664395865
|move|p1a: Avocado|U-turn|p2a: Milotic
|-damage|p2a: Milotic|26/100 brn
|
|t:|1664395867
|switch|p1a: Ermm|Zarude-Dada|80/100|[from]move: U-turn
|move|p2a: Milotic|Toxic|p1a: Ermm
|-status|p1a: Ermm|tox
|
|-damage|p1a: Ermm|74/100 tox|[from] psn
|-damage|p2a: Milotic|20/100 brn|[from] brn
|upkeep
|turn|31
|
|t:|1664395882
|move|p1a: Ermm|Darkest Lariat|p2a: Milotic
|-damage|p2a: Milotic|0 fnt
|faint|p2a: Milotic
|
|-damage|p1a: Ermm|62/100 tox|[from] psn
|upkeep
|
|t:|1664395884
|switch|p2a: Jirachi|Jirachi|100/100
|turn|32
|
|t:|1664395891
|switch|p1a: Avocado|Moltres|46/100 tox
|move|p2a: Jirachi|U-turn|p1a: Avocado
|-resisted|p1a: Avocado
|-damage|p1a: Avocado|40/100 tox
|
|-damage|p1a: Avocado|34/100 tox|[from] psn
|upkeep
|turn|33
|
|t:|1664395897
|move|p2a: Jirachi|U-turn|p1a: Avocado
|-resisted|p1a: Avocado
|-damage|p1a: Avocado|30/100 tox
|-status|p2a: Jirachi|brn|[from] ability: Flame Body|[of] p1a: Avocado
|move|p1a: Avocado|Roost|p1a: Avocado
|-heal|p1a: Avocado|80/100 tox
|-singleturn|p1a: Avocado|move: Roost
|
|-damage|p1a: Avocado|67/100 tox|[from] psn
|-damage|p2a: Jirachi|94/100 brn|[from] brn
|upkeep
|turn|34
|
|t:|1664395900
|move|p2a: Jirachi|U-turn|p1a: Avocado
|-resisted|p1a: Avocado
|-damage|p1a: Avocado|65/100 tox
|move|p1a: Avocado|Mystical Fire|p2a: Jirachi
|-supereffective|p2a: Jirachi
|-damage|p2a: Jirachi|25/100 brn
|-unboost|p2a: Jirachi|spa|1
|
|-damage|p1a: Avocado|47/100 tox|[from] psn
|-damage|p2a: Jirachi|19/100 brn|[from] brn
|upkeep
|turn|35
|
|t:|1664395903
|move|p2a: Jirachi|U-turn|p1a: Avocado
|-resisted|p1a: Avocado
|-damage|p1a: Avocado|44/100 tox
|move|p1a: Avocado|Mystical Fire|p2a: Jirachi
|-supereffective|p2a: Jirachi
|-damage|p2a: Jirachi|0 fnt
|faint|p2a: Jirachi
|
|win|kindersurprise2 0
|raw|kindersurprise2 0's rating: 1468 &rarr; <strong>1484</strong><br />(+16 for winning)
|raw|WhatEver2102's rating: 1393 &rarr; <strong>1377</strong><br />(-16 for losing)
|c|☆kindersurprise2 0|GG
|l|☆WhatEver2102
