|j|☆kindersurprise2 0
|j|☆Queen of Bean ✿
|t:|1664103423
|gametype|singles
|player|p1|kindersurprise2 0|emmet|1446
|player|p2|Queen of Bean ✿|hexmaniac-gen6|1330
|teamsize|p1|6
|teamsize|p2|6
|gen|8
|tier|[Gen 8] UU
|rated|
|rule|Sleep Clause Mod: Limit one foe put to sleep
|rule|Species Clause: Limit one of each Pokémon
|rule|OHKO Clause: OHKO moves are banned
|rule|Evasion Items Clause: Evasion items are banned
|rule|Evasion Moves Clause: Evasion moves are banned
|rule|Endless Battle Clause: Forcing endless battles is banned
|rule|HP Percentage Mod: HP is shown in percentages
|rule|Dynamax Clause: You cannot dynamax
|clearpoke
|poke|p1|Torkoal, F|
|poke|p1|Venusaur, M|
|poke|p1|Heliolisk, M|
|poke|p1|Darmanitan, F|
|poke|p1|Primarina, M|
|poke|p1|Heracross, F|
|poke|p2|Raikou|
|poke|p2|Hippowdon, M|
|poke|p2|Keldeo-Resolute|
|poke|p2|Amoonguss, M|
|poke|p2|Salamence, F|
|poke|p2|Scizor, M|
|teampreview
|
|t:|1664103443
|start
|switch|p1a: Torkoal|Torkoal, F|100/100
|switch|p2a: Raikou|Raikou|100/100
|-weather|SunnyDay|[from] ability: Drought|[of] p1a: Torkoal
|turn|1
|
|t:|1664103456
|switch|p1a: Venusaur|Venusaur, M, shiny|100/100
|move|p2a: Raikou|Volt Switch|p1a: Venusaur
|-resisted|p1a: Venusaur
|-damage|p1a: Venusaur|82/100
|c|☆kindersurprise2 0|California Dreamin'
|c|☆kindersurprise2 0|On sutch a winter's day
|
|t:|1664103484
|switch|p2a: Hippowdon|Hippowdon, M|100/100|[from]move: Volt Switch
|-weather|Sandstorm|[from] ability: Sand Stream|[of] p2a: Hippowdon
|
|-weather|Sandstorm|[upkeep]
|-damage|p1a: Venusaur|76/100|[from] Sandstorm
|upkeep
|turn|2
|
|t:|1664103493
|switch|p1a: Torkoal|Torkoal, F|100/100
|-weather|SunnyDay|[from] ability: Drought|[of] p1a: Torkoal
|switch|p2a: Scizor|Scizor, M|100/100
|
|-weather|SunnyDay|[upkeep]
|upkeep
|turn|3
|
|t:|1664103501
|move|p2a: Scizor|U-turn|p1a: Torkoal
|-resisted|p1a: Torkoal
|-damage|p1a: Torkoal|89/100
|
|t:|1664103504
|switch|p2a: Hippowdon|Hippowdon, M|100/100|[from]move: U-turn
|-weather|Sandstorm|[from] ability: Sand Stream|[of] p2a: Hippowdon
|move|p1a: Torkoal|Lava Plume|p2a: Hippowdon
|-damage|p2a: Hippowdon|80/100
|
|-weather|Sandstorm|[upkeep]
|-damage|p1a: Torkoal|83/100|[from] Sandstorm
|upkeep
|turn|4
|
|t:|1664103516
|switch|p1a: Primarina|Primarina, M|100/100
|move|p2a: Hippowdon|Earthquake|p1a: Primarina
|-damage|p1a: Primarina|70/100
|
|-weather|Sandstorm|[upkeep]
|-damage|p1a: Primarina|64/100|[from] Sandstorm
|-heal|p1a: Primarina|70/100|[from] item: Leftovers
|upkeep
|turn|5
|
|t:|1664103525
|switch|p2a: Amoonguss|Amoonguss, M|100/100
|move|p1a: Primarina|Substitute|p1a: Primarina
|-start|p1a: Primarina|Substitute
|-damage|p1a: Primarina|46/100
|
|-weather|Sandstorm|[upkeep]
|-damage|p1a: Primarina|40/100|[from] Sandstorm
|-damage|p2a: Amoonguss|94/100|[from] Sandstorm
|-heal|p1a: Primarina|46/100|[from] item: Leftovers
|upkeep
|turn|6
|
|t:|1664103530
|move|p1a: Primarina|Calm Mind|p1a: Primarina
|-boost|p1a: Primarina|spa|1
|-boost|p1a: Primarina|spd|1
|move|p2a: Amoonguss|Giga Drain|p1a: Primarina
|-supereffective|p1a: Primarina
|-end|p1a: Primarina|Substitute
|-heal|p2a: Amoonguss|100/100|[from] drain|[of] p1a: Primarina
|
|-weather|Sandstorm|[upkeep]
|-damage|p1a: Primarina|40/100|[from] Sandstorm
|-damage|p2a: Amoonguss|94/100|[from] Sandstorm
|-heal|p1a: Primarina|46/100|[from] item: Leftovers
|upkeep
|turn|7
|
|t:|1664103537
|move|p1a: Primarina|Calm Mind|p1a: Primarina
|-boost|p1a: Primarina|spa|1
|-boost|p1a: Primarina|spd|1
|move|p2a: Amoonguss|Sludge Bomb|p1a: Primarina
|-supereffective|p1a: Primarina
|-damage|p1a: Primarina|23/100
|
|-weather|none
|-heal|p1a: Primarina|29/100|[from] item: Leftovers
|upkeep
|turn|8
|
|t:|1664103544
|move|p1a: Primarina|Substitute|p1a: Primarina
|-start|p1a: Primarina|Substitute
|-damage|p1a: Primarina|4/100
|move|p2a: Amoonguss|Sludge Bomb|p1a: Primarina
|-supereffective|p1a: Primarina
|-activate|p1a: Primarina|move: Substitute|[damage]
|
|-heal|p1a: Primarina|10/100|[from] item: Leftovers
|upkeep
|turn|9
|
|t:|1664103548
|move|p1a: Primarina|Draining Kiss|p2a: Amoonguss
|-resisted|p2a: Amoonguss
|-damage|p2a: Amoonguss|84/100
|-heal|p1a: Primarina|19/100|[from] drain|[of] p2a: Amoonguss
|move|p2a: Amoonguss|Sludge Bomb|p1a: Primarina
|-supereffective|p1a: Primarina
|-end|p1a: Primarina|Substitute
|
|-heal|p1a: Primarina|25/100|[from] item: Leftovers
|upkeep
|turn|10
|
|t:|1664103556
|move|p1a: Primarina|Substitute|p1a: Primarina
|-fail|p1a: Primarina|move: Substitute|[weak]
|move|p2a: Amoonguss|Sludge Bomb|p1a: Primarina
|-supereffective|p1a: Primarina
|-damage|p1a: Primarina|3/100
|
|-heal|p1a: Primarina|9/100|[from] item: Leftovers
|upkeep
|turn|11
|
|t:|1664103566
|switch|p1a: Torkoal|Torkoal, F|83/100
|-weather|SunnyDay|[from] ability: Drought|[of] p1a: Torkoal
|move|p2a: Amoonguss|Sludge Bomb|p1a: Torkoal
|-damage|p1a: Torkoal|49/100
|
|-weather|SunnyDay|[upkeep]
|upkeep
|turn|12
|
|t:|1664103569
|switch|p2a: Hippowdon|Hippowdon, M|80/100
|-weather|Sandstorm|[from] ability: Sand Stream|[of] p2a: Hippowdon
|move|p1a: Torkoal|Stealth Rock|p2a: Hippowdon
|-sidestart|p2: Queen of Bean ✿|move: Stealth Rock
|
|-weather|Sandstorm|[upkeep]
|-damage|p1a: Torkoal|43/100|[from] Sandstorm
|upkeep
|turn|13
|
|t:|1664103593
|move|p2a: Hippowdon|Earthquake|p1a: Torkoal
|-supereffective|p1a: Torkoal
|-damage|p1a: Torkoal|3/100
|move|p1a: Torkoal|Yawn|p2a: Hippowdon
|-start|p2a: Hippowdon|move: Yawn|[of] p1a: Torkoal
|
|-weather|Sandstorm|[upkeep]
|-damage|p1a: Torkoal|0 fnt|[from] Sandstorm
|faint|p1a: Torkoal
|upkeep
|
|t:|1664103607
|switch|p1a: Heliolisk|Heliolisk, M, shiny|100/100
|turn|14
|
|t:|1664103617
|switch|p2a: Amoonguss|Amoonguss, M|100/100
|-damage|p2a: Amoonguss|88/100|[from] Stealth Rock
|move|p1a: Heliolisk|Grass Knot|p2a: Amoonguss
|-resisted|p2a: Amoonguss
|-damage|p2a: Amoonguss|85/100
|
|-weather|Sandstorm|[upkeep]
|-damage|p1a: Heliolisk|94/100|[from] Sandstorm
|-damage|p2a: Amoonguss|79/100|[from] Sandstorm
|upkeep
|turn|15
|c|☆kindersurprise2 0|Bruh moments
|c|☆kindersurprise2 0|The last two actually lol
|
|t:|1664103642
|switch|p1a: Heracross|Heracross, F|100/100
|move|p2a: Amoonguss|Sludge Bomb|p1a: Heracross
|-damage|p1a: Heracross|67/100
|
|-weather|Sandstorm|[upkeep]
|-damage|p1a: Heracross|61/100|[from] Sandstorm
|-damage|p2a: Amoonguss|73/100|[from] Sandstorm
|-status|p1a: Heracross|brn|[from] item: Flame Orb
|upkeep
|turn|16
|c|☆Queen of Bean ✿|what was
|
|t:|1664103652
|switch|p2a: Salamence|Salamence, F|100/100
|-ability|p2a: Salamence|Intimidate|boost
|-unboost|p1a: Heracross|atk|1
|move|p1a: Heracross|Megahorn|p2a: Salamence
|-resisted|p2a: Salamence
|-damage|p2a: Salamence|78/100
|
|-weather|none
|-damage|p1a: Heracross|55/100 brn|[from] brn
|upkeep
|turn|17
|
|t:|1664103662
|switch|p1a: Primarina|Primarina, M|9/100
|move|p2a: Salamence|Dual Wingbeat|p1a: Primarina
|-damage|p1a: Primarina|0 fnt
|faint|p1a: Primarina
|-hitcount|p1: Primarina|1
|
|upkeep
|
|t:|1664103675
|switch|p1a: Heracross|Heracross, F|55/100 brn
|turn|18
|
|t:|1664103683
|move|p1a: Heracross|Knock Off|p2a: Salamence
|-damage|p2a: Salamence|42/100
|-enditem|p2a: Salamence|Heavy-Duty Boots|[from] move: Knock Off|[of] p1a: Heracross
|move|p2a: Salamence|Dual Wingbeat|p1a: Heracross
|-supereffective|p1a: Heracross
|-damage|p1a: Heracross|0 fnt
|faint|p1a: Heracross
|-hitcount|p1: Heracross|1
|
|upkeep
|-message|kindersurprise2 0 forfeited.
|
|win|Queen of Bean ✿
|raw|kindersurprise2 0's rating: 1446 &rarr; <strong>1420</strong><br />(-26 for losing)
|raw|Queen of Bean ✿'s rating: 1330 &rarr; <strong>1356</strong><br />(+26 for winning)
|l|☆kindersurprise2 0
||Ladder isn't responding, score probably updated but might not have (Request timeout).
