|j|☆big baz
|j|☆UUM3 Lahnnyy
|player|p1|big baz|ltsurge|1490
|player|p2|UUM3 Lahnnyy|1|1252
|teamsize|p1|6
|teamsize|p2|6
|gametype|singles
|gen|8
|tier|[Gen 8] UU
|rated|
|html|<div class="broadcast-red"><strong>UU is currently suspecting Mamoswine! For information on how to participate check out the <a href="https://www.smogon.com/forums/threads/3661513/">suspect thread</a>.</strong></div>
|clearpoke
|poke|p1|Chandelure, M|
|poke|p1|Sirfetch'd, F|
|poke|p1|Silvally-*|
|poke|p1|Cobalion|
|poke|p1|Umbreon, F|
|poke|p1|Vikavolt, M|
|poke|p2|Mamoswine, F|
|poke|p2|Celebi|
|poke|p2|Weezing-Galar, M|
|poke|p2|Cobalion|
|poke|p2|Golisopod, F|
|poke|p2|Flygon, F|
|rule|Sleep Clause Mod: Limit one foe put to sleep
|rule|Species Clause: Limit one of each Pokémon
|rule|OHKO Clause: OHKO moves are banned
|rule|Evasion Moves Clause: Evasion moves are banned
|rule|Endless Battle Clause: Forcing endless battles is banned
|rule|HP Percentage Mod: HP is shown in percentages
|rule|Dynamax Clause: You cannot dynamax
|teampreview
|j| Loza22
|j| ok du diest
|inactive|Battle timer is ON: inactive players will automatically lose when time's up. (requested by big baz)
|
|start
|switch|p1a: Vikavolt|Vikavolt, M|100/100
|switch|p2a: Mamoswine|Mamoswine, F, shiny|100/100
|turn|1
|
|move|p2a: Mamoswine|Icicle Crash|p1a: Vikavolt
|-damage|p1a: Vikavolt|21/100
|-damage|p2a: Mamoswine|91/100|[from] item: Life Orb
|cant|p1a: Vikavolt|flinch
|
|upkeep
|turn|2
|
|move|p2a: Mamoswine|Knock Off|p1a: Vikavolt
|-damage|p1a: Vikavolt|0 fnt
|-enditem|p1a: Vikavolt|Heavy-Duty Boots|[from] move: Knock Off|[of] p2a: Mamoswine
|-damage|p2a: Mamoswine|81/100|[from] item: Life Orb
|faint|p1a: Vikavolt
|
|upkeep
|
|switch|p1a: Cobalion|Cobalion|100/100
|turn|3
|
|move|p1a: Cobalion|Swords Dance|p1a: Cobalion
|-boost|p1a: Cobalion|atk|2
|move|p2a: Mamoswine|Earthquake|p1a: Cobalion
|-supereffective|p1a: Cobalion
|-enditem|p1a: Cobalion|Shuca Berry|[eat]
|-enditem|p1a: Cobalion|Shuca Berry|[weaken]
|-damage|p1a: Cobalion|38/100
|-damage|p2a: Mamoswine|71/100|[from] item: Life Orb
|
|upkeep
|turn|4
|l| Loza22
|inactive|UUM3 Lahnnyy has 120 seconds left.
|
|switch|p2a: Weezing|Weezing-Galar, M, shiny|100/100
|move|p1a: Cobalion|Iron Head|p2a: Weezing
|-supereffective|p2a: Weezing
|-damage|p2a: Weezing|17/100
|-damage|p1a: Cobalion|21/100|[from] item: Rocky Helmet|[of] p2a: Weezing
|
|upkeep
|turn|5
|l| ok du diest
|inactive|UUM3 Lahnnyy has 120 seconds left.
|
|move|p1a: Cobalion|Iron Head|p2a: Weezing
|-supereffective|p2a: Weezing
|-damage|p2a: Weezing|0 fnt
|-damage|p1a: Cobalion|5/100|[from] item: Rocky Helmet|[of] p2a: Weezing
|faint|p2a: Weezing
|
|upkeep
|j| ok du diest
|inactive|UUM3 Lahnnyy has 120 seconds left.
|
|switch|p2a: Mamoswine|Mamoswine, F, shiny|71/100
|turn|6
|
|switch|p1a: Chandelure|Chandelure, M|100/100
|move|p2a: Mamoswine|Ice Shard|p1a: Chandelure
|-resisted|p1a: Chandelure
|-damage|p1a: Chandelure|81/100
|-damage|p2a: Mamoswine|61/100|[from] item: Life Orb
|
|upkeep
|turn|7
|
|switch|p2a: Flygon|Flygon, F, shiny|100/100
|move|p1a: Chandelure|Overheat|p2a: Flygon
|-resisted|p2a: Flygon
|-damage|p2a: Flygon|54/100
|-unboost|p1a: Chandelure|spa|2
|
|upkeep
|turn|8
|
|switch|p1a: Cobalion|Cobalion|5/100
|move|p2a: Flygon|U-turn|p1a: Cobalion
|-resisted|p1a: Cobalion
|-damage|p1a: Cobalion|0 fnt
|faint|p1a: Cobalion
|
|switch|p2a: Cobalion|Cobalion, shiny|100/100|[from]move: U-turn
|
|upkeep
|
|switch|p1a: Chandelure|Chandelure, M|81/100
|turn|9
|
|move|p1a: Chandelure|Flamethrower|p2a: Cobalion
|-supereffective|p2a: Cobalion
|-damage|p2a: Cobalion|0 fnt
|faint|p2a: Cobalion
|
|upkeep
|
|switch|p2a: Golisopod|Golisopod, F, shiny|100/100
|turn|10
|
|move|p1a: Chandelure|Flamethrower|p2a: Golisopod
|-damage|p2a: Golisopod|32/100
|-activate|p2a: Golisopod|ability: Emergency Exit
|
|switch|p2a: Flygon|Flygon, F, shiny|54/100
|
|upkeep
|turn|11
|
|switch|p1a: Umbreon|Umbreon, F|100/100
|move|p2a: Flygon|Earthquake|p1a: Umbreon
|-damage|p1a: Umbreon|68/100
|
|-heal|p1a: Umbreon|74/100|[from] item: Leftovers
|upkeep
|turn|12
|
|switch|p2a: Celebi|Celebi, shiny|100/100
|move|p1a: Umbreon|Wish|p1a: Umbreon
|
|-heal|p1a: Umbreon|80/100|[from] item: Leftovers
|upkeep
|turn|13
|
|switch|p2a: Flygon|Flygon, F, shiny|54/100
|switch|p1a: Chandelure|Chandelure, M|81/100
|
|-heal|p1a: Chandelure|100/100|[from] move: Wish|[wisher] Umbreon
|upkeep
|turn|14
|
|switch|p1a: Silvally|Silvally-Fairy|100/100
|move|p2a: Flygon|U-turn|p1a: Silvally
|-resisted|p1a: Silvally
|-damage|p1a: Silvally|91/100
|
|switch|p2a: Mamoswine|Mamoswine, F, shiny|61/100|[from]move: U-turn
|
|upkeep
|turn|15
|
|move|p1a: Silvally|Multi-Attack|p2a: Mamoswine
|-damage|p2a: Mamoswine|14/100
|move|p2a: Mamoswine|Icicle Crash|p1a: Silvally
|-damage|p1a: Silvally|24/100
|-damage|p2a: Mamoswine|4/100|[from] item: Life Orb
|
|upkeep
|turn|16
|
|move|p2a: Mamoswine|Ice Shard|p1a: Silvally
|-damage|p1a: Silvally|0 fnt
|-damage|p2a: Mamoswine|0 fnt|[from] item: Life Orb
|faint|p1a: Silvally
|faint|p2a: Mamoswine
|
|upkeep
|
|switch|p1a: Sirfetch'd|Sirfetch'd, F|100/100
|switch|p2a: Flygon|Flygon, F, shiny|54/100
|turn|17
|
|move|p1a: Sirfetch'd|First Impression|p2a: Flygon
|-damage|p2a: Flygon|0 fnt
|faint|p2a: Flygon
|
|upkeep
|
|switch|p2a: Celebi|Celebi, shiny|100/100
|turn|18
|
|switch|p1a: Umbreon|Umbreon, F|80/100
|move|p2a: Celebi|Psychic|p1a: Umbreon
|-immune|p1a: Umbreon
|
|-heal|p1a: Umbreon|87/100|[from] item: Leftovers
|upkeep
|turn|19
|
|move|p2a: Celebi|Nasty Plot|p2a: Celebi
|-boost|p2a: Celebi|spa|2
|move|p1a: Umbreon|Foul Play|p2a: Celebi
|-supereffective|p2a: Celebi
|-damage|p2a: Celebi|51/100
|
|-heal|p2a: Celebi|57/100|[from] item: Leftovers
|-heal|p1a: Umbreon|93/100|[from] item: Leftovers
|upkeep
|turn|20
|
|move|p2a: Celebi|Nasty Plot|p2a: Celebi
|-boost|p2a: Celebi|spa|2
|move|p1a: Umbreon|Foul Play|p2a: Celebi
|-supereffective|p2a: Celebi
|-damage|p2a: Celebi|8/100
|
|-heal|p2a: Celebi|14/100|[from] item: Leftovers
|-heal|p1a: Umbreon|99/100|[from] item: Leftovers
|upkeep
|turn|21
|
|switch|p1a: Chandelure|Chandelure, M|100/100
|move|p2a: Celebi|Recover|p2a: Celebi
|-heal|p2a: Celebi|64/100
|
|-heal|p2a: Celebi|70/100|[from] item: Leftovers
|upkeep
|turn|22
|
|move|p1a: Chandelure|Flamethrower|p2a: Celebi
|-supereffective|p2a: Celebi
|-damage|p2a: Celebi|0 fnt
|faint|p2a: Celebi
|
|upkeep
|
|switch|p2a: Golisopod|Golisopod, F, shiny|32/100
|turn|23
|c|☆UUM3 Lahnnyy|die
|-message|UUM3 Lahnnyy forfeited.
|
|win|big baz
|l|☆UUM3 Lahnnyy
|l| ok du diest
|raw|big baz's rating: 1490 &rarr; <strong>1499</strong><br />(+9 for winning)
|raw|UUM3 Lahnnyy's rating: 1271 &rarr; <strong>1260</strong><br />(-11 for losing)
