|j|☆lanouille
|j|☆coupher
|t:|1612968586
|player|p1|lanouille|tuber|1428
|player|p2|coupher|acetrainer-gen4dp|1366
|teamsize|p1|6
|teamsize|p2|6
|gametype|singles
|gen|8
|tier|[Gen 8] UU
|rated|
|clearpoke
|poke|p1|Kommo-o, M|
|poke|p1|Incineroar, M|
|poke|p1|Ditto|
|poke|p1|Rotom-Heat|
|poke|p1|Nihilego|
|poke|p1|Jirachi|
|poke|p2|Amoonguss, M|
|poke|p2|Scizor, F|
|poke|p2|Nihilego|
|poke|p2|Mamoswine, M|
|poke|p2|Zeraora|
|poke|p2|Rotom-Wash|
|rule|Sleep Clause Mod: Limit one foe put to sleep
|rule|Species Clause: Limit one of each Pokémon
|rule|OHKO Clause: OHKO moves are banned
|rule|Evasion Moves Clause: Evasion moves are banned
|rule|Endless Battle Clause: Forcing endless battles is banned
|rule|HP Percentage Mod: HP is shown in percentages
|rule|Dynamax Clause: You cannot dynamax
|teampreview
|inactive|Battle timer is ON: inactive players will automatically lose when time's up. (requested by coupher)
|
|t:|1612968603
|start
|switch|p1a: Jirachi|Jirachi|100/100
|switch|p2a: Greenest|Mamoswine, M, shiny|100/100
|turn|1
|
|t:|1612968608
|move|p2a: Greenest|Earthquake|p1a: Jirachi
|-supereffective|p1a: Jirachi
|-damage|p1a: Jirachi|25/100
|move|p1a: Jirachi|Iron Head|p2a: Greenest
|-supereffective|p2a: Greenest
|-damage|p2a: Greenest|42/100
|
|-heal|p1a: Jirachi|31/100|[from] item: Leftovers
|upkeep
|turn|2
|
|t:|1612968616
|switch|p1a: Rotom|Rotom-Heat|100/100
|move|p2a: Greenest|Earthquake|p1a: Rotom
|-immune|p1a: Rotom|[from] ability: Levitate
|
|upkeep
|turn|3
|
|t:|1612968623
|switch|p2a: Emeraldgreen|Nihilego, shiny|100/100
|move|p1a: Rotom|Overheat|p2a: Emeraldgreen
|-resisted|p2a: Emeraldgreen
|-damage|p2a: Emeraldgreen|83/100
|-unboost|p1a: Rotom|spa|2
|
|upkeep
|turn|4
|
|t:|1612968641
|switch|p1a: Ditto|Ditto|100/100
|-transform|p1a: Ditto|p2a: Emeraldgreen|[from] ability: Imposter
|move|p2a: Emeraldgreen|Power Gem|p1a: Ditto
|-damage|p1a: Ditto|62/100
|
|upkeep
|turn|5
|
|t:|1612968654
|switch|p2a: Buggreen|Scizor, F, shiny|100/100
|move|p1a: Ditto|Psyshock|p2a: Buggreen
|-resisted|p2a: Buggreen
|-damage|p2a: Buggreen|86/100
|
|upkeep
|turn|6
|
|t:|1612968665
|switch|p1a: Incineroar|Incineroar, M|100/100
|-ability|p1a: Incineroar|Intimidate|boost
|-unboost|p2a: Buggreen|atk|1
|move|p2a: Buggreen|U-turn|p1a: Incineroar
|-damage|p1a: Incineroar|75/100
|
|t:|1612968671
|switch|p2a: Greenest|Mamoswine, M, shiny|42/100|[from]move: U-turn
|
|upkeep
|turn|7
|
|t:|1612968676
|switch|p1a: Rotom|Rotom-Heat|100/100
|move|p2a: Greenest|Stone Edge|p1a: Rotom
|-supereffective|p1a: Rotom
|-damage|p1a: Rotom|34/100
|
|upkeep
|turn|8
|
|t:|1612968682
|switch|p2a: Emeraldgreen|Nihilego, shiny|83/100
|move|p1a: Rotom|Overheat|p2a: Emeraldgreen
|-resisted|p2a: Emeraldgreen
|-damage|p2a: Emeraldgreen|64/100
|-unboost|p1a: Rotom|spa|2
|
|upkeep
|turn|9
|
|t:|1612968691
|move|p2a: Emeraldgreen|Power Gem|p1a: Rotom
|-supereffective|p1a: Rotom
|-damage|p1a: Rotom|0 fnt
|faint|p1a: Rotom
|-ability|p2a: Emeraldgreen|Beast Boost|boost
|-boost|p2a: Emeraldgreen|spa|1
|
|upkeep
|
|t:|1612968700
|switch|p1a: Ditto|Ditto|62/100
|-transform|p1a: Ditto|p2a: Emeraldgreen|[from] ability: Imposter
|turn|10
|
|t:|1612968713
|move|p1a: Ditto|Power Gem|p2a: Emeraldgreen
|-damage|p2a: Emeraldgreen|18/100
|move|p2a: Emeraldgreen|Power Gem|p1a: Ditto
|-crit|p1a: Ditto
|-damage|p1a: Ditto|0 fnt
|faint|p1a: Ditto
|-ability|p2a: Emeraldgreen|Beast Boost|boost
|-boost|p2a: Emeraldgreen|spa|1
|
|upkeep
|
|t:|1612968725
|switch|p1a: Nihilego|Nihilego|100/100
|turn|11
|
|t:|1612968742
|move|p2a: Emeraldgreen|Power Gem|p1a: Nihilego
|-damage|p1a: Nihilego|43/100
|move|p1a: Nihilego|Power Gem|p2a: Emeraldgreen
|-damage|p2a: Emeraldgreen|0 fnt
|faint|p2a: Emeraldgreen
|-ability|p1a: Nihilego|Beast Boost|boost
|-boost|p1a: Nihilego|spe|1
|
|upkeep
|
|t:|1612968749
|switch|p2a: Buggreen|Scizor, F, shiny|86/100
|turn|12
|
|t:|1612968755
|switch|p1a: Incineroar|Incineroar, M|75/100
|-ability|p1a: Incineroar|Intimidate|boost
|-unboost|p2a: Buggreen|atk|1
|move|p2a: Buggreen|Bullet Punch|p1a: Incineroar
|-resisted|p1a: Incineroar
|-damage|p1a: Incineroar|63/100
|
|upkeep
|turn|13
|
|t:|1612968771
|switch|p2a: Rotom|Rotom-Wash|100/100
|move|p1a: Incineroar|Knock Off|p2a: Rotom
|-damage|p2a: Rotom|57/100
|-enditem|p2a: Rotom|Heavy-Duty Boots|[from] move: Knock Off|[of] p1a: Incineroar
|
|upkeep
|turn|14
|
|t:|1612968780
|move|p2a: Rotom|Volt Switch|p1a: Incineroar
|-damage|p1a: Incineroar|45/100
|
|t:|1612968786
|switch|p2a: Buggreen|Scizor, F, shiny|86/100|[from]move: Volt Switch
|move|p1a: Incineroar|Parting Shot|p2a: Buggreen
|-unboost|p2a: Buggreen|atk|1
|-unboost|p2a: Buggreen|spa|1
|
|t:|1612968793
|switch|p1a: Kommo-o|Kommo-o, M|100/100|[from]move: Parting Shot
|
|upkeep
|turn|15
|
|t:|1612968800
|move|p1a: Kommo-o|Substitute|p1a: Kommo-o
|-start|p1a: Kommo-o|Substitute
|-damage|p1a: Kommo-o|76/100
|move|p2a: Buggreen|U-turn|p1a: Kommo-o
|-resisted|p1a: Kommo-o
|-activate|p1a: Kommo-o|move: Substitute|[damage]
|
|t:|1612968805
|switch|p2a: Mushgreen|Amoonguss, M, shiny|100/100|[from]move: U-turn
|
|-heal|p1a: Kommo-o|82/100|[from] item: Leftovers
|upkeep
|turn|16
|
|t:|1612968811
|move|p1a: Kommo-o|Clangorous Soul|p1a: Kommo-o
|-boost|p1a: Kommo-o|atk|1
|-boost|p1a: Kommo-o|def|1
|-boost|p1a: Kommo-o|spa|1
|-boost|p1a: Kommo-o|spd|1
|-boost|p1a: Kommo-o|spe|1
|-damage|p1a: Kommo-o|49/100
|move|p2a: Mushgreen|Sludge Bomb|p1a: Kommo-o
|-crit|p1a: Kommo-o
|-end|p1a: Kommo-o|Substitute
|
|-heal|p1a: Kommo-o|55/100|[from] item: Leftovers
|upkeep
|turn|17
|
|t:|1612968822
|move|p1a: Kommo-o|Substitute|p1a: Kommo-o
|-start|p1a: Kommo-o|Substitute
|-damage|p1a: Kommo-o|30/100
|move|p2a: Mushgreen|Sludge Bomb|p1a: Kommo-o
|-activate|p1a: Kommo-o|move: Substitute|[damage]
|
|-heal|p1a: Kommo-o|37/100|[from] item: Leftovers
|upkeep
|turn|18
|
|t:|1612968830
|move|p1a: Kommo-o|Drain Punch|p2a: Mushgreen
|-resisted|p2a: Mushgreen
|-damage|p2a: Mushgreen|83/100
|-heal|p1a: Kommo-o|50/100|[from] drain|[of] p2a: Mushgreen
|move|p2a: Mushgreen|Sludge Bomb|p1a: Kommo-o
|-end|p1a: Kommo-o|Substitute
|
|-heal|p1a: Kommo-o|56/100|[from] item: Leftovers
|-heal|p2a: Mushgreen|89/100|[from] item: Black Sludge
|upkeep
|turn|19
|
|t:|1612968853
|switch|p2a: Greenest|Mamoswine, M, shiny|42/100
|move|p1a: Kommo-o|Substitute|p1a: Kommo-o
|-start|p1a: Kommo-o|Substitute
|-damage|p1a: Kommo-o|31/100
|
|-heal|p1a: Kommo-o|37/100|[from] item: Leftovers
|upkeep
|turn|20
|
|t:|1612968860
|move|p2a: Greenest|Ice Shard|p1a: Kommo-o
|-supereffective|p1a: Kommo-o
|-end|p1a: Kommo-o|Substitute
|move|p1a: Kommo-o|Drain Punch|p2a: Greenest
|-supereffective|p2a: Greenest
|-damage|p2a: Greenest|0 fnt
|-heal|p1a: Kommo-o|63/100|[from] drain|[of] p2a: Greenest
|faint|p2a: Greenest
|
|-heal|p1a: Kommo-o|70/100|[from] item: Leftovers
|upkeep
|
|t:|1612968865
|switch|p2a: Lessgreen|Zeraora, shiny|100/100
|turn|21
|
|t:|1612968876
|move|p1a: Kommo-o|Drain Punch|p2a: Lessgreen
|-damage|p2a: Lessgreen|27/100
|-heal|p1a: Kommo-o|100/100|[from] drain|[of] p2a: Lessgreen
|move|p2a: Lessgreen|Bulk Up|p2a: Lessgreen
|-boost|p2a: Lessgreen|atk|1
|-boost|p2a: Lessgreen|def|1
|
|upkeep
|turn|22
|inactive|coupher has 120 seconds left.
|c|☆coupher|Balanced move, hope it gets BL'd
|-message|coupher forfeited.
|
|win|lanouille
|l|☆coupher
|c|☆lanouille|yes
||Ladder (probably) updated, but score could not be retrieved (Request timeout).
