|j|☆IAmJklol
|j|☆ihateDread
|t:|1667885574
|gametype|singles
|player|p1|IAmJklol|red|
|player|p2|ihateDread|n|
|teamsize|p1|6
|teamsize|p2|5
|gen|8
|tier|[Gen 8] UU
|rule|Sleep Clause Mod: Limit one foe put to sleep
|rule|Species Clause: Limit one of each Pokémon
|rule|OHKO Clause: OHKO moves are banned
|rule|Evasion Items Clause: Evasion items are banned
|rule|Evasion Moves Clause: Evasion moves are banned
|rule|Endless Battle Clause: Forcing endless battles is banned
|rule|HP Percentage Mod: HP is shown in percentages
|rule|Dynamax Clause: You cannot dynamax
|clearpoke
|poke|p1|Nihilego|
|poke|p1|Celesteela|
|poke|p1|Gyarados, F|
|poke|p1|Salamence, F|
|poke|p1|Chansey, F|
|poke|p1|Excadrill, F|
|poke|p2|Venusaur, F|
|poke|p2|Tapu Bulu|
|poke|p2|Jirachi|
|poke|p2|Torkoal, F|
|poke|p2|Chansey, F|
|teampreview
|inactive|Battle timer is ON: inactive players will automatically lose when time's up. (requested by IAmJklol)
|inactive|ihateDread also wants the timer to be on.
|c|☆IAmJklol|nice
|c|☆IAmJklol|team
|
|t:|1667885587
|start
|switch|p1a: Excadrill|Excadrill, F|100/100
|switch|p2a: Coaltor|Torkoal, F|100/100
|-ability|p1a: Excadrill|Mold Breaker
|-weather|SunnyDay|[from] ability: Drought|[of] p2a: Coaltor
|turn|1
|c|☆ihateDread|I can't use anything
|
|t:|1667885600
|move|p1a: Excadrill|Earthquake|p2a: Coaltor
|-supereffective|p2a: Coaltor
|-damage|p2a: Coaltor|37/100
|move|p2a: Coaltor|Stealth Rock|p1a: Excadrill
|-sidestart|p1: IAmJklol|move: Stealth Rock
|
|-weather|SunnyDay|[upkeep]
|upkeep
|turn|2
|
|t:|1667885605
|move|p1a: Excadrill|Earthquake|p2a: Coaltor
|-supereffective|p2a: Coaltor
|-damage|p2a: Coaltor|0 fnt
|faint|p2a: Coaltor
|
|-weather|SunnyDay|[upkeep]
|upkeep
|c|☆IAmJklol|nice rocks
|
|t:|1667885609
|switch|p2a: Sore|Venusaur, F|100/100
|turn|3
|
|t:|1667885623
|move|p2a: Sore|Growth|p2a: Sore
|-boost|p2a: Sore|atk|2
|-boost|p2a: Sore|spa|2
|move|p1a: Excadrill|Rapid Spin|p2a: Sore
|-damage|p2a: Sore|75/100
|-boost|p1a: Excadrill|spe|1
|-sideend|p1: IAmJklol|Stealth Rock|[from] move: Rapid Spin|[of] p1a: Excadrill
|
|-weather|SunnyDay|[upkeep]
|upkeep
|turn|4
|
|t:|1667885632
|move|p2a: Sore|Giga Drain|p1a: Excadrill
|-enditem|p1a: Excadrill|Focus Sash
|-damage|p1a: Excadrill|1/100
|-heal|p2a: Sore|100/100|[from] drain|[of] p1a: Excadrill
|-damage|p2a: Sore|91/100|[from] item: Life Orb
|move|p1a: Excadrill|Rapid Spin|p2a: Sore
|-damage|p2a: Sore|66/100
|-boost|p1a: Excadrill|spe|1
|
|-weather|SunnyDay|[upkeep]
|upkeep
|turn|5
|
|t:|1667885635
|move|p1a: Excadrill|Earthquake|p2a: Sore
|-damage|p2a: Sore|0 fnt
|faint|p2a: Sore
|
|-weather|SunnyDay|[upkeep]
|upkeep
|c|☆IAmJklol|oh wait I can do that
|c|☆ihateDread|I hate when
|
|t:|1667885645
|switch|p2a: Paper Doll Thing|Jirachi|100/100
|turn|6
|
|t:|1667885649
|move|p1a: Excadrill|Earthquake|p2a: Paper Doll Thing
|-supereffective|p2a: Paper Doll Thing
|-damage|p2a: Paper Doll Thing|0 fnt
|faint|p2a: Paper Doll Thing
|
|-weather|SunnyDay|[upkeep]
|upkeep
|
|t:|1667885651
|switch|p2a: Tapu Bullsh-|Tapu Bulu|100/100
|-fieldstart|move: Grassy Terrain|[from] ability: Grassy Surge|[of] p2a: Tapu Bullsh-
|turn|7
|c|☆IAmJklol|this is a suicide lead :/
|
|t:|1667885657
|move|p1a: Excadrill|Stealth Rock|p2a: Tapu Bullsh-
|-sidestart|p2: ihateDread|move: Stealth Rock
|move|p2a: Tapu Bullsh-|Swords Dance|p2a: Tapu Bullsh-
|-boost|p2a: Tapu Bullsh-|atk|2
|
|-weather|SunnyDay|[upkeep]
|-heal|p1a: Excadrill|7/100|[from] Grassy Terrain
|upkeep
|turn|8
|
|t:|1667885663
|move|p1a: Excadrill|Rock Tomb|p2a: Tapu Bullsh-
|-damage|p2a: Tapu Bullsh-|77/100
|-unboost|p2a: Tapu Bullsh-|spe|1
|move|p2a: Tapu Bullsh-|Horn Leech|p1a: Excadrill
|-damage|p1a: Excadrill|0 fnt
|-heal|p2a: Tapu Bullsh-|81/100|[from] drain|[of] p1a: Excadrill
|faint|p1a: Excadrill
|-damage|p2a: Tapu Bullsh-|71/100|[from] item: Life Orb
|
|-weather|none
|-heal|p2a: Tapu Bullsh-|77/100|[from] Grassy Terrain
|upkeep
|
|t:|1667885668
|switch|p1a: Salamence|Salamence, F|100/100
|-ability|p1a: Salamence|Intimidate|boost
|-unboost|p2a: Tapu Bullsh-|atk|1
|turn|9
|
|t:|1667885672
|move|p1a: Salamence|Dual Wingbeat|p2a: Tapu Bullsh-
|-supereffective|p2a: Tapu Bullsh-
|-damage|p2a: Tapu Bullsh-|36/100
|-supereffective|p2a: Tapu Bullsh-
|-damage|p2a: Tapu Bullsh-|0 fnt
|faint|p2a: Tapu Bullsh-
|-hitcount|p2: Tapu Bullsh-|2
|
|upkeep
|c|☆IAmJklol|can't even break sala
|
|t:|1667885675
|switch|p2a: Fat Egg|Chansey, F|100/100
|-damage|p2a: Fat Egg|88/100|[from] Stealth Rock
|turn|10
|
|t:|1667885681
|move|p1a: Salamence|Defog|p2a: Fat Egg
|-unboost|p2a: Fat Egg|evasion|1
|-sideend|p2: ihateDread|Stealth Rock|[from] move: Defog|[of] p1a: Salamence
|-fieldend|move: Grassy Terrain
|move|p2a: Fat Egg|Seismic Toss|p1a: Salamence
|-damage|p1a: Salamence|75/100
|
|upkeep
|turn|11
|c|☆IAmJklol|wtf no rck
|
|t:|1667885688
|switch|p1a: Celesteela|Celesteela|100/100
|move|p2a: Fat Egg|Seismic Toss|p1a: Celesteela
|-damage|p1a: Celesteela|71/100
|
|upkeep
|turn|12
|
|t:|1667885693
|move|p1a: Celesteela|Meteor Beam||[still]
|-prepare|p1a: Celesteela|Meteor Beam
|-boost|p1a: Celesteela|spa|1
|-enditem|p1a: Celesteela|Power Herb
|-anim|p1a: Celesteela|Meteor Beam|p2a: Fat Egg
|-damage|p2a: Fat Egg|69/100
|move|p2a: Fat Egg|Seismic Toss|p1a: Celesteela
|-damage|p1a: Celesteela|41/100
|
|upkeep
|turn|13
|c|☆IAmJklol|ow
|c|☆IAmJklol|wtf
|
|t:|1667885701
|move|p1a: Celesteela|Meteor Beam||[still]
|-prepare|p1a: Celesteela|Meteor Beam
|-boost|p1a: Celesteela|spa|1
|move|p2a: Fat Egg|Seismic Toss|p1a: Celesteela
|-damage|p1a: Celesteela|11/100
|
|upkeep
|turn|14
|
|t:|1667885706
|move|p1a: Celesteela|Meteor Beam|p2a: Fat Egg|[from]lockedmove
|-damage|p2a: Fat Egg|45/100
|move|p2a: Fat Egg|Seismic Toss|p1a: Celesteela
|-damage|p1a: Celesteela|0 fnt
|faint|p1a: Celesteela
|
|upkeep
|
|t:|1667885711
|switch|p1a: Nihilego|Nihilego|100/100
|turn|15
|c|☆ihateDread|I'm obese
|
|t:|1667885715
|move|p1a: Nihilego|Meteor Beam||[still]
|-prepare|p1a: Nihilego|Meteor Beam
|-boost|p1a: Nihilego|spa|1
|-enditem|p1a: Nihilego|Power Herb
|-anim|p1a: Nihilego|Meteor Beam|p2a: Fat Egg
|-crit|p2a: Fat Egg
|-damage|p2a: Fat Egg|8/100
|move|p2a: Fat Egg|Soft-Boiled|p2a: Fat Egg
|-heal|p2a: Fat Egg|58/100
|
|upkeep
|turn|16
|
|t:|1667885718
|move|p1a: Nihilego|Meteor Beam||[still]
|-prepare|p1a: Nihilego|Meteor Beam
|-boost|p1a: Nihilego|spa|1
|move|p2a: Fat Egg|Soft-Boiled|p2a: Fat Egg
|-heal|p2a: Fat Egg|100/100
|
|upkeep
|turn|17
|
|t:|1667885720
|move|p1a: Nihilego|Meteor Beam|p2a: Fat Egg|[from]lockedmove
|-damage|p2a: Fat Egg|63/100
|move|p2a: Fat Egg|Seismic Toss|p1a: Nihilego
|-damage|p1a: Nihilego|73/100
|
|upkeep
|turn|18
|c|☆IAmJklol|die?
|
|t:|1667885726
|move|p1a: Nihilego|Meteor Beam||[still]
|-prepare|p1a: Nihilego|Meteor Beam
|-boost|p1a: Nihilego|spa|1
|move|p2a: Fat Egg|Seismic Toss|p1a: Nihilego
|-damage|p1a: Nihilego|45/100
|
|upkeep
|turn|19
|
|t:|1667885728
|move|p1a: Nihilego|Meteor Beam|p2a: Fat Egg|[from]lockedmove
|-damage|p2a: Fat Egg|19/100
|move|p2a: Fat Egg|Seismic Toss|p1a: Nihilego
|-damage|p1a: Nihilego|17/100
|
|upkeep
|turn|20
|
|t:|1667885731
|move|p1a: Nihilego|Sludge Wave|p2a: Fat Egg
|-damage|p2a: Fat Egg|0 fnt
|faint|p2a: Fat Egg
|
|win|IAmJklol
|c|☆IAmJklol|yay
|l|☆IAmJklol
|c|☆ihateDread|lemme get a 6th
|l|☆ihateDread
|j|☆IAmJklol
|player|p1|IAmJklol|red
