|inactive|Battle timer is ON: inactive players will automatically lose when time's up.
|j|☆wlr carti✰
|j|☆Fly my Kite
|t:|1658594658
|gametype|singles
|player|p1|wlr carti✰|lucas|
|player|p2|Fly my Kite|battlegirl-gen4|
|teamsize|p1|6
|teamsize|p2|6
|gen|8
|tier|[Gen 8] UU
|rated|Tournament battle
|rule|Sleep Clause Mod: Limit one foe put to sleep
|rule|Species Clause: Limit one of each Pokémon
|rule|OHKO Clause: OHKO moves are banned
|rule|Evasion Moves Clause: Evasion moves are banned
|rule|Endless Battle Clause: Forcing endless battles is banned
|rule|HP Percentage Mod: HP is shown in percentages
|rule|Dynamax Clause: You cannot dynamax
|rule|Blitz: Super-fast timer
|clearpoke
|poke|p1|Excadrill, F|
|poke|p1|Celesteela|
|poke|p1|Scizor, F|
|poke|p1|Azelf|
|poke|p1|Keldeo-Resolute|
|poke|p1|Hippowdon, M|
|poke|p2|Excadrill, M|
|poke|p2|Celesteela|
|poke|p2|Gyarados, F|
|poke|p2|Scizor, F|
|poke|p2|Azelf|
|poke|p2|Keldeo-Resolute|
|teampreview
|inactive|wlr carti✰ also wants the timer to be on.
|c|☆wlr carti✰|Glhf
|
|t:|1658594666
|start
|switch|p1a: Hippowdon|Hippowdon, M|100/100
|switch|p2a: Excadrill|Excadrill, M|100/100
|-ability|p2a: Excadrill|Mold Breaker
|-weather|Sandstorm|[from] ability: Sand Stream|[of] p1a: Hippowdon
|turn|1
|c|☆Fly my Kite|u2
|
|t:|1658594669
|move|p2a: Excadrill|Stealth Rock|p1a: Hippowdon
|-sidestart|p1: wlr carti✰|move: Stealth Rock
|move|p1a: Hippowdon|Earthquake|p2a: Excadrill
|-supereffective|p2a: Excadrill
|-enditem|p2a: Excadrill|Focus Sash
|-damage|p2a: Excadrill|1/100
|
|-weather|Sandstorm|[upkeep]
|upkeep
|turn|2
|
|t:|1658594671
|move|p2a: Excadrill|Earthquake|p1a: Hippowdon
|-damage|p1a: Hippowdon|72/100
|move|p1a: Hippowdon|Stealth Rock|p2a: Excadrill
|-sidestart|p2: Fly my Kite|move: Stealth Rock
|
|-weather|Sandstorm|[upkeep]
|-heal|p1a: Hippowdon|79/100|[from] item: Leftovers
|upkeep
|turn|3
|
|t:|1658594673
|move|p2a: Excadrill|Rapid Spin|p1a: Hippowdon
|-crit|p1a: Hippowdon
|-damage|p1a: Hippowdon|63/100
|-boost|p2a: Excadrill|spe|1
|-sideend|p2: Fly my Kite|Stealth Rock|[from] move: Rapid Spin|[of] p2a: Excadrill
|move|p1a: Hippowdon|Earthquake|p2a: Excadrill
|-supereffective|p2a: Excadrill
|-damage|p2a: Excadrill|0 fnt
|faint|p2a: Excadrill
|
|-weather|Sandstorm|[upkeep]
|-heal|p1a: Hippowdon|70/100|[from] item: Leftovers
|upkeep
|
|t:|1658594676
|switch|p2a: Celesteela|Celesteela|100/100
|turn|4
|
|t:|1658594678
|move|p2a: Celesteela|Autotomize|p2a: Celesteela
|-boost|p2a: Celesteela|spe|2
|-start|p2a: Celesteela|Autotomize
|move|p1a: Hippowdon|Yawn|p2a: Celesteela
|-start|p2a: Celesteela|move: Yawn|[of] p1a: Hippowdon
|
|-weather|Sandstorm|[upkeep]
|-heal|p1a: Hippowdon|76/100|[from] item: Leftovers
|upkeep
|turn|5
|
|t:|1658594682
|switch|p2a: Gyarados|Gyarados, F|100/100
|move|p1a: Hippowdon|Stealth Rock|p2a: Gyarados
|-sidestart|p2: Fly my Kite|move: Stealth Rock
|
|-weather|none
|-heal|p1a: Hippowdon|82/100|[from] item: Leftovers
|upkeep
|turn|6
|
|t:|1658594685
|move|p2a: Gyarados|Dragon Dance|p2a: Gyarados
|-boost|p2a: Gyarados|atk|1
|-boost|p2a: Gyarados|spe|1
|move|p1a: Hippowdon|Yawn|p2a: Gyarados
|-start|p2a: Gyarados|move: Yawn|[of] p1a: Hippowdon
|
|-heal|p1a: Hippowdon|88/100|[from] item: Leftovers
|upkeep
|turn|7
|inactive|wlr carti✰ has 10 seconds left.
|inactive|Fly my Kite has 10 seconds left.
|
|t:|1658594691
|move|p2a: Gyarados|Waterfall|p1a: Hippowdon
|-supereffective|p1a: Hippowdon
|-damage|p1a: Hippowdon|9/100
|cant|p1a: Hippowdon|flinch
|
|-heal|p1a: Hippowdon|15/100|[from] item: Leftovers
|-end|p2a: Gyarados|move: Yawn|[silent]
|-status|p2a: Gyarados|slp
|upkeep
|turn|8
|inactive|wlr carti✰ has 10 seconds left.
|
|t:|1658594700
|switch|p2a: Celesteela|Celesteela|100/100
|-damage|p2a: Celesteela|88/100|[from] Stealth Rock
|switch|p1a: Excadrill|Excadrill, F|100/100
|-damage|p1a: Excadrill|97/100|[from] Stealth Rock
|
|upkeep
|turn|9
|
|t:|1658594702
|move|p1a: Excadrill|Rock Slide|p2a: Celesteela
|-damage|p2a: Celesteela|49/100
|-damage|p1a: Excadrill|87/100|[from] item: Life Orb
|move|p2a: Celesteela|Autotomize|p2a: Celesteela
|-boost|p2a: Celesteela|spe|2
|-start|p2a: Celesteela|Autotomize
|
|upkeep
|turn|10
|
|t:|1658594707
|switch|p1a: Keldeo|Keldeo-Resolute|100/100
|-damage|p1a: Keldeo|94/100|[from] Stealth Rock
|move|p2a: Celesteela|Fire Blast|p1a: Keldeo
|-resisted|p1a: Keldeo
|-damage|p1a: Keldeo|75/100
|
|-heal|p1a: Keldeo|81/100|[from] item: Leftovers
|upkeep
|turn|11
|
|t:|1658594711
|move|p2a: Celesteela|Air Slash|p1a: Keldeo
|-supereffective|p1a: Keldeo
|-damage|p1a: Keldeo|0 fnt
|faint|p1a: Keldeo
|-ability|p2a: Celesteela|Beast Boost|boost
|-boost|p2a: Celesteela|spa|1
|
|upkeep
|
|t:|1658594714
|switch|p1a: Celesteela|Celesteela|100/100
|-damage|p1a: Celesteela|88/100|[from] Stealth Rock
|turn|12
|
|t:|1658594716
|move|p2a: Celesteela|Fire Blast|p1a: Celesteela
|-supereffective|p1a: Celesteela
|-damage|p1a: Celesteela|0 fnt
|faint|p1a: Celesteela
|-ability|p2a: Celesteela|Beast Boost|boost
|-boost|p2a: Celesteela|spa|1
|
|upkeep
|
|t:|1658594721
|switch|p1a: Hippowdon|Hippowdon, M|15/100
|-damage|p1a: Hippowdon|9/100|[from] Stealth Rock
|-weather|Sandstorm|[from] ability: Sand Stream|[of] p1a: Hippowdon
|turn|13
|
|t:|1658594722
|move|p2a: Celesteela|Air Slash|p1a: Hippowdon
|-damage|p1a: Hippowdon|0 fnt
|faint|p1a: Hippowdon
|-ability|p2a: Celesteela|Beast Boost|boost
|-boost|p2a: Celesteela|spa|1
|
|-weather|Sandstorm|[upkeep]
|upkeep
|
|t:|1658594724
|switch|p1a: Excadrill|Excadrill, F|87/100
|-damage|p1a: Excadrill|84/100|[from] Stealth Rock
|turn|14
|
|t:|1658594725
|move|p1a: Excadrill|Rock Slide|p2a: Celesteela
|-damage|p2a: Celesteela|10/100
|-damage|p1a: Excadrill|74/100|[from] item: Life Orb
|move|p2a: Celesteela|Fire Blast|p1a: Excadrill
|-supereffective|p1a: Excadrill
|-damage|p1a: Excadrill|0 fnt
|faint|p1a: Excadrill
|-ability|p2a: Celesteela|Beast Boost|boost
|-boost|p2a: Celesteela|spa|1
|
|-weather|Sandstorm|[upkeep]
|upkeep
|
|t:|1658594727
|switch|p1a: Scizor|Scizor, F|100/100
|-damage|p1a: Scizor|88/100|[from] Stealth Rock
|turn|15
|
|t:|1658594729
|move|p1a: Scizor|Bullet Punch|p2a: Celesteela
|-resisted|p2a: Celesteela
|-damage|p2a: Celesteela|0 fnt
|faint|p2a: Celesteela
|-damage|p1a: Scizor|78/100|[from] item: Life Orb
|
|-weather|Sandstorm|[upkeep]
|upkeep
|
|t:|1658594731
|switch|p2a: Azelf|Azelf|100/100
|-damage|p2a: Azelf|88/100|[from] Stealth Rock
|turn|16
|
|t:|1658594733
|move|p2a: Azelf|Flamethrower|p1a: Scizor
|-supereffective|p1a: Scizor
|-damage|p1a: Scizor|0 fnt
|faint|p1a: Scizor
|
|-weather|Sandstorm|[upkeep]
|-damage|p2a: Azelf|82/100|[from] Sandstorm
|upkeep
|
|t:|1658594735
|switch|p1a: Azelf|Azelf|100/100
|-damage|p1a: Azelf|88/100|[from] Stealth Rock
|turn|17
|
|t:|1658594737
|move|p1a: Azelf|Psyshock|p2a: Azelf
|-resisted|p2a: Azelf
|-damage|p2a: Azelf|51/100
|move|p2a: Azelf|Flamethrower|p1a: Azelf
|-damage|p1a: Azelf|43/100
|
|-weather|none
|upkeep
|turn|18
|
|t:|1658594740
|move|p1a: Azelf|Flamethrower|p2a: Azelf
|-damage|p2a: Azelf|5/100
|move|p2a: Azelf|Flamethrower|p1a: Azelf
|-damage|p1a: Azelf|0 fnt
|faint|p1a: Azelf
|
|win|Fly my Kite
|n|☆wlr carti✰|wlrcarti
|n|☆Fly my Kite|flymykite
