|j|☆gijion chilli
|j|☆Ojnjub
|player|p1|gijion chilli|103|1336
|player|p2|Ojnjub|282|1267
|teamsize|p1|6
|teamsize|p2|6
|gametype|singles
|gen|8
|tier|[Gen 8] UU
|rated|
|clearpoke
|poke|p1|Machamp, M|
|poke|p1|Reuniclus, M|
|poke|p1|Noivern, M|
|poke|p1|Gigalith, F|
|poke|p1|Umbreon, M|
|poke|p1|Diggersby, M|
|poke|p2|Machamp, F|
|poke|p2|Tsareena, F|
|poke|p2|Weezing-Galar, F|
|poke|p2|Duraludon, M|
|poke|p2|Doublade, F|
|poke|p2|Umbreon, M|
|rule|Sleep Clause Mod: Limit one foe put to sleep
|rule|Species Clause: Limit one of each Pokémon
|rule|OHKO Clause: OHKO moves are banned
|rule|Evasion Moves Clause: Evasion moves are banned
|rule|Endless Battle Clause: Forcing endless battles is banned
|rule|HP Percentage Mod: HP is shown in percentages
|rule|Dynamax Clause: You cannot dynamax
|teampreview
|inactive|Battle timer is ON: inactive players will automatically lose when time's up. (requested by Ojnjub)
|
|start
|switch|p1a: Noivern|Noivern, M|100/100
|switch|p2a: Weezing|Weezing-Galar, F|100/100
|turn|1
|
|move|p1a: Noivern|Hurricane|p2a: Weezing|[miss]
|-miss|p1a: Noivern|p2a: Weezing
|move|p2a: Weezing|Strange Steam|p1a: Noivern
|-supereffective|p1a: Noivern
|-damage|p1a: Noivern|37/100
|
|upkeep
|turn|2
|
|switch|p1a: Reuniclus|Reuniclus, M|100/100
|switch|p2a: Umbreon|Umbreon, M|100/100
|
|upkeep
|turn|3
|
|switch|p1a: Noivern|Noivern, M|37/100
|move|p2a: Umbreon|Yawn|p1a: Noivern
|-start|p1a: Noivern|move: Yawn|[of] p2a: Umbreon
|
|upkeep
|turn|4
|
|switch|p1a: Machamp|Machamp, M|100/100
|move|p2a: Umbreon|Foul Play|p1a: Machamp
|-resisted|p1a: Machamp
|-damage|p1a: Machamp|66/100
|
|-status|p1a: Machamp|brn|[from] item: Flame Orb
|upkeep
|turn|5
|
|switch|p2a: Weezing|Weezing-Galar, F|100/100
|move|p1a: Machamp|Knock Off|p2a: Weezing
|-resisted|p2a: Weezing
|-damage|p2a: Weezing|83/100
|-enditem|p2a: Weezing|Black Sludge|[from] move: Knock Off|[of] p1a: Machamp
|
|-damage|p1a: Machamp|60/100 brn|[from] brn
|upkeep
|turn|6
|
|move|p1a: Machamp|Heavy Slam|p2a: Weezing
|-supereffective|p2a: Weezing
|-damage|p2a: Weezing|0 fnt
|faint|p2a: Weezing
|
|-damage|p1a: Machamp|53/100 brn|[from] brn
|upkeep
|
|switch|p2a: Tsareena|Tsareena, F|100/100
|turn|7
|
|switch|p1a: Noivern|Noivern, M|37/100
|move|p2a: Tsareena|Power Whip|p1a: Noivern
|-resisted|p1a: Noivern
|-damage|p1a: Noivern|18/100
|
|upkeep
|turn|8
|
|switch|p2a: Umbreon|Umbreon, M|100/100
|move|p1a: Noivern|Roost|p1a: Noivern
|-heal|p1a: Noivern|68/100
|-singleturn|p1a: Noivern|move: Roost
|
|upkeep
|turn|9
|
|switch|p1a: Gigalith|Gigalith, F|100/100
|-weather|Sandstorm|[from] ability: Sand Stream|[of] p1a: Gigalith
|move|p2a: Umbreon|Yawn|p1a: Gigalith
|-start|p1a: Gigalith|move: Yawn|[of] p2a: Umbreon
|
|-weather|Sandstorm|[upkeep]
|-damage|p2a: Umbreon|94/100|[from] Sandstorm
|-heal|p2a: Umbreon|100/100|[from] item: Leftovers
|upkeep
|turn|10
|
|move|p2a: Umbreon|Foul Play|p1a: Gigalith
|-damage|p1a: Gigalith|64/100
|move|p1a: Gigalith|Toxic|p2a: Umbreon
|-status|p2a: Umbreon|tox
|-activate|p2a: Umbreon|ability: Synchronize
|-status|p1a: Gigalith|tox
|
|-weather|Sandstorm|[upkeep]
|-damage|p2a: Umbreon|94/100 tox|[from] Sandstorm
|-heal|p2a: Umbreon|100/100 tox|[from] item: Leftovers
|-heal|p1a: Gigalith|70/100 tox|[from] item: Leftovers
|-damage|p2a: Umbreon|94/100 tox|[from] psn
|-damage|p1a: Gigalith|64/100 tox|[from] psn
|-end|p1a: Gigalith|move: Yawn|[silent]
|upkeep
|turn|11
|
|switch|p2a: Machamp|Machamp, F|100/100
|move|p1a: Gigalith|Stone Edge|p2a: Machamp
|-resisted|p2a: Machamp
|-crit|p2a: Machamp
|-damage|p2a: Machamp|52/100
|
|-weather|Sandstorm|[upkeep]
|-damage|p2a: Machamp|46/100|[from] Sandstorm
|-heal|p1a: Gigalith|70/100 tox|[from] item: Leftovers
|-damage|p1a: Gigalith|58/100 tox|[from] psn
|-status|p2a: Machamp|brn|[from] item: Flame Orb
|upkeep
|turn|12
|
|switch|p1a: Noivern|Noivern, M|68/100
|move|p2a: Machamp|Close Combat|p1a: Noivern
|-resisted|p1a: Noivern
|-damage|p1a: Noivern|10/100
|-unboost|p2a: Machamp|def|1
|-unboost|p2a: Machamp|spd|1
|
|-weather|Sandstorm|[upkeep]
|-damage|p1a: Noivern|4/100|[from] Sandstorm
|-damage|p2a: Machamp|40/100 brn|[from] Sandstorm
|-damage|p2a: Machamp|34/100 brn|[from] brn
|upkeep
|turn|13
|
|move|p1a: Noivern|Roost|p1a: Noivern
|-heal|p1a: Noivern|54/100
|-singleturn|p1a: Noivern|move: Roost
|move|p2a: Machamp|Facade|p1a: Noivern
|-damage|p1a: Noivern|0 fnt
|faint|p1a: Noivern
|
|-weather|none
|-damage|p2a: Machamp|28/100 brn|[from] brn
|upkeep
|
|switch|p1a: Diggersby|Diggersby, M|100/100
|turn|14
|
|move|p1a: Diggersby|U-turn|p2a: Machamp
|-resisted|p2a: Machamp
|-damage|p2a: Machamp|0 fnt
|faint|p2a: Machamp
|
|switch|p1a: Umbreon|Umbreon, M|100/100|[from]move: U-turn
|
|upkeep
|
|switch|p2a: Tsareena|Tsareena, F|100/100
|turn|15
|
|move|p1a: Umbreon|Protect|p1a: Umbreon
|-singleturn|p1a: Umbreon|Protect
|move|p2a: Tsareena|U-turn|p1a: Umbreon
|-activate|p1a: Umbreon|move: Protect
|
|upkeep
|turn|16
|
|move|p2a: Tsareena|High Jump Kick|p1a: Umbreon
|-supereffective|p1a: Umbreon
|-damage|p1a: Umbreon|24/100
|move|p1a: Umbreon|Wish|p1a: Umbreon
|
|-heal|p1a: Umbreon|30/100|[from] item: Leftovers
|upkeep
|turn|17
|
|move|p1a: Umbreon|Protect|p1a: Umbreon
|-singleturn|p1a: Umbreon|Protect
|move|p2a: Tsareena|U-turn|p1a: Umbreon
|-activate|p1a: Umbreon|move: Protect
|
|-heal|p1a: Umbreon|80/100|[from] move: Wish|[wisher] Umbreon
|-heal|p1a: Umbreon|86/100|[from] item: Leftovers
|upkeep
|turn|18
|
|switch|p1a: Reuniclus|Reuniclus, M|100/100
|move|p2a: Tsareena|U-turn|p1a: Reuniclus
|-supereffective|p1a: Reuniclus
|-damage|p1a: Reuniclus|53/100
|
|switch|p2a: Doublade|Doublade, F|100/100|[from]move: U-turn
|
|upkeep
|turn|19
|
|move|p2a: Doublade|Swords Dance|p2a: Doublade
|-boost|p2a: Doublade|atk|2
|move|p1a: Reuniclus|Shadow Ball|p2a: Doublade
|-supereffective|p2a: Doublade
|-damage|p2a: Doublade|38/100
|
|upkeep
|turn|20
|
|move|p2a: Doublade|Shadow Sneak|p1a: Reuniclus
|-supereffective|p1a: Reuniclus
|-damage|p1a: Reuniclus|0 fnt
|faint|p1a: Reuniclus
|
|upkeep
|
|switch|p1a: Diggersby|Diggersby, M|100/100
|turn|21
|
|move|p1a: Diggersby|Earthquake|p2a: Doublade
|-supereffective|p2a: Doublade
|-damage|p2a: Doublade|0 fnt
|faint|p2a: Doublade
|
|upkeep
|
|switch|p2a: Tsareena|Tsareena, F|100/100
|turn|22
|
|switch|p1a: Gigalith|Gigalith, F|58/100 tox
|-weather|Sandstorm|[from] ability: Sand Stream|[of] p1a: Gigalith
|move|p2a: Tsareena|Rapid Spin|p1a: Gigalith
|-resisted|p1a: Gigalith
|-damage|p1a: Gigalith|52/100 tox
|-boost|p2a: Tsareena|spe|1
|
|-weather|Sandstorm|[upkeep]
|-damage|p2a: Tsareena|95/100|[from] Sandstorm
|-heal|p1a: Gigalith|58/100 tox|[from] item: Leftovers
|-damage|p1a: Gigalith|52/100 tox|[from] psn
|upkeep
|turn|23
|
|move|p2a: Tsareena|Power Whip|p1a: Gigalith
|-supereffective|p1a: Gigalith
|-damage|p1a: Gigalith|0 fnt
|faint|p1a: Gigalith
|
|-weather|Sandstorm|[upkeep]
|-damage|p2a: Tsareena|89/100|[from] Sandstorm
|upkeep
|
|switch|p1a: Diggersby|Diggersby, M|100/100
|turn|24
|
|move|p1a: Diggersby|Fire Punch|p2a: Tsareena
|-supereffective|p2a: Tsareena
|-damage|p2a: Tsareena|16/100
|move|p2a: Tsareena|Power Whip|p1a: Diggersby
|-supereffective|p1a: Diggersby
|-crit|p1a: Diggersby
|-damage|p1a: Diggersby|0 fnt
|faint|p1a: Diggersby
|
|-weather|Sandstorm|[upkeep]
|-damage|p2a: Tsareena|10/100|[from] Sandstorm
|upkeep
|
|switch|p1a: Umbreon|Umbreon, M|86/100
|turn|25
|
|switch|p2a: Umbreon|Umbreon, M|94/100 tox
|move|p1a: Umbreon|Wish|p1a: Umbreon
|
|-weather|Sandstorm|[upkeep]
|-damage|p1a: Umbreon|80/100|[from] Sandstorm
|-damage|p2a: Umbreon|88/100 tox|[from] Sandstorm
|-heal|p1a: Umbreon|86/100|[from] item: Leftovers
|-heal|p2a: Umbreon|94/100 tox|[from] item: Leftovers
|-damage|p2a: Umbreon|88/100 tox|[from] psn
|upkeep
|turn|26
|
|move|p1a: Umbreon|Taunt|p2a: Umbreon
|-start|p2a: Umbreon|move: Taunt
|cant|p2a: Umbreon|move: Taunt|Yawn
|
|-weather|none
|-heal|p1a: Umbreon|100/100|[from] move: Wish|[wisher] Umbreon
|-heal|p2a: Umbreon|94/100 tox|[from] item: Leftovers
|-damage|p2a: Umbreon|82/100 tox|[from] psn
|upkeep
|turn|27
|
|switch|p2a: Duraludon|Duraludon, M|100/100
|move|p1a: Umbreon|Foul Play|p2a: Duraludon
|-damage|p2a: Duraludon|75/100
|
|-heal|p2a: Duraludon|81/100|[from] item: Leftovers
|upkeep
|turn|28
|
|move|p2a: Duraludon|Flash Cannon|p1a: Umbreon
|-damage|p1a: Umbreon|77/100
|move|p1a: Umbreon|Wish|p1a: Umbreon
|
|-heal|p2a: Duraludon|87/100|[from] item: Leftovers
|-heal|p1a: Umbreon|83/100|[from] item: Leftovers
|upkeep
|turn|29
|
|move|p2a: Duraludon|Flash Cannon|p1a: Umbreon
|-damage|p1a: Umbreon|58/100
|move|p1a: Umbreon|Foul Play|p2a: Duraludon
|-damage|p2a: Duraludon|60/100
|
|-heal|p1a: Umbreon|100/100|[from] move: Wish|[wisher] Umbreon
|-heal|p2a: Duraludon|66/100|[from] item: Leftovers
|upkeep
|turn|30
|
|move|p2a: Duraludon|Flash Cannon|p1a: Umbreon
|-damage|p1a: Umbreon|78/100
|move|p1a: Umbreon|Foul Play|p2a: Duraludon
|-crit|p2a: Duraludon
|-damage|p2a: Duraludon|26/100
|
|-heal|p2a: Duraludon|32/100|[from] item: Leftovers
|-heal|p1a: Umbreon|84/100|[from] item: Leftovers
|upkeep
|turn|31
|
|move|p2a: Duraludon|Flash Cannon|p1a: Umbreon
|-damage|p1a: Umbreon|62/100
|move|p1a: Umbreon|Wish|p1a: Umbreon
|
|-heal|p2a: Duraludon|38/100|[from] item: Leftovers
|-heal|p1a: Umbreon|68/100|[from] item: Leftovers
|upkeep
|turn|32
|
|move|p2a: Duraludon|Draco Meteor|p1a: Umbreon
|-damage|p1a: Umbreon|34/100
|-unboost|p2a: Duraludon|spa|2
|move|p1a: Umbreon|Foul Play|p2a: Duraludon
|-damage|p2a: Duraludon|12/100
|
|-heal|p1a: Umbreon|84/100|[from] move: Wish|[wisher] Umbreon
|-heal|p2a: Duraludon|18/100|[from] item: Leftovers
|-heal|p1a: Umbreon|90/100|[from] item: Leftovers
|upkeep
|turn|33
|
|move|p2a: Duraludon|Stealth Rock|p1a: Umbreon
|-sidestart|p1: gijion chilli|move: Stealth Rock
|move|p1a: Umbreon|Wish|p1a: Umbreon
|
|-heal|p2a: Duraludon|24/100|[from] item: Leftovers
|-heal|p1a: Umbreon|96/100|[from] item: Leftovers
|upkeep
|turn|34
|
|move|p2a: Duraludon|Draco Meteor|p1a: Umbreon
|-damage|p1a: Umbreon|76/100
|-unboost|p2a: Duraludon|spa|2
|move|p1a: Umbreon|Foul Play|p2a: Duraludon
|-damage|p2a: Duraludon|0 fnt
|faint|p2a: Duraludon
|
|-heal|p1a: Umbreon|100/100|[from] move: Wish|[wisher] Umbreon
|upkeep
|
|switch|p2a: Tsareena|Tsareena, F|10/100
|turn|35
|
|move|p2a: Tsareena|Power Whip|p1a: Umbreon|[miss]
|-miss|p2a: Tsareena|p1a: Umbreon
|move|p1a: Umbreon|Foul Play|p2a: Tsareena
|-damage|p2a: Tsareena|0 fnt
|faint|p2a: Tsareena
|
|upkeep
|-message|Ojnjub forfeited.
|
|win|gijion chilli
|l|☆Ojnjub
