|j|☆Yeyeyex
|j|☆Trogba Trogba
|player|p1|Yeyeyex|roxie|1538
|player|p2|Trogba Trogba|lance|1574
|teamsize|p1|6
|teamsize|p2|6
|gametype|singles
|gen|8
|tier|[Gen 8] UU
|rated|
|clearpoke
|poke|p1|Starmie|
|poke|p1|Kyurem|
|poke|p1|Mimikyu, F|
|poke|p1|Skarmory, M|
|poke|p1|Krookodile, M|
|poke|p1|Toxtricity, M|
|poke|p2|Blissey, F|
|poke|p2|Tyranitar, F|
|poke|p2|Rotom-Wash|
|poke|p2|Jirachi|
|poke|p2|Skarmory, M|
|poke|p2|Keldeo-Resolute|
|rule|Sleep Clause Mod: Limit one foe put to sleep
|rule|Species Clause: Limit one of each Pokémon
|rule|OHKO Clause: OHKO moves are banned
|rule|Evasion Moves Clause: Evasion moves are banned
|rule|Endless Battle Clause: Forcing endless battles is banned
|rule|HP Percentage Mod: HP is shown in percentages
|rule|Dynamax Clause: You cannot dynamax
|teampreview
|
|start
|switch|p1a: Starmie|Starmie|100/100
|switch|p2a: Jirachi|Jirachi|100/100
|turn|1
|
|move|p2a: Jirachi|U-turn|p1a: Starmie
|-supereffective|p1a: Starmie
|-damage|p1a: Starmie|41/100
|inactive|Battle timer is ON: inactive players will automatically lose when time's up. (requested by Yeyeyex)
|
|switch|p2a: Blissey|Blissey, F|100/100|[from]move: U-turn
|move|p1a: Starmie|Hydro Pump|p2a: Blissey
|-crit|p2a: Blissey
|-damage|p2a: Blissey|55/100
|-damage|p1a: Starmie|32/100|[from] item: Life Orb
|
|-heal|p2a: Blissey|61/100|[from] item: Leftovers
|upkeep
|turn|2
|
|move|p1a: Starmie|Psyshock|p2a: Blissey
|-damage|p2a: Blissey|23/100
|-damage|p1a: Starmie|22/100|[from] item: Life Orb
|move|p2a: Blissey|Toxic|p1a: Starmie
|-status|p1a: Starmie|tox
|
|-heal|p2a: Blissey|29/100|[from] item: Leftovers
|-damage|p1a: Starmie|15/100 tox|[from] psn
|upkeep
|turn|3
|
|move|p2a: Blissey|Protect|p2a: Blissey
|-singleturn|p2a: Blissey|Protect
|move|p1a: Starmie|Hydro Pump|p2a: Blissey
|-activate|p2a: Blissey|move: Protect
|
|-heal|p2a: Blissey|35/100|[from] item: Leftovers
|-damage|p1a: Starmie|3/100 tox|[from] psn
|upkeep
|turn|4
|
|switch|p2a: Tyranitar|Tyranitar, F|100/100
|-weather|Sandstorm|[from] ability: Sand Stream|[of] p2a: Tyranitar
|move|p1a: Starmie|Psyshock|p2a: Tyranitar
|-immune|p2a: Tyranitar
|
|-weather|Sandstorm|[upkeep]
|-damage|p1a: Starmie|0 fnt|[from] Sandstorm
|faint|p1a: Starmie
|upkeep
|
|switch|p1a: Skarmory|Skarmory, M|100/100
|turn|5
|
|switch|p2a: Rotom|Rotom-Wash|100/100
|move|p1a: Skarmory|Stealth Rock|p2a: Rotom
|-sidestart|p2: Trogba Trogba|move: Stealth Rock
|
|-weather|Sandstorm|[upkeep]
|-damage|p2a: Rotom|95/100|[from] Sandstorm
|-heal|p2a: Rotom|100/100|[from] item: Leftovers
|upkeep
|turn|6
|
|switch|p1a: Kyurem|Kyurem|100/100
|-ability|p1a: Kyurem|Pressure
|move|p2a: Rotom|Defog|p1a: Kyurem
|-unboost|p1a: Kyurem|evasion|1
|-sideend|p2: Trogba Trogba|Stealth Rock|[from] move: Defog|[of] p2a: Rotom
|
|-weather|Sandstorm|[upkeep]
|-damage|p1a: Kyurem|94/100|[from] Sandstorm
|-damage|p2a: Rotom|95/100|[from] Sandstorm
|-heal|p1a: Kyurem|100/100|[from] item: Leftovers
|-heal|p2a: Rotom|100/100|[from] item: Leftovers
|upkeep
|turn|7
|
|switch|p2a: Tyranitar|Tyranitar, F|100/100
|move|p1a: Kyurem|Substitute|p1a: Kyurem
|-start|p1a: Kyurem|Substitute
|-damage|p1a: Kyurem|75/100
|
|-weather|Sandstorm|[upkeep]
|-damage|p1a: Kyurem|69/100|[from] Sandstorm
|-heal|p1a: Kyurem|75/100|[from] item: Leftovers
|upkeep
|turn|8
|
|move|p1a: Kyurem|Earth Power|p2a: Tyranitar
|-supereffective|p2a: Tyranitar
|-damage|p2a: Tyranitar|58/100
|move|p2a: Tyranitar|Crunch|p1a: Kyurem
|-end|p1a: Kyurem|Substitute
|
|-weather|none
|-heal|p1a: Kyurem|82/100|[from] item: Leftovers
|upkeep
|turn|9
|
|switch|p2a: Blissey|Blissey, F|35/100
|move|p1a: Kyurem|Earth Power|p2a: Blissey
|-damage|p2a: Blissey|24/100
|
|-heal|p1a: Kyurem|88/100|[from] item: Leftovers
|-heal|p2a: Blissey|31/100|[from] item: Leftovers
|upkeep
|turn|10
|
|switch|p1a: Krookodile|Krookodile, M|100/100
|move|p2a: Blissey|Soft-Boiled|p2a: Blissey
|-heal|p2a: Blissey|81/100
|
|-heal|p2a: Blissey|87/100|[from] item: Leftovers
|upkeep
|turn|11
|
|switch|p2a: Keldeo|Keldeo-Resolute|100/100
|move|p1a: Krookodile|Knock Off|p2a: Keldeo
|-resisted|p2a: Keldeo
|-damage|p2a: Keldeo|73/100
|-ability|p2a: Keldeo|Justified|boost
|-boost|p2a: Keldeo|atk|1
|-enditem|p2a: Keldeo|Leftovers|[from] move: Knock Off|[of] p1a: Krookodile
|
|upkeep
|turn|12
|
|switch|p1a: Toxtricity|Toxtricity, M|100/100
|move|p2a: Keldeo|Substitute|p2a: Keldeo
|-start|p2a: Keldeo|Substitute
|-damage|p2a: Keldeo|48/100
|
|upkeep
|turn|13
|
|move|p2a: Keldeo|Scald|p1a: Toxtricity
|-damage|p1a: Toxtricity|35/100
|move|p1a: Toxtricity|Overdrive|p2a: Keldeo
|-supereffective|p2a: Keldeo
|-damage|p2a: Keldeo|0 fnt
|-enditem|p1a: Toxtricity|Throat Spray
|-boost|p1a: Toxtricity|spa|1|[from] item: Throat Spray
|faint|p2a: Keldeo
|
|upkeep
|
|switch|p2a: Jirachi|Jirachi|100/100
|turn|14
|
|move|p2a: Jirachi|Iron Head|p1a: Toxtricity
|-resisted|p1a: Toxtricity
|-damage|p1a: Toxtricity|7/100
|cant|p1a: Toxtricity|flinch
|
|upkeep
|turn|15
|
|move|p2a: Jirachi|Iron Head|p1a: Toxtricity
|-resisted|p1a: Toxtricity
|-damage|p1a: Toxtricity|0 fnt
|faint|p1a: Toxtricity
|
|upkeep
|
|switch|p1a: Skarmory|Skarmory, M|100/100
|turn|16
|
|switch|p2a: Rotom|Rotom-Wash|100/100
|switch|p1a: Kyurem|Kyurem|88/100
|-ability|p1a: Kyurem|Pressure
|
|-heal|p1a: Kyurem|94/100|[from] item: Leftovers
|upkeep
|turn|17
|
|switch|p2a: Blissey|Blissey, F|87/100
|move|p1a: Kyurem|Substitute|p1a: Kyurem
|-start|p1a: Kyurem|Substitute
|-damage|p1a: Kyurem|69/100
|
|-heal|p1a: Kyurem|75/100|[from] item: Leftovers
|-heal|p2a: Blissey|93/100|[from] item: Leftovers
|upkeep
|turn|18
|j| Lea22
|
|move|p1a: Kyurem|Earth Power|p2a: Blissey
|-damage|p2a: Blissey|81/100
|move|p2a: Blissey|Seismic Toss|p1a: Kyurem
|-activate|p1a: Kyurem|move: Substitute|[damage]
|
|-heal|p1a: Kyurem|81/100|[from] item: Leftovers
|-heal|p2a: Blissey|87/100|[from] item: Leftovers
|upkeep
|turn|19
|
|move|p1a: Kyurem|Earth Power|p2a: Blissey
|-damage|p2a: Blissey|77/100
|move|p2a: Blissey|Seismic Toss|p1a: Kyurem
|-end|p1a: Kyurem|Substitute
|
|-heal|p1a: Kyurem|88/100|[from] item: Leftovers
|-heal|p2a: Blissey|83/100|[from] item: Leftovers
|upkeep
|turn|20
|
|move|p1a: Kyurem|Substitute|p1a: Kyurem
|-start|p1a: Kyurem|Substitute
|-damage|p1a: Kyurem|63/100
|move|p2a: Blissey|Seismic Toss|p1a: Kyurem
|-activate|p1a: Kyurem|move: Substitute|[damage]
|
|-heal|p1a: Kyurem|69/100|[from] item: Leftovers
|-heal|p2a: Blissey|89/100|[from] item: Leftovers
|upkeep
|turn|21
|
|move|p1a: Kyurem|Earth Power|p2a: Blissey
|-damage|p2a: Blissey|79/100
|move|p2a: Blissey|Seismic Toss|p1a: Kyurem
|-end|p1a: Kyurem|Substitute
|
|-heal|p1a: Kyurem|75/100|[from] item: Leftovers
|-heal|p2a: Blissey|85/100|[from] item: Leftovers
|upkeep
|turn|22
|
|move|p1a: Kyurem|Substitute|p1a: Kyurem
|-start|p1a: Kyurem|Substitute
|-damage|p1a: Kyurem|50/100
|move|p2a: Blissey|Seismic Toss|p1a: Kyurem
|-activate|p1a: Kyurem|move: Substitute|[damage]
|
|-heal|p1a: Kyurem|56/100|[from] item: Leftovers
|-heal|p2a: Blissey|91/100|[from] item: Leftovers
|upkeep
|turn|23
|
|move|p1a: Kyurem|Roost|p1a: Kyurem
|-heal|p1a: Kyurem|100/100
|-singleturn|p1a: Kyurem|move: Roost
|move|p2a: Blissey|Seismic Toss|p1a: Kyurem
|-end|p1a: Kyurem|Substitute
|
|-heal|p2a: Blissey|97/100|[from] item: Leftovers
|upkeep
|turn|24
|
|move|p1a: Kyurem|Substitute|p1a: Kyurem
|-start|p1a: Kyurem|Substitute
|-damage|p1a: Kyurem|75/100
|move|p2a: Blissey|Seismic Toss|p1a: Kyurem
|-activate|p1a: Kyurem|move: Substitute|[damage]
|
|-heal|p1a: Kyurem|82/100|[from] item: Leftovers
|-heal|p2a: Blissey|100/100|[from] item: Leftovers
|upkeep
|turn|25
|
|move|p1a: Kyurem|Ice Beam|p2a: Blissey
|-damage|p2a: Blissey|84/100
|move|p2a: Blissey|Seismic Toss|p1a: Kyurem
|-end|p1a: Kyurem|Substitute
|
|-heal|p1a: Kyurem|88/100|[from] item: Leftovers
|-heal|p2a: Blissey|90/100|[from] item: Leftovers
|upkeep
|turn|26
|
|move|p1a: Kyurem|Substitute|p1a: Kyurem
|-start|p1a: Kyurem|Substitute
|-damage|p1a: Kyurem|63/100
|move|p2a: Blissey|Seismic Toss|p1a: Kyurem
|-activate|p1a: Kyurem|move: Substitute|[damage]
|
|-heal|p1a: Kyurem|69/100|[from] item: Leftovers
|-heal|p2a: Blissey|96/100|[from] item: Leftovers
|upkeep
|turn|27
|
|move|p1a: Kyurem|Ice Beam|p2a: Blissey
|-damage|p2a: Blissey|80/100
|move|p2a: Blissey|Seismic Toss|p1a: Kyurem
|-end|p1a: Kyurem|Substitute
|
|-heal|p1a: Kyurem|75/100|[from] item: Leftovers
|-heal|p2a: Blissey|86/100|[from] item: Leftovers
|upkeep
|turn|28
|
|move|p1a: Kyurem|Substitute|p1a: Kyurem
|-start|p1a: Kyurem|Substitute
|-damage|p1a: Kyurem|50/100
|move|p2a: Blissey|Seismic Toss|p1a: Kyurem
|-activate|p1a: Kyurem|move: Substitute|[damage]
|
|-heal|p1a: Kyurem|56/100|[from] item: Leftovers
|-heal|p2a: Blissey|93/100|[from] item: Leftovers
|upkeep
|turn|29
|
|switch|p2a: Jirachi|Jirachi|100/100
|move|p1a: Kyurem|Ice Beam|p2a: Jirachi
|-resisted|p2a: Jirachi
|-damage|p2a: Jirachi|79/100
|-status|p2a: Jirachi|frz
|
|-heal|p1a: Kyurem|63/100|[from] item: Leftovers
|upkeep
|turn|30
|c|☆Trogba Trogba|K
|
|cant|p2a: Jirachi|frz
|move|p1a: Kyurem|Earth Power|p2a: Jirachi
|-supereffective|p2a: Jirachi
|-damage|p2a: Jirachi|20/100 frz
|
|-heal|p1a: Kyurem|69/100|[from] item: Leftovers
|upkeep
|turn|31
|
|cant|p2a: Jirachi|frz
|move|p1a: Kyurem|Earth Power|p2a: Jirachi
|-supereffective|p2a: Jirachi
|-damage|p2a: Jirachi|0 fnt
|faint|p2a: Jirachi
|
|-heal|p1a: Kyurem|75/100|[from] item: Leftovers
|upkeep
|
|switch|p2a: Rotom|Rotom-Wash|100/100
|turn|32
|
|move|p1a: Kyurem|Ice Beam|p2a: Rotom
|-resisted|p2a: Rotom
|-damage|p2a: Rotom|78/100
|move|p2a: Rotom|Volt Switch|p1a: Kyurem
|-resisted|p1a: Kyurem
|-end|p1a: Kyurem|Substitute
|
|switch|p2a: Tyranitar|Tyranitar, F|58/100|[from]move: Volt Switch
|-weather|Sandstorm|[from] ability: Sand Stream|[of] p2a: Tyranitar
|
|-weather|Sandstorm|[upkeep]
|-damage|p1a: Kyurem|69/100|[from] Sandstorm
|-heal|p1a: Kyurem|75/100|[from] item: Leftovers
|upkeep
|turn|33
|
|switch|p1a: Skarmory|Skarmory, M|100/100
|move|p2a: Tyranitar|Crunch|p1a: Skarmory
|-damage|p1a: Skarmory|64/100
|-unboost|p1a: Skarmory|def|1
|-damage|p2a: Tyranitar|42/100|[from] item: Rocky Helmet|[of] p1a: Skarmory
|
|-weather|Sandstorm|[upkeep]
|upkeep
|turn|34
|
|switch|p2a: Blissey|Blissey, F|93/100
|move|p1a: Skarmory|Body Press|p2a: Blissey
|-supereffective|p2a: Blissey
|-damage|p2a: Blissey|53/100
|
|-weather|Sandstorm|[upkeep]
|-damage|p2a: Blissey|47/100|[from] Sandstorm
|-heal|p2a: Blissey|53/100|[from] item: Leftovers
|upkeep
|turn|35
|
|move|p1a: Skarmory|Stealth Rock|p2a: Blissey
|-sidestart|p2: Trogba Trogba|move: Stealth Rock
|move|p2a: Blissey|Soft-Boiled|p2a: Blissey
|-heal|p2a: Blissey|100/100
|
|-weather|Sandstorm|[upkeep]
|-damage|p2a: Blissey|94/100|[from] Sandstorm
|-heal|p2a: Blissey|100/100|[from] item: Leftovers
|upkeep
|turn|36
|
|move|p2a: Blissey|Toxic|p1a: Skarmory
|-immune|p1a: Skarmory
|move|p1a: Skarmory|Whirlwind|p2a: Blissey
|drag|p2a: Tyranitar|Tyranitar, F|42/100
|-damage|p2a: Tyranitar|30/100|[from] Stealth Rock
|
|-weather|none
|upkeep
|turn|37
|
|move|p2a: Tyranitar|Stone Edge|p1a: Skarmory
|-damage|p1a: Skarmory|0 fnt
|faint|p1a: Skarmory
|
|upkeep
|
|switch|p1a: Kyurem|Kyurem|75/100
|-ability|p1a: Kyurem|Pressure
|turn|38
|
|move|p1a: Kyurem|Substitute|p1a: Kyurem
|-start|p1a: Kyurem|Substitute
|-damage|p1a: Kyurem|50/100
|move|p2a: Tyranitar|Stone Edge|p1a: Kyurem
|-supereffective|p1a: Kyurem
|-end|p1a: Kyurem|Substitute
|
|-heal|p1a: Kyurem|56/100|[from] item: Leftovers
|upkeep
|turn|39
|
|move|p1a: Kyurem|Substitute|p1a: Kyurem
|-start|p1a: Kyurem|Substitute
|-damage|p1a: Kyurem|31/100
|move|p2a: Tyranitar|Stone Edge|p1a: Kyurem
|-supereffective|p1a: Kyurem
|-end|p1a: Kyurem|Substitute
|
|-heal|p1a: Kyurem|37/100|[from] item: Leftovers
|upkeep
|turn|40
|
|move|p1a: Kyurem|Substitute|p1a: Kyurem
|-start|p1a: Kyurem|Substitute
|-damage|p1a: Kyurem|12/100
|move|p2a: Tyranitar|Stone Edge|p1a: Kyurem
|-supereffective|p1a: Kyurem
|-end|p1a: Kyurem|Substitute
|
|-heal|p1a: Kyurem|19/100|[from] item: Leftovers
|upkeep
|turn|41
|
|move|p1a: Kyurem|Earth Power|p2a: Tyranitar
|-supereffective|p2a: Tyranitar
|-damage|p2a: Tyranitar|0 fnt
|faint|p2a: Tyranitar
|
|-heal|p1a: Kyurem|25/100|[from] item: Leftovers
|upkeep
|
|switch|p2a: Blissey|Blissey, F|100/100
|-damage|p2a: Blissey|88/100|[from] Stealth Rock
|turn|42
|
|switch|p1a: Krookodile|Krookodile, M|100/100
|move|p2a: Blissey|Seismic Toss|p1a: Krookodile
|-damage|p1a: Krookodile|70/100
|
|-heal|p2a: Blissey|94/100|[from] item: Leftovers
|upkeep
|turn|43
|
|switch|p2a: Rotom|Rotom-Wash|78/100
|-damage|p2a: Rotom|66/100|[from] Stealth Rock
|move|p1a: Krookodile|Knock Off|p2a: Rotom
|-damage|p2a: Rotom|28/100
|-enditem|p2a: Rotom|Leftovers|[from] move: Knock Off|[of] p1a: Krookodile
|
|upkeep
|turn|44
|
|move|p1a: Krookodile|Knock Off|p2a: Rotom
|-damage|p2a: Rotom|5/100
|move|p2a: Rotom|Hydro Pump|p1a: Krookodile
|-supereffective|p1a: Krookodile
|-damage|p1a: Krookodile|0 fnt
|faint|p1a: Krookodile
|
|upkeep
|
|switch|p1a: Kyurem|Kyurem|25/100
|-ability|p1a: Kyurem|Pressure
|turn|45
|
|move|p1a: Kyurem|Ice Beam|p2a: Rotom
|-resisted|p2a: Rotom
|-damage|p2a: Rotom|0 fnt
|faint|p2a: Rotom
|
|-heal|p1a: Kyurem|31/100|[from] item: Leftovers
|upkeep
|
|switch|p2a: Blissey|Blissey, F|94/100
|-damage|p2a: Blissey|82/100|[from] Stealth Rock
|turn|46
|
|move|p1a: Kyurem|Substitute|p1a: Kyurem
|-start|p1a: Kyurem|Substitute
|-damage|p1a: Kyurem|6/100
|move|p2a: Blissey|Seismic Toss|p1a: Kyurem
|-activate|p1a: Kyurem|move: Substitute|[damage]
|
|-heal|p1a: Kyurem|12/100|[from] item: Leftovers
|-heal|p2a: Blissey|88/100|[from] item: Leftovers
|upkeep
|turn|47
|
|move|p1a: Kyurem|Roost|p1a: Kyurem
|-heal|p1a: Kyurem|62/100
|-singleturn|p1a: Kyurem|move: Roost
|move|p2a: Blissey|Seismic Toss|p1a: Kyurem
|-end|p1a: Kyurem|Substitute
|
|-heal|p1a: Kyurem|68/100|[from] item: Leftovers
|-heal|p2a: Blissey|94/100|[from] item: Leftovers
|upkeep
|turn|48
|j| BigTest321
|c|☆Trogba Trogba|dogshit game
|c|☆Trogba Trogba|I kinda wanted to be top 10
|c|☆Trogba Trogba|but when I get haxed
|c|☆Trogba Trogba|who cares
|inactive|Trogba Trogba has 120 seconds left.
|
|move|p1a: Kyurem|Substitute|p1a: Kyurem
|-start|p1a: Kyurem|Substitute
|-damage|p1a: Kyurem|43/100
|move|p2a: Blissey|Seismic Toss|p1a: Kyurem
|-activate|p1a: Kyurem|move: Substitute|[damage]
|
|-heal|p1a: Kyurem|50/100|[from] item: Leftovers
|-heal|p2a: Blissey|99/100|[from] item: Leftovers
|upkeep
|turn|49
|
|move|p1a: Kyurem|Roost|p1a: Kyurem
|-heal|p1a: Kyurem|99/100
|-singleturn|p1a: Kyurem|move: Roost
|move|p2a: Blissey|Seismic Toss|p1a: Kyurem
|-end|p1a: Kyurem|Substitute
|
|-heal|p1a: Kyurem|100/100|[from] item: Leftovers
|-heal|p2a: Blissey|100/100|[from] item: Leftovers
|upkeep
|turn|50
|
|switch|p2a: Skarmory|Skarmory, M|100/100
|-damage|p2a: Skarmory|88/100|[from] Stealth Rock
|move|p1a: Kyurem|Substitute|p1a: Kyurem
|-start|p1a: Kyurem|Substitute
|-damage|p1a: Kyurem|75/100
|
|-heal|p1a: Kyurem|82/100|[from] item: Leftovers
|upkeep
|turn|51
|
|move|p1a: Kyurem|Ice Beam|p2a: Skarmory
|-damage|p2a: Skarmory|29/100
|-status|p2a: Skarmory|frz
|cant|p2a: Skarmory|frz
|
|-heal|p1a: Kyurem|88/100|[from] item: Leftovers
|upkeep
|turn|52
|c|☆Trogba Trogba|see
|c|☆Yeyeyex|GG
|c|☆Trogba Trogba|like what's the point
|c|☆Trogba Trogba|nah not gg
|-message|Trogba Trogba forfeited.
|
|win|Yeyeyex
|l|☆Trogba Trogba
|c| Lea22|lol
|l| BigTest321
|c| Lea22|gg wp yeyeyex
|c|☆Yeyeyex|Ty
||Ladder (probably) updated, but score could not be retrieved (Request timeout).
|c| Lea22|blissey was never able to win that lol
