|j|☆KSt3ve
|j|☆pokemonisfun
|t:|1644615500
|gametype|singles
|player|p1|KSt3ve|101|
|player|p2|pokemonisfun|#uutrio2ladder|
|teamsize|p1|6
|teamsize|p2|6
|gen|8
|tier|[Gen 8] UU
|rated|Tournament battle
|rule|Sleep Clause Mod: Limit one foe put to sleep
|rule|Species Clause: Limit one of each Pokémon
|rule|OHKO Clause: OHKO moves are banned
|rule|Evasion Moves Clause: Evasion moves are banned
|rule|Endless Battle Clause: Forcing endless battles is banned
|rule|HP Percentage Mod: HP is shown in percentages
|rule|Dynamax Clause: You cannot dynamax
|clearpoke
|poke|p1|Darmanitan, M|
|poke|p1|Thundurus-Therian, M|
|poke|p1|Tapu Bulu|
|poke|p1|Swampert, M|
|poke|p1|Cobalion|
|poke|p1|Hydreigon, M|
|poke|p2|Diggersby, F|
|poke|p2|Crobat, F|
|poke|p2|Amoonguss, M|
|poke|p2|Nihilego|
|poke|p2|Aegislash, F|
|poke|p2|Slowking, F|
|teampreview
|j| Dunoks
|j| hariyana grande
|c|☆KSt3ve|chad darm just for you
|c|☆pokemonisfun|thank you i am in heaven
|inactive|Battle timer is ON: inactive players will automatically lose when time's up. (requested by pokemonisfun)
|c|☆KSt3ve|hf
|j| CarbonLifeform456
|c|☆pokemonisfun|hf
|l| CarbonLifeform456
|
|t:|1644615555
|start
|switch|p1a: Swampert|Swampert, M|100/100
|switch|p2a: nihileggo my eggo|Nihilego|100/100
|turn|1
|
|t:|1644615562
|switch|p2a: shroom of DOOM|Amoonguss, M|100/100
|move|p1a: Swampert|High Horsepower|p2a: shroom of DOOM
|-damage|p2a: shroom of DOOM|72/100
|-damage|p1a: Swampert|84/100|[from] item: Rocky Helmet|[of] p2a: shroom of DOOM
|
|-heal|p1a: Swampert|90/100|[from] item: Leftovers
|upkeep
|turn|2
|
|t:|1644615572
|switch|p1a: Cobalion|Cobalion|100/100
|move|p2a: shroom of DOOM|Foul Play|p1a: Cobalion
|-resisted|p1a: Cobalion
|-damage|p1a: Cobalion|89/100
|-ability|p1a: Cobalion|Justified|boost
|-boost|p1a: Cobalion|atk|1
|
|upkeep
|turn|3
|
|t:|1644615580
|switch|p2a: slash and bash|Aegislash, F|100/100
|move|p1a: Cobalion|Swords Dance|p1a: Cobalion
|-boost|p1a: Cobalion|atk|2
|
|upkeep
|turn|4
|
|t:|1644615583
|switch|p1a: Swampert|Swampert, M|90/100
|-formechange|p2a: slash and bash|Aegislash-Blade||[from] ability: Stance Change
|move|p2a: slash and bash|Shadow Ball|p1a: Swampert
|-damage|p1a: Swampert|56/100
|-unboost|p1a: Swampert|spd|1
|
|-heal|p1a: Swampert|62/100|[from] item: Leftovers
|upkeep
|turn|5
|
|t:|1644615588
|switch|p2a: batsy watzy|Crobat, F|100/100
|move|p1a: Swampert|Stealth Rock|p2a: batsy watzy
|-sidestart|p2: pokemonisfun|move: Stealth Rock
|
|-heal|p1a: Swampert|68/100|[from] item: Leftovers
|upkeep
|turn|6
|
|t:|1644615593
|move|p2a: batsy watzy|Defog|p1a: Swampert
|-unboost|p1a: Swampert|evasion|1
|-sideend|p2: pokemonisfun|Stealth Rock|[from] move: Defog|[of] p2a: batsy watzy
|move|p1a: Swampert|Flip Turn|p2a: batsy watzy
|-damage|p2a: batsy watzy|74/100
|
|t:|1644615595
|switch|p1a: Thundurus|Thundurus-Therian, M|100/100|[from]move: Flip Turn
|
|upkeep
|turn|7
|c|☆pokemonisfun|bat in
|
|t:|1644615603
|move|p2a: batsy watzy|U-turn|p1a: Thundurus
|-resisted|p1a: Thundurus
|-damage|p1a: Thundurus|87/100
|c|☆pokemonisfun|bat out
|
|t:|1644615610
|switch|p2a: shroom of DOOM|Amoonguss, M|100/100|[from]move: U-turn
|move|p1a: Thundurus|Knock Off|p2a: shroom of DOOM
|-damage|p2a: shroom of DOOM|83/100
|-damage|p1a: Thundurus|70/100|[from] item: Rocky Helmet|[of] p2a: shroom of DOOM
|-enditem|p2a: shroom of DOOM|Rocky Helmet|[from] move: Knock Off|[of] p1a: Thundurus
|
|upkeep
|turn|8
|c|☆KSt3ve|the bat is so cool
|
|t:|1644615618
|move|p1a: Thundurus|Volt Switch|p2a: shroom of DOOM
|-resisted|p2a: shroom of DOOM
|-damage|p2a: shroom of DOOM|65/100
|c|☆pokemonisfun|bat says thank you
|
|t:|1644615621
|switch|p1a: Cobalion|Cobalion|89/100|[from]move: Volt Switch
|move|p2a: shroom of DOOM|Spore|p1a: Cobalion
|-activate|p1a: Cobalion|item: Safety Goggles|Spore
|
|upkeep
|turn|9
|
|t:|1644615627
|switch|p1a: Darmanitan|Darmanitan, M|100/100
|switch|p2a: slash and bash|Aegislash, F|100/100
|
|upkeep
|turn|10
|c|☆pokemonisfun|monky in
|c|☆KSt3ve|in
|
|t:|1644615640
|move|p2a: slash and bash|King's Shield|p2a: slash and bash
|-singleturn|p2a: slash and bash|Protect
|move|p1a: Darmanitan|Toxic|p2a: slash and bash
|-immune|p2a: slash and bash
|
|upkeep
|turn|11
|
|t:|1644615652
|switch|p2a: king of things|Slowking, F|100/100
|move|p1a: Darmanitan|Flare Blitz|p2a: king of things
|-resisted|p2a: king of things
|-damage|p2a: king of things|67/100
|-damage|p1a: Darmanitan|88/100|[from] Recoil
|
|upkeep
|turn|12
|
|t:|1644615658
|move|p1a: Darmanitan|U-turn|p2a: king of things
|-supereffective|p2a: king of things
|-damage|p2a: king of things|28/100
|c|☆pokemonisfun|monky out
|c|☆KSt3ve|damn
|c|☆KSt3ve|you always outspeed me
|
|t:|1644615676
|switch|p1a: Swampert|Swampert, M|68/100|[from]move: U-turn
|move|p2a: king of things|Teleport|p2a: king of things
|j| udongirl
|
|t:|1644615682
|switch|p2a: chungy wungy|Diggersby, F|100/100|[from]move: Teleport
|
|-heal|p1a: Swampert|75/100|[from] item: Leftovers
|upkeep
|turn|13
|c| hariyana grande|chung in
|c|☆KSt3ve|who is this guy ?
|c|☆pokemonisfun|chungy
|c|☆pokemonisfun|wungy
|c|☆KSt3ve|big chungy
|inactive|KSt3ve has 120 seconds left.
|c|☆pokemonisfun|big wungy
|
|t:|1644615719
|switch|p1a: Tapu Bulu|Tapu Bulu|100/100
|-fieldstart|move: Grassy Terrain|[from] ability: Grassy Surge|[of] p1a: Tapu Bulu
|move|p2a: chungy wungy|Body Slam|p1a: Tapu Bulu
|-damage|p1a: Tapu Bulu|43/100
|-damage|p2a: chungy wungy|84/100|[from] item: Rocky Helmet|[of] p1a: Tapu Bulu
|
|-heal|p2a: chungy wungy|90/100|[from] Grassy Terrain
|-heal|p1a: Tapu Bulu|49/100|[from] Grassy Terrain
|upkeep
|turn|14
|c|☆pokemonisfun|chung in
|inactive|KSt3ve has 120 seconds left.
|c|☆KSt3ve|lost
|j| White Gehenna
|
|t:|1644615738
|switch|p1a: Cobalion|Cobalion|89/100
|move|p2a: chungy wungy|Body Slam|p1a: Cobalion
|-resisted|p1a: Cobalion
|-damage|p1a: Cobalion|59/100
|
|-heal|p1a: Cobalion|65/100|[from] Grassy Terrain
|-heal|p2a: chungy wungy|96/100|[from] Grassy Terrain
|upkeep
|turn|15
|inactive|KSt3ve has 120 seconds left.
|
|t:|1644615747
|switch|p1a: Swampert|Swampert, M|75/100
|switch|p2a: king of things|Slowking, F|61/100
|
|-heal|p1a: Swampert|81/100|[from] Grassy Terrain
|-heal|p1a: Swampert|87/100|[from] item: Leftovers
|-heal|p2a: king of things|67/100|[from] Grassy Terrain
|upkeep
|turn|16
|
|t:|1644615753
|move|p1a: Swampert|Stealth Rock|p2a: king of things
|-sidestart|p2: pokemonisfun|move: Stealth Rock
|move|p2a: king of things|Scald|p1a: Swampert
|-damage|p1a: Swampert|68/100
|
|-heal|p1a: Swampert|74/100|[from] Grassy Terrain
|-heal|p1a: Swampert|80/100|[from] item: Leftovers
|-heal|p2a: king of things|73/100|[from] Grassy Terrain
|upkeep
|turn|17
|c|☆KSt3ve|sr in
|
|t:|1644615760
|move|p1a: Swampert|Flip Turn|p2a: king of things
|-resisted|p2a: king of things
|-damage|p2a: king of things|66/100
|c| hariyana grande|up
|c|☆pokemonisfun|up
|
|t:|1644615767
|switch|p1a: Thundurus|Thundurus-Therian, M|70/100|[from]move: Flip Turn
|move|p2a: king of things|Scald|p1a: Thundurus
|-damage|p1a: Thundurus|31/100
|
|-heal|p2a: king of things|72/100|[from] Grassy Terrain
|-fieldend|move: Grassy Terrain
|upkeep
|turn|18
|
|t:|1644615782
|switch|p2a: shroom of DOOM|Amoonguss, M|99/100
|-damage|p2a: shroom of DOOM|86/100|[from] Stealth Rock
|move|p1a: Thundurus|Volt Switch|p2a: shroom of DOOM
|-resisted|p2a: shroom of DOOM
|-damage|p2a: shroom of DOOM|71/100
|
|t:|1644615785
|switch|p1a: Darmanitan|Darmanitan, M|88/100|[from]move: Volt Switch
|
|upkeep
|turn|19
|j| Chigiri Hyoma
|
|t:|1644615796
|switch|p2a: king of things|Slowking, F|100/100
|move|p1a: Darmanitan|Flare Blitz|p2a: king of things
|-resisted|p2a: king of things
|-damage|p2a: king of things|72/100
|-damage|p1a: Darmanitan|77/100|[from] Recoil
|
|upkeep
|turn|20
|
|t:|1644615803
|move|p1a: Darmanitan|U-turn|p2a: king of things
|-supereffective|p2a: king of things
|-crit|p2a: king of things
|-damage|p2a: king of things|19/100
|
|t:|1644615806
|switch|p1a: Thundurus|Thundurus-Therian, M|31/100|[from]move: U-turn
|move|p2a: king of things|Teleport|p2a: king of things
|
|t:|1644615808
|switch|p2a: nihileggo my eggo|Nihilego|100/100|[from]move: Teleport
|-damage|p2a: nihileggo my eggo|88/100|[from] Stealth Rock
|
|-heal|p2a: nihileggo my eggo|94/100|[from] item: Black Sludge
|upkeep
|turn|21
|
|t:|1644615816
|switch|p1a: Swampert|Swampert, M|80/100
|move|p2a: nihileggo my eggo|Stealth Rock|p1a: Swampert
|-sidestart|p1: KSt3ve|move: Stealth Rock
|
|-heal|p2a: nihileggo my eggo|100/100|[from] item: Black Sludge
|-heal|p1a: Swampert|86/100|[from] item: Leftovers
|upkeep
|turn|22
|
|t:|1644615824
|switch|p2a: king of things|Slowking, F|52/100
|move|p1a: Swampert|Flip Turn|p2a: king of things
|-resisted|p2a: king of things
|-damage|p2a: king of things|44/100
|
|t:|1644615830
|switch|p1a: Darmanitan|Darmanitan, M|77/100|[from]move: Flip Turn
|
|upkeep
|turn|23
|
|t:|1644615841
|move|p1a: Darmanitan|Flare Blitz|p2a: king of things
|-resisted|p2a: king of things
|-damage|p2a: king of things|12/100
|-damage|p1a: Darmanitan|65/100|[from] Recoil
|move|p2a: king of things|Slack Off|p2a: king of things
|-heal|p2a: king of things|62/100
|
|upkeep
|turn|24
|
|t:|1644615851
|move|p1a: Darmanitan|U-turn|p2a: king of things
|-supereffective|p2a: king of things
|-damage|p2a: king of things|27/100
|
|t:|1644615854
|switch|p1a: Tapu Bulu|Tapu Bulu|49/100|[from]move: U-turn
|-damage|p1a: Tapu Bulu|37/100|[from] Stealth Rock
|-fieldstart|move: Grassy Terrain|[from] ability: Grassy Surge|[of] p1a: Tapu Bulu
|move|p2a: king of things|Slack Off|p2a: king of things
|-heal|p2a: king of things|77/100
|
|-heal|p1a: Tapu Bulu|43/100|[from] Grassy Terrain
|-heal|p2a: king of things|83/100|[from] Grassy Terrain
|upkeep
|turn|25
|
|t:|1644615859
|switch|p2a: slash and bash|Aegislash, F|100/100
|-damage|p2a: slash and bash|94/100|[from] Stealth Rock
|move|p1a: Tapu Bulu|Synthesis|p1a: Tapu Bulu
|-heal|p1a: Tapu Bulu|93/100
|
|-heal|p1a: Tapu Bulu|99/100|[from] Grassy Terrain
|-heal|p2a: slash and bash|100/100|[from] Grassy Terrain
|upkeep
|turn|26
|
|t:|1644615870
|switch|p1a: Swampert|Swampert, M|86/100
|-damage|p1a: Swampert|80/100|[from] Stealth Rock
|move|p2a: slash and bash|Substitute|p2a: slash and bash
|-start|p2a: slash and bash|Substitute
|-damage|p2a: slash and bash|75/100
|
|-heal|p2a: slash and bash|82/100|[from] Grassy Terrain
|-heal|p2a: slash and bash|88/100|[from] item: Leftovers
|-heal|p1a: Swampert|86/100|[from] Grassy Terrain
|-heal|p1a: Swampert|92/100|[from] item: Leftovers
|upkeep
|turn|27
|j| SUPERPOWER BITCH
|
|t:|1644615876
|move|p2a: slash and bash|King's Shield|p2a: slash and bash
|-singleturn|p2a: slash and bash|Protect
|move|p1a: Swampert|High Horsepower|p2a: slash and bash
|-activate|p2a: slash and bash|move: Protect
|-unboost|p1a: Swampert|atk|1
|
|-heal|p2a: slash and bash|94/100|[from] Grassy Terrain
|-heal|p2a: slash and bash|100/100|[from] item: Leftovers
|-heal|p1a: Swampert|99/100|[from] Grassy Terrain
|-heal|p1a: Swampert|100/100|[from] item: Leftovers
|upkeep
|turn|28
|
|t:|1644615878
|move|p2a: slash and bash|Toxic|p1a: Swampert
|-status|p1a: Swampert|tox
|move|p1a: Swampert|High Horsepower|p2a: slash and bash
|-supereffective|p2a: slash and bash
|-end|p2a: slash and bash|Substitute
|
|-damage|p1a: Swampert|94/100 tox|[from] psn
|-fieldend|move: Grassy Terrain
|upkeep
|turn|29
|
|t:|1644615882
|switch|p1a: Darmanitan|Darmanitan, M|65/100
|move|p2a: slash and bash|Substitute|p2a: slash and bash
|-start|p2a: slash and bash|Substitute
|-damage|p2a: slash and bash|75/100
|
|-heal|p2a: slash and bash|82/100|[from] item: Leftovers
|upkeep
|turn|30
|c|☆KSt3ve|damn
|
|t:|1644615889
|move|p1a: Darmanitan|Flare Blitz|p2a: slash and bash
|-supereffective|p2a: slash and bash
|-crit|p2a: slash and bash
|-end|p2a: slash and bash|Substitute
|-damage|p1a: Darmanitan|58/100|[from] Recoil|[of] p2a: slash and bash
|-formechange|p2a: slash and bash|Aegislash-Blade||[from] ability: Stance Change
|move|p2a: slash and bash|Shadow Ball|p1a: Darmanitan
|-damage|p1a: Darmanitan|0 fnt
|faint|p1a: Darmanitan
|
|-heal|p2a: slash and bash|88/100|[from] item: Leftovers
|upkeep
|j| supersecrettesting
|l| supersecrettesting
|c|☆pokemonisfun|F monky
|c|☆KSt3ve|dude
|c|☆KSt3ve|why so toxic ?
|inactive|KSt3ve has 120 seconds left.
|c|☆pokemonisfun|...
|c|☆pokemonisfun|im sorry
|c|☆KSt3ve|it's okay
|c|☆pokemonisfun|rip monky
|
|t:|1644615941
|switch|p1a: Hydreigon|Hydreigon, M|100/100
|-damage|p1a: Hydreigon|88/100|[from] Stealth Rock
|turn|31
|
|t:|1644615946
|switch|p2a: nihileggo my eggo|Nihilego|100/100
|-damage|p2a: nihileggo my eggo|88/100|[from] Stealth Rock
|move|p1a: Hydreigon|Dark Pulse|p2a: nihileggo my eggo
|-damage|p2a: nihileggo my eggo|56/100
|
|-heal|p2a: nihileggo my eggo|62/100|[from] item: Black Sludge
|upkeep
|turn|32
|
|t:|1644615954
|move|p1a: Hydreigon|Dark Pulse|p2a: nihileggo my eggo
|-damage|p2a: nihileggo my eggo|30/100
|move|p2a: nihileggo my eggo|Sludge Bomb|p1a: Hydreigon
|-damage|p1a: Hydreigon|32/100
|-status|p1a: Hydreigon|psn
|
|-heal|p2a: nihileggo my eggo|36/100|[from] item: Black Sludge
|-damage|p1a: Hydreigon|20/100 psn|[from] psn
|upkeep
|turn|33
|
|t:|1644615964
|move|p1a: Hydreigon|Dark Pulse|p2a: nihileggo my eggo
|-damage|p2a: nihileggo my eggo|8/100
|move|p2a: nihileggo my eggo|Knock Off|p1a: Hydreigon
|-resisted|p1a: Hydreigon
|-damage|p1a: Hydreigon|14/100 psn
|-enditem|p1a: Hydreigon|Choice Scarf|[from] move: Knock Off|[of] p2a: nihileggo my eggo
|
|-heal|p2a: nihileggo my eggo|14/100|[from] item: Black Sludge
|-damage|p1a: Hydreigon|1/100 psn|[from] psn
|upkeep
|turn|34
|
|t:|1644615975
|move|p2a: nihileggo my eggo|Power Gem|p1a: Hydreigon
|-damage|p1a: Hydreigon|0 fnt
|faint|p1a: Hydreigon
|-ability|p2a: nihileggo my eggo|Beast Boost|boost
|-boost|p2a: nihileggo my eggo|spa|1
|
|-heal|p2a: nihileggo my eggo|20/100|[from] item: Black Sludge
|upkeep
|
|t:|1644615978
|switch|p1a: Cobalion|Cobalion|65/100
|-damage|p1a: Cobalion|62/100|[from] Stealth Rock
|turn|35
|
|t:|1644615984
|switch|p2a: slash and bash|Aegislash, F|88/100
|-damage|p2a: slash and bash|82/100|[from] Stealth Rock
|move|p1a: Cobalion|Stone Edge|p2a: slash and bash
|-resisted|p2a: slash and bash
|-damage|p2a: slash and bash|71/100
|
|-heal|p2a: slash and bash|77/100|[from] item: Leftovers
|upkeep
|turn|36
|
|t:|1644615991
|switch|p1a: Swampert|Swampert, M|94/100 tox
|-damage|p1a: Swampert|88/100 tox|[from] Stealth Rock
|move|p2a: slash and bash|Substitute|p2a: slash and bash
|-start|p2a: slash and bash|Substitute
|-damage|p2a: slash and bash|52/100
|
|-heal|p2a: slash and bash|58/100|[from] item: Leftovers
|-heal|p1a: Swampert|94/100 tox|[from] item: Leftovers
|-damage|p1a: Swampert|88/100 tox|[from] psn
|upkeep
|turn|37
|c|☆KSt3ve|yeah gg
|c|☆pokemonisfun|gg
|-message|KSt3ve forfeited.
|
|win|pokemonisfun
|n|☆KSt3ve|kst3ve
|n|☆pokemonisfun|pokemonisfun
|n| Dunoks|dunoks
|n| hariyana grande|hariyanagrande
|n| udongirl|udongirl
|n| White Gehenna|whitegehenna
|n| Chigiri Hyoma|chigirihyoma
|n| SUPERPOWER BITCH|superpowerbitch
|l|☆KSt3ve
|c| hariyana grande|i missed some bat ins
|l| SUPERPOWER BITCH
