|j|☆dragapultlvl
|j|☆pif
|t:|1644357222
|gametype|singles
|player|p1|dragapultlvl|266|1454
|player|p2|pif|#uutrio2ladder|1671
|teamsize|p1|6
|teamsize|p2|6
|gen|8
|tier|[Gen 8] UU
|rated|
|rule|Sleep Clause Mod: Limit one foe put to sleep
|rule|Species Clause: Limit one of each Pokémon
|rule|OHKO Clause: OHKO moves are banned
|rule|Evasion Moves Clause: Evasion moves are banned
|rule|Endless Battle Clause: Forcing endless battles is banned
|rule|HP Percentage Mod: HP is shown in percentages
|rule|Dynamax Clause: You cannot dynamax
|clearpoke
|poke|p1|Whimsicott, F|
|poke|p1|Registeel|
|poke|p1|Moltres-Galar|
|poke|p1|Pincurchin, M|
|poke|p1|Weezing-Galar, M|
|poke|p1|Slurpuff, M|
|poke|p2|Tyrantrum, M|
|poke|p2|Slowking, M|
|poke|p2|Mandibuzz, F|
|poke|p2|Zygarde-10%|
|poke|p2|Jirachi|
|poke|p2|Nihilego|
|teampreview
|
|t:|1644357265
|start
|switch|p1a: Pincurchin|Pincurchin, M|100/100
|switch|p2a: srirachi jirachi|Jirachi|100/100
|-fieldstart|move: Electric Terrain|[from] ability: Electric Surge|[of] p1a: Pincurchin
|turn|1
|
|t:|1644357273
|move|p2a: srirachi jirachi|U-turn|p1a: Pincurchin
|-crit|p1a: Pincurchin
|-damage|p1a: Pincurchin|70/100
|
|t:|1644357275
|switch|p2a: woofy woof|Zygarde-10%|100/100|[from]move: U-turn
|-ability|p2a: woofy woof|Aura Break
|move|p1a: Pincurchin|Spikes|p2a: woofy woof
|-sidestart|p2: pif|Spikes
|
|upkeep
|turn|2
|
|t:|1644357280
|switch|p1a: Whimsicott|Whimsicott, F|100/100
|move|p2a: woofy woof|Thousand Arrows|p1a: Whimsicott
|-resisted|p1a: Whimsicott
|-damage|p1a: Whimsicott|63/100
|
|upkeep
|turn|3
|
|t:|1644357284
|switch|p2a: srirachi jirachi|Jirachi|100/100
|-damage|p2a: srirachi jirachi|88/100|[from] Spikes
|move|p1a: Whimsicott|Light Screen|p1a: Whimsicott
|-sidestart|p1: dragapultlvl|move: Light Screen
|
|-heal|p2a: srirachi jirachi|94/100|[from] item: Leftovers
|upkeep
|turn|4
|
|t:|1644357287
|move|p1a: Whimsicott|U-turn|p2a: srirachi jirachi
|-damage|p2a: srirachi jirachi|84/100
|
|t:|1644357295
|switch|p1a: Registeel|Registeel|100/100|[from]move: U-turn
|move|p2a: srirachi jirachi|Iron Head|p1a: Registeel
|-resisted|p1a: Registeel
|-damage|p1a: Registeel|91/100
|
|-heal|p2a: srirachi jirachi|90/100|[from] item: Leftovers
|upkeep
|turn|5
|
|t:|1644357299
|move|p2a: srirachi jirachi|U-turn|p1a: Registeel
|-resisted|p1a: Registeel
|-damage|p1a: Registeel|86/100
|
|t:|1644357315
|switch|p2a: DIE NOW saur|Tyrantrum, M|100/100|[from]move: U-turn
|-damage|p2a: DIE NOW saur|88/100|[from] Spikes
|move|p1a: Registeel|Curse|p1a: Registeel
|-unboost|p1a: Registeel|spe|1
|-boost|p1a: Registeel|atk|1
|-boost|p1a: Registeel|def|1
|
|-fieldend|move: Electric Terrain
|upkeep
|turn|6
|
|t:|1644357324
|move|p2a: DIE NOW saur|Close Combat|p1a: Registeel
|-supereffective|p1a: Registeel
|-damage|p1a: Registeel|27/100
|-unboost|p2a: DIE NOW saur|def|1
|-unboost|p2a: DIE NOW saur|spd|1
|move|p1a: Registeel|Curse|p1a: Registeel
|-unboost|p1a: Registeel|spe|1
|-boost|p1a: Registeel|atk|1
|-boost|p1a: Registeel|def|1
|
|upkeep
|turn|7
|
|t:|1644357330
|move|p2a: DIE NOW saur|Close Combat|p1a: Registeel
|-supereffective|p1a: Registeel
|-damage|p1a: Registeel|0 fnt
|-unboost|p2a: DIE NOW saur|def|1
|-unboost|p2a: DIE NOW saur|spd|1
|faint|p1a: Registeel
|
|-sideend|p1: dragapultlvl|move: Light Screen
|upkeep
|
|t:|1644357340
|switch|p1a: Weezing|Weezing-Galar, M|100/100
|-fieldstart|move: Misty Terrain|[from] ability: Misty Surge|[of] p1a: Weezing
|turn|8
|
|t:|1644357349
|switch|p2a: nihileggo my eggo|Nihilego|100/100
|-damage|p2a: nihileggo my eggo|88/100|[from] Spikes
|move|p1a: Weezing|Memento|p2a: nihileggo my eggo
|-unboost|p2a: nihileggo my eggo|atk|2
|-unboost|p2a: nihileggo my eggo|spa|2
|faint|p1a: Weezing
|
|-heal|p2a: nihileggo my eggo|94/100|[from] item: Black Sludge
|upkeep
|
|t:|1644357357
|switch|p1a: Moltres|Moltres-Galar|100/100
|-enditem|p1a: Moltres|Misty Seed
|-boost|p1a: Moltres|spd|1|[from] item: Misty Seed
|turn|9
|
|t:|1644357369
|switch|p2a: DIE NOW saur|Tyrantrum, M|88/100
|-damage|p2a: DIE NOW saur|76/100|[from] Spikes
|move|p1a: Moltres|Agility|p1a: Moltres
|-boost|p1a: Moltres|spe|2
|
|upkeep
|turn|10
|
|t:|1644357377
|move|p1a: Moltres|Fiery Wrath|p2a: DIE NOW saur
|-damage|p2a: DIE NOW saur|2/100
|move|p2a: DIE NOW saur|Outrage|p1a: Moltres
|-damage|p1a: Moltres|0 fnt
|faint|p1a: Moltres
|
|upkeep
|
|t:|1644357383
|switch|p1a: Pincurchin|Pincurchin, M|70/100
|-fieldstart|move: Electric Terrain|[from] ability: Electric Surge|[of] p1a: Pincurchin
|turn|11
|
|t:|1644357388
|move|p2a: DIE NOW saur|Outrage|p1a: Pincurchin|[from]lockedmove
|-damage|p1a: Pincurchin|0 fnt
|faint|p1a: Pincurchin
|-start|p2a: DIE NOW saur|confusion|[fatigue]
|
|upkeep
|
|t:|1644357391
|switch|p1a: Slurpuff|Slurpuff, M|100/100
|-enditem|p1a: Slurpuff|Electric Seed
|-boost|p1a: Slurpuff|def|1|[from] item: Electric Seed
|turn|12
|
|t:|1644357401
|switch|p2a: srirachi jirachi|Jirachi|90/100
|-damage|p2a: srirachi jirachi|78/100|[from] Spikes
|move|p1a: Slurpuff|Calm Mind|p1a: Slurpuff
|-boost|p1a: Slurpuff|spa|1
|-boost|p1a: Slurpuff|spd|1
|
|-heal|p2a: srirachi jirachi|84/100|[from] item: Leftovers
|upkeep
|turn|13
|
|t:|1644357406
|move|p1a: Slurpuff|Cotton Guard|p1a: Slurpuff
|-boost|p1a: Slurpuff|def|3
|move|p2a: srirachi jirachi|Iron Head|p1a: Slurpuff
|-supereffective|p1a: Slurpuff
|-damage|p1a: Slurpuff|78/100
|
|-heal|p2a: srirachi jirachi|90/100|[from] item: Leftovers
|upkeep
|turn|14
|
|t:|1644357411
|move|p1a: Slurpuff|Flamethrower|p2a: srirachi jirachi
|-supereffective|p2a: srirachi jirachi
|-damage|p2a: srirachi jirachi|29/100
|move|p2a: srirachi jirachi|U-turn|p1a: Slurpuff
|-resisted|p1a: Slurpuff
|-damage|p1a: Slurpuff|75/100
|
|t:|1644357415
|switch|p2a: nihileggo my eggo|Nihilego|94/100|[from]move: U-turn
|-damage|p2a: nihileggo my eggo|82/100|[from] Spikes
|
|-heal|p2a: nihileggo my eggo|88/100|[from] item: Black Sludge
|upkeep
|turn|15
|
|t:|1644357418
|move|p1a: Slurpuff|Calm Mind|p1a: Slurpuff
|-boost|p1a: Slurpuff|spa|1
|-boost|p1a: Slurpuff|spd|1
|move|p2a: nihileggo my eggo|Sludge Bomb|p1a: Slurpuff
|-supereffective|p1a: Slurpuff
|-damage|p1a: Slurpuff|8/100
|
|-heal|p2a: nihileggo my eggo|94/100|[from] item: Black Sludge
|-fieldend|move: Electric Terrain
|upkeep
|turn|16
|
|t:|1644357422
|move|p1a: Slurpuff|Draining Kiss|p2a: nihileggo my eggo
|-resisted|p2a: nihileggo my eggo
|-damage|p2a: nihileggo my eggo|81/100
|-heal|p1a: Slurpuff|19/100|[from] drain|[of] p2a: nihileggo my eggo
|move|p2a: nihileggo my eggo|Sludge Bomb|p1a: Slurpuff
|-supereffective|p1a: Slurpuff
|-damage|p1a: Slurpuff|0 fnt
|faint|p1a: Slurpuff
|-ability|p2a: nihileggo my eggo|Beast Boost|boost
|-boost|p2a: nihileggo my eggo|spa|1
|
|-heal|p2a: nihileggo my eggo|87/100|[from] item: Black Sludge
|upkeep
|-message|dragapultlvl forfeited.
|
|win|pif
|raw|dragapultlvl's rating: 1454 &rarr; <strong>1445</strong><br />(-9 for losing)
|raw|pif's rating: 1671 &rarr; <strong>1680</strong><br />(+9 for winning)
|l|☆dragapultlvl
