|j|☆gijion chilli
|j|☆thelonious crunk
|player|p1|gijion chilli|103|1628
|player|p2|thelonious crunk|lady-gen4|1429
|teamsize|p1|6
|teamsize|p2|6
|gametype|singles
|gen|8
|tier|[Gen 8] UU
|rated|
|clearpoke
|poke|p1|Machamp, F|
|poke|p1|Weavile, F|
|poke|p1|Duraludon, M|
|poke|p1|Weezing-Galar, F|
|poke|p1|Doublade, F|
|poke|p1|Gardevoir, M|
|poke|p2|Weavile, M|
|poke|p2|Diggersby, F|
|poke|p2|Gardevoir, M|
|poke|p2|Accelgor, M|
|poke|p2|Braviary, M|
|poke|p2|Polteageist|
|rule|Sleep Clause Mod: Limit one foe put to sleep
|rule|Species Clause: Limit one of each Pokémon
|rule|OHKO Clause: OHKO moves are banned
|rule|Evasion Moves Clause: Evasion moves are banned
|rule|Endless Battle Clause: Forcing endless battles is banned
|rule|HP Percentage Mod: HP is shown in percentages
|rule|Dynamax Clause: You cannot dynamax
|teampreview
|
|start
|switch|p1a: Duraludon|Duraludon, M|100/100
|switch|p2a: Accelgor|Accelgor, M|100/100
|turn|1
|
|move|p2a: Accelgor|Spikes|p1a: Duraludon
|-sidestart|p1: gijion chilli|Spikes
|move|p1a: Duraludon|Thunder Wave|p2a: Accelgor
|-status|p2a: Accelgor|par
|
|upkeep
|turn|2
|
|move|p1a: Duraludon|Stealth Rock|p2a: Accelgor
|-sidestart|p2: thelonious crunk|move: Stealth Rock
|move|p2a: Accelgor|Encore|p1a: Duraludon
|-start|p1a: Duraludon|Encore
|
|upkeep
|turn|3
|
|move|p1a: Duraludon|Stealth Rock||[still]
|-fail|p1a: Duraludon
|move|p2a: Accelgor|Spikes|p1a: Duraludon
|-sidestart|p1: gijion chilli|Spikes
|
|upkeep
|turn|4
|
|move|p1a: Duraludon|Stealth Rock||[still]
|-fail|p1a: Duraludon
|move|p2a: Accelgor|Spikes|p1a: Duraludon
|-sidestart|p1: gijion chilli|Spikes
|
|upkeep
|turn|5
|
|move|p1a: Duraludon|Stealth Rock||[still]
|-fail|p1a: Duraludon
|cant|p2a: Accelgor|par
|
|-end|p1a: Duraludon|Encore
|upkeep
|turn|6
|
|move|p1a: Duraludon|Flash Cannon|p2a: Accelgor
|-damage|p2a: Accelgor|48/100 par
|move|p2a: Accelgor|Final Gambit|p1a: Duraludon
|-damage|p1a: Duraludon|39/100
|faint|p2a: Accelgor
|
|upkeep
|
|switch|p2a: Weavile|Weavile, M|100/100
|-damage|p2a: Weavile|76/100|[from] Stealth Rock
|-ability|p2a: Weavile|Pressure
|turn|7
|
|move|p2a: Weavile|Icicle Crash|p1a: Duraludon
|-crit|p1a: Duraludon
|-damage|p1a: Duraludon|0 fnt
|-damage|p2a: Weavile|66/100|[from] item: Life Orb
|faint|p1a: Duraludon
|
|upkeep
|j| Thiccnificent
|
|switch|p1a: Gardevoir|Gardevoir, M|100/100
|-damage|p1a: Gardevoir|76/100|[from] Spikes
|-ability|p1a: Gardevoir|Pressure|[from] ability: Trace|[of] p2a: Weavile
|-ability|p1a: Gardevoir|Pressure
|turn|8
|j| young frisbee
|
|move|p2a: Weavile|Ice Shard|p1a: Gardevoir
|-damage|p1a: Gardevoir|28/100
|-damage|p2a: Weavile|56/100|[from] item: Life Orb
|move|p1a: Gardevoir|Moonblast|p2a: Weavile
|-supereffective|p2a: Weavile
|-damage|p2a: Weavile|0 fnt
|faint|p2a: Weavile
|
|upkeep
|
|switch|p2a: Diggersby|Diggersby, F|100/100
|-damage|p2a: Diggersby|94/100|[from] Stealth Rock
|turn|9
|
|move|p2a: Diggersby|Quick Attack|p1a: Gardevoir
|-damage|p1a: Gardevoir|0 fnt
|-damage|p2a: Diggersby|84/100|[from] item: Life Orb
|faint|p1a: Gardevoir
|
|upkeep
|
|switch|p1a: Weezing|Weezing-Galar, F|100/100
|turn|10
|
|switch|p2a: Braviary|Braviary, M|100/100
|-damage|p2a: Braviary|76/100|[from] Stealth Rock
|move|p1a: Weezing|Sludge Bomb|p2a: Braviary
|-damage|p2a: Braviary|31/100
|-status|p2a: Braviary|psn
|
|-damage|p2a: Braviary|18/100 psn|[from] psn
|upkeep
|turn|11
|j| DraconicLepus ㋛
|l| young frisbee
|
|move|p2a: Braviary|Brave Bird|p1a: Weezing
|-damage|p1a: Weezing|45/100
|-damage|p2a: Braviary|3/100 psn|[from] Recoil
|move|p1a: Weezing|Sludge Bomb|p2a: Braviary
|-damage|p2a: Braviary|0 fnt
|faint|p2a: Braviary
|
|-heal|p1a: Weezing|51/100|[from] item: Black Sludge
|upkeep
|
|switch|p2a: Diggersby|Diggersby, F|84/100
|-damage|p2a: Diggersby|78/100|[from] Stealth Rock
|turn|12
|
|move|p2a: Diggersby|Body Slam|p1a: Weezing
|-damage|p1a: Weezing|0 fnt
|-damage|p2a: Diggersby|68/100|[from] item: Life Orb
|faint|p1a: Weezing
|
|upkeep
|l|☆gijion chilli
|player|p1|
|j|☆gijion chilli
|player|p1|gijion chilli|103
|inactive|Battle timer is ON: inactive players will automatically lose when time's up. (requested by thelonious crunk)
|
|switch|p1a: Weavile|Weavile, F|100/100
|-damage|p1a: Weavile|76/100|[from] Spikes
|-ability|p1a: Weavile|Pressure
|turn|13
|
|switch|p2a: Polteageist|Polteageist|100/100
|-damage|p2a: Polteageist|88/100|[from] Stealth Rock
|move|p1a: Weavile|Low Kick|p2a: Polteageist
|-immune|p2a: Polteageist
|
|upkeep
|turn|14
|
|move|p1a: Weavile|Knock Off|p2a: Polteageist
|-supereffective|p2a: Polteageist
|-damage|p2a: Polteageist|0 fnt
|-enditem|p2a: Polteageist|Focus Sash|[from] move: Knock Off|[of] p1a: Weavile
|-damage|p1a: Weavile|66/100|[from] item: Life Orb
|faint|p2a: Polteageist
|
|upkeep
|
|switch|p2a: Gardevoir|Gardevoir, M|100/100
|-damage|p2a: Gardevoir|88/100|[from] Stealth Rock
|-ability|p2a: Gardevoir|Pressure|[from] ability: Trace|[of] p1a: Weavile
|-ability|p2a: Gardevoir|Pressure
|turn|15
|inactive|gijion chilli has 120 seconds left.
|
|switch|p1a: Machamp|Machamp, F|100/100
|-damage|p1a: Machamp|76/100|[from] Spikes
|move|p2a: Gardevoir|Moonblast|p1a: Machamp
|-supereffective|p1a: Machamp
|-damage|p1a: Machamp|0 fnt
|faint|p1a: Machamp
|
|upkeep
|
|switch|p1a: Doublade|Doublade, F|100/100
|-damage|p1a: Doublade|76/100|[from] Spikes
|turn|16
|
|switch|p2a: Diggersby|Diggersby, F|68/100
|-damage|p2a: Diggersby|62/100|[from] Stealth Rock
|switch|p1a: Weavile|Weavile, F|66/100
|-damage|p1a: Weavile|41/100|[from] Spikes
|-ability|p1a: Weavile|Pressure
|
|upkeep
|turn|17
|
|move|p1a: Weavile|Ice Shard|p2a: Diggersby
|-supereffective|p2a: Diggersby
|-damage|p2a: Diggersby|0 fnt
|-damage|p1a: Weavile|31/100|[from] item: Life Orb
|faint|p2a: Diggersby
|
|upkeep
|
|switch|p2a: Gardevoir|Gardevoir, M|88/100
|-damage|p2a: Gardevoir|76/100|[from] Stealth Rock
|-ability|p2a: Gardevoir|Pressure|[from] ability: Trace|[of] p1a: Weavile
|-ability|p2a: Gardevoir|Pressure
|turn|18
|c|☆gijion chilli|Gg
|
|move|p1a: Weavile|Ice Shard|p2a: Gardevoir
|-damage|p2a: Gardevoir|35/100
|-damage|p1a: Weavile|21/100|[from] item: Life Orb
|move|p2a: Gardevoir|Moonblast|p1a: Weavile
|-supereffective|p1a: Weavile
|-damage|p1a: Weavile|0 fnt
|faint|p1a: Weavile
|
|upkeep
|
|switch|p1a: Doublade|Doublade, F|76/100
|-damage|p1a: Doublade|51/100|[from] Spikes
|turn|19
|c|☆thelonious crunk|Gg
|
|move|p1a: Doublade|Shadow Sneak|p2a: Gardevoir
|-supereffective|p2a: Gardevoir
|-damage|p2a: Gardevoir|0 fnt
|faint|p2a: Gardevoir
|
|win|gijion chilli
|raw|gijion chilli's rating: 1628 &rarr; <strong>1638</strong><br />(+10 for winning)
|raw|thelonious crunk's rating: 1429 &rarr; <strong>1419</strong><br />(-10 for losing)
