|j|☆Permission Slip
|j|☆esqimo589
|t:|1665948773
|gametype|singles
|player|p1|Permission Slip|morty-masters2|
|player|p2|esqimo589|n|
|teamsize|p1|6
|teamsize|p2|6
|gen|8
|tier|[Gen 8] UU
|rule|Sleep Clause Mod: Limit one foe put to sleep
|rule|Species Clause: Limit one of each Pokémon
|rule|OHKO Clause: OHKO moves are banned
|rule|Evasion Items Clause: Evasion items are banned
|rule|Evasion Moves Clause: Evasion moves are banned
|rule|Endless Battle Clause: Forcing endless battles is banned
|rule|HP Percentage Mod: HP is shown in percentages
|rule|Dynamax Clause: You cannot dynamax
|clearpoke
|poke|p1|Scizor, M|
|poke|p1|Hippowdon, M|
|poke|p1|Sylveon, F|
|poke|p1|Crobat, F|
|poke|p1|Rotom-Wash|
|poke|p1|Hydreigon, F|
|poke|p2|Togekiss, M|
|poke|p2|Swampert, F|
|poke|p2|Jirachi|
|poke|p2|Tentacruel, F|
|poke|p2|Hippowdon, F|
|poke|p2|Hydreigon, F|
|teampreview
|inactive|Battle timer is ON: inactive players will automatically lose when time's up. (requested by esqimo589)
|c|☆Permission Slip|hf friend
|c|☆esqimo589|u2
|j| amogusroxyrrrr
|c|☆esqimo589|rrrr
|
|t:|1665948796
|start
|switch|p1a: Crobat|Crobat, F|100/100
|switch|p2a: dragon my balls|Hydreigon, F|100/100
|turn|1
|c| amogusroxyrrrr|am
|
|t:|1665948801
|switch|p1a: Sylveon|Sylveon, F|100/100
|move|p2a: dragon my balls|U-turn|p1a: Sylveon
|-resisted|p1a: Sylveon
|-damage|p1a: Sylveon|93/100
|
|t:|1665948829
|switch|p2a: spins and wins|Tentacruel, F|100/100|[from]move: U-turn
|
|-heal|p1a: Sylveon|99/100|[from] item: Leftovers
|upkeep
|turn|2
|
|t:|1665948841
|switch|p1a: Rotom|Rotom-Wash|100/100
|move|p2a: spins and wins|Knock Off|p1a: Rotom
|-damage|p1a: Rotom|87/100
|-enditem|p1a: Rotom|Leftovers|[from] move: Knock Off|[of] p2a: spins and wins
|
|upkeep
|turn|3
|
|t:|1665948863
|switch|p2a: pert that hurts|Swampert, F|100/100
|switch|p1a: Crobat|Crobat, F|100/100
|
|upkeep
|turn|4
|
|t:|1665948867
|move|p1a: Crobat|Taunt|p2a: pert that hurts
|-start|p2a: pert that hurts|move: Taunt
|move|p2a: pert that hurts|Flip Turn|p1a: Crobat
|-crit|p1a: Crobat
|-damage|p1a: Crobat|4/100
|
|t:|1665948872
|switch|p2a: dragon my balls|Hydreigon, F|100/100|[from]move: Flip Turn
|
|upkeep
|turn|5
|
|t:|1665948876
|switch|p1a: Sylveon|Sylveon, F|99/100
|move|p2a: dragon my balls|U-turn|p1a: Sylveon
|-resisted|p1a: Sylveon
|-damage|p1a: Sylveon|92/100
|
|t:|1665948882
|switch|p2a: flinch bitch|Jirachi|100/100|[from]move: U-turn
|
|-heal|p1a: Sylveon|98/100|[from] item: Leftovers
|upkeep
|turn|6
|
|t:|1665948885
|move|p2a: flinch bitch|U-turn|p1a: Sylveon
|-resisted|p1a: Sylveon
|-damage|p1a: Sylveon|89/100
|
|t:|1665948888
|switch|p2a: spins and wins|Tentacruel, F|100/100|[from]move: U-turn
|move|p1a: Sylveon|Mystical Fire|p2a: spins and wins
|-resisted|p2a: spins and wins
|-damage|p2a: spins and wins|93/100
|-unboost|p2a: spins and wins|spa|1
|
|-heal|p2a: spins and wins|99/100|[from] item: Black Sludge
|-heal|p1a: Sylveon|95/100|[from] item: Leftovers
|upkeep
|turn|7
|
|t:|1665948896
|switch|p1a: Rotom|Rotom-Wash|87/100
|move|p2a: spins and wins|Sludge Bomb|p1a: Rotom
|-damage|p1a: Rotom|68/100
|
|-heal|p2a: spins and wins|100/100|[from] item: Black Sludge
|upkeep
|turn|8
|
|t:|1665948905
|switch|p2a: dragon my balls|Hydreigon, F|100/100
|move|p1a: Rotom|Pain Split|p2a: dragon my balls
|-sethp|p2a: dragon my balls|82/100|[from] move: Pain Split|[silent]
|-sethp|p1a: Rotom|88/100|[from] move: Pain Split
|
|upkeep
|turn|9
|
|t:|1665948911
|move|p2a: dragon my balls|U-turn|p1a: Rotom
|-damage|p1a: Rotom|74/100
|
|t:|1665948913
|switch|p2a: pert that hurts|Swampert, F|100/100|[from]move: U-turn
|move|p1a: Rotom|Hydro Pump|p2a: pert that hurts
|-damage|p2a: pert that hurts|63/100
|
|upkeep
|turn|10
|
|t:|1665948918
|move|p1a: Rotom|Hydro Pump|p2a: pert that hurts|[miss]
|-miss|p1a: Rotom|p2a: pert that hurts
|move|p2a: pert that hurts|Flip Turn|p1a: Rotom
|-resisted|p1a: Rotom
|-damage|p1a: Rotom|52/100
|
|t:|1665948924
|switch|p2a: dragon my balls|Hydreigon, F|82/100|[from]move: Flip Turn
|
|upkeep
|turn|11
|
|t:|1665948927
|switch|p1a: Sylveon|Sylveon, F|95/100
|move|p2a: dragon my balls|U-turn|p1a: Sylveon
|-resisted|p1a: Sylveon
|-damage|p1a: Sylveon|88/100
|j| MegaTotomon
|l| MegaTotomon
|inactive|esqimo589 has 270 seconds left.
|
|t:|1665948965
|switch|p2a: spins and wins|Tentacruel, F|100/100|[from]move: U-turn
|
|-heal|p1a: Sylveon|94/100|[from] item: Leftovers
|upkeep
|turn|12
|inactive|esqimo589 has 270 seconds left.
|
|t:|1665948976
|switch|p1a: Rotom|Rotom-Wash|52/100
|move|p2a: spins and wins|Scald|p1a: Rotom
|-resisted|p1a: Rotom
|-damage|p1a: Rotom|39/100
|-status|p1a: Rotom|brn
|
|-damage|p1a: Rotom|33/100 brn|[from] brn
|upkeep
|turn|13
|inactive|esqimo589 has 270 seconds left.
|
|t:|1665948981
|move|p2a: spins and wins|Rapid Spin|p1a: Rotom
|-damage|p1a: Rotom|26/100 brn
|-boost|p2a: spins and wins|spe|1
|move|p1a: Rotom|Pain Split|p2a: spins and wins
|-sethp|p2a: spins and wins|61/100|[from] move: Pain Split|[silent]
|-sethp|p1a: Rotom|73/100 brn|[from] move: Pain Split
|
|-heal|p2a: spins and wins|67/100|[from] item: Black Sludge
|-damage|p1a: Rotom|67/100 brn|[from] brn
|upkeep
|turn|14
|inactive|esqimo589 has 270 seconds left.
|
|t:|1665948993
|switch|p2a: i like em chunky|Hippowdon, F|100/100
|-weather|Sandstorm|[from] ability: Sand Stream|[of] p2a: i like em chunky
|move|p1a: Rotom|Volt Switch|p2a: i like em chunky
|-immune|p2a: i like em chunky
|
|-weather|Sandstorm|[upkeep]
|-damage|p1a: Rotom|62/100 brn|[from] Sandstorm
|-damage|p1a: Rotom|56/100 brn|[from] brn
|upkeep
|turn|15
|
|t:|1665948997
|switch|p2a: dragon my balls|Hydreigon, F|82/100
|move|p1a: Rotom|Hydro Pump|p2a: dragon my balls
|-resisted|p2a: dragon my balls
|-damage|p2a: dragon my balls|61/100
|
|-weather|Sandstorm|[upkeep]
|-damage|p2a: dragon my balls|55/100|[from] Sandstorm
|-damage|p1a: Rotom|50/100 brn|[from] Sandstorm
|-damage|p1a: Rotom|44/100 brn|[from] brn
|upkeep
|turn|16
|
|t:|1665949003
|switch|p1a: Sylveon|Sylveon, F|94/100
|move|p2a: dragon my balls|U-turn|p1a: Sylveon
|-resisted|p1a: Sylveon
|-damage|p1a: Sylveon|87/100
|
|t:|1665949022
|switch|p2a: flinch bitch|Jirachi|100/100|[from]move: U-turn
|
|-weather|Sandstorm|[upkeep]
|-damage|p1a: Sylveon|81/100|[from] Sandstorm
|-heal|p1a: Sylveon|87/100|[from] item: Leftovers
|upkeep
|turn|17
|
|t:|1665949026
|move|p1a: Sylveon|Protect|p1a: Sylveon
|-singleturn|p1a: Sylveon|Protect
|move|p2a: flinch bitch|Wish|p2a: flinch bitch
|
|-weather|Sandstorm|[upkeep]
|-damage|p1a: Sylveon|81/100|[from] Sandstorm
|-heal|p1a: Sylveon|87/100|[from] item: Leftovers
|upkeep
|turn|18
|
|t:|1665949037
|move|p2a: flinch bitch|U-turn|p1a: Sylveon
|-resisted|p1a: Sylveon
|-damage|p1a: Sylveon|79/100
|
|t:|1665949038
|switch|p2a: spins and wins|Tentacruel, F|67/100|[from]move: U-turn
|move|p1a: Sylveon|Hyper Voice|p2a: spins and wins
|-resisted|p2a: spins and wins
|-damage|p2a: spins and wins|50/100
|
|-weather|none
|-heal|p2a: spins and wins|100/100|[from] move: Wish|[wisher] flinch bitch
|-heal|p1a: Sylveon|86/100|[from] item: Leftovers
|upkeep
|turn|19
|
|t:|1665949044
|move|p1a: Sylveon|Protect|p1a: Sylveon
|-singleturn|p1a: Sylveon|Protect
|move|p2a: spins and wins|Sludge Bomb|p1a: Sylveon
|-activate|p1a: Sylveon|move: Protect
|
|-heal|p1a: Sylveon|92/100|[from] item: Leftovers
|upkeep
|turn|20
|
|t:|1665949053
|switch|p1a: Rotom|Rotom-Wash|44/100 brn
|move|p2a: spins and wins|Scald|p1a: Rotom
|-resisted|p1a: Rotom
|-damage|p1a: Rotom|33/100 brn
|
|-damage|p1a: Rotom|27/100 brn|[from] brn
|upkeep
|turn|21
|
|t:|1665949068
|switch|p2a: dragon my balls|Hydreigon, F|55/100
|move|p1a: Rotom|Pain Split|p2a: dragon my balls
|-sethp|p2a: dragon my balls|40/100|[from] move: Pain Split|[silent]
|-sethp|p1a: Rotom|43/100 brn|[from] move: Pain Split
|
|-damage|p1a: Rotom|37/100 brn|[from] brn
|upkeep
|turn|22
|
|t:|1665949078
|switch|p1a: Sylveon|Sylveon, F|92/100
|move|p2a: dragon my balls|U-turn|p1a: Sylveon
|-resisted|p1a: Sylveon
|-damage|p1a: Sylveon|84/100
|
|t:|1665949080
|switch|p2a: flinch bitch|Jirachi|100/100|[from]move: U-turn
|
|-heal|p1a: Sylveon|90/100|[from] item: Leftovers
|upkeep
|turn|23
|
|t:|1665949095
|move|p2a: flinch bitch|Wish|p2a: flinch bitch
|move|p1a: Sylveon|Wish|p1a: Sylveon
|
|-heal|p1a: Sylveon|96/100|[from] item: Leftovers
|upkeep
|turn|24
|
|t:|1665949098
|switch|p1a: Rotom|Rotom-Wash|37/100 brn
|move|p2a: flinch bitch|U-turn|p1a: Rotom
|-damage|p1a: Rotom|22/100 brn
|
|t:|1665949103
|switch|p2a: dragon my balls|Hydreigon, F|40/100|[from]move: U-turn
|
|-heal|p1a: Rotom|87/100 brn|[from] move: Wish|[wisher] Sylveon
|-heal|p2a: dragon my balls|100/100|[from] move: Wish|[wisher] flinch bitch
|-damage|p1a: Rotom|81/100 brn|[from] brn
|upkeep
|turn|25
|c|☆esqimo589|boy wish do be like this lmao
|
|t:|1665949122
|switch|p1a: Sylveon|Sylveon, F|96/100
|move|p2a: dragon my balls|Draco Meteor|p1a: Sylveon
|-immune|p1a: Sylveon
|
|-heal|p1a: Sylveon|100/100|[from] item: Leftovers
|upkeep
|turn|26
|
|t:|1665949126
|switch|p2a: spins and wins|Tentacruel, F|100/100
|move|p1a: Sylveon|Mystical Fire|p2a: spins and wins
|-resisted|p2a: spins and wins
|-damage|p2a: spins and wins|93/100
|-unboost|p2a: spins and wins|spa|1
|
|-heal|p2a: spins and wins|99/100|[from] item: Black Sludge
|upkeep
|turn|27
|
|t:|1665949140
|switch|p2a: dragon my balls|Hydreigon, F|100/100
|switch|p1a: Hippowdon|Hippowdon, M|100/100
|-weather|Sandstorm|[from] ability: Sand Stream|[of] p1a: Hippowdon
|
|-weather|Sandstorm|[upkeep]
|-damage|p2a: dragon my balls|94/100|[from] Sandstorm
|upkeep
|turn|28
|
|t:|1665949146
|move|p2a: dragon my balls|U-turn|p1a: Hippowdon
|-damage|p1a: Hippowdon|90/100
|
|t:|1665949148
|switch|p2a: kiss me|Togekiss, M|100/100|[from]move: U-turn
|move|p1a: Hippowdon|Stealth Rock|p2a: kiss me
|-sidestart|p2: esqimo589|move: Stealth Rock
|
|-weather|Sandstorm|[upkeep]
|-damage|p2a: kiss me|94/100|[from] Sandstorm
|-heal|p1a: Hippowdon|97/100|[from] item: Leftovers
|upkeep
|turn|29
|
|t:|1665949161
|switch|p2a: dragon my balls|Hydreigon, F|94/100
|-damage|p2a: dragon my balls|82/100|[from] Stealth Rock
|move|p1a: Hippowdon|Toxic|p2a: dragon my balls
|-status|p2a: dragon my balls|tox
|
|-weather|Sandstorm|[upkeep]
|-damage|p2a: dragon my balls|76/100 tox|[from] Sandstorm
|-heal|p1a: Hippowdon|100/100|[from] item: Leftovers
|-damage|p2a: dragon my balls|70/100 tox|[from] psn
|upkeep
|turn|30
|
|t:|1665949165
|move|p2a: dragon my balls|U-turn|p1a: Hippowdon
|-damage|p1a: Hippowdon|91/100
|
|t:|1665949167
|switch|p2a: kiss me|Togekiss, M|94/100|[from]move: U-turn
|move|p1a: Hippowdon|Slack Off|p1a: Hippowdon
|-heal|p1a: Hippowdon|100/100
|
|-weather|Sandstorm|[upkeep]
|-damage|p2a: kiss me|88/100|[from] Sandstorm
|upkeep
|turn|31
|
|t:|1665949172
|move|p2a: kiss me|Air Slash|p1a: Hippowdon
|-damage|p1a: Hippowdon|74/100
|move|p1a: Hippowdon|Toxic|p2a: kiss me
|-status|p2a: kiss me|tox
|
|-weather|none
|-heal|p1a: Hippowdon|80/100|[from] item: Leftovers
|-damage|p2a: kiss me|82/100 tox|[from] psn
|upkeep
|turn|32
|
|t:|1665949175
|switch|p1a: Rotom|Rotom-Wash|81/100 brn
|move|p2a: kiss me|Heal Bell|p2a: kiss me
|-activate|p2a: kiss me|move: Heal Bell
|-curestatus|p2a: kiss me|tox|[msg]
|-curestatus|p2: dragon my balls|tox|[msg]
|
|-damage|p1a: Rotom|75/100 brn|[from] brn
|upkeep
|turn|33
|inactive|esqimo589 has 270 seconds left.
|
|t:|1665949206
|switch|p2a: i like em chunky|Hippowdon, F|100/100
|-damage|p2a: i like em chunky|94/100|[from] Stealth Rock
|-weather|Sandstorm|[from] ability: Sand Stream|[of] p2a: i like em chunky
|move|p1a: Rotom|Volt Switch|p2a: i like em chunky
|-immune|p2a: i like em chunky
|
|-weather|Sandstorm|[upkeep]
|-damage|p1a: Rotom|69/100 brn|[from] Sandstorm
|-heal|p2a: i like em chunky|100/100|[from] item: Leftovers
|-damage|p1a: Rotom|63/100 brn|[from] brn
|upkeep
|turn|34
|
|t:|1665949211
|move|p1a: Rotom|Hydro Pump|p2a: i like em chunky
|-supereffective|p2a: i like em chunky
|-damage|p2a: i like em chunky|33/100
|move|p2a: i like em chunky|Stealth Rock|p1a: Rotom
|-sidestart|p1: Permission Slip|move: Stealth Rock
|
|-weather|Sandstorm|[upkeep]
|-damage|p1a: Rotom|57/100 brn|[from] Sandstorm
|-heal|p2a: i like em chunky|39/100|[from] item: Leftovers
|-damage|p1a: Rotom|51/100 brn|[from] brn
|upkeep
|turn|35
|
|t:|1665949223
|switch|p2a: pert that hurts|Swampert, F|63/100
|-damage|p2a: pert that hurts|57/100|[from] Stealth Rock
|move|p1a: Rotom|Hydro Pump|p2a: pert that hurts|[miss]
|-miss|p1a: Rotom|p2a: pert that hurts
|
|-weather|Sandstorm|[upkeep]
|-damage|p1a: Rotom|45/100 brn|[from] Sandstorm
|-damage|p1a: Rotom|39/100 brn|[from] brn
|upkeep
|turn|36
|inactive|esqimo589 has 270 seconds left.
|
|t:|1665949259
|switch|p1a: Sylveon|Sylveon, F|100/100
|-damage|p1a: Sylveon|88/100|[from] Stealth Rock
|move|p2a: pert that hurts|Liquidation|p1a: Sylveon
|-damage|p1a: Sylveon|28/100
|-unboost|p1a: Sylveon|def|1
|
|-weather|Sandstorm|[upkeep]
|-damage|p1a: Sylveon|22/100|[from] Sandstorm
|-heal|p1a: Sylveon|28/100|[from] item: Leftovers
|upkeep
|turn|37
|
|t:|1665949273
|switch|p1a: Hydreigon|Hydreigon, F|100/100
|-damage|p1a: Hydreigon|88/100|[from] Stealth Rock
|move|p2a: pert that hurts|Liquidation|p1a: Hydreigon
|-resisted|p1a: Hydreigon
|-damage|p1a: Hydreigon|54/100
|
|-weather|none
|-heal|p1a: Hydreigon|60/100|[from] item: Leftovers
|upkeep
|turn|38
|
|t:|1665949279
|switch|p2a: kiss me|Togekiss, M|82/100
|move|p1a: Hydreigon|Roost|p1a: Hydreigon
|-heal|p1a: Hydreigon|100/100
|-singleturn|p1a: Hydreigon|move: Roost
|
|upkeep
|turn|39
|
|t:|1665949284
|move|p1a: Hydreigon|Toxic|p2a: kiss me|[miss]
|-miss|p1a: Hydreigon|p2a: kiss me
|move|p2a: kiss me|Air Slash|p1a: Hydreigon
|-damage|p1a: Hydreigon|64/100
|
|-heal|p1a: Hydreigon|71/100|[from] item: Leftovers
|upkeep
|turn|40
|inactive|esqimo589 has 270 seconds left.
|
|t:|1665949292
|move|p1a: Hydreigon|Toxic|p2a: kiss me
|-status|p2a: kiss me|tox
|move|p2a: kiss me|Air Slash|p1a: Hydreigon
|-crit|p1a: Hydreigon
|-damage|p1a: Hydreigon|18/100
|
|-heal|p1a: Hydreigon|24/100|[from] item: Leftovers
|-damage|p2a: kiss me|76/100 tox|[from] psn
|upkeep
|turn|41
|c|☆esqimo589|oof
|
|t:|1665949300
|move|p1a: Hydreigon|Roost|p1a: Hydreigon
|-heal|p1a: Hydreigon|74/100
|-singleturn|p1a: Hydreigon|move: Roost
|move|p2a: kiss me|Air Slash|p1a: Hydreigon
|-damage|p1a: Hydreigon|40/100
|
|-heal|p1a: Hydreigon|46/100|[from] item: Leftovers
|-damage|p2a: kiss me|64/100 tox|[from] psn
|upkeep
|turn|42
|
|t:|1665949308
|move|p1a: Hydreigon|Flamethrower|p2a: kiss me
|-damage|p2a: kiss me|37/100 tox
|move|p2a: kiss me|Heal Bell|p2a: kiss me
|-activate|p2a: kiss me|move: Heal Bell
|-curestatus|p2a: kiss me|tox|[msg]
|
|-heal|p1a: Hydreigon|52/100|[from] item: Leftovers
|upkeep
|turn|43
|
|t:|1665949312
|move|p1a: Hydreigon|Dark Pulse|p2a: kiss me
|-resisted|p2a: kiss me
|-damage|p2a: kiss me|22/100
|cant|p2a: kiss me|flinch
|
|-heal|p1a: Hydreigon|58/100|[from] item: Leftovers
|upkeep
|turn|44
|j| Liz Angeles
|
|t:|1665949316
|move|p1a: Hydreigon|Flamethrower|p2a: kiss me
|-damage|p2a: kiss me|0 fnt
|faint|p2a: kiss me
|
|-heal|p1a: Hydreigon|64/100|[from] item: Leftovers
|upkeep
|c|☆esqimo589|im so dumb
|c|☆esqimo589|i blame liz joining
|
|t:|1665949336
|switch|p2a: dragon my balls|Hydreigon, F|70/100
|-damage|p2a: dragon my balls|57/100|[from] Stealth Rock
|turn|45
|c|☆esqimo589|ffs liz go away >:(
|c| Liz Angeles|never
|
|t:|1665949358
|switch|p1a: Crobat|Crobat, F|4/100
|move|p2a: dragon my balls|U-turn|p1a: Crobat
|-resisted|p1a: Crobat
|-damage|p1a: Crobat|0 fnt
|faint|p1a: Crobat
|
|t:|1665949369
|switch|p2a: spins and wins|Tentacruel, F|99/100|[from]move: U-turn
|-damage|p2a: spins and wins|87/100|[from] Stealth Rock
|
|-heal|p2a: spins and wins|93/100|[from] item: Black Sludge
|upkeep
|
|t:|1665949372
|switch|p1a: Rotom|Rotom-Wash|39/100 brn
|-damage|p1a: Rotom|27/100 brn|[from] Stealth Rock
|turn|46
|
|t:|1665949378
|move|p2a: spins and wins|Rapid Spin|p1a: Rotom
|-damage|p1a: Rotom|19/100 brn
|-boost|p2a: spins and wins|spe|1
|-sideend|p2: esqimo589|Stealth Rock|[from] move: Rapid Spin|[of] p2a: spins and wins
|move|p1a: Rotom|Pain Split|p2a: spins and wins
|-sethp|p2a: spins and wins|54/100|[from] move: Pain Split|[silent]
|-sethp|p1a: Rotom|65/100 brn|[from] move: Pain Split
|
|-heal|p2a: spins and wins|60/100|[from] item: Black Sludge
|-damage|p1a: Rotom|59/100 brn|[from] brn
|upkeep
|turn|47
|
|t:|1665949392
|move|p2a: spins and wins|Sludge Bomb|p1a: Rotom
|-damage|p1a: Rotom|33/100 brn
|move|p1a: Rotom|Defog|p2a: spins and wins
|-unboost|p2a: spins and wins|evasion|1
|-sideend|p1: Permission Slip|Stealth Rock|[from] move: Defog|[of] p1a: Rotom
|
|-heal|p2a: spins and wins|66/100|[from] item: Black Sludge
|-damage|p1a: Rotom|27/100 brn|[from] brn
|upkeep
|turn|48
|inactive|Permission Slip has 270 seconds left.
|
|t:|1665949424
|switch|p1a: Scizor|Scizor, M|100/100
|move|p2a: spins and wins|Sludge Bomb|p1a: Scizor
|-immune|p1a: Scizor
|
|-heal|p2a: spins and wins|72/100|[from] item: Black Sludge
|upkeep
|turn|49
|
|t:|1665949428
|move|p2a: spins and wins|Scald|p1a: Scizor
|-damage|p1a: Scizor|73/100
|move|p1a: Scizor|Knock Off|p2a: spins and wins
|-damage|p2a: spins and wins|34/100
|-enditem|p2a: spins and wins|Black Sludge|[from] move: Knock Off|[of] p1a: Scizor
|
|-heal|p1a: Scizor|79/100|[from] item: Leftovers
|upkeep
|turn|50
|l| Liz Angeles
|
|t:|1665949455
|switch|p1a: Hydreigon|Hydreigon, F|64/100
|move|p2a: spins and wins|Scald|p1a: Hydreigon
|-resisted|p1a: Hydreigon
|-damage|p1a: Hydreigon|50/100
|
|-heal|p1a: Hydreigon|57/100|[from] item: Leftovers
|upkeep
|turn|51
|j| MegaTotomon
|
|t:|1665949465
|switch|p2a: dragon my balls|Hydreigon, F|57/100
|move|p1a: Hydreigon|Roost|p1a: Hydreigon
|-heal|p1a: Hydreigon|100/100
|-singleturn|p1a: Hydreigon|move: Roost
|
|upkeep
|turn|52
|
|t:|1665949474
|switch|p1a: Sylveon|Sylveon, F|28/100
|move|p2a: dragon my balls|Draco Meteor|p1a: Sylveon
|-immune|p1a: Sylveon
|
|-heal|p1a: Sylveon|35/100|[from] item: Leftovers
|upkeep
|turn|53
|l| MegaTotomon
|
|t:|1665949480
|switch|p2a: flinch bitch|Jirachi|100/100
|move|p1a: Sylveon|Wish|p1a: Sylveon
|
|-heal|p1a: Sylveon|41/100|[from] item: Leftovers
|upkeep
|turn|54
|
|t:|1665949488
|move|p2a: flinch bitch|Iron Head|p1a: Sylveon
|-supereffective|p1a: Sylveon
|-damage|p1a: Sylveon|0 fnt
|faint|p1a: Sylveon
|
|upkeep
|
|t:|1665949492
|switch|p1a: Scizor|Scizor, M|79/100
|turn|55
|
|t:|1665949494
|move|p2a: flinch bitch|Protect|p2a: flinch bitch
|-singleturn|p2a: flinch bitch|Protect
|move|p1a: Scizor|Swords Dance|p1a: Scizor
|-boost|p1a: Scizor|atk|2
|
|-heal|p1a: Scizor|85/100|[from] item: Leftovers
|upkeep
|turn|56
|c|☆esqimo589|shit gg
|
|t:|1665949515
|move|p2a: flinch bitch|Wish|p2a: flinch bitch
|move|p1a: Scizor|Swords Dance|p1a: Scizor
|-boost|p1a: Scizor|atk|2
|
|-heal|p1a: Scizor|91/100|[from] item: Leftovers
|upkeep
|turn|57
|
|t:|1665949526
|move|p2a: flinch bitch|Iron Head|p1a: Scizor
|-resisted|p1a: Scizor
|-damage|p1a: Scizor|78/100
|cant|p1a: Scizor|flinch
|
|-heal|p1a: Scizor|84/100|[from] item: Leftovers
|upkeep
|turn|58
|
|t:|1665949531
|move|p2a: flinch bitch|Wish|p2a: flinch bitch
|move|p1a: Scizor|Swords Dance|p1a: Scizor
|-boost|p1a: Scizor|atk|2
|
|-heal|p1a: Scizor|90/100|[from] item: Leftovers
|upkeep
|turn|59
|
|t:|1665949534
|move|p2a: flinch bitch|Iron Head|p1a: Scizor
|-resisted|p1a: Scizor
|-damage|p1a: Scizor|76/100
|move|p1a: Scizor|Knock Off|p2a: flinch bitch
|-supereffective|p2a: flinch bitch
|-damage|p2a: flinch bitch|0 fnt
|-enditem|p2a: flinch bitch|Leftovers|[from] move: Knock Off|[of] p1a: Scizor
|faint|p2a: flinch bitch
|
|-heal|p1a: Scizor|82/100|[from] item: Leftovers
|upkeep
|
|t:|1665949537
|switch|p2a: pert that hurts|Swampert, F|57/100
|turn|60
|
|t:|1665949540
|move|p1a: Scizor|Bullet Punch|p2a: pert that hurts
|-resisted|p2a: pert that hurts
|-damage|p2a: pert that hurts|0 fnt
|faint|p2a: pert that hurts
|
|-heal|p1a: Scizor|89/100|[from] item: Leftovers
|upkeep
|
|t:|1665949543
|switch|p2a: spins and wins|Tentacruel, F|34/100
|turn|61
|
|t:|1665949545
|move|p1a: Scizor|Bullet Punch|p2a: spins and wins
|-resisted|p2a: spins and wins
|-damage|p2a: spins and wins|0 fnt
|faint|p2a: spins and wins
|
|-heal|p1a: Scizor|95/100|[from] item: Leftovers
|upkeep
|
|t:|1665949546
|switch|p2a: i like em chunky|Hippowdon, F|39/100
|-weather|Sandstorm|[from] ability: Sand Stream|[of] p2a: i like em chunky
|turn|62
|
|t:|1665949547
|move|p1a: Scizor|Bullet Punch|p2a: i like em chunky
|-damage|p2a: i like em chunky|0 fnt
|faint|p2a: i like em chunky
|
|-weather|Sandstorm|[upkeep]
|-heal|p1a: Scizor|100/100|[from] item: Leftovers
|upkeep
|
|t:|1665949548
|switch|p2a: dragon my balls|Hydreigon, F|57/100
|turn|63
|
|t:|1665949549
|move|p1a: Scizor|Bullet Punch|p2a: dragon my balls
|-damage|p2a: dragon my balls|0 fnt
|faint|p2a: dragon my balls
|
|win|Permission Slip
|l|☆esqimo589
|c|☆Permission Slip|gg
|l| amogusroxyrrrr
|j| amogusroxyrrrr
|l| amogusroxyrrrr
|j| Liz Angeles
|j| MegaTotomon
|l| MegaTotomon
|l| Liz Angeles
|j| Liz Angeles
