|j|☆5 pia to the top
|j|☆Polybius32
|t:|1659917193
|gametype|singles
|player|p1|5 pia to the top|#uutrio2ladder|1382
|player|p2|Polybius32|grimsley|1479
|teamsize|p1|5
|teamsize|p2|6
|gen|8
|tier|[Gen 8] UU
|rated|
|rule|Sleep Clause Mod: Limit one foe put to sleep
|rule|Species Clause: Limit one of each Pokémon
|rule|OHKO Clause: OHKO moves are banned
|rule|Evasion Items Clause: Evasion items are banned
|rule|Evasion Moves Clause: Evasion moves are banned
|rule|Endless Battle Clause: Forcing endless battles is banned
|rule|HP Percentage Mod: HP is shown in percentages
|rule|Dynamax Clause: You cannot dynamax
|clearpoke
|poke|p1|Salamence, M|
|poke|p1|Chansey, F|
|poke|p1|Umbreon, F|
|poke|p1|Quagsire, M|
|poke|p1|Tangrowth, M|
|poke|p2|Necrozma|
|poke|p2|Regice|
|poke|p2|Omastar, M|
|poke|p2|Xurkitree|
|poke|p2|Malamar, M|
|poke|p2|Shedinja|
|teampreview
|
|t:|1659917218
|start
|switch|p1a: tang ur wang|Tangrowth, M|100/100
|switch|p2a: Man-at-Legs|Xurkitree|100/100
|turn|1
|
|t:|1659917227
|switch|p2a: Permatrago|Shedinja|100/100
|move|p1a: tang ur wang|Earthquake|p2a: Permatrago
|-immune|p2a: Permatrago|[from] ability: Wonder Guard
|
|upkeep
|turn|2
|
|t:|1659917231
|move|p2a: Permatrago|Will-O-Wisp|p1a: tang ur wang|[miss]
|-miss|p2a: Permatrago|p1a: tang ur wang
|move|p1a: tang ur wang|Knock Off|p2a: Permatrago
|-supereffective|p2a: Permatrago
|-damage|p2a: Permatrago|0 fnt
|-enditem|p2a: Permatrago|Heavy-Duty Boots|[from] move: Knock Off|[of] p1a: tang ur wang
|faint|p2a: Permatrago
|
|upkeep
|
|t:|1659917239
|switch|p2a: Luring Slurker|Malamar, M|100/100
|turn|3
|j| sponger man
|
|t:|1659917247
|move|p2a: Luring Slurker|Superpower|p1a: tang ur wang
|-damage|p1a: tang ur wang|83/100
|-boost|p2a: Luring Slurker|atk|1
|-boost|p2a: Luring Slurker|def|1
|move|p1a: tang ur wang|Knock Off|p2a: Luring Slurker
|-damage|p2a: Luring Slurker|85/100
|-enditem|p2a: Luring Slurker|Leftovers|[from] move: Knock Off|[of] p1a: tang ur wang
|
|upkeep
|turn|4
|
|t:|1659917251
|switch|p1a: poggy froggy|Quagsire, M|100/100
|move|p2a: Luring Slurker|Superpower|p1a: poggy froggy
|-damage|p1a: poggy froggy|76/100
|-boost|p2a: Luring Slurker|atk|1
|-boost|p2a: Luring Slurker|def|1
|
|-heal|p1a: poggy froggy|82/100|[from] item: Leftovers
|upkeep
|turn|5
|
|t:|1659917256
|move|p2a: Luring Slurker|Superpower|p1a: poggy froggy
|-damage|p1a: poggy froggy|58/100
|-boost|p2a: Luring Slurker|atk|1
|-boost|p2a: Luring Slurker|def|1
|move|p1a: poggy froggy|Recover|p1a: poggy froggy
|-heal|p1a: poggy froggy|100/100
|
|upkeep
|turn|6
|
|t:|1659917267
|move|p2a: Luring Slurker|Superpower|p1a: poggy froggy
|-damage|p1a: poggy froggy|76/100
|-boost|p2a: Luring Slurker|atk|1
|-boost|p2a: Luring Slurker|def|1
|move|p1a: poggy froggy|Toxic|p2a: Luring Slurker
|-status|p2a: Luring Slurker|tox
|
|-heal|p1a: poggy froggy|82/100|[from] item: Leftovers
|-damage|p2a: Luring Slurker|78/100 tox|[from] psn
|upkeep
|turn|7
|
|t:|1659917273
|move|p2a: Luring Slurker|Superpower|p1a: poggy froggy
|-damage|p1a: poggy froggy|56/100
|-boost|p2a: Luring Slurker|atk|1
|-boost|p2a: Luring Slurker|def|1
|move|p1a: poggy froggy|Scald|p2a: Luring Slurker
|-damage|p2a: Luring Slurker|64/100 tox
|
|-heal|p1a: poggy froggy|62/100|[from] item: Leftovers
|-damage|p2a: Luring Slurker|52/100 tox|[from] psn
|upkeep
|turn|8
|
|t:|1659917280
|move|p2a: Luring Slurker|Knock Off|p1a: poggy froggy
|-damage|p1a: poggy froggy|32/100
|-enditem|p1a: poggy froggy|Leftovers|[from] move: Knock Off|[of] p2a: Luring Slurker
|move|p1a: poggy froggy|Recover|p1a: poggy froggy
|-heal|p1a: poggy froggy|82/100
|
|-damage|p2a: Luring Slurker|33/100 tox|[from] psn
|upkeep
|turn|9
|
|t:|1659917284
|move|p2a: Luring Slurker|Rest|p2a: Luring Slurker
|-status|p2a: Luring Slurker|slp|[from] move: Rest
|-heal|p2a: Luring Slurker|100/100 slp|[silent]
|move|p1a: poggy froggy|Recover|p1a: poggy froggy
|-heal|p1a: poggy froggy|100/100
|
|upkeep
|turn|10
|
|t:|1659917287
|cant|p2a: Luring Slurker|slp
|move|p2a: Luring Slurker|Sleep Talk|p2a: Luring Slurker
|move|p2a: Luring Slurker|Rest||[from]move: Sleep Talk|[still]
|-fail|p2a: Luring Slurker
|move|p1a: poggy froggy|Haze|p1a: poggy froggy
|-clearallboost
|
|upkeep
|turn|11
|
|t:|1659917293
|cant|p2a: Luring Slurker|slp
|move|p2a: Luring Slurker|Sleep Talk|p2a: Luring Slurker
|move|p2a: Luring Slurker|Rest||[from]move: Sleep Talk|[still]
|-fail|p2a: Luring Slurker
|move|p1a: poggy froggy|Scald|p2a: Luring Slurker
|-damage|p2a: Luring Slurker|86/100 slp
|
|upkeep
|turn|12
|
|t:|1659917298
|switch|p2a: Man-at-Legs|Xurkitree|100/100
|move|p1a: poggy froggy|Toxic|p2a: Man-at-Legs
|-status|p2a: Man-at-Legs|tox
|
|-damage|p2a: Man-at-Legs|94/100 tox|[from] psn
|upkeep
|turn|13
|
|t:|1659917303
|switch|p1a: megan the eggin|Chansey, F|100/100
|move|p2a: Man-at-Legs|Energy Ball|p1a: megan the eggin
|-damage|p1a: megan the eggin|88/100
|
|-damage|p2a: Man-at-Legs|82/100 tox|[from] psn
|upkeep
|turn|14
|
|t:|1659917306
|move|p2a: Man-at-Legs|Zap Cannon|p1a: megan the eggin|[miss]
|-miss|p2a: Man-at-Legs|p1a: megan the eggin
|-enditem|p2a: Man-at-Legs|Blunder Policy
|-boost|p2a: Man-at-Legs|spe|2
|move|p1a: megan the eggin|Stealth Rock|p2a: Man-at-Legs
|-sidestart|p2: Polybius32|move: Stealth Rock
|
|-damage|p2a: Man-at-Legs|63/100 tox|[from] psn
|upkeep
|turn|15
|
|t:|1659917309
|move|p2a: Man-at-Legs|Thunderbolt|p1a: megan the eggin
|-damage|p1a: megan the eggin|67/100
|-status|p1a: megan the eggin|par
|move|p1a: megan the eggin|Seismic Toss|p2a: Man-at-Legs
|-damage|p2a: Man-at-Legs|31/100 tox
|
|-damage|p2a: Man-at-Legs|6/100 tox|[from] psn
|upkeep
|turn|16
|
|t:|1659917315
|move|p2a: Man-at-Legs|Dazzling Gleam|p1a: megan the eggin
|-damage|p1a: megan the eggin|55/100 par
|move|p1a: megan the eggin|Soft-Boiled|p1a: megan the eggin
|-heal|p1a: megan the eggin|100/100 par
|
|-damage|p2a: Man-at-Legs|0 fnt|[from] psn
|faint|p2a: Man-at-Legs
|upkeep
|
|t:|1659917324
|switch|p2a: Ashen Demon|Necrozma|100/100
|-damage|p2a: Ashen Demon|88/100|[from] Stealth Rock
|turn|17
|
|t:|1659917327
|move|p2a: Ashen Demon|Calm Mind|p2a: Ashen Demon
|-boost|p2a: Ashen Demon|spa|1
|-boost|p2a: Ashen Demon|spd|1
|move|p1a: megan the eggin|Toxic|p2a: Ashen Demon
|-status|p2a: Ashen Demon|tox
|
|-heal|p2a: Ashen Demon|94/100 tox|[from] item: Leftovers
|-damage|p2a: Ashen Demon|88/100 tox|[from] psn
|upkeep
|turn|18
|j| zeth96
|
|t:|1659917335
|-curestatus|p1a: megan the eggin|par|[from] ability: Natural Cure
|switch|p1a: umby wumby|Umbreon, F|100/100
|move|p2a: Ashen Demon|Calm Mind|p2a: Ashen Demon
|-boost|p2a: Ashen Demon|spa|1
|-boost|p2a: Ashen Demon|spd|1
|
|-heal|p2a: Ashen Demon|94/100 tox|[from] item: Leftovers
|-damage|p2a: Ashen Demon|82/100 tox|[from] psn
|upkeep
|turn|19
|
|t:|1659917339
|move|p2a: Ashen Demon|Calm Mind|p2a: Ashen Demon
|-boost|p2a: Ashen Demon|spa|1
|-boost|p2a: Ashen Demon|spd|1
|move|p1a: umby wumby|Foul Play|p2a: Ashen Demon
|-supereffective|p2a: Ashen Demon
|-damage|p2a: Ashen Demon|58/100 tox
|
|-heal|p2a: Ashen Demon|64/100 tox|[from] item: Leftovers
|-damage|p2a: Ashen Demon|46/100 tox|[from] psn
|upkeep
|turn|20
|
|t:|1659917343
|move|p2a: Ashen Demon|Heat Wave|p1a: umby wumby
|-damage|p1a: umby wumby|50/100
|move|p1a: umby wumby|Foul Play|p2a: Ashen Demon
|-supereffective|p2a: Ashen Demon
|-damage|p2a: Ashen Demon|23/100 tox
|
|-heal|p2a: Ashen Demon|29/100 tox|[from] item: Leftovers
|-heal|p1a: umby wumby|57/100|[from] item: Leftovers
|-damage|p2a: Ashen Demon|5/100 tox|[from] psn
|upkeep
|turn|21
|
|t:|1659917347
|move|p1a: umby wumby|Protect|p1a: umby wumby
|-singleturn|p1a: umby wumby|Protect
|move|p2a: Ashen Demon|Morning Sun|p2a: Ashen Demon
|-heal|p2a: Ashen Demon|55/100 tox
|
|-heal|p2a: Ashen Demon|61/100 tox|[from] item: Leftovers
|-heal|p1a: umby wumby|63/100|[from] item: Leftovers
|-damage|p2a: Ashen Demon|31/100 tox|[from] psn
|upkeep
|turn|22
|
|t:|1659917351
|move|p2a: Ashen Demon|Heat Wave|p1a: umby wumby
|-damage|p1a: umby wumby|15/100
|move|p1a: umby wumby|Wish|p1a: umby wumby
|
|-heal|p2a: Ashen Demon|37/100 tox|[from] item: Leftovers
|-heal|p1a: umby wumby|21/100|[from] item: Leftovers
|-damage|p2a: Ashen Demon|1/100 tox|[from] psn
|upkeep
|turn|23
|
|t:|1659917354
|move|p1a: umby wumby|Protect|p1a: umby wumby
|-singleturn|p1a: umby wumby|Protect
|move|p2a: Ashen Demon|Morning Sun|p2a: Ashen Demon
|-heal|p2a: Ashen Demon|51/100 tox
|
|-heal|p1a: umby wumby|71/100|[from] move: Wish|[wisher] umby wumby
|-heal|p2a: Ashen Demon|57/100 tox|[from] item: Leftovers
|-heal|p1a: umby wumby|77/100|[from] item: Leftovers
|-damage|p2a: Ashen Demon|15/100 tox|[from] psn
|upkeep
|turn|24
|
|t:|1659917359
|move|p2a: Ashen Demon|Heat Wave|p1a: umby wumby
|-damage|p1a: umby wumby|30/100
|move|p1a: umby wumby|Wish|p1a: umby wumby
|
|-heal|p2a: Ashen Demon|21/100 tox|[from] item: Leftovers
|-heal|p1a: umby wumby|36/100|[from] item: Leftovers
|-damage|p2a: Ashen Demon|0 fnt|[from] psn
|faint|p2a: Ashen Demon
|upkeep
|
|t:|1659917368
|switch|p2a: Epimenides|Omastar, M|100/100
|-damage|p2a: Epimenides|88/100|[from] Stealth Rock
|turn|25
|
|t:|1659917375
|move|p2a: Epimenides|Shell Smash|p2a: Epimenides
|-unboost|p2a: Epimenides|def|1
|-unboost|p2a: Epimenides|spd|1
|-boost|p2a: Epimenides|atk|2
|-boost|p2a: Epimenides|spa|2
|-boost|p2a: Epimenides|spe|2
|move|p1a: umby wumby|Foul Play|p2a: Epimenides
|-damage|p2a: Epimenides|45/100
|-ability|p2a: Epimenides|Weak Armor|boost
|-unboost|p2a: Epimenides|def|1
|-boost|p2a: Epimenides|spe|2
|
|-heal|p1a: umby wumby|86/100|[from] move: Wish|[wisher] umby wumby
|-heal|p1a: umby wumby|92/100|[from] item: Leftovers
|upkeep
|turn|26
|
|t:|1659917379
|move|p1a: umby wumby|Protect|p1a: umby wumby
|-singleturn|p1a: umby wumby|Protect
|move|p2a: Epimenides|Meteor Beam||[still]
|-prepare|p2a: Epimenides|Meteor Beam
|-boost|p2a: Epimenides|spa|1
|-enditem|p2a: Epimenides|Power Herb
|-anim|p2a: Epimenides|Meteor Beam|p1a: umby wumby
|-activate|p1a: umby wumby|move: Protect
|
|-heal|p1a: umby wumby|98/100|[from] item: Leftovers
|upkeep
|turn|27
|
|t:|1659917385
|move|p2a: Epimenides|Scald|p1a: umby wumby
|-damage|p1a: umby wumby|27/100
|-status|p1a: umby wumby|brn
|-activate|p1a: umby wumby|ability: Synchronize
|-status|p2a: Epimenides|brn
|move|p1a: umby wumby|Foul Play|p2a: Epimenides
|-damage|p2a: Epimenides|12/100 brn
|-ability|p2a: Epimenides|Weak Armor|boost
|-unboost|p2a: Epimenides|def|1
|-boost|p2a: Epimenides|spe|2
|
|-heal|p1a: umby wumby|33/100 brn|[from] item: Leftovers
|-damage|p2a: Epimenides|6/100 brn|[from] brn
|-damage|p1a: umby wumby|27/100 brn|[from] brn
|upkeep
|turn|28
|
|t:|1659917393
|move|p1a: umby wumby|Protect|p1a: umby wumby
|-singleturn|p1a: umby wumby|Protect
|move|p2a: Epimenides|Meteor Beam||[still]
|-prepare|p2a: Epimenides|Meteor Beam
|-boost|p2a: Epimenides|spa|1
|
|-heal|p1a: umby wumby|33/100 brn|[from] item: Leftovers
|-damage|p2a: Epimenides|0 fnt|[from] brn
|faint|p2a: Epimenides
|-damage|p1a: umby wumby|27/100 brn|[from] brn
|upkeep
|
|t:|1659917396
|switch|p2a: Jim|Regice|100/100
|-damage|p2a: Jim|75/100|[from] Stealth Rock
|turn|29
|
|t:|1659917399
|switch|p1a: megan the eggin|Chansey, F|100/100
|move|p2a: Jim|Ice Beam|p1a: megan the eggin
|-damage|p1a: megan the eggin|87/100
|
|upkeep
|turn|30
|
|t:|1659917402
|move|p1a: megan the eggin|Toxic|p2a: Jim
|-status|p2a: Jim|tox
|move|p2a: Jim|Focus Blast|p1a: megan the eggin
|-supereffective|p1a: megan the eggin
|-damage|p1a: megan the eggin|64/100
|
|-damage|p2a: Jim|69/100 tox|[from] psn
|upkeep
|turn|31
|
|t:|1659917406
|move|p1a: megan the eggin|Soft-Boiled|p1a: megan the eggin
|-heal|p1a: megan the eggin|100/100
|move|p2a: Jim|Focus Blast|p1a: megan the eggin
|-supereffective|p1a: megan the eggin
|-damage|p1a: megan the eggin|77/100
|
|-damage|p2a: Jim|57/100 tox|[from] psn
|upkeep
|turn|32
|-message|Polybius32 forfeited.
|
|win|5 pia to the top
|raw|5 pia to the top's rating: 1382 &rarr; <strong>1407</strong><br />(+25 for winning)
|raw|Polybius32's rating: 1479 &rarr; <strong>1454</strong><br />(-25 for losing)
|l|☆Polybius32
||Ladder isn't responding, score probably updated but might not have (Request timeout).
