|j|☆PlasticPinnochio
|j|☆Hydreigon > Latias
|t:|1668099373
|gametype|singles
|player|p1|PlasticPinnochio|policeman-gen4|1561
|player|p2|Hydreigon > Latias|guitarist|1562
|teamsize|p1|6
|teamsize|p2|6
|gen|8
|tier|[Gen 8] UU
|rated|
|rule|Sleep Clause Mod: Limit one foe put to sleep
|rule|Species Clause: Limit one of each Pokémon
|rule|OHKO Clause: OHKO moves are banned
|rule|Evasion Items Clause: Evasion items are banned
|rule|Evasion Moves Clause: Evasion moves are banned
|rule|Endless Battle Clause: Forcing endless battles is banned
|rule|HP Percentage Mod: HP is shown in percentages
|rule|Dynamax Clause: You cannot dynamax
|clearpoke
|poke|p1|Tornadus, M|
|poke|p1|Zarude|
|poke|p1|Hippowdon, M|
|poke|p1|Rotom-Wash|
|poke|p1|Scizor, F|
|poke|p1|Raikou|
|poke|p2|Chansey, F|
|poke|p2|Scizor, F|
|poke|p2|Excadrill, F|
|poke|p2|Lycanroc-Dusk, M|
|poke|p2|Hydreigon, F|
|poke|p2|Amoonguss, F|
|teampreview
|inactive|Battle timer is ON: inactive players will automatically lose when time's up. (requested by PlasticPinnochio)
|c|☆PlasticPinnochio|hf
|
|t:|1668099399
|start
|switch|p1a: Tornadus|Tornadus, M|100/100
|switch|p2a: Amoonguss|Amoonguss, F|100/100
|turn|1
|
|t:|1668099405
|switch|p2a: Chansey|Chansey, F|100/100
|move|p1a: Tornadus|Knock Off|p2a: Chansey
|-damage|p2a: Chansey|84/100
|-enditem|p2a: Chansey|Eviolite|[from] move: Knock Off|[of] p1a: Tornadus
|
|upkeep
|turn|2
|
|t:|1668099410
|move|p1a: Tornadus|U-turn|p2a: Chansey
|-damage|p2a: Chansey|66/100
|
|t:|1668099413
|switch|p1a: Zarude|Zarude|100/100|[from]move: U-turn
|move|p2a: Chansey|Teleport|p2a: Chansey
|j| Fog of Mud
|
|t:|1668099431
|switch|p2a: Amoonguss|Amoonguss, F|100/100|[from]move: Teleport
|
|upkeep
|turn|3
|
|t:|1668099435
|move|p1a: Zarude|U-turn|p2a: Amoonguss
|-damage|p2a: Amoonguss|84/100
|-damage|p1a: Zarude|84/100|[from] item: Rocky Helmet|[of] p2a: Amoonguss
|
|t:|1668099439
|switch|p1a: Scizor|Scizor, F|100/100|[from]move: U-turn
|move|p2a: Amoonguss|Stun Spore|p1a: Scizor
|-status|p1a: Scizor|par
|
|upkeep
|turn|4
|
|t:|1668099448
|move|p2a: Amoonguss|Foul Play|p1a: Scizor
|-damage|p1a: Scizor|78/100 par
|-damage|p2a: Amoonguss|68/100|[from] item: Rocky Helmet|[of] p1a: Scizor
|cant|p1a: Scizor|par
|
|upkeep
|turn|5
|
|t:|1668099452
|switch|p2a: Scizor|Scizor, F|100/100
|move|p1a: Scizor|Knock Off|p2a: Scizor
|-damage|p2a: Scizor|71/100
|-enditem|p2a: Scizor|Heavy-Duty Boots|[from] move: Knock Off|[of] p1a: Scizor
|
|upkeep
|turn|6
|
|t:|1668099459
|switch|p1a: Rotom|Rotom-Wash|100/100
|move|p2a: Scizor|Knock Off|p1a: Rotom
|-damage|p1a: Rotom|63/100
|-enditem|p1a: Rotom|Leftovers|[from] move: Knock Off|[of] p2a: Scizor
|
|upkeep
|turn|7
|
|t:|1668099464
|switch|p2a: Chansey|Chansey, F|66/100
|move|p1a: Rotom|Volt Switch|p2a: Chansey
|-damage|p2a: Chansey|53/100
|
|t:|1668099467
|switch|p1a: Zarude|Zarude|84/100|[from]move: Volt Switch
|
|upkeep
|turn|8
|
|t:|1668099481
|switch|p2a: Amoonguss|Amoonguss, F|100/100
|move|p1a: Zarude|U-turn|p2a: Amoonguss
|-damage|p2a: Amoonguss|85/100
|-damage|p1a: Zarude|67/100|[from] item: Rocky Helmet|[of] p2a: Amoonguss
|
|t:|1668099483
|switch|p1a: Tornadus|Tornadus, M|100/100|[from]move: U-turn
|
|upkeep
|turn|9
|
|t:|1668099512
|switch|p2a: Chansey|Chansey, F|53/100
|move|p1a: Tornadus|Hurricane|p2a: Chansey|[miss]
|-miss|p1a: Tornadus|p2a: Chansey
|
|upkeep
|turn|10
|
|t:|1668099515
|move|p1a: Tornadus|U-turn|p2a: Chansey
|-damage|p2a: Chansey|35/100
|
|t:|1668099520
|switch|p1a: Hippowdon|Hippowdon, M|100/100|[from]move: U-turn
|-weather|Sandstorm|[from] ability: Sand Stream|[of] p1a: Hippowdon
|move|p2a: Chansey|Soft-Boiled|p2a: Chansey
|-heal|p2a: Chansey|85/100
|
|-weather|Sandstorm|[upkeep]
|-damage|p2a: Chansey|79/100|[from] Sandstorm
|upkeep
|turn|11
|inactive|Hydreigon > Latias has 120 seconds left.
|
|t:|1668099563
|switch|p2a: Amoonguss|Amoonguss, F|100/100
|move|p1a: Hippowdon|Stealth Rock|p2a: Amoonguss
|-sidestart|p2: Hydreigon > Latias|move: Stealth Rock
|
|-weather|Sandstorm|[upkeep]
|-damage|p2a: Amoonguss|94/100|[from] Sandstorm
|upkeep
|turn|12
|
|t:|1668099569
|switch|p1a: Scizor|Scizor, F|78/100 par
|move|p2a: Amoonguss|Sludge Bomb|p1a: Scizor
|-immune|p1a: Scizor
|
|-weather|Sandstorm|[upkeep]
|-damage|p2a: Amoonguss|88/100|[from] Sandstorm
|upkeep
|turn|13
|
|t:|1668099574
|switch|p2a: Scizor|Scizor, F|71/100
|-damage|p2a: Scizor|59/100|[from] Stealth Rock
|cant|p1a: Scizor|par
|
|-weather|Sandstorm|[upkeep]
|upkeep
|turn|14
|
|t:|1668099580
|switch|p1a: Raikou|Raikou|100/100
|-ability|p1a: Raikou|Pressure
|move|p2a: Scizor|Roost|p2a: Scizor
|-heal|p2a: Scizor|100/100
|-singleturn|p2a: Scizor|move: Roost
|
|-weather|none
|upkeep
|turn|15
|inactive|Hydreigon > Latias has 120 seconds left.
|
|t:|1668099611
|move|p1a: Raikou|Volt Switch|p2a: Scizor
|-damage|p2a: Scizor|65/100
|
|t:|1668099614
|switch|p1a: Scizor|Scizor, F|78/100 par|[from]move: Volt Switch
|move|p2a: Scizor|Knock Off|p1a: Scizor
|-damage|p1a: Scizor|51/100 par
|-damage|p2a: Scizor|48/100|[from] item: Rocky Helmet|[of] p1a: Scizor
|-enditem|p1a: Scizor|Rocky Helmet|[from] move: Knock Off|[of] p2a: Scizor
|
|upkeep
|turn|16
|inactive|Hydreigon > Latias has 120 seconds left.
|
|t:|1668099630
|move|p2a: Scizor|Roost|p2a: Scizor
|-heal|p2a: Scizor|98/100
|-singleturn|p2a: Scizor|move: Roost
|move|p1a: Scizor|Roost|p1a: Scizor
|-heal|p1a: Scizor|100/100 par
|-singleturn|p1a: Scizor|move: Roost
|
|upkeep
|turn|17
|
|t:|1668099633
|move|p2a: Scizor|Knock Off|p1a: Scizor
|-damage|p1a: Scizor|83/100 par
|move|p1a: Scizor|U-turn|p2a: Scizor
|-resisted|p2a: Scizor
|-damage|p2a: Scizor|84/100
|
|t:|1668099636
|switch|p1a: Tornadus|Tornadus, M|100/100|[from]move: U-turn
|
|upkeep
|turn|18
|inactive|Hydreigon > Latias has 120 seconds left.
|
|t:|1668099668
|switch|p2a: Chansey|Chansey, F|79/100
|-damage|p2a: Chansey|66/100|[from] Stealth Rock
|move|p1a: Tornadus|Heat Wave|p2a: Chansey
|-damage|p2a: Chansey|52/100
|
|upkeep
|turn|19
|
|t:|1668099673
|move|p1a: Tornadus|U-turn|p2a: Chansey
|-damage|p2a: Chansey|34/100
|
|t:|1668099676
|switch|p1a: Zarude|Zarude|67/100|[from]move: U-turn
|move|p2a: Chansey|Soft-Boiled|p2a: Chansey
|-heal|p2a: Chansey|84/100
|
|upkeep
|turn|20
|inactive|Hydreigon > Latias has 120 seconds left.
|
|t:|1668099700
|move|p1a: Zarude|Jungle Healing|p1a: Zarude
|-heal|p1a: Zarude|93/100
|move|p2a: Chansey|Soft-Boiled|p2a: Chansey
|-heal|p2a: Chansey|100/100
|
|upkeep
|turn|21
|
|t:|1668099707
|switch|p1a: Scizor|Scizor, F|83/100 par
|move|p2a: Chansey|Teleport|p2a: Chansey
|inactive|Hydreigon > Latias has 120 seconds left.
|
|t:|1668099720
|switch|p2a: Excadrill|Excadrill, F|100/100|[from]move: Teleport
|-damage|p2a: Excadrill|97/100|[from] Stealth Rock
|-ability|p2a: Excadrill|Mold Breaker
|
|-heal|p2a: Excadrill|100/100|[from] item: Leftovers
|upkeep
|turn|22
|
|t:|1668099722
|move|p2a: Excadrill|Stealth Rock|p1a: Scizor
|-sidestart|p1: PlasticPinnochio|move: Stealth Rock
|move|p1a: Scizor|Knock Off|p2a: Excadrill
|-damage|p2a: Excadrill|58/100
|-enditem|p2a: Excadrill|Leftovers|[from] move: Knock Off|[of] p1a: Scizor
|
|upkeep
|turn|23
|
|t:|1668099727
|switch|p2a: Amoonguss|Amoonguss, F|100/100
|-damage|p2a: Amoonguss|88/100|[from] Stealth Rock
|move|p1a: Scizor|Knock Off|p2a: Amoonguss
|-damage|p2a: Amoonguss|68/100
|-damage|p1a: Scizor|67/100 par|[from] item: Rocky Helmet|[of] p2a: Amoonguss
|-enditem|p2a: Amoonguss|Rocky Helmet|[from] move: Knock Off|[of] p1a: Scizor
|
|upkeep
|turn|24
|
|t:|1668099733
|move|p2a: Amoonguss|Foul Play|p1a: Scizor
|-damage|p1a: Scizor|47/100 par
|move|p1a: Scizor|Roost|p1a: Scizor
|-heal|p1a: Scizor|97/100 par
|-singleturn|p1a: Scizor|move: Roost
|
|upkeep
|turn|25
|
|t:|1668099749
|move|p2a: Amoonguss|Foul Play|p1a: Scizor
|-crit|p1a: Scizor
|-damage|p1a: Scizor|65/100 par
|cant|p1a: Scizor|par
|
|upkeep
|turn|26
|
|t:|1668099755
|move|p2a: Amoonguss|Foul Play|p1a: Scizor
|-damage|p1a: Scizor|45/100 par
|cant|p1a: Scizor|par
|
|upkeep
|turn|27
|inactive|Hydreigon > Latias has 120 seconds left.
|inactive|Hydreigon > Latias has 90 seconds left.
|
|t:|1668099816
|switch|p2a: Hydreigon|Hydreigon, F|100/100
|-damage|p2a: Hydreigon|88/100|[from] Stealth Rock
|move|p1a: Scizor|Roost|p1a: Scizor
|-heal|p1a: Scizor|95/100 par
|-singleturn|p1a: Scizor|move: Roost
|
|upkeep
|turn|28
|
|t:|1668099828
|switch|p1a: Hippowdon|Hippowdon, M|100/100
|-damage|p1a: Hippowdon|94/100|[from] Stealth Rock
|-weather|Sandstorm|[from] ability: Sand Stream|[of] p1a: Hippowdon
|move|p2a: Hydreigon|Dark Pulse|p1a: Hippowdon
|-damage|p1a: Hippowdon|48/100
|
|-weather|Sandstorm|[upkeep]
|-damage|p2a: Hydreigon|82/100|[from] Sandstorm
|-heal|p1a: Hippowdon|55/100|[from] item: Leftovers
|upkeep
|turn|29
|
|t:|1668099840
|move|p2a: Hydreigon|Dark Pulse|p1a: Hippowdon
|-damage|p1a: Hippowdon|4/100
|move|p1a: Hippowdon|Slack Off|p1a: Hippowdon
|-heal|p1a: Hippowdon|54/100
|
|-weather|Sandstorm|[upkeep]
|-damage|p2a: Hydreigon|76/100|[from] Sandstorm
|-heal|p1a: Hippowdon|60/100|[from] item: Leftovers
|upkeep
|turn|30
|
|t:|1668099845
|switch|p1a: Zarude|Zarude|93/100
|move|p2a: Hydreigon|Dark Pulse|p1a: Zarude
|-resisted|p1a: Zarude
|-damage|p1a: Zarude|60/100
|
|-weather|Sandstorm|[upkeep]
|-damage|p1a: Zarude|54/100|[from] Sandstorm
|-damage|p2a: Hydreigon|70/100|[from] Sandstorm
|upkeep
|turn|31
|
|t:|1668099853
|switch|p2a: Amoonguss|Amoonguss, F|100/100
|-damage|p2a: Amoonguss|88/100|[from] Stealth Rock
|move|p1a: Zarude|Darkest Lariat|p2a: Amoonguss
|-damage|p2a: Amoonguss|55/100
|
|-weather|Sandstorm|[upkeep]
|-damage|p1a: Zarude|48/100|[from] Sandstorm
|-damage|p2a: Amoonguss|48/100|[from] Sandstorm
|upkeep
|turn|32
|inactive|Hydreigon > Latias has 120 seconds left.
|
|t:|1668099860
|move|p1a: Zarude|U-turn|p2a: Amoonguss
|-damage|p2a: Amoonguss|30/100
|
|t:|1668099868
|switch|p1a: Scizor|Scizor, F|95/100 par|[from]move: U-turn
|-damage|p1a: Scizor|83/100 par|[from] Stealth Rock
|move|p2a: Amoonguss|Foul Play|p1a: Scizor
|-damage|p1a: Scizor|63/100 par
|
|-weather|none
|upkeep
|turn|33
|inactive|Hydreigon > Latias has 120 seconds left.
|
|t:|1668099901
|move|p2a: Amoonguss|Synthesis|p2a: Amoonguss
|-heal|p2a: Amoonguss|80/100
|move|p1a: Scizor|U-turn|p2a: Amoonguss
|-damage|p2a: Amoonguss|56/100
|
|t:|1668099904
|switch|p1a: Hippowdon|Hippowdon, M|60/100|[from]move: U-turn
|-damage|p1a: Hippowdon|54/100|[from] Stealth Rock
|-weather|Sandstorm|[from] ability: Sand Stream|[of] p1a: Hippowdon
|
|-weather|Sandstorm|[upkeep]
|-damage|p2a: Amoonguss|50/100|[from] Sandstorm
|-heal|p1a: Hippowdon|60/100|[from] item: Leftovers
|upkeep
|turn|34
|
|t:|1668099910
|move|p1a: Hippowdon|Earthquake|p2a: Amoonguss
|-damage|p2a: Amoonguss|23/100
|move|p2a: Amoonguss|Stun Spore|p1a: Hippowdon
|-status|p1a: Hippowdon|par
|
|-weather|Sandstorm|[upkeep]
|-damage|p2a: Amoonguss|17/100|[from] Sandstorm
|-heal|p1a: Hippowdon|67/100 par|[from] item: Leftovers
|upkeep
|turn|35
|
|t:|1668099917
|switch|p2a: Scizor|Scizor, F|84/100
|-damage|p2a: Scizor|72/100|[from] Stealth Rock
|move|p1a: Hippowdon|Whirlwind|p2a: Scizor
|drag|p2a: Chansey|Chansey, F|100/100
|-damage|p2a: Chansey|88/100|[from] Stealth Rock
|
|-weather|Sandstorm|[upkeep]
|-damage|p2a: Chansey|82/100|[from] Sandstorm
|-heal|p1a: Hippowdon|73/100 par|[from] item: Leftovers
|upkeep
|turn|36
|
|t:|1668099922
|move|p1a: Hippowdon|Earthquake|p2a: Chansey
|-damage|p2a: Chansey|43/100
|move|p2a: Chansey|Teleport|p2a: Chansey
|
|t:|1668099924
|switch|p2a: Hydreigon|Hydreigon, F|70/100|[from]move: Teleport
|-damage|p2a: Hydreigon|57/100|[from] Stealth Rock
|
|-weather|Sandstorm|[upkeep]
|-damage|p2a: Hydreigon|51/100|[from] Sandstorm
|-heal|p1a: Hippowdon|79/100 par|[from] item: Leftovers
|upkeep
|turn|37
|
|t:|1668099927
|move|p2a: Hydreigon|Draco Meteor|p1a: Hippowdon|[miss]
|-miss|p2a: Hydreigon|p1a: Hippowdon
|cant|p1a: Hippowdon|par
|
|-weather|none
|-heal|p1a: Hippowdon|85/100 par|[from] item: Leftovers
|upkeep
|turn|38
|
|t:|1668099942
|move|p2a: Hydreigon|Draco Meteor|p1a: Hippowdon
|-damage|p1a: Hippowdon|4/100 par
|-unboost|p2a: Hydreigon|spa|2
|cant|p1a: Hippowdon|par
|
|-heal|p1a: Hippowdon|10/100 par|[from] item: Leftovers
|upkeep
|turn|39
|
|t:|1668099946
|move|p2a: Hydreigon|Draco Meteor|p1a: Hippowdon
|-damage|p1a: Hippowdon|0 fnt
|-unboost|p2a: Hydreigon|spa|2
|faint|p1a: Hippowdon
|
|upkeep
|
|t:|1668099952
|switch|p1a: Tornadus|Tornadus, M|100/100
|turn|40
|
|t:|1668099979
|switch|p2a: Excadrill|Excadrill, F|58/100
|-damage|p2a: Excadrill|55/100|[from] Stealth Rock
|-ability|p2a: Excadrill|Mold Breaker
|move|p1a: Tornadus|Hurricane|p2a: Excadrill
|-resisted|p2a: Excadrill
|-damage|p2a: Excadrill|19/100
|
|upkeep
|turn|41
|
|t:|1668099984
|move|p1a: Tornadus|Heat Wave|p2a: Excadrill
|-supereffective|p2a: Excadrill
|-damage|p2a: Excadrill|0 fnt
|faint|p2a: Excadrill
|
|upkeep
|inactive|Hydreigon > Latias has 120 seconds left.
|
|t:|1668100014
|switch|p2a: Lycanroc|Lycanroc-Dusk, M|100/100
|-damage|p2a: Lycanroc|88/100|[from] Stealth Rock
|turn|42
|
|t:|1668100026
|move|p1a: Tornadus|U-turn|p2a: Lycanroc
|-damage|p2a: Lycanroc|59/100
|
|t:|1668100029
|switch|p1a: Rotom|Rotom-Wash|63/100|[from]move: U-turn
|-damage|p1a: Rotom|51/100|[from] Stealth Rock
|move|p2a: Lycanroc|Stone Edge|p1a: Rotom
|-damage|p1a: Rotom|0 fnt
|faint|p1a: Rotom
|
|upkeep
|
|t:|1668100031
|switch|p1a: Scizor|Scizor, F|63/100 par
|-damage|p1a: Scizor|51/100 par|[from] Stealth Rock
|turn|43
|
|t:|1668100037
|switch|p2a: Scizor|Scizor, F|72/100
|-damage|p2a: Scizor|60/100|[from] Stealth Rock
|move|p1a: Scizor|Bullet Punch|p2a: Scizor
|-resisted|p2a: Scizor
|-damage|p2a: Scizor|46/100
|
|upkeep
|turn|44
|
|t:|1668100040
|move|p2a: Scizor|Roost|p2a: Scizor
|-heal|p2a: Scizor|96/100
|-singleturn|p2a: Scizor|move: Roost
|move|p1a: Scizor|Roost|p1a: Scizor
|-heal|p1a: Scizor|100/100 par
|-singleturn|p1a: Scizor|move: Roost
|
|upkeep
|turn|45
|
|t:|1668100045
|move|p2a: Scizor|Knock Off|p1a: Scizor
|-damage|p1a: Scizor|82/100 par
|move|p1a: Scizor|U-turn|p2a: Scizor
|-resisted|p2a: Scizor
|-damage|p2a: Scizor|80/100
|
|t:|1668100048
|switch|p1a: Tornadus|Tornadus, M|100/100|[from]move: U-turn
|
|upkeep
|turn|46
|
|t:|1668100061
|switch|p2a: Chansey|Chansey, F|43/100
|-damage|p2a: Chansey|30/100|[from] Stealth Rock
|move|p1a: Tornadus|Hurricane|p2a: Chansey
|-damage|p2a: Chansey|4/100
|-start|p2a: Chansey|confusion
|
|upkeep
|turn|47
|
|t:|1668100066
|move|p1a: Tornadus|U-turn|p2a: Chansey
|-damage|p2a: Chansey|0 fnt
|faint|p2a: Chansey
|
|t:|1668100070
|switch|p1a: Raikou|Raikou|100/100|[from]move: U-turn
|-ability|p1a: Raikou|Pressure
|
|upkeep
|
|t:|1668100085
|switch|p2a: Amoonguss|Amoonguss, F|50/100
|-damage|p2a: Amoonguss|38/100|[from] Stealth Rock
|turn|48
|
|t:|1668100089
|move|p1a: Raikou|Volt Switch|p2a: Amoonguss
|-resisted|p2a: Amoonguss
|-damage|p2a: Amoonguss|23/100
|
|t:|1668100090
|switch|p1a: Tornadus|Tornadus, M|100/100|[from]move: Volt Switch
|move|p2a: Amoonguss|Synthesis|p2a: Amoonguss
|-heal|p2a: Amoonguss|73/100
|
|upkeep
|turn|49
|
|t:|1668100102
|switch|p2a: Scizor|Scizor, F|80/100
|-damage|p2a: Scizor|68/100|[from] Stealth Rock
|move|p1a: Tornadus|Hurricane|p2a: Scizor|[miss]
|-miss|p1a: Tornadus|p2a: Scizor
|
|upkeep
|turn|50
|
|t:|1668100108
|move|p2a: Scizor|Bullet Punch|p1a: Tornadus
|-damage|p1a: Tornadus|55/100
|move|p1a: Tornadus|Heat Wave|p2a: Scizor
|-supereffective|p2a: Scizor
|-damage|p2a: Scizor|0 fnt
|faint|p2a: Scizor
|
|upkeep
|
|t:|1668100126
|switch|p2a: Lycanroc|Lycanroc-Dusk, M|59/100
|-damage|p2a: Lycanroc|46/100|[from] Stealth Rock
|turn|51
|
|t:|1668100128
|switch|p1a: Raikou|Raikou|100/100
|-ability|p1a: Raikou|Pressure
|move|p2a: Lycanroc|Accelerock|p1a: Raikou
|-damage|p1a: Raikou|46/100
|
|upkeep
|turn|52
|
|t:|1668100133
|move|p2a: Lycanroc|Accelerock|p1a: Raikou
|-damage|p1a: Raikou|0 fnt
|faint|p1a: Raikou
|
|upkeep
|
|t:|1668100135
|switch|p1a: Scizor|Scizor, F|82/100 par
|-damage|p1a: Scizor|70/100 par|[from] Stealth Rock
|turn|53
|
|t:|1668100156
|switch|p2a: Amoonguss|Amoonguss, F|100/100
|-damage|p2a: Amoonguss|88/100|[from] Stealth Rock
|cant|p1a: Scizor|par
|
|upkeep
|turn|54
|j| kyoriga
|
|t:|1668100161
|move|p2a: Amoonguss|Foul Play|p1a: Scizor
|-damage|p1a: Scizor|51/100 par
|move|p1a: Scizor|Roost|p1a: Scizor
|-heal|p1a: Scizor|100/100 par
|-singleturn|p1a: Scizor|move: Roost
|
|upkeep
|turn|55
|
|t:|1668100169
|move|p1a: Scizor|Bullet Punch|p2a: Amoonguss
|-damage|p2a: Amoonguss|67/100
|move|p2a: Amoonguss|Foul Play|p1a: Scizor
|-damage|p1a: Scizor|81/100 par
|
|upkeep
|turn|56
|
|t:|1668100184
|move|p2a: Amoonguss|Foul Play|p1a: Scizor
|-damage|p1a: Scizor|59/100 par
|cant|p1a: Scizor|par
|
|upkeep
|turn|57
|
|t:|1668100187
|switch|p2a: Hydreigon|Hydreigon, F|51/100
|-damage|p2a: Hydreigon|39/100|[from] Stealth Rock
|cant|p1a: Scizor|par
|
|upkeep
|turn|58
|
|t:|1668100191
|switch|p1a: Zarude|Zarude|48/100
|move|p2a: Hydreigon|Fire Blast|p1a: Zarude
|-supereffective|p1a: Zarude
|-damage|p1a: Zarude|0 fnt
|faint|p1a: Zarude
|
|upkeep
|
|t:|1668100195
|switch|p1a: Tornadus|Tornadus, M|55/100
|turn|59
|
|t:|1668100200
|move|p1a: Tornadus|Hurricane|p2a: Hydreigon
|-damage|p2a: Hydreigon|0 fnt
|faint|p2a: Hydreigon
|
|upkeep
|
|t:|1668100203
|switch|p2a: Lycanroc|Lycanroc-Dusk, M|46/100
|-damage|p2a: Lycanroc|34/100|[from] Stealth Rock
|turn|60
|
|t:|1668100208
|move|p2a: Lycanroc|Accelerock|p1a: Tornadus
|-supereffective|p1a: Tornadus
|-damage|p1a: Tornadus|0 fnt
|faint|p1a: Tornadus
|
|upkeep
|c|☆PlasticPinnochio|man
|c|☆PlasticPinnochio|gg
|
|t:|1668100215
|switch|p1a: Scizor|Scizor, F|59/100 par
|-damage|p1a: Scizor|47/100 par|[from] Stealth Rock
|turn|61
|
|t:|1668100219
|move|p2a: Lycanroc|Accelerock|p1a: Scizor
|-damage|p1a: Scizor|20/100 par
|move|p1a: Scizor|Roost|p1a: Scizor
|-heal|p1a: Scizor|70/100 par
|-singleturn|p1a: Scizor|move: Roost
|
|upkeep
|turn|62
|
|t:|1668100223
|move|p2a: Lycanroc|Accelerock|p1a: Scizor
|-damage|p1a: Scizor|41/100 par
|move|p1a: Scizor|Bullet Punch|p2a: Lycanroc
|-supereffective|p2a: Lycanroc
|-damage|p2a: Lycanroc|0 fnt
|faint|p2a: Lycanroc
|
|upkeep
|
|t:|1668100226
|switch|p2a: Amoonguss|Amoonguss, F|99/100
|-damage|p2a: Amoonguss|88/100|[from] Stealth Rock
|turn|63
|
|t:|1668100228
|move|p2a: Amoonguss|Foul Play|p1a: Scizor
|-damage|p1a: Scizor|21/100 par
|move|p1a: Scizor|Roost|p1a: Scizor
|-heal|p1a: Scizor|71/100 par
|-singleturn|p1a: Scizor|move: Roost
|
|upkeep
|turn|64
|
|t:|1668100235
|move|p2a: Amoonguss|Foul Play|p1a: Scizor
|-damage|p1a: Scizor|50/100 par
|move|p1a: Scizor|Knock Off|p2a: Amoonguss
|-damage|p2a: Amoonguss|74/100
|
|upkeep
|turn|65
|
|t:|1668100238
|move|p2a: Amoonguss|Foul Play|p1a: Scizor
|-damage|p1a: Scizor|31/100 par
|move|p1a: Scizor|Roost|p1a: Scizor
|-heal|p1a: Scizor|81/100 par
|-singleturn|p1a: Scizor|move: Roost
|
|upkeep
|turn|66
|
|t:|1668100243
|move|p2a: Amoonguss|Foul Play|p1a: Scizor
|-damage|p1a: Scizor|59/100 par
|cant|p1a: Scizor|par
|
|upkeep
|turn|67
|
|t:|1668100247
|move|p2a: Amoonguss|Foul Play|p1a: Scizor
|-damage|p1a: Scizor|39/100 par
|cant|p1a: Scizor|par
|
|upkeep
|turn|68
|
|t:|1668100249
|move|p2a: Amoonguss|Foul Play|p1a: Scizor
|-damage|p1a: Scizor|19/100 par
|cant|p1a: Scizor|par
|
|upkeep
|turn|69
|
|t:|1668100251
|move|p2a: Amoonguss|Foul Play|p1a: Scizor
|-damage|p1a: Scizor|0 fnt
|faint|p1a: Scizor
|
|win|Hydreigon > Latias
|raw|PlasticPinnochio's rating: 1561 &rarr; <strong>1541</strong><br />(-20 for losing)
|raw|Hydreigon &gt; Latias's rating: 1562 &rarr; <strong>1582</strong><br />(+20 for winning)
|c|☆PlasticPinnochio|dude
|l|☆Hydreigon > Latias
|c|☆PlasticPinnochio|not even a gg
|c|☆PlasticPinnochio|now im sad
||Ladder isn't responding, score probably updated but might not have (Request timeout).
