|j|☆TNunes
|j|☆lanouille
|t:|1613315149
|player|p1|TNunes|youngster-gen4|1541
|player|p2|lanouille|schoolkid|1443
|teamsize|p1|6
|teamsize|p2|6
|gametype|singles
|gen|8
|tier|[Gen 8] UU
|rated|
|clearpoke
|poke|p1|Zarude|
|poke|p1|Rotom-Wash|
|poke|p1|Chandelure, F|
|poke|p1|Scizor, M|
|poke|p1|Nidoqueen, F|
|poke|p1|Hatterene, F|
|poke|p2|Nihilego|
|poke|p2|Ditto|
|poke|p2|Thundurus, M|
|poke|p2|Azumarill, F|
|poke|p2|Salamence, F|
|poke|p2|Jirachi|
|rule|Sleep Clause Mod: Limit one foe put to sleep
|rule|Species Clause: Limit one of each Pokémon
|rule|OHKO Clause: OHKO moves are banned
|rule|Evasion Moves Clause: Evasion moves are banned
|rule|Endless Battle Clause: Forcing endless battles is banned
|rule|HP Percentage Mod: HP is shown in percentages
|rule|Dynamax Clause: You cannot dynamax
|teampreview
|
|t:|1613315168
|start
|switch|p1a: Rotom|Rotom-Wash|100/100
|switch|p2a: Ditto|Ditto|100/100
|-transform|p2a: Ditto|p1a: Rotom|[from] ability: Imposter
|turn|1
|
|t:|1613315176
|move|p2a: Ditto|Volt Switch|p1a: Rotom
|-damage|p1a: Rotom|73/100
|
|t:|1613315184
|switch|p2a: Salamence|Salamence, F|100/100|[from]move: Volt Switch
|-ability|p2a: Salamence|Intimidate|boost
|-unboost|p1a: Rotom|atk|1
|move|p1a: Rotom|Volt Switch|p2a: Salamence
|-damage|p2a: Salamence|75/100
|
|t:|1613315189
|switch|p1a: Chandelure|Chandelure, F|100/100|[from]move: Volt Switch
|
|upkeep
|turn|2
|
|t:|1613315194
|move|p1a: Chandelure|Shadow Ball|p2a: Salamence
|-damage|p2a: Salamence|10/100
|move|p2a: Salamence|Roost|p2a: Salamence
|-heal|p2a: Salamence|60/100
|-singleturn|p2a: Salamence|move: Roost
|
|upkeep
|turn|3
|
|t:|1613315204
|switch|p2a: Nihilego|Nihilego|100/100
|move|p1a: Chandelure|Shadow Ball|p2a: Nihilego
|-damage|p2a: Nihilego|51/100
|
|upkeep
|turn|4
|
|t:|1613315211
|switch|p1a: Scizor|Scizor, M|100/100
|move|p2a: Nihilego|Meteor Beam||[still]
|-prepare|p2a: Nihilego|Meteor Beam
|-boost|p2a: Nihilego|spa|1
|-enditem|p2a: Nihilego|Power Herb
|-anim|p2a: Nihilego|Meteor Beam|p1a: Scizor
|-damage|p1a: Scizor|4/100
|
|upkeep
|turn|5
|
|t:|1613315223
|switch|p2a: Salamence|Salamence, F|60/100
|-ability|p2a: Salamence|Intimidate|boost
|-unboost|p1a: Scizor|atk|1
|move|p1a: Scizor|Bullet Punch|p2a: Salamence
|-damage|p2a: Salamence|31/100
|
|upkeep
|turn|6
|
|t:|1613315232
|switch|p1a: Chandelure|Chandelure, F|100/100
|move|p2a: Salamence|Roost|p2a: Salamence
|-heal|p2a: Salamence|81/100
|-singleturn|p2a: Salamence|move: Roost
|
|upkeep
|turn|7
|
|t:|1613315239
|move|p1a: Chandelure|Shadow Ball|p2a: Salamence
|-damage|p2a: Salamence|5/100
|-unboost|p2a: Salamence|spd|1
|move|p2a: Salamence|Draco Meteor|p1a: Chandelure
|-damage|p1a: Chandelure|12/100
|-unboost|p2a: Salamence|spa|2
|
|upkeep
|turn|8
|
|t:|1613315249
|move|p1a: Chandelure|Shadow Ball|p2a: Salamence
|-damage|p2a: Salamence|0 fnt
|faint|p2a: Salamence
|
|upkeep
|
|t:|1613315260
|switch|p2a: Azumarill|Azumarill, F|100/100
|turn|9
|
|t:|1613315265
|switch|p1a: Rotom|Rotom-Wash|73/100
|move|p2a: Azumarill|Aqua Jet|p1a: Rotom
|-resisted|p1a: Rotom
|-damage|p1a: Rotom|60/100
|
|-heal|p1a: Rotom|66/100|[from] item: Leftovers
|upkeep
|turn|10
|
|t:|1613315277
|switch|p2a: Jirachi|Jirachi|100/100
|move|p1a: Rotom|Volt Switch|p2a: Jirachi
|-damage|p2a: Jirachi|81/100
|
|t:|1613315289
|switch|p1a: Nidoqueen|Nidoqueen, F|100/100|[from]move: Volt Switch
|
|-heal|p2a: Jirachi|87/100|[from] item: Leftovers
|upkeep
|turn|11
|
|t:|1613315297
|move|p2a: Jirachi|Iron Head|p1a: Nidoqueen
|-damage|p1a: Nidoqueen|66/100
|cant|p1a: Nidoqueen|flinch
|
|-heal|p2a: Jirachi|93/100|[from] item: Leftovers
|upkeep
|turn|12
|
|t:|1613315303
|switch|p1a: Rotom|Rotom-Wash|66/100
|move|p2a: Jirachi|Iron Head|p1a: Rotom
|-resisted|p1a: Rotom
|-damage|p1a: Rotom|58/100
|
|-heal|p2a: Jirachi|99/100|[from] item: Leftovers
|-heal|p1a: Rotom|64/100|[from] item: Leftovers
|upkeep
|turn|13
|
|t:|1613315312
|move|p2a: Jirachi|Stealth Rock|p1a: Rotom
|-sidestart|p1: TNunes|move: Stealth Rock
|move|p1a: Rotom|Volt Switch|p2a: Jirachi
|-damage|p2a: Jirachi|80/100
|
|t:|1613315315
|switch|p1a: Zarude|Zarude|100/100|[from]move: Volt Switch
|-damage|p1a: Zarude|88/100|[from] Stealth Rock
|
|-heal|p2a: Jirachi|86/100|[from] item: Leftovers
|upkeep
|turn|14
|
|t:|1613315327
|move|p1a: Zarude|Darkest Lariat|p2a: Jirachi
|-supereffective|p2a: Jirachi
|-damage|p2a: Jirachi|21/100
|move|p2a: Jirachi|U-turn|p1a: Zarude
|-supereffective|p1a: Zarude
|-damage|p1a: Zarude|23/100
|
|t:|1613315337
|switch|p2a: Azumarill|Azumarill, F|100/100|[from]move: U-turn
|
|upkeep
|turn|15
|
|t:|1613315352
|switch|p1a: Rotom|Rotom-Wash|64/100
|-damage|p1a: Rotom|52/100|[from] Stealth Rock
|move|p2a: Azumarill|Knock Off|p1a: Rotom
|-damage|p1a: Rotom|10/100
|-enditem|p1a: Rotom|Leftovers|[from] move: Knock Off|[of] p2a: Azumarill
|
|upkeep
|turn|16
|
|t:|1613315359
|move|p2a: Azumarill|Aqua Jet|p1a: Rotom
|-resisted|p1a: Rotom
|-damage|p1a: Rotom|0 fnt
|faint|p1a: Rotom
|
|upkeep
|
|t:|1613315364
|switch|p1a: Hatterene|Hatterene, F|100/100
|-damage|p1a: Hatterene|88/100|[from] Stealth Rock
|turn|17
|
|t:|1613315372
|switch|p2a: Jirachi|Jirachi|21/100
|move|p1a: Hatterene|Nuzzle|p2a: Jirachi
|-crit|p2a: Jirachi
|-damage|p2a: Jirachi|16/100
|-status|p2a: Jirachi|par
|
|-heal|p2a: Jirachi|22/100 par|[from] item: Leftovers
|-heal|p1a: Hatterene|94/100|[from] item: Leftovers
|upkeep
|turn|18
|
|t:|1613315382
|cant|p2a: Jirachi|par
|move|p1a: Hatterene|Mystical Fire|p2a: Jirachi
|-supereffective|p2a: Jirachi
|-damage|p2a: Jirachi|0 fnt
|faint|p2a: Jirachi
|
|-heal|p1a: Hatterene|99/100|[from] item: Leftovers
|upkeep
|
|t:|1613315390
|switch|p2a: Nihilego|Nihilego|51/100
|turn|19
|
|t:|1613315405
|switch|p1a: Scizor|Scizor, M|4/100
|-damage|p1a: Scizor|0 fnt|[from] Stealth Rock
|faint|p1a: Scizor
|move|p2a: Nihilego|Sludge Wave|p1: Scizor|[notarget]
|-fail|p2a: Nihilego
|
|upkeep
|
|t:|1613315408
|switch|p1a: Zarude|Zarude|23/100
|-damage|p1a: Zarude|11/100|[from] Stealth Rock
|turn|20
|
|t:|1613315431
|move|p1a: Zarude|Power Whip|p2a: Nihilego|[miss]
|-miss|p1a: Zarude|p2a: Nihilego
|move|p2a: Nihilego|Sludge Wave|p1a: Zarude
|-supereffective|p1a: Zarude
|-damage|p1a: Zarude|0 fnt
|faint|p1a: Zarude
|-ability|p2a: Nihilego|Beast Boost|boost
|-boost|p2a: Nihilego|spe|1
|
|upkeep
|
|t:|1613315436
|switch|p1a: Nidoqueen|Nidoqueen, F|66/100
|-damage|p1a: Nidoqueen|59/100|[from] Stealth Rock
|turn|21
|
|t:|1613315443
|move|p2a: Nihilego|Grass Knot|p1a: Nidoqueen
|-crit|p1a: Nidoqueen
|-damage|p1a: Nidoqueen|15/100
|move|p1a: Nidoqueen|Earth Power|p2a: Nihilego
|-supereffective|p2a: Nihilego
|-damage|p2a: Nihilego|0 fnt
|faint|p2a: Nihilego
|
|upkeep
|
|t:|1613315462
|switch|p2a: Ditto|Ditto|100/100
|-transform|p2a: Ditto|p1a: Nidoqueen|[from] ability: Imposter
|turn|22
|
|t:|1613315472
|move|p2a: Ditto|Earth Power|p1a: Nidoqueen
|-supereffective|p1a: Nidoqueen
|-damage|p1a: Nidoqueen|0 fnt
|faint|p1a: Nidoqueen
|
|upkeep
|
|t:|1613315475
|switch|p1a: Hatterene|Hatterene, F|99/100
|-damage|p1a: Hatterene|88/100|[from] Stealth Rock
|turn|23
|
|t:|1613315482
|move|p2a: Ditto|Earth Power|p1a: Hatterene
|-damage|p1a: Hatterene|43/100
|move|p1a: Hatterene|Calm Mind|p1a: Hatterene
|-boost|p1a: Hatterene|spa|1
|-boost|p1a: Hatterene|spd|1
|
|-heal|p1a: Hatterene|49/100|[from] item: Leftovers
|upkeep
|turn|24
|
|t:|1613315491
|switch|p2a: Thundurus|Thundurus, M|100/100
|move|p1a: Hatterene|Mystical Fire|p2a: Thundurus
|-damage|p2a: Thundurus|51/100
|-unboost|p2a: Thundurus|spa|1
|
|-heal|p1a: Hatterene|55/100|[from] item: Leftovers
|upkeep
|turn|25
|
|t:|1613315499
|move|p2a: Thundurus|Sludge Wave|p1a: Hatterene
|-supereffective|p1a: Hatterene
|-damage|p1a: Hatterene|11/100
|move|p1a: Hatterene|Draining Kiss|p2a: Thundurus
|-damage|p2a: Thundurus|6/100
|-heal|p1a: Hatterene|43/100|[from] drain|[of] p2a: Thundurus
|
|-heal|p1a: Hatterene|49/100|[from] item: Leftovers
|upkeep
|turn|26
|
|t:|1613315507
|move|p2a: Thundurus|Sludge Wave|p1a: Hatterene
|-supereffective|p1a: Hatterene
|-damage|p1a: Hatterene|0 fnt
|faint|p1a: Hatterene
|
|upkeep
|
|t:|1613315510
|switch|p1a: Chandelure|Chandelure, F|12/100
|-damage|p1a: Chandelure|0 fnt|[from] Stealth Rock
|faint|p1a: Chandelure
|
|win|lanouille
|l|☆TNunes
|raw|TNunes's rating: 1541 &rarr; <strong>1516</strong><br />(-25 for losing)
|raw|lanouille's rating: 1443 &rarr; <strong>1468</strong><br />(+25 for winning)
