|j|☆esqimo589
|j|☆pokemonisfun
|t:|1667147544
|gametype|singles
|player|p1|esqimo589|n|1408
|player|p2|pokemonisfun|#uutrio2ladder|1664
|teamsize|p1|6
|teamsize|p2|6
|gen|8
|tier|[Gen 8] UU
|rated|
|rule|Sleep Clause Mod: Limit one foe put to sleep
|rule|Species Clause: Limit one of each Pokémon
|rule|OHKO Clause: OHKO moves are banned
|rule|Evasion Items Clause: Evasion items are banned
|rule|Evasion Moves Clause: Evasion moves are banned
|rule|Endless Battle Clause: Forcing endless battles is banned
|rule|HP Percentage Mod: HP is shown in percentages
|rule|Dynamax Clause: You cannot dynamax
|clearpoke
|poke|p1|Scizor, F|
|poke|p1|Primarina, M|
|poke|p1|Cobalion|
|poke|p1|Thundurus-Therian, M|
|poke|p1|Nihilego|
|poke|p1|Salamence, F|
|poke|p2|Hippowdon, M|
|poke|p2|Regieleki|
|poke|p2|Sylveon, F|
|poke|p2|Scizor, M|
|poke|p2|Milotic, M|
|poke|p2|Thundurus-Therian, M|
|teampreview
|inactive|Battle timer is ON: inactive players will automatically lose when time's up. (requested by esqimo589)
|c|☆esqimo589|hello again
|c|☆pokemonisfun|hi
|
|t:|1667147569
|start
|switch|p1a: quack|Primarina, M|100/100
|switch|p2a: Hip(pos) dont lie|Hippowdon, M|100/100
|-weather|Sandstorm|[from] ability: Sand Stream|[of] p2a: Hip(pos) dont lie
|turn|1
|
|t:|1667147575
|switch|p2a: snekkt snek|Milotic, M|100/100
|move|p1a: quack|Hydro Pump|p2a: snekkt snek
|-resisted|p2a: snekkt snek
|-damage|p2a: snekkt snek|74/100
|
|-weather|Sandstorm|[upkeep]
|-damage|p1a: quack|95/100|[from] Sandstorm
|-damage|p2a: snekkt snek|68/100|[from] Sandstorm
|upkeep
|turn|2
|
|t:|1667147582
|switch|p1a: whiteeyesbluedrag|Salamence, F|100/100
|-ability|p1a: whiteeyesbluedrag|Intimidate|boost
|-unboost|p2a: snekkt snek|atk|1
|move|p2a: snekkt snek|Recover|p2a: snekkt snek
|-heal|p2a: snekkt snek|100/100
|
|-weather|Sandstorm|[upkeep]
|-damage|p1a: whiteeyesbluedrag|94/100|[from] Sandstorm
|-damage|p2a: snekkt snek|94/100|[from] Sandstorm
|upkeep
|turn|3
|
|t:|1667147593
|switch|p1a: jelly bish|Nihilego|100/100
|move|p2a: snekkt snek|Toxic|p1a: jelly bish
|-immune|p1a: jelly bish
|
|-weather|Sandstorm|[upkeep]
|-damage|p2a: snekkt snek|88/100|[from] Sandstorm
|upkeep
|turn|4
|
|t:|1667147607
|move|p1a: jelly bish|Power Gem|p2a: snekkt snek
|-damage|p2a: snekkt snek|63/100
|move|p2a: snekkt snek|Scald|p1a: jelly bish
|-supereffective|p1a: jelly bish
|-damage|p1a: jelly bish|72/100
|
|-weather|Sandstorm|[upkeep]
|-damage|p2a: snekkt snek|57/100|[from] Sandstorm
|upkeep
|turn|5
|
|t:|1667147615
|switch|p1a: meanie genie|Thundurus-Therian, M|100/100
|switch|p2a: fairly fairy|Sylveon, F|100/100
|
|-weather|none
|upkeep
|turn|6
|
|t:|1667147620
|move|p1a: meanie genie|U-turn|p2a: fairly fairy
|-resisted|p2a: fairly fairy
|-damage|p2a: fairly fairy|93/100
|
|t:|1667147624
|switch|p1a: the goat|Cobalion|100/100|[from]move: U-turn
|move|p2a: fairly fairy|Wish|p2a: fairly fairy
|
|-heal|p2a: fairly fairy|99/100|[from] item: Leftovers
|upkeep
|turn|7
|
|t:|1667147628
|switch|p2a: snekkt snek|Milotic, M|57/100
|move|p1a: the goat|Toxic|p2a: snekkt snek|[miss]
|-miss|p1a: the goat|p2a: snekkt snek
|
|-heal|p2a: snekkt snek|100/100|[from] move: Wish|[wisher] fairly fairy
|upkeep
|turn|8
|
|t:|1667147633
|move|p1a: the goat|Toxic|p2a: snekkt snek
|-status|p2a: snekkt snek|tox
|move|p2a: snekkt snek|Scald|p1a: the goat
|-damage|p1a: the goat|62/100
|-status|p1a: the goat|brn
|
|-damage|p2a: snekkt snek|94/100 tox|[from] psn
|-damage|p1a: the goat|56/100 brn|[from] brn
|upkeep
|turn|9
|
|t:|1667147650
|switch|p2a: Hip(pos) dont lie|Hippowdon, M|100/100
|-weather|Sandstorm|[from] ability: Sand Stream|[of] p2a: Hip(pos) dont lie
|move|p1a: the goat|Toxic|p2a: Hip(pos) dont lie
|-status|p2a: Hip(pos) dont lie|tox
|
|-weather|Sandstorm|[upkeep]
|-damage|p2a: Hip(pos) dont lie|94/100 tox|[from] psn
|-damage|p1a: the goat|50/100 brn|[from] brn
|upkeep
|turn|10
|
|t:|1667147655
|switch|p1a: budget genesect|Scizor, F|100/100
|move|p2a: Hip(pos) dont lie|Stealth Rock|p1a: budget genesect
|-sidestart|p1: esqimo589|move: Stealth Rock
|
|-weather|Sandstorm|[upkeep]
|-damage|p2a: Hip(pos) dont lie|82/100 tox|[from] psn
|upkeep
|turn|11
|
|t:|1667147661
|switch|p2a: chuggy buggy|Scizor, M|100/100
|move|p1a: budget genesect|Knock Off|p2a: chuggy buggy
|-damage|p2a: chuggy buggy|78/100
|-enditem|p2a: chuggy buggy|Heavy-Duty Boots|[from] move: Knock Off|[of] p1a: budget genesect
|
|-weather|Sandstorm|[upkeep]
|upkeep
|turn|12
|
|t:|1667147668
|move|p1a: budget genesect|U-turn|p2a: chuggy buggy
|-resisted|p2a: chuggy buggy
|-damage|p2a: chuggy buggy|66/100
|
|t:|1667147671
|switch|p1a: the goat|Cobalion|50/100 brn|[from]move: U-turn
|-damage|p1a: the goat|47/100 brn|[from] Stealth Rock
|move|p2a: chuggy buggy|Knock Off|p1a: the goat
|-resisted|p1a: the goat
|-damage|p1a: the goat|33/100 brn
|-damage|p2a: chuggy buggy|49/100|[from] item: Rocky Helmet|[of] p1a: the goat
|-ability|p1a: the goat|Justified|boost
|-boost|p1a: the goat|atk|1
|-enditem|p1a: the goat|Rocky Helmet|[from] move: Knock Off|[of] p2a: chuggy buggy
|
|-weather|Sandstorm|[upkeep]
|-damage|p1a: the goat|27/100 brn|[from] brn
|upkeep
|turn|13
|
|t:|1667147676
|move|p1a: the goat|Close Combat|p2a: chuggy buggy
|-damage|p2a: chuggy buggy|20/100
|-unboost|p1a: the goat|def|1
|-unboost|p1a: the goat|spd|1
|move|p2a: chuggy buggy|Roost|p2a: chuggy buggy
|-heal|p2a: chuggy buggy|70/100
|-singleturn|p2a: chuggy buggy|move: Roost
|
|-weather|none
|-damage|p1a: the goat|21/100 brn|[from] brn
|upkeep
|turn|14
|
|t:|1667147688
|move|p1a: the goat|Stealth Rock|p2a: chuggy buggy
|-sidestart|p2: pokemonisfun|move: Stealth Rock
|move|p2a: chuggy buggy|Roost|p2a: chuggy buggy
|-heal|p2a: chuggy buggy|100/100
|-singleturn|p2a: chuggy buggy|move: Roost
|
|-damage|p1a: the goat|14/100 brn|[from] brn
|upkeep
|turn|15
|j| Liz Angeles
|
|t:|1667147699
|move|p2a: chuggy buggy|Bullet Punch|p1a: the goat
|-resisted|p1a: the goat
|-crit|p1a: the goat
|-damage|p1a: the goat|0 fnt
|faint|p1a: the goat
|
|upkeep
|
|t:|1667147703
|switch|p1a: whiteeyesbluedrag|Salamence, F|94/100
|-ability|p1a: whiteeyesbluedrag|Intimidate|boost
|-unboost|p2a: chuggy buggy|atk|1
|turn|16
|c| Liz Angeles|Is this the esqimo plays liz and pif show
|c|☆esqimo589|what
|c|☆esqimo589|i had a stroke reading that
|c|☆esqimo589|what does that even mean
|c|☆esqimo589|oh i see
|inactive|esqimo589 has 120 seconds left.
|c|☆esqimo589|uhhh
|c|☆esqimo589|yes
|
|t:|1667147746
|switch|p1a: meanie genie|Thundurus-Therian, M|100/100
|switch|p2a: fairly fairy|Sylveon, F|99/100
|-damage|p2a: fairly fairy|87/100|[from] Stealth Rock
|
|-heal|p2a: fairly fairy|93/100|[from] item: Leftovers
|upkeep
|turn|17
|inactive|esqimo589 has 120 seconds left.
|
|t:|1667147755
|move|p1a: meanie genie|U-turn|p2a: fairly fairy
|-resisted|p2a: fairly fairy
|-damage|p2a: fairly fairy|85/100
|
|t:|1667147757
|switch|p1a: budget genesect|Scizor, F|100/100|[from]move: U-turn
|move|p2a: fairly fairy|Heal Bell|p2a: fairly fairy
|-activate|p2a: fairly fairy|move: Heal Bell
|-curestatus|p2: Hip(pos) dont lie|tox|[msg]
|-curestatus|p2: snekkt snek|tox|[msg]
|
|-heal|p2a: fairly fairy|91/100|[from] item: Leftovers
|upkeep
|turn|18
|c|☆esqimo589|oh thats so cringe
|
|t:|1667147764
|move|p2a: fairly fairy|Protect|p2a: fairly fairy
|-singleturn|p2a: fairly fairy|Protect
|move|p1a: budget genesect|U-turn|p2a: fairly fairy
|-activate|p2a: fairly fairy|move: Protect
|
|-heal|p2a: fairly fairy|97/100|[from] item: Leftovers
|upkeep
|turn|19
|
|t:|1667147769
|switch|p2a: chuggy buggy|Scizor, M|100/100
|-damage|p2a: chuggy buggy|88/100|[from] Stealth Rock
|move|p1a: budget genesect|U-turn|p2a: chuggy buggy
|-resisted|p2a: chuggy buggy
|-damage|p2a: chuggy buggy|75/100
|
|t:|1667147778
|switch|p1a: quack|Primarina, M|95/100|[from]move: U-turn
|-damage|p1a: quack|82/100|[from] Stealth Rock
|
|upkeep
|turn|20
|
|t:|1667147800
|move|p1a: quack|Scald|p2a: chuggy buggy
|-damage|p2a: chuggy buggy|5/100
|move|p2a: chuggy buggy|Roost|p2a: chuggy buggy
|-heal|p2a: chuggy buggy|56/100
|-singleturn|p2a: chuggy buggy|move: Roost
|
|upkeep
|turn|21
|c|☆esqimo589|that is a tanky scizor
|c|☆esqimo589|oh wait
|c|☆esqimo589|no
|c|☆pokemonisfun|who doesnt moonblast
|c|☆esqimo589|i just calced wrong
|c|☆esqimo589|me
|
|t:|1667147824
|switch|p1a: meanie genie|Thundurus-Therian, M|100/100
|switch|p2a: snekkt snek|Milotic, M|94/100
|
|upkeep
|turn|22
|
|t:|1667147830
|switch|p2a: Hip(pos) dont lie|Hippowdon, M|82/100
|-damage|p2a: Hip(pos) dont lie|76/100|[from] Stealth Rock
|-weather|Sandstorm|[from] ability: Sand Stream|[of] p2a: Hip(pos) dont lie
|move|p1a: meanie genie|U-turn|p2a: Hip(pos) dont lie
|-damage|p2a: Hip(pos) dont lie|66/100
|-damage|p1a: meanie genie|84/100|[from] item: Rocky Helmet|[of] p2a: Hip(pos) dont lie
|
|t:|1667147833
|switch|p1a: quack|Primarina, M|82/100|[from]move: U-turn
|-damage|p1a: quack|70/100|[from] Stealth Rock
|
|-weather|Sandstorm|[upkeep]
|-damage|p1a: quack|64/100|[from] Sandstorm
|upkeep
|turn|23
|
|t:|1667147848
|move|p1a: quack|Scald|p2a: Hip(pos) dont lie
|-supereffective|p2a: Hip(pos) dont lie
|-damage|p2a: Hip(pos) dont lie|0 fnt
|faint|p2a: Hip(pos) dont lie
|
|-weather|Sandstorm|[upkeep]
|-damage|p1a: quack|58/100|[from] Sandstorm
|upkeep
|c|☆esqimo589|who doesnt go milotic
|
|t:|1667147858
|switch|p2a: howdy mr cloudy|Thundurus-Therian, M|100/100
|turn|24
|
|t:|1667147865
|switch|p1a: jelly bish|Nihilego|72/100
|-damage|p1a: jelly bish|59/100|[from] Stealth Rock
|move|p2a: howdy mr cloudy|Psychic|p1a: jelly bish
|-supereffective|p1a: jelly bish
|-damage|p1a: jelly bish|26/100
|
|-weather|Sandstorm|[upkeep]
|-damage|p2a: howdy mr cloudy|95/100|[from] Sandstorm
|upkeep
|turn|25
|c|☆esqimo589|sand pog
|inactive|pokemonisfun has 120 seconds left.
|
|t:|1667147912
|switch|p2a: fairly fairy|Sylveon, F|97/100
|-damage|p2a: fairly fairy|85/100|[from] Stealth Rock
|move|p1a: jelly bish|Sludge Bomb|p2a: fairly fairy
|-supereffective|p2a: fairly fairy
|-damage|p2a: fairly fairy|36/100
|
|-weather|Sandstorm|[upkeep]
|-damage|p2a: fairly fairy|30/100|[from] Sandstorm
|-heal|p2a: fairly fairy|36/100|[from] item: Leftovers
|upkeep
|turn|26
|
|t:|1667147925
|move|p2a: fairly fairy|Protect|p2a: fairly fairy
|-singleturn|p2a: fairly fairy|Protect
|move|p1a: jelly bish|Sludge Bomb|p2a: fairly fairy
|-activate|p2a: fairly fairy|move: Protect
|
|-weather|none
|-heal|p2a: fairly fairy|42/100|[from] item: Leftovers
|upkeep
|turn|27
|
|t:|1667147936
|move|p1a: jelly bish|Sludge Bomb|p2a: fairly fairy
|-supereffective|p2a: fairly fairy
|-damage|p2a: fairly fairy|0 fnt
|faint|p2a: fairly fairy
|-ability|p1a: jelly bish|Beast Boost|boost
|-boost|p1a: jelly bish|spa|1
|
|upkeep
|
|t:|1667147944
|switch|p2a: chuggy buggy|Scizor, M|56/100
|-damage|p2a: chuggy buggy|43/100|[from] Stealth Rock
|turn|28
|c|☆esqimo589|i dont like how ominous that regieleki and thundurus are in the back
|
|t:|1667147970
|switch|p1a: whiteeyesbluedrag|Salamence, F|94/100
|-ability|p1a: whiteeyesbluedrag|Intimidate|boost
|-unboost|p2a: chuggy buggy|atk|1
|move|p2a: chuggy buggy|U-turn|p1a: whiteeyesbluedrag
|-resisted|p1a: whiteeyesbluedrag
|-crit|p1a: whiteeyesbluedrag
|-damage|p1a: whiteeyesbluedrag|71/100
|inactive|pokemonisfun has 120 seconds left.
|
|t:|1667147986
|switch|p2a: zap and clap|Regieleki|100/100|[from]move: U-turn
|
|upkeep
|turn|29
|
|t:|1667147991
|switch|p1a: meanie genie|Thundurus-Therian, M|84/100
|move|p2a: zap and clap|Rapid Spin|p1a: meanie genie
|-damage|p1a: meanie genie|67/100
|-boost|p2a: zap and clap|spe|1
|-sideend|p2: pokemonisfun|Stealth Rock|[from] move: Rapid Spin|[of] p2a: zap and clap
|
|upkeep
|turn|30
|inactive|pokemonisfun has 120 seconds left.
|c|☆esqimo589|explode
|c|☆esqimo589|do it
|c|☆esqimo589|if you have it
|c|☆pokemonisfun|thats what she said
|c|☆esqimo589|pif is still a 13 year old at heart
|inactive|pokemonisfun has 90 seconds left.
|
|t:|1667148039
|switch|p2a: chuggy buggy|Scizor, M|43/100
|move|p1a: meanie genie|U-turn|p2a: chuggy buggy
|-resisted|p2a: chuggy buggy
|-damage|p2a: chuggy buggy|38/100
|c| Liz Angeles|aren't we all
|
|t:|1667148046
|switch|p1a: whiteeyesbluedrag|Salamence, F|71/100|[from]move: U-turn
|-ability|p1a: whiteeyesbluedrag|Intimidate|boost
|-unboost|p2a: chuggy buggy|atk|1
|
|upkeep
|turn|31
|c|☆esqimo589|liz ur 80
|
|t:|1667148053
|move|p1a: whiteeyesbluedrag|Defog|p2a: chuggy buggy
|-unboost|p2a: chuggy buggy|evasion|1
|-sideend|p1: esqimo589|Stealth Rock|[from] move: Defog|[of] p1a: whiteeyesbluedrag
|move|p2a: chuggy buggy|U-turn|p1a: whiteeyesbluedrag
|-resisted|p1a: whiteeyesbluedrag
|-damage|p1a: whiteeyesbluedrag|60/100
|
|t:|1667148059
|switch|p2a: howdy mr cloudy|Thundurus-Therian, M|95/100|[from]move: U-turn
|
|upkeep
|turn|32
|
|t:|1667148077
|move|p2a: howdy mr cloudy|Psychic|p1a: whiteeyesbluedrag
|-damage|p1a: whiteeyesbluedrag|27/100
|-unboost|p1a: whiteeyesbluedrag|spd|1
|move|p1a: whiteeyesbluedrag|Flamethrower|p2a: howdy mr cloudy
|-damage|p2a: howdy mr cloudy|63/100
|
|upkeep
|turn|33
|
|t:|1667148087
|switch|p1a: budget genesect|Scizor, F|100/100
|move|p2a: howdy mr cloudy|Psychic|p1a: budget genesect
|-resisted|p1a: budget genesect
|-damage|p1a: budget genesect|82/100
|-unboost|p1a: budget genesect|spd|1
|
|upkeep
|turn|34
|c|☆esqimo589|please dont do that
|
|t:|1667148094
|move|p2a: howdy mr cloudy|Thunderbolt|p1a: budget genesect
|-damage|p1a: budget genesect|5/100
|move|p1a: budget genesect|Knock Off|p2a: howdy mr cloudy
|-damage|p2a: howdy mr cloudy|14/100
|-enditem|p2a: howdy mr cloudy|Heavy-Duty Boots|[from] move: Knock Off|[of] p1a: budget genesect
|
|upkeep
|turn|35
|inactive|pokemonisfun has 120 seconds left.
|
|t:|1667148107
|switch|p2a: snekkt snek|Milotic, M|94/100
|move|p1a: budget genesect|Bullet Punch|p2a: snekkt snek
|-resisted|p2a: snekkt snek
|-damage|p2a: snekkt snek|82/100
|
|upkeep
|turn|36
|
|t:|1667148112
|move|p2a: snekkt snek|Scald|p1a: budget genesect
|-damage|p1a: budget genesect|0 fnt
|faint|p1a: budget genesect
|
|upkeep
|c|☆esqimo589|im so stupid why did i think i was faster
|
|t:|1667148128
|switch|p1a: meanie genie|Thundurus-Therian, M|67/100
|turn|37
|
|t:|1667148137
|move|p1a: meanie genie|U-turn|p2a: snekkt snek
|-damage|p2a: snekkt snek|70/100
|
|t:|1667148141
|switch|p1a: quack|Primarina, M|58/100|[from]move: U-turn
|move|p2a: snekkt snek|Scald|p1a: quack
|-resisted|p1a: quack
|-damage|p1a: quack|44/100
|
|upkeep
|turn|38
|inactive|pokemonisfun has 120 seconds left.
|inactive|pokemonisfun has 90 seconds left.
|inactive|pokemonisfun has 60 seconds left.
|
|t:|1667148235
|move|p1a: quack|Moonblast|p2a: snekkt snek
|-damage|p2a: snekkt snek|20/100
|move|p2a: snekkt snek|Toxic|p1a: quack
|-status|p1a: quack|tox
|
|-damage|p1a: quack|38/100 tox|[from] psn
|upkeep
|turn|39
|
|t:|1667148253
|move|p1a: quack|Moonblast|p2a: snekkt snek
|-damage|p2a: snekkt snek|0 fnt
|faint|p2a: snekkt snek
|
|-damage|p1a: quack|26/100 tox|[from] psn
|upkeep
|inactive|pokemonisfun has 60 seconds left.
|
|t:|1667148267
|switch|p2a: chuggy buggy|Scizor, M|38/100
|turn|40
|
|t:|1667148272
|move|p2a: chuggy buggy|Bullet Punch|p1a: quack
|-damage|p1a: quack|0 fnt
|faint|p1a: quack
|
|upkeep
|
|t:|1667148277
|switch|p1a: meanie genie|Thundurus-Therian, M|67/100
|turn|41
|
|t:|1667148284
|move|p2a: chuggy buggy|Bullet Punch|p1a: meanie genie
|-resisted|p1a: meanie genie
|-damage|p1a: meanie genie|44/100
|move|p1a: meanie genie|Thunderbolt|p2a: chuggy buggy
|-damage|p2a: chuggy buggy|0 fnt
|faint|p2a: chuggy buggy
|
|upkeep
|
|t:|1667148298
|switch|p2a: howdy mr cloudy|Thundurus-Therian, M|14/100
|turn|42
|c|☆esqimo589|i dont like this situation
|
|t:|1667148306
|switch|p1a: whiteeyesbluedrag|Salamence, F|27/100
|-ability|p1a: whiteeyesbluedrag|Intimidate|boost
|-unboost|p2a: howdy mr cloudy|atk|1
|move|p2a: howdy mr cloudy|Psychic|p1a: whiteeyesbluedrag
|-damage|p1a: whiteeyesbluedrag|0 fnt
|faint|p1a: whiteeyesbluedrag
|
|upkeep
|
|t:|1667148310
|switch|p1a: jelly bish|Nihilego|26/100
|turn|43
|
|t:|1667148318
|move|p1a: jelly bish|Sludge Bomb|p2a: howdy mr cloudy
|-damage|p2a: howdy mr cloudy|0 fnt
|faint|p2a: howdy mr cloudy
|-ability|p1a: jelly bish|Beast Boost|boost
|-boost|p1a: jelly bish|spa|1
|
|upkeep
|c| Liz Angeles|You better be able to okho that eleki
|
|t:|1667148320
|switch|p2a: zap and clap|Regieleki|100/100
|turn|44
|c| Liz Angeles|with thund
|c|☆esqimo589|i dont think i can
|inactive|pokemonisfun has 90 seconds left.
|c|☆esqimo589|i think he wins wth body lsma
|c|☆esqimo589|lsma
|
|t:|1667148337
|move|p2a: zap and clap|Extreme Speed|p1a: jelly bish
|-resisted|p1a: jelly bish
|-damage|p1a: jelly bish|12/100
|move|p1a: jelly bish|Sludge Bomb|p2a: zap and clap
|-crit|p2a: zap and clap
|-damage|p2a: zap and clap|0 fnt
|faint|p2a: zap and clap
|
|win|esqimo589
|raw|esqimo589's rating: 1408 &rarr; <strong>1441</strong><br />(+33 for winning)
|raw|pokemonisfun's rating: 1664 &rarr; <strong>1631</strong><br />(-33 for losing)
|c|☆esqimo589|smal
|c|☆esqimo589|oh
|c|☆esqimo589|that was sad
|c|☆pokemonisfun|gg
|c|☆esqimo589|why no tbolt?
|c|☆pokemonisfun|thundy wins
|c|☆pokemonisfun|if you tbolt
|c|☆pokemonisfun|if i tbolt
|c|☆esqimo589|are you specs
|c|☆esqimo589|oh and i switch
|c|☆esqimo589|fair
|l|☆pokemonisfun
|c|☆esqimo589|YOOOOOOOOOOOO 33 POINTS WOOOOOOOOOOOOOOOOOOOOO
|c| Liz Angeles|still 1400 thoug
|c| Liz Angeles|pog
|c|☆esqimo589|stfu liz
||Ladder isn't responding, score probably updated but might not have (Request timeout).
|c|☆esqimo589|anyway this nihi is scaared
|c| Liz Angeles|I bet I get pif now
|c|☆esqimo589|carfed
|c|☆esqimo589|scarfed
|c|☆esqimo589|i had it as speed boosting earler because im a dumbass
|c| Liz Angeles|nvm totomon got him
|c|☆esqimo589|but wouldnt it have been funny if i left it like that just to beat elei
|c| Liz Angeles|fair nuff
|c| Liz Angeles|im in a game now
|l| Liz Angeles
