|j|☆bioche80
|j|☆vallou
|t:|1610198910
|player|p1|bioche80|palmer|1239
|player|p2|vallou|265|1216
|teamsize|p1|6
|teamsize|p2|6
|gametype|singles
|gen|8
|tier|[Gen 8] UU
|rated|
|clearpoke
|poke|p1|Scizor, M|
|poke|p1|Slowbro-Galar, F|
|poke|p1|Mamoswine, M|
|poke|p1|Kommo-o, M|
|poke|p1|Amoonguss, F|
|poke|p1|Zeraora|
|poke|p2|Kommo-o, F|
|poke|p2|Gyarados, M|
|poke|p2|Amoonguss, F|
|poke|p2|Incineroar, F|
|poke|p2|Latias, F|
|poke|p2|Zeraora|
|rule|Sleep Clause Mod: Limit one foe put to sleep
|rule|Species Clause: Limit one of each Pokémon
|rule|OHKO Clause: OHKO moves are banned
|rule|Evasion Moves Clause: Evasion moves are banned
|rule|Endless Battle Clause: Forcing endless battles is banned
|rule|HP Percentage Mod: HP is shown in percentages
|rule|Dynamax Clause: You cannot dynamax
|teampreview
|
|t:|1610198939
|start
|switch|p1a: Mamoswine|Mamoswine, M|100/100
|switch|p2a: Amoonguss|Amoonguss, F|100/100
|turn|1
|
|t:|1610198947
|switch|p1a: Kommo-o|Kommo-o, M|100/100
|move|p2a: Amoonguss|Spore|p1a: Kommo-o
|-immune|p1a: Kommo-o|[from] ability: Overcoat
|
|upkeep
|turn|2
|
|t:|1610198954
|move|p1a: Kommo-o|Stealth Rock|p2a: Amoonguss
|-sidestart|p2: vallou|move: Stealth Rock
|move|p2a: Amoonguss|Toxic|p1a: Kommo-o
|-status|p1a: Kommo-o|tox
|
|-damage|p1a: Kommo-o|94/100 tox|[from] psn
|upkeep
|turn|3
|
|t:|1610198962
|switch|p2a: Latias|Latias, F|100/100
|-damage|p2a: Latias|88/100|[from] Stealth Rock
|move|p1a: Kommo-o|Flamethrower|p2a: Latias
|-resisted|p2a: Latias
|-damage|p2a: Latias|79/100
|
|-heal|p1a: Kommo-o|100/100 tox|[from] item: Leftovers
|-damage|p1a: Kommo-o|88/100 tox|[from] psn
|upkeep
|turn|4
|
|t:|1610198975
|switch|p1a: Scizor|Scizor, M|100/100
|move|p2a: Latias|Defog|p1a: Scizor
|-unboost|p1a: Scizor|evasion|1
|-sideend|p2: vallou|Stealth Rock|[from] move: Defog|[of] p2a: Latias
|
|upkeep
|turn|5
|
|t:|1610198985
|switch|p2a: Gyarados|Gyarados, M|100/100
|-ability|p2a: Gyarados|Intimidate|boost
|-unboost|p1a: Scizor|atk|1
|move|p1a: Scizor|U-turn|p2a: Gyarados
|-resisted|p2a: Gyarados
|-damage|p2a: Gyarados|83/100
|
|t:|1610198992
|switch|p1a: Zeraora|Zeraora|100/100|[from]move: U-turn
|
|upkeep
|turn|6
|
|t:|1610198999
|switch|p2a: Amoonguss|Amoonguss, F|100/100
|move|p1a: Zeraora|Volt Switch|p2a: Amoonguss
|-resisted|p2a: Amoonguss
|-damage|p2a: Amoonguss|90/100
|
|t:|1610199007
|switch|p1a: Kommo-o|Kommo-o, M|88/100 tox|[from]move: Volt Switch
|
|-heal|p1a: Kommo-o|94/100 tox|[from] item: Leftovers
|-heal|p2a: Amoonguss|96/100|[from] item: Black Sludge
|-damage|p1a: Kommo-o|88/100 tox|[from] psn
|upkeep
|turn|7
|
|t:|1610199024
|switch|p2a: Incineroar|Incineroar, F|100/100
|-ability|p2a: Incineroar|Intimidate|boost
|-unboost|p1a: Kommo-o|atk|1
|move|p1a: Kommo-o|Stealth Rock|p2a: Incineroar
|-sidestart|p2: vallou|move: Stealth Rock
|
|-heal|p1a: Kommo-o|94/100 tox|[from] item: Leftovers
|-damage|p1a: Kommo-o|82/100 tox|[from] psn
|upkeep
|turn|8
|
|t:|1610199044
|move|p1a: Kommo-o|Toxic|p2a: Incineroar
|-status|p2a: Incineroar|tox
|move|p2a: Incineroar|Knock Off|p1a: Kommo-o
|-resisted|p1a: Kommo-o
|-damage|p1a: Kommo-o|67/100 tox
|-enditem|p1a: Kommo-o|Leftovers|[from] move: Knock Off|[of] p2a: Incineroar
|
|-damage|p1a: Kommo-o|48/100 tox|[from] psn
|-damage|p2a: Incineroar|94/100 tox|[from] psn
|upkeep
|turn|9
|
|t:|1610199056
|switch|p1a: Zeraora|Zeraora|100/100
|switch|p2a: Latias|Latias, F|79/100
|-damage|p2a: Latias|67/100|[from] Stealth Rock
|
|upkeep
|turn|10
|
|t:|1610199070
|move|p2a: Latias|Draco Meteor|p1a: Zeraora|[miss]
|-miss|p2a: Latias|p1a: Zeraora
|move|p1a: Zeraora|Volt Switch|p2a: Latias
|-resisted|p2a: Latias
|-damage|p2a: Latias|57/100
|
|t:|1610199078
|switch|p1a: Mamoswine|Mamoswine, M|100/100|[from]move: Volt Switch
|
|upkeep
|turn|11
|
|t:|1610199088
|switch|p2a: Amoonguss|Amoonguss, F|100/100
|-damage|p2a: Amoonguss|88/100|[from] Stealth Rock
|move|p1a: Mamoswine|Icicle Crash|p2a: Amoonguss
|-supereffective|p2a: Amoonguss
|-damage|p2a: Amoonguss|1/100
|-damage|p1a: Mamoswine|91/100|[from] item: Life Orb
|
|-heal|p2a: Amoonguss|7/100|[from] item: Black Sludge
|upkeep
|turn|12
|
|t:|1610199101
|move|p1a: Mamoswine|Knock Off|p2a: Amoonguss
|-damage|p2a: Amoonguss|0 fnt
|-enditem|p2a: Amoonguss|Black Sludge|[from] move: Knock Off|[of] p1a: Mamoswine
|-damage|p1a: Mamoswine|81/100|[from] item: Life Orb
|faint|p2a: Amoonguss
|
|upkeep
|
|t:|1610199114
|switch|p2a: Incineroar|Incineroar, F|94/100 tox
|-ability|p2a: Incineroar|Intimidate|boost
|-fail|p1a: Mamoswine|unboost|Attack|[from] ability: Oblivious|[of] p1a: Mamoswine
|turn|13
|
|t:|1610199121
|move|p1a: Mamoswine|Earthquake|p2a: Incineroar
|-supereffective|p2a: Incineroar
|-damage|p2a: Incineroar|0 fnt
|-damage|p1a: Mamoswine|71/100|[from] item: Life Orb
|faint|p2a: Incineroar
|
|upkeep
|l|☆vallou
|player|p2|
|inactive|Battle timer is ON: inactive players will automatically lose when time's up. (requested by bioche80)
|inactive|vallou has 30 seconds to reconnect!
|inactive|vallou has 20 seconds to reconnect!
|inactive|vallou has 15 seconds to reconnect!
|inactive|vallou has 10 seconds to reconnect!
|inactive|vallou has 5 seconds to reconnect!
|-message|vallou lost due to inactivity.
|
|win|bioche80
|raw|bioche80's rating: 1239 &rarr; <strong>1263</strong><br />(+24 for winning)
|raw|vallou's rating: 1216 &rarr; <strong>1192</strong><br />(-24 for losing)
