|j|☆ok now i see ya
|j|☆It hit the kitty
|t:|1599433382
|player|p1|ok now i see ya|brendan-gen3rs|1612
|player|p2|It hit the kitty|palmer|1448
|teamsize|p1|6
|teamsize|p2|6
|gametype|singles
|gen|8
|tier|[Gen 8] UU
|rated|
|clearpoke
|poke|p1|Zarude|
|poke|p1|Salazzle, F|
|poke|p1|Seismitoad, M|
|poke|p1|Sylveon, F|
|poke|p1|Weezing-Galar, M|
|poke|p1|Escavalier, M|
|poke|p2|Rotom-Wash|
|poke|p2|Mienshao, M|
|poke|p2|Marowak-Alola, M|
|poke|p2|Tentacruel, F|
|poke|p2|Grimmsnarl, M|
|poke|p2|Flygon, M|
|rule|Sleep Clause Mod: Limit one foe put to sleep
|rule|Species Clause: Limit one of each Pokémon
|rule|OHKO Clause: OHKO moves are banned
|rule|Evasion Moves Clause: Evasion moves are banned
|rule|Endless Battle Clause: Forcing endless battles is banned
|rule|HP Percentage Mod: HP is shown in percentages
|rule|Dynamax Clause: You cannot dynamax
|teampreview
|inactive|Battle timer is ON: inactive players will automatically lose when time's up. (requested by ok now i see ya)
|j| youke
|inactive|ok now i see ya has 120 seconds left.
|inactive|ok now i see ya has 90 seconds left.
|
|t:|1599433448
|start
|switch|p1a: B0ng|Weezing-Galar, M|100/100
|switch|p2a: Mienshao|Mienshao, M|100/100
|turn|1
|
|t:|1599433459
|move|p2a: Mienshao|U-turn|p1a: B0ng
|-resisted|p1a: B0ng
|-damage|p1a: B0ng|97/100
|
|t:|1599433463
|switch|p2a: Marowak|Marowak-Alola, M|100/100|[from]move: U-turn
|move|p1a: B0ng|Corrosive Gas|p2a: Marowak
|-enditem|p2a: Marowak|Thick Club|[from] move: Corrosive Gas|[of] p1a: B0ng
|
|upkeep
|turn|2
|inactive|ok now i see ya has 120 seconds left.
|
|t:|1599433497
|switch|p1a: Toad|Seismitoad, M|100/100
|move|p2a: Marowak|Poltergeist|p1a: Toad
|-activate|p1a: Toad|move: Poltergeist|Leftovers
|-damage|p1a: Toad|70/100
|
|-heal|p1a: Toad|76/100|[from] item: Leftovers
|upkeep
|turn|3
|inactive|ok now i see ya has 120 seconds left.
|
|t:|1599433515
|move|p2a: Marowak|Poltergeist|p1a: Toad
|-activate|p1a: Toad|move: Poltergeist|Leftovers
|-damage|p1a: Toad|45/100
|move|p1a: Toad|Scald|p2a: Marowak
|-supereffective|p2a: Marowak
|-damage|p2a: Marowak|25/100
|
|-heal|p1a: Toad|51/100|[from] item: Leftovers
|upkeep
|turn|4
|
|t:|1599433518
|switch|p1a: B0ng|Weezing-Galar, M|97/100
|move|p2a: Marowak|Poltergeist||[still]
|-fail|p2a: Marowak
|
|upkeep
|turn|5
|inactive|ok now i see ya has 120 seconds left.
|
|t:|1599433535
|move|p2a: Marowak|Flare Blitz|p1a: B0ng
|-damage|p1a: B0ng|63/100
|-damage|p2a: Marowak|10/100|[from] Recoil
|move|p1a: B0ng|Sludge Bomb|p2a: Marowak
|-resisted|p2a: Marowak
|-damage|p2a: Marowak|0 fnt
|faint|p2a: Marowak
|
|upkeep
|
|t:|1599433548
|switch|p2a: Rotom|Rotom-Wash|100/100
|turn|6
|
|t:|1599433554
|switch|p1a: Toad|Seismitoad, M|51/100
|move|p2a: Rotom|Hydro Pump|p1a: Toad
|-heal|p1a: Toad|76/100|[from] ability: Water Absorb|[of] p2a: Rotom
|
|-heal|p1a: Toad|82/100|[from] item: Leftovers
|upkeep
|turn|7
|
|t:|1599433559
|switch|p2a: Tentacruel|Tentacruel, F|100/100
|move|p1a: Toad|Knock Off|p2a: Tentacruel
|-damage|p2a: Tentacruel|73/100
|-enditem|p2a: Tentacruel|Assault Vest|[from] move: Knock Off|[of] p1a: Toad
|
|-heal|p1a: Toad|88/100|[from] item: Leftovers
|upkeep
|turn|8
|
|t:|1599433566
|move|p1a: Toad|Protect|p1a: Toad
|-singleturn|p1a: Toad|Protect
|move|p2a: Tentacruel|Giga Drain|p1a: Toad
|-activate|p1a: Toad|move: Protect
|
|-heal|p1a: Toad|94/100|[from] item: Leftovers
|upkeep
|turn|9
|
|t:|1599433572
|switch|p1a: uwu|Sylveon, F|100/100
|move|p2a: Tentacruel|Scald|p1a: uwu
|-damage|p1a: uwu|78/100
|-status|p1a: uwu|brn
|
|-heal|p1a: uwu|84/100 brn|[from] item: Leftovers
|-damage|p1a: uwu|78/100 brn|[from] brn
|upkeep
|turn|10
|
|t:|1599433577
|move|p2a: Tentacruel|Sludge Bomb|p1a: uwu
|-supereffective|p1a: uwu
|-damage|p1a: uwu|27/100 brn
|move|p1a: uwu|Wish|p1a: uwu
|
|-heal|p1a: uwu|33/100 brn|[from] item: Leftovers
|-damage|p1a: uwu|27/100 brn|[from] brn
|upkeep
|turn|11
|
|t:|1599433589
|move|p1a: uwu|Protect|p1a: uwu
|-singleturn|p1a: uwu|Protect
|move|p2a: Tentacruel|Sludge Bomb|p1a: uwu
|-activate|p1a: uwu|move: Protect
|
|-heal|p1a: uwu|77/100 brn|[from] move: Wish|[wisher] uwu
|-heal|p1a: uwu|83/100 brn|[from] item: Leftovers
|-damage|p1a: uwu|77/100 brn|[from] brn
|upkeep
|turn|12
|
|t:|1599433593
|switch|p1a: DS|Escavalier, M|100/100
|move|p2a: Tentacruel|Sludge Bomb|p1a: DS
|-immune|p1a: DS
|
|upkeep
|turn|13
|
|t:|1599433601
|switch|p2a: Rotom|Rotom-Wash|100/100
|switch|p1a: Mojo Jojo|Zarude|100/100
|
|upkeep
|turn|14
|
|t:|1599433609
|switch|p2a: Grimmsnarl|Grimmsnarl, M|100/100
|move|p1a: Mojo Jojo|Power Whip|p2a: Grimmsnarl
|-damage|p2a: Grimmsnarl|50/100
|
|upkeep
|turn|15
|
|t:|1599433618
|move|p2a: Grimmsnarl|Reflect|p2a: Grimmsnarl
|-sidestart|p2: It hit the kitty|Reflect
|move|p1a: Mojo Jojo|Power Whip|p2a: Grimmsnarl
|-damage|p2a: Grimmsnarl|26/100
|
|upkeep
|turn|16
|
|t:|1599433628
|switch|p1a: uwu|Sylveon, F|77/100 brn
|switch|p2a: Flygon|Flygon, M|100/100
|
|-heal|p1a: uwu|83/100 brn|[from] item: Leftovers
|-damage|p1a: uwu|77/100 brn|[from] brn
|upkeep
|turn|17
|
|t:|1599433633
|switch|p2a: Tentacruel|Tentacruel, F|73/100
|move|p1a: uwu|Wish|p1a: uwu
|
|-heal|p1a: uwu|83/100 brn|[from] item: Leftovers
|-damage|p1a: uwu|77/100 brn|[from] brn
|upkeep
|turn|18
|inactive|ok now i see ya has 120 seconds left.
|c|☆ok now i see ya|showdown algorithm
|c|☆ok now i see ya|why do i go vs a tenta
|c|☆ok now i see ya|wwhen this team is weak to it
|inactive|ok now i see ya has 90 seconds left.
|c|☆ok now i see ya|but previous like 20 games played with a team not weak to it and no tenta
|c|☆ok now i see ya|(:
|
|t:|1599433719
|switch|p2a: Rotom|Rotom-Wash|100/100
|move|p1a: uwu|Hyper Voice|p2a: Rotom
|-damage|p2a: Rotom|56/100
|
|-heal|p1a: uwu|100/100 brn|[from] move: Wish|[wisher] uwu
|-damage|p1a: uwu|94/100 brn|[from] brn
|upkeep
|turn|19
|
|t:|1599433724
|switch|p1a: Toad|Seismitoad, M|94/100
|move|p2a: Rotom|Trick|p1a: Toad
|-activate|p2a: Rotom|move: Trick|[of] p1a: Toad
|-item|p1a: Toad|Choice Specs|[from] move: Trick
|-item|p2a: Rotom|Leftovers|[from] move: Trick
|
|-heal|p2a: Rotom|62/100|[from] item: Leftovers
|upkeep
|turn|20
|
|t:|1599433734
|move|p2a: Rotom|Will-O-Wisp|p1a: Toad
|-status|p1a: Toad|brn
|move|p1a: Toad|Scald|p2a: Rotom
|-resisted|p2a: Rotom
|-damage|p2a: Rotom|43/100
|-status|p2a: Rotom|brn
|
|-heal|p2a: Rotom|49/100 brn|[from] item: Leftovers
|-damage|p2a: Rotom|43/100 brn|[from] brn
|-damage|p1a: Toad|88/100 brn|[from] brn
|upkeep
|turn|21
|l| youke
|j| youke
|inactive|It hit the kitty has 120 seconds left.
|
|t:|1599433767
|switch|p2a: Flygon|Flygon, M|100/100
|move|p1a: Toad|Scald|p2a: Flygon
|-damage|p2a: Flygon|49/100
|-status|p2a: Flygon|brn
|-enditem|p2a: Flygon|Lum Berry|[eat]
|-curestatus|p2a: Flygon|brn|[msg]
|
|-damage|p1a: Toad|82/100 brn|[from] brn
|upkeep
|turn|22
|inactive|ok now i see ya has 90 seconds left.
|
|t:|1599433777
|move|p2a: Flygon|Earthquake|p1a: Toad
|-damage|p1a: Toad|50/100 brn
|move|p1a: Toad|Scald|p2a: Flygon
|-damage|p2a: Flygon|2/100
|
|-damage|p1a: Toad|44/100 brn|[from] brn
|-sideend|p2: It hit the kitty|Reflect
|upkeep
|turn|23
|
|t:|1599433781
|switch|p1a: B0ng|Weezing-Galar, M|63/100
|move|p2a: Flygon|Earthquake|p1a: B0ng
|-immune|p1a: B0ng|[from] ability: Levitate
|
|upkeep
|turn|24
|
|t:|1599433786
|move|p2a: Flygon|Fire Punch|p1a: B0ng
|-damage|p1a: B0ng|47/100
|move|p1a: B0ng|Sludge Bomb|p2a: Flygon
|-resisted|p2a: Flygon
|-damage|p2a: Flygon|0 fnt
|faint|p2a: Flygon
|
|upkeep
|
|t:|1599433793
|switch|p2a: Tentacruel|Tentacruel, F|73/100
|turn|25
|inactive|ok now i see ya has 120 seconds left.
|
|t:|1599433800
|switch|p1a: Toad|Seismitoad, M|44/100 brn
|move|p2a: Tentacruel|Scald|p1a: Toad
|-heal|p1a: Toad|69/100 brn|[from] ability: Water Absorb|[of] p2a: Tentacruel
|
|-damage|p1a: Toad|63/100 brn|[from] brn
|upkeep
|turn|26
|
|t:|1599433805
|switch|p1a: DS|Escavalier, M|100/100
|move|p2a: Tentacruel|Giga Drain|p1a: DS
|-resisted|p1a: DS
|-damage|p1a: DS|97/100
|-heal|p2a: Tentacruel|75/100|[from] drain|[of] p1a: DS
|
|-heal|p1a: DS|100/100|[from] item: Leftovers
|upkeep
|turn|27
|inactive|ok now i see ya has 120 seconds left.
|
|t:|1599433823
|move|p2a: Tentacruel|Giga Drain|p1a: DS
|-resisted|p1a: DS
|-damage|p1a: DS|97/100
|-heal|p2a: Tentacruel|77/100|[from] drain|[of] p1a: DS
|move|p1a: DS|Swords Dance|p1a: DS
|-boost|p1a: DS|atk|2
|
|-heal|p1a: DS|100/100|[from] item: Leftovers
|upkeep
|turn|28
|j| Meteorah
|
|t:|1599433828
|move|p2a: Tentacruel|Giga Drain|p1a: DS
|-resisted|p1a: DS
|-crit|p1a: DS
|-damage|p1a: DS|94/100
|-heal|p2a: Tentacruel|80/100|[from] drain|[of] p1a: DS
|move|p1a: DS|Megahorn|p2a: Tentacruel
|-resisted|p2a: Tentacruel
|-damage|p2a: Tentacruel|0 fnt
|faint|p2a: Tentacruel
|
|-heal|p1a: DS|100/100|[from] item: Leftovers
|upkeep
|-message|It hit the kitty forfeited.
|
|win|ok now i see ya
|l|☆It hit the kitty
|l|☆ok now i see ya
|raw|ok now i see ya's rating: 1612 &rarr; <strong>1623</strong><br />(+11 for winning)
|raw|It hit the kitty's rating: 1434 &rarr; <strong>1423</strong><br />(-11 for losing)
