|j|☆Corporate Donkey
|j|☆Flying0reos
|t:|1663018534
|gametype|singles
|player|p1|Corporate Donkey|ingo|1374
|player|p2|Flying0reos|169|1278
|teamsize|p1|6
|teamsize|p2|6
|gen|8
|tier|[Gen 8] UU
|rated|
|rule|Sleep Clause Mod: Limit one foe put to sleep
|rule|Species Clause: Limit one of each Pokémon
|rule|OHKO Clause: OHKO moves are banned
|rule|Evasion Items Clause: Evasion items are banned
|rule|Evasion Moves Clause: Evasion moves are banned
|rule|Endless Battle Clause: Forcing endless battles is banned
|rule|HP Percentage Mod: HP is shown in percentages
|rule|Dynamax Clause: You cannot dynamax
|clearpoke
|poke|p1|Cobalion|
|poke|p1|Rotom-Wash|
|poke|p1|Hydreigon, M|
|poke|p1|Golurk|
|poke|p1|Togekiss, F|
|poke|p1|Amoonguss, M|
|poke|p2|Excadrill, F|
|poke|p2|Slowbro-Galar, F|
|poke|p2|Azumarill, F|
|poke|p2|Hippowdon, F|
|poke|p2|Zarude|
|poke|p2|Chansey, F|
|teampreview
|c|☆Corporate Donkey|gl hf
|
|t:|1663018563
|start
|switch|p1a: Alexander|Golurk|100/100
|switch|p2a: Zarude|Zarude|100/100
|turn|1
|
|t:|1663018571
|switch|p1a: Horacio|Cobalion|100/100
|move|p2a: Zarude|U-turn|p1a: Horacio
|-resisted|p1a: Horacio
|-damage|p1a: Horacio|96/100
|-damage|p2a: Zarude|84/100|[from] item: Rocky Helmet|[of] p1a: Horacio
|
|t:|1663018580
|switch|p2a: Hippowdon|Hippowdon, F|100/100|[from]move: U-turn
|-weather|Sandstorm|[from] ability: Sand Stream|[of] p2a: Hippowdon
|
|-weather|Sandstorm|[upkeep]
|upkeep
|turn|2
|
|t:|1663018584
|switch|p1a: Colgate|Togekiss, F|100/100
|move|p2a: Hippowdon|Stealth Rock|p1a: Colgate
|-sidestart|p1: Corporate Donkey|move: Stealth Rock
|
|-weather|Sandstorm|[upkeep]
|-damage|p1a: Colgate|94/100|[from] Sandstorm
|upkeep
|turn|3
|
|t:|1663018593
|switch|p2a: Chansey|Chansey, F|100/100
|move|p1a: Colgate|Nasty Plot|p1a: Colgate
|-boost|p1a: Colgate|spa|2
|
|-weather|Sandstorm|[upkeep]
|-damage|p1a: Colgate|88/100|[from] Sandstorm
|-damage|p2a: Chansey|94/100|[from] Sandstorm
|upkeep
|turn|4
|
|t:|1663018599
|move|p1a: Colgate|Nasty Plot|p1a: Colgate
|-boost|p1a: Colgate|spa|2
|move|p2a: Chansey|Teleport|p2a: Chansey
|
|t:|1663018601
|switch|p2a: Excadrill|Excadrill, F|100/100|[from]move: Teleport
|
|-weather|Sandstorm|[upkeep]
|-damage|p1a: Colgate|82/100|[from] Sandstorm
|upkeep
|turn|5
|
|t:|1663018605
|switch|p1a: Hogwash|Rotom-Wash|100/100
|-damage|p1a: Hogwash|88/100|[from] Stealth Rock
|move|p2a: Excadrill|Iron Head|p1a: Hogwash
|-resisted|p1a: Hogwash
|-damage|p1a: Hogwash|78/100
|
|-weather|none
|-heal|p1a: Hogwash|84/100|[from] item: Leftovers
|upkeep
|turn|6
|
|t:|1663018612
|switch|p2a: Chansey|Chansey, F|94/100
|move|p1a: Hogwash|Hydro Pump|p2a: Chansey
|-damage|p2a: Chansey|81/100
|
|-heal|p1a: Hogwash|90/100|[from] item: Leftovers
|upkeep
|turn|7
|
|t:|1663018616
|move|p1a: Hogwash|Defog|p2a: Chansey
|-unboost|p2a: Chansey|evasion|1
|-sideend|p1: Corporate Donkey|Stealth Rock|[from] move: Defog|[of] p1a: Hogwash
|move|p2a: Chansey|Teleport|p2a: Chansey
|
|t:|1663018629
|switch|p2a: Slowbro|Slowbro-Galar, F|100/100|[from]move: Teleport
|
|-heal|p1a: Hogwash|96/100|[from] item: Leftovers
|upkeep
|turn|8
|
|t:|1663018645
|switch|p1a: Alexander|Golurk|100/100
|move|p2a: Slowbro|Scald|p1a: Alexander
|-supereffective|p1a: Alexander
|-damage|p1a: Alexander|52/100
|
|upkeep
|turn|9
|
|t:|1663018654
|switch|p2a: Hippowdon|Hippowdon, F|100/100
|-weather|Sandstorm|[from] ability: Sand Stream|[of] p2a: Hippowdon
|move|p1a: Alexander|Earthquake|p2a: Hippowdon
|-crit|p2a: Hippowdon
|-damage|p2a: Hippowdon|21/100
|
|-weather|Sandstorm|[upkeep]
|-heal|p2a: Hippowdon|27/100|[from] item: Leftovers
|upkeep
|turn|10
|
|t:|1663018669
|switch|p2a: Zarude|Zarude|84/100
|move|p1a: Alexander|Earthquake|p2a: Zarude
|-resisted|p2a: Zarude
|-damage|p2a: Zarude|47/100
|
|-weather|Sandstorm|[upkeep]
|-damage|p2a: Zarude|41/100|[from] Sandstorm
|upkeep
|turn|11
|
|t:|1663018679
|switch|p1a: Horacio|Cobalion|96/100
|move|p2a: Zarude|Close Combat|p1a: Horacio
|-supereffective|p1a: Horacio
|-damage|p1a: Horacio|33/100
|-unboost|p2a: Zarude|def|1
|-unboost|p2a: Zarude|spd|1
|-damage|p2a: Zarude|24/100|[from] item: Rocky Helmet|[of] p1a: Horacio
|
|-weather|Sandstorm|[upkeep]
|-damage|p2a: Zarude|18/100|[from] Sandstorm
|upkeep
|turn|12
|
|t:|1663018690
|switch|p1a: Alexander|Golurk|52/100
|move|p2a: Zarude|Close Combat|p1a: Alexander
|-immune|p1a: Alexander
|
|-weather|Sandstorm|[upkeep]
|-damage|p2a: Zarude|12/100|[from] Sandstorm
|upkeep
|turn|13
|
|t:|1663018700
|switch|p1a: Amoonguss|Amoonguss, M|100/100
|move|p2a: Zarude|Close Combat|p1a: Amoonguss
|-resisted|p1a: Amoonguss
|-damage|p1a: Amoonguss|87/100
|-unboost|p2a: Zarude|def|1
|-unboost|p2a: Zarude|spd|1
|
|-weather|none
|-heal|p1a: Amoonguss|93/100|[from] item: Black Sludge
|upkeep
|turn|14
|
|t:|1663018708
|switch|p2a: Chansey|Chansey, F|81/100
|move|p1a: Amoonguss|Sludge Bomb|p2a: Chansey
|-damage|p2a: Chansey|72/100
|-status|p2a: Chansey|psn
|
|-heal|p1a: Amoonguss|99/100|[from] item: Black Sludge
|-damage|p2a: Chansey|59/100 psn|[from] psn
|upkeep
|turn|15
|
|t:|1663018712
|switch|p1a: Horacio|Cobalion|33/100
|move|p2a: Chansey|Thunder Wave|p1a: Horacio
|-status|p1a: Horacio|par
|
|-damage|p2a: Chansey|47/100 psn|[from] psn
|upkeep
|turn|16
|
|t:|1663018720
|-curestatus|p2a: Chansey|psn|[from] ability: Natural Cure
|switch|p2a: Zarude|Zarude|12/100
|move|p1a: Horacio|Stealth Rock|p2a: Zarude
|-sidestart|p2: Flying0reos|move: Stealth Rock
|
|upkeep
|turn|17
|
|t:|1663018730
|move|p2a: Zarude|Power Whip|p1a: Horacio
|-resisted|p1a: Horacio
|-damage|p1a: Horacio|9/100 par
|-damage|p2a: Zarude|0 fnt|[from] item: Rocky Helmet|[of] p1a: Horacio
|faint|p2a: Zarude
|cant|p1a: Horacio|par
|
|upkeep
|
|t:|1663018735
|switch|p2a: Excadrill|Excadrill, F|100/100
|-damage|p2a: Excadrill|97/100|[from] Stealth Rock
|turn|18
|
|t:|1663018739
|move|p2a: Excadrill|Rapid Spin|p1a: Horacio
|-resisted|p1a: Horacio
|-damage|p1a: Horacio|2/100 par
|-boost|p2a: Excadrill|spe|1
|-damage|p2a: Excadrill|81/100|[from] item: Rocky Helmet|[of] p1a: Horacio
|-sideend|p2: Flying0reos|Stealth Rock|[from] move: Rapid Spin|[of] p2a: Excadrill
|move|p1a: Horacio|Close Combat|p2a: Excadrill
|-supereffective|p2a: Excadrill
|-damage|p2a: Excadrill|0 fnt
|-unboost|p1a: Horacio|def|1
|-unboost|p1a: Horacio|spd|1
|faint|p2a: Excadrill
|
|upkeep
|
|t:|1663018746
|switch|p2a: Azumarill|Azumarill, F|100/100
|turn|19
|
|t:|1663018754
|move|p2a: Azumarill|Aqua Jet|p1a: Horacio
|-damage|p1a: Horacio|0 fnt
|-damage|p2a: Azumarill|84/100|[from] item: Rocky Helmet|[of] p1a: Horacio
|faint|p1a: Horacio
|
|upkeep
|
|t:|1663018757
|switch|p1a: Amoonguss|Amoonguss, M|100/100
|turn|20
|
|t:|1663018761
|switch|p2a: Chansey|Chansey, F|47/100
|move|p1a: Amoonguss|Spore|p2a: Chansey
|-status|p2a: Chansey|slp|[from] move: Spore
|
|upkeep
|turn|21
|
|t:|1663018771
|-curestatus|p2a: Chansey|slp|[from] ability: Natural Cure
|switch|p2a: Slowbro|Slowbro-Galar, F|100/100
|switch|p1a: Alexander|Golurk|52/100
|
|upkeep
|turn|22
|
|t:|1663018805
|switch|p2a: Chansey|Chansey, F|47/100
|move|p1a: Alexander|Earthquake|p2a: Chansey
|-damage|p2a: Chansey|0 fnt
|faint|p2a: Chansey
|
|upkeep
|
|t:|1663018811
|switch|p2a: Azumarill|Azumarill, F|84/100
|turn|23
|
|t:|1663018815
|switch|p1a: Amoonguss|Amoonguss, M|100/100
|move|p2a: Azumarill|Liquidation|p1a: Amoonguss
|-resisted|p1a: Amoonguss
|-damage|p1a: Amoonguss|69/100
|
|-heal|p1a: Amoonguss|75/100|[from] item: Black Sludge
|upkeep
|turn|24
|
|t:|1663018821
|switch|p2a: Hippowdon|Hippowdon, F|27/100
|-weather|Sandstorm|[from] ability: Sand Stream|[of] p2a: Hippowdon
|move|p1a: Amoonguss|Spore|p2a: Hippowdon
|-status|p2a: Hippowdon|slp|[from] move: Spore
|
|-weather|Sandstorm|[upkeep]
|-damage|p1a: Amoonguss|69/100|[from] Sandstorm
|-heal|p2a: Hippowdon|33/100 slp|[from] item: Leftovers
|-heal|p1a: Amoonguss|75/100|[from] item: Black Sludge
|upkeep
|turn|25
|
|t:|1663018829
|switch|p2a: Slowbro|Slowbro-Galar, F|100/100
|switch|p1a: Alexander|Golurk|52/100
|
|-weather|Sandstorm|[upkeep]
|-damage|p2a: Slowbro|94/100|[from] Sandstorm
|upkeep
|turn|26
|
|t:|1663018836
|move|p1a: Alexander|Poltergeist|p2a: Slowbro|[miss]
|-miss|p1a: Alexander|p2a: Slowbro
|move|p2a: Slowbro|Scald|p1a: Alexander
|-supereffective|p1a: Alexander
|-damage|p1a: Alexander|5/100
|
|-weather|Sandstorm|[upkeep]
|-damage|p2a: Slowbro|88/100|[from] Sandstorm
|upkeep
|turn|27
|
|t:|1663018852
|switch|p2a: Hippowdon|Hippowdon, F|33/100 slp
|move|p1a: Alexander|Poltergeist|p2a: Hippowdon
|-activate|p2a: Hippowdon|move: Poltergeist|Leftovers
|-damage|p2a: Hippowdon|0 fnt
|faint|p2a: Hippowdon
|
|-weather|Sandstorm|[upkeep]
|upkeep
|
|t:|1663018854
|switch|p2a: Azumarill|Azumarill, F|84/100
|turn|28
|
|t:|1663018860
|move|p2a: Azumarill|Aqua Jet|p1a: Alexander
|-supereffective|p1a: Alexander
|-damage|p1a: Alexander|0 fnt
|faint|p1a: Alexander
|
|-weather|none
|upkeep
|
|t:|1663018863
|switch|p1a: Amoonguss|Amoonguss, M|100/100
|turn|29
|
|t:|1663018867
|switch|p2a: Slowbro|Slowbro-Galar, F|100/100
|move|p1a: Amoonguss|Foul Play|p2a: Slowbro
|-supereffective|p2a: Slowbro
|-enditem|p2a: Slowbro|Colbur Berry|[eat]
|-enditem|p2a: Slowbro|Colbur Berry|[weaken]
|-damage|p2a: Slowbro|88/100
|
|upkeep
|turn|30
|
|t:|1663018871
|switch|p2a: Azumarill|Azumarill, F|84/100
|switch|p1a: Ricardo|Hydreigon, M|100/100
|
|upkeep
|turn|31
|
|t:|1663018880
|move|p1a: Ricardo|U-turn|p2a: Azumarill
|-resisted|p2a: Azumarill
|-damage|p2a: Azumarill|75/100
|
|t:|1663018883
|switch|p1a: Amoonguss|Amoonguss, M|100/100|[from]move: U-turn
|move|p2a: Azumarill|Play Rough|p1a: Amoonguss
|-resisted|p1a: Amoonguss
|-damage|p1a: Amoonguss|70/100
|
|-heal|p1a: Amoonguss|77/100|[from] item: Black Sludge
|upkeep
|turn|32
|
|t:|1663018888
|move|p2a: Azumarill|Play Rough|p1a: Amoonguss
|-resisted|p1a: Amoonguss
|-damage|p1a: Amoonguss|45/100
|move|p1a: Amoonguss|Spore|p2a: Azumarill
|-status|p2a: Azumarill|slp|[from] move: Spore
|
|-heal|p1a: Amoonguss|51/100|[from] item: Black Sludge
|upkeep
|turn|33
|
|t:|1663018894
|switch|p2a: Slowbro|Slowbro-Galar, F|100/100
|move|p1a: Amoonguss|Sludge Bomb|p2a: Slowbro
|-resisted|p2a: Slowbro
|-damage|p2a: Slowbro|86/100
|
|-heal|p1a: Amoonguss|57/100|[from] item: Black Sludge
|upkeep
|turn|34
|
|t:|1663018902
|switch|p1a: Ricardo|Hydreigon, M|100/100
|move|p2a: Slowbro|Calm Mind|p2a: Slowbro
|-boost|p2a: Slowbro|spa|1
|-boost|p2a: Slowbro|spd|1
|
|upkeep
|turn|35
|
|t:|1663018906
|move|p1a: Ricardo|Dark Pulse|p2a: Slowbro
|-supereffective|p2a: Slowbro
|-damage|p2a: Slowbro|20/100
|move|p2a: Slowbro|Slack Off|p2a: Slowbro
|-heal|p2a: Slowbro|70/100
|
|upkeep
|turn|36
|
|t:|1663018919
|move|p1a: Ricardo|Dark Pulse|p2a: Slowbro
|-supereffective|p2a: Slowbro
|-damage|p2a: Slowbro|6/100
|move|p2a: Slowbro|Slack Off|p2a: Slowbro
|-heal|p2a: Slowbro|56/100
|
|upkeep
|turn|37
|
|t:|1663018925
|move|p1a: Ricardo|Dark Pulse|p2a: Slowbro
|-supereffective|p2a: Slowbro
|-damage|p2a: Slowbro|0 fnt
|faint|p2a: Slowbro
|
|upkeep
|-message|Flying0reos forfeited.
|
|win|Corporate Donkey
|raw|Corporate Donkey's rating: 1374 &rarr; <strong>1389</strong><br />(+15 for winning)
|raw|Flying0reos's rating: 1278 &rarr; <strong>1260</strong><br />(-18 for losing)
|l|☆Flying0reos
||Ladder isn't responding, score probably updated but might not have (Request timeout).
