|j|☆Mimilucha
|j|☆Micciu20250
|t:|1666986438
|gametype|singles
|player|p1|Mimilucha|ethan-masters|
|player|p2|Micciu20250|kris-masters|
|teamsize|p1|6
|teamsize|p2|6
|gen|8
|tier|[Gen 8] UU
|rule|Sleep Clause Mod: Limit one foe put to sleep
|rule|Species Clause: Limit one of each Pokémon
|rule|OHKO Clause: OHKO moves are banned
|rule|Evasion Items Clause: Evasion items are banned
|rule|Evasion Moves Clause: Evasion moves are banned
|rule|Endless Battle Clause: Forcing endless battles is banned
|rule|HP Percentage Mod: HP is shown in percentages
|rule|Dynamax Clause: You cannot dynamax
|clearpoke
|poke|p1|Chandelure, M|
|poke|p1|Amoonguss, F|
|poke|p1|Cobalion|
|poke|p1|Mandibuzz, F|
|poke|p1|Rotom-Wash|
|poke|p1|Zygarde-10%|
|poke|p2|Reuniclus, F|
|poke|p2|Amoonguss, M|
|poke|p2|Salamence, F|
|poke|p2|Cobalion|
|poke|p2|Primarina, F|
|poke|p2|Diggersby, M|
|teampreview
|inactive|Battle timer is ON: inactive players will automatically lose when time's up. (requested by Mimilucha)
|c|☆Micciu20250|hf
|j|+Dragonillis
|j| Chose Truc
|j| BTLT6 H71
|j| Vanilluxe on ladd
|j| 94260LC
|j| Two-ton rebel
|j| BlazingDark
|c| BlazingDark|wow :O !
|j| Amelza
|j|@ironwater
|c|☆Mimilucha|hf
|inactive|Mimilucha has 270 seconds left.
|inactive|Micciu20250 has 270 seconds left.
|l| Amelza
|j| AzZoCcX
|c|☆Micciu20250|:wow:
|j| CMDoge
|j| Bhalal@!
|j| Les2BG
|j| DL Ecca
|j| Menacce17
|inactive|Mimilucha has 240 seconds left.
|inactive|Micciu20250 has 240 seconds left.
|j| KaiDrop1
|j| Zenadark
|j| RichardMillePlain
|j| PasPhilosophe
|inactive|Mimilucha has 210 seconds left.
|inactive|Micciu20250 has 210 seconds left.
|j| lulu qlf
|l| PasPhilosophe
|inactive|Micciu20250 has 180 seconds left.
|
|t:|1666986559
|start
|switch|p1a: Amoonguss|Amoonguss, F|100/100
|switch|p2a: BladouDark😇|Primarina, F|100/100
|turn|1
|j| pinorska
|inactive|Micciu20250 has 240 seconds left.
|
|t:|1666986575
|move|p2a: BladouDark😇|Moonblast|p1a: Amoonguss
|-resisted|p1a: Amoonguss
|-damage|p1a: Amoonguss|83/100
|move|p1a: Amoonguss|Sludge Bomb|p2a: BladouDark😇
|-supereffective|p2a: BladouDark😇
|-damage|p2a: BladouDark😇|64/100
|-status|p2a: BladouDark😇|psn
|
|-heal|p2a: BladouDark😇|70/100 psn|[from] item: Leftovers
|-damage|p2a: BladouDark😇|58/100 psn|[from] psn
|upkeep
|turn|2
|j| Beka ❤
|
|t:|1666986584
|move|p2a: BladouDark😇|Rest|p2a: BladouDark😇
|-status|p2a: BladouDark😇|slp|[from] move: Rest
|-heal|p2a: BladouDark😇|100/100 slp|[silent]
|move|p1a: Amoonguss|Sludge Bomb|p2a: BladouDark😇
|-supereffective|p2a: BladouDark😇
|-damage|p2a: BladouDark😇|64/100 slp
|
|-heal|p2a: BladouDark😇|70/100 slp|[from] item: Leftovers
|upkeep
|turn|3
|j| Goat manolo
|inactive|Micciu20250 has 240 seconds left.
|inactive|Mimilucha has 270 seconds left.
|l|btlt6h71
|
|t:|1666986614
|switch|p2a: BlazingDarkou😊|Amoonguss, M|100/100
|switch|p1a: Chandelure|Chandelure, M|100/100
|
|upkeep
|turn|4
|j| wooperfan52
|inactive|Mimilucha has 270 seconds left.
|j| Jeza.p
|j| Inder
|n| Vanilluxe on ladd|vanilluxeonladd
|j| Amelza
|
|t:|1666986642
|switch|p2a: XxBlazingDarkXx|Salamence, F|100/100
|-ability|p2a: XxBlazingDarkXx|Intimidate|boost
|-unboost|p1a: Chandelure|atk|1
|move|p1a: Chandelure|Flamethrower|p2a: XxBlazingDarkXx
|-resisted|p2a: XxBlazingDarkXx
|-damage|p2a: XxBlazingDarkXx|74/100
|
|upkeep
|turn|5
|j| Skyrio
|c| Inder|mimi broit le stp
|l| 94260LC
|c| Inder|meme si t'es dembele
|inactive|Micciu20250 has 210 seconds left.
|j| 94260LC
|l| Two-ton rebel
|l| Skyrio
|j| Love the BEAT
|j| ChaFouu
|inactive|Micciu20250 has 180 seconds left.
|
|t:|1666986691
|switch|p2a: Bédé|Reuniclus, F|100/100
|switch|p1a: Rotom|Rotom-Wash|100/100
|
|upkeep
|turn|6
|c| AzZoCcX|Mimi brois le stp
|inactive|Mimilucha has 270 seconds left.
|l| CMDoge
|c| AzZoCcX|tsé le mec qui fait des fauets
|inactive|Micciu20250 has 180 seconds left.
|c|@ironwater|aller le Mi
|c| Inder|du mauvais job azz
|l| Jeza.p
|c|☆Micciu20250|Tu t'es pas mouillé iter
|inactive|Mimilucha has 240 seconds left.
|
|t:|1666986738
|move|p1a: Rotom|Volt Switch|p2a: Bédé
|-damage|p2a: Bédé|79/100
|
|t:|1666986747
|switch|p1a: Mandibuzz|Mandibuzz, F|100/100|[from]move: Volt Switch
|move|p2a: Bédé|Calm Mind|p2a: Bédé
|-boost|p2a: Bédé|spa|1
|-boost|p2a: Bédé|spd|1
|
|upkeep
|turn|7
|j|+SFG
|inactive|Mimilucha has 240 seconds left.
|c|☆Mimilucha|bon bah
|c| Inder|pourtant il est fait d'acier trempé..!
|inactive|Micciu20250 has 180 seconds left.
|j| Quartos
|
|t:|1666986767
|move|p1a: Mandibuzz|Knock Off|p2a: Bédé
|-supereffective|p2a: Bédé
|-damage|p2a: Bédé|47/100
|-enditem|p2a: Bédé|Life Orb|[from] move: Knock Off|[of] p1a: Mandibuzz
|move|p2a: Bédé|Calm Mind|p2a: Bédé
|-boost|p2a: Bédé|spa|1
|-boost|p2a: Bédé|spd|1
|
|upkeep
|turn|8
|l| Inder
|c|☆Micciu20250|MA LO
|inactive|Mimilucha has 240 seconds left.
|c| AzZoCcX|LMAO
|c| ChaFouu|noooooon
|c|☆Mimilucha|oui oui
|c| Love the BEAT|lma lo
|c|☆Micciu20250|Je voulais m'amuser
|c|☆Micciu20250|snif
|c| AzZoCcX|ChaFouu ? go Valorant ???
|inactive|Mimilucha has 210 seconds left.
|
|t:|1666986803
|move|p1a: Mandibuzz|Foul Play|p2a: Bédé
|-supereffective|p2a: Bédé
|-damage|p2a: Bédé|23/100
|move|p2a: Bédé|Recover|p2a: Bédé
|-heal|p2a: Bédé|73/100
|
|upkeep
|turn|9
|l| Quartos
|
|t:|1666986807
|move|p1a: Mandibuzz|Foul Play|p2a: Bédé
|-supereffective|p2a: Bédé
|-damage|p2a: Bédé|50/100
|move|p2a: Bédé|Recover|p2a: Bédé
|-heal|p2a: Bédé|99/100
|
|upkeep
|turn|10
|c| ChaFouu|non
|l| RichardMillePlain
|
|t:|1666986811
|move|p1a: Mandibuzz|Foul Play|p2a: Bédé
|-supereffective|p2a: Bédé
|-damage|p2a: Bédé|78/100
|move|p2a: Bédé|Calm Mind|p2a: Bédé
|-boost|p2a: Bédé|spa|1
|-boost|p2a: Bédé|spd|1
|
|upkeep
|turn|11
|
|t:|1666986815
|move|p1a: Mandibuzz|Foul Play|p2a: Bédé
|-supereffective|p2a: Bédé
|-damage|p2a: Bédé|52/100
|move|p2a: Bédé|Recover|p2a: Bédé
|-heal|p2a: Bédé|100/100
|
|upkeep
|turn|12
|
|t:|1666986817
|move|p1a: Mandibuzz|Foul Play|p2a: Bédé
|-supereffective|p2a: Bédé
|-damage|p2a: Bédé|76/100
|move|p2a: Bédé|Calm Mind|p2a: Bédé
|-boost|p2a: Bédé|spa|1
|-boost|p2a: Bédé|spd|1
|
|upkeep
|turn|13
|n| KSt3ve|lovethebeat
|j| Jeza.p
|
|t:|1666986820
|move|p1a: Mandibuzz|Foul Play|p2a: Bédé
|-supereffective|p2a: Bédé
|-damage|p2a: Bédé|50/100
|move|p2a: Bédé|Recover|p2a: Bédé
|-heal|p2a: Bédé|100/100
|
|upkeep
|turn|14
|c| KSt3ve|micciu
|c| KSt3ve|tu ff pas
|l| Chose Truc
|
|t:|1666986825
|move|p1a: Mandibuzz|Foul Play|p2a: Bédé
|-supereffective|p2a: Bédé
|-damage|p2a: Bédé|75/100
|move|p2a: Bédé|Calm Mind|p2a: Bédé
|-boost|p2a: Bédé|spa|1
|-boost|p2a: Bédé|spd|1
|
|upkeep
|turn|15
|c| KSt3ve|tu viens pas chez moi
|inactive|Mimilucha has 270 seconds left.
|inactive|Micciu20250 has 240 seconds left.
|c|☆Micciu20250|je prend un hotel
|c|☆Mimilucha|grosse game en tout cas
|
|t:|1666986835
|move|p1a: Mandibuzz|Foul Play|p2a: Bédé
|-supereffective|p2a: Bédé
|-damage|p2a: Bédé|50/100
|move|p2a: Bédé|Recover|p2a: Bédé
|-heal|p2a: Bédé|100/100
|
|upkeep
|turn|16
|
|t:|1666986839
|move|p1a: Mandibuzz|Foul Play|p2a: Bédé
|-supereffective|p2a: Bédé
|-damage|p2a: Bédé|76/100
|move|p2a: Bédé|Calm Mind|p2a: Bédé
|-boost|p2a: Bédé|spa|1
|-boost|p2a: Bédé|spd|1
|
|upkeep
|turn|17
|
|t:|1666986842
|move|p1a: Mandibuzz|Foul Play|p2a: Bédé
|-supereffective|p2a: Bédé
|-damage|p2a: Bédé|55/100
|move|p2a: Bédé|Recover|p2a: Bédé
|-heal|p2a: Bédé|100/100
|
|upkeep
|turn|18
|
|t:|1666986846
|move|p1a: Mandibuzz|Foul Play|p2a: Bédé
|-supereffective|p2a: Bédé
|-damage|p2a: Bédé|77/100
|move|p2a: Bédé|Focus Blast|p1a: Mandibuzz
|-damage|p1a: Mandibuzz|0 fnt
|faint|p1a: Mandibuzz
|
|upkeep
|j| PokemonCestDur
|c| AzZoCcX|frère sayer arrête de te plaindre
|j| Pedransu ☀️
|c|☆Mimilucha|tg mdr
|
|t:|1666986859
|switch|p1a: Zygarde|Zygarde-10%|100/100
|-ability|p1a: Zygarde|Aura Break
|turn|19
|inactive|Micciu20250 has 270 seconds left.
|inactive|Micciu20250 has 240 seconds left.
|
|t:|1666986905
|move|p1a: Zygarde|Outrage|p2a: Bédé
|-damage|p2a: Bédé|19/100
|move|p2a: Bédé|Psyshock|p1a: Zygarde
|-crit|p1a: Zygarde
|-damage|p1a: Zygarde|0 fnt
|faint|p1a: Zygarde
|
|upkeep
|j| Jewel Usain
|
|t:|1666986926
|switch|p1a: Cobalion|Cobalion|100/100
|turn|20
|j| Skip'n'Slash
|
|t:|1666986939
|switch|p2a: BlazingDarkou😊|Amoonguss, M|100/100
|move|p1a: Cobalion|Iron Head|p2a: BlazingDarkou😊
|-damage|p2a: BlazingDarkou😊|74/100
|-damage|p1a: Cobalion|84/100|[from] item: Rocky Helmet|[of] p2a: BlazingDarkou😊
|
|-heal|p1a: Cobalion|90/100|[from] item: Leftovers
|upkeep
|turn|21
|
|t:|1666986952
|move|p1a: Cobalion|Stealth Rock|p2a: BlazingDarkou😊
|-sidestart|p2: Micciu20250|move: Stealth Rock
|move|p2a: BlazingDarkou😊|Sludge Bomb|p1a: Cobalion
|-immune|p1a: Cobalion
|
|-heal|p1a: Cobalion|96/100|[from] item: Leftovers
|upkeep
|turn|22
|
|t:|1666986959
|switch|p1a: Amoonguss|Amoonguss, F|100/100
|move|p2a: BlazingDarkou😊|Spore|p1a: Amoonguss
|-immune|p1a: Amoonguss
|
|upkeep
|turn|23
|
|t:|1666986965
|move|p2a: BlazingDarkou😊|Sludge Bomb|p1a: Amoonguss
|-damage|p1a: Amoonguss|75/100
|move|p1a: Amoonguss|Sludge Bomb|p2a: BlazingDarkou😊
|-damage|p2a: BlazingDarkou😊|50/100
|
|upkeep
|turn|24
|
|t:|1666986970
|switch|p2a: Kougen 😊|Cobalion|100/100
|-damage|p2a: Kougen 😊|97/100|[from] Stealth Rock
|move|p1a: Amoonguss|Sludge Bomb|p2a: Kougen 😊
|-immune|p2a: Kougen 😊
|
|-heal|p2a: Kougen 😊|100/100|[from] item: Leftovers
|upkeep
|turn|25
|
|t:|1666986975
|move|p2a: Kougen 😊|Stealth Rock|p1a: Amoonguss
|-sidestart|p1: Mimilucha|move: Stealth Rock
|move|p1a: Amoonguss|Stun Spore|p2a: Kougen 😊|[miss]
|-miss|p1a: Amoonguss|p2a: Kougen 😊
|
|upkeep
|turn|26
|
|t:|1666986982
|move|p2a: Kougen 😊|Swords Dance|p2a: Kougen 😊
|-boost|p2a: Kougen 😊|atk|2
|move|p1a: Amoonguss|Sludge Bomb|p2a: Kougen 😊
|-immune|p2a: Kougen 😊
|
|upkeep
|turn|27
|
|t:|1666986985
|move|p2a: Kougen 😊|Iron Head|p1a: Amoonguss
|-damage|p1a: Amoonguss|29/100
|-damage|p2a: Kougen 😊|84/100|[from] item: Rocky Helmet|[of] p1a: Amoonguss
|move|p1a: Amoonguss|Stun Spore|p2a: Kougen 😊|[miss]
|-miss|p1a: Amoonguss|p2a: Kougen 😊
|
|-heal|p2a: Kougen 😊|90/100|[from] item: Leftovers
|upkeep
|turn|28
|j| Givra no bi ☯
|c| KSt3ve|un move
|c|☆Mimilucha|t'as été meilleur jpense
|j| MAGLC flopillon
|c|☆Mimilucha|gros gg à toi
|c| KSt3ve|digne des plus grand
|
|t:|1666987005
|move|p2a: Kougen 😊|Iron Head|p1a: Amoonguss
|-damage|p1a: Amoonguss|0 fnt
|-damage|p2a: Kougen 😊|74/100|[from] item: Rocky Helmet|[of] p1a: Amoonguss
|faint|p1a: Amoonguss
|
|-heal|p2a: Kougen 😊|80/100|[from] item: Leftovers
|upkeep
|
|t:|1666987007
|switch|p1a: Cobalion|Cobalion|96/100
|-damage|p1a: Cobalion|93/100|[from] Stealth Rock
|turn|29
|
|t:|1666987017
|move|p1a: Cobalion|Close Combat|p2a: Kougen 😊
|-supereffective|p2a: Kougen 😊
|-damage|p2a: Kougen 😊|0 fnt
|-unboost|p1a: Cobalion|def|1
|-unboost|p1a: Cobalion|spd|1
|faint|p2a: Kougen 😊
|
|-heal|p1a: Cobalion|99/100|[from] item: Leftovers
|upkeep
|c| BlazingDark|ça y'est calmez vous
|
|t:|1666987026
|switch|p2a: XxBlazingDarkXx|Salamence, F|74/100
|-ability|p2a: XxBlazingDarkXx|Intimidate|boost
|-unboost|p1a: Cobalion|atk|1
|turn|30
|j| Hyss
|
|t:|1666987036
|switch|p1a: Rotom|Rotom-Wash|100/100
|-damage|p1a: Rotom|88/100|[from] Stealth Rock
|move|p2a: XxBlazingDarkXx|Hurricane|p1a: Rotom
|-resisted|p1a: Rotom
|-damage|p1a: Rotom|66/100
|
|-heal|p1a: Rotom|72/100|[from] item: Leftovers
|upkeep
|turn|31
|l| wooperfan52
|
|t:|1666987041
|move|p2a: XxBlazingDarkXx|Roost|p2a: XxBlazingDarkXx
|-heal|p2a: XxBlazingDarkXx|100/100
|-singleturn|p2a: XxBlazingDarkXx|move: Roost
|move|p1a: Rotom|Volt Switch|p2a: XxBlazingDarkXx
|-resisted|p2a: XxBlazingDarkXx
|-damage|p2a: XxBlazingDarkXx|89/100
|
|t:|1666987048
|switch|p1a: Cobalion|Cobalion|99/100|[from]move: Volt Switch
|-damage|p1a: Cobalion|96/100|[from] Stealth Rock
|
|-heal|p1a: Cobalion|100/100|[from] item: Leftovers
|upkeep
|turn|32
|l| MAGLC flopillon
|
|t:|1666987057
|switch|p1a: Rotom|Rotom-Wash|72/100
|-damage|p1a: Rotom|60/100|[from] Stealth Rock
|switch|p2a: BlazingDarkou😊|Amoonguss, M|84/100
|-damage|p2a: BlazingDarkou😊|71/100|[from] Stealth Rock
|
|-heal|p1a: Rotom|66/100|[from] item: Leftovers
|upkeep
|turn|33
|
|t:|1666987063
|move|p1a: Rotom|Pain Split|p2a: BlazingDarkou😊
|-sethp|p2a: BlazingDarkou😊|59/100|[from] move: Pain Split|[silent]
|-sethp|p1a: Rotom|84/100|[from] move: Pain Split
|move|p2a: BlazingDarkou😊|Spore|p1a: Rotom
|-status|p1a: Rotom|slp|[from] move: Spore
|
|-heal|p1a: Rotom|90/100 slp|[from] item: Leftovers
|upkeep
|turn|34
|l| Hyss
|
|t:|1666987071
|switch|p1a: Chandelure|Chandelure, M|100/100
|switch|p2a: XxBlazingDarkXx|Salamence, F|89/100
|-ability|p2a: XxBlazingDarkXx|Intimidate|boost
|-unboost|p1a: Chandelure|atk|1
|
|upkeep
|turn|35
|
|t:|1666987077
|move|p2a: XxBlazingDarkXx|Hurricane|p1a: Chandelure|[miss]
|-miss|p2a: XxBlazingDarkXx|p1a: Chandelure
|move|p1a: Chandelure|Will-O-Wisp|p2a: XxBlazingDarkXx
|-status|p2a: XxBlazingDarkXx|brn
|
|-damage|p2a: XxBlazingDarkXx|83/100 brn|[from] brn
|upkeep
|turn|36
|
|t:|1666987081
|move|p2a: XxBlazingDarkXx|Hurricane|p1a: Chandelure
|-damage|p1a: Chandelure|44/100
|move|p1a: Chandelure|Hex|p2a: XxBlazingDarkXx
|-damage|p2a: XxBlazingDarkXx|14/100 brn
|
|-damage|p2a: XxBlazingDarkXx|8/100 brn|[from] brn
|upkeep
|turn|37
|l| Vanilluxe on ladd
|
|t:|1666987089
|move|p2a: XxBlazingDarkXx|Hurricane|p1a: Chandelure
|-damage|p1a: Chandelure|0 fnt
|faint|p1a: Chandelure
|
|-damage|p2a: XxBlazingDarkXx|2/100 brn|[from] brn
|upkeep
|
|t:|1666987091
|switch|p1a: Cobalion|Cobalion|100/100
|-damage|p1a: Cobalion|97/100|[from] Stealth Rock
|turn|38
|
|t:|1666987104
|move|p1a: Cobalion|Iron Head|p2a: XxBlazingDarkXx
|-damage|p2a: XxBlazingDarkXx|0 fnt
|faint|p2a: XxBlazingDarkXx
|
|-heal|p1a: Cobalion|100/100|[from] item: Leftovers
|upkeep
|
|t:|1666987108
|switch|p2a: BlazingouDarkou|Diggersby, M|100/100
|-damage|p2a: BlazingouDarkou|94/100|[from] Stealth Rock
|turn|39
|j| marklanders9
|
|t:|1666987116
|switch|p1a: Rotom|Rotom-Wash|90/100 slp
|-damage|p1a: Rotom|77/100 slp|[from] Stealth Rock
|move|p2a: BlazingouDarkou|Earthquake|p1a: Rotom
|-immune|p1a: Rotom|[from] ability: Levitate
|
|-heal|p1a: Rotom|83/100 slp|[from] item: Leftovers
|upkeep
|turn|40
|
|t:|1666987120
|switch|p1a: Cobalion|Cobalion|100/100
|-damage|p1a: Cobalion|97/100|[from] Stealth Rock
|move|p2a: BlazingouDarkou|Earthquake|p1a: Cobalion
|-supereffective|p1a: Cobalion
|-damage|p1a: Cobalion|2/100
|
|-heal|p1a: Cobalion|8/100|[from] item: Leftovers
|upkeep
|turn|41
|c|☆Mimilucha|oui bah oui
|
|t:|1666987131
|switch|p1a: Rotom|Rotom-Wash|83/100 slp
|-damage|p1a: Rotom|71/100 slp|[from] Stealth Rock
|move|p2a: BlazingouDarkou|Earthquake|p1a: Rotom
|-immune|p1a: Rotom|[from] ability: Levitate
|
|-heal|p1a: Rotom|77/100 slp|[from] item: Leftovers
|upkeep
|turn|42
|
|t:|1666987134
|switch|p2a: BlazingDarkou😊|Amoonguss, M|92/100
|-damage|p2a: BlazingDarkou😊|80/100|[from] Stealth Rock
|switch|p1a: Cobalion|Cobalion|8/100
|-damage|p1a: Cobalion|5/100|[from] Stealth Rock
|
|-heal|p1a: Cobalion|11/100|[from] item: Leftovers
|upkeep
|turn|43
|
|t:|1666987140
|move|p1a: Cobalion|Swords Dance|p1a: Cobalion
|-boost|p1a: Cobalion|atk|2
|move|p2a: BlazingDarkou😊|Giga Drain|p1a: Cobalion
|-resisted|p1a: Cobalion
|-damage|p1a: Cobalion|0 fnt
|-heal|p2a: BlazingDarkou😊|84/100|[from] drain|[of] p1a: Cobalion
|faint|p1a: Cobalion
|
|upkeep
|-message|Mimilucha forfeited.
|
|win|Micciu20250
|l|☆Mimilucha
|l| Skip'n'Slash
|l| 94260LC
|l| BlazingDark
