|html|<div class="broadcast-blue"><strong>[Gen 8] UU is currently suspecting Thundurus-T! For information on how to participate check out the <a href="https://www.smogon.com/forums/threads/np-ss-uu-stage-11-boom-clap.3696000/">suspect thread</a>.</strong></div>
|j|☆pokemonisfun
|j|☆thegreatestshowman
|t:|1642730819
|gametype|singles
|player|p1|pokemonisfun|#uutrio2ladder|1754
|player|p2|thegreatestshowman|n|1612
|teamsize|p1|6
|teamsize|p2|6
|gen|8
|tier|[Gen 8] UU
|rated|
|rule|Sleep Clause Mod: Limit one foe put to sleep
|rule|Species Clause: Limit one of each Pokémon
|rule|OHKO Clause: OHKO moves are banned
|rule|Evasion Moves Clause: Evasion moves are banned
|rule|Endless Battle Clause: Forcing endless battles is banned
|rule|HP Percentage Mod: HP is shown in percentages
|rule|Dynamax Clause: You cannot dynamax
|clearpoke
|poke|p1|Chansey, F|
|poke|p1|Mamoswine, M|
|poke|p1|Skarmory, F|
|poke|p1|Amoonguss, M|
|poke|p1|Keldeo-Resolute|
|poke|p1|Krookodile, M|
|poke|p2|Excadrill, F|
|poke|p2|Aegislash, M|
|poke|p2|Moltres-Galar|
|poke|p2|Celesteela|
|poke|p2|Nihilego|
|poke|p2|Mimikyu, M|
|teampreview
|inactive|Battle timer is ON: inactive players will automatically lose when time's up. (requested by thegreatestshowman)
|inactive|pokemonisfun has 120 seconds left.
|inactive|pokemonisfun has 90 seconds left.
|inactive|pokemonisfun has 60 seconds left.
|
|t:|1642730929
|start
|switch|p1a: mitey bitey|Krookodile, M|100/100
|switch|p2a: Excadrill|Excadrill, F|100/100
|-ability|p1a: mitey bitey|Intimidate|boost
|-unboost|p2a: Excadrill|atk|1
|-ability|p2a: Excadrill|Mold Breaker
|turn|1
|
|t:|1642730938
|move|p1a: mitey bitey|Earthquake|p2a: Excadrill
|-supereffective|p2a: Excadrill
|-enditem|p2a: Excadrill|Focus Sash
|-damage|p2a: Excadrill|1/100
|move|p2a: Excadrill|Rapid Spin|p1a: mitey bitey
|-damage|p1a: mitey bitey|85/100
|-boost|p2a: Excadrill|spe|1
|
|-heal|p1a: mitey bitey|91/100|[from] item: Leftovers
|upkeep
|turn|2
|
|t:|1642730942
|move|p2a: Excadrill|Stealth Rock|p1a: mitey bitey
|-sidestart|p1: pokemonisfun|move: Stealth Rock
|move|p1a: mitey bitey|Stealth Rock|p2a: Excadrill
|-sidestart|p2: thegreatestshowman|move: Stealth Rock
|
|-heal|p1a: mitey bitey|97/100|[from] item: Leftovers
|upkeep
|turn|3
|
|t:|1642730948
|switch|p1a: sturdy birdy|Skarmory, F|100/100
|-damage|p1a: sturdy birdy|88/100|[from] Stealth Rock
|move|p2a: Excadrill|Rapid Spin|p1a: sturdy birdy
|-resisted|p1a: sturdy birdy
|-damage|p1a: sturdy birdy|85/100
|-boost|p2a: Excadrill|spe|1
|-damage|p2a: Excadrill|0 fnt|[from] item: Rocky Helmet|[of] p1a: sturdy birdy
|faint|p2a: Excadrill
|
|upkeep
|
|t:|1642730973
|switch|p2a: Aegislash|Aegislash, M|100/100
|-damage|p2a: Aegislash|94/100|[from] Stealth Rock
|turn|4
|inactive|pokemonisfun has 120 seconds left.
|inactive|pokemonisfun has 90 seconds left.
|
|t:|1642731046
|switch|p1a: shroom of doom|Amoonguss, M|100/100
|-damage|p1a: shroom of doom|88/100|[from] Stealth Rock
|move|p2a: Aegislash|Swords Dance|p2a: Aegislash
|-boost|p2a: Aegislash|atk|2
|
|upkeep
|turn|5
|inactive|thegreatestshowman has 120 seconds left.
|inactive|thegreatestshowman has 90 seconds left.
|
|t:|1642731110
|switch|p2a: Celesteela|Celesteela|100/100
|-damage|p2a: Celesteela|88/100|[from] Stealth Rock
|move|p1a: shroom of doom|Foul Play|p2a: Celesteela
|-damage|p2a: Celesteela|72/100
|
|upkeep
|turn|6
|inactive|thegreatestshowman has 90 seconds left.
|
|t:|1642731127
|switch|p2a: Mimikyu|Mimikyu, M|100/100
|-damage|p2a: Mimikyu|88/100|[from] Stealth Rock
|switch|p1a: give her a chanse|Chansey, F|100/100
|-damage|p1a: give her a chanse|88/100|[from] Stealth Rock
|
|upkeep
|turn|7
|
|t:|1642731133
|switch|p1a: shroom of doom|Amoonguss, M|100/100
|-damage|p1a: shroom of doom|88/100|[from] Stealth Rock
|move|p2a: Mimikyu|Swords Dance|p2a: Mimikyu
|-boost|p2a: Mimikyu|atk|2
|
|upkeep
|turn|8
|
|t:|1642731137
|move|p2a: Mimikyu|Swords Dance|p2a: Mimikyu
|-boost|p2a: Mimikyu|atk|2
|move|p1a: shroom of doom|Spore|p2a: Mimikyu
|-status|p2a: Mimikyu|slp|[from] move: Spore
|
|upkeep
|turn|9
|inactive|pokemonisfun has 90 seconds left.
|inactive|thegreatestshowman has 90 seconds left.
|
|t:|1642731166
|switch|p2a: Aegislash|Aegislash, M|94/100
|-damage|p2a: Aegislash|88/100|[from] Stealth Rock
|move|p1a: shroom of doom|Sludge Bomb|p2a: Aegislash
|-immune|p2a: Aegislash
|
|upkeep
|turn|10
|inactive|thegreatestshowman has 90 seconds left.
|
|t:|1642731174
|move|p2a: Aegislash|Swords Dance|p2a: Aegislash
|-boost|p2a: Aegislash|atk|2
|move|p1a: shroom of doom|Foul Play|p2a: Aegislash
|-supereffective|p2a: Aegislash
|-damage|p2a: Aegislash|9/100
|-enditem|p2a: Aegislash|Weakness Policy
|-boost|p2a: Aegislash|atk|2|[from] item: Weakness Policy
|-boost|p2a: Aegislash|spa|2|[from] item: Weakness Policy
|
|upkeep
|turn|11
|
|t:|1642731181
|-formechange|p2a: Aegislash|Aegislash-Blade||[from] ability: Stance Change
|move|p2a: Aegislash|Close Combat|p1a: shroom of doom
|-resisted|p1a: shroom of doom
|-damage|p1a: shroom of doom|27/100
|-unboost|p2a: Aegislash|def|1
|-unboost|p2a: Aegislash|spd|1
|-enditem|p1a: shroom of doom|Eject Button
|
|t:|1642731186
|switch|p1a: mitey bitey|Krookodile, M|97/100
|-damage|p1a: mitey bitey|91/100|[from] Stealth Rock
|-ability|p1a: mitey bitey|Intimidate|boost
|-unboost|p2a: Aegislash|atk|1
|
|-heal|p1a: mitey bitey|97/100|[from] item: Leftovers
|upkeep
|turn|12
|
|t:|1642731192
|move|p2a: Aegislash|Shadow Sneak|p1a: mitey bitey
|-resisted|p1a: mitey bitey
|-damage|p1a: mitey bitey|62/100
|move|p1a: mitey bitey|Earthquake|p2a: Aegislash
|-supereffective|p2a: Aegislash
|-damage|p2a: Aegislash|0 fnt
|faint|p2a: Aegislash
|
|-heal|p1a: mitey bitey|68/100|[from] item: Leftovers
|upkeep
|
|t:|1642731204
|switch|p2a: Celesteela|Celesteela|72/100
|-damage|p2a: Celesteela|59/100|[from] Stealth Rock
|turn|13
|inactive|pokemonisfun has 120 seconds left.
|
|t:|1642731210
|move|p1a: mitey bitey|Knock Off|p2a: Celesteela
|-damage|p2a: Celesteela|11/100
|-enditem|p2a: Celesteela|Power Herb|[from] move: Knock Off|[of] p1a: mitey bitey
|move|p2a: Celesteela|Air Slash|p1a: mitey bitey
|-damage|p1a: mitey bitey|14/100
|
|-heal|p1a: mitey bitey|20/100|[from] item: Leftovers
|upkeep
|turn|14
|
|t:|1642731215
|move|p1a: mitey bitey|Knock Off|p2a: Celesteela
|-damage|p2a: Celesteela|0 fnt
|faint|p2a: Celesteela
|
|-heal|p1a: mitey bitey|26/100|[from] item: Leftovers
|upkeep
|
|t:|1642731217
|switch|p2a: Nihilego|Nihilego|100/100
|-damage|p2a: Nihilego|88/100|[from] Stealth Rock
|turn|15
|
|t:|1642731225
|switch|p1a: give her a chanse|Chansey, F|88/100
|-damage|p1a: give her a chanse|76/100|[from] Stealth Rock
|move|p2a: Nihilego|Grass Knot|p1a: give her a chanse
|-damage|p1a: give her a chanse|70/100
|
|upkeep
|turn|16
|
|t:|1642731235
|switch|p2a: Moltres|Moltres-Galar|100/100
|-damage|p2a: Moltres|76/100|[from] Stealth Rock
|move|p1a: give her a chanse|Soft-Boiled|p1a: give her a chanse
|-heal|p1a: give her a chanse|100/100
|
|upkeep
|turn|17
|
|t:|1642731239
|move|p2a: Moltres|Nasty Plot|p2a: Moltres
|-boost|p2a: Moltres|spa|2
|move|p1a: give her a chanse|Thunder Wave|p2a: Moltres|[miss]
|-miss|p1a: give her a chanse|p2a: Moltres
|
|upkeep
|turn|18
|
|t:|1642731244
|move|p2a: Moltres|Agility|p2a: Moltres
|-boost|p2a: Moltres|spe|2
|move|p1a: give her a chanse|Thunder Wave|p2a: Moltres
|-status|p2a: Moltres|par
|
|upkeep
|turn|19
|
|t:|1642731253
|move|p2a: Moltres|Nasty Plot|p2a: Moltres
|-boost|p2a: Moltres|spa|2
|move|p1a: give her a chanse|Seismic Toss|p2a: Moltres
|-damage|p2a: Moltres|44/100 par
|-ability|p2a: Moltres|Berserk|boost
|-boost|p2a: Moltres|spa|1
|
|upkeep
|turn|20
|
|t:|1642731262
|cant|p2a: Moltres|par
|move|p1a: give her a chanse|Thunder Wave|p2a: Moltres|[miss]
|-miss|p1a: give her a chanse|p2a: Moltres
|
|upkeep
|turn|21
|
|t:|1642731269
|move|p2a: Moltres|Rest|p2a: Moltres
|-status|p2a: Moltres|slp|[from] move: Rest
|-heal|p2a: Moltres|100/100 slp|[silent]
|-enditem|p2a: Moltres|Chesto Berry|[eat]
|-curestatus|p2a: Moltres|slp|[msg]
|move|p1a: give her a chanse|Seismic Toss|p2a: Moltres
|-damage|p2a: Moltres|69/100
|
|upkeep
|turn|22
|
|t:|1642731283
|move|p2a: Moltres|Fiery Wrath|p1a: give her a chanse
|-damage|p1a: give her a chanse|54/100
|move|p1a: give her a chanse|Seismic Toss|p2a: Moltres
|-damage|p2a: Moltres|38/100
|-ability|p2a: Moltres|Berserk|boost
|-boost|p2a: Moltres|spa|1
|
|upkeep
|turn|23
|
|t:|1642731291
|switch|p1a: mitey bitey|Krookodile, M|26/100
|-damage|p1a: mitey bitey|20/100|[from] Stealth Rock
|-ability|p1a: mitey bitey|Intimidate|boost
|-unboost|p2a: Moltres|atk|1
|move|p2a: Moltres|Fiery Wrath|p1a: mitey bitey
|-resisted|p1a: mitey bitey
|-damage|p1a: mitey bitey|0 fnt
|faint|p1a: mitey bitey
|
|upkeep
|
|t:|1642731294
|switch|p1a: divine swine|Mamoswine, M|100/100
|-damage|p1a: divine swine|88/100|[from] Stealth Rock
|turn|24
|
|t:|1642731301
|move|p1a: divine swine|Ice Shard|p2a: Moltres
|-supereffective|p2a: Moltres
|-damage|p2a: Moltres|0 fnt
|faint|p2a: Moltres
|
|upkeep
|
|t:|1642731302
|switch|p2a: Nihilego|Nihilego|88/100
|-damage|p2a: Nihilego|76/100|[from] Stealth Rock
|turn|25
|
|t:|1642731337
|move|p1a: divine swine|Ice Shard|p2a: Nihilego
|-damage|p2a: Nihilego|30/100
|move|p2a: Nihilego|Meteor Beam||[still]
|-prepare|p2a: Nihilego|Meteor Beam
|-boost|p2a: Nihilego|spa|1
|-enditem|p2a: Nihilego|Power Herb
|-anim|p2a: Nihilego|Meteor Beam|p1a: divine swine
|-damage|p1a: divine swine|0 fnt
|faint|p1a: divine swine
|-ability|p2a: Nihilego|Beast Boost|boost
|-boost|p2a: Nihilego|spe|1
|
|upkeep
|
|t:|1642731344
|switch|p1a: give her a chanse|Chansey, F|54/100
|-damage|p1a: give her a chanse|42/100|[from] Stealth Rock
|turn|26
|
|t:|1642731350
|move|p2a: Nihilego|Sludge Wave|p1a: give her a chanse
|-damage|p1a: give her a chanse|22/100
|move|p1a: give her a chanse|Soft-Boiled|p1a: give her a chanse
|-heal|p1a: give her a chanse|72/100
|
|upkeep
|turn|27
|
|t:|1642731356
|move|p2a: Nihilego|Pain Split|p1a: give her a chanse
|-sethp|p1a: give her a chanse|44/100|[from] move: Pain Split|[silent]
|-sethp|p2a: Nihilego|82/100|[from] move: Pain Split
|move|p1a: give her a chanse|Seismic Toss|p2a: Nihilego
|-damage|p2a: Nihilego|55/100
|
|upkeep
|turn|28
|
|t:|1642731365
|move|p2a: Nihilego|Sludge Wave|p1a: give her a chanse
|-damage|p1a: give her a chanse|24/100
|move|p1a: give her a chanse|Soft-Boiled|p1a: give her a chanse
|-heal|p1a: give her a chanse|74/100
|
|upkeep
|turn|29
|
|t:|1642731370
|move|p2a: Nihilego|Sludge Wave|p1a: give her a chanse
|-damage|p1a: give her a chanse|53/100
|move|p1a: give her a chanse|Thunder Wave|p2a: Nihilego
|-status|p2a: Nihilego|par
|
|upkeep
|turn|30
|
|t:|1642731376
|cant|p2a: Nihilego|par
|move|p1a: give her a chanse|Seismic Toss|p2a: Nihilego
|-damage|p2a: Nihilego|29/100 par
|
|upkeep
|turn|31
|
|t:|1642731381
|move|p2a: Nihilego|Pain Split|p1a: give her a chanse
|-sethp|p1a: give her a chanse|34/100|[from] move: Pain Split|[silent]
|-sethp|p2a: Nihilego|64/100 par|[from] move: Pain Split
|move|p1a: give her a chanse|Teleport|p1a: give her a chanse
|
|t:|1642731384
|switch|p1a: fabby stabby|Keldeo-Resolute|100/100|[from]move: Teleport
|-damage|p1a: fabby stabby|94/100|[from] Stealth Rock
|
|upkeep
|turn|32
|
|t:|1642731391
|move|p1a: fabby stabby|Surf|p2a: Nihilego
|-supereffective|p2a: Nihilego
|-damage|p2a: Nihilego|0 fnt
|faint|p2a: Nihilego
|
|upkeep
|
|t:|1642731393
|switch|p2a: Mimikyu|Mimikyu, M|88/100 slp
|-damage|p2a: Mimikyu|76/100 slp|[from] Stealth Rock
|turn|33
|
|t:|1642731396
|move|p1a: fabby stabby|Surf|p2a: Mimikyu
|-activate|p2a: Mimikyu|ability: Disguise
|-damage|p2a: Mimikyu|76/100 slp
|detailschange|p2a: Mimikyu|Mimikyu-Busted, M
|-damage|p2a: Mimikyu|63/100 slp|[from] pokemon: Mimikyu-Busted
|cant|p2a: Mimikyu|slp
|
|upkeep
|turn|34
|
|t:|1642731398
|move|p1a: fabby stabby|Surf|p2a: Mimikyu
|-damage|p2a: Mimikyu|0 fnt
|faint|p2a: Mimikyu
|
|win|pokemonisfun
|raw|pokemonisfun's rating: 1754 &rarr; <strong>1766</strong><br />(+12 for winning)
|raw|thegreatestshowman's rating: 1612 &rarr; <strong>1600</strong><br />(-12 for losing)
|c|☆thegreatestshowman|gg
|c|☆pokemonisfun|gg
|l|☆thegreatestshowman
||Ladder isn't responding, score probably updated but might not have (Request timeout).
