|j|☆Dudinator
|j|☆vive macron
|t:|1662504678
|gametype|singles
|player|p1|Dudinator|grimsley-masters|1424
|player|p2|vive macron|gentleman-gen4|1473
|teamsize|p1|6
|teamsize|p2|6
|gen|8
|tier|[Gen 8] UU
|rated|
|rule|Sleep Clause Mod: Limit one foe put to sleep
|rule|Species Clause: Limit one of each Pokémon
|rule|OHKO Clause: OHKO moves are banned
|rule|Evasion Items Clause: Evasion items are banned
|rule|Evasion Moves Clause: Evasion moves are banned
|rule|Endless Battle Clause: Forcing endless battles is banned
|rule|HP Percentage Mod: HP is shown in percentages
|rule|Dynamax Clause: You cannot dynamax
|clearpoke
|poke|p1|Torkoal, M|
|poke|p1|Venusaur, F|
|poke|p1|Conkeldurr, M|
|poke|p1|Darmanitan, M|
|poke|p1|Thundurus-Therian, M|
|poke|p1|Nidoking, M|
|poke|p2|Tapu Bulu|
|poke|p2|Reuniclus, M|
|poke|p2|Chansey, F|
|poke|p2|Scizor, M|
|poke|p2|Darmanitan, M|
|poke|p2|Rotom-Wash|
|teampreview
|
|t:|1662504696
|start
|switch|p1a: Thundurus|Thundurus-Therian, M|100/100
|switch|p2a: Chansey|Chansey, F|100/100
|turn|1
|
|t:|1662504709
|move|p1a: Thundurus|Volt Switch|p2a: Chansey
|-damage|p2a: Chansey|88/100
|
|t:|1662504712
|switch|p1a: Torkoal|Torkoal, M|100/100|[from]move: Volt Switch
|-weather|SunnyDay|[from] ability: Drought|[of] p1a: Torkoal
|move|p2a: Chansey|Seismic Toss|p1a: Torkoal
|-damage|p1a: Torkoal|71/100
|
|-weather|SunnyDay|[upkeep]
|upkeep
|turn|2
|
|t:|1662504720
|move|p2a: Chansey|Seismic Toss|p1a: Torkoal
|-damage|p1a: Torkoal|42/100
|move|p1a: Torkoal|Stealth Rock|p2a: Chansey
|-sidestart|p2: vive macron|move: Stealth Rock
|
|-weather|SunnyDay|[upkeep]
|upkeep
|turn|3
|
|t:|1662504728
|switch|p1a: Darmanitan|Darmanitan, M|100/100
|move|p2a: Chansey|Teleport|p2a: Chansey
|
|t:|1662504734
|switch|p2a: Rotom|Rotom-Wash|100/100|[from]move: Teleport
|-damage|p2a: Rotom|88/100|[from] Stealth Rock
|
|-weather|SunnyDay|[upkeep]
|-heal|p2a: Rotom|94/100|[from] item: Leftovers
|upkeep
|turn|4
|
|t:|1662504742
|move|p1a: Darmanitan|Flare Blitz|p2a: Rotom
|-resisted|p2a: Rotom
|-damage|p2a: Rotom|34/100
|-damage|p1a: Darmanitan|83/100|[from] Recoil
|move|p2a: Rotom|Volt Switch|p1a: Darmanitan
|-damage|p1a: Darmanitan|44/100
|
|t:|1662504753
|switch|p2a: Chansey|Chansey, F|88/100|[from]move: Volt Switch
|-damage|p2a: Chansey|76/100|[from] Stealth Rock
|
|-weather|SunnyDay|[upkeep]
|upkeep
|turn|5
|
|t:|1662504760
|move|p1a: Darmanitan|Flare Blitz|p2a: Chansey
|-damage|p2a: Chansey|0 fnt
|faint|p2a: Chansey
|-damage|p1a: Darmanitan|0 fnt|[from] Recoil
|faint|p1a: Darmanitan
|
|-weather|SunnyDay|[upkeep]
|upkeep
|
|t:|1662504787
|switch|p1a: Thundurus|Thundurus-Therian, M|100/100
|switch|p2a: Scizor|Scizor, M|100/100
|-damage|p2a: Scizor|88/100|[from] Stealth Rock
|turn|6
|
|t:|1662504793
|move|p1a: Thundurus|Volt Switch|p2a: Scizor
|-damage|p2a: Scizor|40/100
|
|t:|1662504803
|switch|p1a: Conkeldurr|Conkeldurr, M|100/100|[from]move: Volt Switch
|move|p2a: Scizor|Knock Off|p1a: Conkeldurr
|-resisted|p1a: Conkeldurr
|-damage|p1a: Conkeldurr|85/100
|-enditem|p1a: Conkeldurr|Flame Orb|[from] move: Knock Off|[of] p2a: Scizor
|
|-weather|SunnyDay|[upkeep]
|upkeep
|turn|7
|
|t:|1662504812
|switch|p2a: Tapu Bulu|Tapu Bulu|100/100
|-damage|p2a: Tapu Bulu|88/100|[from] Stealth Rock
|-fieldstart|move: Grassy Terrain|[from] ability: Grassy Surge|[of] p2a: Tapu Bulu
|move|p1a: Conkeldurr|Close Combat|p2a: Tapu Bulu
|-resisted|p2a: Tapu Bulu
|-damage|p2a: Tapu Bulu|65/100
|-unboost|p1a: Conkeldurr|def|1
|-unboost|p1a: Conkeldurr|spd|1
|-damage|p1a: Conkeldurr|68/100|[from] item: Rocky Helmet|[of] p2a: Tapu Bulu
|
|-weather|SunnyDay|[upkeep]
|-heal|p2a: Tapu Bulu|71/100|[from] Grassy Terrain
|-heal|p1a: Conkeldurr|74/100|[from] Grassy Terrain
|upkeep
|turn|8
|
|t:|1662504827
|switch|p2a: Reuniclus|Reuniclus, M|100/100
|-enditem|p2a: Reuniclus|Grassy Seed
|-boost|p2a: Reuniclus|def|1|[from] item: Grassy Seed
|switch|p1a: Thundurus|Thundurus-Therian, M|100/100
|
|-weather|none
|upkeep
|turn|9
|
|t:|1662504835
|move|p1a: Thundurus|Volt Switch|p2a: Reuniclus
|-damage|p2a: Reuniclus|65/100
|
|t:|1662504839
|switch|p1a: Torkoal|Torkoal, M|42/100|[from]move: Volt Switch
|-weather|SunnyDay|[from] ability: Drought|[of] p1a: Torkoal
|move|p2a: Reuniclus|Calm Mind|p2a: Reuniclus
|-boost|p2a: Reuniclus|spa|1
|-boost|p2a: Reuniclus|spd|1
|
|-weather|SunnyDay|[upkeep]
|-heal|p2a: Reuniclus|71/100|[from] Grassy Terrain
|-heal|p1a: Torkoal|48/100|[from] Grassy Terrain
|upkeep
|turn|10
|
|t:|1662504849
|switch|p1a: Nidoking|Nidoking, M|100/100
|move|p2a: Reuniclus|Calm Mind|p2a: Reuniclus
|-boost|p2a: Reuniclus|spa|1
|-boost|p2a: Reuniclus|spd|1
|
|-weather|SunnyDay|[upkeep]
|-heal|p2a: Reuniclus|77/100|[from] Grassy Terrain
|upkeep
|turn|11
|
|t:|1662504859
|move|p1a: Nidoking|Sludge Wave|p2a: Reuniclus
|-damage|p2a: Reuniclus|45/100
|move|p2a: Reuniclus|Recover|p2a: Reuniclus
|-heal|p2a: Reuniclus|96/100
|
|-weather|SunnyDay|[upkeep]
|-heal|p2a: Reuniclus|100/100|[from] Grassy Terrain
|-fieldend|move: Grassy Terrain
|upkeep
|turn|12
|
|t:|1662504867
|switch|p1a: Conkeldurr|Conkeldurr, M|74/100
|move|p2a: Reuniclus|Stored Power|p1a: Conkeldurr
|-supereffective|p1a: Conkeldurr
|-damage|p1a: Conkeldurr|0 fnt
|faint|p1a: Conkeldurr
|
|-weather|SunnyDay|[upkeep]
|upkeep
|
|t:|1662504874
|switch|p1a: Nidoking|Nidoking, M|100/100
|turn|13
|
|t:|1662504877
|move|p1a: Nidoking|Sludge Wave|p2a: Reuniclus
|-damage|p2a: Reuniclus|67/100
|move|p2a: Reuniclus|Stored Power|p1a: Nidoking
|-supereffective|p1a: Nidoking
|-damage|p1a: Nidoking|0 fnt
|faint|p1a: Nidoking
|
|-weather|SunnyDay|[upkeep]
|upkeep
|
|t:|1662504883
|switch|p1a: Venusaur|Venusaur, F|100/100
|turn|14
|
|t:|1662504886
|move|p1a: Venusaur|Sludge Bomb|p2a: Reuniclus
|-crit|p2a: Reuniclus
|-damage|p2a: Reuniclus|0 fnt
|faint|p2a: Reuniclus
|-damage|p1a: Venusaur|91/100|[from] item: Life Orb
|
|-weather|SunnyDay|[upkeep]
|upkeep
|c|☆vive macron|god of luck
|c|☆Dudinator|I honestly still lose
|
|t:|1662504920
|switch|p2a: Scizor|Scizor, M|40/100
|-damage|p2a: Scizor|28/100|[from] Stealth Rock
|turn|15
|
|t:|1662504925
|move|p2a: Scizor|Bullet Punch|p1a: Venusaur
|-damage|p1a: Venusaur|51/100
|move|p1a: Venusaur|Weather Ball|p2a: Scizor
|-supereffective|p2a: Scizor
|-damage|p2a: Scizor|0 fnt
|faint|p2a: Scizor
|-damage|p1a: Venusaur|41/100|[from] item: Life Orb
|
|-weather|SunnyDay|[upkeep]
|upkeep
|c|☆Dudinator|Maybe
|
|t:|1662504945
|switch|p2a: Tapu Bulu|Tapu Bulu|71/100
|-damage|p2a: Tapu Bulu|59/100|[from] Stealth Rock
|-fieldstart|move: Grassy Terrain|[from] ability: Grassy Surge|[of] p2a: Tapu Bulu
|turn|16
|
|t:|1662504951
|switch|p2a: Rotom|Rotom-Wash|34/100
|-damage|p2a: Rotom|22/100|[from] Stealth Rock
|move|p1a: Venusaur|Weather Ball|p2a: Rotom
|-resisted|p2a: Rotom
|-damage|p2a: Rotom|0 fnt
|faint|p2a: Rotom
|-damage|p1a: Venusaur|31/100|[from] item: Life Orb
|
|-weather|none
|-heal|p1a: Venusaur|37/100|[from] Grassy Terrain
|upkeep
|
|t:|1662504962
|switch|p2a: Darmanitan|Darmanitan, M|100/100
|-damage|p2a: Darmanitan|76/100|[from] Stealth Rock
|turn|17
|
|t:|1662504967
|move|p2a: Darmanitan|Flare Blitz|p1a: Venusaur
|-supereffective|p1a: Venusaur
|-crit|p1a: Venusaur
|-damage|p1a: Venusaur|0 fnt
|faint|p1a: Venusaur
|-damage|p2a: Darmanitan|65/100|[from] Recoil
|
|-heal|p2a: Darmanitan|71/100|[from] Grassy Terrain
|upkeep
|
|t:|1662504971
|switch|p1a: Thundurus|Thundurus-Therian, M|100/100
|turn|18
|
|t:|1662504977
|move|p2a: Darmanitan|Flare Blitz|p1a: Thundurus
|-damage|p1a: Thundurus|0 fnt
|faint|p1a: Thundurus
|-damage|p2a: Darmanitan|43/100|[from] Recoil
|
|-heal|p2a: Darmanitan|50/100|[from] Grassy Terrain
|upkeep
|
|t:|1662504979
|switch|p1a: Torkoal|Torkoal, M|48/100
|-weather|SunnyDay|[from] ability: Drought|[of] p1a: Torkoal
|turn|19
|
|t:|1662504986
|move|p2a: Darmanitan|Flare Blitz|p1a: Torkoal
|-resisted|p1a: Torkoal
|-damage|p1a: Torkoal|11/100
|-damage|p2a: Darmanitan|37/100|[from] Recoil
|move|p1a: Torkoal|Lava Plume|p2a: Darmanitan
|-resisted|p2a: Darmanitan
|-damage|p2a: Darmanitan|8/100
|
|-weather|SunnyDay|[upkeep]
|-heal|p2a: Darmanitan|14/100|[from] Grassy Terrain
|-heal|p1a: Torkoal|17/100|[from] Grassy Terrain
|upkeep
|turn|20
|c|☆Dudinator|Yeah gg
|c|☆vive macron|thanks
|c|☆Dudinator|wp
|c|☆vive macron|you volontary lose
|
|t:|1662505020
|move|p2a: Darmanitan|Flare Blitz|p1a: Torkoal
|-resisted|p1a: Torkoal
|-crit|p1a: Torkoal
|-damage|p1a: Torkoal|0 fnt
|faint|p1a: Torkoal
|-damage|p2a: Darmanitan|9/100|[from] Recoil
|
|win|vive macron
|raw|Dudinator's rating: 1424 &rarr; <strong>1407</strong><br />(-17 for losing)
|raw|vive macron's rating: 1473 &rarr; <strong>1490</strong><br />(+17 for winning)
|c|☆Dudinator|Nah I had no counterplay
|c|☆vive macron|but
||Ladder isn't responding, score probably updated but might not have (Request timeout).
|c|☆vive macron|torkoal sacrify
|c|☆Dudinator|And to be honest I didn't deserve that win anyways
|c|☆vive macron|for sun
|c|☆Dudinator|Oh true
|c|☆Dudinator|Didn't see that way out
|c|☆Dudinator|GG's anyway
|c|☆vive macron|and win with venusaur
|c|☆vive macron|gg
|l|☆Dudinator
