|j|☆Fairlumbo
|j|☆Storm Zone
|player|p1|Fairlumbo|209|1329
|player|p2|Storm Zone|zinnia|1401
|teamsize|p1|6
|teamsize|p2|6
|gametype|singles
|gen|8
|tier|[Gen 8] UU
|rated|
|html|<div class="broadcast-blue"><strong>UU is currently suspecting Haxorus! For information on how to participate check out the <a href="https://www.smogon.com/forums/threads/3664575/">suspect thread</a>.</strong></div>
|clearpoke
|poke|p1|Incineroar, F|
|poke|p1|Rotom-Wash|
|poke|p1|Roserade, M|
|poke|p1|Sylveon, F|
|poke|p1|Cobalion|
|poke|p1|Heliolisk, M|
|poke|p2|Torkoal, M|
|poke|p2|Shiftry, M|
|poke|p2|Flygon, M|
|poke|p2|Weezing-Galar, M|
|poke|p2|Espeon, M|
|poke|p2|Centiskorch, M|
|rule|Sleep Clause Mod: Limit one foe put to sleep
|rule|Species Clause: Limit one of each Pokémon
|rule|OHKO Clause: OHKO moves are banned
|rule|Evasion Moves Clause: Evasion moves are banned
|rule|Endless Battle Clause: Forcing endless battles is banned
|rule|HP Percentage Mod: HP is shown in percentages
|rule|Dynamax Clause: You cannot dynamax
|teampreview
|
|start
|switch|p1a: Incineroar|Incineroar, F|100/100
|switch|p2a: Kazame|Torkoal, M|100/100
|-ability|p1a: Incineroar|Intimidate|boost
|-unboost|p2a: Kazame|atk|1
|-weather|SunnyDay|[from] ability: Drought|[of] p2a: Kazame
|turn|1
|
|move|p1a: Incineroar|Swords Dance|p1a: Incineroar
|-boost|p1a: Incineroar|atk|2
|move|p2a: Kazame|Stealth Rock|p1a: Incineroar
|-sidestart|p1: Fairlumbo|move: Stealth Rock
|
|-weather|SunnyDay|[upkeep]
|upkeep
|turn|2
|
|switch|p2a: Sentinel|Weezing-Galar, M|100/100
|move|p1a: Incineroar|Knock Off|p2a: Sentinel
|-resisted|p2a: Sentinel
|-damage|p2a: Sentinel|60/100
|-enditem|p2a: Sentinel|Black Sludge|[from] move: Knock Off|[of] p1a: Incineroar
|
|-weather|SunnyDay|[upkeep]
|upkeep
|turn|3
|
|move|p1a: Incineroar|Flare Blitz|p2a: Sentinel
|-damage|p2a: Sentinel|0 fnt
|-damage|p1a: Incineroar|81/100|[from] Recoil
|faint|p2a: Sentinel
|
|-weather|SunnyDay|[upkeep]
|upkeep
|
|switch|p2a: Skeptilite|Flygon, M|100/100
|turn|4
|
|switch|p1a: Sylveon|Sylveon, F|100/100
|-damage|p1a: Sylveon|88/100|[from] Stealth Rock
|move|p2a: Skeptilite|Earthquake|p1a: Sylveon
|-damage|p1a: Sylveon|54/100
|
|-weather|SunnyDay|[upkeep]
|-heal|p1a: Sylveon|60/100|[from] item: Leftovers
|upkeep
|turn|5
|
|switch|p2a: Serpentine|Centiskorch, M|100/100
|move|p1a: Sylveon|Hyper Voice|p2a: Serpentine
|-resisted|p2a: Serpentine
|-damage|p2a: Serpentine|88/100
|
|-weather|SunnyDay|[upkeep]
|-heal|p1a: Sylveon|66/100|[from] item: Leftovers
|upkeep
|turn|6
|
|switch|p1a: Incineroar|Incineroar, F|81/100
|-ability|p1a: Incineroar|Intimidate|boost
|-unboost|p2a: Serpentine|atk|1
|move|p2a: Serpentine|Coil|p2a: Serpentine
|-boost|p2a: Serpentine|atk|1
|-boost|p2a: Serpentine|def|1
|-boost|p2a: Serpentine|accuracy|1
|
|-weather|SunnyDay|[upkeep]
|upkeep
|turn|7
|
|move|p1a: Incineroar|Knock Off|p2a: Serpentine
|-damage|p2a: Serpentine|49/100
|-enditem|p2a: Serpentine|Heavy-Duty Boots|[from] move: Knock Off|[of] p1a: Incineroar
|move|p2a: Serpentine|Coil|p2a: Serpentine
|-boost|p2a: Serpentine|atk|1
|-boost|p2a: Serpentine|def|1
|-boost|p2a: Serpentine|accuracy|1
|
|-weather|SunnyDay|[upkeep]
|upkeep
|turn|8
|
|move|p1a: Incineroar|Swords Dance|p1a: Incineroar
|-boost|p1a: Incineroar|atk|2
|move|p2a: Serpentine|Leech Life|p1a: Incineroar
|-crit|p1a: Incineroar
|-damage|p1a: Incineroar|4/100
|-heal|p2a: Serpentine|80/100|[from] drain|[of] p1a: Incineroar
|
|-weather|none
|upkeep
|turn|9
|
|move|p1a: Incineroar|Knock Off|p2a: Serpentine
|-damage|p2a: Serpentine|44/100
|move|p2a: Serpentine|Leech Life|p1a: Incineroar
|-damage|p1a: Incineroar|0 fnt
|-heal|p2a: Serpentine|45/100|[from] drain|[of] p1a: Incineroar
|faint|p1a: Incineroar
|
|upkeep
|
|switch|p1a: Rotom|Rotom-Wash|100/100
|-damage|p1a: Rotom|88/100|[from] Stealth Rock
|turn|10
|
|move|p1a: Rotom|Volt Switch|p2a: Serpentine
|-damage|p2a: Serpentine|28/100
|
|switch|p1a: Cobalion|Cobalion|100/100|[from]move: Volt Switch
|-damage|p1a: Cobalion|97/100|[from] Stealth Rock
|move|p2a: Serpentine|Power Whip|p1a: Cobalion
|-resisted|p1a: Cobalion
|-damage|p1a: Cobalion|77/100
|
|upkeep
|turn|11
|
|move|p1a: Cobalion|Stealth Rock|p2a: Serpentine
|-sidestart|p2: Storm Zone|move: Stealth Rock
|move|p2a: Serpentine|Fire Lash|p1a: Cobalion
|-supereffective|p1a: Cobalion
|-damage|p1a: Cobalion|4/100
|-unboost|p1a: Cobalion|def|1
|
|upkeep
|turn|12
|
|move|p1a: Cobalion|Close Combat|p2a: Serpentine
|-resisted|p2a: Serpentine
|-damage|p2a: Serpentine|14/100
|-unboost|p1a: Cobalion|def|1
|-unboost|p1a: Cobalion|spd|1
|move|p2a: Serpentine|Leech Life|p1a: Cobalion
|-resisted|p1a: Cobalion
|-damage|p1a: Cobalion|0 fnt
|-heal|p2a: Serpentine|15/100|[from] drain|[of] p1a: Cobalion
|faint|p1a: Cobalion
|
|upkeep
|
|switch|p1a: Heliolisk|Heliolisk, M|100/100
|-damage|p1a: Heliolisk|88/100|[from] Stealth Rock
|turn|13
|
|move|p1a: Heliolisk|Hyper Voice|p2a: Serpentine
|-damage|p2a: Serpentine|0 fnt
|faint|p2a: Serpentine
|
|upkeep
|
|switch|p2a: Athena|Espeon, M|100/100
|-damage|p2a: Athena|88/100|[from] Stealth Rock
|turn|14
|
|move|p1a: Heliolisk|Hyper Voice|p2a: Athena
|-damage|p2a: Athena|35/100
|move|p2a: Athena|Psychic|p1a: Heliolisk
|-damage|p1a: Heliolisk|0 fnt
|faint|p1a: Heliolisk
|
|upkeep
|
|switch|p1a: Sylveon|Sylveon, F|66/100
|-damage|p1a: Sylveon|54/100|[from] Stealth Rock
|turn|15
|
|move|p1a: Sylveon|Protect|p1a: Sylveon
|-singleturn|p1a: Sylveon|Protect
|move|p2a: Athena|Psychic|p1a: Sylveon
|-activate|p1a: Sylveon|move: Protect
|
|-heal|p1a: Sylveon|60/100|[from] item: Leftovers
|upkeep
|turn|16
|
|move|p2a: Athena|Psychic|p1a: Sylveon
|-damage|p1a: Sylveon|12/100
|move|p1a: Sylveon|Wish|p1a: Sylveon
|
|-heal|p1a: Sylveon|18/100|[from] item: Leftovers
|upkeep
|turn|17
|
|switch|p2a: Kazame|Torkoal, M|100/100
|-damage|p2a: Kazame|75/100|[from] Stealth Rock
|-weather|SunnyDay|[from] ability: Drought|[of] p2a: Kazame
|move|p1a: Sylveon|Protect||[still]
|-fail|p1a: Sylveon
|
|-weather|SunnyDay|[upkeep]
|-heal|p1a: Sylveon|68/100|[from] move: Wish|[wisher] Sylveon
|-heal|p1a: Sylveon|74/100|[from] item: Leftovers
|upkeep
|turn|18
|
|move|p1a: Sylveon|Wish|p1a: Sylveon
|move|p2a: Kazame|Rapid Spin|p1a: Sylveon
|-damage|p1a: Sylveon|68/100
|-boost|p2a: Kazame|spe|1
|-sideend|p2: Storm Zone|Stealth Rock|[from] move: Rapid Spin|[of] p2a: Kazame
|
|-weather|SunnyDay|[upkeep]
|-heal|p1a: Sylveon|74/100|[from] item: Leftovers
|upkeep
|turn|19
|
|switch|p1a: Rotom|Rotom-Wash|88/100
|-damage|p1a: Rotom|75/100|[from] Stealth Rock
|move|p2a: Kazame|Will-O-Wisp|p1a: Rotom
|-status|p1a: Rotom|brn
|
|-weather|SunnyDay|[upkeep]
|-heal|p1a: Rotom|100/100 brn|[from] move: Wish|[wisher] Sylveon
|-damage|p1a: Rotom|94/100 brn|[from] brn
|upkeep
|turn|20
|
|switch|p2a: Skeptilite|Flygon, M|100/100
|move|p1a: Rotom|Will-O-Wisp|p2a: Skeptilite|[miss]
|-miss|p1a: Rotom|p2a: Skeptilite
|
|-weather|SunnyDay|[upkeep]
|-heal|p1a: Rotom|100/100 brn|[from] item: Leftovers
|-damage|p1a: Rotom|94/100 brn|[from] brn
|upkeep
|turn|21
|
|switch|p1a: Sylveon|Sylveon, F|74/100
|-damage|p1a: Sylveon|62/100|[from] Stealth Rock
|move|p2a: Skeptilite|U-turn|p1a: Sylveon
|-resisted|p1a: Sylveon
|-damage|p1a: Sylveon|53/100
|
|switch|p2a: Assassin|Shiftry, M|100/100|[from]move: U-turn
|
|-weather|SunnyDay|[upkeep]
|-heal|p1a: Sylveon|59/100|[from] item: Leftovers
|upkeep
|turn|22
|
|move|p1a: Sylveon|Protect|p1a: Sylveon
|-singleturn|p1a: Sylveon|Protect
|move|p2a: Assassin|Leaf Blade|p1a: Sylveon
|-activate|p1a: Sylveon|move: Protect
|
|-weather|SunnyDay|[upkeep]
|-heal|p1a: Sylveon|65/100|[from] item: Leftovers
|upkeep
|turn|23
|
|move|p2a: Assassin|Leaf Blade|p1a: Sylveon
|-damage|p1a: Sylveon|22/100
|-damage|p2a: Assassin|91/100|[from] item: Life Orb
|move|p1a: Sylveon|Hyper Voice|p2a: Assassin
|-supereffective|p2a: Assassin
|-damage|p2a: Assassin|0 fnt
|faint|p2a: Assassin
|
|-weather|SunnyDay|[upkeep]
|-heal|p1a: Sylveon|28/100|[from] item: Leftovers
|upkeep
|
|switch|p2a: Athena|Espeon, M|35/100
|turn|24
|
|move|p1a: Sylveon|Protect|p1a: Sylveon
|-singleturn|p1a: Sylveon|Protect
|move|p2a: Athena|Psychic|p1a: Sylveon
|-activate|p1a: Sylveon|move: Protect
|
|-weather|none
|-heal|p1a: Sylveon|35/100|[from] item: Leftovers
|upkeep
|turn|25
|
|switch|p1a: Roserade|Roserade, M|100/100
|-damage|p1a: Roserade|88/100|[from] Stealth Rock
|move|p2a: Athena|Psychic|p1a: Roserade
|-supereffective|p1a: Roserade
|-damage|p1a: Roserade|0 fnt
|faint|p1a: Roserade
|
|upkeep
|
|switch|p1a: Rotom|Rotom-Wash|94/100 brn
|-damage|p1a: Rotom|82/100 brn|[from] Stealth Rock
|turn|26
|
|move|p2a: Athena|Psychic|p1a: Rotom
|-damage|p1a: Rotom|11/100 brn
|move|p1a: Rotom|Hydro Pump|p2a: Athena
|-damage|p2a: Athena|0 fnt
|faint|p2a: Athena
|
|-heal|p1a: Rotom|17/100 brn|[from] item: Leftovers
|-damage|p1a: Rotom|11/100 brn|[from] brn
|upkeep
|
|switch|p2a: Skeptilite|Flygon, M|100/100
|turn|27
|
|move|p2a: Skeptilite|U-turn|p1a: Rotom
|-damage|p1a: Rotom|0 fnt
|faint|p1a: Rotom
|
|switch|p2a: Kazame|Torkoal, M|75/100|[from]move: U-turn
|-weather|SunnyDay|[from] ability: Drought|[of] p2a: Kazame
|
|-weather|SunnyDay|[upkeep]
|upkeep
|
|switch|p1a: Sylveon|Sylveon, F|35/100
|-damage|p1a: Sylveon|22/100|[from] Stealth Rock
|turn|28
|
|move|p1a: Sylveon|Wish|p1a: Sylveon
|move|p2a: Kazame|Lava Plume|p1a: Sylveon
|-damage|p1a: Sylveon|0 fnt
|faint|p1a: Sylveon
|
|win|Storm Zone
|l|☆Fairlumbo
||Ladder (probably) updated, but score could not be retrieved (Response not received).
