|html|<div class="broadcast-blue"><strong>[Gen 8] UU is currently suspecting Thundurus! For information on how to participate check out the <a href="https://www.smogon.com/forums/threads/np-ss-uu-stage-9-1-king-of-the-clouds.3689570/">suspect thread</a>.</strong></div>
|j|☆UU9T ML
|j|☆PlasticPinnochio
|t:|1630212051
|gametype|singles
|player|p1|UU9T ML|wallace|1410
|player|p2|PlasticPinnochio|policeman|1320
|teamsize|p1|6
|teamsize|p2|6
|gen|8
|tier|[Gen 8] UU
|rated|
|rule|Sleep Clause Mod: Limit one foe put to sleep
|rule|Species Clause: Limit one of each Pokémon
|rule|OHKO Clause: OHKO moves are banned
|rule|Evasion Moves Clause: Evasion moves are banned
|rule|Endless Battle Clause: Forcing endless battles is banned
|rule|HP Percentage Mod: HP is shown in percentages
|rule|Dynamax Clause: You cannot dynamax
|clearpoke
|poke|p1|Tapu Bulu|
|poke|p1|Celesteela|
|poke|p1|Gyarados, M|
|poke|p1|Krookodile, M|
|poke|p1|Kommo-o, M|
|poke|p1|Diggersby, M|
|poke|p2|Entei|
|poke|p2|Azumarill, F|
|poke|p2|Krookodile, F|
|poke|p2|Togekiss, F|
|poke|p2|Tangrowth, M|
|poke|p2|Thundurus, M|
|teampreview
|inactive|Battle timer is ON: inactive players will automatically lose when time's up. (requested by PlasticPinnochio)
|
|t:|1630212064
|start
|switch|p1a: Volpi|Krookodile, M, shiny|100/100
|switch|p2a: Thundurus|Thundurus, M|100/100
|-ability|p1a: Volpi|Intimidate|boost
|-unboost|p2a: Thundurus|atk|1
|-ability|p2a: Thundurus|Defiant
|-boost|p2a: Thundurus|atk|2
|turn|1
|
|t:|1630212092
|switch|p2a: Krookodile|Krookodile, F|100/100
|-ability|p2a: Krookodile|Intimidate|boost
|-unboost|p1a: Volpi|atk|1
|move|p1a: Volpi|Stealth Rock|p2a: Krookodile
|-sidestart|p2: PlasticPinnochio|move: Stealth Rock
|
|upkeep
|turn|2
|
|t:|1630212097
|switch|p1a: Tapu Bulu|Tapu Bulu|100/100
|-fieldstart|move: Grassy Terrain|[from] ability: Grassy Surge|[of] p1a: Tapu Bulu
|move|p2a: Krookodile|Knock Off|p1a: Tapu Bulu
|-resisted|p1a: Tapu Bulu
|-damage|p1a: Tapu Bulu|76/100
|-enditem|p1a: Tapu Bulu|Expert Belt|[from] move: Knock Off|[of] p2a: Krookodile
|
|-heal|p1a: Tapu Bulu|82/100|[from] Grassy Terrain
|upkeep
|turn|3
|
|t:|1630212121
|switch|p2a: Tangrowth|Tangrowth, M|100/100
|-damage|p2a: Tangrowth|88/100|[from] Stealth Rock
|switch|p1a: Celesteela|Celesteela|100/100
|
|-heal|p2a: Tangrowth|94/100|[from] Grassy Terrain
|upkeep
|turn|4
|inactive|UU9T ML has 120 seconds left.
|
|t:|1630212136
|move|p1a: Celesteela|Autotomize|p1a: Celesteela
|-boost|p1a: Celesteela|spe|2
|-start|p1a: Celesteela|Autotomize
|move|p2a: Tangrowth|Sleep Powder|p1a: Celesteela
|-status|p1a: Celesteela|slp|[from] move: Sleep Powder
|
|-heal|p2a: Tangrowth|100/100|[from] Grassy Terrain
|upkeep
|turn|5
|
|t:|1630212140
|switch|p2a: Entei|Entei|100/100
|cant|p1a: Celesteela|slp
|
|upkeep
|turn|6
|inactive|UU9T ML has 120 seconds left.
|
|t:|1630212181
|-curestatus|p1a: Celesteela|slp|[msg]
|move|p1a: Celesteela|Meteor Beam||[still]
|-prepare|p1a: Celesteela|Meteor Beam
|-boost|p1a: Celesteela|spa|1
|-enditem|p1a: Celesteela|Power Herb
|-anim|p1a: Celesteela|Meteor Beam|p2a: Entei
|-supereffective|p2a: Entei
|-damage|p2a: Entei|0 fnt
|faint|p2a: Entei
|-ability|p1a: Celesteela|Beast Boost|boost
|-boost|p1a: Celesteela|spa|1
|
|-fieldend|move: Grassy Terrain
|upkeep
|
|t:|1630212191
|switch|p2a: Thundurus|Thundurus, M|100/100
|turn|7
|inactive|UU9T ML has 90 seconds left.
|
|t:|1630212223
|move|p1a: Celesteela|Flamethrower|p2a: Thundurus
|-damage|p2a: Thundurus|13/100
|-status|p2a: Thundurus|brn
|move|p2a: Thundurus|Thunderbolt|p1a: Celesteela
|-supereffective|p1a: Celesteela
|-damage|p1a: Celesteela|15/100
|
|-damage|p2a: Thundurus|7/100 brn|[from] brn
|upkeep
|turn|8
|
|t:|1630212230
|switch|p2a: Azumarill|Azumarill, F|100/100
|-damage|p2a: Azumarill|88/100|[from] Stealth Rock
|move|p1a: Celesteela|Flamethrower|p2a: Azumarill
|-resisted|p2a: Azumarill
|-crit|p2a: Azumarill
|-damage|p2a: Azumarill|58/100
|
|upkeep
|turn|9
|inactive|UU9T ML has 90 seconds left.
|
|t:|1630212256
|move|p2a: Azumarill|Aqua Jet|p1a: Celesteela
|-damage|p1a: Celesteela|0 fnt
|faint|p1a: Celesteela
|
|upkeep
|
|t:|1630212259
|switch|p1a: Gyarados|Gyarados, M, shiny|100/100
|turn|10
|inactive|UU9T ML has 90 seconds left.
|
|t:|1630212267
|move|p1a: Gyarados|Dragon Dance|p1a: Gyarados
|-boost|p1a: Gyarados|atk|1
|-boost|p1a: Gyarados|spe|1
|move|p2a: Azumarill|Play Rough|p1a: Gyarados
|-damage|p1a: Gyarados|24/100
|
|upkeep
|turn|11
|
|t:|1630212273
|move|p2a: Azumarill|Aqua Jet|p1a: Gyarados
|-resisted|p1a: Gyarados
|-crit|p1a: Gyarados
|-damage|p1a: Gyarados|1/100
|move|p1a: Gyarados|Bounce||[still]
|-prepare|p1a: Gyarados|Bounce
|-enditem|p1a: Gyarados|Power Herb
|-anim|p1a: Gyarados|Bounce|p2a: Azumarill
|-damage|p2a: Azumarill|0 fnt
|faint|p2a: Azumarill
|-ability|p1a: Gyarados|Moxie|boost
|-boost|p1a: Gyarados|atk|1
|
|upkeep
|
|t:|1630212277
|switch|p2a: Togekiss|Togekiss, F|100/100
|turn|12
|inactive|UU9T ML has 90 seconds left.
|
|t:|1630212308
|move|p1a: Gyarados|Waterfall|p2a: Togekiss
|-damage|p2a: Togekiss|22/100
|move|p2a: Togekiss|Air Slash|p1a: Gyarados
|-damage|p1a: Gyarados|0 fnt
|faint|p1a: Gyarados
|
|upkeep
|
|t:|1630212313
|switch|p1a: Diggersby|Diggersby, M, shiny|100/100
|turn|13
|
|t:|1630212317
|switch|p2a: Tangrowth|Tangrowth, M|100/100
|-damage|p2a: Tangrowth|88/100|[from] Stealth Rock
|move|p1a: Diggersby|Quick Attack|p2a: Tangrowth
|-damage|p2a: Tangrowth|73/100
|-damage|p1a: Diggersby|84/100|[from] item: Rocky Helmet|[of] p2a: Tangrowth
|
|upkeep
|turn|14
|
|t:|1630212325
|switch|p1a: Kommo-o|Kommo-o, M|100/100
|switch|p2a: Togekiss|Togekiss, F|22/100
|
|upkeep
|turn|15
|
|t:|1630212332
|move|p1a: Kommo-o|Boomburst|p2a: Togekiss
|-damage|p2a: Togekiss|0 fnt
|faint|p2a: Togekiss
|-enditem|p1a: Kommo-o|Throat Spray
|-boost|p1a: Kommo-o|spa|1|[from] item: Throat Spray
|
|upkeep
|
|t:|1630212334
|switch|p2a: Thundurus|Thundurus, M|7/100 brn
|turn|16
|inactive|UU9T ML has 90 seconds left.
|
|t:|1630212379
|move|p2a: Thundurus|Psychic|p1a: Kommo-o
|-supereffective|p1a: Kommo-o
|-damage|p1a: Kommo-o|37/100
|move|p1a: Kommo-o|Flamethrower|p2a: Thundurus
|-damage|p2a: Thundurus|0 fnt
|faint|p2a: Thundurus
|
|upkeep
|
|t:|1630212388
|switch|p2a: Krookodile|Krookodile, F|100/100
|-damage|p2a: Krookodile|94/100|[from] Stealth Rock
|-ability|p2a: Krookodile|Intimidate|boost
|-unboost|p1a: Kommo-o|atk|1
|turn|17
|inactive|UU9T ML has 60 seconds left.
|
|t:|1630212424
|move|p2a: Krookodile|Earthquake|p1a: Kommo-o
|-damage|p1a: Kommo-o|0 fnt
|faint|p1a: Kommo-o
|
|-heal|p2a: Krookodile|100/100|[from] item: Leftovers
|upkeep
|
|t:|1630212432
|switch|p1a: Tapu Bulu|Tapu Bulu|82/100
|-fieldstart|move: Grassy Terrain|[from] ability: Grassy Surge|[of] p1a: Tapu Bulu
|turn|18
|
|t:|1630212438
|switch|p2a: Tangrowth|Tangrowth, M|100/100
|-damage|p2a: Tangrowth|88/100|[from] Stealth Rock
|move|p1a: Tapu Bulu|Swords Dance|p1a: Tapu Bulu
|-boost|p1a: Tapu Bulu|atk|2
|
|-heal|p1a: Tapu Bulu|88/100|[from] Grassy Terrain
|-heal|p2a: Tangrowth|94/100|[from] Grassy Terrain
|upkeep
|turn|19
|
|t:|1630212443
|move|p1a: Tapu Bulu|Superpower|p2a: Tangrowth
|-damage|p2a: Tangrowth|45/100
|-unboost|p1a: Tapu Bulu|atk|1
|-unboost|p1a: Tapu Bulu|def|1
|-damage|p1a: Tapu Bulu|72/100|[from] item: Rocky Helmet|[of] p2a: Tangrowth
|move|p2a: Tangrowth|Sludge Bomb|p1a: Tapu Bulu
|-supereffective|p1a: Tapu Bulu
|-damage|p1a: Tapu Bulu|0 fnt
|faint|p1a: Tapu Bulu
|
|-heal|p2a: Tangrowth|51/100|[from] Grassy Terrain
|upkeep
|
|t:|1630212453
|switch|p1a: Volpi|Krookodile, M, shiny|100/100
|-ability|p1a: Volpi|Intimidate|boost
|-unboost|p2a: Tangrowth|atk|1
|turn|20
|
|t:|1630212455
|switch|p2a: Krookodile|Krookodile, F|100/100
|-damage|p2a: Krookodile|94/100|[from] Stealth Rock
|-ability|p2a: Krookodile|Intimidate|boost
|-unboost|p1a: Volpi|atk|1
|move|p1a: Volpi|Knock Off|p2a: Krookodile
|-resisted|p2a: Krookodile
|-damage|p2a: Krookodile|75/100
|-enditem|p2a: Krookodile|Leftovers|[from] move: Knock Off|[of] p1a: Volpi
|
|-heal|p2a: Krookodile|81/100|[from] Grassy Terrain
|upkeep
|turn|21
|
|t:|1630212463
|switch|p1a: Diggersby|Diggersby, M, shiny|84/100
|move|p2a: Krookodile|Stealth Rock|p1a: Diggersby
|-sidestart|p1: UU9T ML|move: Stealth Rock
|
|-heal|p2a: Krookodile|87/100|[from] Grassy Terrain
|-heal|p1a: Diggersby|90/100|[from] Grassy Terrain
|upkeep
|turn|22
|
|t:|1630212467
|move|p2a: Krookodile|Knock Off|p1a: Diggersby
|-damage|p1a: Diggersby|21/100
|-enditem|p1a: Diggersby|Silk Scarf|[from] move: Knock Off|[of] p2a: Krookodile
|move|p1a: Diggersby|Swords Dance|p1a: Diggersby
|-boost|p1a: Diggersby|atk|2
|
|-heal|p2a: Krookodile|93/100|[from] Grassy Terrain
|-heal|p1a: Diggersby|27/100|[from] Grassy Terrain
|-fieldend|move: Grassy Terrain
|upkeep
|turn|23
|
|t:|1630212471
|move|p1a: Diggersby|Quick Attack|p2a: Krookodile
|-damage|p2a: Krookodile|25/100
|move|p2a: Krookodile|Knock Off|p1a: Diggersby
|-damage|p1a: Diggersby|0 fnt
|faint|p1a: Diggersby
|
|upkeep
|
|t:|1630212474
|switch|p1a: Volpi|Krookodile, M, shiny|100/100
|-damage|p1a: Volpi|94/100|[from] Stealth Rock
|-ability|p1a: Volpi|Intimidate|boost
|-unboost|p2a: Krookodile|atk|1
|turn|24
|c|☆PlasticPinnochio|gg
|
|t:|1630212478
|move|p2a: Krookodile|Knock Off|p1a: Volpi
|-resisted|p1a: Volpi
|-crit|p1a: Volpi
|-damage|p1a: Volpi|50/100
|-enditem|p1a: Volpi|Focus Sash|[from] move: Knock Off|[of] p2a: Krookodile
|move|p1a: Volpi|Earthquake|p2a: Krookodile
|-damage|p2a: Krookodile|0 fnt
|faint|p2a: Krookodile
|
|upkeep
|
|t:|1630212481
|switch|p2a: Tangrowth|Tangrowth, M|84/100
|-damage|p2a: Tangrowth|72/100|[from] Stealth Rock
|turn|25
|
|t:|1630212487
|move|p1a: Volpi|Knock Off|p2a: Tangrowth
|-damage|p2a: Tangrowth|48/100
|-damage|p1a: Volpi|33/100|[from] item: Rocky Helmet|[of] p2a: Tangrowth
|-enditem|p2a: Tangrowth|Rocky Helmet|[from] move: Knock Off|[of] p1a: Volpi
|move|p2a: Tangrowth|Seed Bomb|p1a: Volpi
|-supereffective|p1a: Volpi
|-damage|p1a: Volpi|0 fnt
|faint|p1a: Volpi
|
|win|PlasticPinnochio
|raw|UU9T ML's rating: 1455 &rarr; <strong>1428</strong><br />(-27 for losing)
|raw|PlasticPinnochio's rating: 1320 &rarr; <strong>1347</strong><br />(+27 for winning)
|l|☆UU9T ML
