|j|☆Melkhior
|j|☆Zephyyyr
|t:|1665755062
|gametype|singles
|player|p1|Melkhior|juggler|1423
|player|p2|Zephyyyr|richboy|1673
|teamsize|p1|6
|teamsize|p2|6
|gen|8
|tier|[Gen 8] UU
|rated|
|rule|Sleep Clause Mod: Limit one foe put to sleep
|rule|Species Clause: Limit one of each Pokémon
|rule|OHKO Clause: OHKO moves are banned
|rule|Evasion Items Clause: Evasion items are banned
|rule|Evasion Moves Clause: Evasion moves are banned
|rule|Endless Battle Clause: Forcing endless battles is banned
|rule|HP Percentage Mod: HP is shown in percentages
|rule|Dynamax Clause: You cannot dynamax
|clearpoke
|poke|p1|Weezing-Galar, F|
|poke|p1|Krookodile, M|
|poke|p1|Keldeo-Resolute|
|poke|p1|Jirachi|
|poke|p1|Hydreigon, F|
|poke|p1|Scizor, F|
|poke|p2|Ribombee, M|
|poke|p2|Regieleki|
|poke|p2|Mamoswine, M|
|poke|p2|Scizor, F|
|poke|p2|Necrozma|
|poke|p2|Crawdaunt, M|
|teampreview
|inactive|Battle timer is ON: inactive players will automatically lose when time's up. (requested by Melkhior)
|
|t:|1665755089
|start
|switch|p1a: Scizor|Scizor, F|100/100
|switch|p2a: Ribombee|Ribombee, M|100/100
|turn|1
|
|t:|1665755094
|move|p1a: Scizor|Bullet Punch|p2a: Ribombee
|-supereffective|p2a: Ribombee
|-enditem|p2a: Ribombee|Focus Sash
|-damage|p2a: Ribombee|1/100
|move|p2a: Ribombee|Sticky Web|p1a: Scizor
|-sidestart|p1: Melkhior|move: Sticky Web
|
|upkeep
|turn|2
|
|t:|1665755110
|move|p1a: Scizor|Bullet Punch|p2a: Ribombee
|-supereffective|p2a: Ribombee
|-damage|p2a: Ribombee|0 fnt
|faint|p2a: Ribombee
|
|upkeep
|
|t:|1665755112
|switch|p2a: Necrozma|Necrozma|100/100
|turn|3
|
|t:|1665755117
|move|p2a: Necrozma|Stealth Rock|p1a: Scizor
|-sidestart|p1: Melkhior|move: Stealth Rock
|move|p1a: Scizor|Bug Bite|p2a: Necrozma
|-supereffective|p2a: Necrozma
|-damage|p2a: Necrozma|24/100
|
|upkeep
|turn|4
|
|t:|1665755122
|move|p1a: Scizor|Bullet Punch|p2a: Necrozma
|-damage|p2a: Necrozma|0 fnt
|faint|p2a: Necrozma
|
|upkeep
|
|t:|1665755141
|switch|p2a: Crawdaunt|Crawdaunt, M|100/100
|turn|5
|
|t:|1665755146
|move|p2a: Crawdaunt|Crabhammer|p1a: Scizor
|-damage|p1a: Scizor|0 fnt
|faint|p1a: Scizor
|-damage|p2a: Crawdaunt|91/100|[from] item: Life Orb
|
|upkeep
|
|t:|1665755160
|switch|p1a: Weezing|Weezing-Galar, F|100/100
|-damage|p1a: Weezing|88/100|[from] Stealth Rock
|turn|6
|
|t:|1665755165
|switch|p2a: Regieleki|Regieleki, shiny|100/100
|move|p1a: Weezing|Defog|p2a: Regieleki
|-unboost|p2a: Regieleki|evasion|1
|-sideend|p1: Melkhior|Stealth Rock|[from] move: Defog|[of] p1a: Weezing
|-sideend|p1: Melkhior|Sticky Web|[from] move: Defog|[of] p1a: Weezing
|
|upkeep
|turn|7
|
|t:|1665755173
|switch|p2a: Crawdaunt|Crawdaunt, M|91/100
|switch|p1a: Krookodile|Krookodile, M|100/100
|-ability|p1a: Krookodile|Intimidate|boost
|-unboost|p2a: Crawdaunt|atk|1
|
|upkeep
|turn|8
|
|t:|1665755178
|switch|p1a: Weezing|Weezing-Galar, F|88/100
|move|p2a: Crawdaunt|Crabhammer|p1a: Weezing
|-damage|p1a: Weezing|48/100
|-damage|p2a: Crawdaunt|81/100|[from] item: Life Orb
|
|upkeep
|turn|9
|
|t:|1665755187
|switch|p2a: Regieleki|Regieleki, shiny|100/100
|move|p1a: Weezing|Toxic|p2a: Regieleki
|-status|p2a: Regieleki|tox
|
|-damage|p2a: Regieleki|95/100 tox|[from] psn
|upkeep
|turn|10
|
|t:|1665755193
|switch|p2a: Crawdaunt|Crawdaunt, M|81/100
|switch|p1a: Krookodile|Krookodile, M|100/100
|-ability|p1a: Krookodile|Intimidate|boost
|-unboost|p2a: Crawdaunt|atk|1
|
|upkeep
|turn|11
|
|t:|1665755205
|move|p1a: Krookodile|Earthquake|p2a: Crawdaunt
|-damage|p2a: Crawdaunt|27/100
|move|p2a: Crawdaunt|Crabhammer|p1a: Krookodile
|-supereffective|p1a: Krookodile
|-damage|p1a: Krookodile|7/100
|-damage|p2a: Crawdaunt|11/100|[from] item: Rocky Helmet|[of] p1a: Krookodile
|-damage|p2a: Crawdaunt|1/100|[from] item: Life Orb
|
|upkeep
|turn|12
|
|t:|1665755220
|move|p1a: Krookodile|Stealth Rock|p2a: Crawdaunt
|-sidestart|p2: Zephyyyr|move: Stealth Rock
|move|p2a: Crawdaunt|Knock Off|p1a: Krookodile
|-resisted|p1a: Krookodile
|-damage|p1a: Krookodile|0 fnt
|-damage|p2a: Crawdaunt|0 fnt|[from] item: Rocky Helmet|[of] p1a: Krookodile
|faint|p1a: Krookodile
|faint|p2a: Crawdaunt
|
|upkeep
|inactive|Melkhior has 120 seconds left.
|
|t:|1665755256
|switch|p1a: Hydreigon|Hydreigon, F|100/100
|switch|p2a: Regieleki|Regieleki, shiny|95/100 tox
|-damage|p2a: Regieleki|82/100 tox|[from] Stealth Rock
|turn|13
|j| amogusroxyrrrr
|
|t:|1665755269
|switch|p2a: Mamoswine|Mamoswine, M|100/100
|-damage|p2a: Mamoswine|88/100|[from] Stealth Rock
|move|p1a: Hydreigon|Draco Meteor|p2a: Mamoswine
|-damage|p2a: Mamoswine|8/100
|-unboost|p1a: Hydreigon|spa|2
|
|upkeep
|turn|14
|
|t:|1665755278
|switch|p1a: Weezing|Weezing-Galar, F|48/100
|move|p2a: Mamoswine|Earthquake|p1a: Weezing
|-immune|p1a: Weezing|[from] ability: Levitate
|
|upkeep
|turn|15
|
|t:|1665755284
|move|p2a: Mamoswine|Icicle Crash|p1a: Weezing|[miss]
|-miss|p2a: Mamoswine|p1a: Weezing
|move|p1a: Weezing|Overheat|p2a: Mamoswine
|-supereffective|p2a: Mamoswine
|-damage|p2a: Mamoswine|0 fnt
|-unboost|p1a: Weezing|spa|2
|faint|p2a: Mamoswine
|
|upkeep
|
|t:|1665755292
|switch|p2a: Regieleki|Regieleki, shiny|82/100 tox
|-damage|p2a: Regieleki|70/100 tox|[from] Stealth Rock
|turn|16
|
|t:|1665755296
|switch|p1a: Hydreigon|Hydreigon, F|100/100
|move|p2a: Regieleki|Rapid Spin|p1a: Hydreigon
|-damage|p1a: Hydreigon|90/100
|-boost|p2a: Regieleki|spe|1
|-sideend|p2: Zephyyyr|Stealth Rock|[from] move: Rapid Spin|[of] p2a: Regieleki
|
|-heal|p1a: Hydreigon|96/100|[from] item: Leftovers
|-damage|p2a: Regieleki|64/100 tox|[from] psn
|upkeep
|turn|17
|
|t:|1665755303
|move|p2a: Regieleki|Thunderbolt|p1a: Hydreigon
|-resisted|p1a: Hydreigon
|-damage|p1a: Hydreigon|71/100
|move|p1a: Hydreigon|Draco Meteor|p2a: Regieleki
|-damage|p2a: Regieleki|0 fnt
|-unboost|p1a: Hydreigon|spa|2
|faint|p2a: Regieleki
|
|-heal|p1a: Hydreigon|77/100|[from] item: Leftovers
|upkeep
|
|t:|1665755306
|switch|p2a: Scizor|Scizor, F|100/100
|turn|18
|
|t:|1665755310
|move|p2a: Scizor|Swords Dance|p2a: Scizor
|-boost|p2a: Scizor|atk|2
|move|p1a: Hydreigon|U-turn|p2a: Scizor
|-resisted|p2a: Scizor
|-damage|p2a: Scizor|89/100
|
|t:|1665755315
|switch|p1a: Weezing|Weezing-Galar, F|48/100|[from]move: U-turn
|
|upkeep
|turn|19
|
|t:|1665755321
|move|p2a: Scizor|Bullet Punch|p1a: Weezing
|-supereffective|p1a: Weezing
|-enditem|p1a: Weezing|Babiri Berry|[eat]
|-enditem|p1a: Weezing|Babiri Berry|[weaken]
|-damage|p1a: Weezing|0 fnt
|faint|p1a: Weezing
|-damage|p2a: Scizor|80/100|[from] item: Life Orb
|
|upkeep
|
|t:|1665755332
|switch|p1a: Keldeo|Keldeo-Resolute|100/100
|turn|20
|
|t:|1665755334
|move|p1a: Keldeo|Scald|p2a: Scizor
|-damage|p2a: Scizor|24/100
|move|p2a: Scizor|Dual Wingbeat|p1a: Keldeo
|-supereffective|p1a: Keldeo
|-damage|p1a: Keldeo|0 fnt
|faint|p1a: Keldeo
|-hitcount|p1: Keldeo|1
|-damage|p2a: Scizor|14/100|[from] item: Life Orb
|
|upkeep
|
|t:|1665755343
|switch|p1a: Jirachi|Jirachi, shiny|100/100
|turn|21
|
|t:|1665755346
|move|p1a: Jirachi|Moonblast|p2a: Scizor
|-resisted|p2a: Scizor
|-damage|p2a: Scizor|0 fnt
|faint|p2a: Scizor
|
|win|Melkhior
|raw|Melkhior's rating: 1423 &rarr; <strong>1455</strong><br />(+32 for winning)
|raw|Zephyyyr's rating: 1673 &rarr; <strong>1641</strong><br />(-32 for losing)
|l|☆Zephyyyr
|l| amogusroxyrrrr
||Ladder isn't responding, score probably updated but might not have (Request timeout).
