|j|☆gijion chilli
|j|☆PebbleEater
|player|p1|gijion chilli|twins-gen4dp|1554
|player|p2|PebbleEater|cyclistf|1328
|teamsize|p1|6
|teamsize|p2|6
|gametype|singles
|gen|8
|tier|[Gen 8] UU
|rated|
|clearpoke
|poke|p1|Machamp, M|
|poke|p1|Weavile, M|
|poke|p1|Duraludon, M|
|poke|p1|Weezing-Galar, F|
|poke|p1|Doublade, M|
|poke|p1|Gardevoir, M|
|poke|p2|Gardevoir, M|
|poke|p2|Umbreon, M|
|poke|p2|Silvally-*|
|poke|p2|Weezing-Galar, M|
|poke|p2|Inteleon, M|
|poke|p2|Durant, F|
|rule|Sleep Clause Mod: Limit one foe put to sleep
|rule|Species Clause: Limit one of each Pokémon
|rule|OHKO Clause: OHKO moves are banned
|rule|Evasion Moves Clause: Evasion moves are banned
|rule|Endless Battle Clause: Forcing endless battles is banned
|rule|HP Percentage Mod: HP is shown in percentages
|rule|Dynamax Clause: You cannot dynamax
|teampreview
|c|☆PebbleEater|gl hf
|j| SZYS神之右手
|
|start
|switch|p1a: Duraludon|Duraludon, M|100/100
|switch|p2a: Kevin|Durant, F|100/100
|turn|1
|
|move|p2a: Kevin|Superpower|p1a: Duraludon
|-supereffective|p1a: Duraludon
|-enditem|p1a: Duraludon|Focus Sash
|-damage|p1a: Duraludon|1/100
|-unboost|p2a: Kevin|atk|1
|-unboost|p2a: Kevin|def|1
|-damage|p2a: Kevin|91/100|[from] item: Life Orb
|move|p1a: Duraludon|Thunder Wave|p2a: Kevin
|-status|p2a: Kevin|par
|
|upkeep
|turn|2
|
|switch|p2a: Silvally|Silvally-Steel|100/100
|move|p1a: Duraludon|Stealth Rock|p2a: Silvally
|-sidestart|p2: PebbleEater|move: Stealth Rock
|
|upkeep
|turn|3
|
|move|p2a: Silvally|Defog|p1a: Duraludon
|-unboost|p1a: Duraludon|evasion|1
|-sideend|p2: PebbleEater|Stealth Rock|[from] move: Defog|[of] p2a: Silvally
|move|p1a: Duraludon|Thunderbolt|p2a: Silvally
|-damage|p2a: Silvally|74/100
|
|upkeep
|turn|4
|j| Sultan-e-Shah
|
|switch|p1a: Doublade|Doublade, M|100/100
|move|p2a: Silvally|U-turn|p1a: Doublade
|-resisted|p1a: Doublade
|-damage|p1a: Doublade|99/100
|inactive|Battle timer is ON: inactive players will automatically lose when time's up. (requested by gijion chilli)
|
|switch|p2a: Gardevoir|Gardevoir, M, shiny|100/100|[from]move: U-turn
|-ability|p2a: Gardevoir|No Guard|[from] ability: Trace|[of] p1a: Doublade
|
|upkeep
|turn|5
|
|move|p2a: Gardevoir|Shadow Ball|p1a: Doublade
|-supereffective|p1a: Doublade
|-damage|p1a: Doublade|0 fnt
|faint|p1a: Doublade
|
|upkeep
|
|switch|p1a: Weavile|Weavile, M|100/100
|-ability|p1a: Weavile|Pressure
|turn|6
|
|switch|p1a: Duraludon|Duraludon, M|1/100
|switch|p2a: Silvally|Silvally-Steel|74/100
|
|upkeep
|turn|7
|
|move|p2a: Silvally|U-turn|p1a: Duraludon
|-resisted|p1a: Duraludon
|-damage|p1a: Duraludon|0 fnt
|faint|p1a: Duraludon
|
|switch|p2a: Inteleon|Inteleon, M|100/100|[from]move: U-turn
|
|upkeep
|
|switch|p1a: Gardevoir|Gardevoir, M|100/100
|-ability|p1a: Gardevoir|Torrent|[from] ability: Trace|[of] p2a: Inteleon
|turn|8
|
|move|p2a: Inteleon|U-turn|p1a: Gardevoir
|-damage|p1a: Gardevoir|80/100
|
|switch|p2a: Silvally|Silvally-Steel|74/100|[from]move: U-turn
|move|p1a: Gardevoir|Moonblast|p2a: Silvally
|-resisted|p2a: Silvally
|-damage|p2a: Silvally|50/100
|
|upkeep
|turn|9
|
|switch|p1a: Weezing|Weezing-Galar, F|100/100
|move|p2a: Silvally|U-turn|p1a: Weezing
|-resisted|p1a: Weezing
|-damage|p1a: Weezing|96/100
|
|switch|p2a: Gardevoir|Gardevoir, M, shiny|100/100|[from]move: U-turn
|-ability|p2a: Gardevoir|Levitate|[from] ability: Trace|[of] p1a: Weezing
|
|-heal|p1a: Weezing|100/100|[from] item: Black Sludge
|upkeep
|turn|10
|
|move|p2a: Gardevoir|Psychic|p1a: Weezing
|-supereffective|p1a: Weezing
|-damage|p1a: Weezing|0 fnt
|faint|p1a: Weezing
|
|upkeep
|
|switch|p1a: Weavile|Weavile, M|100/100
|-ability|p1a: Weavile|Pressure
|turn|11
|c|☆gijion chilli|Gg
|-message|gijion chilli forfeited.
|
|win|PebbleEater
|l|☆gijion chilli
|raw|gijion chilli's rating: 1554 &rarr; <strong>1523</strong><br />(-31 for losing)
|raw|PebbleEater's rating: 1328 &rarr; <strong>1359</strong><br />(+31 for winning)
