|j|☆congelateur-sama
|j|☆Dunoks
|t:|1649496635
|gametype|singles
|player|p1|congelateur-sama|#fcpl4raichicheurs|
|player|p2|Dunoks|#fcl9mighty|
|teamsize|p1|6
|teamsize|p2|6
|gen|8
|tier|[Gen 8] UU
|rule|Sleep Clause Mod: Limit one foe put to sleep
|rule|Species Clause: Limit one of each Pokémon
|rule|OHKO Clause: OHKO moves are banned
|rule|Evasion Moves Clause: Evasion moves are banned
|rule|Endless Battle Clause: Forcing endless battles is banned
|rule|HP Percentage Mod: HP is shown in percentages
|rule|Dynamax Clause: You cannot dynamax
|clearpoke
|poke|p1|Hippowdon, F|
|poke|p1|Mandibuzz, F|
|poke|p1|Scizor, F|
|poke|p1|Salamence, M|
|poke|p1|Keldeo-Resolute|
|poke|p1|Amoonguss, M|
|poke|p2|Togekiss, M|
|poke|p2|Rotom-Heat|
|poke|p2|Tangrowth, F|
|poke|p2|Scizor, F|
|poke|p2|Nihilego|
|poke|p2|Keldeo-Resolute|
|teampreview
|c|☆congelateur-sama|hf
|c|☆Dunoks|hf
|c|☆congelateur-sama|public
|j| BlazingDark ☾★
|c| BlazingDark ☾★|lets go
|j| Dieu Amphibien
|j| Von Uexkull
|j| Brexus
|j| Sirwings
|j| Squash
|j| Neco0s
|j| The Delta Maybca☆〜
|c| Squash|go dunosk
|j| BlessyZ
|c|☆Dunoks|/log Dunoks made this room public.
|l|☆Dunoks
|player|p2|
|l| Sirwings
|j| Sharow 水上
|c|☆congelateur-sama|:azp:
|j|☆Dunoks
|player|p2|Dunoks|#fcl9mighty
|c|☆congelateur-sama|solide la co
|j|%Clementine
|l| Von Uexkull
|j| Scoptile
|j| Hoshibi
|j| Quartos
|j| Jeza.p
|j| Astreau
|j| pe taki
|n| Neco0s@!|neco0s
|j| PE MarioReL
|j| Calcias
|j| Hervalt
|j| Inder
|j| RoiDadadou
|c|☆congelateur-sama|c'est bon ?
|c|☆congelateur-sama|je timer
|j| Ryuji-Sensei
|inactive|Battle timer is ON: inactive players will automatically lose when time's up. (requested by congelateur-sama)
|j| Sirwings
|j| from bandol
|inactive|Dunoks has 270 seconds left.
|l|sirwings
|inactive|Dunoks has 240 seconds left.
|j| Givrix
|j| Capitaine Jackson
|c|☆Dunoks|hf hf
|j| rom1x
|
|t:|1649496859
|start
|switch|p1a: Amoonguss|Amoonguss, M|100/100
|switch|p2a: Tangrowth|Tangrowth, F|100/100
|turn|1
|
|t:|1649496864
|switch|p2a: Scizor|Scizor, F|100/100
|move|p1a: Amoonguss|Sludge Bomb|p2a: Scizor
|-immune|p2a: Scizor
|
|upkeep
|turn|2
|
|t:|1649496868
|move|p2a: Scizor|Knock Off|p1a: Amoonguss
|-damage|p1a: Amoonguss|75/100
|-damage|p2a: Scizor|84/100|[from] item: Rocky Helmet|[of] p1a: Amoonguss
|-enditem|p1a: Amoonguss|Rocky Helmet|[from] move: Knock Off|[of] p2a: Scizor
|move|p1a: Amoonguss|Spore|p2a: Scizor
|-status|p2a: Scizor|slp|[from] move: Spore
|
|upkeep
|turn|3
|j| Greycat01
|l| Capitaine Jackson
|j| Sirwings
|
|t:|1649496899
|switch|p1a: Keldeo|Keldeo-Resolute|100/100
|cant|p2a: Scizor|slp
|
|upkeep
|turn|4
|
|t:|1649496907
|switch|p2a: Tangrowth|Tangrowth, F|100/100
|move|p1a: Keldeo|Air Slash|p2a: Tangrowth
|-supereffective|p2a: Tangrowth
|-damage|p2a: Tangrowth|51/100
|
|upkeep
|turn|5
|j| Capitaine Jackson
|l| Greycat01
|j| AzZoCcX
|inactive|congelateur-sama has 270 seconds left.
|l| Sirwings
|n| Capitaine Jackson|capitainejackson
|
|t:|1649496944
|switch|p1a: Scizor|Scizor, F|100/100
|switch|p2a: Rotom|Rotom-Heat|100/100
|
|upkeep
|turn|6
|j| Don't test me bud
|c| Capitaine Jackson|Allez les roublenards coquin vous pouvez le faire !!!!
|inactive|Dunoks has 270 seconds left.
|l| Capitaine Jackson
|l| Hoshibi
|j| KyogreF4N
|j| Sirwings
|inactive|congelateur-sama has 240 seconds left.
|j| Hoshibi
|j| Capitaine Jackson
|
|t:|1649496992
|switch|p2a: Keldeo|Keldeo-Resolute|100/100
|switch|p1a: Hippowdon|Hippowdon, F|100/100
|-weather|Sandstorm|[from] ability: Sand Stream|[of] p1a: Hippowdon
|
|-weather|Sandstorm|[upkeep]
|-damage|p2a: Keldeo|94/100|[from] Sandstorm
|upkeep
|turn|7
|inactive|congelateur-sama has 240 seconds left.
|inactive|Dunoks has 240 seconds left.
|l| Hoshibi
|l| Sirwings
|
|t:|1649497018
|switch|p1a: Amoonguss|Amoonguss, M|100/100
|move|p2a: Keldeo|Flip Turn|p1a: Amoonguss
|-resisted|p1a: Amoonguss
|-damage|p1a: Amoonguss|95/100
|
|t:|1649497023
|switch|p2a: Nihilego|Nihilego|100/100|[from]move: Flip Turn
|
|-weather|Sandstorm|[upkeep]
|-damage|p1a: Amoonguss|88/100|[from] Sandstorm
|upkeep
|turn|8
|inactive|congelateur-sama has 240 seconds left.
|inactive|Dunoks has 240 seconds left.
|
|t:|1649497037
|switch|p1a: Scizor|Scizor, F|100/100
|move|p2a: Nihilego|Stealth Rock|p1a: Scizor
|-sidestart|p1: congelateur-sama|move: Stealth Rock
|
|-weather|Sandstorm|[upkeep]
|upkeep
|turn|9
|inactive|Dunoks has 240 seconds left.
|
|t:|1649497050
|switch|p2a: Rotom|Rotom-Heat|100/100
|move|p1a: Scizor|Knock Off|p2a: Rotom
|-damage|p2a: Rotom|65/100
|-enditem|p2a: Rotom|Heavy-Duty Boots|[from] move: Knock Off|[of] p1a: Scizor
|
|-weather|Sandstorm|[upkeep]
|-damage|p2a: Rotom|59/100|[from] Sandstorm
|upkeep
|turn|10
|inactive|Dunoks has 240 seconds left.
|l| Brexus
|
|t:|1649497070
|switch|p2a: Keldeo|Keldeo-Resolute|94/100
|switch|p1a: Hippowdon|Hippowdon, F|100/100
|-damage|p1a: Hippowdon|94/100|[from] Stealth Rock
|
|-weather|none
|upkeep
|turn|11
|j| Sirwings
|inactive|Dunoks has 240 seconds left.
|j| Brexus
|j| Hoshibi
|
|t:|1649497087
|switch|p1a: Amoonguss|Amoonguss, M|100/100
|-damage|p1a: Amoonguss|88/100|[from] Stealth Rock
|move|p2a: Keldeo|Air Slash|p1a: Amoonguss
|-supereffective|p1a: Amoonguss
|-damage|p1a: Amoonguss|18/100
|
|upkeep
|turn|12
|inactive|congelateur-sama has 270 seconds left.
|j| basaninho
|l| RoiDadadou
|
|t:|1649497112
|switch|p2a: Nihilego|Nihilego|100/100
|switch|p1a: Hippowdon|Hippowdon, F|94/100
|-damage|p1a: Hippowdon|88/100|[from] Stealth Rock
|-weather|Sandstorm|[from] ability: Sand Stream|[of] p1a: Hippowdon
|
|-weather|Sandstorm|[upkeep]
|upkeep
|turn|13
|
|t:|1649497124
|switch|p2a: Keldeo|Keldeo-Resolute|94/100
|move|p1a: Hippowdon|Earthquake|p2a: Keldeo
|-damage|p2a: Keldeo|53/100
|
|-weather|Sandstorm|[upkeep]
|-damage|p2a: Keldeo|47/100|[from] Sandstorm
|upkeep
|turn|14
|inactive|congelateur-sama has 240 seconds left.
|j| Givra no bi ☯
|l| Sirwings
|inactive|congelateur-sama has 210 seconds left.
|j| Greycat01
|j| opela
|inactive|Dunoks has 210 seconds left.
|l| Greycat01
|j| fesgtep
|n| Mimilucha|frombandol
|
|t:|1649497213
|switch|p1a: Keldeo|Keldeo-Resolute|100/100
|-damage|p1a: Keldeo|94/100|[from] Stealth Rock
|move|p2a: Keldeo|Surf|p1a: Keldeo
|-resisted|p1a: Keldeo
|-damage|p1a: Keldeo|52/100
|
|-weather|Sandstorm|[upkeep]
|-damage|p1a: Keldeo|45/100|[from] Sandstorm
|-damage|p2a: Keldeo|41/100|[from] Sandstorm
|upkeep
|turn|15
|l| fesgtep
|inactive|congelateur-sama has 180 seconds left.
|j| Monotype Caca
|j| Sirwings
|
|t:|1649497264
|switch|p2a: Tangrowth|Tangrowth, F|84/100
|move|p1a: Keldeo|Secret Sword|p2a: Tangrowth
|-damage|p2a: Tangrowth|42/100
|
|-weather|Sandstorm|[upkeep]
|-damage|p1a: Keldeo|39/100|[from] Sandstorm
|-damage|p2a: Tangrowth|36/100|[from] Sandstorm
|upkeep
|turn|16
|inactive|Dunoks has 210 seconds left.
|
|t:|1649497275
|switch|p1a: Scizor|Scizor, F|100/100
|switch|p2a: Togekiss|Togekiss, M|100/100
|
|-weather|none
|upkeep
|turn|17
|inactive|Dunoks has 210 seconds left.
|
|t:|1649497288
|switch|p1a: Hippowdon|Hippowdon, F|88/100
|-damage|p1a: Hippowdon|82/100|[from] Stealth Rock
|-weather|Sandstorm|[from] ability: Sand Stream|[of] p1a: Hippowdon
|move|p2a: Togekiss|Air Slash|p1a: Hippowdon
|-damage|p1a: Hippowdon|60/100
|
|-weather|Sandstorm|[upkeep]
|-damage|p2a: Togekiss|94/100|[from] Sandstorm
|upkeep
|turn|18
|j| Greycat01
|inactive|Dunoks has 210 seconds left.
|inactive|congelateur-sama has 150 seconds left.
|l| Sirwings
|inactive|Dunoks has 180 seconds left.
|
|t:|1649497339
|move|p2a: Togekiss|Nasty Plot|p2a: Togekiss
|-boost|p2a: Togekiss|spa|2
|move|p1a: Hippowdon|Stealth Rock|p2a: Togekiss
|-sidestart|p2: Dunoks|move: Stealth Rock
|
|-weather|Sandstorm|[upkeep]
|-damage|p2a: Togekiss|88/100|[from] Sandstorm
|upkeep
|turn|19
|inactive|congelateur-sama has 150 seconds left.
|j| Sirwings
|
|t:|1649497371
|move|p2a: Togekiss|Air Slash|p1a: Hippowdon
|-damage|p1a: Hippowdon|14/100
|move|p1a: Hippowdon|Toxic|p2a: Togekiss
|-status|p2a: Togekiss|tox
|
|-weather|Sandstorm|[upkeep]
|-damage|p2a: Togekiss|82/100 tox|[from] Sandstorm
|-damage|p2a: Togekiss|76/100 tox|[from] psn
|upkeep
|turn|20
|inactive|Dunoks has 180 seconds left.
|
|t:|1649497388
|move|p2a: Togekiss|Heal Bell|p2a: Togekiss
|-activate|p2a: Togekiss|move: Heal Bell
|-curestatus|p2a: Togekiss|tox|[msg]
|-curestatus|p2: Scizor|slp|[msg]
|move|p1a: Hippowdon|Toxic|p2a: Togekiss
|-status|p2a: Togekiss|tox
|
|-weather|Sandstorm|[upkeep]
|-damage|p2a: Togekiss|70/100 tox|[from] Sandstorm
|-damage|p2a: Togekiss|64/100 tox|[from] psn
|upkeep
|turn|21
|
|t:|1649497397
|switch|p1a: Scizor|Scizor, F|100/100
|move|p2a: Togekiss|Roost|p2a: Togekiss
|-heal|p2a: Togekiss|100/100 tox
|-singleturn|p2a: Togekiss|move: Roost
|
|-weather|none
|-damage|p2a: Togekiss|88/100 tox|[from] psn
|upkeep
|turn|22
|
|t:|1649497409
|switch|p2a: Scizor|Scizor, F|84/100
|move|p1a: Scizor|Bullet Punch|p2a: Scizor
|-resisted|p2a: Scizor
|-damage|p2a: Scizor|70/100
|
|upkeep
|turn|23
|
|t:|1649497418
|move|p1a: Scizor|Swords Dance|p1a: Scizor
|-boost|p1a: Scizor|atk|2
|move|p2a: Scizor|Knock Off|p1a: Scizor
|-damage|p1a: Scizor|73/100
|-enditem|p1a: Scizor|Heavy-Duty Boots|[from] move: Knock Off|[of] p2a: Scizor
|
|upkeep
|turn|24
|
|t:|1649497422
|move|p1a: Scizor|Knock Off|p2a: Scizor
|-damage|p2a: Scizor|7/100
|-enditem|p2a: Scizor|Heavy-Duty Boots|[from] move: Knock Off|[of] p1a: Scizor
|move|p2a: Scizor|U-turn|p1a: Scizor
|-resisted|p1a: Scizor
|-damage|p1a: Scizor|58/100
|j| vkhss
|l| Sirwings
|l| Capitaine Jackson
|j| UFG DX
|l| Ryuji-Sensei
|inactive|Dunoks has 180 seconds left.
|l| Hoshibi
|inactive|Dunoks has 150 seconds left.
|j| Capitaine Jackson
|l| Brexus
|j| Hoshibi
|j| Micciu20250
|j| pokeonplayer6969
|c| Capitaine Jackson|Allez dugnok !!!!
|inactive|Dunoks has 120 seconds left.
|l| Capitaine Jackson
|j| Capitaine Jackson
|inactive|Dunoks has 90 seconds left.
|l| Sharow 水上
|
|t:|1649497550
|switch|p2a: Rotom|Rotom-Heat|59/100|[from]move: U-turn
|-damage|p2a: Rotom|34/100|[from] Stealth Rock
|
|upkeep
|turn|25
|inactive|Dunoks has 90 seconds left.
|inactive|congelateur-sama has 150 seconds left.
|j| Sharow 水上
|c| Mimilucha|reveal aqua jet
|l| basaninho
|l|%Clementine
|c| BlazingDark ☾★|vive attaque tsé
|inactive|congelateur-sama has 120 seconds left.
|j| basaninho
|l| Capitaine Jackson
|j| Ryuji-Sensei
|
|t:|1649497603
|move|p2a: Rotom|Defog|p1a: Scizor
|-unboost|p1a: Scizor|evasion|1
|-sideend|p1: congelateur-sama|Stealth Rock|[from] move: Defog|[of] p2a: Rotom
|-sideend|p2: Dunoks|Stealth Rock|[from] move: Defog|[of] p2a: Rotom
|move|p1a: Scizor|Knock Off|p2a: Rotom
|-damage|p2a: Rotom|0 fnt
|faint|p2a: Rotom
|
|upkeep
|
|t:|1649497606
|switch|p2a: Keldeo|Keldeo-Resolute|41/100
|turn|26
|inactive|congelateur-sama has 120 seconds left.
|l| vkhss
|c| basaninho|Oula
|j| Brexus
|c| BlazingDark ☾★|insane
|c| Mimilucha|??
|c| Mimilucha|wtf
|l| Scoptile
|c| PE MarioReL|LES ENORMES COUILLES
|c| PE MarioReL|DE CONGELO
|c| The Delta Maybca☆〜|Pas capté
|c| Micciu20250|Steve moment ptdrr
|n| BeastyJ157|pokeonplayer6969
|c| BlazingDark ☾★|on prend pas la victoire
|c| BlazingDark ☾★|sans prendre des risques
|inactive|Dunoks has 60 seconds left.
|c| BlazingDark ☾★|dis leur
|c| Monotype Caca|Le play marche donc c un bon play
|inactive|congelateur-sama has 90 seconds left.
|c| Monotype Caca|Point
|c| The Delta Maybca☆〜|Oui
|c| Mimilucha|nan mais ce play oskour mdrr
|c| BlazingDark ☾★|ouais nan
|c| The Delta Maybca☆〜|je pense que là le keldeo doit tanker
|c| BlazingDark ☾★|tsé
|c| Mimilucha|chut
|c| The Delta Maybca☆〜|Enfin
|c| basaninho|Mdddr
|
|t:|1649497661
|switch|p1a: Salamence|Salamence, M|100/100
|-ability|p1a: Salamence|Intimidate|boost
|-unboost|p2a: Keldeo|atk|1
|move|p2a: Keldeo|Surf|p1a: Salamence
|-resisted|p1a: Salamence
|-damage|p1a: Salamence|56/100
|
|upkeep
|turn|27
|c| BlazingDark ☾★|les joueurs savent calc
|j| Capitaine Jackson
|c| BlazingDark ☾★|tkt mdr
|c| Micciu20250|^
|inactive|Dunoks has 60 seconds left.
|
|t:|1649497681
|switch|p2a: Nihilego|Nihilego|100/100
|switch|p1a: Keldeo|Keldeo-Resolute|39/100
|
|upkeep
|turn|28
|inactive|Dunoks has 60 seconds left.
|c| BlazingDark ☾★|ouais nan
|c| BlazingDark ☾★|ça
|c| BlazingDark ☾★|c'est du pénal
|j| Elyoss
|l| Capitaine Jackson
|
|t:|1649497698
|switch|p1a: Hippowdon|Hippowdon, F|14/100
|-weather|Sandstorm|[from] ability: Sand Stream|[of] p1a: Hippowdon
|switch|p2a: Tangrowth|Tangrowth, F|69/100
|
|-weather|Sandstorm|[upkeep]
|-damage|p2a: Tangrowth|63/100|[from] Sandstorm
|upkeep
|turn|29
|
|t:|1649497714
|switch|p2a: Keldeo|Keldeo-Resolute|41/100
|move|p1a: Hippowdon|Stealth Rock|p2a: Keldeo
|-sidestart|p2: Dunoks|move: Stealth Rock
|
|-weather|Sandstorm|[upkeep]
|-damage|p2a: Keldeo|35/100|[from] Sandstorm
|upkeep
|turn|30
|inactive|congelateur-sama has 90 seconds left.
|
|t:|1649497723
|move|p2a: Keldeo|Surf|p1a: Hippowdon
|-supereffective|p1a: Hippowdon
|-damage|p1a: Hippowdon|0 fnt
|faint|p1a: Hippowdon
|
|-weather|Sandstorm|[upkeep]
|-damage|p2a: Keldeo|28/100|[from] Sandstorm
|upkeep
|inactive|congelateur-sama has 90 seconds left.
|
|t:|1649497749
|switch|p1a: Mandibuzz|Mandibuzz, F|100/100
|turn|31
|inactive|Dunoks has 60 seconds left.
|l| Squash
|
|t:|1649497760
|switch|p2a: Nihilego|Nihilego|100/100
|-damage|p2a: Nihilego|88/100|[from] Stealth Rock
|move|p1a: Mandibuzz|U-turn|p2a: Nihilego
|-resisted|p2a: Nihilego
|-damage|p2a: Nihilego|79/100
|l| KyogreF4N
|
|t:|1649497764
|switch|p1a: Scizor|Scizor, F|58/100|[from]move: U-turn
|
|-weather|Sandstorm|[upkeep]
|-heal|p2a: Nihilego|85/100|[from] item: Black Sludge
|upkeep
|turn|32
|
|t:|1649497771
|move|p1a: Scizor|Bullet Punch|p2a: Nihilego
|-supereffective|p2a: Nihilego
|-damage|p2a: Nihilego|0 fnt
|faint|p2a: Nihilego
|
|-weather|none
|upkeep
|
|t:|1649497778
|switch|p2a: Keldeo|Keldeo-Resolute|28/100
|-damage|p2a: Keldeo|22/100|[from] Stealth Rock
|turn|33
|j| Sirwings
|inactive|congelateur-sama has 90 seconds left.
|inactive|Dunoks has 60 seconds left.
|j| Capitaine Jackson
|j| Squash
|
|t:|1649497820
|switch|p1a: Amoonguss|Amoonguss, M|51/100
|move|p2a: Keldeo|Flip Turn|p1a: Amoonguss
|-resisted|p1a: Amoonguss
|-damage|p1a: Amoonguss|46/100
|
|t:|1649497822
|switch|p2a: Togekiss|Togekiss, M|88/100 tox|[from]move: Flip Turn
|
|-damage|p2a: Togekiss|82/100 tox|[from] psn
|upkeep
|turn|34
|
|t:|1649497828
|move|p2a: Togekiss|Air Slash|p1a: Amoonguss
|-supereffective|p1a: Amoonguss
|-damage|p1a: Amoonguss|0 fnt
|faint|p1a: Amoonguss
|
|-damage|p2a: Togekiss|70/100 tox|[from] psn
|upkeep
|l| Sirwings
|
|t:|1649497838
|switch|p1a: Scizor|Scizor, F|58/100
|turn|35
|
|t:|1649497842
|move|p1a: Scizor|Bullet Punch|p2a: Togekiss
|-supereffective|p2a: Togekiss
|-damage|p2a: Togekiss|13/100 tox
|move|p2a: Togekiss|Air Slash|p1a: Scizor
|-damage|p1a: Scizor|25/100
|
|-damage|p2a: Togekiss|0 fnt|[from] psn
|faint|p2a: Togekiss
|upkeep
|
|t:|1649497856
|switch|p2a: Keldeo|Keldeo-Resolute|22/100
|-damage|p2a: Keldeo|16/100|[from] Stealth Rock
|turn|36
|
|t:|1649497860
|move|p1a: Scizor|Bullet Punch|p2a: Keldeo
|-resisted|p2a: Keldeo
|-damage|p2a: Keldeo|0 fnt
|faint|p2a: Keldeo
|
|upkeep
|c|☆congelateur-sama|gg
|c| Mimilucha|goat
|c|☆Dunoks|gg
|-message|Dunoks forfeited.
|
|win|congelateur-sama
|l|☆Dunoks
|l| Sharow 水上
|l| Hoshibi
|l| Squash
|l| Capitaine Jackson
|l| Greycat01
|l| Brexus
|c| PE MarioReL|giga crack
|l| Micciu20250
|c| Mimilucha|trop fort
|l| basaninho
|c| PE MarioReL|le crack mondiaux du jeu vidéo
|l| Dieu Amphibien
|j| Dieu Amphibien
|l| UFG DX
|j| Sharow 水上
|l| Dieu Amphibien
|l| The Delta Maybca☆〜
|l| Monotype Caca
|l| Jeza.p
|j| fraises des bo as
|l| Elyoss
|l| Mimilucha
|l| fraises des bo as
|l| PE MarioReL
