|j|☆Persona111
|j|☆EliotEnRetar
|t:|1628447863
|gametype|singles
|player|p1|Persona111|ninjaboy|1357
|player|p2|EliotEnRetar|falkner|1626
|teamsize|p1|6
|teamsize|p2|6
|gen|8
|tier|[Gen 8] UU
|rated|
|rule|Sleep Clause Mod: Limit one foe put to sleep
|rule|Species Clause: Limit one of each Pokémon
|rule|OHKO Clause: OHKO moves are banned
|rule|Evasion Moves Clause: Evasion moves are banned
|rule|Endless Battle Clause: Forcing endless battles is banned
|rule|HP Percentage Mod: HP is shown in percentages
|rule|Dynamax Clause: You cannot dynamax
|clearpoke
|poke|p1|Obstagoon, F|
|poke|p1|Buzzwole|
|poke|p1|Moltres|
|poke|p1|Nidoking, M|
|poke|p1|Jirachi|
|poke|p1|Salamence, M|
|poke|p2|Drapion, M|
|poke|p2|Talonflame, F|
|poke|p2|Rotom-Wash|
|poke|p2|Ribombee, F|
|poke|p2|Zygarde-10%|
|poke|p2|Conkeldurr, F|
|teampreview
|
|t:|1628447888
|start
|switch|p1a: Jirachi|Jirachi|100/100
|switch|p2a: BeeMovie|Ribombee, F|100/100
|turn|1
|
|t:|1628447892
|move|p2a: BeeMovie|Sticky Web|p1a: Jirachi
|-sidestart|p1: Persona111|move: Sticky Web
|move|p1a: Jirachi|Stealth Rock|p2a: BeeMovie
|-sidestart|p2: EliotEnRetar|move: Stealth Rock
|
|upkeep
|turn|2
|
|t:|1628447900
|switch|p2a: CauetBurger|Rotom-Wash|100/100
|-damage|p2a: CauetBurger|88/100|[from] Stealth Rock
|move|p1a: Jirachi|Doom Desire|p2a: CauetBurger
|-start|p1a: Jirachi|Doom Desire
|
|-heal|p2a: CauetBurger|94/100|[from] item: Leftovers
|upkeep
|turn|3
|
|t:|1628447908
|move|p1a: Jirachi|Calm Mind|p1a: Jirachi
|-boost|p1a: Jirachi|spa|1
|-boost|p1a: Jirachi|spd|1
|move|p2a: CauetBurger|Hydro Pump|p1a: Jirachi|[miss]
|-miss|p2a: CauetBurger|p1a: Jirachi
|
|-heal|p2a: CauetBurger|100/100|[from] item: Leftovers
|upkeep
|turn|4
|
|t:|1628447921
|move|p1a: Jirachi|Calm Mind|p1a: Jirachi
|-boost|p1a: Jirachi|spa|1
|-boost|p1a: Jirachi|spd|1
|move|p2a: CauetBurger|Will-O-Wisp|p1a: Jirachi
|-status|p1a: Jirachi|brn
|
|-end|p2a: CauetBurger|move: Doom Desire
|-resisted|p2a: CauetBurger
|-damage|p2a: CauetBurger|70/100
|-heal|p2a: CauetBurger|76/100|[from] item: Leftovers
|-damage|p1a: Jirachi|94/100 brn|[from] brn
|upkeep
|turn|5
|
|t:|1628447926
|move|p1a: Jirachi|Psyshock|p2a: CauetBurger
|-damage|p2a: CauetBurger|18/100
|move|p2a: CauetBurger|Volt Switch|p1a: Jirachi
|-damage|p1a: Jirachi|80/100 brn
|
|t:|1628447936
|switch|p2a: BizouJeManvol|Talonflame, F|100/100|[from]move: Volt Switch
|
|-heal|p1a: Jirachi|86/100 brn|[from] item: Leftovers
|-damage|p1a: Jirachi|80/100 brn|[from] brn
|upkeep
|turn|6
|
|t:|1628447943
|move|p2a: BizouJeManvol|Flare Blitz|p1a: Jirachi
|-supereffective|p1a: Jirachi
|-damage|p1a: Jirachi|0 fnt
|faint|p1a: Jirachi
|-damage|p2a: BizouJeManvol|71/100|[from] Recoil
|
|upkeep
|
|t:|1628447946
|switch|p1a: Salamence|Salamence, M|100/100
|-ability|p1a: Salamence|Intimidate|boost
|-unboost|p2a: BizouJeManvol|atk|1
|turn|7
|
|t:|1628447980
|move|p2a: BizouJeManvol|U-turn|p1a: Salamence
|-resisted|p1a: Salamence
|-damage|p1a: Salamence|91/100
|
|t:|1628447984
|switch|p2a: BeeMovie|Ribombee, F|100/100|[from]move: U-turn
|-damage|p2a: BeeMovie|76/100|[from] Stealth Rock
|move|p1a: Salamence|Dual Wingbeat|p2a: BeeMovie
|-supereffective|p2a: BeeMovie
|-damage|p2a: BeeMovie|0 fnt
|faint|p2a: BeeMovie
|-hitcount|p2: BeeMovie|1
|
|upkeep
|
|t:|1628447991
|switch|p2a: En Brrrrrr|Zygarde-10%|100/100
|-damage|p2a: En Brrrrrr|94/100|[from] Stealth Rock
|-ability|p2a: En Brrrrrr|Aura Break
|turn|8
|
|t:|1628448027
|move|p2a: En Brrrrrr|Outrage|p1a: Salamence
|-supereffective|p1a: Salamence
|-damage|p1a: Salamence|0 fnt
|faint|p1a: Salamence
|
|upkeep
|
|t:|1628448035
|switch|p1a: Moltres|Moltres|100/100
|turn|9
|
|t:|1628448037
|move|p1a: Moltres|Brave Bird|p2a: En Brrrrrr
|-damage|p2a: En Brrrrrr|0 fnt
|faint|p2a: En Brrrrrr
|-damage|p1a: Moltres|77/100|[from] Recoil
|
|upkeep
|
|t:|1628448043
|switch|p2a: Drrrrrrrascore|Drapion, M|100/100
|-damage|p2a: Drrrrrrrascore|88/100|[from] Stealth Rock
|turn|10
|
|t:|1628448079
|move|p1a: Moltres|Brave Bird|p2a: Drrrrrrrascore
|-damage|p2a: Drrrrrrrascore|34/100
|-damage|p1a: Moltres|61/100|[from] Recoil
|move|p2a: Drrrrrrrascore|Aqua Tail|p1a: Moltres
|-supereffective|p1a: Moltres
|-damage|p1a: Moltres|0 fnt
|faint|p1a: Moltres
|-damage|p2a: Drrrrrrrascore|24/100|[from] item: Life Orb
|
|upkeep
|
|t:|1628448089
|switch|p1a: Buzzwole|Buzzwole|100/100
|-activate|p1a: Buzzwole|move: Sticky Web
|-unboost|p1a: Buzzwole|spe|1
|turn|11
|
|t:|1628448099
|move|p2a: Drrrrrrrascore|Poison Jab|p1a: Buzzwole
|-damage|p1a: Buzzwole|68/100
|-damage|p2a: Drrrrrrrascore|14/100|[from] item: Life Orb
|move|p1a: Buzzwole|Ice Punch|p2a: Drrrrrrrascore
|-damage|p2a: Drrrrrrrascore|0 fnt
|faint|p2a: Drrrrrrrascore
|-ability|p1a: Buzzwole|Beast Boost|boost
|-boost|p1a: Buzzwole|atk|1
|
|upkeep
|
|t:|1628448109
|switch|p2a: BizouJeManvol|Talonflame, F|71/100
|turn|12
|
|t:|1628448112
|move|p2a: BizouJeManvol|Brave Bird|p1a: Buzzwole
|-supereffective|p1a: Buzzwole
|-damage|p1a: Buzzwole|0 fnt
|faint|p1a: Buzzwole
|-damage|p2a: BizouJeManvol|44/100|[from] Recoil
|
|upkeep
|
|t:|1628448119
|switch|p1a: Nidoking|Nidoking, M|100/100
|-activate|p1a: Nidoking|move: Sticky Web
|-unboost|p1a: Nidoking|spe|1
|turn|13
|
|t:|1628448125
|move|p2a: BizouJeManvol|Brave Bird|p1a: Nidoking
|-damage|p1a: Nidoking|35/100
|-damage|p2a: BizouJeManvol|22/100|[from] Recoil
|move|p1a: Nidoking|Sludge Wave|p2a: BizouJeManvol
|-damage|p2a: BizouJeManvol|0 fnt
|faint|p2a: BizouJeManvol
|
|upkeep
|
|t:|1628448128
|switch|p2a: CauetBurger|Rotom-Wash|18/100
|-damage|p2a: CauetBurger|6/100|[from] Stealth Rock
|turn|14
|
|t:|1628448133
|switch|p1a: Obstagoon|Obstagoon, F|100/100
|-activate|p1a: Obstagoon|move: Sticky Web
|-unboost|p1a: Obstagoon|spe|1
|-ability|p1a: Obstagoon|Defiant
|-boost|p1a: Obstagoon|atk|2
|move|p2a: CauetBurger|Hydro Pump|p1a: Obstagoon
|-damage|p1a: Obstagoon|47/100
|
|-heal|p2a: CauetBurger|12/100|[from] item: Leftovers
|upkeep
|turn|15
|
|t:|1628448138
|move|p1a: Obstagoon|Knock Off|p2a: CauetBurger
|-damage|p2a: CauetBurger|0 fnt
|-enditem|p2a: CauetBurger|Leftovers|[from] move: Knock Off|[of] p1a: Obstagoon
|faint|p2a: CauetBurger
|
|upkeep
|
|t:|1628448140
|switch|p2a: Etchebest|Conkeldurr, F|100/100
|-damage|p2a: Etchebest|95/100|[from] Stealth Rock
|turn|16
|
|t:|1628448144
|move|p2a: Etchebest|Mach Punch|p1a: Obstagoon
|-supereffective|p1a: Obstagoon
|-crit|p1a: Obstagoon
|-damage|p1a: Obstagoon|0 fnt
|faint|p1a: Obstagoon
|
|-status|p2a: Etchebest|brn|[from] item: Flame Orb
|upkeep
|
|t:|1628448146
|switch|p1a: Nidoking|Nidoking, M|35/100
|-activate|p1a: Nidoking|move: Sticky Web
|-unboost|p1a: Nidoking|spe|1
|turn|17
|
|t:|1628448151
|move|p1a: Nidoking|Sludge Wave|p2a: Etchebest
|-damage|p2a: Etchebest|5/100 brn
|move|p2a: Etchebest|Facade|p1a: Nidoking
|-damage|p1a: Nidoking|0 fnt
|faint|p1a: Nidoking
|
|win|EliotEnRetar
|raw|Persona111's rating: 1375 &rarr; <strong>1367</strong><br />(-8 for losing)
|raw|EliotEnRetar's rating: 1626 &rarr; <strong>1634</strong><br />(+8 for winning)
|c|☆Persona111|gg
