|j|☆SSRW41 drei
|j|☆Shanubiki
|t:|1646239491
|gametype|singles
|player|p1|SSRW41 drei|guitarist|1409
|player|p2|Shanubiki|koga|1318
|teamsize|p1|6
|teamsize|p2|6
|gen|8
|tier|[Gen 8] UU
|rated|
|rule|Sleep Clause Mod: Limit one foe put to sleep
|rule|Species Clause: Limit one of each Pokémon
|rule|OHKO Clause: OHKO moves are banned
|rule|Evasion Moves Clause: Evasion moves are banned
|rule|Endless Battle Clause: Forcing endless battles is banned
|rule|HP Percentage Mod: HP is shown in percentages
|rule|Dynamax Clause: You cannot dynamax
|clearpoke
|poke|p1|Salazzle, F|
|poke|p1|Swampert, M|
|poke|p1|Mamoswine, M|
|poke|p1|Thundurus-Therian, M|
|poke|p1|Zarude|
|poke|p1|Celesteela|
|poke|p2|Jirachi|
|poke|p2|Rotom-Wash|
|poke|p2|Hydreigon, F|
|poke|p2|Tapu Bulu|
|poke|p2|Slowbro-Galar, F|
|poke|p2|Tangrowth, M|
|teampreview
|inactive|Battle timer is ON: inactive players will automatically lose when time's up. (requested by SSRW41 drei)
|
|t:|1646239508
|start
|switch|p1a: Salazzle|Salazzle, F, shiny|100/100
|switch|p2a: Hydreigon|Hydreigon, F|100/100
|turn|1
|
|t:|1646239513
|switch|p1a: Celesteela|Celesteela|100/100
|move|p2a: Hydreigon|Dark Pulse|p1a: Celesteela
|-damage|p1a: Celesteela|66/100
|
|-heal|p1a: Celesteela|72/100|[from] item: Leftovers
|upkeep
|turn|2
|
|t:|1646239518
|move|p2a: Hydreigon|Dark Pulse|p1a: Celesteela
|-damage|p1a: Celesteela|34/100
|move|p1a: Celesteela|Leech Seed|p2a: Hydreigon
|-start|p2a: Hydreigon|move: Leech Seed
|
|-heal|p1a: Celesteela|40/100|[from] item: Leftovers
|-damage|p2a: Hydreigon|88/100|[from] Leech Seed|[of] p1a: Celesteela
|-heal|p1a: Celesteela|50/100|[silent]
|upkeep
|turn|3
|
|t:|1646239523
|switch|p2a: Slowbro|Slowbro-Galar, F|100/100
|move|p1a: Celesteela|Protect||[still]
|-fail|p1a: Celesteela
|
|-heal|p1a: Celesteela|56/100|[from] item: Leftovers
|upkeep
|turn|4
|
|t:|1646239526
|move|p1a: Celesteela|Leech Seed|p2a: Slowbro
|-start|p2a: Slowbro|move: Leech Seed
|move|p2a: Slowbro|Flamethrower|p1a: Celesteela
|-supereffective|p1a: Celesteela
|-damage|p1a: Celesteela|23/100
|
|-heal|p1a: Celesteela|29/100|[from] item: Leftovers
|-damage|p2a: Slowbro|88/100|[from] Leech Seed|[of] p1a: Celesteela
|-heal|p1a: Celesteela|41/100|[silent]
|upkeep
|turn|5
|
|t:|1646239531
|move|p1a: Celesteela|Protect|p1a: Celesteela
|-singleturn|p1a: Celesteela|Protect
|move|p2a: Slowbro|Nasty Plot|p2a: Slowbro
|-boost|p2a: Slowbro|spa|2
|
|-heal|p1a: Celesteela|47/100|[from] item: Leftovers
|-heal|p2a: Slowbro|94/100|[from] item: Black Sludge
|-damage|p2a: Slowbro|82/100|[from] Leech Seed|[of] p1a: Celesteela
|-heal|p1a: Celesteela|60/100|[silent]
|upkeep
|turn|6
|
|t:|1646239534
|switch|p1a: Swampert|Swampert, M|100/100
|move|p2a: Slowbro|Psychic|p1a: Swampert
|-damage|p1a: Swampert|33/100
|
|-heal|p1a: Swampert|40/100|[from] item: Leftovers
|-heal|p2a: Slowbro|88/100|[from] item: Black Sludge
|-damage|p2a: Slowbro|75/100|[from] Leech Seed|[of] p1a: Swampert
|-heal|p1a: Swampert|52/100|[silent]
|upkeep
|turn|7
|
|t:|1646239558
|move|p1a: Swampert|Stealth Rock|p2a: Slowbro
|-sidestart|p2: Shanubiki|move: Stealth Rock
|move|p2a: Slowbro|Psychic|p1a: Swampert
|-damage|p1a: Swampert|0 fnt
|faint|p1a: Swampert
|
|-heal|p2a: Slowbro|81/100|[from] item: Black Sludge
|upkeep
|
|t:|1646239564
|switch|p1a: Zarude|Zarude|100/100
|turn|8
|c|☆SSRW41 drei|one sole person who uses NP glowbro
|
|t:|1646239579
|switch|p2a: Tapu Bulu|Tapu Bulu|100/100
|-damage|p2a: Tapu Bulu|88/100|[from] Stealth Rock
|-fieldstart|move: Grassy Terrain|[from] ability: Grassy Surge|[of] p2a: Tapu Bulu
|move|p1a: Zarude|U-turn|p2a: Tapu Bulu
|-damage|p2a: Tapu Bulu|61/100
|c|☆SSRW41 drei|is that who i think it is?
|
|t:|1646239585
|switch|p1a: Salazzle|Salazzle, F, shiny|100/100|[from]move: U-turn
|
|-heal|p2a: Tapu Bulu|67/100|[from] Grassy Terrain
|upkeep
|turn|9
|c|☆Shanubiki|who?
|
|t:|1646239598
|switch|p2a: Hydreigon|Hydreigon, F|88/100
|-damage|p2a: Hydreigon|76/100|[from] Stealth Rock
|move|p1a: Salazzle|Toxic|p2a: Hydreigon
|-status|p2a: Hydreigon|tox
|
|-damage|p2a: Hydreigon|70/100 tox|[from] psn
|upkeep
|turn|10
|c|☆SSRW41 drei|avarice or esta...
|c|☆Shanubiki|im not
|
|t:|1646239607
|switch|p1a: Celesteela|Celesteela|60/100
|move|p2a: Hydreigon|Dark Pulse|p1a: Celesteela
|-damage|p1a: Celesteela|20/100
|
|-heal|p1a: Celesteela|26/100|[from] item: Leftovers
|-damage|p2a: Hydreigon|57/100 tox|[from] psn
|upkeep
|turn|11
|
|t:|1646239611
|switch|p2a: Jirachi|Jirachi|100/100
|-damage|p2a: Jirachi|94/100|[from] Stealth Rock
|move|p1a: Celesteela|Protect||[still]
|-fail|p1a: Celesteela
|
|-heal|p2a: Jirachi|100/100|[from] Grassy Terrain
|-heal|p1a: Celesteela|32/100|[from] item: Leftovers
|upkeep
|turn|12
|
|t:|1646239615
|move|p2a: Jirachi|Stealth Rock|p1a: Celesteela
|-sidestart|p1: SSRW41 drei|move: Stealth Rock
|move|p1a: Celesteela|Leech Seed|p2a: Jirachi
|-start|p2a: Jirachi|move: Leech Seed
|
|-heal|p1a: Celesteela|38/100|[from] item: Leftovers
|-damage|p2a: Jirachi|88/100|[from] Leech Seed|[of] p1a: Celesteela
|-heal|p1a: Celesteela|50/100|[silent]
|-fieldend|move: Grassy Terrain
|upkeep
|turn|13
|
|t:|1646239620
|switch|p2a: Rotom|Rotom-Wash|100/100
|-damage|p2a: Rotom|88/100|[from] Stealth Rock
|move|p1a: Celesteela|Leech Seed|p2a: Rotom
|-start|p2a: Rotom|move: Leech Seed
|
|-heal|p1a: Celesteela|57/100|[from] item: Leftovers
|-damage|p2a: Rotom|75/100|[from] Leech Seed|[of] p1a: Celesteela
|-heal|p1a: Celesteela|66/100|[silent]
|upkeep
|turn|14
|
|t:|1646239623
|move|p1a: Celesteela|Protect|p1a: Celesteela
|-singleturn|p1a: Celesteela|Protect
|move|p2a: Rotom|Volt Switch|p1a: Celesteela
|-activate|p1a: Celesteela|move: Protect
|
|-heal|p1a: Celesteela|72/100|[from] item: Leftovers
|-damage|p2a: Rotom|63/100|[from] Leech Seed|[of] p1a: Celesteela
|-heal|p1a: Celesteela|82/100|[silent]
|upkeep
|turn|15
|
|t:|1646239627
|switch|p1a: Mamoswine|Mamoswine, M|100/100
|-damage|p1a: Mamoswine|88/100|[from] Stealth Rock
|move|p2a: Rotom|Volt Switch|p1a: Mamoswine
|-immune|p1a: Mamoswine
|
|-damage|p2a: Rotom|50/100|[from] Leech Seed|[of] p1a: Mamoswine
|-heal|p1a: Mamoswine|99/100|[silent]
|upkeep
|turn|16
|
|t:|1646239638
|switch|p2a: Jirachi|Jirachi|88/100
|-damage|p2a: Jirachi|82/100|[from] Stealth Rock
|move|p1a: Mamoswine|Earthquake|p2a: Jirachi
|-supereffective|p2a: Jirachi
|-damage|p2a: Jirachi|0 fnt
|faint|p2a: Jirachi
|-damage|p1a: Mamoswine|89/100|[from] item: Life Orb
|
|upkeep
|
|t:|1646239648
|switch|p2a: Rotom|Rotom-Wash|50/100
|-damage|p2a: Rotom|38/100|[from] Stealth Rock
|turn|17
|
|t:|1646239653
|switch|p1a: Zarude|Zarude|100/100
|move|p2a: Rotom|Trick|p1a: Zarude
|-activate|p2a: Rotom|move: Trick|[of] p1a: Zarude
|-item|p1a: Zarude|Choice Scarf|[from] move: Trick
|-item|p2a: Rotom|Heavy-Duty Boots|[from] move: Trick
|
|upkeep
|turn|18
|
|t:|1646239658
|switch|p2a: Tapu Bulu|Tapu Bulu|67/100
|-damage|p2a: Tapu Bulu|55/100|[from] Stealth Rock
|-fieldstart|move: Grassy Terrain|[from] ability: Grassy Surge|[of] p2a: Tapu Bulu
|move|p1a: Zarude|U-turn|p2a: Tapu Bulu
|-damage|p2a: Tapu Bulu|29/100
|
|t:|1646239660
|switch|p1a: Salazzle|Salazzle, F, shiny|100/100|[from]move: U-turn
|
|-heal|p2a: Tapu Bulu|35/100|[from] Grassy Terrain
|upkeep
|turn|19
|
|t:|1646239662
|move|p1a: Salazzle|Sludge Bomb|p2a: Tapu Bulu
|-supereffective|p2a: Tapu Bulu
|-damage|p2a: Tapu Bulu|0 fnt
|faint|p2a: Tapu Bulu
|
|upkeep
|
|t:|1646239665
|switch|p2a: Slowbro|Slowbro-Galar, F|100/100
|-damage|p2a: Slowbro|88/100|[from] Stealth Rock
|turn|20
|
|t:|1646239674
|switch|p1a: Celesteela|Celesteela|82/100
|-damage|p1a: Celesteela|69/100|[from] Stealth Rock
|move|p2a: Slowbro|Psychic|p1a: Celesteela
|-resisted|p1a: Celesteela
|-damage|p1a: Celesteela|57/100
|
|-heal|p1a: Celesteela|63/100|[from] item: Leftovers
|-heal|p2a: Slowbro|94/100|[from] Grassy Terrain
|-heal|p2a: Slowbro|99/100|[from] item: Black Sludge
|upkeep
|turn|21
|
|t:|1646239678
|move|p1a: Celesteela|Leech Seed|p2a: Slowbro
|-start|p2a: Slowbro|move: Leech Seed
|move|p2a: Slowbro|Nasty Plot|p2a: Slowbro
|-boost|p2a: Slowbro|spa|2
|
|-heal|p1a: Celesteela|69/100|[from] item: Leftovers
|-heal|p2a: Slowbro|100/100|[from] Grassy Terrain
|-damage|p2a: Slowbro|88/100|[from] Leech Seed|[of] p1a: Celesteela
|-heal|p1a: Celesteela|81/100|[silent]
|upkeep
|turn|22
|
|t:|1646239681
|move|p1a: Celesteela|Heavy Slam|p2a: Slowbro
|-damage|p2a: Slowbro|49/100
|move|p2a: Slowbro|Flamethrower|p1a: Celesteela
|-supereffective|p1a: Celesteela
|-damage|p1a: Celesteela|15/100
|-status|p1a: Celesteela|brn
|
|-heal|p1a: Celesteela|21/100 brn|[from] item: Leftovers
|-heal|p2a: Slowbro|55/100|[from] Grassy Terrain
|-heal|p2a: Slowbro|61/100|[from] item: Black Sludge
|-damage|p2a: Slowbro|49/100|[from] Leech Seed|[of] p1a: Celesteela
|-heal|p1a: Celesteela|33/100 brn|[silent]
|-damage|p1a: Celesteela|27/100 brn|[from] brn
|-fieldend|move: Grassy Terrain
|upkeep
|turn|23
|
|t:|1646239686
|move|p1a: Celesteela|Protect|p1a: Celesteela
|-singleturn|p1a: Celesteela|Protect
|move|p2a: Slowbro|Flamethrower|p1a: Celesteela
|-activate|p1a: Celesteela|move: Protect
|
|-heal|p1a: Celesteela|33/100 brn|[from] item: Leftovers
|-heal|p2a: Slowbro|55/100|[from] item: Black Sludge
|-damage|p2a: Slowbro|42/100|[from] Leech Seed|[of] p1a: Celesteela
|-heal|p1a: Celesteela|46/100 brn|[silent]
|-damage|p1a: Celesteela|40/100 brn|[from] brn
|upkeep
|turn|24
|
|t:|1646239689
|move|p1a: Celesteela|Heavy Slam|p2a: Slowbro
|-damage|p2a: Slowbro|24/100
|move|p2a: Slowbro|Flamethrower|p1a: Celesteela
|-supereffective|p1a: Celesteela
|-damage|p1a: Celesteela|0 fnt
|faint|p1a: Celesteela
|
|-heal|p2a: Slowbro|30/100|[from] item: Black Sludge
|upkeep
|
|t:|1646239692
|switch|p1a: Salazzle|Salazzle, F, shiny|100/100
|turn|25
|
|t:|1646239695
|switch|p2a: Tangrowth|Tangrowth, M|100/100
|-damage|p2a: Tangrowth|88/100|[from] Stealth Rock
|move|p1a: Salazzle|Flamethrower|p2a: Tangrowth
|-supereffective|p2a: Tangrowth
|-damage|p2a: Tangrowth|37/100
|
|upkeep
|turn|26
|
|t:|1646239699
|move|p1a: Salazzle|Sludge Bomb|p2a: Tangrowth
|-supereffective|p2a: Tangrowth
|-damage|p2a: Tangrowth|0 fnt
|faint|p2a: Tangrowth
|
|upkeep
|
|t:|1646239704
|switch|p2a: Slowbro|Slowbro-Galar, F|63/100
|-damage|p2a: Slowbro|51/100|[from] Stealth Rock
|turn|27
|
|t:|1646239706
|move|p1a: Salazzle|Flamethrower|p2a: Slowbro
|-damage|p2a: Slowbro|0 fnt
|faint|p2a: Slowbro
|
|upkeep
|-message|Shanubiki forfeited.
|
|win|SSRW41 drei
|raw|SSRW41 drei's rating: 1409 &rarr; <strong>1424</strong><br />(+15 for winning)
|raw|Shanubiki's rating: 1318 &rarr; <strong>1303</strong><br />(-15 for losing)
|l|☆Shanubiki
