|j|☆lion56789
|j|☆pokemonisfun
|t:|1657768225
|gametype|singles
|player|p1|lion56789|265|1426
|player|p2|pokemonisfun|#uutrio2ladder|1702
|teamsize|p1|6
|teamsize|p2|6
|gen|8
|tier|[Gen 8] UU
|rated|
|rule|Sleep Clause Mod: Limit one foe put to sleep
|rule|Species Clause: Limit one of each Pokémon
|rule|OHKO Clause: OHKO moves are banned
|rule|Evasion Moves Clause: Evasion moves are banned
|rule|Endless Battle Clause: Forcing endless battles is banned
|rule|HP Percentage Mod: HP is shown in percentages
|rule|Dynamax Clause: You cannot dynamax
|clearpoke
|poke|p1|Umbreon, M|
|poke|p1|Slowbro-Galar, M|
|poke|p1|Weezing-Galar, F|
|poke|p1|Nidoqueen, F|
|poke|p1|Nihilego|
|poke|p1|Toxicroak, F|
|poke|p2|Slowbro-Galar, F|
|poke|p2|Tangrowth, M|
|poke|p2|Cobalion|
|poke|p2|Rotom-Wash|
|poke|p2|Hydreigon, M|
|poke|p2|Mamoswine, M|
|teampreview
|j| shell smash big no
|
|t:|1657768243
|start
|switch|p1a: Nihilego|Nihilego|100/100
|switch|p2a: wishy washy|Rotom-Wash|100/100
|turn|1
|
|t:|1657768254
|switch|p2a: tang his wang|Tangrowth, M|100/100
|move|p1a: Nihilego|Knock Off|p2a: tang his wang
|-damage|p2a: tang his wang|92/100
|-enditem|p2a: tang his wang|Assault Vest|[from] move: Knock Off|[of] p1a: Nihilego
|
|upkeep
|turn|2
|
|t:|1657768266
|switch|p1a: Weezing|Weezing-Galar, F|100/100
|move|p2a: tang his wang|Earthquake|p1a: Weezing
|-immune|p1a: Weezing|[from] ability: Levitate
|
|upkeep
|turn|3
|c| shell smash big no|what is a "wang"
|
|t:|1657768282
|switch|p2a: wishy washy|Rotom-Wash|100/100
|move|p1a: Weezing|Will-O-Wisp|p2a: wishy washy
|-status|p2a: wishy washy|brn
|
|-damage|p2a: wishy washy|94/100 brn|[from] brn
|upkeep
|turn|4
|c|☆pokemonisfun|you arent old enough
|c|☆pokemonisfun|sorry
|
|t:|1657768292
|switch|p1a: Nidoqueen|Nidoqueen, F|100/100
|move|p2a: wishy washy|Volt Switch|p1a: Nidoqueen
|-immune|p1a: Nidoqueen
|
|-heal|p2a: wishy washy|100/100 brn|[from] item: Leftovers
|-damage|p2a: wishy washy|94/100 brn|[from] brn
|upkeep
|turn|5
|c| shell smash big no|im older than you
|
|t:|1657768303
|move|p2a: wishy washy|Hydro Pump|p1a: Nidoqueen
|-supereffective|p1a: Nidoqueen
|-crit|p1a: Nidoqueen
|-damage|p1a: Nidoqueen|0 fnt
|faint|p1a: Nidoqueen
|
|-heal|p2a: wishy washy|100/100 brn|[from] item: Leftovers
|-damage|p2a: wishy washy|94/100 brn|[from] brn
|upkeep
|c|☆pokemonisfun|no youre not
|c| shell smash big no|you're 25 and im 27
|c|☆pokemonisfun|ok
|
|t:|1657768317
|switch|p1a: Nihilego|Nihilego|100/100
|turn|6
|c|☆pokemonisfun|you are
|
|t:|1657768323
|switch|p2a: hoard the sword|Cobalion|100/100
|move|p1a: Nihilego|Meteor Beam||[still]
|-prepare|p1a: Nihilego|Meteor Beam
|-boost|p1a: Nihilego|spa|1
|-enditem|p1a: Nihilego|Power Herb
|-anim|p1a: Nihilego|Meteor Beam|p2a: hoard the sword|[miss]
|-miss|p1a: Nihilego|p2a: hoard the sword
|
|upkeep
|turn|7
|c|☆pokemonisfun|we could be ramos dad
|
|t:|1657768333
|switch|p1a: Weezing|Weezing-Galar, F|100/100
|move|p2a: hoard the sword|Stealth Rock|p1a: Weezing
|-sidestart|p1: lion56789|move: Stealth Rock
|
|upkeep
|turn|8
|
|t:|1657768339
|move|p2a: hoard the sword|Volt Switch|p1a: Weezing
|-damage|p1a: Weezing|82/100
|
|t:|1657768341
|switch|p2a: wishy washy|Rotom-Wash|94/100 brn|[from]move: Volt Switch
|move|p1a: Weezing|Defog|p2a: wishy washy
|-unboost|p2a: wishy washy|evasion|1
|-sideend|p1: lion56789|Stealth Rock|[from] move: Defog|[of] p1a: Weezing
|
|-heal|p2a: wishy washy|100/100 brn|[from] item: Leftovers
|-damage|p2a: wishy washy|94/100 brn|[from] brn
|upkeep
|turn|9
|c| shell smash big no|i was kind of his dad
|
|t:|1657768351
|switch|p1a: Umbreon|Umbreon, M|100/100
|move|p2a: wishy washy|Volt Switch|p1a: Umbreon
|-damage|p1a: Umbreon|83/100
|
|t:|1657768362
|switch|p2a: hoard the sword|Cobalion|100/100|[from]move: Volt Switch
|
|-heal|p1a: Umbreon|90/100|[from] item: Leftovers
|upkeep
|turn|10
|c|☆pokemonisfun|lucky
|c| shell smash big no|so what is a wang
|
|t:|1657768367
|switch|p1a: Weezing|Weezing-Galar, F|82/100
|move|p2a: hoard the sword|Stealth Rock|p1a: Weezing
|-sidestart|p1: lion56789|move: Stealth Rock
|
|upkeep
|turn|11
|c|☆pokemonisfun|it is slang for penis
|
|t:|1657768375
|move|p2a: hoard the sword|Volt Switch|p1a: Weezing
|-damage|p1a: Weezing|64/100
|
|t:|1657768380
|switch|p2a: wishy washy|Rotom-Wash|94/100 brn|[from]move: Volt Switch
|move|p1a: Weezing|Defog|p2a: wishy washy
|-unboost|p2a: wishy washy|evasion|1
|-sideend|p1: lion56789|Stealth Rock|[from] move: Defog|[of] p1a: Weezing
|
|-heal|p2a: wishy washy|100/100 brn|[from] item: Leftovers
|-damage|p2a: wishy washy|94/100 brn|[from] brn
|upkeep
|turn|12
|c| shell smash big no|isnt this kinda brutal as a nickname ?
|
|t:|1657768389
|switch|p1a: Nihilego|Nihilego|100/100
|move|p2a: wishy washy|Volt Switch|p1a: Nihilego
|-damage|p1a: Nihilego|82/100
|
|t:|1657768401
|switch|p2a: hoard the sword|Cobalion|100/100|[from]move: Volt Switch
|
|upkeep
|turn|13
|c|☆pokemonisfun|yes
|
|t:|1657768407
|move|p2a: hoard the sword|Stealth Rock|p1a: Nihilego
|-sidestart|p1: lion56789|move: Stealth Rock
|move|p1a: Nihilego|Knock Off|p2a: hoard the sword
|-resisted|p2a: hoard the sword
|-damage|p2a: hoard the sword|95/100
|-damage|p1a: Nihilego|65/100|[from] item: Rocky Helmet|[of] p2a: hoard the sword
|-ability|p2a: hoard the sword|Justified|boost
|-boost|p2a: hoard the sword|atk|1
|-enditem|p2a: hoard the sword|Rocky Helmet|[from] move: Knock Off|[of] p1a: Nihilego
|
|upkeep
|turn|14
|
|t:|1657768416
|switch|p1a: Weezing|Weezing-Galar, F|64/100
|-damage|p1a: Weezing|52/100|[from] Stealth Rock
|move|p2a: hoard the sword|Volt Switch|p1a: Weezing
|-damage|p1a: Weezing|33/100
|
|t:|1657768421
|switch|p2a: wishy washy|Rotom-Wash|94/100 brn|[from]move: Volt Switch
|
|-heal|p2a: wishy washy|100/100 brn|[from] item: Leftovers
|-damage|p2a: wishy washy|94/100 brn|[from] brn
|upkeep
|turn|15
|
|t:|1657768428
|switch|p1a: Umbreon|Umbreon, M|90/100
|-damage|p1a: Umbreon|77/100|[from] Stealth Rock
|move|p2a: wishy washy|Volt Switch|p1a: Umbreon
|-damage|p1a: Umbreon|62/100
|c| shell smash big no|dont you think its bad to name your rotom wash the same as your alomomola
|
|t:|1657768441
|switch|p2a: pasty wasty|Slowbro-Galar, F|100/100|[from]move: Volt Switch
|
|-heal|p1a: Umbreon|68/100|[from] item: Leftovers
|upkeep
|turn|16
|
|t:|1657768447
|move|p1a: Umbreon|Foul Play|p2a: pasty wasty
|-supereffective|p2a: pasty wasty
|-enditem|p2a: pasty wasty|Colbur Berry|[eat]
|-enditem|p2a: pasty wasty|Colbur Berry|[weaken]
|-damage|p2a: pasty wasty|82/100
|move|p2a: pasty wasty|Calm Mind|p2a: pasty wasty
|-boost|p2a: pasty wasty|spa|1
|-boost|p2a: pasty wasty|spd|1
|
|-heal|p1a: Umbreon|74/100|[from] item: Leftovers
|upkeep
|turn|17
|c|☆pokemonisfun|alo
|c|☆pokemonisfun|is wishy fishy
|c|☆pokemonisfun|or swimmyswim
|
|t:|1657768456
|move|p1a: Umbreon|Wish|p1a: Umbreon
|move|p2a: pasty wasty|Calm Mind|p2a: pasty wasty
|-boost|p2a: pasty wasty|spa|1
|-boost|p2a: pasty wasty|spd|1
|
|-heal|p1a: Umbreon|80/100|[from] item: Leftovers
|upkeep
|turn|18
|
|t:|1657768466
|switch|p1a: Nihilego|Nihilego|65/100
|-damage|p1a: Nihilego|52/100|[from] Stealth Rock
|move|p2a: pasty wasty|Calm Mind|p2a: pasty wasty
|-boost|p2a: pasty wasty|spa|1
|-boost|p2a: pasty wasty|spd|1
|
|-heal|p1a: Nihilego|100/100|[from] move: Wish|[wisher] Umbreon
|upkeep
|turn|19
|
|t:|1657768476
|move|p1a: Nihilego|Meteor Beam||[still]
|-prepare|p1a: Nihilego|Meteor Beam
|-boost|p1a: Nihilego|spa|1
|move|p2a: pasty wasty|Flamethrower|p1a: Nihilego
|-resisted|p1a: Nihilego
|-damage|p1a: Nihilego|83/100
|
|upkeep
|turn|20
|
|t:|1657768483
|move|p1a: Nihilego|Meteor Beam|p2a: pasty wasty|[from]lockedmove
|-damage|p2a: pasty wasty|40/100
|move|p2a: pasty wasty|Flamethrower|p1a: Nihilego
|-resisted|p1a: Nihilego
|-damage|p1a: Nihilego|66/100
|
|upkeep
|turn|21
|
|t:|1657768492
|switch|p2a: hoard the sword|Cobalion|95/100
|move|p1a: Nihilego|Thunderbolt|p2a: hoard the sword
|-damage|p2a: hoard the sword|39/100
|
|upkeep
|turn|22
|
|t:|1657768498
|move|p2a: hoard the sword|Volt Switch|p1a: Nihilego
|-damage|p1a: Nihilego|56/100
|
|t:|1657768504
|switch|p2a: hole breaker|Hydreigon, M|100/100|[from]move: Volt Switch
|move|p1a: Nihilego|Thunderbolt|p2a: hole breaker
|-resisted|p2a: hole breaker
|-damage|p2a: hole breaker|74/100
|
|upkeep
|turn|23
|
|t:|1657768513
|move|p2a: hole breaker|Draco Meteor|p1a: Nihilego
|-damage|p1a: Nihilego|6/100
|-unboost|p2a: hole breaker|spa|2
|move|p1a: Nihilego|Sludge Wave|p2a: hole breaker
|-damage|p2a: hole breaker|1/100
|
|upkeep
|turn|24
|
|t:|1657768522
|switch|p1a: Weezing|Weezing-Galar, F|33/100
|-damage|p1a: Weezing|21/100|[from] Stealth Rock
|move|p2a: hole breaker|Draco Meteor|p1a: Weezing
|-immune|p1a: Weezing
|
|upkeep
|turn|25
|
|t:|1657768530
|switch|p2a: wishy washy|Rotom-Wash|94/100 brn
|switch|p1a: Umbreon|Umbreon, M|80/100
|-damage|p1a: Umbreon|68/100|[from] Stealth Rock
|
|-heal|p2a: wishy washy|100/100 brn|[from] item: Leftovers
|-heal|p1a: Umbreon|74/100|[from] item: Leftovers
|-damage|p2a: wishy washy|94/100 brn|[from] brn
|upkeep
|turn|26
|
|t:|1657768543
|move|p2a: wishy washy|Volt Switch|p1a: Umbreon
|-damage|p1a: Umbreon|58/100
|
|t:|1657768548
|switch|p2a: tang his wang|Tangrowth, M|100/100|[from]move: Volt Switch
|move|p1a: Umbreon|Wish|p1a: Umbreon
|
|-heal|p1a: Umbreon|64/100|[from] item: Leftovers
|upkeep
|turn|27
|
|t:|1657768554
|switch|p1a: Weezing|Weezing-Galar, F|21/100
|-damage|p1a: Weezing|8/100|[from] Stealth Rock
|move|p2a: tang his wang|Sludge Bomb|p1a: Weezing
|-damage|p1a: Weezing|0 fnt
|faint|p1a: Weezing
|
|upkeep
|
|t:|1657768563
|switch|p1a: Slowbro|Slowbro-Galar, M|100/100
|-damage|p1a: Slowbro|88/100|[from] Stealth Rock
|turn|28
|
|t:|1657768573
|move|p2a: tang his wang|Knock Off|p1a: Slowbro
|-supereffective|p1a: Slowbro
|-damage|p1a: Slowbro|46/100
|-enditem|p1a: Slowbro|Quick Claw|[from] move: Knock Off|[of] p2a: tang his wang
|move|p1a: Slowbro|Shell Side Arm|p2a: tang his wang|[anim] Shell Side Arm Special
|-supereffective|p2a: tang his wang
|-damage|p2a: tang his wang|23/100
|-hint|Special Shell Side Arm
|
|upkeep
|turn|29
|
|t:|1657768586
|switch|p2a: wishy washy|Rotom-Wash|94/100 brn
|move|p1a: Slowbro|Slack Off|p1a: Slowbro
|-heal|p1a: Slowbro|96/100
|
|-heal|p2a: wishy washy|100/100 brn|[from] item: Leftovers
|-damage|p2a: wishy washy|94/100 brn|[from] brn
|upkeep
|turn|30
|c| shell smash big no|for 1$, would you play lion57680 team in a tournament like invitationnal or snake
|c|☆pokemonisfun|uh
|c|☆pokemonisfun|no
|
|t:|1657768602
|move|p2a: wishy washy|Volt Switch|p1a: Slowbro
|-damage|p1a: Slowbro|66/100
|c| shell smash big no|oops sorry wrong numbers
|c|☆pokemonisfun|im not thhat poor
|c| shell smash big no|lion 56789
|
|t:|1657768612
|switch|p2a: hole breaker|Hydreigon, M|1/100|[from]move: Volt Switch
|move|p1a: Slowbro|Shell Side Arm|p2a: hole breaker|[anim] Shell Side Arm Special
|-damage|p2a: hole breaker|0 fnt
|-hint|Special Shell Side Arm
|faint|p2a: hole breaker
|
|upkeep
|
|t:|1657768615
|switch|p2a: husky tusky|Mamoswine, M|100/100
|turn|31
|
|t:|1657768623
|switch|p1a: Nihilego|Nihilego|6/100
|-damage|p1a: Nihilego|0 fnt|[from] Stealth Rock
|faint|p1a: Nihilego
|move|p2a: husky tusky|Earthquake|p1: Nihilego|[notarget]
|-fail|p2a: husky tusky
|
|upkeep
|
|t:|1657768629
|switch|p1a: Toxicroak|Toxicroak, F|100/100
|-damage|p1a: Toxicroak|94/100|[from] Stealth Rock
|turn|32
|
|t:|1657768646
|switch|p2a: pasty wasty|Slowbro-Galar, F|74/100
|move|p1a: Toxicroak|Drain Punch|p2a: pasty wasty
|-resisted|p2a: pasty wasty
|-damage|p2a: pasty wasty|69/100
|-heal|p1a: Toxicroak|97/100|[from] drain|[of] p2a: pasty wasty
|
|-heal|p1a: Toxicroak|100/100|[from] item: Black Sludge
|upkeep
|turn|33
|
|t:|1657768655
|move|p1a: Toxicroak|Bulk Up|p1a: Toxicroak
|-boost|p1a: Toxicroak|atk|1
|-boost|p1a: Toxicroak|def|1
|move|p2a: pasty wasty|Flamethrower|p1a: Toxicroak
|-damage|p1a: Toxicroak|71/100
|-status|p1a: Toxicroak|brn
|
|-heal|p1a: Toxicroak|77/100 brn|[from] item: Black Sludge
|-damage|p1a: Toxicroak|71/100 brn|[from] brn
|upkeep
|turn|34
|c| shell smash big no|hax...
|c|☆lion56789|……
|
|t:|1657768668
|move|p1a: Toxicroak|Bulk Up|p1a: Toxicroak
|-boost|p1a: Toxicroak|atk|1
|-boost|p1a: Toxicroak|def|1
|move|p2a: pasty wasty|Calm Mind|p2a: pasty wasty
|-boost|p2a: pasty wasty|spa|1
|-boost|p2a: pasty wasty|spd|1
|
|-heal|p1a: Toxicroak|77/100 brn|[from] item: Black Sludge
|-damage|p1a: Toxicroak|71/100 brn|[from] brn
|upkeep
|turn|35
|
|t:|1657768685
|move|p1a: Toxicroak|Bulk Up|p1a: Toxicroak
|-boost|p1a: Toxicroak|atk|1
|-boost|p1a: Toxicroak|def|1
|move|p2a: pasty wasty|Flamethrower|p1a: Toxicroak
|-damage|p1a: Toxicroak|31/100 brn
|
|-heal|p1a: Toxicroak|37/100 brn|[from] item: Black Sludge
|-damage|p1a: Toxicroak|31/100 brn|[from] brn
|upkeep
|turn|36
|
|t:|1657768695
|move|p1a: Toxicroak|Knock Off|p2a: pasty wasty
|-supereffective|p2a: pasty wasty
|-damage|p2a: pasty wasty|43/100
|move|p2a: pasty wasty|Slack Off|p2a: pasty wasty
|-heal|p2a: pasty wasty|93/100
|
|-heal|p1a: Toxicroak|37/100 brn|[from] item: Black Sludge
|-damage|p1a: Toxicroak|31/100 brn|[from] brn
|upkeep
|turn|37
|
|t:|1657768703
|switch|p1a: Umbreon|Umbreon, M|64/100
|-damage|p1a: Umbreon|51/100|[from] Stealth Rock
|move|p2a: pasty wasty|Calm Mind|p2a: pasty wasty
|-boost|p2a: pasty wasty|spa|1
|-boost|p2a: pasty wasty|spd|1
|
|-heal|p1a: Umbreon|57/100|[from] item: Leftovers
|upkeep
|turn|38
|-message|lion56789 forfeited.
|
|win|pokemonisfun
|raw|lion56789's rating: 1426 &rarr; <strong>1419</strong><br />(-7 for losing)
|raw|pokemonisfun's rating: 1702 &rarr; <strong>1709</strong><br />(+7 for winning)
|l|☆lion56789
|c| shell smash big no|gg
|c|☆pokemonisfun|gg
|c|☆pokemonisfun|ty
||Ladder isn't responding, score probably updated but might not have (Request timeout).
