|j|☆Giga㋛Chandelure-☂
|j|☆HaxxLR
|t:|1665956161
|gametype|singles
|player|p1|Giga㋛Chandelure-☂|leon|
|player|p2|HaxxLR|1|
|teamsize|p1|6
|teamsize|p2|6
|gen|8
|tier|[Gen 8] UU
|rule|Sleep Clause Mod: Limit one foe put to sleep
|rule|Species Clause: Limit one of each Pokémon
|rule|OHKO Clause: OHKO moves are banned
|rule|Evasion Items Clause: Evasion items are banned
|rule|Evasion Moves Clause: Evasion moves are banned
|rule|Endless Battle Clause: Forcing endless battles is banned
|rule|HP Percentage Mod: HP is shown in percentages
|rule|Dynamax Clause: You cannot dynamax
|clearpoke
|poke|p1|Krookodile, M|
|poke|p1|Necrozma|
|poke|p1|Gyarados, F|
|poke|p1|Tapu Bulu|
|poke|p1|Slowbro-Galar, F|
|poke|p1|Scizor, M|
|poke|p2|Keldeo-Resolute|
|poke|p2|Toxtricity, F|
|poke|p2|Noivern, F|
|poke|p2|Hippowdon, F|
|poke|p2|Scizor, M|
|poke|p2|Slowking, F|
|teampreview
|c|☆Giga㋛Chandelure-☂|Salut ! bonne chance & bon match !
|c|☆HaxxLR|merci toi aussi
|
|t:|1665956273
|start
|switch|p1a: Gyarados|Gyarados, F, shiny|100/100
|switch|p2a: Scizor|Scizor, M|100/100
|turn|1
|
|t:|1665956287
|move|p1a: Gyarados|Dragon Dance|p1a: Gyarados
|-boost|p1a: Gyarados|atk|1
|-boost|p1a: Gyarados|spe|1
|move|p2a: Scizor|Knock Off|p1a: Gyarados
|-damage|p1a: Gyarados|64/100
|-enditem|p1a: Gyarados|Lum Berry|[from] move: Knock Off|[of] p2a: Scizor
|
|upkeep
|turn|2
|
|t:|1665956300
|switch|p2a: Slowking|Slowking, F|100/100
|move|p1a: Gyarados|Waterfall|p2a: Slowking
|-resisted|p2a: Slowking
|-damage|p2a: Slowking|75/100
|
|upkeep
|turn|3
|
|t:|1665956324
|switch|p2a: Noivern|Noivern, F|100/100
|move|p1a: Gyarados|Power Whip|p2a: Noivern
|-resisted|p2a: Noivern
|-damage|p2a: Noivern|78/100
|
|upkeep
|turn|4
|
|t:|1665956351
|switch|p2a: Scizor|Scizor, M|100/100
|move|p1a: Gyarados|Ice Fang|p2a: Scizor
|-resisted|p2a: Scizor
|-damage|p2a: Scizor|85/100
|
|upkeep
|turn|5
|
|t:|1665956379
|move|p1a: Gyarados|Waterfall|p2a: Scizor
|-damage|p2a: Scizor|30/100
|cant|p2a: Scizor|flinch
|
|upkeep
|turn|6
|
|t:|1665956388
|move|p2a: Scizor|Bullet Punch|p1a: Gyarados
|-resisted|p1a: Gyarados
|-damage|p1a: Gyarados|47/100
|move|p1a: Gyarados|Waterfall|p2a: Scizor
|-damage|p2a: Scizor|0 fnt
|faint|p2a: Scizor
|-ability|p1a: Gyarados|Moxie|boost
|-boost|p1a: Gyarados|atk|1
|
|upkeep
|
|t:|1665956395
|switch|p2a: Hippowdon|Hippowdon, F|100/100
|-weather|Sandstorm|[from] ability: Sand Stream|[of] p2a: Hippowdon
|turn|7
|
|t:|1665956401
|switch|p2a: Noivern|Noivern, F|78/100
|move|p1a: Gyarados|Waterfall|p2a: Noivern
|-resisted|p2a: Noivern
|-damage|p2a: Noivern|24/100
|
|-weather|Sandstorm|[upkeep]
|-damage|p1a: Gyarados|41/100|[from] Sandstorm
|-damage|p2a: Noivern|18/100|[from] Sandstorm
|upkeep
|turn|8
|
|t:|1665956411
|move|p1a: Gyarados|Waterfall|p2a: Noivern
|-resisted|p2a: Noivern
|-damage|p2a: Noivern|0 fnt
|faint|p2a: Noivern
|-ability|p1a: Gyarados|Moxie|boost
|-boost|p1a: Gyarados|atk|1
|
|-weather|Sandstorm|[upkeep]
|-damage|p1a: Gyarados|35/100|[from] Sandstorm
|upkeep
|
|t:|1665956414
|switch|p2a: Slowking|Slowking, F|100/100
|turn|9
|
|t:|1665956418
|move|p1a: Gyarados|Power Whip|p2a: Slowking
|-supereffective|p2a: Slowking
|-damage|p2a: Slowking|0 fnt
|faint|p2a: Slowking
|-ability|p1a: Gyarados|Moxie|boost
|-boost|p1a: Gyarados|atk|1
|
|-weather|Sandstorm|[upkeep]
|-damage|p1a: Gyarados|29/100|[from] Sandstorm
|upkeep
|
|t:|1665956421
|switch|p2a: Toxtricity|Toxtricity, F|100/100
|turn|10
|
|t:|1665956433
|move|p1a: Gyarados|Waterfall|p2a: Toxtricity
|-damage|p2a: Toxtricity|0 fnt
|faint|p2a: Toxtricity
|-ability|p1a: Gyarados|Moxie|boost
|-boost|p1a: Gyarados|atk|1
|
|-weather|Sandstorm|[upkeep]
|-damage|p1a: Gyarados|23/100|[from] Sandstorm
|upkeep
|c|☆HaxxLR|gg
|
|t:|1665956440
|switch|p2a: Keldeo|Keldeo-Resolute|100/100
|turn|11
|
|t:|1665956442
|move|p1a: Gyarados|Waterfall|p2a: Keldeo
|-resisted|p2a: Keldeo
|-damage|p2a: Keldeo|15/100
|move|p2a: Keldeo|Air Slash|p1a: Gyarados
|-damage|p1a: Gyarados|0 fnt
|faint|p1a: Gyarados
|
|-weather|none
|-heal|p2a: Keldeo|22/100|[from] item: Leftovers
|upkeep
|
|t:|1665956455
|switch|p1a: Slowbro|Slowbro-Galar, F|100/100
|turn|12
|-activate|p1a: Slowbro|ability: Quick Draw
|
|t:|1665956464
|switch|p2a: Hippowdon|Hippowdon, F|100/100
|-weather|Sandstorm|[from] ability: Sand Stream|[of] p2a: Hippowdon
|move|p1a: Slowbro|Sludge Wave|p2a: Hippowdon
|-resisted|p2a: Hippowdon
|-damage|p2a: Hippowdon|82/100
|
|-weather|Sandstorm|[upkeep]
|-damage|p1a: Slowbro|94/100|[from] Sandstorm
|upkeep
|turn|13
|
|t:|1665956473
|move|p2a: Hippowdon|Earthquake|p1a: Slowbro
|-supereffective|p1a: Slowbro
|-damage|p1a: Slowbro|21/100
|move|p1a: Slowbro|Hydro Pump|p2a: Hippowdon|[miss]
|-miss|p1a: Slowbro|p2a: Hippowdon
|
|-weather|Sandstorm|[upkeep]
|-damage|p1a: Slowbro|15/100|[from] Sandstorm
|upkeep
|turn|14
|
|t:|1665956476
|move|p2a: Hippowdon|Earthquake|p1a: Slowbro
|-supereffective|p1a: Slowbro
|-damage|p1a: Slowbro|0 fnt
|faint|p1a: Slowbro
|
|-weather|Sandstorm|[upkeep]
|upkeep
|
|t:|1665956483
|switch|p1a: Tapu Bulu|Tapu Bulu|100/100
|-fieldstart|move: Grassy Terrain|[from] ability: Grassy Surge|[of] p1a: Tapu Bulu
|turn|15
|
|t:|1665956492
|move|p1a: Tapu Bulu|Swords Dance|p1a: Tapu Bulu
|-boost|p1a: Tapu Bulu|atk|2
|move|p2a: Hippowdon|Toxic|p1a: Tapu Bulu
|-status|p1a: Tapu Bulu|tox
|
|-weather|Sandstorm|[upkeep]
|-damage|p1a: Tapu Bulu|94/100 tox|[from] Sandstorm
|-heal|p1a: Tapu Bulu|100/100 tox|[from] Grassy Terrain
|-heal|p2a: Hippowdon|88/100|[from] Grassy Terrain
|-damage|p1a: Tapu Bulu|94/100 tox|[from] psn
|upkeep
|turn|16
|
|t:|1665956496
|move|p1a: Tapu Bulu|Horn Leech|p2a: Hippowdon
|-supereffective|p2a: Hippowdon
|-damage|p2a: Hippowdon|0 fnt
|-heal|p1a: Tapu Bulu|100/100 tox|[from] drain|[of] p2a: Hippowdon
|-damage|p1a: Tapu Bulu|84/100 tox|[from] item: Rocky Helmet|[of] p2a: Hippowdon
|faint|p2a: Hippowdon
|-damage|p1a: Tapu Bulu|74/100 tox|[from] item: Life Orb
|
|-weather|none
|-heal|p1a: Tapu Bulu|80/100 tox|[from] Grassy Terrain
|-damage|p1a: Tapu Bulu|68/100 tox|[from] psn
|upkeep
|
|t:|1665956498
|switch|p2a: Keldeo|Keldeo-Resolute|22/100
|turn|17
|
|t:|1665956505
|move|p2a: Keldeo|Air Slash|p1a: Tapu Bulu
|-supereffective|p1a: Tapu Bulu
|-damage|p1a: Tapu Bulu|0 fnt
|faint|p1a: Tapu Bulu
|
|-heal|p2a: Keldeo|28/100|[from] Grassy Terrain
|-heal|p2a: Keldeo|34/100|[from] item: Leftovers
|upkeep
|
|t:|1665956511
|switch|p1a: Necrozma|Necrozma|100/100
|turn|18
|
|t:|1665956514
|move|p2a: Keldeo|Scald|p1a: Necrozma
|-damage|p1a: Necrozma|56/100
|move|p1a: Necrozma|Photon Geyser|p2a: Keldeo
|-supereffective|p2a: Keldeo
|-damage|p2a: Keldeo|0 fnt
|faint|p2a: Keldeo
|
|win|Giga㋛Chandelure-☂
|c|☆Giga㋛Chandelure-☂|gg
|l|☆HaxxLR
