|j|☆WetFlamingo
|j|☆UU12 Akimbo
|t:|1654281305
|gametype|singles
|player|p1|WetFlamingo|maylene|
|player|p2|UU12 Akimbo|lucas|
|teamsize|p1|6
|teamsize|p2|6
|gen|8
|tier|[Gen 8] UU
|rated|Tournament battle
|rule|Sleep Clause Mod: Limit one foe put to sleep
|rule|Species Clause: Limit one of each Pokémon
|rule|OHKO Clause: OHKO moves are banned
|rule|Evasion Moves Clause: Evasion moves are banned
|rule|Endless Battle Clause: Forcing endless battles is banned
|rule|HP Percentage Mod: HP is shown in percentages
|rule|Dynamax Clause: You cannot dynamax
|clearpoke
|poke|p1|Politoed, F|
|poke|p1|Thundurus-Therian, M|
|poke|p1|Klefki, M|
|poke|p1|Umbreon, M|
|poke|p1|Tangrowth, M|
|poke|p1|Beartic, M|
|poke|p2|Azelf|
|poke|p2|Zarude|
|poke|p2|Scizor, F|
|poke|p2|Salamence, M|
|poke|p2|Primarina, M|
|poke|p2|Nidoqueen, F|
|teampreview
|inactive|Battle timer is ON: inactive players will automatically lose when time's up. (requested by UU12 Akimbo)
|j| Error loading...
|j| NoahDeKnight
|
|t:|1654281331
|start
|switch|p1a: Politoed|Politoed, F|100/100
|switch|p2a: Zarude|Zarude|100/100
|-weather|RainDance|[from] ability: Drizzle|[of] p1a: Politoed
|turn|1
|
|t:|1654281354
|move|p2a: Zarude|U-turn|p1a: Politoed
|-damage|p1a: Politoed|74/100
|
|t:|1654281369
|switch|p2a: Primarina|Primarina, M|100/100|[from]move: U-turn
|move|p1a: Politoed|Focus Blast|p2a: Primarina
|-resisted|p2a: Primarina
|-damage|p2a: Primarina|93/100
|
|-weather|RainDance|[upkeep]
|-heal|p2a: Primarina|99/100|[from] item: Leftovers
|upkeep
|turn|2
|
|t:|1654281384
|switch|p2a: Scizor|Scizor, F|100/100
|move|p1a: Politoed|Toxic|p2a: Scizor
|-immune|p2a: Scizor
|
|-weather|RainDance|[upkeep]
|upkeep
|turn|3
|
|t:|1654281407
|switch|p1a: Klefki|Klefki, M|100/100
|switch|p2a: Zarude|Zarude|100/100
|
|-weather|RainDance|[upkeep]
|upkeep
|turn|4
|
|t:|1654281413
|move|p1a: Klefki|Spikes|p2a: Zarude
|-sidestart|p2: UU12 Akimbo|Spikes
|move|p2a: Zarude|U-turn|p1a: Klefki
|-resisted|p1a: Klefki
|-damage|p1a: Klefki|94/100
|
|t:|1654281416
|switch|p2a: Nidoqueen|Nidoqueen, F|100/100|[from]move: U-turn
|-damage|p2a: Nidoqueen|88/100|[from] Spikes
|
|-weather|RainDance|[upkeep]
|-heal|p1a: Klefki|99/100|[from] item: Leftovers
|upkeep
|turn|5
|
|t:|1654281430
|switch|p1a: Beartic|Beartic, M|100/100
|move|p2a: Nidoqueen|Stealth Rock|p1a: Beartic
|-sidestart|p1: WetFlamingo|move: Stealth Rock
|
|-weather|RainDance|[upkeep]
|upkeep
|turn|6
|
|t:|1654281437
|switch|p2a: Scizor|Scizor, F|100/100
|-damage|p2a: Scizor|88/100|[from] Spikes
|move|p1a: Beartic|Swords Dance|p1a: Beartic
|-boost|p1a: Beartic|atk|2
|
|-weather|RainDance|[upkeep]
|upkeep
|turn|7
|
|t:|1654281443
|move|p1a: Beartic|Aqua Jet|p2a: Scizor
|-damage|p2a: Scizor|47/100
|move|p2a: Scizor|Bullet Punch|p1a: Beartic
|-supereffective|p1a: Beartic
|-damage|p1a: Beartic|26/100
|
|-weather|RainDance|[upkeep]
|upkeep
|turn|8
|
|t:|1654281453
|move|p1a: Beartic|Aqua Jet|p2a: Scizor
|-damage|p2a: Scizor|8/100
|move|p2a: Scizor|Roost|p2a: Scizor
|-heal|p2a: Scizor|58/100
|-singleturn|p2a: Scizor|move: Roost
|
|-weather|none
|upkeep
|turn|9
|
|t:|1654281464
|move|p2a: Scizor|Bullet Punch|p1a: Beartic
|-supereffective|p1a: Beartic
|-damage|p1a: Beartic|0 fnt
|faint|p1a: Beartic
|
|upkeep
|l| NoahDeKnight
|
|t:|1654281479
|switch|p1a: Klefki|Klefki, M|99/100
|-damage|p1a: Klefki|94/100|[from] Stealth Rock
|turn|10
|
|t:|1654281483
|switch|p2a: Nidoqueen|Nidoqueen, F|88/100
|-damage|p2a: Nidoqueen|75/100|[from] Spikes
|move|p1a: Klefki|Spikes|p2a: Nidoqueen
|-sidestart|p2: UU12 Akimbo|Spikes
|
|-heal|p1a: Klefki|99/100|[from] item: Leftovers
|upkeep
|turn|11
|
|t:|1654281488
|switch|p1a: Thundurus|Thundurus-Therian, M|100/100
|-damage|p1a: Thundurus|76/100|[from] Stealth Rock
|move|p2a: Nidoqueen|Fire Blast|p1a: Thundurus
|-damage|p1a: Thundurus|12/100
|
|upkeep
|turn|12
|inactive|WetFlamingo has 120 seconds left.
|
|t:|1654281520
|switch|p2a: Zarude|Zarude|100/100
|move|p1a: Thundurus|Nasty Plot|p1a: Thundurus
|-boost|p1a: Thundurus|spa|2
|
|upkeep
|turn|13
|inactive|WetFlamingo has 120 seconds left.
|
|t:|1654281532
|move|p2a: Zarude|Darkest Lariat|p1a: Thundurus
|-damage|p1a: Thundurus|0 fnt
|faint|p1a: Thundurus
|
|upkeep
|inactive|WetFlamingo has 120 seconds left.
|
|t:|1654281545
|switch|p1a: Politoed|Politoed, F|74/100
|-damage|p1a: Politoed|62/100|[from] Stealth Rock
|-weather|RainDance|[from] ability: Drizzle|[of] p1a: Politoed
|turn|14
|
|t:|1654281549
|move|p2a: Zarude|Power Whip|p1a: Politoed
|-supereffective|p1a: Politoed
|-damage|p1a: Politoed|0 fnt
|faint|p1a: Politoed
|
|-weather|RainDance|[upkeep]
|upkeep
|
|t:|1654281557
|switch|p1a: Tangrowth|Tangrowth, M|100/100
|-damage|p1a: Tangrowth|88/100|[from] Stealth Rock
|turn|15
|
|t:|1654281559
|move|p2a: Zarude|U-turn|p1a: Tangrowth
|-supereffective|p1a: Tangrowth
|-damage|p1a: Tangrowth|63/100
|
|t:|1654281561
|switch|p2a: Salamence|Salamence, M|100/100|[from]move: U-turn
|-ability|p2a: Salamence|Intimidate|boost
|-unboost|p1a: Tangrowth|atk|1
|move|p1a: Tangrowth|Knock Off|p2a: Salamence
|-damage|p2a: Salamence|89/100
|-enditem|p2a: Salamence|Heavy-Duty Boots|[from] move: Knock Off|[of] p1a: Tangrowth
|
|-weather|RainDance|[upkeep]
|-heal|p1a: Tangrowth|70/100|[from] item: Leftovers
|upkeep
|turn|16
|
|t:|1654281569
|switch|p1a: Klefki|Klefki, M|99/100
|-damage|p1a: Klefki|94/100|[from] Stealth Rock
|move|p2a: Salamence|Defog|p1a: Klefki
|-unboost|p1a: Klefki|evasion|1
|-sideend|p1: WetFlamingo|Stealth Rock|[from] move: Defog|[of] p2a: Salamence
|-sideend|p2: UU12 Akimbo|Spikes|[from] move: Defog|[of] p2a: Salamence
|
|-weather|RainDance|[upkeep]
|-heal|p1a: Klefki|99/100|[from] item: Leftovers
|upkeep
|turn|17
|
|t:|1654281576
|switch|p2a: Nidoqueen|Nidoqueen, F|75/100
|switch|p1a: Tangrowth|Tangrowth, M|100/100
|
|-weather|RainDance|[upkeep]
|upkeep
|turn|18
|
|t:|1654281580
|move|p2a: Nidoqueen|Sludge Wave|p1a: Tangrowth
|-supereffective|p1a: Tangrowth
|-damage|p1a: Tangrowth|0 fnt
|faint|p1a: Tangrowth
|
|-weather|RainDance|[upkeep]
|upkeep
|j| MegaTotomon
|
|t:|1654281594
|switch|p1a: Umbreon|Umbreon, M|100/100
|turn|19
|
|t:|1654281596
|switch|p2a: Primarina|Primarina, M|99/100
|move|p1a: Umbreon|Foul Play|p2a: Primarina
|-resisted|p2a: Primarina
|-damage|p2a: Primarina|88/100
|
|-weather|RainDance|[upkeep]
|-heal|p2a: Primarina|94/100|[from] item: Leftovers
|upkeep
|turn|20
|
|t:|1654281600
|switch|p1a: Klefki|Klefki, M|99/100
|move|p2a: Primarina|Calm Mind|p2a: Primarina
|-boost|p2a: Primarina|spa|1
|-boost|p2a: Primarina|spd|1
|
|-weather|RainDance|[upkeep]
|-heal|p1a: Klefki|100/100|[from] item: Leftovers
|-heal|p2a: Primarina|99/100|[from] item: Leftovers
|upkeep
|turn|21
|
|t:|1654281605
|move|p1a: Klefki|Thunder Wave|p2a: Primarina
|-status|p2a: Primarina|par
|move|p2a: Primarina|Calm Mind|p2a: Primarina
|-boost|p2a: Primarina|spa|1
|-boost|p2a: Primarina|spd|1
|
|-weather|none
|-heal|p2a: Primarina|100/100 par|[from] item: Leftovers
|upkeep
|turn|22
|
|t:|1654281607
|move|p1a: Klefki|Dazzling Gleam|p2a: Primarina
|-damage|p2a: Primarina|93/100 par
|move|p2a: Primarina|Calm Mind|p2a: Primarina
|-boost|p2a: Primarina|spa|1
|-boost|p2a: Primarina|spd|1
|
|-heal|p2a: Primarina|99/100 par|[from] item: Leftovers
|upkeep
|turn|23
|
|t:|1654281610
|move|p1a: Klefki|Dazzling Gleam|p2a: Primarina
|-damage|p2a: Primarina|93/100 par
|cant|p2a: Primarina|par
|
|-heal|p2a: Primarina|99/100 par|[from] item: Leftovers
|upkeep
|turn|24
|
|t:|1654281617
|move|p1a: Klefki|Dazzling Gleam|p2a: Primarina
|-damage|p2a: Primarina|93/100 par
|move|p2a: Primarina|Calm Mind|p2a: Primarina
|-boost|p2a: Primarina|spa|1
|-boost|p2a: Primarina|spd|1
|
|-heal|p2a: Primarina|99/100 par|[from] item: Leftovers
|upkeep
|turn|25
|
|t:|1654281623
|move|p1a: Klefki|Dazzling Gleam|p2a: Primarina
|-damage|p2a: Primarina|94/100 par
|move|p2a: Primarina|Calm Mind|p2a: Primarina
|-boost|p2a: Primarina|spa|1
|-boost|p2a: Primarina|spd|1
|
|-heal|p2a: Primarina|99/100 par|[from] item: Leftovers
|upkeep
|turn|26
|
|t:|1654281626
|move|p1a: Klefki|Dazzling Gleam|p2a: Primarina
|-damage|p2a: Primarina|95/100 par
|move|p2a: Primarina|Calm Mind|p2a: Primarina
|-boost|p2a: Primarina|spa|1
|-boost|p2a: Primarina|spd|1
|
|-heal|p2a: Primarina|100/100 par|[from] item: Leftovers
|upkeep
|turn|27
|
|t:|1654281628
|move|p1a: Klefki|Dazzling Gleam|p2a: Primarina
|-damage|p2a: Primarina|96/100 par
|move|p2a: Primarina|Moonblast|p1a: Klefki
|-resisted|p1a: Klefki
|-damage|p1a: Klefki|35/100
|
|-heal|p1a: Klefki|41/100|[from] item: Leftovers
|-heal|p2a: Primarina|100/100 par|[from] item: Leftovers
|upkeep
|turn|28
|
|t:|1654281631
|move|p1a: Klefki|Dazzling Gleam|p2a: Primarina
|-damage|p2a: Primarina|96/100 par
|move|p2a: Primarina|Rest|p2a: Primarina
|-status|p2a: Primarina|slp|[from] move: Rest
|-heal|p2a: Primarina|100/100 slp|[silent]
|
|-heal|p1a: Klefki|47/100|[from] item: Leftovers
|upkeep
|turn|29
|c|☆WetFlamingo|gg
|c|☆UU12 Akimbo|gg
|-message|WetFlamingo forfeited.
|
|win|UU12 Akimbo
|n|☆WetFlamingo|wetflamingo
|n|☆UU12 Akimbo|uu12akimbo
|n| Error loading...|errorloading
|n| MegaTotomon|megatotomon
