|j|☆Eltoras
|j|☆Kyerndo
|t:|1649460086
|gametype|singles
|player|p1|Eltoras|blue|1331
|player|p2|Kyerndo|psychic-gen4|1165
|teamsize|p1|6
|teamsize|p2|6
|gen|8
|tier|[Gen 8] UU
|rated|
|rule|Sleep Clause Mod: Limit one foe put to sleep
|rule|Species Clause: Limit one of each Pokémon
|rule|OHKO Clause: OHKO moves are banned
|rule|Evasion Moves Clause: Evasion moves are banned
|rule|Endless Battle Clause: Forcing endless battles is banned
|rule|HP Percentage Mod: HP is shown in percentages
|rule|Dynamax Clause: You cannot dynamax
|clearpoke
|poke|p1|Salamence, M|
|poke|p1|Azelf|
|poke|p1|Polteageist|
|poke|p1|Nihilego|
|poke|p1|Cloyster, M|
|poke|p1|Scizor, F|
|poke|p2|Dragalge, M|
|poke|p2|Azumarill, M|
|poke|p2|Marowak-Alola, M|
|poke|p2|Hatterene, F|
|poke|p2|Porygon2|
|poke|p2|Bronzong|
|teampreview
|inactive|Battle timer is ON: inactive players will automatically lose when time's up. (requested by Kyerndo)
|
|t:|1649460103
|start
|switch|p1a: Azelf|Azelf|100/100
|switch|p2a: Porygon2|Porygon2|100/100
|-ability|p2a: Porygon2|Levitate|[from] ability: Trace|[of] p1a: Azelf
|turn|1
|
|t:|1649460109
|switch|p2a: Hatterene|Hatterene, F|100/100
|move|p1a: Azelf|Taunt|p2a: Hatterene
|move|p2a: Hatterene|Taunt|p1a: Azelf|[from]ability: Magic Bounce
|-start|p1a: Azelf|move: Taunt
|
|upkeep
|turn|2
|
|t:|1649460121
|move|p1a: Azelf|Explosion|p2a: Hatterene
|-damage|p2a: Hatterene|22/100
|faint|p1a: Azelf
|move|p2a: Hatterene|Trick Room|p2a: Hatterene
|-fieldstart|move: Trick Room|[of] p2a: Hatterene
|
|upkeep
|
|t:|1649460134
|switch|p1a: Polteageist|Polteageist|100/100
|turn|3
|
|t:|1649460139
|move|p2a: Hatterene|Psychic|p1a: Polteageist
|-damage|p1a: Polteageist|42/100
|move|p1a: Polteageist|Shadow Ball|p2a: Hatterene
|-supereffective|p2a: Hatterene
|-damage|p2a: Hatterene|0 fnt
|faint|p2a: Hatterene
|
|upkeep
|
|t:|1649460153
|switch|p2a: Marowak|Marowak-Alola, M|100/100
|turn|4
|
|t:|1649460163
|move|p2a: Marowak|Poltergeist|p1a: Polteageist
|-activate|p1a: Polteageist|move: Poltergeist|Focus Sash
|-supereffective|p1a: Polteageist
|-damage|p1a: Polteageist|0 fnt
|faint|p1a: Polteageist
|
|upkeep
|
|t:|1649460171
|switch|p1a: Salamence|Salamence, M|100/100
|turn|5
|
|t:|1649460175
|move|p2a: Marowak|Poltergeist|p1a: Salamence
|-activate|p1a: Salamence|move: Poltergeist|Lum Berry
|-damage|p1a: Salamence|0 fnt
|faint|p1a: Salamence
|
|upkeep
|
|t:|1649460187
|switch|p1a: Nihilego|Nihilego|100/100
|turn|6
|
|t:|1649460193
|move|p2a: Marowak|Earthquake|p1a: Nihilego
|-supereffective|p1a: Nihilego
|-damage|p1a: Nihilego|0 fnt
|faint|p1a: Nihilego
|
|-fieldend|move: Trick Room
|upkeep
|-message|Eltoras forfeited.
|
|win|Kyerndo
|raw|Eltoras's rating: 1331 &rarr; <strong>1302</strong><br />(-29 for losing)
|raw|Kyerndo's rating: 1165 &rarr; <strong>1201</strong><br />(+36 for winning)
|l|☆Eltoras
||Ladder isn't responding, score probably updated but might not have (Request timeout).
