|j|☆Zephyyyr
|j|☆chinese satellite
|t:|1631842008
|gametype|singles
|player|p1|Zephyyyr|richboy|
|player|p2|chinese satellite|266|
|teamsize|p1|6
|teamsize|p2|6
|gen|8
|tier|[Gen 8] UU
|rated|Tournament battle
|rule|Sleep Clause Mod: Limit one foe put to sleep
|rule|Species Clause: Limit one of each Pokémon
|rule|OHKO Clause: OHKO moves are banned
|rule|Evasion Moves Clause: Evasion moves are banned
|rule|Endless Battle Clause: Forcing endless battles is banned
|rule|HP Percentage Mod: HP is shown in percentages
|rule|Dynamax Clause: You cannot dynamax
|clearpoke
|poke|p1|Ribombee, F|
|poke|p1|Aegislash, M|
|poke|p1|Moltres-Galar|
|poke|p1|Mamoswine, F|
|poke|p1|Kommo-o, F|
|poke|p1|Tentacruel, M|
|poke|p2|Azelf|
|poke|p2|Roserade, M|
|poke|p2|Rotom-Wash|
|poke|p2|Mamoswine, M|
|poke|p2|Kommo-o, M|
|poke|p2|Celesteela|
|teampreview
|j| MegaTotomon
|j| OG Fatalis
|
|t:|1631842028
|start
|switch|p1a: Ribombee|Ribombee, F|100/100
|switch|p2a: Celesteela|Celesteela|100/100
|turn|1
|
|t:|1631842033
|move|p1a: Ribombee|Sticky Web|p2a: Celesteela
|-sidestart|p2: chinese satellite|move: Sticky Web
|move|p2a: Celesteela|Heavy Slam|p1a: Ribombee
|-supereffective|p1a: Ribombee
|-enditem|p1a: Ribombee|Focus Sash
|-damage|p1a: Ribombee|1/100
|
|upkeep
|turn|2
|
|t:|1631842036
|switch|p1a: Tentacruel|Tentacruel, M|100/100
|move|p2a: Celesteela|Flamethrower|p1a: Tentacruel
|-resisted|p1a: Tentacruel
|-damage|p1a: Tentacruel|90/100
|
|-heal|p1a: Tentacruel|96/100|[from] item: Black Sludge
|upkeep
|turn|3
|
|t:|1631842041
|switch|p2a: Rotom|Rotom-Wash|100/100
|move|p1a: Tentacruel|Hydro Pump|p2a: Rotom|[miss]
|-miss|p1a: Tentacruel|p2a: Rotom
|
|-heal|p1a: Tentacruel|100/100|[from] item: Black Sludge
|upkeep
|turn|4
|
|t:|1631842046
|move|p2a: Rotom|Trick|p1a: Tentacruel
|-activate|p2a: Rotom|move: Trick|[of] p1a: Tentacruel
|-item|p1a: Tentacruel|Choice Scarf|[from] move: Trick
|-item|p2a: Rotom|Black Sludge|[from] move: Trick
|move|p1a: Tentacruel|Sludge Bomb|p2a: Rotom
|-damage|p2a: Rotom|67/100
|-status|p2a: Rotom|psn
|
|-damage|p2a: Rotom|55/100 psn|[from] item: Black Sludge
|-damage|p2a: Rotom|42/100 psn|[from] psn
|upkeep
|turn|5
|
|t:|1631842070
|switch|p1a: Kommo-o|Kommo-o, F|100/100
|switch|p2a: Celesteela|Celesteela|100/100
|
|upkeep
|turn|6
|
|t:|1631842075
|move|p1a: Kommo-o|Flamethrower|p2a: Celesteela
|-supereffective|p2a: Celesteela
|-damage|p2a: Celesteela|57/100
|-damage|p1a: Kommo-o|91/100|[from] item: Life Orb
|move|p2a: Celesteela|Leech Seed|p1a: Kommo-o
|-start|p1a: Kommo-o|move: Leech Seed
|
|-heal|p2a: Celesteela|63/100|[from] item: Leftovers
|-damage|p1a: Kommo-o|78/100|[from] Leech Seed|[of] p2a: Celesteela
|-heal|p2a: Celesteela|72/100|[silent]
|upkeep
|turn|7
|
|t:|1631842083
|move|p1a: Kommo-o|Stealth Rock|p2a: Celesteela
|-sidestart|p2: chinese satellite|move: Stealth Rock
|move|p2a: Celesteela|Heavy Slam|p1a: Kommo-o
|-damage|p1a: Kommo-o|37/100
|
|-heal|p2a: Celesteela|78/100|[from] item: Leftovers
|-damage|p1a: Kommo-o|25/100|[from] Leech Seed|[of] p2a: Celesteela
|-heal|p2a: Celesteela|87/100|[silent]
|upkeep
|turn|8
|
|t:|1631842091
|switch|p1a: Tentacruel|Tentacruel, M|100/100
|move|p2a: Celesteela|Heavy Slam|p1a: Tentacruel
|-resisted|p1a: Tentacruel
|-damage|p1a: Tentacruel|69/100
|
|-heal|p2a: Celesteela|93/100|[from] item: Leftovers
|upkeep
|turn|9
|
|t:|1631842096
|move|p2a: Celesteela|Protect|p2a: Celesteela
|-singleturn|p2a: Celesteela|Protect
|move|p1a: Tentacruel|Hydro Pump|p2a: Celesteela
|-activate|p2a: Celesteela|move: Protect
|
|-heal|p2a: Celesteela|99/100|[from] item: Leftovers
|upkeep
|turn|10
|
|t:|1631842104
|switch|p2a: Roserade|Roserade, M|100/100
|-activate|p2a: Roserade|move: Sticky Web
|-unboost|p2a: Roserade|spe|1
|-damage|p2a: Roserade|88/100|[from] Stealth Rock
|move|p1a: Tentacruel|Hydro Pump|p2a: Roserade
|-resisted|p2a: Roserade
|-damage|p2a: Roserade|66/100
|
|-heal|p2a: Roserade|72/100|[from] item: Black Sludge
|upkeep
|turn|11
|
|t:|1631842119
|switch|p1a: Ribombee|Ribombee, F|1/100
|move|p2a: Roserade|Spikes|p1a: Ribombee
|-sidestart|p1: Zephyyyr|Spikes
|
|-heal|p2a: Roserade|78/100|[from] item: Black Sludge
|upkeep
|turn|12
|
|t:|1631842127
|switch|p2a: Celesteela|Celesteela|99/100
|-damage|p2a: Celesteela|87/100|[from] Stealth Rock
|move|p1a: Ribombee|Psychic|p2a: Celesteela
|-resisted|p2a: Celesteela
|-crit|p2a: Celesteela
|-damage|p2a: Celesteela|74/100
|
|-heal|p2a: Celesteela|80/100|[from] item: Leftovers
|upkeep
|turn|13
|
|t:|1631842132
|move|p2a: Celesteela|Protect|p2a: Celesteela
|-singleturn|p2a: Celesteela|Protect
|move|p1a: Ribombee|Skill Swap|p2a: Celesteela
|-activate|p2a: Celesteela|move: Protect
|
|-heal|p2a: Celesteela|86/100|[from] item: Leftovers
|upkeep
|turn|14
|
|t:|1631842140
|move|p1a: Ribombee|Skill Swap|p2a: Celesteela
|-activate|p1a: Ribombee|move: Skill Swap|Beast Boost|Shield Dust|[of] p2a: Celesteela
|move|p2a: Celesteela|Flamethrower|p1a: Ribombee
|-supereffective|p1a: Ribombee
|-damage|p1a: Ribombee|0 fnt
|faint|p1a: Ribombee
|
|-heal|p2a: Celesteela|92/100|[from] item: Leftovers
|upkeep
|
|t:|1631842165
|switch|p1a: Moltres|Moltres-Galar|100/100
|turn|15
|
|t:|1631842168
|move|p1a: Moltres|Taunt|p2a: Celesteela
|-start|p2a: Celesteela|move: Taunt
|cant|p2a: Celesteela|move: Taunt|Leech Seed
|
|-heal|p2a: Celesteela|98/100|[from] item: Leftovers
|upkeep
|turn|16
|
|t:|1631842174
|move|p1a: Moltres|Nasty Plot|p1a: Moltres
|-boost|p1a: Moltres|spa|2
|move|p2a: Celesteela|Heavy Slam|p1a: Moltres
|-damage|p1a: Moltres|49/100
|-ability|p1a: Moltres|Berserk|boost
|-boost|p1a: Moltres|spa|1
|
|-heal|p2a: Celesteela|100/100|[from] item: Leftovers
|upkeep
|turn|17
|
|t:|1631842198
|switch|p2a: Roserade|Roserade, M|78/100
|-damage|p2a: Roserade|66/100|[from] Stealth Rock
|-activate|p2a: Roserade|move: Sticky Web
|-unboost|p2a: Roserade|spe|1
|move|p1a: Moltres|Fiery Wrath|p2a: Roserade
|-damage|p2a: Roserade|0 fnt
|faint|p2a: Roserade
|
|upkeep
|
|t:|1631842201
|switch|p2a: Mamoswine|Mamoswine, M|100/100
|turn|18
|
|t:|1631842211
|switch|p1a: Tentacruel|Tentacruel, M|69/100
|-damage|p1a: Tentacruel|57/100|[from] Spikes
|move|p2a: Mamoswine|Ice Shard|p1a: Tentacruel
|-resisted|p1a: Tentacruel
|-damage|p1a: Tentacruel|39/100
|
|upkeep
|turn|19
|
|t:|1631842217
|switch|p2a: Celesteela|Celesteela|100/100
|-damage|p2a: Celesteela|88/100|[from] Stealth Rock
|move|p1a: Tentacruel|Hydro Pump|p2a: Celesteela
|-damage|p2a: Celesteela|59/100
|
|-heal|p2a: Celesteela|65/100|[from] item: Leftovers
|upkeep
|turn|20
|
|t:|1631842222
|move|p2a: Celesteela|Protect|p2a: Celesteela
|-singleturn|p2a: Celesteela|Protect
|move|p1a: Tentacruel|Hydro Pump|p2a: Celesteela
|-activate|p2a: Celesteela|move: Protect
|
|-heal|p2a: Celesteela|71/100|[from] item: Leftovers
|upkeep
|turn|21
|
|t:|1631842225
|switch|p2a: Kommo-o|Kommo-o, M|100/100
|-damage|p2a: Kommo-o|94/100|[from] Stealth Rock
|-activate|p2a: Kommo-o|move: Sticky Web
|-unboost|p2a: Kommo-o|spe|1
|move|p1a: Tentacruel|Hydro Pump|p2a: Kommo-o
|-resisted|p2a: Kommo-o
|-damage|p2a: Kommo-o|76/100
|
|-heal|p2a: Kommo-o|83/100|[from] item: Leftovers
|upkeep
|turn|22
|
|t:|1631842233
|switch|p1a: Moltres|Moltres-Galar|49/100
|move|p2a: Kommo-o|Stealth Rock|p1a: Moltres
|-sidestart|p1: Zephyyyr|move: Stealth Rock
|
|-heal|p2a: Kommo-o|89/100|[from] item: Leftovers
|upkeep
|turn|23
|
|t:|1631842237
|move|p1a: Moltres|Hurricane|p2a: Kommo-o
|-supereffective|p2a: Kommo-o
|-damage|p2a: Kommo-o|0 fnt
|faint|p2a: Kommo-o
|
|upkeep
|
|t:|1631842240
|switch|p2a: Mamoswine|Mamoswine, M|100/100
|turn|24
|
|t:|1631842245
|move|p1a: Moltres|Fiery Wrath|p2a: Mamoswine
|-damage|p2a: Mamoswine|40/100
|move|p2a: Mamoswine|Icicle Crash|p1a: Moltres
|-supereffective|p1a: Moltres
|-damage|p1a: Moltres|0 fnt
|faint|p1a: Moltres
|
|upkeep
|
|t:|1631842258
|switch|p1a: Tentacruel|Tentacruel, M|39/100
|-damage|p1a: Tentacruel|26/100|[from] Stealth Rock
|-damage|p1a: Tentacruel|14/100|[from] Spikes
|turn|25
|
|t:|1631842262
|move|p2a: Mamoswine|Ice Shard|p1a: Tentacruel
|-resisted|p1a: Tentacruel
|-damage|p1a: Tentacruel|0 fnt
|faint|p1a: Tentacruel
|
|upkeep
|
|t:|1631842267
|switch|p1a: Mamoswine|Mamoswine, F|100/100
|-damage|p1a: Mamoswine|88/100|[from] Stealth Rock
|-damage|p1a: Mamoswine|76/100|[from] Spikes
|turn|26
|j| uu9t tkk3
|
|t:|1631842277
|move|p1a: Mamoswine|Knock Off|p2a: Mamoswine
|-crit|p2a: Mamoswine
|-damage|p2a: Mamoswine|0 fnt
|-enditem|p2a: Mamoswine|Heavy-Duty Boots|[from] move: Knock Off|[of] p1a: Mamoswine
|faint|p2a: Mamoswine
|-damage|p1a: Mamoswine|66/100|[from] item: Life Orb
|
|upkeep
|
|t:|1631842283
|switch|p2a: Rotom|Rotom-Wash|42/100 psn
|-damage|p2a: Rotom|30/100 psn|[from] Stealth Rock
|turn|27
|
|t:|1631842293
|switch|p1a: Kommo-o|Kommo-o, F|25/100
|-damage|p1a: Kommo-o|18/100|[from] Stealth Rock
|-damage|p1a: Kommo-o|6/100|[from] Spikes
|move|p2a: Rotom|Hydro Pump|p1a: Kommo-o
|-resisted|p1a: Kommo-o
|-crit|p1a: Kommo-o
|-damage|p1a: Kommo-o|0 fnt
|faint|p1a: Kommo-o
|
|-damage|p2a: Rotom|18/100 psn|[from] item: Black Sludge
|-damage|p2a: Rotom|6/100 psn|[from] psn
|upkeep
|
|t:|1631842303
|switch|p1a: Aegislash|Aegislash, M|100/100
|-damage|p1a: Aegislash|88/100|[from] Spikes
|-damage|p1a: Aegislash|82/100|[from] Stealth Rock
|turn|28
|
|t:|1631842308
|-formechange|p1a: Aegislash|Aegislash-Blade||[from] ability: Stance Change
|move|p1a: Aegislash|Shadow Sneak|p2a: Rotom
|-damage|p2a: Rotom|0 fnt
|faint|p2a: Rotom
|
|upkeep
|
|t:|1631842313
|switch|p2a: Celesteela|Celesteela|71/100
|-damage|p2a: Celesteela|59/100|[from] Stealth Rock
|turn|29
|
|t:|1631842316
|-formechange|p1a: Aegislash|Aegislash||[from] ability: Stance Change
|move|p1a: Aegislash|King's Shield|p1a: Aegislash
|-singleturn|p1a: Aegislash|Protect
|move|p2a: Celesteela|Leech Seed|p1a: Aegislash
|-start|p1a: Aegislash|move: Leech Seed
|
|-heal|p2a: Celesteela|65/100|[from] item: Leftovers
|-damage|p1a: Aegislash|70/100|[from] Leech Seed|[of] p2a: Celesteela
|-heal|p2a: Celesteela|73/100|[silent]
|upkeep
|turn|30
|
|t:|1631842318
|-formechange|p1a: Aegislash|Aegislash-Blade||[from] ability: Stance Change
|move|p1a: Aegislash|Shadow Ball|p2a: Celesteela
|-damage|p2a: Celesteela|27/100
|-unboost|p2a: Celesteela|spd|1
|move|p2a: Celesteela|Flamethrower|p1a: Aegislash
|-supereffective|p1a: Aegislash
|-damage|p1a: Aegislash|0 fnt
|faint|p1a: Aegislash
|-ability|p2a: Celesteela|Beast Boost|boost
|-boost|p2a: Celesteela|def|1
|
|-heal|p2a: Celesteela|33/100|[from] item: Leftovers
|upkeep
|
|t:|1631842320
|switch|p1a: Mamoswine|Mamoswine, F|66/100
|-damage|p1a: Mamoswine|53/100|[from] Stealth Rock
|-damage|p1a: Mamoswine|41/100|[from] Spikes
|turn|31
|
|t:|1631842326
|move|p2a: Celesteela|Protect|p2a: Celesteela
|-singleturn|p2a: Celesteela|Protect
|move|p1a: Mamoswine|Icicle Crash|p2a: Celesteela
|-activate|p2a: Celesteela|move: Protect
|
|-heal|p2a: Celesteela|39/100|[from] item: Leftovers
|upkeep
|turn|32
|
|t:|1631842329
|move|p1a: Mamoswine|Icicle Crash|p2a: Celesteela
|-damage|p2a: Celesteela|11/100
|-damage|p1a: Mamoswine|31/100|[from] item: Life Orb
|cant|p2a: Celesteela|flinch
|
|-heal|p2a: Celesteela|17/100|[from] item: Leftovers
|upkeep
|turn|33
|
|t:|1631842334
|move|p2a: Celesteela|Protect|p2a: Celesteela
|-singleturn|p2a: Celesteela|Protect
|move|p1a: Mamoswine|Icicle Crash|p2a: Celesteela
|-activate|p2a: Celesteela|move: Protect
|
|-heal|p2a: Celesteela|23/100|[from] item: Leftovers
|upkeep
|turn|34
|
|t:|1631842338
|move|p1a: Mamoswine|Icicle Crash|p2a: Celesteela
|-damage|p2a: Celesteela|0 fnt
|faint|p2a: Celesteela
|-damage|p1a: Mamoswine|21/100|[from] item: Life Orb
|
|upkeep
|
|t:|1631842340
|switch|p2a: Azelf|Azelf|100/100
|-damage|p2a: Azelf|88/100|[from] Stealth Rock
|turn|35
|
|t:|1631842342
|move|p1a: Mamoswine|Ice Shard|p2a: Azelf
|-damage|p2a: Azelf|37/100
|-damage|p1a: Mamoswine|11/100|[from] item: Life Orb
|move|p2a: Azelf|Energy Ball|p1a: Mamoswine
|-supereffective|p1a: Mamoswine
|-damage|p1a: Mamoswine|0 fnt
|faint|p1a: Mamoswine
|
|win|chinese satellite
|n|☆Zephyyyr|zephyyyr
|n|☆chinese satellite|chinesesatellite
|n| MegaTotomon|megatotomon
|n| OG Fatalis|ogfatalis
|n| uu9t tkk3|uu9ttkk3
