|j|☆mimilimi ♫☯
|j|☆KSt3ve
|t:|1655485387
|gametype|singles
|player|p1|mimilimi ♫☯|juggler|
|player|p2|KSt3ve|unknown|
|teamsize|p1|6
|teamsize|p2|6
|gen|8
|tier|[Gen 8] UU
|rule|Sleep Clause Mod: Limit one foe put to sleep
|rule|Species Clause: Limit one of each Pokémon
|rule|OHKO Clause: OHKO moves are banned
|rule|Evasion Moves Clause: Evasion moves are banned
|rule|Endless Battle Clause: Forcing endless battles is banned
|rule|HP Percentage Mod: HP is shown in percentages
|rule|Dynamax Clause: You cannot dynamax
|clearpoke
|poke|p1|Tapu Bulu|
|poke|p1|Mamoswine, M|
|poke|p1|Moltres|
|poke|p1|Cobalion|
|poke|p1|Slowking, F|
|poke|p1|Salamence, F|
|poke|p2|Conkeldurr, M|
|poke|p2|Nihilego|
|poke|p2|Chansey, F|
|poke|p2|Salamence, M|
|poke|p2|Zygarde-10%|
|poke|p2|Scizor, F|
|teampreview
|c|☆KSt3ve|hf
|c|☆mimilimi ♫☯|gl
|c|☆mimilimi ♫☯|/log mimilimi ♫☯ made this room public.
|inactive|Battle timer is ON: inactive players will automatically lose when time's up. (requested by KSt3ve)
|
|t:|1655485476
|start
|switch|p1a: Slowking|Slowking, F|100/100
|switch|p2a: Conkeldurr|Conkeldurr, M|100/100
|turn|1
|l|☆KSt3ve
|inactive|KSt3ve disconnected and has 300 seconds to reconnect!
|player|p2|
|j|☆KSt3ve
|inactive|KSt3ve reconnected and has 290 seconds left.
|player|p2|KSt3ve|unknown
|
|t:|1655485501
|switch|p2a: Chansey|Chansey, F|100/100
|move|p1a: Slowking|Psychic|p2a: Chansey
|-damage|p2a: Chansey|91/100
|
|upkeep
|turn|2
|
|t:|1655485510
|move|p2a: Chansey|Toxic|p1a: Slowking
|-status|p1a: Slowking|tox
|move|p1a: Slowking|Teleport|p1a: Slowking
|j| CaptainEikichi
|
|t:|1655485518
|switch|p1a: Cobalion|Cobalion|100/100|[from]move: Teleport
|
|upkeep
|turn|3
|j| Choux-fleurs
|
|t:|1655485520
|switch|p2a: Salamence|Salamence, M|100/100
|-ability|p2a: Salamence|Intimidate|boost
|-unboost|p1a: Cobalion|atk|1
|move|p1a: Cobalion|Stealth Rock|p2a: Salamence
|-sidestart|p2: KSt3ve|move: Stealth Rock
|
|upkeep
|turn|4
|
|t:|1655485524
|move|p1a: Cobalion|Volt Switch|p2a: Salamence
|-damage|p2a: Salamence|87/100
|
|t:|1655485526
|switch|p1a: Mamoswine|Mamoswine, M|100/100|[from]move: Volt Switch
|move|p2a: Salamence|Defog|p1a: Mamoswine
|-unboost|p1a: Mamoswine|evasion|1
|-sideend|p2: KSt3ve|Stealth Rock|[from] move: Defog|[of] p2a: Salamence
|
|upkeep
|turn|5
|
|t:|1655485534
|switch|p2a: Scizor|Scizor, F|100/100
|move|p1a: Mamoswine|Knock Off|p2a: Scizor
|-damage|p2a: Scizor|61/100
|-enditem|p2a: Scizor|Heavy-Duty Boots|[from] move: Knock Off|[of] p1a: Mamoswine
|-damage|p1a: Mamoswine|91/100|[from] item: Life Orb
|
|upkeep
|turn|6
|
|t:|1655485541
|switch|p1a: Salamence|Salamence, F|100/100
|-ability|p1a: Salamence|Intimidate|boost
|-unboost|p2a: Scizor|atk|1
|move|p2a: Scizor|Roost|p2a: Scizor
|-heal|p2a: Scizor|100/100
|-singleturn|p2a: Scizor|move: Roost
|
|upkeep
|turn|7
|
|t:|1655485560
|switch|p1a: Cobalion|Cobalion|100/100
|switch|p2a: Chansey|Chansey, F|91/100
|
|upkeep
|turn|8
|
|t:|1655485568
|switch|p2a: Salamence|Salamence, M|87/100
|-ability|p2a: Salamence|Intimidate|boost
|-unboost|p1a: Cobalion|atk|1
|move|p1a: Cobalion|Stealth Rock|p2a: Salamence
|-sidestart|p2: KSt3ve|move: Stealth Rock
|
|upkeep
|turn|9
|
|t:|1655485573
|move|p1a: Cobalion|Volt Switch|p2a: Salamence
|-damage|p2a: Salamence|73/100
|j| Antonazz
|
|t:|1655485578
|switch|p1a: Moltres|Moltres|100/100|[from]move: Volt Switch
|move|p2a: Salamence|Defog|p1a: Moltres
|-unboost|p1a: Moltres|evasion|1
|-sideend|p2: KSt3ve|Stealth Rock|[from] move: Defog|[of] p2a: Salamence
|
|upkeep
|turn|10
|
|t:|1655485583
|move|p1a: Moltres|Hurricane|p2a: Salamence|[miss]
|-miss|p1a: Moltres|p2a: Salamence
|move|p2a: Salamence|Roost|p2a: Salamence
|-heal|p2a: Salamence|100/100
|-singleturn|p2a: Salamence|move: Roost
|
|upkeep
|turn|11
|
|t:|1655485587
|move|p1a: Moltres|U-turn|p2a: Salamence
|-resisted|p2a: Salamence
|-damage|p2a: Salamence|95/100
|
|t:|1655485591
|switch|p1a: Slowking|Slowking, F|100/100 tox|[from]move: U-turn
|move|p2a: Salamence|Toxic|p1a: Slowking
|-fail|p1a: Slowking|tox
|
|-damage|p1a: Slowking|94/100 tox|[from] psn
|upkeep
|turn|12
|
|t:|1655485599
|move|p2a: Salamence|Flamethrower|p1a: Slowking
|-resisted|p1a: Slowking
|-damage|p1a: Slowking|87/100 tox
|move|p1a: Slowking|Scald|p2a: Salamence
|-resisted|p2a: Salamence
|-damage|p2a: Salamence|81/100
|
|-damage|p1a: Slowking|75/100 tox|[from] psn
|upkeep
|turn|13
|
|t:|1655485606
|switch|p2a: Chansey|Chansey, F|91/100
|move|p1a: Slowking|Teleport|p1a: Slowking
|
|t:|1655485616
|switch|p1a: Cobalion|Cobalion|100/100|[from]move: Teleport
|
|upkeep
|turn|14
|j| Inder
|
|t:|1655485628
|switch|p2a: Salamence|Salamence, M|81/100
|-ability|p2a: Salamence|Intimidate|boost
|-unboost|p1a: Cobalion|atk|1
|move|p1a: Cobalion|Volt Switch|p2a: Salamence
|-damage|p2a: Salamence|67/100
|j| UU12 Akimbo
|j| Nael222
|c| UU12 Akimbo|steeeeeve
|c|☆KSt3ve|bonjour mimilucha
|c|☆KSt3ve|oui je reveal ton alt
|inactive|mimilimi ♫☯ has 270 seconds left.
|c| UU12 Akimbo|ofc
|
|t:|1655485670
|switch|p1a: Mamoswine|Mamoswine, M|91/100|[from]move: Volt Switch
|
|upkeep
|turn|15
|
|t:|1655485677
|switch|p2a: Scizor|Scizor, F|100/100
|switch|p1a: Moltres|Moltres|100/100
|
|upkeep
|turn|16
|l| Inder
|c| CaptainEikichi|oh le kikoo son alt c'est un son de ziak
|c| Nael222|bonjour Steve, pourrais tu gagner ce match stp
|c|☆KSt3ve|bonjour Nael, tu peux demander à mon oppo si tu veux
|c| UU12 Akimbo|tu vas te faire soulever là
|
|t:|1655485705
|switch|p2a: Nihilego|Nihilego|100/100
|move|p1a: Moltres|U-turn|p2a: Nihilego
|-resisted|p2a: Nihilego
|-damage|p2a: Nihilego|90/100
|c| UU12 Akimbo|parcque t'es nul
|j| Inder
|
|t:|1655485710
|switch|p1a: Cobalion|Cobalion|100/100|[from]move: U-turn
|
|-heal|p2a: Nihilego|96/100|[from] item: Black Sludge
|upkeep
|turn|17
|
|t:|1655485714
|switch|p2a: Salamence|Salamence, M|67/100
|-ability|p2a: Salamence|Intimidate|boost
|-unboost|p1a: Cobalion|atk|1
|move|p1a: Cobalion|Iron Head|p2a: Salamence
|-crit|p2a: Salamence
|-damage|p2a: Salamence|31/100
|
|upkeep
|turn|18
|c|☆mimilimi ♫☯|sry
|c| UU12 Akimbo|gaming
|l| Inder
|
|t:|1655485739
|move|p1a: Cobalion|Volt Switch|p2a: Salamence
|-damage|p2a: Salamence|17/100
|j| Drunk on Tequila
|
|t:|1655485753
|switch|p1a: Mamoswine|Mamoswine, M|91/100|[from]move: Volt Switch
|move|p2a: Salamence|Roost|p2a: Salamence
|-heal|p2a: Salamence|67/100
|-singleturn|p2a: Salamence|move: Roost
|
|upkeep
|turn|19
|j| Inder
|j| VyoletRayn
|
|t:|1655485763
|move|p2a: Salamence|Flamethrower|p1a: Mamoswine
|-supereffective|p1a: Mamoswine
|-damage|p1a: Mamoswine|59/100
|move|p1a: Mamoswine|Icicle Crash|p2a: Salamence
|-supereffective|p2a: Salamence
|-damage|p2a: Salamence|0 fnt
|faint|p2a: Salamence
|-damage|p1a: Mamoswine|49/100|[from] item: Life Orb
|
|upkeep
|c|☆KSt3ve|ah
|c|☆mimilimi ♫☯|:)
|
|t:|1655485784
|switch|p2a: Conkeldurr|Conkeldurr, M|100/100
|turn|20
|j| Nassimmoule
|c|☆KSt3ve|en vrai
|inactive|mimilimi ♫☯ has 270 seconds left.
|c|☆KSt3ve|je me suis fait ct de fou
|c| UU12 Akimbo|les grosses poutres de conkeldurr
|c| Nael222|ewi le type glace à l'avantage type contre le type vol ET le type dragon
|c| Inder|mdrrrrr congelo
|c| Drunk on Tequila|?
|c| Drunk on Tequila|Akimbo ??
|c| UU12 Akimbo|les excuses quia rrivent
|c| Inder|tu vas avoir le pute rôle à vie
|c| UU12 Akimbo|oui Drunk on Tequila ?
|c| Inder|2-3 il faut lâcher ca
|inactive|mimilimi ♫☯ has 240 seconds left.
|c| Drunk on Tequila|Bizarre
|c| Inder|prouve nous
|
|t:|1655485838
|switch|p1a: Slowking|Slowking, F|100/100 tox
|move|p2a: Conkeldurr|Knock Off|p1a: Slowking
|-supereffective|p1a: Slowking
|-enditem|p1a: Slowking|Colbur Berry|[eat]
|-enditem|p1a: Slowking|Colbur Berry|[weaken]
|-damage|p1a: Slowking|68/100 tox
|
|-damage|p1a: Slowking|62/100 tox|[from] psn
|upkeep
|turn|21
|c| UU12 Akimbo|ksr...
|c| Inder|que t’es le boss
|c| UU12 Akimbo|2-3 de quoi
|inactive|mimilimi ♫☯ has 240 seconds left.
|c| Drunk on Tequila|Ta phrase sur la poutre de conk ^^'
|c| UU12 Akimbo|bah oe
|c| Inder|Si il perd il est en 2-3
|c| Drunk on Tequila|Jure
|c| UU12 Akimbo|conk ça poutre des gens
|c| Nael222|ça va ça restera mieux que mon 1-3 :paz:
|c| Drunk on Tequila|G pas payé 40k pr un 2-3 mdrrrr
|c| UU12 Akimbo|à une lettre près euh ...
|c|☆KSt3ve|2-3 en jouant riende sérieux sauf là
|c| Inder|Il fallait venir en NU
|c| UU12 Akimbo|je vais rien dire
|inactive|mimilimi ♫☯ has 210 seconds left.
|c| Drunk on Tequila|Ouais ca passe
|c| Inder|oui oui
|c| Drunk on Tequila|Il a joué ZU
|c| UU12 Akimbo|2-3 en jouant band hippo
|c| UU12 Akimbo|on le note
|c| Inder|pleure et joue
|c| Drunk on Tequila|Donc il est pardonné
|c|☆KSt3ve|je t'ai ratio avec
|c| UU12 Akimbo|:p
|c| Drunk on Tequila|1-0 vs mimilucha je prends
|c| Drunk on Tequila|Pour 40k
|inactive|mimilimi ♫☯ has 180 seconds left.
|c| Inder|je pardonne pas quand on ne fait pas du positif
|c| Inder|je reconnais
|c|☆KSt3ve|mmmmdr
|c|☆KSt3ve|c'est toi qui dit ça
|c| UU12 Akimbo|fiou
|
|t:|1655485932
|move|p2a: Conkeldurr|Knock Off|p1a: Slowking
|-supereffective|p1a: Slowking
|-damage|p1a: Slowking|18/100 tox
|move|p1a: Slowking|Psychic|p2a: Conkeldurr
|-supereffective|p2a: Conkeldurr
|-damage|p2a: Conkeldurr|47/100
|-unboost|p2a: Conkeldurr|spd|1
|
|-heal|p2a: Conkeldurr|54/100|[from] item: Leftovers
|-damage|p1a: Slowking|5/100 tox|[from] psn
|upkeep
|turn|22
|c| UU12 Akimbo|il fait chaud
|c| Inder|oui
|c|☆KSt3ve|mec c'est le seul tour ici ou tu es en positif
|c| UU12 Akimbo|ofc la def drop
|c| Inder|mdrrrrrr
|c| UU12 Akimbo|ofc ofc
|c| Inder|y’a que la fcl
|l|nassimmoule
|c| Inder|où je n’ai pas fais
|
|t:|1655485949
|switch|p1a: Salamence|Salamence, F|100/100
|-ability|p1a: Salamence|Intimidate|boost
|-unboost|p2a: Conkeldurr|atk|1
|move|p2a: Conkeldurr|Knock Off|p1a: Salamence
|-damage|p1a: Salamence|78/100
|-enditem|p1a: Salamence|Heavy-Duty Boots|[from] move: Knock Off|[of] p2a: Conkeldurr
|
|-heal|p2a: Conkeldurr|60/100|[from] item: Leftovers
|upkeep
|turn|23
|c| Inder|positif
|c| Inder|ou neutre
|c| Inder|Ah nan
|
|t:|1655485964
|switch|p1a: Cobalion|Cobalion|100/100
|switch|p2a: Nihilego|Nihilego|96/100
|
|-heal|p2a: Nihilego|100/100|[from] item: Black Sludge
|upkeep
|turn|24
|
|t:|1655485966
|move|p1a: Cobalion|Stealth Rock|p2a: Nihilego
|-sidestart|p2: KSt3ve|move: Stealth Rock
|move|p2a: Nihilego|Stealth Rock|p1a: Cobalion
|-sidestart|p1: mimilimi ♫☯|move: Stealth Rock
|
|upkeep
|turn|25
|c| Inder|Uupl j’ai fais 3-4
|c| UU12 Akimbo|mdr
|c| CaptainEikichi|il y a eu plus de messages sur ce chat que de bons plays de ksr depuis qu'il joue à poké
|c| Drunk on Tequila|?
|
|t:|1655485979
|switch|p2a: Scizor|Scizor, F|100/100
|-damage|p2a: Scizor|88/100|[from] Stealth Rock
|move|p1a: Cobalion|Iron Head|p2a: Scizor
|-resisted|p2a: Scizor
|-damage|p2a: Scizor|76/100
|
|upkeep
|turn|26
|c| Inder|mdrrrrrrrr
|c| Drunk on Tequila|???
|
|t:|1655485993
|move|p1a: Cobalion|Close Combat|p2a: Scizor
|-damage|p2a: Scizor|35/100
|-unboost|p1a: Cobalion|def|1
|-unboost|p1a: Cobalion|spd|1
|move|p2a: Scizor|Roost|p2a: Scizor
|-heal|p2a: Scizor|85/100
|-singleturn|p2a: Scizor|move: Roost
|
|upkeep
|turn|27
|c| Drunk on Tequila|Gagne ton match on en reparle après
|
|t:|1655485998
|move|p1a: Cobalion|Volt Switch|p2a: Scizor
|-damage|p2a: Scizor|70/100
|
|t:|1655486002
|switch|p1a: Salamence|Salamence, F|78/100|[from]move: Volt Switch
|-damage|p1a: Salamence|53/100|[from] Stealth Rock
|-ability|p1a: Salamence|Intimidate|boost
|-unboost|p2a: Scizor|atk|1
|move|p2a: Scizor|Knock Off|p1a: Salamence
|-damage|p1a: Salamence|40/100
|
|upkeep
|turn|28
|
|t:|1655486005
|move|p1a: Salamence|Roost|p1a: Salamence
|-heal|p1a: Salamence|90/100
|-singleturn|p1a: Salamence|move: Roost
|move|p2a: Scizor|U-turn|p1a: Salamence
|-damage|p1a: Salamence|67/100
|c| CaptainEikichi|prépare ton csc
|c| UU12 Akimbo|ce u-turn
|c| Nael222|csc à l'envers ça fait csc
|c| Drunk on Tequila|Prépare ton cu euh custom oui tu va bientot ganer un custom
|c| Drunk on Tequila|^^'
|c| UU12 Akimbo|oui
|inactive|KSt3ve has 270 seconds left.
|c| Drunk on Tequila|Bravo Nael
|
|t:|1655486042
|switch|p2a: Zygarde|Zygarde-10%|100/100|[from]move: U-turn
|-damage|p2a: Zygarde|94/100|[from] Stealth Rock
|-ability|p2a: Zygarde|Aura Break
|
|upkeep
|turn|29
|
|t:|1655486046
|switch|p2a: Nihilego|Nihilego|100/100
|-damage|p2a: Nihilego|88/100|[from] Stealth Rock
|move|p1a: Salamence|Dual Wingbeat|p2a: Nihilego
|-resisted|p2a: Nihilego
|-damage|p2a: Nihilego|74/100
|-resisted|p2a: Nihilego
|-damage|p2a: Nihilego|58/100
|-hitcount|p2a: Nihilego|2
|
|-heal|p2a: Nihilego|64/100|[from] item: Black Sludge
|upkeep
|turn|30
|c| Inder|qui va gagner un custom
|j| Erwann41
|c| CaptainEikichi|kayak à l'envers ça fait kayak
|c|☆KSt3ve|ah ouais
|c| Drunk on Tequila|Mais frr
|c| Inder|LE STAY
|inactive|KSt3ve has 270 seconds left.
|inactive|mimilimi ♫☯ has 210 seconds left.
|c| Nael222|stay pour faire ça t'a peur
|c| Drunk on Tequila|Le fake mimilucha apprends a jouer tse lmec aigri
|c| UU12 Akimbo|mdr
|c| Inder|mdrrrr
|
|t:|1655486082
|switch|p2a: Conkeldurr|Conkeldurr, M|60/100
|-damage|p2a: Conkeldurr|54/100|[from] Stealth Rock
|switch|p1a: Cobalion|Cobalion|100/100
|-damage|p1a: Cobalion|97/100|[from] Stealth Rock
|
|-heal|p2a: Conkeldurr|60/100|[from] item: Leftovers
|upkeep
|turn|31
|c| Erwann41|Steve qui joue une UU whala je suis choqué
|
|t:|1655486087
|move|p1a: Cobalion|Volt Switch|p2a: Conkeldurr
|-damage|p2a: Conkeldurr|48/100
|
|t:|1655486089
|switch|p1a: Salamence|Salamence, F|67/100|[from]move: Volt Switch
|-damage|p1a: Salamence|42/100|[from] Stealth Rock
|-ability|p1a: Salamence|Intimidate|boost
|-unboost|p2a: Conkeldurr|atk|1
|move|p2a: Conkeldurr|Drain Punch|p1a: Salamence
|-resisted|p1a: Salamence
|-damage|p1a: Salamence|29/100
|-heal|p2a: Conkeldurr|55/100|[from] drain|[of] p1a: Salamence
|
|-heal|p2a: Conkeldurr|61/100|[from] item: Leftovers
|upkeep
|turn|32
|c| UU12 Akimbo|il joue même pas un vrai conkeldurr
|c| Inder|on est entrain de parler thaï les mecs
|
|t:|1655486109
|switch|p2a: Nihilego|Nihilego|64/100
|-damage|p2a: Nihilego|52/100|[from] Stealth Rock
|move|p1a: Salamence|Roost|p1a: Salamence
|-heal|p1a: Salamence|79/100
|-singleturn|p1a: Salamence|move: Roost
|
|-heal|p2a: Nihilego|58/100|[from] item: Black Sludge
|upkeep
|turn|33
|c| Inder|l’oppo il fait un nuzzlock challenge
|c| CaptainEikichi|whala c quel dialecte ça encore
|c| UU12 Akimbo|dialecte
|inactive|KSt3ve has 270 seconds left.
|
|t:|1655486130
|switch|p2a: Scizor|Scizor, F|70/100
|-damage|p2a: Scizor|58/100|[from] Stealth Rock
|switch|p1a: Cobalion|Cobalion|97/100
|-damage|p1a: Cobalion|94/100|[from] Stealth Rock
|
|upkeep
|turn|34
|
|t:|1655486135
|move|p1a: Cobalion|Volt Switch|p2a: Scizor
|-damage|p2a: Scizor|44/100
|c| CaptainEikichi|dyaleckt
|c| Inder|on avait bien rigolé
|j| Semort
|
|t:|1655486152
|switch|p1a: Moltres|Moltres|100/100|[from]move: Volt Switch
|move|p2a: Scizor|Roost|p2a: Scizor
|-heal|p2a: Scizor|94/100
|-singleturn|p2a: Scizor|move: Roost
|
|upkeep
|turn|35
|
|t:|1655486161
|switch|p2a: Chansey|Chansey, F|91/100
|-damage|p2a: Chansey|79/100|[from] Stealth Rock
|move|p1a: Moltres|U-turn|p2a: Chansey
|-damage|p2a: Chansey|69/100
|
|t:|1655486165
|switch|p1a: Cobalion|Cobalion|94/100|[from]move: U-turn
|-damage|p1a: Cobalion|91/100|[from] Stealth Rock
|
|upkeep
|turn|36
|
|t:|1655486169
|move|p1a: Cobalion|Close Combat|p2a: Chansey
|-supereffective|p2a: Chansey
|-damage|p2a: Chansey|7/100
|-unboost|p1a: Cobalion|def|1
|-unboost|p1a: Cobalion|spd|1
|move|p2a: Chansey|Soft-Boiled|p2a: Chansey
|-heal|p2a: Chansey|57/100
|
|upkeep
|turn|37
|c|☆mimilimi ♫☯|wah
|c| UU12 Akimbo|bien vu
|c| UU12 Akimbo|mdr
|c|☆mimilimi ♫☯|ce bulk
|l| Semort
|
|t:|1655486186
|switch|p2a: Scizor|Scizor, F|94/100
|-damage|p2a: Scizor|82/100|[from] Stealth Rock
|move|p1a: Cobalion|Close Combat|p2a: Scizor
|-damage|p2a: Scizor|45/100
|-unboost|p1a: Cobalion|def|1
|-unboost|p1a: Cobalion|spd|1
|
|upkeep
|turn|38
|
|t:|1655486192
|move|p1a: Cobalion|Volt Switch|p2a: Scizor
|-damage|p2a: Scizor|29/100
|
|t:|1655486196
|switch|p1a: Moltres|Moltres|100/100|[from]move: Volt Switch
|move|p2a: Scizor|Roost|p2a: Scizor
|-heal|p2a: Scizor|80/100
|-singleturn|p2a: Scizor|move: Roost
|
|upkeep
|turn|39
|c| Erwann41|C est chansey qui est broken ou l autre qui est nul
|c| Erwann41|Là est la question
|inactive|mimilimi ♫☯ has 270 seconds left.
|l| Antonazz
|c|☆mimilimi ♫☯|les duex
|c|☆mimilimi ♫☯|deux*
|
|t:|1655486217
|switch|p2a: Chansey|Chansey, F|57/100
|-damage|p2a: Chansey|45/100|[from] Stealth Rock
|move|p1a: Moltres|Flamethrower|p2a: Chansey
|-damage|p2a: Chansey|31/100
|
|upkeep
|turn|40
|
|t:|1655486219
|move|p1a: Moltres|U-turn|p2a: Chansey
|-damage|p2a: Chansey|21/100
|c| Inder|cobalion c’est assez gay comme pokemon
|c| CaptainEikichi|own goal tah kimpembe
|c| UU12 Akimbo|naaaaan
|
|t:|1655486224
|switch|p1a: Cobalion|Cobalion|91/100|[from]move: U-turn
|-damage|p1a: Cobalion|88/100|[from] Stealth Rock
|move|p2a: Chansey|Soft-Boiled|p2a: Chansey
|-heal|p2a: Chansey|71/100
|
|upkeep
|turn|41
|c| Inder|disons les termes
|c| UU12 Akimbo|il a craqué
|
|t:|1655486245
|move|p1a: Cobalion|Close Combat|p2a: Chansey
|-supereffective|p2a: Chansey
|-damage|p2a: Chansey|8/100
|-unboost|p1a: Cobalion|def|1
|-unboost|p1a: Cobalion|spd|1
|move|p2a: Chansey|Seismic Toss|p1a: Cobalion
|-damage|p1a: Cobalion|57/100
|-damage|p2a: Chansey|0 fnt|[from] item: Rocky Helmet|[of] p1a: Cobalion
|faint|p2a: Chansey
|
|upkeep
|c|☆mimilimi ♫☯|ok
|c| Inder|mdrrrrrr oh nan
|inactive|KSt3ve has 270 seconds left.
|c| Drunk on Tequila|Inder t as interêt a gagner
|
|t:|1655486271
|switch|p2a: Zygarde|Zygarde-10%|94/100
|-damage|p2a: Zygarde|88/100|[from] Stealth Rock
|-ability|p2a: Zygarde|Aura Break
|turn|42
|c| UU12 Akimbo|jveux pas foutre la merde là mais
|c| UU12 Akimbo|c'est la sauce chef
|c| Drunk on Tequila|From virtual 3-0
|c| Inder|ce que je fais depuis le début du tour tse
|
|t:|1655486284
|switch|p2a: Scizor|Scizor, F|80/100
|-damage|p2a: Scizor|67/100|[from] Stealth Rock
|switch|p1a: Tapu Bulu|Tapu Bulu|100/100
|-fieldstart|move: Grassy Terrain|[from] ability: Grassy Surge|[of] p1a: Tapu Bulu
|
|-heal|p2a: Scizor|73/100|[from] Grassy Terrain
|upkeep
|turn|43
|c| Drunk on Tequila|Ouais tse
|j| Antonazz
|
|t:|1655486293
|switch|p1a: Salamence|Salamence, F|79/100
|-damage|p1a: Salamence|54/100|[from] Stealth Rock
|-ability|p1a: Salamence|Intimidate|boost
|-unboost|p2a: Scizor|atk|1
|move|p2a: Scizor|U-turn|p1a: Salamence
|-resisted|p1a: Salamence
|-damage|p1a: Salamence|45/100
|c| Inder|c’est la sauce du chef tsaaaaais
|j| Semort
|
|t:|1655486303
|switch|p2a: Nihilego|Nihilego|58/100|[from]move: U-turn
|-damage|p2a: Nihilego|45/100|[from] Stealth Rock
|
|-heal|p2a: Nihilego|51/100|[from] Grassy Terrain
|-heal|p2a: Nihilego|57/100|[from] item: Black Sludge
|upkeep
|turn|44
|c| Erwann41|Ça pue la lose
|c| Drunk on Tequila|C toi tu pues
|
|t:|1655486312
|switch|p2a: Conkeldurr|Conkeldurr, M|61/100
|-damage|p2a: Conkeldurr|55/100|[from] Stealth Rock
|switch|p1a: Slowking|Slowking, F|39/100 tox
|-damage|p1a: Slowking|26/100 tox|[from] Stealth Rock
|
|-heal|p2a: Conkeldurr|61/100|[from] Grassy Terrain
|-heal|p2a: Conkeldurr|67/100|[from] item: Leftovers
|-heal|p1a: Slowking|32/100 tox|[from] Grassy Terrain
|-damage|p1a: Slowking|26/100 tox|[from] psn
|upkeep
|turn|45
|c| CaptainEikichi|pq il y a encore plus de boots qu'en OU
|c| Erwann41|Steve qui va rester une pute dans la team
|c| UU12 Akimbo|oh bien dis ça
|c| Inder|j’crois que ça sens la sauce à mendy aussi
|
|t:|1655486320
|move|p2a: Conkeldurr|Knock Off|p1a: Slowking
|-supereffective|p1a: Slowking
|-damage|p1a: Slowking|0 fnt
|faint|p1a: Slowking
|
|-heal|p2a: Conkeldurr|74/100|[from] Grassy Terrain
|-heal|p2a: Conkeldurr|80/100|[from] item: Leftovers
|upkeep
|c| Drunk on Tequila|Oups c sortit tt seul mdrrrr
|l| Semort
|
|t:|1655486324
|switch|p1a: Moltres|Moltres|100/100
|turn|46
|c| UU12 Akimbo|gaming ?
|
|t:|1655486340
|switch|p2a: Nihilego|Nihilego|57/100
|-damage|p2a: Nihilego|45/100|[from] Stealth Rock
|move|p1a: Moltres|Hurricane|p2a: Nihilego|[miss]
|-miss|p1a: Moltres|p2a: Nihilego
|
|-heal|p2a: Nihilego|51/100|[from] Grassy Terrain
|-heal|p2a: Nihilego|57/100|[from] item: Black Sludge
|-fieldend|move: Grassy Terrain
|upkeep
|turn|47
|c| Nael222|rip le nuzlock
|j| oqo the hunter
|l| Erwann41
|c| Drunk on Tequila|Habile
|j| Erwann41
|c| Inder|Grosse gourde
|inactive|mimilimi ♫☯ has 270 seconds left.
|j| Semort
|
|t:|1655486372
|switch|p1a: Cobalion|Cobalion|57/100
|-damage|p1a: Cobalion|54/100|[from] Stealth Rock
|move|p2a: Nihilego|Power Gem|p1a: Cobalion
|-resisted|p1a: Cobalion
|-damage|p1a: Cobalion|41/100
|
|-heal|p2a: Nihilego|63/100|[from] item: Black Sludge
|upkeep
|turn|48
|
|t:|1655486381
|switch|p2a: Scizor|Scizor, F|73/100
|-damage|p2a: Scizor|61/100|[from] Stealth Rock
|move|p1a: Cobalion|Volt Switch|p2a: Scizor
|-damage|p2a: Scizor|47/100
|c| Inder|Négatif
|
|t:|1655486385
|switch|p1a: Moltres|Moltres|100/100|[from]move: Volt Switch
|
|upkeep
|turn|49
|c| UU12 Akimbo|askip si tu koff tous les mons t'as win la game
|l| Semort
|
|t:|1655486394
|switch|p2a: Nihilego|Nihilego|63/100
|-damage|p2a: Nihilego|51/100|[from] Stealth Rock
|move|p1a: Moltres|U-turn|p2a: Nihilego
|-resisted|p2a: Nihilego
|-damage|p2a: Nihilego|40/100
|
|t:|1655486396
|switch|p1a: Cobalion|Cobalion|41/100|[from]move: U-turn
|-damage|p1a: Cobalion|38/100|[from] Stealth Rock
|
|-heal|p2a: Nihilego|46/100|[from] item: Black Sludge
|upkeep
|turn|50
|
|t:|1655486401
|switch|p2a: Scizor|Scizor, F|47/100
|-damage|p2a: Scizor|35/100|[from] Stealth Rock
|move|p1a: Cobalion|Close Combat|p2a: Scizor
|-damage|p2a: Scizor|0 fnt
|-unboost|p1a: Cobalion|def|1
|-unboost|p1a: Cobalion|spd|1
|faint|p2a: Scizor
|
|upkeep
|j| Semort
|
|t:|1655486417
|switch|p2a: Conkeldurr|Conkeldurr, M|80/100
|-damage|p2a: Conkeldurr|74/100|[from] Stealth Rock
|turn|51
|c| Nael222|vrai homme aurait roost sur moltres
|c| Nael222|:paz:
|c| UU12 Akimbo|:paz:
|c| Drunk on Tequila|Rock slide conk
|
|t:|1655486430
|switch|p1a: Salamence|Salamence, F|45/100
|-damage|p1a: Salamence|20/100|[from] Stealth Rock
|-ability|p1a: Salamence|Intimidate|boost
|-unboost|p2a: Conkeldurr|atk|1
|move|p2a: Conkeldurr|Mach Punch|p1a: Salamence
|-resisted|p1a: Salamence
|-damage|p1a: Salamence|12/100
|
|-heal|p2a: Conkeldurr|80/100|[from] item: Leftovers
|upkeep
|turn|52
|c| CaptainEikichi|je joue contre qui déjà ?
|c| Drunk on Tequila|Jsp
|c| Drunk on Tequila|Uxilon
|c| Inder|On vous a déjà dit que le conk il est dur ?
|c| CaptainEikichi|ah oui
|
|t:|1655486447
|switch|p2a: Zygarde|Zygarde-10%|88/100
|-damage|p2a: Zygarde|82/100|[from] Stealth Rock
|-ability|p2a: Zygarde|Aura Break
|move|p1a: Salamence|Dual Wingbeat|p2a: Zygarde
|-damage|p2a: Zygarde|49/100
|-damage|p2a: Zygarde|15/100
|-hitcount|p2a: Zygarde|2
|
|upkeep
|turn|53
|c| Drunk on Tequila|Technique ca
|
|t:|1655486452
|move|p2a: Zygarde|Thousand Arrows|p1a: Salamence
|-damage|p1a: Salamence|0 fnt
|faint|p1a: Salamence
|
|upkeep
|
|t:|1655486454
|switch|p1a: Tapu Bulu|Tapu Bulu|100/100
|-fieldstart|move: Grassy Terrain|[from] ability: Grassy Surge|[of] p1a: Tapu Bulu
|turn|54
|c| UU12 Akimbo|c*** est dure
|c| UU12 Akimbo|euh wait
|c| Drunk on Tequila|???
|c| UU12 Akimbo|ça bug
|c| Inder|?!
|c| UU12 Akimbo|ma co oula
|c| Nael222|!!!
|c| CaptainEikichi|*** = ock ?
|c| Drunk on Tequila|Ouais tsé
|
|t:|1655486475
|move|p2a: Zygarde|Thousand Arrows|p1a: Tapu Bulu
|-resisted|p1a: Tapu Bulu
|-damage|p1a: Tapu Bulu|79/100
|move|p1a: Tapu Bulu|Horn Leech|p2a: Zygarde
|-crit|p2a: Zygarde
|-damage|p2a: Zygarde|0 fnt
|-heal|p1a: Tapu Bulu|84/100|[from] drain|[of] p2a: Zygarde
|faint|p2a: Zygarde
|
|-heal|p1a: Tapu Bulu|90/100|[from] Grassy Terrain
|upkeep
|c| UU12 Akimbo|bah nan CaptainEikichi
|c| UU12 Akimbo|conk
|
|t:|1655486482
|switch|p2a: Nihilego|Nihilego|46/100
|-damage|p2a: Nihilego|33/100|[from] Stealth Rock
|turn|55
|c| UU12 Akimbo|conkeldurr tsé
|c| Semort|J’arruve au meilleur moment à ce que je vois
|c| UU12 Akimbo|c'est une femelle
|c| UU12 Akimbo|ah non
|c| CaptainEikichi|conkelduwur dcp
|inactive|KSt3ve has 270 seconds left.
|c| Inder|ouais parce que je crois que semort pour nous
|inactive|mimilimi ♫☯ has 270 seconds left.
|c| Semort|Ptdr
|
|t:|1655486516
|switch|p1a: Cobalion|Cobalion|38/100
|-damage|p1a: Cobalion|35/100|[from] Stealth Rock
|move|p2a: Nihilego|Sludge Bomb|p1a: Cobalion
|-immune|p1a: Cobalion
|
|-heal|p1a: Cobalion|41/100|[from] Grassy Terrain
|-heal|p2a: Nihilego|40/100|[from] Grassy Terrain
|-heal|p2a: Nihilego|46/100|[from] item: Black Sludge
|upkeep
|turn|56
|c| Inder|avouez tout le monde a rigolé
|c| Semort|bien joué
|c| Drunk on Tequila|J aupplaudis
|inactive|KSt3ve has 270 seconds left.
|c| UU12 Akimbo|faut jouer conkeldurr femelle comme ça tu peux dire ma conk est dure
|c| UU12 Akimbo|:paz:
|c|☆KSt3ve|bon
|c| Nael222|la vanne est annulée
|c| CaptainEikichi|lâche pas les études inder
|c|☆KSt3ve|j'ai eu 0/50
|
|t:|1655486536
|move|p1a: Cobalion|Iron Head|p2a: Nihilego
|-supereffective|p2a: Nihilego
|-damage|p2a: Nihilego|0 fnt
|faint|p2a: Nihilego
|
|-heal|p1a: Cobalion|48/100|[from] Grassy Terrain
|upkeep
|c| UU12 Akimbo|carrément
|
|t:|1655486537
|switch|p2a: Conkeldurr|Conkeldurr, M|80/100
|-damage|p2a: Conkeldurr|74/100|[from] Stealth Rock
|turn|57
|c|☆mimilimi ♫☯|gg?
|c| Inder|Mdrrr
|l| Antonazz
|c| UU12 Akimbo|att
|
|t:|1655486547
|move|p1a: Cobalion|Volt Switch|p2a: Conkeldurr
|-damage|p2a: Conkeldurr|61/100
|c| Drunk on Tequila|Il miss ses hurri
|
|t:|1655486548
|switch|p1a: Moltres|Moltres|100/100|[from]move: Volt Switch
|move|p2a: Conkeldurr|Bulk Up|p2a: Conkeldurr
|-boost|p2a: Conkeldurr|atk|1
|-boost|p2a: Conkeldurr|def|1
|
|-heal|p2a: Conkeldurr|67/100|[from] Grassy Terrain
|-heal|p2a: Conkeldurr|74/100|[from] item: Leftovers
|upkeep
|turn|58
|c| UU12 Akimbo|y a un monde
|c|☆KSt3ve|merci jérémi
|c| UU12 Akimbo|allez
|c| UU12 Akimbo|stp
|c|☆mimilimi ♫☯|ou je double miss
|
|t:|1655486558
|move|p1a: Moltres|Hurricane|p2a: Conkeldurr
|-supereffective|p2a: Conkeldurr
|-damage|p2a: Conkeldurr|0 fnt
|faint|p2a: Conkeldurr
|
|win|mimilimi ♫☯
|c|☆mimilimi ♫☯|gg
|c| CaptainEikichi|rock slide en 5eme move
|c| UU12 Akimbo|naaaaan
|l| Semort
|l|☆KSt3ve
|c| UU12 Akimbo|ayaaaa
|l| CaptainEikichi
|l| Drunk on Tequila
|l| Erwann41
