|j|☆esqimo589
|j|☆19BlackSky
|t:|1654876291
|gametype|singles
|player|p1|esqimo589|n|1325
|player|p2|19BlackSky|170|1351
|teamsize|p1|6
|teamsize|p2|6
|gen|8
|tier|[Gen 8] UU
|rated|
|rule|Sleep Clause Mod: Limit one foe put to sleep
|rule|Species Clause: Limit one of each Pokémon
|rule|OHKO Clause: OHKO moves are banned
|rule|Evasion Moves Clause: Evasion moves are banned
|rule|Endless Battle Clause: Forcing endless battles is banned
|rule|HP Percentage Mod: HP is shown in percentages
|rule|Dynamax Clause: You cannot dynamax
|clearpoke
|poke|p1|Skarmory, F|
|poke|p1|Starmie|
|poke|p1|Excadrill, M|
|poke|p1|Hydreigon, M|
|poke|p1|Tangrowth, M|
|poke|p1|Nihilego|
|poke|p2|Celesteela|
|poke|p2|Azelf|
|poke|p2|Jirachi|
|poke|p2|Moltres|
|poke|p2|Azumarill, M|
|poke|p2|Excadrill, M|
|teampreview
|inactive|Battle timer is ON: inactive players will automatically lose when time's up. (requested by esqimo589)
|
|t:|1654876308
|start
|switch|p1a: squish|Skarmory, F|100/100
|switch|p2a: Moltres|Moltres|100/100
|turn|1
|
|t:|1654876313
|switch|p1a: boost that beasts|Nihilego|100/100
|move|p2a: Moltres|Flamethrower|p1a: boost that beasts
|-resisted|p1a: boost that beasts
|-damage|p1a: boost that beasts|87/100
|
|-heal|p1a: boost that beasts|93/100|[from] item: Black Sludge
|upkeep
|turn|2
|
|t:|1654876326
|move|p1a: boost that beasts|Stealth Rock|p2a: Moltres
|-sidestart|p2: 19BlackSky|move: Stealth Rock
|move|p2a: Moltres|U-turn|p1a: boost that beasts
|-resisted|p1a: boost that beasts
|-damage|p1a: boost that beasts|81/100
|
|t:|1654876330
|switch|p2a: Azumarill|Azumarill, M, shiny|100/100|[from]move: U-turn
|-damage|p2a: Azumarill|88/100|[from] Stealth Rock
|
|-heal|p1a: boost that beasts|87/100|[from] item: Black Sludge
|upkeep
|turn|3
|
|t:|1654876338
|switch|p1a: squish|Skarmory, F|100/100
|move|p2a: Azumarill|Liquidation|p1a: squish
|-crit|p1a: squish
|-damage|p1a: squish|28/100
|-unboost|p1a: squish|def|1
|-damage|p2a: Azumarill|71/100|[from] item: Rocky Helmet|[of] p1a: squish
|
|upkeep
|turn|4
|c|☆esqimo589|youve got to be kidding
|
|t:|1654876350
|switch|p1a: tangrussy|Tangrowth, M|100/100
|move|p2a: Azumarill|Liquidation|p1a: tangrussy
|-resisted|p1a: tangrussy
|-crit|p1a: tangrussy
|-damage|p1a: tangrussy|55/100
|
|upkeep
|turn|5
|c|☆esqimo589|wtf is this super luck scope lens azumarill
|
|t:|1654876371
|switch|p2a: Moltres|Moltres|100/100
|move|p1a: tangrussy|Sludge Bomb|p2a: Moltres
|-damage|p2a: Moltres|76/100
|-status|p2a: Moltres|psn
|
|-damage|p2a: Moltres|64/100 psn|[from] psn
|upkeep
|turn|6
|
|t:|1654876384
|switch|p1a: boost that beasts|Nihilego|87/100
|move|p2a: Moltres|Defog|p1a: boost that beasts
|-unboost|p1a: boost that beasts|evasion|1
|-sideend|p2: 19BlackSky|Stealth Rock|[from] move: Defog|[of] p2a: Moltres
|
|-heal|p1a: boost that beasts|93/100|[from] item: Black Sludge
|-damage|p2a: Moltres|52/100 psn|[from] psn
|upkeep
|turn|7
|
|t:|1654876391
|switch|p2a: Azelf|Azelf, shiny|100/100
|move|p1a: boost that beasts|Knock Off|p2a: Azelf
|-supereffective|p2a: Azelf
|-damage|p2a: Azelf|61/100
|-enditem|p2a: Azelf|Choice Scarf|[from] move: Knock Off|[of] p1a: boost that beasts
|
|-heal|p1a: boost that beasts|99/100|[from] item: Black Sludge
|upkeep
|turn|8
|
|t:|1654876401
|switch|p1a: dragon my balls|Hydreigon, M|100/100
|move|p2a: Azelf|Thunderbolt|p1a: dragon my balls
|-resisted|p1a: dragon my balls
|-damage|p1a: dragon my balls|84/100
|
|upkeep
|turn|9
|
|t:|1654876410
|move|p1a: dragon my balls|U-turn|p2a: Azelf
|-supereffective|p2a: Azelf
|-damage|p2a: Azelf|15/100
|
|t:|1654876417
|switch|p1a: tangrussy|Tangrowth, M|88/100|[from]move: U-turn
|move|p2a: Azelf|Dazzling Gleam|p1a: tangrussy
|-damage|p1a: tangrussy|71/100
|
|upkeep
|turn|10
|
|t:|1654876423
|move|p2a: Azelf|U-turn|p1a: tangrussy
|-supereffective|p1a: tangrussy
|-damage|p1a: tangrussy|45/100
|
|t:|1654876428
|switch|p2a: Moltres|Moltres|52/100 psn|[from]move: U-turn
|move|p1a: tangrussy|Knock Off|p2a: Moltres
|-damage|p2a: Moltres|36/100 psn
|-enditem|p2a: Moltres|Heavy-Duty Boots|[from] move: Knock Off|[of] p1a: tangrussy
|
|-damage|p2a: Moltres|24/100 psn|[from] psn
|upkeep
|turn|11
|inactive|esqimo589 has 120 seconds left.
|
|t:|1654876484
|switch|p1a: boost that beasts|Nihilego|99/100
|move|p2a: Moltres|Roost|p2a: Moltres
|-heal|p2a: Moltres|74/100 psn
|-singleturn|p2a: Moltres|move: Roost
|
|-heal|p1a: boost that beasts|100/100|[from] item: Black Sludge
|-damage|p2a: Moltres|62/100 psn|[from] psn
|upkeep
|turn|12
|
|t:|1654876497
|switch|p2a: Jirachi|Jirachi, shiny|100/100
|move|p1a: boost that beasts|Stealth Rock|p2a: Jirachi
|-sidestart|p2: 19BlackSky|move: Stealth Rock
|
|upkeep
|turn|13
|
|t:|1654876506
|switch|p1a: spin|Excadrill, M|100/100
|-ability|p1a: spin|Mold Breaker
|move|p2a: Jirachi|Iron Head|p1a: spin
|-resisted|p1a: spin
|-damage|p1a: spin|74/100
|
|-heal|p1a: spin|80/100|[from] item: Leftovers
|upkeep
|turn|14
|
|t:|1654876521
|switch|p2a: Celesteela|Celesteela, shiny|100/100
|-damage|p2a: Celesteela|88/100|[from] Stealth Rock
|switch|p1a: tangrussy|Tangrowth, M|78/100
|
|upkeep
|turn|15
|
|t:|1654876528
|move|p2a: Celesteela|Autotomize|p2a: Celesteela
|-boost|p2a: Celesteela|spe|2
|-start|p2a: Celesteela|Autotomize
|move|p1a: tangrussy|Knock Off|p2a: Celesteela
|-damage|p2a: Celesteela|64/100
|-enditem|p2a: Celesteela|Power Herb|[from] move: Knock Off|[of] p1a: tangrussy
|
|upkeep
|turn|16
|inactive|esqimo589 has 120 seconds left.
|
|t:|1654876541
|switch|p1a: boost that beasts|Nihilego|100/100
|move|p2a: Celesteela|Air Slash|p1a: boost that beasts
|-resisted|p1a: boost that beasts
|-crit|p1a: boost that beasts
|-damage|p1a: boost that beasts|81/100
|
|-heal|p1a: boost that beasts|87/100|[from] item: Black Sludge
|upkeep
|turn|17
|
|t:|1654876553
|move|p2a: Celesteela|Flamethrower|p1a: boost that beasts
|-resisted|p1a: boost that beasts
|-damage|p1a: boost that beasts|78/100
|move|p1a: boost that beasts|Power Gem|p2a: Celesteela
|-damage|p2a: Celesteela|26/100
|
|-heal|p1a: boost that beasts|84/100|[from] item: Black Sludge
|upkeep
|turn|18
|
|t:|1654876560
|move|p2a: Celesteela|Air Slash|p1a: boost that beasts
|-resisted|p1a: boost that beasts
|-damage|p1a: boost that beasts|72/100
|cant|p1a: boost that beasts|flinch
|
|-heal|p1a: boost that beasts|78/100|[from] item: Black Sludge
|upkeep
|turn|19
|
|t:|1654876566
|move|p2a: Celesteela|Air Slash|p1a: boost that beasts
|-resisted|p1a: boost that beasts
|-damage|p1a: boost that beasts|64/100
|move|p1a: boost that beasts|Power Gem|p2a: Celesteela
|-damage|p2a: Celesteela|0 fnt
|faint|p2a: Celesteela
|-ability|p1a: boost that beasts|Beast Boost|boost
|-boost|p1a: boost that beasts|spa|1
|
|-heal|p1a: boost that beasts|70/100|[from] item: Black Sludge
|upkeep
|
|t:|1654876575
|switch|p2a: Jirachi|Jirachi, shiny|100/100
|-damage|p2a: Jirachi|94/100|[from] Stealth Rock
|turn|20
|
|t:|1654876593
|switch|p1a: spin|Excadrill, M|80/100
|-ability|p1a: spin|Mold Breaker
|move|p2a: Jirachi|U-turn|p1a: spin
|-resisted|p1a: spin
|-damage|p1a: spin|66/100
|
|t:|1654876598
|switch|p2a: Azumarill|Azumarill, M, shiny|71/100|[from]move: U-turn
|-damage|p2a: Azumarill|59/100|[from] Stealth Rock
|
|-heal|p1a: spin|72/100|[from] item: Leftovers
|upkeep
|turn|21
|
|t:|1654876616
|move|p1a: spin|Earthquake|p2a: Azumarill
|-damage|p2a: Azumarill|17/100
|move|p2a: Azumarill|Knock Off|p1a: spin
|-damage|p1a: spin|0 fnt
|-enditem|p1a: spin|Leftovers|[from] move: Knock Off|[of] p2a: Azumarill
|faint|p1a: spin
|
|upkeep
|
|t:|1654876627
|switch|p1a: try switching|Starmie|100/100
|turn|22
|
|t:|1654876631
|move|p1a: try switching|Thunderbolt|p2a: Azumarill
|-supereffective|p2a: Azumarill
|-damage|p2a: Azumarill|0 fnt
|faint|p2a: Azumarill
|-damage|p1a: try switching|91/100|[from] item: Life Orb
|
|upkeep
|
|t:|1654876644
|switch|p2a: Jirachi|Jirachi, shiny|94/100
|-damage|p2a: Jirachi|88/100|[from] Stealth Rock
|turn|23
|inactive|esqimo589 has 120 seconds left.
|
|t:|1654876684
|switch|p1a: tangrussy|Tangrowth, M|100/100
|move|p2a: Jirachi|Iron Head|p1a: tangrussy
|-damage|p1a: tangrussy|75/100
|
|upkeep
|turn|24
|
|t:|1654876690
|move|p2a: Jirachi|Iron Head|p1a: tangrussy
|-crit|p1a: tangrussy
|-damage|p1a: tangrussy|41/100
|cant|p1a: tangrussy|flinch
|
|upkeep
|turn|25
|
|t:|1654876696
|move|p2a: Jirachi|Iron Head|p1a: tangrussy
|-damage|p1a: tangrussy|16/100
|cant|p1a: tangrussy|flinch
|
|upkeep
|turn|26
|c|☆esqimo589|really
|
|t:|1654876706
|switch|p1a: dragon my balls|Hydreigon, M|84/100
|move|p2a: Jirachi|Iron Head|p1a: dragon my balls
|-damage|p1a: dragon my balls|44/100
|
|upkeep
|turn|27
|c|☆19BlackSky|Jirachi 🤷‍♂️
|
|t:|1654876719
|move|p2a: Jirachi|Iron Head|p1a: dragon my balls
|-crit|p1a: dragon my balls
|-damage|p1a: dragon my balls|0 fnt
|faint|p1a: dragon my balls
|
|upkeep
|c|☆esqimo589|nah but my luck is realkly shit this game
|c|☆esqimo589|ive been crit 4 times
|c|☆esqimo589|so
|
|t:|1654876729
|switch|p1a: squish|Skarmory, F|28/100
|turn|28
|c|☆19BlackSky|Its pokemon 😅
|
|t:|1654876745
|move|p2a: Jirachi|Iron Head|p1a: squish
|-resisted|p1a: squish
|-damage|p1a: squish|17/100
|-damage|p2a: Jirachi|72/100|[from] item: Rocky Helmet|[of] p1a: squish
|cant|p1a: squish|flinch
|
|upkeep
|turn|29
|
|t:|1654876751
|move|p2a: Jirachi|Iron Head|p1a: squish
|-resisted|p1a: squish
|-damage|p1a: squish|7/100
|-damage|p2a: Jirachi|55/100|[from] item: Rocky Helmet|[of] p1a: squish
|cant|p1a: squish|flinch
|
|upkeep
|turn|30
|c|☆esqimo589|let me fucking play the game
|
|t:|1654876761
|move|p2a: Jirachi|Iron Head|p1a: squish
|-resisted|p1a: squish
|-damage|p1a: squish|0 fnt
|-damage|p2a: Jirachi|39/100|[from] item: Rocky Helmet|[of] p1a: squish
|faint|p1a: squish
|
|upkeep
|
|t:|1654876763
|switch|p1a: try switching|Starmie|91/100
|turn|31
|
|t:|1654876775
|switch|p2a: Azelf|Azelf, shiny|15/100
|-damage|p2a: Azelf|3/100|[from] Stealth Rock
|move|p1a: try switching|Thunderbolt|p2a: Azelf
|-damage|p2a: Azelf|0 fnt
|faint|p2a: Azelf
|-damage|p1a: try switching|81/100|[from] item: Life Orb
|
|upkeep
|
|t:|1654876784
|switch|p2a: Jirachi|Jirachi, shiny|39/100
|-damage|p2a: Jirachi|33/100|[from] Stealth Rock
|turn|32
|
|t:|1654876788
|switch|p1a: boost that beasts|Nihilego|70/100
|move|p2a: Jirachi|U-turn|p1a: boost that beasts
|-resisted|p1a: boost that beasts
|-damage|p1a: boost that beasts|54/100
|
|t:|1654876794
|switch|p2a: Excadrill|Excadrill, M, shiny|100/100|[from]move: U-turn
|-damage|p2a: Excadrill|97/100|[from] Stealth Rock
|-ability|p2a: Excadrill|Mold Breaker
|
|-heal|p1a: boost that beasts|60/100|[from] item: Black Sludge
|upkeep
|turn|33
|
|t:|1654876804
|switch|p1a: tangrussy|Tangrowth, M|49/100
|move|p2a: Excadrill|Earthquake|p1a: tangrussy
|-resisted|p1a: tangrussy
|-damage|p1a: tangrussy|29/100
|
|upkeep
|turn|34
|
|t:|1654876814
|switch|p1a: try switching|Starmie|81/100
|move|p2a: Excadrill|Iron Head|p1a: try switching
|-resisted|p1a: try switching
|-damage|p1a: try switching|49/100
|
|upkeep
|turn|35
|
|t:|1654876820
|move|p1a: try switching|Recover|p1a: try switching
|-heal|p1a: try switching|99/100
|move|p2a: Excadrill|Earthquake|p1a: try switching
|-damage|p1a: try switching|12/100
|
|upkeep
|turn|36
|
|t:|1654876826
|move|p1a: try switching|Hydro Pump|p2a: Excadrill
|-supereffective|p2a: Excadrill
|-damage|p2a: Excadrill|0 fnt
|faint|p2a: Excadrill
|-damage|p1a: try switching|2/100|[from] item: Life Orb
|
|upkeep
|
|t:|1654876830
|switch|p2a: Jirachi|Jirachi, shiny|33/100
|-damage|p2a: Jirachi|27/100|[from] Stealth Rock
|turn|37
|
|t:|1654876835
|move|p2a: Jirachi|Iron Head|p1a: try switching
|-resisted|p1a: try switching
|-damage|p1a: try switching|0 fnt
|faint|p1a: try switching
|
|upkeep
|
|t:|1654876837
|switch|p1a: tangrussy|Tangrowth, M|62/100
|turn|38
|
|t:|1654876841
|move|p2a: Jirachi|Iron Head|p1a: tangrussy
|-damage|p1a: tangrussy|38/100
|cant|p1a: tangrussy|flinch
|
|upkeep
|turn|39
|c|☆esqimo589|please
|c|☆esqimo589|just let me move
|c|☆esqimo589|1 time
|
|t:|1654876850
|move|p2a: Jirachi|Iron Head|p1a: tangrussy
|-damage|p1a: tangrussy|14/100
|cant|p1a: tangrussy|flinch
|
|upkeep
|turn|40
|c|☆esqimo589|what the actual fuck is this
|
|t:|1654876860
|switch|p1a: boost that beasts|Nihilego|60/100
|move|p2a: Jirachi|Iron Head|p1a: boost that beasts
|-supereffective|p1a: boost that beasts
|-damage|p1a: boost that beasts|0 fnt
|faint|p1a: boost that beasts
|
|upkeep
|
|t:|1654876862
|switch|p1a: tangrussy|Tangrowth, M|47/100
|turn|41
|
|t:|1654876869
|move|p2a: Jirachi|Iron Head|p1a: tangrussy
|-damage|p1a: tangrussy|22/100
|cant|p1a: tangrussy|flinch
|
|upkeep
|turn|42
|-message|esqimo589 forfeited.
|
|win|19BlackSky
|raw|esqimo589's rating: 1325 &rarr; <strong>1306</strong><br />(-19 for losing)
|raw|19BlackSky's rating: 1351 &rarr; <strong>1370</strong><br />(+19 for winning)
|l|☆esqimo589
