|html|<div class="broadcast-blue"><strong>[Gen 8] UU is currently suspecting Aegislash! For information on how to participate check out the <a href="https://www.smogon.com/forums/threads/np-ss-uu-stage-11-1-kingslayer.3698890/">suspect thread</a>.</strong></div>
|j|☆Zarco
|j|☆pif
|t:|1647303735
|gametype|singles
|player|p1|Zarco|169|1411
|player|p2|pif|#uutrio2ladder|1713
|teamsize|p1|6
|teamsize|p2|6
|gen|8
|tier|[Gen 8] UU
|rated|
|rule|Sleep Clause Mod: Limit one foe put to sleep
|rule|Species Clause: Limit one of each Pokémon
|rule|OHKO Clause: OHKO moves are banned
|rule|Evasion Moves Clause: Evasion moves are banned
|rule|Endless Battle Clause: Forcing endless battles is banned
|rule|HP Percentage Mod: HP is shown in percentages
|rule|Dynamax Clause: You cannot dynamax
|clearpoke
|poke|p1|Mamoswine, M|
|poke|p1|Zarude|
|poke|p1|Salamence, F|
|poke|p1|Cobalion|
|poke|p1|Rotom-Wash|
|poke|p1|Slowking, F|
|poke|p2|Snorlax, F|
|poke|p2|Skarmory, M|
|poke|p2|Rotom-Wash|
|poke|p2|Tangrowth, F|
|poke|p2|Zygarde-10%|
|poke|p2|Togekiss, M|
|teampreview
|j| Arxtric
|
|t:|1647303801
|start
|switch|p1a: Cobalion|Cobalion|100/100
|switch|p2a: Tangrowth|Tangrowth, F|100/100
|turn|1
|j|@Lily
|
|t:|1647303812
|move|p1a: Cobalion|Stealth Rock|p2a: Tangrowth
|-sidestart|p2: pif|move: Stealth Rock
|move|p2a: Tangrowth|Focus Blast|p1a: Cobalion
|-supereffective|p1a: Cobalion
|-damage|p1a: Cobalion|27/100
|
|upkeep
|turn|2
|
|t:|1647303818
|move|p1a: Cobalion|Volt Switch|p2a: Tangrowth
|-resisted|p2a: Tangrowth
|-damage|p2a: Tangrowth|96/100
|
|t:|1647303826
|switch|p1a: Salamence|Salamence, F|100/100|[from]move: Volt Switch
|move|p2a: Tangrowth|Knock Off|p1a: Salamence
|-damage|p1a: Salamence|74/100
|-enditem|p1a: Salamence|Heavy-Duty Boots|[from] move: Knock Off|[of] p2a: Tangrowth
|
|upkeep
|turn|3
|j| Hydreigon > Latias
|j| Aiyaru
|
|t:|1647303840
|switch|p1a: Mamoswine|Mamoswine, M|100/100
|move|p2a: Tangrowth|Sludge Bomb|p1a: Mamoswine
|-resisted|p1a: Mamoswine
|-damage|p1a: Mamoswine|85/100
|
|upkeep
|turn|4
|
|t:|1647303856
|move|p1a: Mamoswine|Knock Off|p2a: Tangrowth
|-damage|p2a: Tangrowth|66/100
|-enditem|p2a: Tangrowth|Assault Vest|[from] move: Knock Off|[of] p1a: Mamoswine
|-damage|p1a: Mamoswine|75/100|[from] item: Life Orb
|move|p2a: Tangrowth|Focus Blast|p1a: Mamoswine
|-supereffective|p1a: Mamoswine
|-damage|p1a: Mamoswine|0 fnt
|faint|p1a: Mamoswine
|
|upkeep
|j| torterrax1
|
|t:|1647303867
|switch|p1a: Zarude|Zarude|100/100
|turn|5
|c|☆pif|full disclosure i totally forgot mamoswine is weak to grass
|c|☆Zarco|lol rip
|n| Kujukuri|aiyaru
|
|t:|1647303883
|switch|p2a: Skarmory|Skarmory, M|100/100
|-damage|p2a: Skarmory|88/100|[from] Stealth Rock
|move|p1a: Zarude|U-turn|p2a: Skarmory
|-resisted|p2a: Skarmory
|-damage|p2a: Skarmory|84/100
|-damage|p1a: Zarude|84/100|[from] item: Rocky Helmet|[of] p2a: Skarmory
|n| Aiyaru|kujukuri
|c|☆Zarco|I was really hoping you would not stay in
|
|t:|1647303893
|switch|p1a: Rotom|Rotom-Wash|100/100|[from]move: U-turn
|
|upkeep
|turn|6
|c|☆pif|i thought i lived icicle crash
|c|☆pif|wasnt sure
|c|☆pif|tbh
|
|t:|1647303908
|switch|p2a: Tangrowth|Tangrowth, F|99/100
|-damage|p2a: Tangrowth|87/100|[from] Stealth Rock
|move|p1a: Rotom|Will-O-Wisp|p2a: Tangrowth
|-status|p2a: Tangrowth|brn
|
|-damage|p2a: Tangrowth|81/100 brn|[from] brn
|upkeep
|turn|7
|c|☆Zarco|huh I woulda bet not but I haven't calced
|j| NoahDeKnight
|l| NoahDeKnight
|j| NERD NECK NIGEL
|
|t:|1647303933
|switch|p1a: Salamence|Salamence, F|74/100
|move|p2a: Tangrowth|Sludge Bomb|p1a: Salamence
|-damage|p1a: Salamence|47/100
|
|-damage|p2a: Tangrowth|75/100 brn|[from] brn
|upkeep
|turn|8
|n| UU11 amber|lily
|j| NoahDeKnight
|
|t:|1647303942
|move|p1a: Salamence|Dual Wingbeat|p2a: Tangrowth
|-supereffective|p2a: Tangrowth
|-damage|p2a: Tangrowth|46/100 brn
|-supereffective|p2a: Tangrowth
|-crit|p2a: Tangrowth
|-damage|p2a: Tangrowth|3/100 brn
|-hitcount|p2a: Tangrowth|2
|move|p2a: Tangrowth|Sludge Bomb|p1a: Salamence
|-damage|p1a: Salamence|23/100
|
|-damage|p2a: Tangrowth|0 fnt|[from] brn
|faint|p2a: Tangrowth
|upkeep
|c| NERD NECK NIGEL|can anyone guess how many water bottles i have on my desk
|c|☆Zarco|7
|
|t:|1647303960
|switch|p2a: Rotom|Rotom-Wash|100/100
|-damage|p2a: Rotom|88/100|[from] Stealth Rock
|turn|9
|c| Aiyaru|2
|c|☆pif|the thirst is real
|
|t:|1647303967
|switch|p1a: Zarude|Zarude|84/100
|move|p2a: Rotom|Defog|p1a: Zarude
|-unboost|p1a: Zarude|evasion|1
|-sideend|p2: pif|Stealth Rock|[from] move: Defog|[of] p2a: Rotom
|
|-heal|p2a: Rotom|94/100|[from] item: Leftovers
|upkeep
|turn|10
|l| UU11 amber
|c| NERD NECK NIGEL|correct answer guess that many smogon likes
|c|☆pif|0
|
|t:|1647303977
|switch|p2a: Skarmory|Skarmory, M|84/100
|move|p1a: Zarude|U-turn|p2a: Skarmory
|-resisted|p2a: Skarmory
|-damage|p2a: Skarmory|81/100
|-damage|p1a: Zarude|67/100|[from] item: Rocky Helmet|[of] p2a: Skarmory
|c| NERD NECK NIGEL|one try
|c|☆pif|wait
|
|t:|1647303984
|switch|p1a: Rotom|Rotom-Wash|100/100|[from]move: U-turn
|
|upkeep
|turn|11
|c|☆pif|do you drink diet coke
|c|☆pif|have i talked about that enough
|c| NERD NECK NIGEL|what the fuck
|c| NERD NECK NIGEL|no
|c|☆pif|that shit makes me hungry
|c| NERD NECK NIGEL|yeah ur weird
|
|t:|1647304007
|switch|p2a: Snorlax|Snorlax, F|100/100
|move|p1a: Rotom|Volt Switch|p2a: Snorlax
|-damage|p2a: Snorlax|89/100
|
|t:|1647304012
|switch|p1a: Cobalion|Cobalion|27/100|[from]move: Volt Switch
|
|-heal|p2a: Snorlax|95/100|[from] item: Leftovers
|upkeep
|turn|12
|c|☆pif|im not weird
|
|t:|1647304018
|move|p1a: Cobalion|Close Combat|p2a: Snorlax
|-supereffective|p2a: Snorlax
|-damage|p2a: Snorlax|16/100
|-unboost|p1a: Cobalion|def|1
|-unboost|p1a: Cobalion|spd|1
|move|p2a: Snorlax|Earthquake|p1a: Cobalion
|-supereffective|p1a: Cobalion
|-crit|p1a: Cobalion
|-damage|p1a: Cobalion|0 fnt
|faint|p1a: Cobalion
|
|-heal|p2a: Snorlax|22/100|[from] item: Leftovers
|upkeep
|c| NERD NECK NIGEL|diet coke drinkers = weird
|j| Permission Slip
|
|t:|1647304028
|switch|p1a: Salamence|Salamence, F|23/100
|turn|13
|c|☆pif|i really just wanted to see how much cc does
|c| NERD NECK NIGEL|btw the answer was 5!
|c|☆pif|i am disapoiuntd in myself
|l| NoahDeKnight
|
|t:|1647304040
|switch|p2a: Skarmory|Skarmory, M|81/100
|move|p1a: Salamence|Dual Wingbeat|p2a: Skarmory
|-resisted|p2a: Skarmory
|-damage|p2a: Skarmory|74/100
|-damage|p1a: Salamence|7/100|[from] item: Rocky Helmet|[of] p2a: Skarmory
|-resisted|p2a: Skarmory
|-damage|p2a: Skarmory|67/100
|-damage|p1a: Salamence|0 fnt|[from] item: Rocky Helmet|[of] p2a: Skarmory
|faint|p1a: Salamence
|-hitcount|p2a: Skarmory|2
|
|upkeep
|c| NERD NECK NIGEL|zarco thinking im some kind of slob saying 7..
|c|☆pif|are you going to like 5 of your own smogon posts
|c|☆pif|that seems inpossible
|c|☆Zarco|hey man I just thought the number would be remarkable
|
|t:|1647304065
|switch|p1a: Rotom|Rotom-Wash|100/100
|turn|14
|c| NERD NECK NIGEL|well said
|
|t:|1647304075
|switch|p2a: Rotom|Rotom-Wash|94/100
|move|p1a: Rotom|Will-O-Wisp|p2a: Rotom|[miss]
|-miss|p1a: Rotom|p2a: Rotom
|
|-heal|p2a: Rotom|100/100|[from] item: Leftovers
|upkeep
|turn|15
|
|t:|1647304085
|move|p1a: Rotom|Volt Switch|p2a: Rotom
|-damage|p2a: Rotom|73/100
|
|t:|1647304089
|switch|p1a: Zarude|Zarude|67/100|[from]move: Volt Switch
|move|p2a: Rotom|Volt Switch|p1a: Zarude
|-resisted|p1a: Zarude
|-damage|p1a: Zarude|54/100
|
|t:|1647304094
|switch|p2a: Snorlax|Snorlax, F|22/100|[from]move: Volt Switch
|
|-heal|p2a: Snorlax|28/100|[from] item: Leftovers
|upkeep
|turn|16
|
|t:|1647304099
|switch|p2a: Skarmory|Skarmory, M|67/100
|move|p1a: Zarude|Darkest Lariat|p2a: Skarmory
|-damage|p2a: Skarmory|43/100
|-damage|p1a: Zarude|37/100|[from] item: Rocky Helmet|[of] p2a: Skarmory
|
|upkeep
|turn|17
|
|t:|1647304107
|switch|p1a: Rotom|Rotom-Wash|100/100
|move|p2a: Skarmory|Roost|p2a: Skarmory
|-heal|p2a: Skarmory|93/100
|-singleturn|p2a: Skarmory|move: Roost
|
|upkeep
|turn|18
|
|t:|1647304115
|switch|p2a: Rotom|Rotom-Wash|73/100
|move|p1a: Rotom|Will-O-Wisp|p2a: Rotom|[miss]
|-miss|p1a: Rotom|p2a: Rotom
|
|-heal|p2a: Rotom|79/100|[from] item: Leftovers
|upkeep
|turn|19
|
|t:|1647304125
|move|p1a: Rotom|Will-O-Wisp|p2a: Rotom
|-status|p2a: Rotom|brn
|move|p2a: Rotom|Hydro Pump|p1a: Rotom
|-resisted|p1a: Rotom
|-damage|p1a: Rotom|81/100
|
|-heal|p1a: Rotom|88/100|[from] item: Leftovers
|-heal|p2a: Rotom|85/100 brn|[from] item: Leftovers
|-damage|p2a: Rotom|79/100 brn|[from] brn
|upkeep
|turn|20
|
|t:|1647304134
|move|p1a: Rotom|Volt Switch|p2a: Rotom
|-damage|p2a: Rotom|50/100 brn
|
|t:|1647304138
|switch|p1a: Slowking|Slowking, F|100/100|[from]move: Volt Switch
|move|p2a: Rotom|Hydro Pump|p1a: Slowking|[miss]
|-miss|p2a: Rotom|p1a: Slowking
|
|-heal|p2a: Rotom|56/100 brn|[from] item: Leftovers
|-damage|p2a: Rotom|50/100 brn|[from] brn
|upkeep
|turn|21
|
|t:|1647304148
|move|p2a: Rotom|Volt Switch|p1a: Slowking
|-supereffective|p1a: Slowking
|-damage|p1a: Slowking|62/100
|
|t:|1647304152
|switch|p2a: Snorlax|Snorlax, F|28/100|[from]move: Volt Switch
|move|p1a: Slowking|Psychic|p2a: Snorlax
|-damage|p2a: Snorlax|12/100
|
|-heal|p2a: Snorlax|18/100|[from] item: Leftovers
|upkeep
|turn|22
|
|t:|1647304162
|move|p2a: Snorlax|Rest|p2a: Snorlax
|-status|p2a: Snorlax|slp|[from] move: Rest
|-heal|p2a: Snorlax|100/100 slp|[silent]
|move|p1a: Slowking|Psychic|p2a: Snorlax
|-damage|p2a: Snorlax|85/100 slp
|
|-heal|p2a: Snorlax|91/100 slp|[from] item: Leftovers
|upkeep
|turn|23
|c|☆pif|fat in
|c|☆Zarco|yeah
|c|☆Zarco|you got me
|c|☆pif|gg
|c|☆Zarco|god idk what to do with this team
|c|☆Zarco|gg
|-message|Zarco forfeited.
|
|win|pif
|raw|Zarco's rating: 1411 &rarr; <strong>1405</strong><br />(-6 for losing)
|raw|pif's rating: 1713 &rarr; <strong>1719</strong><br />(+6 for winning)
|l|☆Zarco
|c|☆pif|snorlax broken
