|j|☆pif
|j|☆amogusroxyrrrr
|t:|1666360172
|gametype|singles
|player|p1|pif|101|
|player|p2|amogusroxyrrrr|saturn|
|teamsize|p1|6
|teamsize|p2|6
|gen|8
|tier|[Gen 8] UU
|rule|Sleep Clause Mod: Limit one foe put to sleep
|rule|Species Clause: Limit one of each Pokémon
|rule|OHKO Clause: OHKO moves are banned
|rule|Evasion Items Clause: Evasion items are banned
|rule|Evasion Moves Clause: Evasion moves are banned
|rule|Endless Battle Clause: Forcing endless battles is banned
|rule|HP Percentage Mod: HP is shown in percentages
|rule|Dynamax Clause: You cannot dynamax
|clearpoke
|poke|p1|Toxtricity, F|
|poke|p1|Sylveon, F|
|poke|p1|Scizor, M|
|poke|p1|Hippowdon, F|
|poke|p1|Rotom-Wash|
|poke|p1|Milotic, F|
|poke|p2|Golurk|
|poke|p2|Rotom-Wash|
|poke|p2|Jirachi|
|poke|p2|Salamence, F|
|poke|p2|Chansey, F|
|poke|p2|Primarina, M|
|teampreview
|c|☆amogusroxyrrrr|gl hf
|c|☆amogusroxyrrrr|and dont miss
|c|☆pif|same
|
|t:|1666360197
|start
|switch|p1a: wishy washy|Rotom-Wash|100/100
|switch|p2a: wishful thinking|Jirachi|100/100
|turn|1
|
|t:|1666360211
|move|p2a: wishful thinking|Protect|p2a: wishful thinking
|-singleturn|p2a: wishful thinking|Protect
|move|p1a: wishy washy|Trick|p2a: wishful thinking
|-activate|p2a: wishful thinking|move: Protect
|
|upkeep
|turn|2
|
|t:|1666360219
|switch|p2a: cat doing laundry|Rotom-Wash|100/100
|move|p1a: wishy washy|Trick|p2a: cat doing laundry
|-activate|p1a: wishy washy|move: Trick|[of] p2a: cat doing laundry
|-item|p2a: cat doing laundry|Choice Scarf|[from] move: Trick
|-item|p1a: wishy washy|Leftovers|[from] move: Trick
|
|upkeep
|turn|3
|
|t:|1666360241
|switch|p2a: the man himself|Golurk, shiny|100/100
|switch|p1a: hip(pos) dont lie|Hippowdon, F|100/100
|-weather|Sandstorm|[from] ability: Sand Stream|[of] p1a: hip(pos) dont lie
|
|-weather|Sandstorm|[upkeep]
|upkeep
|turn|4
|
|t:|1666360255
|move|p2a: the man himself|Poltergeist|p1a: hip(pos) dont lie
|-activate|p1a: hip(pos) dont lie|move: Poltergeist|Rocky Helmet
|-damage|p1a: hip(pos) dont lie|50/100
|move|p1a: hip(pos) dont lie|Stealth Rock|p2a: the man himself
|-sidestart|p2: amogusroxyrrrr|move: Stealth Rock
|
|-weather|Sandstorm|[upkeep]
|upkeep
|turn|5
|c|☆pif|uh oh
|c|☆amogusroxyrrrr|50 to hippo
|c|☆amogusroxyrrrr|insane
|
|t:|1666360288
|move|p2a: the man himself|Poltergeist|p1a: hip(pos) dont lie
|-activate|p1a: hip(pos) dont lie|move: Poltergeist|Rocky Helmet
|-damage|p1a: hip(pos) dont lie|0 fnt
|faint|p1a: hip(pos) dont lie
|
|-weather|Sandstorm|[upkeep]
|upkeep
|c|☆pif|UH OH
|
|t:|1666360295
|switch|p1a: punchy wunchy|Scizor, M|100/100
|turn|6
|
|t:|1666360300
|switch|p2a: cat doing laundry|Rotom-Wash|100/100
|-damage|p2a: cat doing laundry|88/100|[from] Stealth Rock
|move|p1a: punchy wunchy|U-turn|p2a: cat doing laundry
|-damage|p2a: cat doing laundry|56/100
|
|t:|1666360304
|switch|p1a: funky punky|Toxtricity, F|100/100|[from]move: U-turn
|
|-weather|Sandstorm|[upkeep]
|-damage|p2a: cat doing laundry|50/100|[from] Sandstorm
|-damage|p1a: funky punky|94/100|[from] Sandstorm
|upkeep
|turn|7
|
|t:|1666360314
|move|p2a: cat doing laundry|Volt Switch|p1a: funky punky
|-resisted|p1a: funky punky
|-crit|p1a: funky punky
|-damage|p1a: funky punky|66/100
|
|t:|1666360318
|switch|p2a: the man himself|Golurk, shiny|100/100|[from]move: Volt Switch
|-damage|p2a: the man himself|95/100|[from] Stealth Rock
|move|p1a: funky punky|Sludge Bomb|p2a: the man himself
|-resisted|p2a: the man himself
|-damage|p2a: the man himself|71/100
|
|-weather|none
|upkeep
|turn|8
|c|☆pif|oh shit
|c|☆pif|x4 resist
|c|☆pif|i forgot
|c|☆pif|UH OHHHHHHH
|
|t:|1666360336
|move|p1a: funky punky|Sludge Bomb|p2a: the man himself
|-resisted|p2a: the man himself
|-damage|p2a: the man himself|50/100
|move|p2a: the man himself|Poltergeist|p1a: funky punky
|-activate|p1a: funky punky|move: Poltergeist|Choice Specs
|-damage|p1a: funky punky|0 fnt
|faint|p1a: funky punky
|
|upkeep
|
|t:|1666360343
|switch|p1a: punchy wunchy|Scizor, M|100/100
|turn|9
|
|t:|1666360355
|switch|p2a: wingman|Salamence, F|100/100
|-ability|p2a: wingman|Intimidate|boost
|-unboost|p1a: punchy wunchy|atk|1
|move|p1a: punchy wunchy|U-turn|p2a: wingman
|-resisted|p2a: wingman
|-damage|p2a: wingman|92/100
|
|t:|1666360360
|switch|p1a: kitty katty|Sylveon, F|100/100|[from]move: U-turn
|
|upkeep
|turn|10
|
|t:|1666360369
|switch|p2a: friend shaped|Chansey, F|100/100
|-damage|p2a: friend shaped|88/100|[from] Stealth Rock
|switch|p1a: punchy wunchy|Scizor, M|100/100
|
|upkeep
|turn|11
|
|t:|1666360383
|switch|p2a: wingman|Salamence, F|92/100
|-ability|p2a: wingman|Intimidate|boost
|-unboost|p1a: punchy wunchy|atk|1
|move|p1a: punchy wunchy|Knock Off|p2a: wingman
|-crit|p2a: wingman
|-damage|p2a: wingman|56/100
|-enditem|p2a: wingman|Heavy-Duty Boots|[from] move: Knock Off|[of] p1a: punchy wunchy
|
|upkeep
|turn|12
|
|t:|1666360391
|move|p2a: wingman|Defog|p1a: punchy wunchy
|-unboost|p1a: punchy wunchy|evasion|1
|-sideend|p2: amogusroxyrrrr|Stealth Rock|[from] move: Defog|[of] p2a: wingman
|move|p1a: punchy wunchy|U-turn|p2a: wingman
|-resisted|p2a: wingman
|-crit|p2a: wingman
|-damage|p2a: wingman|35/100
|
|t:|1666360394
|switch|p1a: kitty katty|Sylveon, F|100/100|[from]move: U-turn
|
|upkeep
|turn|13
|
|t:|1666360401
|switch|p2a: cat doing laundry|Rotom-Wash|50/100
|switch|p1a: punchy wunchy|Scizor, M|100/100
|
|upkeep
|turn|14
|
|t:|1666360416
|move|p2a: cat doing laundry|Thunder Wave|p1a: punchy wunchy
|-status|p1a: punchy wunchy|par
|cant|p1a: punchy wunchy|par
|
|upkeep
|turn|15
|
|t:|1666360426
|switch|p2a: wingman|Salamence, F|35/100
|-ability|p2a: wingman|Intimidate|boost
|-unboost|p1a: punchy wunchy|atk|1
|move|p1a: punchy wunchy|U-turn|p2a: wingman
|-resisted|p2a: wingman
|-damage|p2a: wingman|26/100
|
|t:|1666360428
|switch|p1a: kitty katty|Sylveon, F|100/100|[from]move: U-turn
|
|upkeep
|turn|16
|
|t:|1666360434
|move|p2a: wingman|Roost|p2a: wingman
|-heal|p2a: wingman|76/100
|-singleturn|p2a: wingman|move: Roost
|move|p1a: kitty katty|Heal Bell|p1a: kitty katty
|-activate|p1a: kitty katty|move: Heal Bell
|-curestatus|p1: punchy wunchy|par|[msg]
|
|upkeep
|turn|17
|
|t:|1666360501
|switch|p2a: friend shaped|Chansey, F|88/100
|switch|p1a: punchy wunchy|Scizor, M|100/100
|
|upkeep
|turn|18
|
|t:|1666360512
|move|p1a: punchy wunchy|U-turn|p2a: friend shaped
|-damage|p2a: friend shaped|68/100
|
|t:|1666360519
|switch|p1a: wishy washy|Rotom-Wash|100/100|[from]move: U-turn
|move|p2a: friend shaped|Stealth Rock|p1a: wishy washy
|-sidestart|p1: pif|move: Stealth Rock
|
|upkeep
|turn|19
|
|t:|1666360560
|move|p1a: wishy washy|Volt Switch|p2a: friend shaped
|-damage|p2a: friend shaped|59/100
|
|t:|1666360562
|switch|p1a: punchy wunchy|Scizor, M|100/100|[from]move: Volt Switch
|move|p2a: friend shaped|Toxic|p1a: punchy wunchy
|-immune|p1a: punchy wunchy
|
|upkeep
|turn|20
|
|t:|1666360568
|move|p1a: punchy wunchy|Knock Off|p2a: friend shaped
|-damage|p2a: friend shaped|39/100
|-enditem|p2a: friend shaped|Eviolite|[from] move: Knock Off|[of] p1a: punchy wunchy
|move|p2a: friend shaped|Soft-Boiled|p2a: friend shaped
|-heal|p2a: friend shaped|89/100
|
|upkeep
|turn|21
|
|t:|1666360572
|switch|p2a: wingman|Salamence, F|76/100
|-ability|p2a: wingman|Intimidate|boost
|-unboost|p1a: punchy wunchy|atk|1
|move|p1a: punchy wunchy|U-turn|p2a: wingman
|-resisted|p2a: wingman
|-damage|p2a: wingman|68/100
|
|t:|1666360582
|switch|p1a: wishy washy|Rotom-Wash|100/100|[from]move: U-turn
|-damage|p1a: wishy washy|88/100|[from] Stealth Rock
|
|-heal|p1a: wishy washy|94/100|[from] item: Leftovers
|upkeep
|turn|22
|
|t:|1666360595
|switch|p2a: cat doing laundry|Rotom-Wash|50/100
|move|p1a: wishy washy|Defog|p2a: cat doing laundry
|-unboost|p2a: cat doing laundry|evasion|1
|-sideend|p1: pif|Stealth Rock|[from] move: Defog|[of] p1a: wishy washy
|
|-heal|p1a: wishy washy|100/100|[from] item: Leftovers
|upkeep
|turn|23
|
|t:|1666360614
|move|p2a: cat doing laundry|Pain Split|p1a: wishy washy
|-sethp|p1a: wishy washy|78/100|[from] move: Pain Split|[silent]
|-sethp|p2a: cat doing laundry|70/100|[from] move: Pain Split
|move|p1a: wishy washy|Volt Switch|p2a: cat doing laundry
|-damage|p2a: cat doing laundry|42/100
|
|t:|1666360621
|switch|p1a: punchy wunchy|Scizor, M|100/100|[from]move: Volt Switch
|
|upkeep
|turn|24
|
|t:|1666360626
|move|p2a: cat doing laundry|Pain Split|p1a: punchy wunchy
|-sethp|p1a: punchy wunchy|69/100|[from] move: Pain Split|[silent]
|-sethp|p2a: cat doing laundry|78/100|[from] move: Pain Split
|move|p1a: punchy wunchy|U-turn|p2a: cat doing laundry
|-damage|p2a: cat doing laundry|48/100
|
|t:|1666360630
|switch|p1a: wishy washy|Rotom-Wash|78/100|[from]move: U-turn
|
|-heal|p1a: wishy washy|84/100|[from] item: Leftovers
|upkeep
|turn|25
|
|t:|1666360638
|switch|p2a: wingman|Salamence, F|68/100
|-ability|p2a: wingman|Intimidate|boost
|-unboost|p1a: wishy washy|atk|1
|move|p1a: wishy washy|Volt Switch|p2a: wingman
|-damage|p2a: wingman|36/100
|
|t:|1666360642
|switch|p1a: kitty katty|Sylveon, F|100/100|[from]move: Volt Switch
|
|upkeep
|turn|26
|
|t:|1666360651
|switch|p2a: wishful thinking|Jirachi|100/100
|switch|p1a: punchy wunchy|Scizor, M|69/100
|
|upkeep
|turn|27
|
|t:|1666360658
|move|p2a: wishful thinking|U-turn|p1a: punchy wunchy
|-resisted|p1a: punchy wunchy
|-damage|p1a: punchy wunchy|62/100
|
|t:|1666360661
|switch|p2a: cat doing laundry|Rotom-Wash|48/100|[from]move: U-turn
|move|p1a: punchy wunchy|Knock Off|p2a: cat doing laundry
|-damage|p2a: cat doing laundry|20/100
|-enditem|p2a: cat doing laundry|Choice Scarf|[from] move: Knock Off|[of] p1a: punchy wunchy
|
|upkeep
|turn|28
|
|t:|1666360667
|move|p2a: cat doing laundry|Volt Switch|p1a: punchy wunchy
|-damage|p1a: punchy wunchy|33/100
|
|t:|1666360674
|switch|p2a: wingman|Salamence, F|36/100|[from]move: Volt Switch
|-ability|p2a: wingman|Intimidate|boost
|-unboost|p1a: punchy wunchy|atk|1
|move|p1a: punchy wunchy|U-turn|p2a: wingman
|-resisted|p2a: wingman
|-damage|p2a: wingman|26/100
|
|t:|1666360685
|switch|p1a: kitty katty|Sylveon, F|100/100|[from]move: U-turn
|
|upkeep
|turn|29
|c|☆amogusroxyrrrr|what is sylveon
|c|☆amogusroxyrrrr|is it a dog or cate
|c|☆pif|kitty katty :3
|
|t:|1666360709
|move|p2a: wingman|Roost|p2a: wingman
|-heal|p2a: wingman|76/100
|-singleturn|p2a: wingman|move: Roost
|move|p1a: kitty katty|Wish|p1a: kitty katty
|
|upkeep
|turn|30
|
|t:|1666360715
|switch|p1a: punchy wunchy|Scizor, M|33/100
|move|p2a: wingman|Flamethrower|p1a: punchy wunchy
|-supereffective|p1a: punchy wunchy
|-damage|p1a: punchy wunchy|0 fnt
|faint|p1a: punchy wunchy
|
|upkeep
|c|☆pif|...
|c|☆pif|what if i hyper voiced
|c|☆pif|....
|c|☆pif|gg
|c|☆amogusroxyrrrr|but what if you didnt
|c|☆amogusroxyrrrr|gg
|-message|pif forfeited.
|
|win|amogusroxyrrrr
|c|☆pif|lol
|c|☆pif|got lurke
|c|☆pif|d
|c|☆amogusroxyrrrr|yeah hes crazy
|c|☆amogusroxyrrrr|funny watching physical walls just take 50 or more
