|j|☆IndeedeIsKing
|j|☆esqimo589
|t:|1665250007
|gametype|singles
|player|p1|IndeedeIsKing|doctor-gen8|
|player|p2|esqimo589|n|
|teamsize|p1|6
|teamsize|p2|6
|gen|8
|tier|[Gen 8] UU
|rule|Sleep Clause Mod: Limit one foe put to sleep
|rule|Species Clause: Limit one of each Pokémon
|rule|OHKO Clause: OHKO moves are banned
|rule|Evasion Items Clause: Evasion items are banned
|rule|Evasion Moves Clause: Evasion moves are banned
|rule|Endless Battle Clause: Forcing endless battles is banned
|rule|HP Percentage Mod: HP is shown in percentages
|rule|Dynamax Clause: You cannot dynamax
|clearpoke
|poke|p1|Golurk|
|poke|p1|Zarude|
|poke|p1|Primarina, F|
|poke|p1|Salamence, F|
|poke|p1|Scizor, F|
|poke|p1|Chansey, F|
|poke|p2|Diggersby, M|
|poke|p2|Chandelure, F|
|poke|p2|Cobalion|
|poke|p2|Reuniclus, M|
|poke|p2|Tangrowth, F|
|poke|p2|Salamence, F|
|teampreview
|inactive|Battle timer is ON: inactive players will automatically lose when time's up. (requested by esqimo589)
|inactive|IndeedeIsKing also wants the timer to be on.
|c|☆esqimo589|ah there is a golurk
|c|☆esqimo589|i do in fact
|c|☆IndeedeIsKing|Glhf
|c|☆esqimo589|not have switch ins
|c|☆IndeedeIsKing|Well
|c|☆IndeedeIsKing|There's mence
|c|☆IndeedeIsKing|That's going to be annoying
|
|t:|1665250034
|start
|switch|p1a: Scizor|Scizor, F|100/100
|switch|p2a: big chungus|Diggersby, M|100/100
|turn|1
|
|t:|1665250039
|switch|p2a: the goat|Cobalion|100/100
|move|p1a: Scizor|Knock Off|p2a: the goat
|-resisted|p2a: the goat
|-damage|p2a: the goat|88/100
|-damage|p1a: Scizor|84/100|[from] item: Rocky Helmet|[of] p2a: the goat
|-ability|p2a: the goat|Justified|boost
|-boost|p2a: the goat|atk|1
|-enditem|p2a: the goat|Rocky Helmet|[from] move: Knock Off|[of] p1a: Scizor
|
|upkeep
|turn|2
|
|t:|1665250046
|switch|p1a: Quirky Golurky|Golurk|100/100
|move|p2a: the goat|Stone Edge|p1a: Quirky Golurky
|-resisted|p1a: Quirky Golurky
|-crit|p1a: Quirky Golurky
|-damage|p1a: Quirky Golurky|61/100
|
|upkeep
|turn|3
|
|t:|1665250057
|switch|p2a: this girl is fire|Chandelure, F|100/100
|move|p1a: Quirky Golurky|Ice Punch|p2a: this girl is fire
|-resisted|p2a: this girl is fire
|-damage|p2a: this girl is fire|75/100
|
|upkeep
|turn|4
|c|☆esqimo589|im a genius
|c|☆IndeedeIsKing|Wow
|c|☆IndeedeIsKing|Making plays since 1903
|
|t:|1665250080
|switch|p1a: Chansey|Chansey, F|100/100
|move|p2a: this girl is fire|Will-O-Wisp|p1a: Chansey
|-status|p1a: Chansey|brn
|
|-damage|p1a: Chansey|94/100 brn|[from] brn
|upkeep
|turn|5
|
|t:|1665250084
|move|p2a: this girl is fire|Taunt|p1a: Chansey
|-start|p1a: Chansey|move: Taunt
|cant|p1a: Chansey|move: Taunt|Stealth Rock
|
|-damage|p1a: Chansey|88/100 brn|[from] brn
|upkeep
|turn|6
|c|☆IndeedeIsKing|Okay pleas
|c|☆IndeedeIsKing|Don't do that
|c|☆esqimo589|chandyyyyyy
|
|t:|1665250101
|move|p2a: this girl is fire|Will-O-Wisp|p1a: Chansey
|-fail|p1a: Chansey|brn
|move|p1a: Chansey|Seismic Toss|p2a: this girl is fire
|-immune|p2a: this girl is fire
|
|-damage|p1a: Chansey|82/100 brn|[from] brn
|upkeep
|turn|7
|
|t:|1665250107
|-curestatus|p1a: Chansey|brn|[from] ability: Natural Cure
|switch|p1a: Primarina|Primarina, F|100/100
|move|p2a: this girl is fire|Will-O-Wisp|p1a: Primarina
|-status|p1a: Primarina|brn
|
|-damage|p1a: Primarina|94/100 brn|[from] brn
|upkeep
|turn|8
|
|t:|1665250111
|switch|p2a: tangrussy|Tangrowth, F|100/100
|move|p1a: Primarina|Scald|p2a: tangrussy
|-resisted|p2a: tangrussy
|-damage|p2a: tangrussy|91/100
|-status|p2a: tangrussy|brn
|
|-heal|p1a: Primarina|100/100 brn|[from] item: Leftovers
|-damage|p1a: Primarina|94/100 brn|[from] brn
|-damage|p2a: tangrussy|85/100 brn|[from] brn
|upkeep
|turn|9
|c|☆IndeedeIsKing|Skill
|c|☆esqimo589|what a balanced move
|
|t:|1665250120
|move|p1a: Primarina|Substitute|p1a: Primarina
|-start|p1a: Primarina|Substitute
|-damage|p1a: Primarina|69/100 brn
|move|p2a: tangrussy|Knock Off|p1a: Primarina
|-resisted|p1a: Primarina
|-activate|p1a: Primarina|move: Substitute|[damage]
|
|-heal|p1a: Primarina|75/100 brn|[from] item: Leftovers
|-damage|p1a: Primarina|69/100 brn|[from] brn
|-damage|p2a: tangrussy|78/100 brn|[from] brn
|upkeep
|turn|10
|c|☆esqimo589|aaaaaaaaaaa fuck
|
|t:|1665250125
|move|p1a: Primarina|Calm Mind|p1a: Primarina
|-boost|p1a: Primarina|spa|1
|-boost|p1a: Primarina|spd|1
|move|p2a: tangrussy|Sludge Bomb|p1a: Primarina
|-supereffective|p1a: Primarina
|-end|p1a: Primarina|Substitute
|
|-heal|p1a: Primarina|75/100 brn|[from] item: Leftovers
|-damage|p1a: Primarina|69/100 brn|[from] brn
|-damage|p2a: tangrussy|72/100 brn|[from] brn
|upkeep
|turn|11
|
|t:|1665250128
|move|p1a: Primarina|Substitute|p1a: Primarina
|-start|p1a: Primarina|Substitute
|-damage|p1a: Primarina|44/100 brn
|move|p2a: tangrussy|Power Whip|p1a: Primarina
|-supereffective|p1a: Primarina
|-end|p1a: Primarina|Substitute
|
|-heal|p1a: Primarina|50/100 brn|[from] item: Leftovers
|-damage|p1a: Primarina|44/100 brn|[from] brn
|-damage|p2a: tangrussy|66/100 brn|[from] brn
|upkeep
|turn|12
|
|t:|1665250132
|move|p1a: Primarina|Draining Kiss|p2a: tangrussy
|-damage|p2a: tangrussy|48/100 brn
|-heal|p1a: Primarina|60/100 brn|[from] drain|[of] p2a: tangrussy
|move|p2a: tangrussy|Power Whip|p1a: Primarina
|-supereffective|p1a: Primarina
|-damage|p1a: Primarina|12/100 brn
|
|-heal|p1a: Primarina|18/100 brn|[from] item: Leftovers
|-damage|p1a: Primarina|12/100 brn|[from] brn
|-damage|p2a: tangrussy|42/100 brn|[from] brn
|upkeep
|turn|13
|c|☆esqimo589|aaaaaaaaa what a shit game
|c|☆IndeedeIsKing|Uhm
|c|☆IndeedeIsKing|Help
|c|☆esqimo589|i skipped forward
|c|☆esqimo589|i didnt see how much kiss healed
|c|☆esqimo589|fuck
|inactive|esqimo589 has 270 seconds left.
|c|☆esqimo589|idk whether i can click sbomb or not
|inactive|IndeedeIsKing has 270 seconds left.
|c|☆IndeedeIsKing|I think you can
|
|t:|1665250188
|switch|p1a: Scizor|Scizor, F|84/100
|move|p2a: tangrussy|Power Whip|p1a: Scizor
|-resisted|p1a: Scizor
|-damage|p1a: Scizor|79/100
|
|-damage|p2a: tangrussy|36/100 brn|[from] brn
|upkeep
|turn|14
|inactive|esqimo589 has 270 seconds left.
|
|t:|1665250194
|switch|p2a: the goat|Cobalion|88/100
|move|p1a: Scizor|U-turn|p2a: the goat
|-resisted|p2a: the goat
|-damage|p2a: the goat|80/100
|inactive|IndeedeIsKing has 270 seconds left.
|
|t:|1665250204
|switch|p1a: Quirky Golurky|Golurk|61/100|[from]move: U-turn
|
|upkeep
|turn|15
|
|t:|1665250208
|move|p2a: the goat|Stealth Rock|p1a: Quirky Golurky
|-sidestart|p1: IndeedeIsKing|move: Stealth Rock
|move|p1a: Quirky Golurky|Ice Punch|p2a: the goat
|-resisted|p2a: the goat
|-damage|p2a: the goat|62/100
|
|upkeep
|turn|16
|c|☆IndeedeIsKing|What
|c|☆esqimo589|how did he know
|c|☆IndeedeIsKing|Okay nope
|
|t:|1665250223
|move|p2a: the goat|Stone Edge|p1a: Quirky Golurky
|-resisted|p1a: Quirky Golurky
|-crit|p1a: Quirky Golurky
|-damage|p1a: Quirky Golurky|34/100
|move|p1a: Quirky Golurky|Ice Punch|p2a: the goat
|-resisted|p2a: the goat
|-damage|p2a: the goat|44/100
|
|upkeep
|turn|17
|c|☆IndeedeIsKing|That's too far
|c|☆esqimo589|ok please
|
|t:|1665250233
|switch|p1a: Salamence|Salamence, F|100/100
|-ability|p1a: Salamence|Intimidate|boost
|-unboost|p2a: the goat|atk|1
|move|p2a: the goat|Stone Edge|p1a: Salamence
|-supereffective|p1a: Salamence
|-damage|p1a: Salamence|72/100
|
|upkeep
|turn|18
|
|t:|1665250242
|move|p2a: the goat|Volt Switch|p1a: Salamence
|-damage|p1a: Salamence|58/100
|
|t:|1665250245
|switch|p2a: this girl is fire|Chandelure, F|75/100|[from]move: Volt Switch
|move|p1a: Salamence|Defog|p2a: this girl is fire
|-unboost|p2a: this girl is fire|evasion|1
|-sideend|p1: IndeedeIsKing|Stealth Rock|[from] move: Defog|[of] p1a: Salamence
|
|upkeep
|turn|19
|
|t:|1665250255
|switch|p1a: Chansey|Chansey, F|82/100
|move|p2a: this girl is fire|Will-O-Wisp|p1a: Chansey
|-status|p1a: Chansey|brn
|
|-damage|p1a: Chansey|75/100 brn|[from] brn
|upkeep
|turn|20
|j| Liz Angeles
|
|t:|1665250258
|-curestatus|p1a: Chansey|brn|[from] ability: Natural Cure
|switch|p1a: Zarude|Zarude|100/100
|move|p2a: this girl is fire|Taunt|p1a: Zarude
|-start|p1a: Zarude|move: Taunt
|
|upkeep
|turn|21
|
|t:|1665250264
|switch|p2a: the goat|Cobalion|44/100
|move|p1a: Zarude|U-turn|p2a: the goat
|-resisted|p2a: the goat
|-crit|p2a: the goat
|-damage|p2a: the goat|37/100
|
|t:|1665250266
|switch|p1a: Quirky Golurky|Golurk|34/100|[from]move: U-turn
|
|upkeep
|turn|22
|c|☆esqimo589|ok so many crits wth
|
|t:|1665250282
|move|p2a: the goat|Stealth Rock|p1a: Quirky Golurky
|-sidestart|p1: IndeedeIsKing|move: Stealth Rock
|move|p1a: Quirky Golurky|Poltergeist||[still]
|-fail|p1a: Quirky Golurky
|
|upkeep
|turn|23
|c|☆esqimo589|you are
|c|☆esqimo589|in fact
|c|☆esqimo589|a genius
|c|☆IndeedeIsKing|!!!!!!37€+€+€+€(_
|c|☆IndeedeIsKing|JDJSHYJDHDNW
|c|☆esqimo589|does it as liz joins as well
|inactive|IndeedeIsKing has 270 seconds left.
|
|t:|1665250317
|switch|p1a: Salamence|Salamence, F|58/100
|-ability|p1a: Salamence|Intimidate|boost
|-unboost|p2a: the goat|atk|1
|move|p2a: the goat|Volt Switch|p1a: Salamence
|-damage|p1a: Salamence|45/100
|c|☆IndeedeIsKing|I'm getting outplayed
|c|☆IndeedeIsKing|Help
|c| Liz Angeles|Normally it's you getting owned as soon as I join esqi
|inactive|esqimo589 has 270 seconds left.
|c|☆IndeedeIsKing|Liz' curse is hitting me
|c| Liz Angeles|You finally got to flex
|
|t:|1665250347
|switch|p2a: big chungus|Diggersby, M|100/100|[from]move: Volt Switch
|
|upkeep
|turn|24
|
|t:|1665250355
|switch|p1a: Scizor|Scizor, F|79/100
|move|p2a: big chungus|Knock Off|p1a: Scizor
|-damage|p1a: Scizor|44/100
|-enditem|p1a: Scizor|Heavy-Duty Boots|[from] move: Knock Off|[of] p2a: big chungus
|
|upkeep
|turn|25
|
|t:|1665250361
|switch|p2a: this girl is fire|Chandelure, F|75/100
|move|p1a: Scizor|Roost|p1a: Scizor
|-heal|p1a: Scizor|94/100
|-singleturn|p1a: Scizor|move: Roost
|
|upkeep
|turn|26
|
|t:|1665250368
|move|p2a: this girl is fire|Will-O-Wisp|p1a: Scizor
|-status|p1a: Scizor|brn
|move|p1a: Scizor|Knock Off|p2a: this girl is fire
|-supereffective|p2a: this girl is fire
|-damage|p2a: this girl is fire|38/100
|-enditem|p2a: this girl is fire|Heavy-Duty Boots|[from] move: Knock Off|[of] p1a: Scizor
|
|-damage|p1a: Scizor|88/100 brn|[from] brn
|upkeep
|turn|27
|c|☆esqimo589|perfect
|
|t:|1665250374
|switch|p1a: Chansey|Chansey, F|75/100
|-damage|p1a: Chansey|63/100|[from] Stealth Rock
|move|p2a: this girl is fire|Pain Split|p1a: Chansey
|-sethp|p1a: Chansey|40/100|[from] move: Pain Split|[silent]
|-sethp|p2a: this girl is fire|87/100|[from] move: Pain Split
|
|upkeep
|turn|28
|
|t:|1665250376
|move|p2a: this girl is fire|Taunt|p1a: Chansey
|-start|p1a: Chansey|move: Taunt
|cant|p1a: Chansey|move: Taunt|Soft-Boiled
|
|upkeep
|turn|29
|c|☆IndeedeIsKing|I'm very scared of everything
|c|☆esqimo589|this chandelure set is genuinely evil
|
|t:|1665250389
|switch|p1a: Primarina|Primarina, F|12/100 brn
|-damage|p1a: Primarina|0 fnt|[from] Stealth Rock
|faint|p1a: Primarina
|move|p2a: this girl is fire|Will-O-Wisp|p1: Primarina|[notarget]
|-fail|p2a: this girl is fire
|
|upkeep
|
|t:|1665250390
|switch|p1a: Zarude|Zarude|100/100
|-damage|p1a: Zarude|88/100|[from] Stealth Rock
|turn|30
|c| Liz Angeles|Who wisps on sciz smh
|
|t:|1665250398
|switch|p2a: whiteeyesbluedrag|Salamence, F|100/100
|-ability|p2a: whiteeyesbluedrag|Intimidate|boost
|-unboost|p1a: Zarude|atk|1
|move|p1a: Zarude|Close Combat|p2a: whiteeyesbluedrag
|-resisted|p2a: whiteeyesbluedrag
|-damage|p2a: whiteeyesbluedrag|89/100
|-unboost|p1a: Zarude|def|1
|-unboost|p1a: Zarude|spd|1
|
|upkeep
|turn|31
|c| Liz Angeles|One miss away from losing game
|c|☆esqimo589|chandy has kinda already done its job
|c|☆IndeedeIsKing|Could you like
|c|☆IndeedeIsKing|Not
|c|☆esqimo589|getting a wisp on sciz means i get to sweep with reuni
|inactive|esqimo589 has 270 seconds left.
|c|☆IndeedeIsKing|Golurk still exists.....
|c| Liz Angeles|There's only a golurk and a zarude
|c|☆esqimo589|also im pretty sure chandy didnt die to a non wisped one
|c| Liz Angeles|xd
|inactive|esqimo589 has 240 seconds left.
|c|☆esqimo589|oh true i forgor about golurk
|c|☆esqimo589|nah but like
|c| Liz Angeles|Golurk the god
|c|☆esqimo589|knock me pwease
|c| Liz Angeles|Godlurk
|
|t:|1665250475
|switch|p1a: Chansey|Chansey, F|40/100
|-damage|p1a: Chansey|28/100|[from] Stealth Rock
|switch|p2a: this girl is fire|Chandelure, F|87/100
|
|upkeep
|turn|32
|
|t:|1665250481
|switch|p1a: Zarude|Zarude|88/100
|-damage|p1a: Zarude|76/100|[from] Stealth Rock
|move|p2a: this girl is fire|Taunt|p1a: Zarude
|-start|p1a: Zarude|move: Taunt
|
|upkeep
|turn|33
|c| Liz Angeles|gg
|
|t:|1665250486
|switch|p2a: my toe sis|Reuniclus, M|100/100
|move|p1a: Zarude|U-turn|p2a: my toe sis
|-supereffective|p2a: my toe sis
|-damage|p2a: my toe sis|69/100
|
|t:|1665250488
|switch|p1a: Quirky Golurky|Golurk|34/100|[from]move: U-turn
|-damage|p1a: Quirky Golurky|28/100|[from] Stealth Rock
|
|upkeep
|turn|34
|c|☆esqimo589|fuck
|c| Liz Angeles|In
|c|☆IndeedeIsKing|Okay so
|c|☆IndeedeIsKing|Liz
|c|☆IndeedeIsKing|What's your favourite colour?
|c|☆esqimo589|oh no
|c| Liz Angeles|Purple
|inactive|IndeedeIsKing has 270 seconds left.
|c|☆esqimo589|oh no
|
|t:|1665250524
|switch|p2a: the goat|Cobalion|37/100
|move|p1a: Quirky Golurky|Poltergeist||[still]
|-fail|p1a: Quirky Golurky
|
|upkeep
|turn|35
|inactive|IndeedeIsKing has 270 seconds left.
|c|☆esqimo589|HOW DID I KNOWWWWWWWWWWWWWW
|c|☆IndeedeIsKing|Sad
|c|☆esqimo589|BECAUSE
|c|☆esqimo589|POLTERGEIST
|c|☆esqimo589|IS PURPLE
|c|☆esqimo589|AHAAAAAAAAAAAAAAAAAAAAAAAA
|
|t:|1665250543
|switch|p1a: Salamence|Salamence, F|45/100
|-ability|p1a: Salamence|Intimidate|boost
|-unboost|p2a: the goat|atk|1
|move|p2a: the goat|Volt Switch|p1a: Salamence
|-damage|p1a: Salamence|32/100
|c| Liz Angeles|Who doesn't d punch
|c|☆esqimo589|it doesnt have dpunch
|c|☆IndeedeIsKing|I don't have
|c|☆IndeedeIsKing|Dpunch
|
|t:|1665250559
|switch|p2a: big chungus|Diggersby, M|100/100|[from]move: Volt Switch
|
|upkeep
|turn|36
|c| Liz Angeles|Who doesn't ice punch
|inactive|IndeedeIsKing has 270 seconds left.
|c|☆IndeedeIsKing|I got outplayed by ice punch
|c|☆IndeedeIsKing|Too much
|
|t:|1665250575
|move|p2a: big chungus|U-turn|p1a: Salamence
|-resisted|p1a: Salamence
|-damage|p1a: Salamence|20/100
|c|☆esqimo589|theyre traumatised
|c|☆esqimo589|fuck
|
|t:|1665250587
|switch|p2a: the goat|Cobalion|37/100|[from]move: U-turn
|move|p1a: Salamence|Roost|p1a: Salamence
|-heal|p1a: Salamence|70/100
|-singleturn|p1a: Salamence|move: Roost
|
|upkeep
|turn|37
|c| Liz Angeles|Not like ice punch killed but I thought he was going big chungus to try flex
|
|t:|1665250591
|move|p2a: the goat|Volt Switch|p1a: Salamence
|-damage|p1a: Salamence|57/100
|
|t:|1665250595
|switch|p2a: big chungus|Diggersby, M|100/100|[from]move: Volt Switch
|move|p1a: Salamence|Defog|p2a: big chungus
|-unboost|p2a: big chungus|evasion|1
|-sideend|p1: IndeedeIsKing|Stealth Rock|[from] move: Defog|[of] p1a: Salamence
|
|upkeep
|turn|38
|
|t:|1665250609
|move|p2a: big chungus|U-turn|p1a: Salamence
|-resisted|p1a: Salamence
|-damage|p1a: Salamence|46/100
|c|☆IndeedeIsKing|Wow
|c|☆esqimo589|bro please
|c|☆IndeedeIsKing|Thanks
|c|☆IndeedeIsKing|For the heal
|inactive|esqimo589 has 270 seconds left.
|c| Liz Angeles|Get predicted
|
|t:|1665250631
|switch|p2a: my toe sis|Reuniclus, M|69/100|[from]move: U-turn
|move|p1a: Salamence|Roost|p1a: Salamence
|-heal|p1a: Salamence|96/100
|-singleturn|p1a: Salamence|move: Roost
|
|upkeep
|turn|39
|c|☆IndeedeIsKing|I really just try not to get 6-0d in front of liz
|c|☆IndeedeIsKing|You can win after I took coba
|
|t:|1665250654
|switch|p1a: Chansey|Chansey, F|28/100
|move|p2a: my toe sis|Recover|p2a: my toe sis
|-heal|p2a: my toe sis|100/100
|
|upkeep
|turn|40
|
|t:|1665250657
|move|p1a: Chansey|Soft-Boiled|p1a: Chansey
|-heal|p1a: Chansey|78/100
|move|p2a: my toe sis|Calm Mind|p2a: my toe sis
|-boost|p2a: my toe sis|spa|1
|-boost|p2a: my toe sis|spd|1
|
|upkeep
|turn|41
|
|t:|1665250660
|move|p2a: my toe sis|Focus Blast|p1a: Chansey|[miss]
|-miss|p2a: my toe sis|p1a: Chansey
|move|p1a: Chansey|Teleport|p1a: Chansey
|
|t:|1665250663
|switch|p1a: Quirky Golurky|Golurk|28/100|[from]move: Teleport
|
|upkeep
|turn|42
|
|t:|1665250671
|switch|p2a: whiteeyesbluedrag|Salamence, F|89/100
|-ability|p2a: whiteeyesbluedrag|Intimidate|boost
|-unboost|p1a: Quirky Golurky|atk|1
|move|p1a: Quirky Golurky|Earthquake|p2a: whiteeyesbluedrag
|-immune|p2a: whiteeyesbluedrag
|
|upkeep
|turn|43
|c|☆esqimo589|im actually cracked
|c|☆IndeedeIsKing|Omg
|c|☆IndeedeIsKing|Stop
|
|t:|1665250692
|switch|p1a: Chansey|Chansey, F|78/100
|move|p2a: whiteeyesbluedrag|Hurricane|p1a: Chansey|[miss]
|-miss|p2a: whiteeyesbluedrag|p1a: Chansey
|
|upkeep
|turn|44
|
|t:|1665250697
|switch|p2a: the goat|Cobalion|37/100
|move|p1a: Chansey|Stealth Rock|p2a: the goat
|-sidestart|p2: esqimo589|move: Stealth Rock
|
|upkeep
|turn|45
|
|t:|1665250701
|switch|p1a: Quirky Golurky|Golurk|28/100
|move|p2a: the goat|Stealth Rock|p1a: Quirky Golurky
|-sidestart|p1: IndeedeIsKing|move: Stealth Rock
|
|upkeep
|turn|46
|
|t:|1665250707
|move|p2a: the goat|Stone Edge|p1a: Quirky Golurky
|-resisted|p1a: Quirky Golurky
|-damage|p1a: Quirky Golurky|10/100
|move|p1a: Quirky Golurky|Earthquake|p2a: the goat
|-supereffective|p2a: the goat
|-damage|p2a: the goat|0 fnt
|faint|p2a: the goat
|
|upkeep
|c|☆esqimo589|ok
|c|☆IndeedeIsKing|Thanks
|
|t:|1665250716
|switch|p2a: big chungus|Diggersby, M|100/100
|-damage|p2a: big chungus|94/100|[from] Stealth Rock
|turn|47
|
|t:|1665250721
|switch|p1a: Scizor|Scizor, F|88/100 brn
|-damage|p1a: Scizor|75/100 brn|[from] Stealth Rock
|move|p2a: big chungus|U-turn|p1a: Scizor
|-resisted|p1a: Scizor
|-damage|p1a: Scizor|63/100 brn
|
|t:|1665250740
|switch|p2a: whiteeyesbluedrag|Salamence, F|89/100|[from]move: U-turn
|-ability|p2a: whiteeyesbluedrag|Intimidate|boost
|-unboost|p1a: Scizor|atk|1
|
|-damage|p1a: Scizor|57/100 brn|[from] brn
|upkeep
|turn|48
|
|t:|1665250743
|move|p2a: whiteeyesbluedrag|Flamethrower|p1a: Scizor
|-supereffective|p1a: Scizor
|-damage|p1a: Scizor|0 fnt
|faint|p1a: Scizor
|
|upkeep
|c|☆esqimo589|nice
|
|t:|1665250748
|switch|p1a: Chansey|Chansey, F|78/100
|-damage|p1a: Chansey|65/100|[from] Stealth Rock
|turn|49
|
|t:|1665250753
|move|p2a: whiteeyesbluedrag|Defog|p1a: Chansey
|-unboost|p1a: Chansey|evasion|1
|-sideend|p1: IndeedeIsKing|Stealth Rock|[from] move: Defog|[of] p2a: whiteeyesbluedrag
|-sideend|p2: esqimo589|Stealth Rock|[from] move: Defog|[of] p2a: whiteeyesbluedrag
|move|p1a: Chansey|Teleport|p1a: Chansey
|
|t:|1665250756
|switch|p1a: Zarude|Zarude|76/100|[from]move: Teleport
|
|upkeep
|turn|50
|
|t:|1665250767
|switch|p2a: this girl is fire|Chandelure, F|87/100
|move|p1a: Zarude|U-turn|p2a: this girl is fire
|-resisted|p2a: this girl is fire
|-damage|p2a: this girl is fire|80/100
|-status|p1a: Zarude|brn|[from] ability: Flame Body|[of] p2a: this girl is fire
|c| Liz Angeles|Why'd you defog your own rocks
|c|☆esqimo589|hehehehaw
|c|☆IndeedeIsKing|WHAT
|c|☆IndeedeIsKing|WHY
|c| Liz Angeles|oml
|c|☆esqimo589|because its funny
|c|☆esqimo589|its to flex
|c|☆IndeedeIsKing|why would you ever
|c|☆IndeedeIsKing|Do this
|c|☆esqimo589|because to flex
|
|t:|1665250792
|switch|p1a: Chansey|Chansey, F|65/100|[from]move: U-turn
|
|upkeep
|turn|51
|
|t:|1665250795
|switch|p1a: Zarude|Zarude|76/100 brn
|move|p2a: this girl is fire|Taunt|p1a: Zarude
|-start|p1a: Zarude|move: Taunt
|
|-damage|p1a: Zarude|70/100 brn|[from] brn
|upkeep
|turn|52
|
|t:|1665250803
|move|p1a: Zarude|Darkest Lariat|p2a: this girl is fire
|-supereffective|p2a: this girl is fire
|-damage|p2a: this girl is fire|35/100
|move|p2a: this girl is fire|Will-O-Wisp|p1a: Zarude
|-fail|p1a: Zarude|brn
|
|-damage|p1a: Zarude|64/100 brn|[from] brn
|upkeep
|turn|53
|c|☆IndeedeIsKing|I hoped for crit
|c|☆esqimo589|ok ive had my fun now
|c| Liz Angeles|...
|
|t:|1665250816
|switch|p1a: Chansey|Chansey, F|65/100
|switch|p2a: whiteeyesbluedrag|Salamence, F|89/100
|-ability|p2a: whiteeyesbluedrag|Intimidate|boost
|-unboost|p1a: Chansey|atk|1
|
|upkeep
|turn|54
|
|t:|1665250822
|switch|p2a: this girl is fire|Chandelure, F|35/100
|move|p1a: Chansey|Teleport|p1a: Chansey
|
|t:|1665250823
|switch|p1a: Zarude|Zarude|64/100 brn|[from]move: Teleport
|
|-damage|p1a: Zarude|58/100 brn|[from] brn
|upkeep
|turn|55
|
|t:|1665250826
|switch|p2a: whiteeyesbluedrag|Salamence, F|89/100
|-ability|p2a: whiteeyesbluedrag|Intimidate|boost
|-unboost|p1a: Zarude|atk|1
|move|p1a: Zarude|U-turn|p2a: whiteeyesbluedrag
|-resisted|p2a: whiteeyesbluedrag
|-damage|p2a: whiteeyesbluedrag|85/100
|
|t:|1665250830
|switch|p1a: Chansey|Chansey, F|65/100|[from]move: U-turn
|
|upkeep
|turn|56
|
|t:|1665250842
|switch|p2a: my toe sis|Reuniclus, M|100/100
|move|p1a: Chansey|Stealth Rock|p2a: my toe sis
|-sidestart|p2: esqimo589|move: Stealth Rock
|
|upkeep
|turn|57
|
|t:|1665250844
|move|p2a: my toe sis|Calm Mind|p2a: my toe sis
|-boost|p2a: my toe sis|spa|1
|-boost|p2a: my toe sis|spd|1
|move|p1a: Chansey|Teleport|p1a: Chansey
|
|t:|1665250846
|switch|p1a: Quirky Golurky|Golurk|10/100|[from]move: Teleport
|
|upkeep
|turn|58
|
|t:|1665250859
|switch|p2a: this girl is fire|Chandelure, F|35/100
|-damage|p2a: this girl is fire|10/100|[from] Stealth Rock
|move|p1a: Quirky Golurky|Poltergeist||[still]
|-fail|p1a: Quirky Golurky
|
|upkeep
|turn|59
|c|☆esqimo589|yes
|c|☆IndeedeIsKing|Genuine hatred
|
|t:|1665250877
|move|p2a: this girl is fire|Pain Split|p1a: Quirky Golurky
|-sethp|p1a: Quirky Golurky|10/100|[from] move: Pain Split|[silent]
|-sethp|p2a: this girl is fire|10/100|[from] move: Pain Split
|move|p1a: Quirky Golurky|Poltergeist||[still]
|-fail|p1a: Quirky Golurky
|
|upkeep
|turn|60
|c|☆esqimo589|poltergeist + knock is a meme
|
|t:|1665250881
|move|p2a: this girl is fire|Pain Split|p1a: Quirky Golurky
|-sethp|p1a: Quirky Golurky|10/100|[from] move: Pain Split|[silent]
|-sethp|p2a: this girl is fire|10/100|[from] move: Pain Split
|move|p1a: Quirky Golurky|Poltergeist||[still]
|-fail|p1a: Quirky Golurky
|
|upkeep
|turn|61
|
|t:|1665250884
|move|p2a: this girl is fire|Pain Split|p1a: Quirky Golurky
|-sethp|p1a: Quirky Golurky|10/100|[from] move: Pain Split|[silent]
|-sethp|p2a: this girl is fire|10/100|[from] move: Pain Split
|move|p1a: Quirky Golurky|Poltergeist||[still]
|-fail|p1a: Quirky Golurky
|
|upkeep
|turn|62
|
|t:|1665250886
|move|p2a: this girl is fire|Hex|p1a: Quirky Golurky
|-supereffective|p1a: Quirky Golurky
|-damage|p1a: Quirky Golurky|0 fnt
|faint|p1a: Quirky Golurky
|
|upkeep
|
|t:|1665250888
|switch|p1a: Zarude|Zarude|58/100 brn
|turn|63
|c|☆esqimo589|ok cool
|
|t:|1665250894
|switch|p2a: whiteeyesbluedrag|Salamence, F|85/100
|-ability|p2a: whiteeyesbluedrag|Intimidate|boost
|-unboost|p1a: Zarude|atk|1
|move|p1a: Zarude|U-turn|p2a: whiteeyesbluedrag
|-resisted|p2a: whiteeyesbluedrag
|-damage|p2a: whiteeyesbluedrag|81/100
|c|☆IndeedeIsKing|Gg to reun
|
|t:|1665250900
|switch|p1a: Salamence|Salamence, F|96/100|[from]move: U-turn
|-ability|p1a: Salamence|Intimidate|boost
|-unboost|p2a: whiteeyesbluedrag|atk|1
|
|upkeep
|turn|64
|c|☆esqimo589|yeah
|c|☆esqimo589|honestly stallbreaker chandy is still amazing even against non stall
|
|t:|1665250911
|move|p2a: whiteeyesbluedrag|Defog|p1a: Salamence
|-unboost|p1a: Salamence|evasion|1
|-sideend|p2: esqimo589|Stealth Rock|[from] move: Defog|[of] p2a: whiteeyesbluedrag
|move|p1a: Salamence|Dual Wingbeat|p2a: whiteeyesbluedrag
|-damage|p2a: whiteeyesbluedrag|65/100
|-damage|p2a: whiteeyesbluedrag|48/100
|-hitcount|p2a: whiteeyesbluedrag|2
|
|upkeep
|turn|65
|
|t:|1665250917
|move|p2a: whiteeyesbluedrag|Roost|p2a: whiteeyesbluedrag
|-heal|p2a: whiteeyesbluedrag|98/100
|-singleturn|p2a: whiteeyesbluedrag|move: Roost
|move|p1a: Salamence|Dual Wingbeat|p2a: whiteeyesbluedrag
|-damage|p2a: whiteeyesbluedrag|80/100
|-damage|p2a: whiteeyesbluedrag|63/100
|-hitcount|p2a: whiteeyesbluedrag|2
|
|upkeep
|turn|66
|c|☆esqimo589|its way less of a mu fish than togekiss imo
|
|t:|1665250925
|move|p2a: whiteeyesbluedrag|Hurricane|p1a: Salamence
|-damage|p1a: Salamence|53/100
|-start|p1a: Salamence|confusion
|-activate|p1a: Salamence|confusion
|move|p1a: Salamence|Dual Wingbeat|p2a: whiteeyesbluedrag|[miss]
|-miss|p1a: Salamence|p2a: whiteeyesbluedrag
|
|upkeep
|turn|67
|
|t:|1665250928
|switch|p1a: Chansey|Chansey, F|65/100
|move|p2a: whiteeyesbluedrag|Hurricane|p1a: Chansey|[miss]
|-miss|p2a: whiteeyesbluedrag|p1a: Chansey
|
|upkeep
|turn|68
|c| Liz Angeles|I think you're just lucky and bad tbh
|
|t:|1665250933
|switch|p2a: my toe sis|Reuniclus, M|100/100
|move|p1a: Chansey|Teleport|p1a: Chansey
|c|☆esqimo589|tbf
|c|☆esqimo589|stfu
|c|☆esqimo589|thats what i meant
|c|☆esqimo589|my fingers went to the wrong keys
|c|☆IndeedeIsKing|I did get soooo outplayed in the first like 20 turns
|c|☆esqimo589|so true
|c|☆IndeedeIsKing|And never recovered
|
|t:|1665250957
|switch|p1a: Zarude|Zarude|58/100 brn|[from]move: Teleport
|
|-damage|p1a: Zarude|52/100 brn|[from] brn
|upkeep
|turn|69
|
|t:|1665250962
|move|p1a: Zarude|Darkest Lariat|p2a: my toe sis
|-supereffective|p2a: my toe sis
|-enditem|p2a: my toe sis|Colbur Berry|[eat]
|-enditem|p2a: my toe sis|Colbur Berry|[weaken]
|-damage|p2a: my toe sis|85/100
|move|p2a: my toe sis|Calm Mind|p2a: my toe sis
|-boost|p2a: my toe sis|spa|1
|-boost|p2a: my toe sis|spd|1
|
|-damage|p1a: Zarude|46/100 brn|[from] brn
|upkeep
|turn|70
|
|t:|1665250964
|move|p1a: Zarude|Darkest Lariat|p2a: my toe sis
|-supereffective|p2a: my toe sis
|-damage|p2a: my toe sis|54/100
|move|p2a: my toe sis|Calm Mind|p2a: my toe sis
|-boost|p2a: my toe sis|spa|1
|-boost|p2a: my toe sis|spd|1
|
|-damage|p1a: Zarude|40/100 brn|[from] brn
|upkeep
|turn|71
|
|t:|1665250966
|move|p1a: Zarude|Darkest Lariat|p2a: my toe sis
|-supereffective|p2a: my toe sis
|-damage|p2a: my toe sis|24/100
|move|p2a: my toe sis|Recover|p2a: my toe sis
|-heal|p2a: my toe sis|74/100
|
|-damage|p1a: Zarude|34/100 brn|[from] brn
|upkeep
|turn|72
|
|t:|1665250968
|move|p1a: Zarude|Darkest Lariat|p2a: my toe sis
|-supereffective|p2a: my toe sis
|-damage|p2a: my toe sis|43/100
|move|p2a: my toe sis|Recover|p2a: my toe sis
|-heal|p2a: my toe sis|93/100
|
|-damage|p1a: Zarude|28/100 brn|[from] brn
|upkeep
|turn|73
|c|☆IndeedeIsKing|Crit
|c|☆IndeedeIsKing|Pleased
|c| Liz Angeles|I would've won this endgame vs you
|
|t:|1665250974
|move|p1a: Zarude|Darkest Lariat|p2a: my toe sis
|-supereffective|p2a: my toe sis
|-damage|p2a: my toe sis|63/100
|move|p2a: my toe sis|Calm Mind|p2a: my toe sis
|-boost|p2a: my toe sis|spa|1
|-boost|p2a: my toe sis|spd|1
|
|-damage|p1a: Zarude|22/100 brn|[from] brn
|upkeep
|turn|74
|c|☆esqimo589|sure
|c| Liz Angeles|Not this one
|
|t:|1665250982
|move|p1a: Zarude|Darkest Lariat|p2a: my toe sis
|-supereffective|p2a: my toe sis
|-damage|p2a: my toe sis|32/100
|move|p2a: my toe sis|Recover|p2a: my toe sis
|-heal|p2a: my toe sis|82/100
|
|-damage|p1a: Zarude|16/100 brn|[from] brn
|upkeep
|turn|75
|c| Liz Angeles|But you threw so many times
|c|☆esqimo589|ok yeah i need to make sure im playing araound the crit
|
|t:|1665250990
|move|p1a: Zarude|Darkest Lariat|p2a: my toe sis
|-supereffective|p2a: my toe sis
|-damage|p2a: my toe sis|55/100
|move|p2a: my toe sis|Recover|p2a: my toe sis
|-heal|p2a: my toe sis|100/100
|
|-damage|p1a: Zarude|10/100 brn|[from] brn
|upkeep
|turn|76
|
|t:|1665250993
|move|p1a: Zarude|Darkest Lariat|p2a: my toe sis
|-supereffective|p2a: my toe sis
|-damage|p2a: my toe sis|72/100
|move|p2a: my toe sis|Calm Mind|p2a: my toe sis
|-boost|p2a: my toe sis|spa|1
|-boost|p2a: my toe sis|spd|1
|
|-damage|p1a: Zarude|4/100 brn|[from] brn
|upkeep
|turn|77
|
|t:|1665250995
|move|p1a: Zarude|Darkest Lariat|p2a: my toe sis
|-supereffective|p2a: my toe sis
|-damage|p2a: my toe sis|43/100
|move|p2a: my toe sis|Recover|p2a: my toe sis
|-heal|p2a: my toe sis|93/100
|
|-damage|p1a: Zarude|0 fnt|[from] brn
|faint|p1a: Zarude
|upkeep
|c|☆esqimo589|cool
|c|☆IndeedeIsKing|Ye in case you haven't noticed liz
|c|☆IndeedeIsKing|I'm bad
|
|t:|1665251010
|switch|p1a: Chansey|Chansey, F|65/100
|turn|78
|c|☆esqimo589|nah liz is also bad shes just taunting
|c| Liz Angeles|I'm so good
|
|t:|1665251024
|move|p1a: Chansey|Soft-Boiled|p1a: Chansey
|-heal|p1a: Chansey|100/100
|move|p2a: my toe sis|Focus Blast|p1a: Chansey
|-supereffective|p1a: Chansey
|-damage|p1a: Chansey|42/100
|
|upkeep
|turn|79
|c|☆IndeedeIsKing|Nah I'm like genuinely horrible at this Game
|c|☆esqimo589|stfu liz
|
|t:|1665251032
|move|p1a: Chansey|Soft-Boiled|p1a: Chansey
|-heal|p1a: Chansey|92/100
|move|p2a: my toe sis|Calm Mind|p2a: my toe sis
|-boost|p2a: my toe sis|spa|1
|-boost|p2a: my toe sis|spd|1
|
|upkeep
|turn|80
|c| Liz Angeles|Are you ready to see my smash up dunoks
|
|t:|1665251036
|move|p1a: Chansey|Seismic Toss|p2a: my toe sis
|-damage|p2a: my toe sis|69/100
|move|p2a: my toe sis|Calm Mind|p2a: my toe sis
|-boost|p2a: my toe sis|spa|1
|-boost|p2a: my toe sis|spd|1
|
|upkeep
|turn|81
|
|t:|1665251043
|move|p1a: Chansey|Seismic Toss|p2a: my toe sis
|-damage|p2a: my toe sis|46/100
|move|p2a: my toe sis|Recover|p2a: my toe sis
|-heal|p2a: my toe sis|96/100
|
|upkeep
|turn|82
|
|t:|1665251045
|move|p1a: Chansey|Seismic Toss|p2a: my toe sis
|-damage|p2a: my toe sis|72/100
|move|p2a: my toe sis|Focus Blast|p1a: Chansey
|-supereffective|p1a: Chansey
|-damage|p1a: Chansey|14/100
|
|upkeep
|turn|83
|
|t:|1665251047
|move|p1a: Chansey|Soft-Boiled|p1a: Chansey
|-heal|p1a: Chansey|64/100
|move|p2a: my toe sis|Psyshock|p1a: Chansey
|-damage|p1a: Chansey|0 fnt
|faint|p1a: Chansey
|
|upkeep
|
|t:|1665251050
|switch|p1a: Salamence|Salamence, F|53/100
|-ability|p1a: Salamence|Intimidate|boost
|-unboost|p2a: my toe sis|atk|1
|turn|84
|
|t:|1665251052
|move|p1a: Salamence|Dual Wingbeat|p2a: my toe sis
|-damage|p2a: my toe sis|60/100
|-damage|p2a: my toe sis|48/100
|-hitcount|p2a: my toe sis|2
|move|p2a: my toe sis|Psyshock|p1a: Salamence
|-damage|p1a: Salamence|0 fnt
|faint|p1a: Salamence
|
|win|esqimo589
|c|☆IndeedeIsKing|GG
|c|☆esqimo589|gg
|c| Liz Angeles|it's not for another 4 hours though
|c|☆esqimo589|may i share this replay with the world
|c| Liz Angeles|Honestly if someone sent me this replay I'd probably laugh at them for how they played the endgame
|c|☆esqimo589|stfu liz
