|j|☆Boost Swoosh
|j|☆SirFresh
|t:|1603421860
|player|p1|Boost Swoosh|teamrocket|1599
|player|p2|SirFresh|92|1440
|teamsize|p1|6
|teamsize|p2|6
|gametype|singles
|gen|8
|tier|[Gen 8] UU
|rated|
|clearpoke
|poke|p1|Celebi|
|poke|p1|Polteageist|
|poke|p1|Druddigon, F|
|poke|p1|Rotom-Wash|
|poke|p1|Talonflame, F|
|poke|p1|Zarude|
|poke|p2|Talonflame, M|
|poke|p2|Milotic, F|
|poke|p2|Roserade, F|
|poke|p2|Porygon-Z|
|poke|p2|Umbreon, M|
|poke|p2|Flygon, M|
|rule|Sleep Clause Mod: Limit one foe put to sleep
|rule|Species Clause: Limit one of each Pokémon
|rule|OHKO Clause: OHKO moves are banned
|rule|Evasion Moves Clause: Evasion moves are banned
|rule|Endless Battle Clause: Forcing endless battles is banned
|rule|HP Percentage Mod: HP is shown in percentages
|rule|Dynamax Clause: You cannot dynamax
|teampreview
|inactive|Battle timer is ON: inactive players will automatically lose when time's up. (requested by Boost Swoosh)
|
|t:|1603421882
|start
|switch|p1a: Talonflame|Talonflame, F|100/100
|switch|p2a: Lyoko|Porygon-Z|100/100
|turn|1
|
|t:|1603421898
|move|p1a: Talonflame|Brave Bird|p2a: Lyoko
|-damage|p2a: Lyoko|33/100
|-damage|p1a: Talonflame|77/100|[from] Recoil
|move|p2a: Lyoko|Tri Attack|p1a: Talonflame
|-damage|p1a: Talonflame|0 fnt
|faint|p1a: Talonflame
|
|upkeep
|
|t:|1603421909
|switch|p1a: Zarude|Zarude|100/100
|turn|2
|
|t:|1603421912
|switch|p2a: Ruby|Roserade, F|100/100
|move|p1a: Zarude|Darkest Lariat|p2a: Ruby
|-damage|p2a: Ruby|20/100
|
|-heal|p2a: Ruby|26/100|[from] item: Black Sludge
|upkeep
|turn|3
|
|t:|1603421934
|switch|p2a: Katara|Milotic, F|100/100
|move|p1a: Zarude|Darkest Lariat|p2a: Katara
|-crit|p2a: Katara
|-damage|p2a: Katara|54/100
|-damage|p1a: Zarude|84/100|[from] item: Rocky Helmet|[of] p2a: Katara
|
|upkeep
|turn|4
|
|t:|1603421950
|switch|p1a: Rotom|Rotom-Wash|100/100
|move|p2a: Katara|Recover|p2a: Katara
|-heal|p2a: Katara|100/100
|
|upkeep
|turn|5
|
|t:|1603421962
|switch|p2a: Ruby|Roserade, F|26/100
|move|p1a: Rotom|Volt Switch|p2a: Ruby
|-resisted|p2a: Ruby
|-damage|p2a: Ruby|9/100
|inactive|Boost Swoosh has 120 seconds left.
|
|t:|1603421986
|switch|p1a: Celebi|Celebi|100/100|[from]move: Volt Switch
|
|-heal|p2a: Ruby|15/100|[from] item: Black Sludge
|upkeep
|turn|6
|
|t:|1603421993
|switch|p2a: Fawkes|Talonflame, M|100/100
|move|p1a: Celebi|Psychic|p2a: Fawkes
|-damage|p2a: Fawkes|28/100
|-damage|p1a: Celebi|91/100|[from] item: Life Orb
|
|upkeep
|turn|7
|
|t:|1603422005
|switch|p1a: Druddigon|Druddigon, F|100/100
|move|p2a: Fawkes|U-turn|p1a: Druddigon
|-damage|p1a: Druddigon|87/100
|-damage|p2a: Fawkes|15/100|[from] ability: Rough Skin|[of] p1a: Druddigon
|-damage|p2a: Fawkes|0 fnt|[from] item: Rocky Helmet|[of] p1a: Druddigon
|faint|p2a: Fawkes
|
|upkeep
|
|t:|1603422011
|switch|p2a: Lyoko|Porygon-Z|33/100
|turn|8
|
|t:|1603422027
|switch|p1a: Polteageist|Polteageist|100/100
|move|p2a: Lyoko|Trick|p1a: Polteageist
|-activate|p2a: Lyoko|move: Trick|[of] p1a: Polteageist
|-item|p1a: Polteageist|Choice Specs|[from] move: Trick
|-item|p2a: Lyoko|Focus Sash|[from] move: Trick
|
|upkeep
|turn|9
|
|t:|1603422041
|switch|p1a: Zarude|Zarude|84/100
|move|p2a: Lyoko|Shadow Ball|p1a: Zarude
|-resisted|p1a: Zarude
|-damage|p1a: Zarude|69/100
|-unboost|p1a: Zarude|spd|1
|
|upkeep
|turn|10
|
|t:|1603422050
|switch|p2a: Katara|Milotic, F|100/100
|move|p1a: Zarude|Power Whip|p2a: Katara
|-supereffective|p2a: Katara
|-damage|p2a: Katara|12/100
|-damage|p1a: Zarude|52/100|[from] item: Rocky Helmet|[of] p2a: Katara
|
|upkeep
|turn|11
|
|t:|1603422064
|move|p1a: Zarude|Power Whip|p2a: Katara|[miss]
|-miss|p1a: Zarude|p2a: Katara
|move|p2a: Katara|Recover|p2a: Katara
|-heal|p2a: Katara|62/100
|
|upkeep
|turn|12
|
|t:|1603422073
|move|p1a: Zarude|Power Whip|p2a: Katara
|-supereffective|p2a: Katara
|-damage|p2a: Katara|0 fnt
|-damage|p1a: Zarude|36/100|[from] item: Rocky Helmet|[of] p2a: Katara
|faint|p2a: Katara
|
|upkeep
|
|t:|1603422083
|switch|p2a: Ruby|Roserade, F|15/100
|turn|13
|
|t:|1603422093
|move|p1a: Zarude|Power Whip|p2a: Ruby
|-resisted|p2a: Ruby
|-damage|p2a: Ruby|0 fnt
|faint|p2a: Ruby
|
|upkeep
|
|t:|1603422099
|switch|p2a: Eragon|Flygon, M|100/100
|turn|14
|
|t:|1603422123
|switch|p1a: Rotom|Rotom-Wash|100/100
|move|p2a: Eragon|Dragon Dance|p2a: Eragon
|-boost|p2a: Eragon|atk|1
|-boost|p2a: Eragon|spe|1
|
|upkeep
|turn|15
|
|t:|1603422135
|move|p2a: Eragon|Dragon Dance|p2a: Eragon
|-boost|p2a: Eragon|atk|1
|-boost|p2a: Eragon|spe|1
|move|p1a: Rotom|Hydro Pump|p2a: Eragon
|-damage|p2a: Eragon|42/100
|
|upkeep
|turn|16
|
|t:|1603422148
|move|p2a: Eragon|Outrage|p1a: Rotom
|-damage|p1a: Rotom|0 fnt
|faint|p1a: Rotom
|
|upkeep
|
|t:|1603422151
|switch|p1a: Polteageist|Polteageist|100/100
|turn|17
|
|t:|1603422156
|move|p2a: Eragon|Outrage|p1a: Polteageist|[from]lockedmove
|-damage|p1a: Polteageist|0 fnt
|faint|p1a: Polteageist
|
|upkeep
|c|☆Boost Swoosh|huh this was sash
|c|☆SirFresh|gg?
|c|☆SirFresh|I tricked
|c|☆Boost Swoosh|o
|inactive|Boost Swoosh has 120 seconds left.
|c|☆Boost Swoosh|its hard to see on mobile
|inactive|Boost Swoosh has 90 seconds left.
|
|t:|1603422224
|switch|p1a: Druddigon|Druddigon, F|87/100
|turn|18
|c|☆SirFresh|Ah, I don't play on mobile
|inactive|Boost Swoosh has 90 seconds left.
|
|t:|1603422238
|move|p2a: Eragon|Outrage|p1a: Druddigon|[from]lockedmove
|-supereffective|p1a: Druddigon
|-damage|p1a: Druddigon|0 fnt
|-damage|p2a: Eragon|30/100|[from] ability: Rough Skin|[of] p1a: Druddigon
|-damage|p2a: Eragon|13/100|[from] item: Rocky Helmet|[of] p1a: Druddigon
|-start|p2a: Eragon|confusion|[fatigue]
|faint|p1a: Druddigon
|-enditem|p2a: Eragon|Lum Berry|[eat]
|-end|p2a: Eragon|confusion
|
|upkeep
|
|t:|1603422249
|switch|p1a: Celebi|Celebi|91/100
|turn|19
|
|t:|1603422253
|move|p2a: Eragon|Outrage|p1a: Celebi
|-damage|p1a: Celebi|0 fnt
|faint|p1a: Celebi
|
|upkeep
|c|☆Boost Swoosh|gg
|c|☆SirFresh|gg
|inactive|Boost Swoosh has 90 seconds left.
|
|t:|1603422258
|switch|p1a: Zarude|Zarude|36/100
|turn|20
|
|t:|1603422261
|move|p2a: Eragon|Outrage|p1a: Zarude|[from]lockedmove
|-damage|p1a: Zarude|0 fnt
|faint|p1a: Zarude
|
|win|SirFresh
|l|☆Boost Swoosh
|raw|Boost Swoosh's rating: 1599 &rarr; <strong>1571</strong><br />(-28 for losing)
|raw|SirFresh's rating: 1440 &rarr; <strong>1469</strong><br />(+29 for winning)
