|j|☆kerorek
|j|☆Shogun64
|t:|1637251454
|gametype|singles
|player|p1|kerorek|lass-gen4dp|1440
|player|p2|Shogun64|hilbert|1410
|teamsize|p1|6
|teamsize|p2|6
|gen|8
|tier|[Gen 8] UU
|rated|
|rule|Sleep Clause Mod: Limit one foe put to sleep
|rule|Species Clause: Limit one of each Pokémon
|rule|OHKO Clause: OHKO moves are banned
|rule|Evasion Moves Clause: Evasion moves are banned
|rule|Endless Battle Clause: Forcing endless battles is banned
|rule|HP Percentage Mod: HP is shown in percentages
|rule|Dynamax Clause: You cannot dynamax
|clearpoke
|poke|p1|Comfey, F|
|poke|p1|Heliolisk, F|
|poke|p1|Dugtrio-Alola, F|
|poke|p1|Seaking, F|
|poke|p1|Avalugg, F|
|poke|p1|Mr. Mime-Galar, M|
|poke|p2|Lycanroc-Dusk, F|
|poke|p2|Thundurus-Therian, M|
|poke|p2|Moltres|
|poke|p2|Zygarde-10%|
|poke|p2|Aegislash, F|
|poke|p2|Amoonguss, F|
|teampreview
|
|t:|1637251469
|start
|switch|p1a: Avalugg|Avalugg, F|100/100
|switch|p2a: Zygarde|Zygarde-10%|100/100
|-ability|p2a: Zygarde|Aura Break
|turn|1
|
|t:|1637251475
|switch|p2a: Moltres|Moltres|100/100
|move|p1a: Avalugg|Body Press|p2a: Moltres
|-resisted|p2a: Moltres
|-damage|p2a: Moltres|80/100
|
|upkeep
|turn|2
|
|t:|1637251477
|switch|p1a: Seaking|Seaking, F, shiny|100/100
|move|p2a: Moltres|Flamethrower|p1a: Seaking
|-resisted|p1a: Seaking
|-damage|p1a: Seaking|85/100
|
|-heal|p1a: Seaking|91/100|[from] item: Leftovers
|upkeep
|turn|3
|
|t:|1637251481
|switch|p2a: Amoonguss|Amoonguss, F|100/100
|move|p1a: Seaking|Knock Off|p2a: Amoonguss
|-damage|p2a: Amoonguss|85/100
|-damage|p1a: Seaking|74/100|[from] item: Rocky Helmet|[of] p2a: Amoonguss
|-enditem|p2a: Amoonguss|Rocky Helmet|[from] move: Knock Off|[of] p1a: Seaking
|
|-heal|p1a: Seaking|80/100|[from] item: Leftovers
|upkeep
|turn|4
|j| joeyhoey69
|
|t:|1637251490
|move|p1a: Seaking|Flip Turn|p2a: Amoonguss
|-resisted|p2a: Amoonguss
|-damage|p2a: Amoonguss|78/100
|
|t:|1637251492
|switch|p1a: Mr. Mime|Mr. Mime-Galar, M|100/100|[from]move: Flip Turn
|move|p2a: Amoonguss|Spore|p1a: Mr. Mime
|-immune|p1a: Mr. Mime|[from] ability: Vital Spirit
|
|upkeep
|turn|5
|
|t:|1637251505
|switch|p2a: Aegislash|Aegislash, F|100/100
|move|p1a: Mr. Mime|Shadow Ball|p2a: Aegislash
|-supereffective|p2a: Aegislash
|-damage|p2a: Aegislash|62/100
|
|-heal|p2a: Aegislash|68/100|[from] item: Leftovers
|upkeep
|turn|6
|
|t:|1637251513
|switch|p1a: Seaking|Seaking, F, shiny|80/100
|move|p2a: Aegislash|Toxic|p1a: Seaking
|-status|p1a: Seaking|tox
|
|-heal|p1a: Seaking|86/100 tox|[from] item: Leftovers
|-heal|p2a: Aegislash|75/100|[from] item: Leftovers
|-damage|p1a: Seaking|80/100 tox|[from] psn
|upkeep
|turn|7
|
|t:|1637251518
|switch|p2a: Amoonguss|Amoonguss, F|100/100
|move|p1a: Seaking|Rest|p1a: Seaking
|-status|p1a: Seaking|slp|[from] move: Rest
|-heal|p1a: Seaking|100/100 slp|[silent]
|
|upkeep
|turn|8
|
|t:|1637251524
|cant|p1a: Seaking|slp
|move|p1a: Seaking|Sleep Talk|p1a: Seaking
|move|p1a: Seaking|Flip Turn|p2a: Amoonguss|[from]move: Sleep Talk
|-resisted|p2a: Amoonguss
|-damage|p2a: Amoonguss|94/100
|inactive|Battle timer is ON: inactive players will automatically lose when time's up. (requested by Shogun64)
|
|t:|1637251531
|switch|p1a: Mr. Mime|Mr. Mime-Galar, M|100/100|[from]move: Flip Turn
|move|p2a: Amoonguss|Giga Drain|p1a: Mr. Mime
|-damage|p1a: Mr. Mime|67/100
|-heal|p2a: Amoonguss|100/100|[from] drain|[of] p1a: Mr. Mime
|
|upkeep
|turn|9
|
|t:|1637251542
|move|p1a: Mr. Mime|Ice Beam|p2a: Amoonguss
|-supereffective|p2a: Amoonguss
|-damage|p2a: Amoonguss|0 fnt
|faint|p2a: Amoonguss
|
|upkeep
|
|t:|1637251546
|switch|p2a: Lycanroc|Lycanroc-Dusk, F|100/100
|turn|10
|
|t:|1637251558
|switch|p1a: Dugtrio|Dugtrio-Alola, F|100/100
|move|p2a: Lycanroc|Close Combat|p1a: Dugtrio
|-supereffective|p1a: Dugtrio
|-damage|p1a: Dugtrio|0 fnt
|-unboost|p2a: Lycanroc|def|1
|-unboost|p2a: Lycanroc|spd|1
|-ability|p1a: Dugtrio|Tangling Hair
|-unboost|p2a: Lycanroc|spe|1
|faint|p1a: Dugtrio
|-damage|p2a: Lycanroc|91/100|[from] item: Life Orb
|
|upkeep
|
|t:|1637251564
|switch|p1a: Avalugg|Avalugg, F|100/100
|turn|11
|
|t:|1637251570
|switch|p2a: Moltres|Moltres|80/100
|switch|p1a: Heliolisk|Heliolisk, F|100/100
|
|upkeep
|turn|12
|
|t:|1637251576
|switch|p2a: Aegislash|Aegislash, F|75/100
|move|p1a: Heliolisk|Hyper Voice|p2a: Aegislash
|-immune|p2a: Aegislash
|
|-heal|p2a: Aegislash|81/100|[from] item: Leftovers
|upkeep
|turn|13
|
|t:|1637251580
|switch|p1a: Seaking|Seaking, F, shiny|100/100 slp
|move|p2a: Aegislash|Toxic|p1a: Seaking|[miss]
|-miss|p2a: Aegislash|p1a: Seaking
|
|-heal|p2a: Aegislash|87/100|[from] item: Leftovers
|upkeep
|turn|14
|
|t:|1637251585
|move|p2a: Aegislash|King's Shield|p2a: Aegislash
|-singleturn|p2a: Aegislash|Protect
|cant|p1a: Seaking|slp
|move|p1a: Seaking|Sleep Talk|p1a: Seaking
|move|p1a: Seaking|Knock Off|p2a: Aegislash|[from]move: Sleep Talk
|-activate|p2a: Aegislash|move: Protect
|-unboost|p1a: Seaking|atk|1
|
|-heal|p2a: Aegislash|93/100|[from] item: Leftovers
|upkeep
|turn|15
|
|t:|1637251591
|-curestatus|p1a: Seaking|slp|[msg]
|move|p1a: Seaking|Knock Off|p2a: Aegislash
|-supereffective|p2a: Aegislash
|-damage|p2a: Aegislash|72/100
|-enditem|p2a: Aegislash|Leftovers|[from] move: Knock Off|[of] p1a: Seaking
|-formechange|p2a: Aegislash|Aegislash-Blade||[from] ability: Stance Change
|move|p2a: Aegislash|Shadow Ball|p1a: Seaking
|-damage|p1a: Seaking|74/100
|
|-heal|p1a: Seaking|80/100|[from] item: Leftovers
|upkeep
|turn|16
|
|t:|1637251602
|-formechange|p2a: Aegislash|Aegislash||[from] ability: Stance Change
|move|p2a: Aegislash|King's Shield|p2a: Aegislash
|-singleturn|p2a: Aegislash|Protect
|move|p1a: Seaking|Flip Turn|p2a: Aegislash
|-activate|p2a: Aegislash|move: Protect
|-unboost|p1a: Seaking|atk|1
|
|-heal|p1a: Seaking|86/100|[from] item: Leftovers
|upkeep
|turn|17
|
|t:|1637251607
|move|p1a: Seaking|Knock Off|p2a: Aegislash
|-supereffective|p2a: Aegislash
|-damage|p2a: Aegislash|60/100
|move|p2a: Aegislash|Toxic|p1a: Seaking
|-status|p1a: Seaking|tox
|
|-heal|p1a: Seaking|92/100 tox|[from] item: Leftovers
|-damage|p1a: Seaking|86/100 tox|[from] psn
|upkeep
|turn|18
|
|t:|1637251612
|move|p1a: Seaking|Rest|p1a: Seaking
|-status|p1a: Seaking|slp|[from] move: Rest
|-heal|p1a: Seaking|100/100 slp|[silent]
|-formechange|p2a: Aegislash|Aegislash-Blade||[from] ability: Stance Change
|move|p2a: Aegislash|Shadow Ball|p1a: Seaking
|-damage|p1a: Seaking|72/100 slp
|
|-heal|p1a: Seaking|79/100 slp|[from] item: Leftovers
|upkeep
|turn|19
|
|t:|1637251615
|cant|p1a: Seaking|slp
|move|p1a: Seaking|Sleep Talk|p1a: Seaking
|move|p1a: Seaking|Flip Turn|p2a: Aegislash|[from]move: Sleep Talk
|-damage|p2a: Aegislash|44/100
|
|t:|1637251618
|switch|p1a: Heliolisk|Heliolisk, F|100/100|[from]move: Flip Turn
|move|p2a: Aegislash|Shadow Ball|p1a: Heliolisk
|-immune|p1a: Heliolisk
|
|upkeep
|turn|20
|
|t:|1637251622
|-formechange|p2a: Aegislash|Aegislash||[from] ability: Stance Change
|move|p2a: Aegislash|King's Shield|p2a: Aegislash
|-singleturn|p2a: Aegislash|Protect
|move|p1a: Heliolisk|Volt Switch|p2a: Aegislash
|-activate|p2a: Aegislash|move: Protect
|
|upkeep
|turn|21
|
|t:|1637251629
|switch|p1a: Seaking|Seaking, F, shiny|79/100 slp
|switch|p2a: Thundurus|Thundurus-Therian, M|100/100
|
|-heal|p1a: Seaking|85/100 slp|[from] item: Leftovers
|upkeep
|turn|22
|j| Shine*days
|
|t:|1637251640
|move|p2a: Thundurus|Nasty Plot|p2a: Thundurus
|-boost|p2a: Thundurus|spa|2
|cant|p1a: Seaking|slp
|move|p1a: Seaking|Sleep Talk|p1a: Seaking
|move|p1a: Seaking|Flip Turn|p2a: Thundurus|[from]move: Sleep Talk
|-damage|p2a: Thundurus|69/100
|
|t:|1637251645
|switch|p1a: Heliolisk|Heliolisk, F|100/100|[from]move: Flip Turn
|
|upkeep
|turn|23
|
|t:|1637251651
|move|p1a: Heliolisk|Hyper Voice|p2a: Thundurus
|-damage|p2a: Thundurus|0 fnt
|faint|p2a: Thundurus
|
|upkeep
|
|t:|1637251658
|switch|p2a: Lycanroc|Lycanroc-Dusk, F|91/100
|turn|24
|
|t:|1637251662
|switch|p1a: Comfey|Comfey, F|100/100
|move|p2a: Lycanroc|Close Combat|p1a: Comfey
|-resisted|p1a: Comfey
|-damage|p1a: Comfey|73/100
|-unboost|p2a: Lycanroc|def|1
|-unboost|p2a: Lycanroc|spd|1
|-damage|p2a: Lycanroc|74/100|[from] item: Rocky Helmet|[of] p1a: Comfey
|-damage|p2a: Lycanroc|64/100|[from] item: Life Orb
|
|upkeep
|turn|25
|
|t:|1637251665
|switch|p2a: Moltres|Moltres|80/100
|move|p1a: Comfey|U-turn|p2a: Moltres
|-resisted|p2a: Moltres
|-crit|p2a: Moltres
|-damage|p2a: Moltres|77/100
|-status|p1a: Comfey|brn|[from] ability: Flame Body|[of] p2a: Moltres
|
|t:|1637251668
|switch|p1a: Heliolisk|Heliolisk, F|100/100|[from]move: U-turn
|
|upkeep
|turn|26
|
|t:|1637251674
|switch|p2a: Aegislash|Aegislash, F|44/100
|move|p1a: Heliolisk|Thunderbolt|p2a: Aegislash
|-damage|p2a: Aegislash|4/100
|
|upkeep
|turn|27
|
|t:|1637251677
|move|p1a: Heliolisk|Thunderbolt|p2a: Aegislash
|-damage|p2a: Aegislash|0 fnt
|faint|p2a: Aegislash
|
|upkeep
|
|t:|1637251681
|switch|p2a: Lycanroc|Lycanroc-Dusk, F|64/100
|turn|28
|
|t:|1637251689
|switch|p1a: Mr. Mime|Mr. Mime-Galar, M|67/100
|move|p2a: Lycanroc|Stone Edge|p1a: Mr. Mime|[miss]
|-miss|p2a: Lycanroc|p1a: Mr. Mime
|
|upkeep
|turn|29
|
|t:|1637251698
|move|p2a: Lycanroc|Accelerock|p1a: Mr. Mime
|-supereffective|p1a: Mr. Mime
|-damage|p1a: Mr. Mime|0 fnt
|faint|p1a: Mr. Mime
|-damage|p2a: Lycanroc|54/100|[from] item: Life Orb
|
|upkeep
|
|t:|1637251708
|switch|p1a: Seaking|Seaking, F, shiny|85/100 slp
|turn|30
|inactive|Shogun64 has 120 seconds left.
|
|t:|1637251740
|move|p2a: Lycanroc|Close Combat|p1a: Seaking
|-damage|p1a: Seaking|2/100 slp
|-unboost|p2a: Lycanroc|def|1
|-unboost|p2a: Lycanroc|spd|1
|-damage|p2a: Lycanroc|44/100|[from] item: Life Orb
|-curestatus|p1a: Seaking|slp|[msg]
|move|p1a: Seaking|Flip Turn|p2a: Lycanroc
|-supereffective|p2a: Lycanroc
|-damage|p2a: Lycanroc|0 fnt
|faint|p2a: Lycanroc
|
|t:|1637251751
|switch|p1a: Avalugg|Avalugg, F|100/100|[from]move: Flip Turn
|
|upkeep
|
|t:|1637251754
|switch|p2a: Moltres|Moltres|77/100
|turn|31
|
|t:|1637251756
|switch|p1a: Seaking|Seaking, F, shiny|2/100
|move|p2a: Moltres|Flamethrower|p1a: Seaking
|-resisted|p1a: Seaking
|-crit|p1a: Seaking
|-damage|p1a: Seaking|0 fnt
|faint|p1a: Seaking
|
|upkeep
|
|t:|1637251758
|switch|p1a: Heliolisk|Heliolisk, F|100/100
|turn|32
|
|t:|1637251763
|switch|p2a: Zygarde|Zygarde-10%|100/100
|-ability|p2a: Zygarde|Aura Break
|move|p1a: Heliolisk|Hyper Voice|p2a: Zygarde
|-damage|p2a: Zygarde|0 fnt
|faint|p2a: Zygarde
|
|upkeep
|
|t:|1637251769
|switch|p2a: Moltres|Moltres|77/100
|turn|33
|
|t:|1637251772
|switch|p1a: Comfey|Comfey, F|73/100 brn
|move|p2a: Moltres|Flamethrower|p1a: Comfey
|-damage|p1a: Comfey|28/100 brn
|
|-damage|p1a: Comfey|22/100 brn|[from] brn
|upkeep
|turn|34
|
|t:|1637251775
|move|p1a: Comfey|Synthesis|p1a: Comfey
|-heal|p1a: Comfey|72/100 brn
|move|p2a: Moltres|Flamethrower|p1a: Comfey
|-damage|p1a: Comfey|30/100 brn
|
|-damage|p1a: Comfey|24/100 brn|[from] brn
|upkeep
|turn|35
|
|t:|1637251779
|move|p1a: Comfey|Synthesis|p1a: Comfey
|-heal|p1a: Comfey|74/100 brn
|move|p2a: Moltres|Flamethrower|p1a: Comfey
|-damage|p1a: Comfey|30/100 brn
|
|-damage|p1a: Comfey|23/100 brn|[from] brn
|upkeep
|turn|36
|
|t:|1637251783
|move|p1a: Comfey|Draining Kiss|p2a: Moltres
|-resisted|p2a: Moltres
|-damage|p2a: Moltres|68/100
|-heal|p1a: Comfey|30/100 brn|[from] drain|[of] p2a: Moltres
|move|p2a: Moltres|Hurricane|p1a: Comfey|[miss]
|-miss|p2a: Moltres|p1a: Comfey
|
|-damage|p1a: Comfey|24/100 brn|[from] brn
|upkeep
|turn|37
|
|t:|1637251788
|move|p1a: Comfey|Draining Kiss|p2a: Moltres
|-resisted|p2a: Moltres
|-damage|p2a: Moltres|60/100
|-heal|p1a: Comfey|31/100 brn|[from] drain|[of] p2a: Moltres
|move|p2a: Moltres|Hurricane|p1a: Comfey
|-crit|p1a: Comfey
|-damage|p1a: Comfey|0 fnt
|faint|p1a: Comfey
|
|upkeep
|
|t:|1637251790
|switch|p1a: Heliolisk|Heliolisk, F|100/100
|turn|38
|
|t:|1637251795
|move|p1a: Heliolisk|Thunderbolt|p2a: Moltres
|-supereffective|p2a: Moltres
|-damage|p2a: Moltres|0 fnt
|faint|p2a: Moltres
|
|win|kerorek
|raw|kerorek's rating: 1440 &rarr; <strong>1458</strong><br />(+18 for winning)
|raw|Shogun64's rating: 1410 &rarr; <strong>1392</strong><br />(-18 for losing)
|l|☆Shogun64
|l|☆kerorek
|l| joeyhoey69
||Ladder isn't responding, score probably updated but might not have (Request timeout).
