|j|☆luthier
|j|☆gijion chilli
|player|p1|luthier|170|1702
|player|p2|gijion chilli|twins-gen4dp|1650
|teamsize|p1|6
|teamsize|p2|6
|gametype|singles
|gen|8
|tier|[Gen 8] UU
|rated|
|clearpoke
|poke|p1|Durant, F|
|poke|p1|Diggersby, F|
|poke|p1|Weezing-Galar, F|
|poke|p1|Milotic, F|
|poke|p1|Rhyperior, M|
|poke|p1|Noivern, F|
|poke|p2|Machamp, M|
|poke|p2|Weavile, M|
|poke|p2|Duraludon, M|
|poke|p2|Weezing-Galar, F|
|poke|p2|Doublade, F|
|poke|p2|Gardevoir, M|
|rule|Sleep Clause Mod: Limit one foe put to sleep
|rule|Species Clause: Limit one of each Pokémon
|rule|OHKO Clause: OHKO moves are banned
|rule|Evasion Moves Clause: Evasion moves are banned
|rule|Endless Battle Clause: Forcing endless battles is banned
|rule|HP Percentage Mod: HP is shown in percentages
|rule|Dynamax Clause: You cannot dynamax
|teampreview
|c|☆luthier|hf
|
|start
|switch|p1a: Durant|Durant, F|100/100
|switch|p2a: Duraludon|Duraludon, M|100/100
|turn|1
|
|move|p1a: Durant|Crunch|p2a: Duraludon
|-damage|p2a: Duraludon|43/100
|move|p2a: Duraludon|Thunder Wave|p1a: Durant
|-status|p1a: Durant|par
|
|upkeep
|turn|2
|
|move|p2a: Duraludon|Stealth Rock|p1a: Durant
|-sidestart|p1: luthier|move: Stealth Rock
|cant|p1a: Durant|par
|
|upkeep
|turn|3
|
|switch|p1a: Milotic|Milotic, F|100/100
|-damage|p1a: Milotic|88/100|[from] Stealth Rock
|move|p2a: Duraludon|Thunderbolt|p1a: Milotic
|-supereffective|p1a: Milotic
|-damage|p1a: Milotic|53/100
|
|-heal|p1a: Milotic|59/100|[from] item: Leftovers
|upkeep
|turn|4
|
|move|p2a: Duraludon|Thunderbolt|p1a: Milotic
|-supereffective|p1a: Milotic
|-damage|p1a: Milotic|18/100
|move|p1a: Milotic|Recover|p1a: Milotic
|-heal|p1a: Milotic|68/100
|
|-heal|p1a: Milotic|74/100|[from] item: Leftovers
|upkeep
|turn|5
|
|move|p2a: Duraludon|Thunderbolt|p1a: Milotic
|-supereffective|p1a: Milotic
|-damage|p1a: Milotic|36/100
|move|p1a: Milotic|Recover|p1a: Milotic
|-heal|p1a: Milotic|86/100
|
|-heal|p1a: Milotic|92/100|[from] item: Leftovers
|upkeep
|turn|6
|
|switch|p2a: Machamp|Machamp, M|100/100
|move|p1a: Milotic|Ice Beam|p2a: Machamp
|-damage|p2a: Machamp|76/100
|
|-heal|p1a: Milotic|98/100|[from] item: Leftovers
|-status|p2a: Machamp|brn|[from] item: Flame Orb
|upkeep
|turn|7
|
|move|p2a: Machamp|Facade|p1a: Milotic
|-damage|p1a: Milotic|37/100
|move|p1a: Milotic|Scald|p2a: Machamp
|-damage|p2a: Machamp|42/100 brn
|
|-heal|p1a: Milotic|43/100|[from] item: Leftovers
|-damage|p2a: Machamp|35/100 brn|[from] brn
|upkeep
|turn|8
|
|switch|p1a: Rhyperior|Rhyperior, M|100/100
|-damage|p1a: Rhyperior|94/100|[from] Stealth Rock
|move|p2a: Machamp|Facade|p1a: Rhyperior
|-resisted|p1a: Rhyperior
|-damage|p1a: Rhyperior|69/100
|
|-heal|p1a: Rhyperior|76/100|[from] item: Leftovers
|-damage|p2a: Machamp|29/100 brn|[from] brn
|upkeep
|turn|9
|
|switch|p1a: Noivern|Noivern, F|100/100
|move|p2a: Machamp|Close Combat|p1a: Noivern
|-resisted|p1a: Noivern
|-damage|p1a: Noivern|46/100
|-unboost|p2a: Machamp|def|1
|-unboost|p2a: Machamp|spd|1
|
|-damage|p2a: Machamp|23/100 brn|[from] brn
|upkeep
|turn|10
|
|move|p2a: Machamp|Bullet Punch|p1a: Noivern
|-damage|p1a: Noivern|20/100
|move|p1a: Noivern|Defog|p2a: Machamp
|-unboost|p2a: Machamp|evasion|1
|-sideend|p1: luthier|Stealth Rock|[from] move: Defog|[of] p1a: Noivern
|
|-damage|p2a: Machamp|17/100 brn|[from] brn
|upkeep
|turn|11
|
|switch|p1a: Milotic|Milotic, F|43/100
|move|p2a: Machamp|Facade|p1a: Milotic
|-damage|p1a: Milotic|0 fnt
|faint|p1a: Milotic
|
|-damage|p2a: Machamp|10/100 brn|[from] brn
|upkeep
|
|switch|p1a: Diggersby|Diggersby, F|100/100
|turn|12
|
|move|p2a: Machamp|Bullet Punch|p1a: Diggersby
|-damage|p1a: Diggersby|71/100
|move|p1a: Diggersby|U-turn|p2a: Machamp
|-resisted|p2a: Machamp
|-damage|p2a: Machamp|0 fnt
|faint|p2a: Machamp
|
|switch|p1a: Durant|Durant, F|100/100 par|[from]move: U-turn
|
|upkeep
|
|switch|p2a: Duraludon|Duraludon, M|43/100
|turn|13
|
|move|p2a: Duraludon|Stealth Rock|p1a: Durant
|-sidestart|p1: luthier|move: Stealth Rock
|move|p1a: Durant|Crunch|p2a: Duraludon
|-damage|p2a: Duraludon|0 fnt
|faint|p2a: Duraludon
|
|upkeep
|
|switch|p2a: Weezing|Weezing-Galar, F|100/100
|turn|14
|
|switch|p1a: Weezing|Weezing-Galar, F|100/100
|-damage|p1a: Weezing|88/100|[from] Stealth Rock
|move|p2a: Weezing|Strange Steam|p1a: Weezing
|-resisted|p1a: Weezing
|-crit|p1a: Weezing
|-damage|p1a: Weezing|49/100
|
|-heal|p1a: Weezing|55/100|[from] item: Black Sludge
|upkeep
|turn|15
|
|move|p2a: Weezing|Sludge Bomb|p1a: Weezing
|-damage|p1a: Weezing|2/100
|move|p1a: Weezing|Sludge Bomb|p2a: Weezing
|-damage|p2a: Weezing|43/100
|
|-heal|p2a: Weezing|50/100|[from] item: Black Sludge
|-heal|p1a: Weezing|9/100|[from] item: Black Sludge
|upkeep
|turn|16
|
|move|p2a: Weezing|Sludge Bomb|p1a: Weezing
|-damage|p1a: Weezing|0 fnt
|faint|p1a: Weezing
|
|-heal|p2a: Weezing|56/100|[from] item: Black Sludge
|upkeep
|
|switch|p1a: Noivern|Noivern, F|20/100
|turn|17
|
|move|p1a: Noivern|Hurricane|p2a: Weezing
|-damage|p2a: Weezing|0 fnt
|faint|p2a: Weezing
|
|upkeep
|
|switch|p2a: Gardevoir|Gardevoir, M|100/100
|-ability|p2a: Gardevoir|Infiltrator|[from] ability: Trace|[of] p1a: Noivern
|turn|18
|
|switch|p1a: Durant|Durant, F|100/100 par
|-damage|p1a: Durant|88/100 par|[from] Stealth Rock
|move|p2a: Gardevoir|Moonblast|p1a: Durant
|-resisted|p1a: Durant
|-damage|p1a: Durant|36/100 par
|-unboost|p1a: Durant|spa|1
|
|upkeep
|turn|19
|
|switch|p2a: Doublade|Doublade, F|100/100
|move|p1a: Durant|First Impression|p2a: Doublade
|-resisted|p2a: Doublade
|-damage|p2a: Doublade|89/100
|
|upkeep
|turn|20
|
|switch|p1a: Noivern|Noivern, F|20/100
|move|p2a: Doublade|Iron Head|p1a: Noivern
|-damage|p1a: Noivern|0 fnt
|faint|p1a: Noivern
|
|upkeep
|
|switch|p1a: Rhyperior|Rhyperior, M|76/100
|-damage|p1a: Rhyperior|69/100|[from] Stealth Rock
|turn|21
|
|move|p2a: Doublade|Iron Head|p1a: Rhyperior
|-supereffective|p1a: Rhyperior
|-damage|p1a: Rhyperior|28/100
|move|p1a: Rhyperior|Earthquake|p2a: Doublade
|-supereffective|p2a: Doublade
|-damage|p2a: Doublade|32/100
|
|-heal|p1a: Rhyperior|34/100|[from] item: Leftovers
|upkeep
|turn|22
|
|move|p2a: Doublade|Iron Head|p1a: Rhyperior
|-supereffective|p1a: Rhyperior
|-damage|p1a: Rhyperior|0 fnt
|faint|p1a: Rhyperior
|
|upkeep
|
|switch|p1a: Diggersby|Diggersby, F|71/100
|-damage|p1a: Diggersby|65/100|[from] Stealth Rock
|turn|23
|
|move|p1a: Diggersby|Earthquake|p2a: Doublade
|-supereffective|p2a: Doublade
|-damage|p2a: Doublade|0 fnt
|faint|p2a: Doublade
|
|upkeep
|c|☆luthier|gg
|
|switch|p2a: Gardevoir|Gardevoir, M|100/100
|-ability|p2a: Gardevoir|Huge Power|[from] ability: Trace|[of] p1a: Diggersby
|turn|24
|c|☆luthier|cool team
|
|move|p2a: Gardevoir|Moonblast|p1a: Diggersby
|-damage|p1a: Diggersby|0 fnt
|faint|p1a: Diggersby
|
|upkeep
|
|switch|p1a: Durant|Durant, F|36/100 par
|-damage|p1a: Durant|23/100 par|[from] Stealth Rock
|turn|25
|-message|luthier forfeited.
|
|win|gijion chilli
|l|☆luthier
|c|☆gijion chilli|Gg
|raw|luthier's rating: 1703 &rarr; <strong>1680</strong><br />(-23 for losing)
|raw|gijion chilli's rating: 1650 &rarr; <strong>1673</strong><br />(+23 for winning)
