|raw|<div class="broadcast-blue"><strong>This battle is required to be public due to a player having a name starting with 'uult94a'.</div>
|j|☆UULT94A Humerus
|j|☆UULT94A Nimzo
|t:|1653964666
|gametype|singles
|player|p1|UULT94A Humerus|265|1662
|player|p2|UULT94A Nimzo|swimmerf-gen4dp|1538
|teamsize|p1|6
|teamsize|p2|6
|gen|8
|tier|[Gen 8] UU
|rated|
|rule|Sleep Clause Mod: Limit one foe put to sleep
|rule|Species Clause: Limit one of each Pokémon
|rule|OHKO Clause: OHKO moves are banned
|rule|Evasion Moves Clause: Evasion moves are banned
|rule|Endless Battle Clause: Forcing endless battles is banned
|rule|HP Percentage Mod: HP is shown in percentages
|rule|Dynamax Clause: You cannot dynamax
|clearpoke
|poke|p1|Hippowdon, F|
|poke|p1|Scizor, M|
|poke|p1|Rotom-Wash|
|poke|p1|Zarude|
|poke|p1|Moltres|
|poke|p1|Zygarde-10%|
|poke|p2|Azumarill, M|
|poke|p2|Scizor, F|
|poke|p2|Salamence, F|
|poke|p2|Azelf|
|poke|p2|Darmanitan, F|
|poke|p2|Keldeo-Resolute|
|teampreview
|inactive|Battle timer is ON: inactive players will automatically lose when time's up. (requested by UULT94A Nimzo)
|c|☆UULT94A Humerus|1538
|c|☆UULT94A Humerus|sis ..
|c|☆UULT94A Humerus|rip u
|c|☆UULT94A Nimzo|bro
|j| UULT94A Zaza
|c|☆UULT94A Nimzo|it's not like i care about my stupid rating
|c|☆UULT94A Nimzo|or anything
|inactive|UULT94A Humerus has 120 seconds left.
|inactive|UULT94A Nimzo has 120 seconds left.
|c|☆UULT94A Nimzo|dummy
|c|☆UULT94A Humerus|its ok pif's team sucks ass into keldeo
|inactive|UULT94A Humerus has 90 seconds left.
|j| Expulso
|
|t:|1653964732
|start
|switch|p1a: Moltres|Moltres|100/100
|switch|p2a: Azelf|Azelf|100/100
|turn|1
|
|t:|1653964735
|move|p2a: Azelf|Stealth Rock|p1a: Moltres
|-sidestart|p1: UULT94A Humerus|move: Stealth Rock
|move|p1a: Moltres|Hurricane|p2a: Azelf
|-damage|p2a: Azelf|19/100
|-start|p2a: Azelf|confusion
|
|upkeep
|turn|2
|c| UULT94A Zaza|Go Nimzo!
|j| yukiko emoji
|j| BigFatMantis
|
|t:|1653964743
|-activate|p2a: Azelf|confusion
|move|p2a: Azelf|Explosion|p1a: Moltres
|-damage|p1a: Moltres|36/100
|faint|p2a: Azelf
|move|p1a: Moltres|Roost|p1a: Moltres
|-heal|p1a: Moltres|86/100
|-singleturn|p1a: Moltres|move: Roost
|
|upkeep
|
|t:|1653964749
|switch|p2a: Azumarill|Azumarill, M|100/100
|turn|3
|
|t:|1653964768
|move|p1a: Moltres|Hurricane|p2a: Azumarill
|-damage|p2a: Azumarill|46/100
|-enditem|p2a: Azumarill|Sitrus Berry|[eat]
|-heal|p2a: Azumarill|71/100|[from] item: Sitrus Berry
|move|p2a: Azumarill|Play Rough|p1a: Moltres
|-resisted|p1a: Moltres
|-damage|p1a: Moltres|57/100
|-unboost|p1a: Moltres|atk|1
|-status|p2a: Azumarill|brn|[from] ability: Flame Body|[of] p1a: Moltres
|
|-damage|p2a: Azumarill|65/100 brn|[from] brn
|upkeep
|turn|4
|inactive|UULT94A Humerus has 120 seconds left.
|
|t:|1653964799
|move|p1a: Moltres|U-turn|p2a: Azumarill
|-resisted|p2a: Azumarill
|-damage|p2a: Azumarill|59/100 brn
|
|t:|1653964803
|switch|p1a: Hippowdon|Hippowdon, F|100/100|[from]move: U-turn
|-damage|p1a: Hippowdon|94/100|[from] Stealth Rock
|-weather|Sandstorm|[from] ability: Sand Stream|[of] p1a: Hippowdon
|move|p2a: Azumarill|Knock Off|p1a: Hippowdon
|-damage|p1a: Hippowdon|83/100
|-enditem|p1a: Hippowdon|Leftovers|[from] move: Knock Off|[of] p2a: Azumarill
|
|-weather|Sandstorm|[upkeep]
|-damage|p2a: Azumarill|53/100 brn|[from] Sandstorm
|-damage|p2a: Azumarill|46/100 brn|[from] brn
|upkeep
|turn|5
|
|t:|1653964815
|switch|p2a: Keldeo|Keldeo-Resolute|100/100
|move|p1a: Hippowdon|Stealth Rock|p2a: Keldeo
|-sidestart|p2: UULT94A Nimzo|move: Stealth Rock
|
|-weather|Sandstorm|[upkeep]
|-damage|p2a: Keldeo|94/100|[from] Sandstorm
|-heal|p2a: Keldeo|100/100|[from] item: Leftovers
|upkeep
|turn|6
|j|+TSR
|
|t:|1653964832
|move|p2a: Keldeo|Substitute|p2a: Keldeo
|-start|p2a: Keldeo|Substitute
|-damage|p2a: Keldeo|76/100
|move|p1a: Hippowdon|Earthquake|p2a: Keldeo
|-end|p2a: Keldeo|Substitute
|
|-weather|Sandstorm|[upkeep]
|-damage|p2a: Keldeo|70/100|[from] Sandstorm
|-heal|p2a: Keldeo|76/100|[from] item: Leftovers
|upkeep
|turn|7
|j| UULT94A skarmy
|c|☆UULT94A Nimzo|baka
|l| UULT94A skarmy
|
|t:|1653964861
|switch|p1a: Rotom|Rotom-Wash|100/100
|-damage|p1a: Rotom|88/100|[from] Stealth Rock
|move|p2a: Keldeo|Scald|p1a: Rotom
|-resisted|p1a: Rotom
|-damage|p1a: Rotom|67/100
|-status|p1a: Rotom|brn
|
|-weather|Sandstorm|[upkeep]
|-damage|p2a: Keldeo|70/100|[from] Sandstorm
|-damage|p1a: Rotom|61/100 brn|[from] Sandstorm
|-heal|p2a: Keldeo|76/100|[from] item: Leftovers
|-heal|p1a: Rotom|67/100 brn|[from] item: Leftovers
|-damage|p1a: Rotom|61/100 brn|[from] brn
|upkeep
|turn|8
|
|t:|1653964876
|switch|p2a: Azumarill|Azumarill, M|46/100 brn
|-damage|p2a: Azumarill|34/100 brn|[from] Stealth Rock
|move|p1a: Rotom|Volt Switch|p2a: Azumarill
|-supereffective|p2a: Azumarill
|-damage|p2a: Azumarill|0 fnt
|faint|p2a: Azumarill
|
|t:|1653964890
|switch|p1a: Scizor|Scizor, M|100/100|[from]move: Volt Switch
|
|-weather|none
|upkeep
|j| UULT94A skarmy
|
|t:|1653964898
|switch|p2a: Darmanitan|Darmanitan, F|100/100
|-damage|p2a: Darmanitan|76/100|[from] Stealth Rock
|turn|9
|
|t:|1653964909
|switch|p1a: Hippowdon|Hippowdon, F|83/100
|-damage|p1a: Hippowdon|77/100|[from] Stealth Rock
|-weather|Sandstorm|[from] ability: Sand Stream|[of] p1a: Hippowdon
|move|p2a: Darmanitan|Flare Blitz|p1a: Hippowdon
|-crit|p1a: Hippowdon
|-damage|p1a: Hippowdon|0 fnt
|faint|p1a: Hippowdon
|-damage|p2a: Darmanitan|46/100|[from] Recoil
|
|-weather|Sandstorm|[upkeep]
|-damage|p2a: Darmanitan|40/100|[from] Sandstorm
|upkeep
|inactive|UULT94A Humerus has 120 seconds left.
|j| Treats & Stuff
|inactive|UULT94A Humerus has 90 seconds left.
|c|☆UULT94A Nimzo|i mean i had nothing to lose at 1665
|c|☆UULT94A Nimzo|might as well go down fighting
|l| UULT94A skarmy
|c|☆UULT94A Humerus|love that for you ..
|inactive|UULT94A Humerus has 60 seconds left.
|
|t:|1653965006
|switch|p1a: Moltres|Moltres|57/100
|turn|10
|l|+TSR
|inactive|UULT94A Nimzo has 120 seconds left.
|inactive|UULT94A Nimzo has 90 seconds left.
|
|t:|1653965089
|switch|p2a: Salamence|Salamence, F|100/100
|-ability|p2a: Salamence|Intimidate|boost
|-unboost|p1a: Moltres|atk|1
|move|p1a: Moltres|Roost|p1a: Moltres
|-heal|p1a: Moltres|100/100
|-singleturn|p1a: Moltres|move: Roost
|
|-weather|Sandstorm|[upkeep]
|-damage|p2a: Salamence|94/100|[from] Sandstorm
|-damage|p1a: Moltres|94/100|[from] Sandstorm
|upkeep
|turn|11
|
|t:|1653965097
|move|p2a: Salamence|Dragon Dance|p2a: Salamence
|-boost|p2a: Salamence|atk|1
|-boost|p2a: Salamence|spe|1
|move|p1a: Moltres|Hurricane|p2a: Salamence|[miss]
|-miss|p1a: Moltres|p2a: Salamence
|
|-weather|Sandstorm|[upkeep]
|-damage|p2a: Salamence|88/100|[from] Sandstorm
|-damage|p1a: Moltres|88/100|[from] Sandstorm
|upkeep
|turn|12
|
|t:|1653965102
|move|p2a: Salamence|Outrage|p1a: Moltres
|-damage|p1a: Moltres|0 fnt
|-status|p2a: Salamence|brn|[from] ability: Flame Body|[of] p1a: Moltres
|faint|p1a: Moltres
|
|-weather|Sandstorm|[upkeep]
|-damage|p2a: Salamence|82/100 brn|[from] Sandstorm
|-damage|p2a: Salamence|76/100 brn|[from] brn
|upkeep
|c|☆UULT94A Nimzo|ah sorry about the miss
|c|☆UULT94A Nimzo|althoguht getting burned makes up for it
|inactive|UULT94A Humerus has 60 seconds left.
|j| corperate n
|inactive|UULT94A Humerus has 30 seconds left.
|
|t:|1653965155
|switch|p1a: Scizor|Scizor, M|100/100
|turn|13
|inactive|UULT94A Nimzo has 90 seconds left.
|
|t:|1653965176
|move|p2a: Salamence|Outrage|p1a: Scizor|[from]lockedmove
|-resisted|p1a: Scizor
|-crit|p1a: Scizor
|-damage|p1a: Scizor|66/100
|-start|p2a: Salamence|confusion|[fatigue]
|move|p1a: Scizor|Knock Off|p2a: Salamence
|-damage|p2a: Salamence|39/100 brn
|-enditem|p2a: Salamence|Heavy-Duty Boots|[from] move: Knock Off|[of] p1a: Scizor
|
|-weather|none
|-damage|p2a: Salamence|33/100 brn|[from] brn
|upkeep
|turn|14
|
|t:|1653965180
|-activate|p2a: Salamence|confusion
|-damage|p2a: Salamence|5/100 brn|[from] confusion
|move|p1a: Scizor|Roost|p1a: Scizor
|-heal|p1a: Scizor|100/100
|-singleturn|p1a: Scizor|move: Roost
|
|-damage|p2a: Salamence|0 fnt|[from] brn
|faint|p2a: Salamence
|upkeep
|inactive|UULT94A Nimzo has 90 seconds left.
|l| UULT94A Zaza
|
|t:|1653965188
|switch|p2a: Keldeo|Keldeo-Resolute|76/100
|-damage|p2a: Keldeo|70/100|[from] Stealth Rock
|turn|15
|
|t:|1653965191
|move|p2a: Keldeo|Scald|p1a: Scizor
|-damage|p1a: Scizor|60/100
|move|p1a: Scizor|Knock Off|p2a: Keldeo
|-resisted|p2a: Keldeo
|-damage|p2a: Keldeo|51/100
|-ability|p2a: Keldeo|Justified|boost
|-boost|p2a: Keldeo|atk|1
|-enditem|p2a: Keldeo|Leftovers|[from] move: Knock Off|[of] p1a: Scizor
|
|upkeep
|turn|16
|
|t:|1653965196
|move|p2a: Keldeo|Scald|p1a: Scizor
|-damage|p1a: Scizor|14/100
|-status|p1a: Scizor|brn
|move|p1a: Scizor|U-turn|p2a: Keldeo
|-resisted|p2a: Keldeo
|-damage|p2a: Keldeo|41/100
|
|t:|1653965200
|switch|p1a: Zygarde|Zygarde-10%|100/100|[from]move: U-turn
|-damage|p1a: Zygarde|94/100|[from] Stealth Rock
|-ability|p1a: Zygarde|Aura Break
|
|upkeep
|turn|17
|
|t:|1653965208
|switch|p2a: Darmanitan|Darmanitan, F|40/100
|-damage|p2a: Darmanitan|15/100|[from] Stealth Rock
|move|p1a: Zygarde|Thousand Arrows|p2a: Darmanitan
|-supereffective|p2a: Darmanitan
|-damage|p2a: Darmanitan|0 fnt
|faint|p2a: Darmanitan
|
|upkeep
|
|t:|1653965210
|switch|p2a: Scizor|Scizor, F|100/100
|-damage|p2a: Scizor|88/100|[from] Stealth Rock
|turn|18
|inactive|UULT94A Humerus has 90 seconds left.
|inactive|UULT94A Nimzo has 120 seconds left.
|
|t:|1653965229
|move|p1a: Zygarde|Thousand Arrows|p2a: Scizor
|-damage|p2a: Scizor|25/100
|move|p2a: Scizor|U-turn|p1a: Zygarde
|-damage|p1a: Zygarde|0 fnt
|faint|p1a: Zygarde
|-damage|p2a: Scizor|15/100|[from] item: Life Orb
|inactive|UULT94A Nimzo has 120 seconds left.
|
|t:|1653965243
|switch|p2a: Keldeo|Keldeo-Resolute|41/100|[from]move: U-turn
|-damage|p2a: Keldeo|35/100|[from] Stealth Rock
|
|upkeep
|inactive|UULT94A Humerus has 90 seconds left.
|inactive|UULT94A Humerus has 60 seconds left.
|
|t:|1653965294
|switch|p1a: Zarude|Zarude|100/100
|-damage|p1a: Zarude|88/100|[from] Stealth Rock
|turn|19
|inactive|UULT94A Nimzo has 120 seconds left.
|c|☆UULT94A Humerus|me when i take forever to click
|inactive|UULT94A Nimzo has 90 seconds left.
|c|☆UULT94A Humerus|u have one play
|
|t:|1653965345
|move|p2a: Keldeo|Secret Sword|p1a: Zarude
|-supereffective|p1a: Zarude
|-damage|p1a: Zarude|7/100
|move|p1a: Zarude|Darkest Lariat|p2a: Keldeo
|-resisted|p2a: Keldeo
|-damage|p2a: Keldeo|1/100
|-ability|p2a: Keldeo|Justified|boost
|-boost|p2a: Keldeo|atk|1
|
|upkeep
|turn|20
|inactive|UULT94A Humerus has 60 seconds left.
|
|t:|1653965354
|move|p2a: Keldeo|Scald|p1a: Zarude
|-resisted|p1a: Zarude
|-damage|p1a: Zarude|0 fnt
|faint|p1a: Zarude
|
|upkeep
|
|t:|1653965357
|switch|p1a: Scizor|Scizor, M|14/100 brn
|turn|21
|
|t:|1653965361
|move|p1a: Scizor|Bullet Punch|p2a: Keldeo
|-resisted|p2a: Keldeo
|-damage|p2a: Keldeo|0 fnt
|faint|p2a: Keldeo
|
|-damage|p1a: Scizor|8/100 brn|[from] brn
|upkeep
|c|☆UULT94A Nimzo|ah burned scizor clutch
|c|☆UULT94A Nimzo|gg
|c|☆UULT94A Humerus|so true bestie
|inactive|UULT94A Nimzo has 90 seconds left.
|-message|UULT94A Nimzo forfeited.
|
|win|UULT94A Humerus
|raw|UULT94A Humerus's rating: 1662 &rarr; <strong>1677</strong><br />(+15 for winning)
|raw|UULT94A Nimzo's rating: 1579 &rarr; <strong>1564</strong><br />(-15 for losing)
|l|☆UULT94A Nimzo
|l| BigFatMantis
