|j|☆esqimo589
|j|☆Vrell
|t:|1666897879
|gametype|singles
|player|p1|esqimo589|n|1372
|player|p2|Vrell|tate|1242
|teamsize|p1|6
|teamsize|p2|6
|gen|8
|tier|[Gen 8] UU
|rated|
|rule|Sleep Clause Mod: Limit one foe put to sleep
|rule|Species Clause: Limit one of each Pokémon
|rule|OHKO Clause: OHKO moves are banned
|rule|Evasion Items Clause: Evasion items are banned
|rule|Evasion Moves Clause: Evasion moves are banned
|rule|Endless Battle Clause: Forcing endless battles is banned
|rule|HP Percentage Mod: HP is shown in percentages
|rule|Dynamax Clause: You cannot dynamax
|clearpoke
|poke|p1|Chandelure, F|
|poke|p1|Raikou|
|poke|p1|Cobalion|
|poke|p1|Chansey, F|
|poke|p1|Diggersby, F|
|poke|p1|Salamence, M|
|poke|p2|Porygon2|
|poke|p2|Cresselia, F|
|poke|p2|Marowak-Alola, M|
|poke|p2|Crawdaunt, F|
|poke|p2|Hatterene, F|
|poke|p2|Conkeldurr, M|
|teampreview
|inactive|Battle timer is ON: inactive players will automatically lose when time's up. (requested by esqimo589)
|
|t:|1666897894
|start
|switch|p1a: chandelier|Chandelure, F|100/100
|switch|p2a: Hatterene|Hatterene, F|100/100
|turn|1
|
|t:|1666897913
|switch|p2a: Porygon2|Porygon2|100/100
|-ability|p2a: Porygon2|Flash Fire|[from] ability: Trace|[of] p1a: chandelier
|move|p1a: chandelier|Flamethrower|p2a: Porygon2
|-start|p2a: Porygon2|ability: Flash Fire
|
|upkeep
|turn|2
|
|t:|1666897931
|switch|p1a: egg|Chansey, F|100/100
|move|p2a: Porygon2|Trick Room|p2a: Porygon2
|-fieldstart|move: Trick Room|[of] p2a: Porygon2
|
|upkeep
|turn|3
|
|t:|1666897938
|-end|p2a: Porygon2|ability: Flash Fire|[silent]
|switch|p2a: Hatterene|Hatterene, F|100/100
|move|p1a: egg|Toxic|p2a: Hatterene
|move|p2a: Hatterene|Toxic|p1a: egg|[from]ability: Magic Bounce
|-status|p1a: egg|tox
|
|-damage|p1a: egg|94/100 tox|[from] psn
|upkeep
|turn|4
|
|t:|1666897942
|switch|p2a: Marowak|Marowak-Alola, M|100/100
|move|p1a: egg|Teleport|p1a: egg
|
|t:|1666897954
|-curestatus|p1a: egg|tox|[from] ability: Natural Cure
|switch|p1a: whiteeyesbluedrag|Salamence, M|100/100|[from]move: Teleport
|-ability|p1a: whiteeyesbluedrag|Intimidate|boost
|-unboost|p2a: Marowak|atk|1
|
|upkeep
|turn|5
|
|t:|1666897967
|switch|p2a: Hatterene|Hatterene, F|100/100
|move|p1a: whiteeyesbluedrag|Roost||[still]
|-fail|p1a: whiteeyesbluedrag|heal
|
|upkeep
|turn|6
|
|t:|1666897971
|switch|p1a: egg|Chansey, F|94/100
|move|p2a: Hatterene|Nuzzle|p1a: egg
|-damage|p1a: egg|92/100
|-status|p1a: egg|par
|
|-fieldend|move: Trick Room
|upkeep
|turn|7
|
|t:|1666897975
|move|p1a: egg|Teleport|p1a: egg
|
|t:|1666897976
|-curestatus|p1a: egg|par|[from] ability: Natural Cure
|switch|p1a: chandelier|Chandelure, F|100/100|[from]move: Teleport
|move|p2a: Hatterene|Trick Room|p2a: Hatterene
|-fieldstart|move: Trick Room|[of] p2a: Hatterene
|
|upkeep
|turn|8
|
|t:|1666897982
|switch|p2a: Porygon2|Porygon2|100/100
|-ability|p2a: Porygon2|Flash Fire|[from] ability: Trace|[of] p1a: chandelier
|switch|p1a: egg|Chansey, F|92/100
|
|upkeep
|turn|9
|
|t:|1666897988
|switch|p2a: Hatterene|Hatterene, F|100/100
|move|p1a: egg|Teleport|p1a: egg
|c|☆Vrell|what are we doing
|
|t:|1666897997
|switch|p1a: doge|Raikou|100/100|[from]move: Teleport
|
|upkeep
|turn|10
|
|t:|1666898002
|move|p2a: Hatterene|Misty Explosion|p1a: doge
|-damage|p1a: doge|32/100
|faint|p2a: Hatterene
|move|p1a: doge|Volt Switch|p2: Hatterene|[notarget]
|-fail|p1a: doge
|
|upkeep
|
|t:|1666898009
|switch|p2a: Crawdaunt|Crawdaunt, F|100/100
|turn|11
|
|t:|1666898016
|switch|p1a: the goat|Cobalion|100/100
|move|p2a: Crawdaunt|Crabhammer|p1a: the goat
|-damage|p1a: the goat|7/100
|-damage|p2a: Crawdaunt|84/100|[from] item: Rocky Helmet|[of] p1a: the goat
|
|-fieldend|move: Trick Room
|upkeep
|turn|12
|
|t:|1666898028
|switch|p2a: Cresselia|Cresselia, F|100/100
|move|p1a: the goat|Volt Switch|p2a: Cresselia
|-damage|p2a: Cresselia|94/100
|
|t:|1666898037
|switch|p1a: chandelier|Chandelure, F|100/100|[from]move: Volt Switch
|
|upkeep
|turn|13
|
|t:|1666898055
|switch|p1a: the goat|Cobalion|7/100
|move|p2a: Cresselia|Trick Room|p2a: Cresselia
|-fieldstart|move: Trick Room|[of] p2a: Cresselia
|
|upkeep
|turn|14
|
|t:|1666898060
|switch|p1a: egg|Chansey, F|92/100
|move|p2a: Cresselia|Shadow Ball|p1a: egg
|-immune|p1a: egg
|
|upkeep
|turn|15
|
|t:|1666898068
|switch|p2a: Marowak|Marowak-Alola, M|100/100
|move|p1a: egg|Teleport|p1a: egg
|
|t:|1666898073
|switch|p1a: whiteeyesbluedrag|Salamence, M|100/100|[from]move: Teleport
|-ability|p1a: whiteeyesbluedrag|Intimidate|boost
|-unboost|p2a: Marowak|atk|1
|
|upkeep
|turn|16
|
|t:|1666898082
|move|p2a: Marowak|Substitute|p2a: Marowak
|-start|p2a: Marowak|Substitute
|-damage|p2a: Marowak|76/100
|move|p1a: whiteeyesbluedrag|Roost||[still]
|-fail|p1a: whiteeyesbluedrag|heal
|
|upkeep
|turn|17
|
|t:|1666898086
|move|p2a: Marowak|Swords Dance|p2a: Marowak
|-boost|p2a: Marowak|atk|2
|move|p1a: whiteeyesbluedrag|Hurricane|p2a: Marowak|[miss]
|-miss|p1a: whiteeyesbluedrag|p2a: Marowak
|
|-fieldend|move: Trick Room
|upkeep
|turn|18
|
|t:|1666898092
|move|p1a: whiteeyesbluedrag|Hurricane|p2a: Marowak
|-end|p2a: Marowak|Substitute
|move|p2a: Marowak|Poltergeist|p1a: whiteeyesbluedrag
|-activate|p1a: whiteeyesbluedrag|move: Poltergeist|Heavy-Duty Boots
|-damage|p1a: whiteeyesbluedrag|0 fnt
|faint|p1a: whiteeyesbluedrag
|
|upkeep
|
|t:|1666898099
|switch|p1a: big chungus|Diggersby, F|100/100
|turn|19
|
|t:|1666898104
|move|p1a: big chungus|Knock Off|p2a: Marowak
|-supereffective|p2a: Marowak
|-damage|p2a: Marowak|0 fnt
|-enditem|p2a: Marowak|Thick Club|[from] move: Knock Off|[of] p1a: big chungus
|faint|p2a: Marowak
|
|upkeep
|
|t:|1666898107
|switch|p2a: Porygon2|Porygon2|100/100
|-ability|p2a: Porygon2|Huge Power|[from] ability: Trace|[of] p1a: big chungus
|turn|20
|
|t:|1666898111
|move|p1a: big chungus|Knock Off|p2a: Porygon2
|-damage|p2a: Porygon2|76/100
|-enditem|p2a: Porygon2|Eviolite|[from] move: Knock Off|[of] p1a: big chungus
|move|p2a: Porygon2|Trick Room|p2a: Porygon2
|-fieldstart|move: Trick Room|[of] p2a: Porygon2
|
|upkeep
|turn|21
|
|t:|1666898115
|switch|p1a: egg|Chansey, F|92/100
|move|p2a: Porygon2|Teleport|p2a: Porygon2
|
|t:|1666898119
|switch|p2a: Conkeldurr|Conkeldurr, M|100/100|[from]move: Teleport
|
|-status|p2a: Conkeldurr|brn|[from] item: Flame Orb
|upkeep
|turn|22
|
|t:|1666898124
|switch|p1a: doge|Raikou|32/100
|move|p2a: Conkeldurr|Knock Off|p1a: doge
|-damage|p1a: doge|0 fnt
|-enditem|p1a: doge|Heavy-Duty Boots|[from] move: Knock Off|[of] p2a: Conkeldurr
|faint|p1a: doge
|
|-damage|p2a: Conkeldurr|94/100 brn|[from] brn
|upkeep
|
|t:|1666898134
|switch|p1a: the goat|Cobalion|7/100
|turn|23
|
|t:|1666898146
|move|p2a: Conkeldurr|Mach Punch|p1a: the goat
|-supereffective|p1a: the goat
|-damage|p1a: the goat|0 fnt
|-damage|p2a: Conkeldurr|78/100 brn|[from] item: Rocky Helmet|[of] p1a: the goat
|faint|p1a: the goat
|
|-damage|p2a: Conkeldurr|72/100 brn|[from] brn
|upkeep
|
|t:|1666898162
|switch|p1a: egg|Chansey, F|92/100
|turn|24
|
|t:|1666898165
|move|p2a: Conkeldurr|Drain Punch|p1a: egg
|-supereffective|p1a: egg
|-crit|p1a: egg
|-damage|p1a: egg|0 fnt
|-heal|p2a: Conkeldurr|100/100 brn|[from] drain|[of] p1a: egg
|faint|p1a: egg
|
|-damage|p2a: Conkeldurr|94/100 brn|[from] brn
|-fieldend|move: Trick Room
|upkeep
|
|t:|1666898167
|switch|p1a: chandelier|Chandelure, F|100/100
|turn|25
|
|t:|1666898174
|move|p1a: chandelier|Overheat|p2a: Conkeldurr
|-crit|p2a: Conkeldurr
|-damage|p2a: Conkeldurr|0 fnt
|-unboost|p1a: chandelier|spa|2
|faint|p2a: Conkeldurr
|
|upkeep
|
|t:|1666898181
|switch|p2a: Porygon2|Porygon2|76/100
|-ability|p2a: Porygon2|Flash Fire|[from] ability: Trace|[of] p1a: chandelier
|turn|26
|
|t:|1666898183
|switch|p1a: big chungus|Diggersby, F|100/100
|move|p2a: Porygon2|Trick Room|p2a: Porygon2
|-fieldstart|move: Trick Room|[of] p2a: Porygon2
|
|upkeep
|turn|27
|
|t:|1666898199
|move|p1a: big chungus|U-turn|p2a: Porygon2
|-damage|p2a: Porygon2|49/100
|
|t:|1666898201
|switch|p1a: chandelier|Chandelure, F|100/100|[from]move: U-turn
|move|p2a: Porygon2|Teleport|p2a: Porygon2
|
|t:|1666898205
|switch|p2a: Crawdaunt|Crawdaunt, F|84/100|[from]move: Teleport
|
|upkeep
|turn|28
|
|t:|1666898209
|move|p2a: Crawdaunt|Crabhammer|p1a: chandelier
|-supereffective|p1a: chandelier
|-damage|p1a: chandelier|0 fnt
|faint|p1a: chandelier
|
|upkeep
|
|t:|1666898213
|switch|p1a: big chungus|Diggersby, F|100/100
|turn|29
|
|t:|1666898221
|move|p2a: Crawdaunt|Crabhammer|p1a: big chungus
|-supereffective|p1a: big chungus
|-crit|p1a: big chungus
|-damage|p1a: big chungus|0 fnt
|faint|p1a: big chungus
|
|win|Vrell
|raw|esqimo589's rating: 1372 &rarr; <strong>1345</strong><br />(-27 for losing)
|raw|Vrell's rating: 1242 &rarr; <strong>1276</strong><br />(+34 for winning)
|l|☆esqimo589
