|j|☆Aggron
|j|☆ok now i see ya
|t:|1599265255
|player|p1|Aggron|102|1630
|player|p2|ok now i see ya|brendan-gen3rs|1642
|teamsize|p1|6
|teamsize|p2|6
|gametype|singles
|gen|8
|tier|[Gen 8] UU
|rated|
|clearpoke
|poke|p1|Zarude|
|poke|p1|Marowak-Alola, M|
|poke|p1|Slowking, M|
|poke|p1|Bewear, M|
|poke|p1|Rotom-Wash|
|poke|p1|Gardevoir, M|
|poke|p2|Ribombee, F|
|poke|p2|Chandelure, F|
|poke|p2|Terrakion|
|poke|p2|Starmie|
|poke|p2|Cobalion|
|poke|p2|Mimikyu, M|
|rule|Sleep Clause Mod: Limit one foe put to sleep
|rule|Species Clause: Limit one of each Pokémon
|rule|OHKO Clause: OHKO moves are banned
|rule|Evasion Moves Clause: Evasion moves are banned
|rule|Endless Battle Clause: Forcing endless battles is banned
|rule|HP Percentage Mod: HP is shown in percentages
|rule|Dynamax Clause: You cannot dynamax
|teampreview
|inactive|Battle timer is ON: inactive players will automatically lose when time's up. (requested by ok now i see ya)
|j| JustFranco
|
|t:|1599265278
|start
|switch|p1a: Marowak|Marowak-Alola, M|100/100
|switch|p2a: Cobalion|Cobalion|100/100
|-item|p2a: Cobalion|Air Balloon
|turn|1
|
|t:|1599265291
|move|p2a: Cobalion|Stealth Rock|p1a: Marowak
|-sidestart|p1: Aggron|move: Stealth Rock
|move|p1a: Marowak|Poltergeist|p2a: Cobalion
|-activate|p2a: Cobalion|move: Poltergeist|Air Balloon
|-damage|p2a: Cobalion|20/100
|-enditem|p2a: Cobalion|Air Balloon
|
|upkeep
|turn|2
|
|t:|1599265315
|move|p2a: Cobalion|Iron Head|p1a: Marowak
|-resisted|p1a: Marowak
|-damage|p1a: Marowak|86/100
|move|p1a: Marowak|Shadow Bone|p2a: Cobalion
|-damage|p2a: Cobalion|0 fnt
|faint|p2a: Cobalion
|
|upkeep
|
|t:|1599265329
|switch|p2a: swing from the|Chandelure, F|100/100
|turn|3
|
|t:|1599265342
|switch|p1a: Zarude|Zarude|100/100
|-damage|p1a: Zarude|88/100|[from] Stealth Rock
|move|p2a: swing from the|Shadow Ball|p1a: Zarude
|-resisted|p1a: Zarude
|-damage|p1a: Zarude|65/100
|
|upkeep
|turn|4
|
|t:|1599265351
|switch|p2a: Gum|Ribombee, F|100/100
|move|p1a: Zarude|Power Whip|p2a: Gum
|-resisted|p2a: Gum
|-damage|p2a: Gum|28/100
|-damage|p1a: Zarude|55/100|[from] item: Life Orb
|
|upkeep
|turn|5
|
|t:|1599265357
|switch|p1a: Rotom|Rotom-Wash|100/100
|-damage|p1a: Rotom|88/100|[from] Stealth Rock
|move|p2a: Gum|U-turn|p1a: Rotom
|-damage|p1a: Rotom|77/100
|
|t:|1599265383
|switch|p2a: swing from the|Chandelure, F|100/100|[from]move: U-turn
|
|-heal|p1a: Rotom|83/100|[from] item: Leftovers
|upkeep
|turn|6
|
|t:|1599265390
|switch|p1a: Zarude|Zarude|55/100
|-damage|p1a: Zarude|43/100|[from] Stealth Rock
|move|p2a: swing from the|Energy Ball|p1a: Zarude
|-resisted|p1a: Zarude
|-damage|p1a: Zarude|27/100
|
|upkeep
|turn|7
|
|t:|1599265399
|switch|p2a: Misty|Starmie|100/100
|move|p1a: Zarude|Synthesis|p1a: Zarude
|-heal|p1a: Zarude|77/100
|
|upkeep
|turn|8
|
|t:|1599265407
|switch|p1a: Slowking|Slowking, M|100/100
|-damage|p1a: Slowking|88/100|[from] Stealth Rock
|move|p2a: Misty|Hydro Pump|p1a: Slowking
|-resisted|p1a: Slowking
|-damage|p1a: Slowking|62/100
|-damage|p2a: Misty|91/100|[from] item: Life Orb
|
|-heal|p1a: Slowking|69/100|[from] item: Leftovers
|upkeep
|turn|9
|
|t:|1599265413
|move|p2a: Misty|Thunderbolt|p1a: Slowking
|-supereffective|p1a: Slowking
|-damage|p1a: Slowking|29/100
|-damage|p2a: Misty|81/100|[from] item: Life Orb
|move|p1a: Slowking|Trick Room|p1a: Slowking
|-fieldstart|move: Trick Room|[of] p1a: Slowking
|
|-heal|p1a: Slowking|35/100|[from] item: Leftovers
|upkeep
|turn|10
|
|t:|1599265428
|switch|p1a: Rotom|Rotom-Wash|83/100
|-damage|p1a: Rotom|70/100|[from] Stealth Rock
|move|p2a: Misty|Thunderbolt|p1a: Rotom
|-damage|p1a: Rotom|18/100
|-damage|p2a: Misty|71/100|[from] item: Life Orb
|
|-heal|p1a: Rotom|25/100|[from] item: Leftovers
|upkeep
|turn|11
|
|t:|1599265441
|move|p1a: Rotom|Defog|p2a: Misty
|-unboost|p2a: Misty|evasion|1
|-sideend|p1: Aggron|Stealth Rock|[from] move: Defog|[of] p1a: Rotom
|move|p2a: Misty|Hydro Pump|p1a: Rotom
|-resisted|p1a: Rotom
|-damage|p1a: Rotom|0 fnt
|-damage|p2a: Misty|61/100|[from] item: Life Orb
|faint|p1a: Rotom
|
|upkeep
|
|t:|1599265444
|switch|p1a: Marowak|Marowak-Alola, M|86/100
|turn|12
|
|t:|1599265459
|move|p1a: Marowak|Poltergeist|p2a: Misty
|-activate|p2a: Misty|move: Poltergeist|Life Orb
|-supereffective|p2a: Misty
|-damage|p2a: Misty|0 fnt
|faint|p2a: Misty
|
|upkeep
|inactive|ok now i see ya has 120 seconds left.
|
|t:|1599265496
|switch|p2a: Kio|Terrakion|100/100
|turn|13
|inactive|ok now i see ya has 120 seconds left.
|
|t:|1599265504
|move|p1a: Marowak|Bonemerang|p2a: Kio
|-supereffective|p2a: Kio
|-damage|p2a: Kio|33/100
|-supereffective|p2a: Kio
|-damage|p2a: Kio|0 fnt
|-hitcount|p2a: Kio|2
|faint|p2a: Kio
|
|-fieldend|move: Trick Room
|upkeep
|inactive|ok now i see ya has 120 seconds left.
|
|t:|1599265510
|switch|p2a: Fears|Mimikyu, M|100/100
|turn|14
|
|t:|1599265514
|switch|p2a: Gum|Ribombee, F|28/100
|move|p1a: Marowak|Bonemerang|p2a: Gum
|-resisted|p2a: Gum
|-damage|p2a: Gum|2/100
|-resisted|p2a: Gum
|-damage|p2a: Gum|0 fnt
|-hitcount|p2a: Gum|2
|faint|p2a: Gum
|
|upkeep
|j| tipsyguhstalgic
|-message|ok now i see ya forfeited.
|
|win|Aggron
|l|☆ok now i see ya
|l| JustFranco
|raw|Aggron's rating: 1631 &rarr; <strong>1652</strong><br />(+21 for winning)
|raw|ok now i see ya's rating: 1642 &rarr; <strong>1622</strong><br />(-20 for losing)
|l| tipsyguhstalgic
