|j|☆UULT91w Corp N
|j|☆UULT91w HaxxLR
|t:|1651791293
|gametype|singles
|player|p1|UULT91w Corp N|n|1475
|player|p2|UULT91w HaxxLR|grimsley|1437
|teamsize|p1|6
|teamsize|p2|6
|gen|8
|tier|[Gen 8] UU
|rated|
|rule|Sleep Clause Mod: Limit one foe put to sleep
|rule|Species Clause: Limit one of each Pokémon
|rule|OHKO Clause: OHKO moves are banned
|rule|Evasion Moves Clause: Evasion moves are banned
|rule|Endless Battle Clause: Forcing endless battles is banned
|rule|HP Percentage Mod: HP is shown in percentages
|rule|Dynamax Clause: You cannot dynamax
|clearpoke
|poke|p1|Togekiss, M|
|poke|p1|Excadrill, F|
|poke|p1|Keldeo-Resolute|
|poke|p1|Salamence, F|
|poke|p1|Scizor, M|
|poke|p1|Swampert, F|
|poke|p2|Togekiss, F|
|poke|p2|Mandibuzz, F|
|poke|p2|Chansey, F|
|poke|p2|Scizor, M|
|poke|p2|Swampert, F|
|poke|p2|Zygarde-10%|
|teampreview
|inactive|Battle timer is ON: inactive players will automatically lose when time's up. (requested by UULT91w Corp N)
|inactive|UULT91w HaxxLR has 120 seconds left.
|inactive|UULT91w HaxxLR has 90 seconds left.
|inactive|UULT91w HaxxLR has 60 seconds left.
|
|t:|1651791392
|start
|switch|p1a: Scizor|Scizor, M|100/100
|switch|p2a: Togekiss|Togekiss, F|100/100
|turn|1
|inactive|UULT91w HaxxLR has 120 seconds left.
|inactive|UULT91w HaxxLR has 90 seconds left.
|
|t:|1651791437
|switch|p2a: Mandibuzz|Mandibuzz, F|100/100
|switch|p1a: Swampert|Swampert, F|100/100
|
|upkeep
|turn|2
|inactive|UULT91w HaxxLR has 90 seconds left.
|
|t:|1651791463
|switch|p2a: Scizor|Scizor, M|100/100
|move|p1a: Swampert|Toxic|p2a: Scizor
|-immune|p2a: Scizor
|
|upkeep
|turn|3
|
|t:|1651791475
|switch|p1a: Salamence|Salamence, F|100/100
|-ability|p1a: Salamence|Intimidate|boost
|-unboost|p2a: Scizor|atk|1
|move|p2a: Scizor|Knock Off|p1a: Salamence
|-damage|p1a: Salamence|80/100
|-enditem|p1a: Salamence|Heavy-Duty Boots|[from] move: Knock Off|[of] p2a: Scizor
|
|upkeep
|turn|4
|
|t:|1651791492
|switch|p1a: Swampert|Swampert, F|100/100
|switch|p2a: Chansey|Chansey, F|100/100
|
|upkeep
|turn|5
|
|t:|1651791507
|move|p1a: Swampert|Stealth Rock|p2a: Chansey
|-sidestart|p2: UULT91w HaxxLR|move: Stealth Rock
|move|p2a: Chansey|Teleport|p2a: Chansey
|inactive|UULT91w HaxxLR has 60 seconds left.
|
|t:|1651791545
|switch|p2a: Swampert|Swampert, F|100/100|[from]move: Teleport
|-damage|p2a: Swampert|94/100|[from] Stealth Rock
|
|-heal|p2a: Swampert|100/100|[from] item: Leftovers
|upkeep
|turn|6
|
|t:|1651791567
|switch|p1a: Scizor|Scizor, M|100/100
|move|p2a: Swampert|Stealth Rock|p1a: Scizor
|-sidestart|p1: UULT91w Corp N|move: Stealth Rock
|
|upkeep
|turn|7
|
|t:|1651791583
|switch|p2a: Scizor|Scizor, M|100/100
|move|p1a: Scizor|Knock Off|p2a: Scizor
|-damage|p2a: Scizor|78/100
|-enditem|p2a: Scizor|Heavy-Duty Boots|[from] move: Knock Off|[of] p1a: Scizor
|
|upkeep
|turn|8
|inactive|UULT91w HaxxLR has 30 seconds left.
|
|t:|1651791610
|move|p1a: Scizor|Knock Off|p2a: Scizor
|-damage|p2a: Scizor|64/100
|move|p2a: Scizor|Knock Off|p1a: Scizor
|-damage|p1a: Scizor|78/100
|-enditem|p1a: Scizor|Heavy-Duty Boots|[from] move: Knock Off|[of] p2a: Scizor
|
|upkeep
|turn|9
|inactive|UULT91w HaxxLR has 30 seconds left.
|
|t:|1651791619
|move|p2a: Scizor|Roost|p2a: Scizor
|-heal|p2a: Scizor|100/100
|-singleturn|p2a: Scizor|move: Roost
|move|p1a: Scizor|U-turn|p2a: Scizor
|-resisted|p2a: Scizor
|-damage|p2a: Scizor|89/100
|
|t:|1651791623
|switch|p1a: Keldeo|Keldeo-Resolute|100/100|[from]move: U-turn
|-damage|p1a: Keldeo|94/100|[from] Stealth Rock
|
|-heal|p1a: Keldeo|100/100|[from] item: Leftovers
|upkeep
|turn|10
|inactive|UULT91w HaxxLR has 30 seconds left.
|
|t:|1651791640
|move|p1a: Keldeo|Surf|p2a: Scizor
|-damage|p2a: Scizor|35/100
|move|p2a: Scizor|Knock Off|p1a: Keldeo
|-resisted|p1a: Keldeo
|-damage|p1a: Keldeo|84/100
|-ability|p1a: Keldeo|Justified|boost
|-boost|p1a: Keldeo|atk|1
|-enditem|p1a: Keldeo|Leftovers|[from] move: Knock Off|[of] p2a: Scizor
|
|upkeep
|turn|11
|inactive|UULT91w HaxxLR has 30 seconds left.
|inactive|UULT91w HaxxLR has 20 seconds left.
|inactive|UULT91w HaxxLR has 15 seconds left.
|
|t:|1651791669
|switch|p2a: Mandibuzz|Mandibuzz, F|100/100
|move|p1a: Keldeo|Surf|p2a: Mandibuzz
|-damage|p2a: Mandibuzz|63/100
|
|upkeep
|turn|12
|inactive|UULT91w HaxxLR has 25 seconds left this turn.
|inactive|UULT91w HaxxLR has 20 seconds left.
|inactive|UULT91w HaxxLR has 15 seconds left.
|
|t:|1651791681
|move|p1a: Keldeo|Toxic|p2a: Mandibuzz
|-status|p2a: Mandibuzz|tox
|move|p2a: Mandibuzz|Roost|p2a: Mandibuzz
|-heal|p2a: Mandibuzz|100/100 tox
|-singleturn|p2a: Mandibuzz|move: Roost
|
|-damage|p2a: Mandibuzz|94/100 tox|[from] psn
|upkeep
|turn|13
|inactive|UULT91w HaxxLR has 25 seconds left this turn.
|inactive|UULT91w HaxxLR has 20 seconds left.
|
|t:|1651791690
|move|p1a: Keldeo|Flip Turn|p2a: Mandibuzz
|-damage|p2a: Mandibuzz|81/100 tox
|inactive|UULT91w HaxxLR has 25 seconds left this turn.
|
|t:|1651791692
|switch|p1a: Swampert|Swampert, F|100/100|[from]move: Flip Turn
|-damage|p1a: Swampert|94/100|[from] Stealth Rock
|move|p2a: Mandibuzz|Toxic|p1a: Swampert
|-status|p1a: Swampert|tox
|
|-heal|p1a: Swampert|100/100 tox|[from] item: Leftovers
|-damage|p2a: Mandibuzz|69/100 tox|[from] psn
|-damage|p1a: Swampert|94/100 tox|[from] psn
|upkeep
|turn|14
|inactive|UULT91w HaxxLR has 30 seconds left.
|inactive|UULT91w HaxxLR has 20 seconds left.
|
|t:|1651791712
|move|p2a: Mandibuzz|Roost|p2a: Mandibuzz
|-heal|p2a: Mandibuzz|100/100 tox
|-singleturn|p2a: Mandibuzz|move: Roost
|move|p1a: Swampert|Flip Turn|p2a: Mandibuzz
|-damage|p2a: Mandibuzz|88/100 tox
|inactive|UULT91w HaxxLR has 25 seconds left this turn.
|
|t:|1651791723
|switch|p1a: Scizor|Scizor, M|78/100|[from]move: Flip Turn
|-damage|p1a: Scizor|66/100|[from] Stealth Rock
|
|-damage|p2a: Mandibuzz|69/100 tox|[from] psn
|upkeep
|turn|15
|inactive|UULT91w HaxxLR has 30 seconds left.
|inactive|UULT91w HaxxLR has 20 seconds left.
|inactive|UULT91w HaxxLR has 15 seconds left.
|inactive|UULT91w HaxxLR has 10 seconds left.
|
|t:|1651791750
|switch|p2a: Scizor|Scizor, M|35/100
|-damage|p2a: Scizor|23/100|[from] Stealth Rock
|move|p1a: Scizor|Roost|p1a: Scizor
|-heal|p1a: Scizor|100/100
|-singleturn|p1a: Scizor|move: Roost
|
|upkeep
|turn|16
|inactive|UULT91w HaxxLR has 20 seconds left this turn.
|inactive|UULT91w HaxxLR has 15 seconds left.
|
|t:|1651791755
|move|p2a: Scizor|Roost|p2a: Scizor
|-heal|p2a: Scizor|73/100
|-singleturn|p2a: Scizor|move: Roost
|move|p1a: Scizor|U-turn|p2a: Scizor
|-resisted|p2a: Scizor
|-damage|p2a: Scizor|62/100
|inactive|UULT91w HaxxLR has 20 seconds left this turn.
|j| Ivehadenoughshit
|
|t:|1651791768
|switch|p1a: Keldeo|Keldeo-Resolute|84/100|[from]move: U-turn
|-damage|p1a: Keldeo|78/100|[from] Stealth Rock
|
|upkeep
|turn|17
|inactive|UULT91w HaxxLR has 30 seconds left this turn.
|inactive|UULT91w HaxxLR has 20 seconds left.
|
|t:|1651791781
|switch|p2a: Swampert|Swampert, F|100/100
|-damage|p2a: Swampert|94/100|[from] Stealth Rock
|move|p1a: Keldeo|Surf|p2a: Swampert
|-damage|p2a: Swampert|50/100
|
|-heal|p2a: Swampert|56/100|[from] item: Leftovers
|upkeep
|turn|18
|inactive|UULT91w HaxxLR has 30 seconds left this turn.
|inactive|UULT91w HaxxLR has 20 seconds left.
|inactive|UULT91w HaxxLR has 15 seconds left.
|
|t:|1651791799
|move|p1a: Keldeo|Flip Turn|p2a: Swampert
|-damage|p2a: Swampert|46/100
|inactive|UULT91w HaxxLR has 20 seconds left this turn.
|
|t:|1651791801
|switch|p1a: Scizor|Scizor, M|100/100|[from]move: Flip Turn
|-damage|p1a: Scizor|88/100|[from] Stealth Rock
|move|p2a: Swampert|Flip Turn|p1a: Scizor
|-damage|p1a: Scizor|72/100
|inactive|UULT91w HaxxLR has 25 seconds left this turn.
|inactive|UULT91w HaxxLR has 20 seconds left.
|inactive|UULT91w HaxxLR has 15 seconds left.
|
|t:|1651791816
|switch|p2a: Scizor|Scizor, M|62/100|[from]move: Flip Turn
|-damage|p2a: Scizor|49/100|[from] Stealth Rock
|
|upkeep
|turn|19
|inactive|UULT91w HaxxLR has 25 seconds left this turn.
|inactive|UULT91w HaxxLR has 20 seconds left.
|
|t:|1651791822
|move|p2a: Scizor|Roost|p2a: Scizor
|-heal|p2a: Scizor|99/100
|-singleturn|p2a: Scizor|move: Roost
|move|p1a: Scizor|U-turn|p2a: Scizor
|-resisted|p2a: Scizor
|-damage|p2a: Scizor|89/100
|inactive|UULT91w HaxxLR has 25 seconds left this turn.
|
|t:|1651791834
|switch|p1a: Salamence|Salamence, F|80/100|[from]move: U-turn
|-damage|p1a: Salamence|55/100|[from] Stealth Rock
|-ability|p1a: Salamence|Intimidate|boost
|-unboost|p2a: Scizor|atk|1
|
|upkeep
|turn|20
|inactive|UULT91w HaxxLR has 30 seconds left.
|inactive|UULT91w HaxxLR has 20 seconds left.
|inactive|UULT91w HaxxLR has 15 seconds left.
|
|t:|1651791858
|move|p1a: Salamence|Draco Meteor|p2a: Scizor
|-resisted|p2a: Scizor
|-damage|p2a: Scizor|54/100
|-unboost|p1a: Salamence|spa|2
|move|p2a: Scizor|U-turn|p1a: Salamence
|-resisted|p1a: Salamence
|-damage|p1a: Salamence|43/100
|inactive|UULT91w HaxxLR has 20 seconds left this turn.
|inactive|UULT91w HaxxLR has 15 seconds left.
|
|t:|1651791866
|switch|p2a: Zygarde|Zygarde-10%|100/100|[from]move: U-turn
|-damage|p2a: Zygarde|94/100|[from] Stealth Rock
|-ability|p2a: Zygarde|Aura Break
|
|upkeep
|turn|21
|inactive|UULT91w HaxxLR has 25 seconds left this turn.
|
|t:|1651791873
|move|p2a: Zygarde|Thousand Arrows|p1a: Salamence
|-damage|p1a: Salamence|0 fnt
|faint|p1a: Salamence
|
|upkeep
|inactive|UULT91w HaxxLR has 30 seconds left this turn.
|
|t:|1651791878
|switch|p1a: Swampert|Swampert, F|94/100 tox
|-damage|p1a: Swampert|88/100 tox|[from] Stealth Rock
|turn|22
|inactive|UULT91w HaxxLR has 30 seconds left.
|inactive|UULT91w HaxxLR has 20 seconds left.
|
|t:|1651791901
|switch|p2a: Swampert|Swampert, F|46/100
|-damage|p2a: Swampert|40/100|[from] Stealth Rock
|move|p1a: Swampert|Flip Turn|p2a: Swampert
|-damage|p2a: Swampert|25/100
|inactive|UULT91w HaxxLR has 25 seconds left this turn.
|
|t:|1651791911
|switch|p1a: Keldeo|Keldeo-Resolute|78/100|[from]move: Flip Turn
|-damage|p1a: Keldeo|71/100|[from] Stealth Rock
|
|-heal|p2a: Swampert|31/100|[from] item: Leftovers
|upkeep
|turn|23
|inactive|UULT91w HaxxLR has 30 seconds left.
|inactive|UULT91w HaxxLR has 20 seconds left.
|inactive|UULT91w HaxxLR has 15 seconds left.
|
|t:|1651791934
|move|p1a: Keldeo|Surf|p2a: Swampert
|-damage|p2a: Swampert|0 fnt
|faint|p2a: Swampert
|
|upkeep
|inactive|UULT91w HaxxLR has 20 seconds left this turn.
|inactive|UULT91w HaxxLR has 15 seconds left.
|
|t:|1651791941
|switch|p2a: Togekiss|Togekiss, F|100/100
|-damage|p2a: Togekiss|76/100|[from] Stealth Rock
|turn|24
|inactive|UULT91w HaxxLR has 25 seconds left this turn.
|inactive|UULT91w HaxxLR has 20 seconds left.
|inactive|UULT91w HaxxLR has 15 seconds left.
|
|t:|1651791953
|switch|p1a: Excadrill|Excadrill, F|100/100
|-damage|p1a: Excadrill|97/100|[from] Stealth Rock
|-ability|p1a: Excadrill|Mold Breaker
|move|p2a: Togekiss|Fire Blast|p1a: Excadrill
|-supereffective|p1a: Excadrill
|-crit|p1a: Excadrill
|-damage|p1a: Excadrill|0 fnt
|faint|p1a: Excadrill
|
|upkeep
|inactive|UULT91w HaxxLR has 20 seconds left this turn.
|
|t:|1651791964
|switch|p1a: Swampert|Swampert, F|88/100 tox
|-damage|p1a: Swampert|82/100 tox|[from] Stealth Rock
|turn|25
|inactive|UULT91w HaxxLR has 30 seconds left this turn.
|
|t:|1651791969
|move|p2a: Togekiss|Fire Blast|p1a: Swampert
|-resisted|p1a: Swampert
|-damage|p1a: Swampert|62/100 tox
|move|p1a: Swampert|Flip Turn|p2a: Togekiss
|-damage|p2a: Togekiss|50/100
|
|t:|1651791975
|switch|p1a: Scizor|Scizor, M|72/100|[from]move: Flip Turn
|-damage|p1a: Scizor|60/100|[from] Stealth Rock
|
|upkeep
|turn|26
|inactive|UULT91w HaxxLR has 30 seconds left.
|
|t:|1651791991
|switch|p2a: Scizor|Scizor, M|54/100
|-damage|p2a: Scizor|41/100|[from] Stealth Rock
|move|p1a: Scizor|Bullet Punch|p2a: Scizor
|-resisted|p2a: Scizor
|-damage|p2a: Scizor|31/100
|
|upkeep
|turn|27
|
|t:|1651791999
|move|p1a: Scizor|Roost|p1a: Scizor
|-heal|p1a: Scizor|100/100
|-singleturn|p1a: Scizor|move: Roost
|move|p2a: Scizor|Roost|p2a: Scizor
|-heal|p2a: Scizor|82/100
|-singleturn|p2a: Scizor|move: Roost
|
|upkeep
|turn|28
|
|t:|1651792008
|move|p2a: Scizor|Knock Off|p1a: Scizor
|-damage|p1a: Scizor|87/100
|move|p1a: Scizor|Knock Off|p2a: Scizor
|-damage|p2a: Scizor|67/100
|
|upkeep
|turn|29
|
|t:|1651792016
|move|p2a: Scizor|Knock Off|p1a: Scizor
|-damage|p1a: Scizor|73/100
|move|p1a: Scizor|Knock Off|p2a: Scizor
|-damage|p2a: Scizor|53/100
|
|upkeep
|turn|30
|
|t:|1651792022
|move|p1a: Scizor|Knock Off|p2a: Scizor
|-damage|p2a: Scizor|39/100
|move|p2a: Scizor|Roost|p2a: Scizor
|-heal|p2a: Scizor|89/100
|-singleturn|p2a: Scizor|move: Roost
|
|upkeep
|turn|31
|
|t:|1651792026
|move|p2a: Scizor|Knock Off|p1a: Scizor
|-damage|p1a: Scizor|57/100
|move|p1a: Scizor|Knock Off|p2a: Scizor
|-damage|p2a: Scizor|73/100
|
|upkeep
|turn|32
|inactive|UULT91w HaxxLR has 60 seconds left.
|
|t:|1651792037
|move|p2a: Scizor|Knock Off|p1a: Scizor
|-damage|p1a: Scizor|42/100
|move|p1a: Scizor|Knock Off|p2a: Scizor
|-damage|p2a: Scizor|59/100
|
|upkeep
|turn|33
|
|t:|1651792044
|move|p1a: Scizor|Roost|p1a: Scizor
|-heal|p1a: Scizor|92/100
|-singleturn|p1a: Scizor|move: Roost
|move|p2a: Scizor|Roost|p2a: Scizor
|-heal|p2a: Scizor|100/100
|-singleturn|p2a: Scizor|move: Roost
|
|upkeep
|turn|34
|
|t:|1651792047
|move|p2a: Scizor|Knock Off|p1a: Scizor
|-damage|p1a: Scizor|77/100
|move|p1a: Scizor|Knock Off|p2a: Scizor
|-damage|p2a: Scizor|85/100
|
|upkeep
|turn|35
|
|t:|1651792058
|move|p2a: Scizor|U-turn|p1a: Scizor
|-resisted|p1a: Scizor
|-damage|p1a: Scizor|65/100
|
|t:|1651792061
|switch|p2a: Mandibuzz|Mandibuzz, F|69/100 tox|[from]move: U-turn
|move|p1a: Scizor|Knock Off|p2a: Mandibuzz
|-resisted|p2a: Mandibuzz
|-damage|p2a: Mandibuzz|62/100 tox
|-enditem|p2a: Mandibuzz|Heavy-Duty Boots|[from] move: Knock Off|[of] p1a: Scizor
|
|-damage|p2a: Mandibuzz|56/100 tox|[from] psn
|upkeep
|turn|36
|inactive|UULT91w HaxxLR has 60 seconds left.
|
|t:|1651792106
|switch|p1a: Keldeo|Keldeo-Resolute|71/100
|-damage|p1a: Keldeo|65/100|[from] Stealth Rock
|move|p2a: Mandibuzz|Roost|p2a: Mandibuzz
|-heal|p2a: Mandibuzz|100/100 tox
|-singleturn|p2a: Mandibuzz|move: Roost
|
|-damage|p2a: Mandibuzz|88/100 tox|[from] psn
|upkeep
|turn|37
|inactive|UULT91w HaxxLR has 30 seconds left.
|
|t:|1651792133
|switch|p2a: Chansey|Chansey, F|100/100
|-damage|p2a: Chansey|88/100|[from] Stealth Rock
|move|p1a: Keldeo|Surf|p2a: Chansey
|-crit|p2a: Chansey
|-damage|p2a: Chansey|66/100
|
|upkeep
|turn|38
|inactive|UULT91w HaxxLR has 30 seconds left.
|inactive|UULT91w HaxxLR has 20 seconds left.
|inactive|UULT91w HaxxLR has 15 seconds left.
|
|t:|1651792162
|move|p1a: Keldeo|Flip Turn|p2a: Chansey
|-damage|p2a: Chansey|56/100
|inactive|UULT91w HaxxLR has 20 seconds left this turn.
|
|t:|1651792164
|switch|p1a: Scizor|Scizor, M|65/100|[from]move: Flip Turn
|-damage|p1a: Scizor|53/100|[from] Stealth Rock
|move|p2a: Chansey|Teleport|p2a: Chansey
|inactive|UULT91w HaxxLR has 25 seconds left this turn.
|inactive|UULT91w HaxxLR has 20 seconds left.
|inactive|UULT91w HaxxLR has 15 seconds left.
|
|t:|1651792177
|switch|p2a: Mandibuzz|Mandibuzz, F|88/100 tox|[from]move: Teleport
|-damage|p2a: Mandibuzz|63/100 tox|[from] Stealth Rock
|
|-damage|p2a: Mandibuzz|57/100 tox|[from] psn
|upkeep
|turn|39
|inactive|UULT91w HaxxLR has 25 seconds left this turn.
|
|t:|1651792180
|move|p2a: Mandibuzz|Foul Play|p1a: Scizor
|-damage|p1a: Scizor|21/100
|move|p1a: Scizor|Roost|p1a: Scizor
|-heal|p1a: Scizor|72/100
|-singleturn|p1a: Scizor|move: Roost
|
|-damage|p2a: Mandibuzz|45/100 tox|[from] psn
|upkeep
|turn|40
|inactive|UULT91w HaxxLR has 30 seconds left.
|
|t:|1651792186
|move|p2a: Mandibuzz|Roost|p2a: Mandibuzz
|-heal|p2a: Mandibuzz|95/100 tox
|-singleturn|p2a: Mandibuzz|move: Roost
|move|p1a: Scizor|U-turn|p2a: Mandibuzz
|-supereffective|p2a: Mandibuzz
|-damage|p2a: Mandibuzz|62/100 tox
|
|t:|1651792188
|switch|p1a: Keldeo|Keldeo-Resolute|65/100|[from]move: U-turn
|-damage|p1a: Keldeo|59/100|[from] Stealth Rock
|
|-damage|p2a: Mandibuzz|44/100 tox|[from] psn
|upkeep
|turn|41
|inactive|UULT91w HaxxLR has 30 seconds left.
|
|t:|1651792208
|switch|p2a: Chansey|Chansey, F|56/100
|-damage|p2a: Chansey|44/100|[from] Stealth Rock
|move|p1a: Keldeo|Surf|p2a: Chansey
|-damage|p2a: Chansey|29/100
|
|upkeep
|turn|42
|inactive|UULT91w HaxxLR has 30 seconds left.
|
|t:|1651792219
|move|p1a: Keldeo|Flip Turn|p2a: Chansey
|-damage|p2a: Chansey|19/100
|inactive|UULT91w HaxxLR has 30 seconds left this turn.
|
|t:|1651792223
|switch|p1a: Scizor|Scizor, M|72/100|[from]move: Flip Turn
|-damage|p1a: Scizor|59/100|[from] Stealth Rock
|move|p2a: Chansey|Seismic Toss|p1a: Scizor
|-damage|p1a: Scizor|30/100
|
|upkeep
|turn|43
|
|t:|1651792230
|move|p1a: Scizor|Roost|p1a: Scizor
|-heal|p1a: Scizor|80/100
|-singleturn|p1a: Scizor|move: Roost
|move|p2a: Chansey|Seismic Toss|p1a: Scizor
|-damage|p1a: Scizor|51/100
|
|upkeep
|turn|44
|l| Ivehadenoughshit
|
|t:|1651792244
|move|p1a: Scizor|Knock Off|p2a: Chansey
|-damage|p2a: Chansey|1/100
|-enditem|p2a: Chansey|Eviolite|[from] move: Knock Off|[of] p1a: Scizor
|move|p2a: Chansey|Seismic Toss|p1a: Scizor
|-damage|p1a: Scizor|22/100
|
|upkeep
|turn|45
|
|t:|1651792247
|move|p1a: Scizor|Roost|p1a: Scizor
|-heal|p1a: Scizor|72/100
|-singleturn|p1a: Scizor|move: Roost
|move|p2a: Chansey|Soft-Boiled|p2a: Chansey
|-heal|p2a: Chansey|51/100
|
|upkeep
|turn|46
|
|t:|1651792254
|move|p1a: Scizor|U-turn|p2a: Chansey
|-damage|p2a: Chansey|24/100
|
|t:|1651792257
|switch|p1a: Keldeo|Keldeo-Resolute|59/100|[from]move: U-turn
|-damage|p1a: Keldeo|53/100|[from] Stealth Rock
|move|p2a: Chansey|Seismic Toss|p1a: Keldeo
|-damage|p1a: Keldeo|22/100
|
|upkeep
|turn|47
|
|t:|1651792267
|switch|p2a: Mandibuzz|Mandibuzz, F|44/100 tox
|-damage|p2a: Mandibuzz|19/100 tox|[from] Stealth Rock
|move|p1a: Keldeo|Secret Sword|p2a: Mandibuzz
|-damage|p2a: Mandibuzz|0 fnt
|faint|p2a: Mandibuzz
|
|upkeep
|
|t:|1651792269
|switch|p2a: Zygarde|Zygarde-10%|94/100
|-damage|p2a: Zygarde|88/100|[from] Stealth Rock
|-ability|p2a: Zygarde|Aura Break
|turn|48
|
|t:|1651792280
|move|p2a: Zygarde|Thousand Arrows|p1a: Keldeo
|-damage|p1a: Keldeo|0 fnt
|faint|p1a: Keldeo
|
|upkeep
|
|t:|1651792285
|switch|p1a: Scizor|Scizor, M|72/100
|-damage|p1a: Scizor|60/100|[from] Stealth Rock
|turn|49
|inactive|UULT91w HaxxLR has 90 seconds left.
|
|t:|1651792317
|switch|p2a: Scizor|Scizor, M|85/100
|-damage|p2a: Scizor|73/100|[from] Stealth Rock
|move|p1a: Scizor|Bullet Punch|p2a: Scizor
|-resisted|p2a: Scizor
|-damage|p2a: Scizor|63/100
|
|upkeep
|turn|50
|
|t:|1651792325
|move|p2a: Scizor|Knock Off|p1a: Scizor
|-damage|p1a: Scizor|47/100
|move|p1a: Scizor|U-turn|p2a: Scizor
|-resisted|p2a: Scizor
|-damage|p2a: Scizor|53/100
|
|t:|1651792329
|switch|p1a: Togekiss|Togekiss, M|100/100|[from]move: U-turn
|-damage|p1a: Togekiss|76/100|[from] Stealth Rock
|
|upkeep
|turn|51
|inactive|UULT91w HaxxLR has 60 seconds left.
|
|t:|1651792356
|move|p2a: Scizor|Bullet Punch|p1a: Togekiss
|-supereffective|p1a: Togekiss
|-damage|p1a: Togekiss|10/100
|move|p1a: Togekiss|Air Slash|p2a: Scizor
|-damage|p2a: Scizor|0 fnt
|faint|p2a: Scizor
|
|upkeep
|
|t:|1651792361
|switch|p2a: Zygarde|Zygarde-10%|88/100
|-damage|p2a: Zygarde|82/100|[from] Stealth Rock
|-ability|p2a: Zygarde|Aura Break
|turn|52
|
|t:|1651792364
|move|p2a: Zygarde|Thousand Arrows|p1a: Togekiss
|-damage|p1a: Togekiss|0 fnt
|faint|p1a: Togekiss
|
|upkeep
|
|t:|1651792366
|switch|p1a: Swampert|Swampert, F|62/100 tox
|-damage|p1a: Swampert|56/100 tox|[from] Stealth Rock
|turn|53
|
|t:|1651792381
|switch|p2a: Togekiss|Togekiss, F|50/100
|-damage|p2a: Togekiss|26/100|[from] Stealth Rock
|move|p1a: Swampert|Flip Turn|p2a: Togekiss
|-damage|p2a: Togekiss|0 fnt
|faint|p2a: Togekiss
|
|t:|1651792401
|switch|p1a: Scizor|Scizor, M|47/100|[from]move: Flip Turn
|-damage|p1a: Scizor|34/100|[from] Stealth Rock
|
|upkeep
|
|t:|1651792404
|switch|p2a: Zygarde|Zygarde-10%|82/100
|-damage|p2a: Zygarde|76/100|[from] Stealth Rock
|-ability|p2a: Zygarde|Aura Break
|turn|54
|
|t:|1651792410
|move|p1a: Scizor|Bullet Punch|p2a: Zygarde
|-damage|p2a: Zygarde|27/100
|move|p2a: Zygarde|Thousand Arrows|p1a: Scizor
|-crit|p1a: Scizor
|-damage|p1a: Scizor|0 fnt
|faint|p1a: Scizor
|
|upkeep
|
|t:|1651792413
|switch|p1a: Swampert|Swampert, F|56/100 tox
|-damage|p1a: Swampert|50/100 tox|[from] Stealth Rock
|turn|55
|
|t:|1651792417
|switch|p2a: Chansey|Chansey, F|24/100
|-damage|p2a: Chansey|12/100|[from] Stealth Rock
|move|p1a: Swampert|Flip Turn|p2a: Chansey
|-damage|p2a: Chansey|0 fnt
|faint|p2a: Chansey
|
|-heal|p1a: Swampert|56/100 tox|[from] item: Leftovers
|-damage|p1a: Swampert|50/100 tox|[from] psn
|upkeep
|
|t:|1651792419
|switch|p2a: Zygarde|Zygarde-10%|27/100
|-damage|p2a: Zygarde|21/100|[from] Stealth Rock
|-ability|p2a: Zygarde|Aura Break
|turn|56
|
|t:|1651792421
|move|p2a: Zygarde|Outrage|p1a: Swampert
|-damage|p1a: Swampert|0 fnt
|faint|p1a: Swampert
|
|win|UULT91w HaxxLR
|raw|UULT91w Corp N's rating: 1487 &rarr; <strong>1464</strong><br />(-23 for losing)
|raw|UULT91w HaxxLR's rating: 1437 &rarr; <strong>1460</strong><br />(+23 for winning)
|l|☆UULT91w Corp N
||Ladder isn't responding, score probably updated but might not have (Request timeout).
