|j|☆Boost Swoosh
|j|☆CoolStoryBrobat
|t:|1603169049
|player|p1|Boost Swoosh|teamrocket|
|player|p2|CoolStoryBrobat|#coolstorybrobat|
|teamsize|p1|6
|teamsize|p2|6
|gametype|singles
|gen|8
|tier|[Gen 8] UU
|rated|Tournament battle
|clearpoke
|poke|p1|Marowak-Alola, F|
|poke|p1|Slowbro, M|
|poke|p1|Weezing-Galar, M|
|poke|p1|Zarude|
|poke|p1|Cobalion|
|poke|p1|Mamoswine, M|
|poke|p2|Noivern, F|
|poke|p2|Cobalion|
|poke|p2|Weezing-Galar, F|
|poke|p2|Zarude|
|poke|p2|Slowking, F|
|poke|p2|Obstagoon, M|
|rule|Sleep Clause Mod: Limit one foe put to sleep
|rule|Species Clause: Limit one of each Pokémon
|rule|OHKO Clause: OHKO moves are banned
|rule|Evasion Moves Clause: Evasion moves are banned
|rule|Endless Battle Clause: Forcing endless battles is banned
|rule|HP Percentage Mod: HP is shown in percentages
|rule|Dynamax Clause: You cannot dynamax
|teampreview
|j| Doctor Scranton
|j| BigFatMantis
|c|☆Boost Swoosh|huh?
|c| Doctor Scranton|glhf
|c|☆CoolStoryBrobat|Hello
|j| Crushy Stuff
|j| Chicknemacnchez
|c|☆Boost Swoosh|csb is alive?
|j| TOOMUCHMONEY
|c|☆CoolStoryBrobat|I been alive dude
|j| technosis
|c| Doctor Scranton|Dude he is alive
|c|☆Boost Swoosh|well i been on hiatus so i didnt know lol
|c|☆CoolStoryBrobat|It's cool I been on hiatus myself
|c| Doctor Scranton|My man is alive
|c|☆CoolStoryBrobat|My life basically a hiatus
|j| Andresa<3
|
|t:|1603169128
|start
|switch|p1a: Cobalion|Cobalion|100/100
|switch|p2a: Noivern|Noivern, F|100/100
|turn|1
|inactive|Battle timer is ON: inactive players will automatically lose when time's up. (requested by Boost Swoosh)
|j| E♯ mixolydian mode
|
|t:|1603169167
|move|p2a: Noivern|Hurricane|p1a: Cobalion|[miss]
|-miss|p2a: Noivern|p1a: Cobalion
|move|p1a: Cobalion|Stone Edge|p2a: Noivern
|-supereffective|p2a: Noivern
|-damage|p2a: Noivern|31/100
|
|upkeep
|turn|2
|c| E♯ mixolydian mode|why you gotta be zarude
|c| Doctor Scranton|oof
|
|t:|1603169188
|move|p2a: Noivern|Flamethrower|p1a: Cobalion
|-supereffective|p1a: Cobalion
|-damage|p1a: Cobalion|27/100
|move|p1a: Cobalion|Iron Head|p2a: Noivern
|-damage|p2a: Noivern|0 fnt
|faint|p2a: Noivern
|
|upkeep
|
|t:|1603169196
|switch|p2a: Slowking|Slowking, F|100/100
|turn|3
|
|t:|1603169206
|switch|p1a: Slowbro|Slowbro, M|100/100
|move|p2a: Slowking|Scald|p1a: Slowbro
|-resisted|p1a: Slowbro
|-damage|p1a: Slowbro|88/100
|-status|p1a: Slowbro|brn
|
|-damage|p1a: Slowbro|81/100 brn|[from] brn
|upkeep
|turn|4
|
|t:|1603169213
|move|p2a: Slowking|Teleport|p2a: Slowking
|
|t:|1603169215
|switch|p2a: Zarude|Zarude|100/100|[from]move: Teleport
|move|p1a: Slowbro|Teleport|p1a: Slowbro
|l| BigFatMantis
|
|t:|1603169234
|switch|p1a: Zarude|Zarude|100/100|[from]move: Teleport
|
|upkeep
|turn|5
|
|t:|1603169239
|move|p1a: Zarude|U-turn|p2a: Zarude
|-supereffective|p2a: Zarude
|-damage|p2a: Zarude|13/100
|
|t:|1603169244
|switch|p1a: Cobalion|Cobalion|27/100|[from]move: U-turn
|move|p2a: Zarude|U-turn|p1a: Cobalion
|-resisted|p1a: Cobalion
|-damage|p1a: Cobalion|22/100
|-damage|p2a: Zarude|0 fnt|[from] item: Rocky Helmet|[of] p1a: Cobalion
|faint|p2a: Zarude
|
|upkeep
|
|t:|1603169258
|switch|p2a: Cobalion|Cobalion|100/100
|turn|6
|
|t:|1603169268
|switch|p1a: Slowbro|Slowbro, M|100/100 brn
|move|p2a: Cobalion|Stealth Rock|p1a: Slowbro
|-sidestart|p1: Boost Swoosh|move: Stealth Rock
|
|-damage|p1a: Slowbro|94/100 brn|[from] brn
|upkeep
|turn|7
|
|t:|1603169282
|move|p2a: Cobalion|Volt Switch|p1a: Slowbro
|-supereffective|p1a: Slowbro
|-damage|p1a: Slowbro|68/100 brn
|
|t:|1603169289
|switch|p2a: Obstagoon|Obstagoon, M|100/100|[from]move: Volt Switch
|move|p1a: Slowbro|Scald|p2a: Obstagoon
|-damage|p2a: Obstagoon|67/100
|-status|p2a: Obstagoon|brn
|
|-damage|p2a: Obstagoon|61/100 brn|[from] brn
|-damage|p1a: Slowbro|62/100 brn|[from] brn
|upkeep
|turn|8
|j| Funny Jew
|
|t:|1603169300
|switch|p1a: Cobalion|Cobalion|22/100
|-damage|p1a: Cobalion|19/100|[from] Stealth Rock
|move|p2a: Obstagoon|Facade|p1a: Cobalion
|-resisted|p1a: Cobalion
|-damage|p1a: Cobalion|0 fnt
|-damage|p2a: Obstagoon|45/100 brn|[from] item: Rocky Helmet|[of] p1a: Cobalion
|faint|p1a: Cobalion
|
|-damage|p2a: Obstagoon|38/100 brn|[from] brn
|upkeep
|c| Doctor Scranton|Is it planned?
|c| Doctor Scranton|Ye it is
|
|t:|1603169310
|switch|p1a: Zarude|Zarude|100/100
|-damage|p1a: Zarude|88/100|[from] Stealth Rock
|turn|9
|
|t:|1603169315
|switch|p2a: Weezing|Weezing-Galar, F|100/100
|move|p1a: Zarude|U-turn|p2a: Weezing
|-resisted|p2a: Weezing
|-damage|p2a: Weezing|97/100
|
|t:|1603169326
|switch|p1a: Weezing|Weezing-Galar, M|100/100|[from]move: U-turn
|-damage|p1a: Weezing|88/100|[from] Stealth Rock
|
|-heal|p1a: Weezing|94/100|[from] item: Black Sludge
|-heal|p2a: Weezing|100/100|[from] item: Black Sludge
|upkeep
|turn|10
|
|t:|1603169333
|switch|p2a: Cobalion|Cobalion|100/100
|move|p1a: Weezing|Defog|p2a: Cobalion
|-unboost|p2a: Cobalion|evasion|1
|-sideend|p1: Boost Swoosh|Stealth Rock|[from] move: Defog|[of] p1a: Weezing
|
|-heal|p1a: Weezing|100/100|[from] item: Black Sludge
|upkeep
|turn|11
|
|t:|1603169339
|move|p2a: Cobalion|Iron Head|p1a: Weezing
|-supereffective|p1a: Weezing
|-damage|p1a: Weezing|45/100
|move|p1a: Weezing|Strange Steam|p2a: Cobalion
|-crit|p2a: Cobalion
|-damage|p2a: Cobalion|24/100
|
|-heal|p1a: Weezing|51/100|[from] item: Black Sludge
|upkeep
|turn|12
|
|t:|1603169347
|move|p2a: Cobalion|Stealth Rock|p1a: Weezing
|-sidestart|p1: Boost Swoosh|move: Stealth Rock
|move|p1a: Weezing|Shadow Ball|p2a: Cobalion
|-damage|p2a: Cobalion|0 fnt
|faint|p2a: Cobalion
|
|-heal|p1a: Weezing|57/100|[from] item: Black Sludge
|upkeep
|
|t:|1603169351
|switch|p2a: Obstagoon|Obstagoon, M|38/100 brn
|turn|13
|
|t:|1603169367
|move|p2a: Obstagoon|Facade|p1a: Weezing
|-damage|p1a: Weezing|0 fnt
|faint|p1a: Weezing
|
|-damage|p2a: Obstagoon|32/100 brn|[from] brn
|upkeep
|
|t:|1603169377
|switch|p1a: Zarude|Zarude|88/100
|-damage|p1a: Zarude|76/100|[from] Stealth Rock
|turn|14
|
|t:|1603169386
|switch|p2a: Weezing|Weezing-Galar, F|100/100
|move|p1a: Zarude|U-turn|p2a: Weezing
|-resisted|p2a: Weezing
|-damage|p2a: Weezing|97/100
|
|t:|1603169391
|switch|p1a: Marowak|Marowak-Alola, F|100/100|[from]move: U-turn
|-damage|p1a: Marowak|76/100|[from] Stealth Rock
|
|-heal|p2a: Weezing|100/100|[from] item: Black Sludge
|upkeep
|turn|15
|j| Can'tFight
|
|t:|1603169399
|move|p1a: Marowak|Flare Blitz|p2a: Weezing
|-damage|p2a: Weezing|38/100
|move|p2a: Weezing|Toxic|p1a: Marowak
|-status|p1a: Marowak|tox
|
|-heal|p2a: Weezing|44/100|[from] item: Black Sludge
|-damage|p1a: Marowak|69/100 tox|[from] psn
|upkeep
|turn|16
|
|t:|1603169411
|move|p1a: Marowak|Flare Blitz|p2a: Weezing
|-damage|p2a: Weezing|0 fnt
|faint|p2a: Weezing
|
|-damage|p1a: Marowak|57/100 tox|[from] psn
|upkeep
|c|☆CoolStoryBrobat|Think this game is coming to a rousing conclusion
|
|t:|1603169422
|switch|p2a: Obstagoon|Obstagoon, M|32/100 brn
|turn|17
|c| Can'tFight|i like your custom avatar
|c|☆CoolStoryBrobat|Thanks
|n| Chicknemacnchez|chicknemacnchez
|
|t:|1603169436
|switch|p1a: Slowbro|Slowbro, M|95/100 brn
|move|p2a: Obstagoon|Knock Off|p1a: Slowbro
|-supereffective|p1a: Slowbro
|-damage|p1a: Slowbro|23/100 brn
|-enditem|p1a: Slowbro|Heavy-Duty Boots|[from] move: Knock Off|[of] p2a: Obstagoon
|
|-damage|p2a: Obstagoon|26/100 brn|[from] brn
|-damage|p1a: Slowbro|17/100 brn|[from] brn
|upkeep
|turn|18
|c| Funny Jew|eek
|
|t:|1603169449
|move|p2a: Obstagoon|Facade|p1a: Slowbro
|-damage|p1a: Slowbro|0 fnt
|faint|p1a: Slowbro
|
|-damage|p2a: Obstagoon|20/100 brn|[from] brn
|upkeep
|
|t:|1603169459
|switch|p1a: Mamoswine|Mamoswine, M|100/100
|-damage|p1a: Mamoswine|88/100|[from] Stealth Rock
|turn|19
|
|t:|1603169465
|move|p1a: Mamoswine|Ice Shard|p2a: Obstagoon
|-damage|p2a: Obstagoon|0 fnt
|-damage|p1a: Mamoswine|78/100|[from] item: Life Orb
|faint|p2a: Obstagoon
|
|upkeep
|
|t:|1603169467
|switch|p2a: Slowking|Slowking, F|100/100
|turn|20
|
|t:|1603169473
|move|p1a: Mamoswine|Knock Off|p2a: Slowking
|-supereffective|p2a: Slowking
|-damage|p2a: Slowking|13/100
|-enditem|p2a: Slowking|Heavy-Duty Boots|[from] move: Knock Off|[of] p1a: Mamoswine
|-damage|p1a: Mamoswine|68/100|[from] item: Life Orb
|move|p2a: Slowking|Scald|p1a: Mamoswine
|-supereffective|p1a: Mamoswine
|-damage|p1a: Mamoswine|0 fnt
|faint|p1a: Mamoswine
|
|upkeep
|c|☆Boost Swoosh|gg
|c|☆CoolStoryBrobat|gg
|
|t:|1603169479
|switch|p1a: Marowak|Marowak-Alola, F|57/100 tox
|-damage|p1a: Marowak|32/100 tox|[from] Stealth Rock
|turn|21
|
|t:|1603169483
|move|p1a: Marowak|Flare Blitz|p2a: Slowking
|-resisted|p2a: Slowking
|-damage|p2a: Slowking|0 fnt
|faint|p2a: Slowking
|
|win|Boost Swoosh
