|j|☆NOLOAF
|j|☆predator145
|player|p1|NOLOAF|iris-gen5bw2|1461
|player|p2|predator145|49|1510
|teamsize|p1|6
|teamsize|p2|6
|gametype|singles
|gen|8
|tier|[Gen 8] UU
|rated|
|rule|Sleep Clause Mod: Limit one foe put to sleep
|rule|Species Clause: Limit one of each Pokémon
|rule|OHKO Clause: OHKO moves are banned
|rule|Evasion Moves Clause: Evasion moves are banned
|rule|Endless Battle Clause: Forcing endless battles is banned
|rule|HP Percentage Mod: HP is shown in percentages
|clearpoke
|poke|p1|Roserade, F|
|poke|p1|Hippowdon, F|
|poke|p1|Turtonator, F|
|poke|p1|Crawdaunt, M|
|poke|p1|Braviary, M|
|poke|p1|Lucario, M|
|poke|p2|Aromatisse, M|
|poke|p2|Coalossal, M|
|poke|p2|Hippowdon, F|
|poke|p2|Umbreon, M|
|poke|p2|Jellicent, F|
|poke|p2|Bronzong|
|rule|Dynamax Clause: You cannot dynamax
|teampreview
|inactive|Battle timer is ON: inactive players will automatically lose when time's up. (requested by NOLOAF)
|
|start
|switch|p1a: Crawdaunt|Crawdaunt, M|100/100
|switch|p2a: Jellicent|Jellicent, F|100/100
|turn|1
|
|move|p1a: Crawdaunt|Knock Off|p2a: Jellicent
|-supereffective|p2a: Jellicent
|-enditem|p2a: Jellicent|Colbur Berry|[eat]
|-enditem|p2a: Jellicent|Colbur Berry|[weaken]
|-damage|p2a: Jellicent|47/100
|move|p2a: Jellicent|Will-O-Wisp|p1a: Crawdaunt
|-status|p1a: Crawdaunt|brn
|
|-damage|p1a: Crawdaunt|95/100 brn|[from] brn
|upkeep
|turn|2
|inactive|predator145 has 120 seconds left.
|
|switch|p2a: Aromatisse|Aromatisse, M|100/100
|move|p1a: Crawdaunt|Knock Off|p2a: Aromatisse
|-resisted|p2a: Aromatisse
|-damage|p2a: Aromatisse|88/100
|-enditem|p2a: Aromatisse|Leftovers|[from] move: Knock Off|[of] p1a: Crawdaunt
|
|-damage|p1a: Crawdaunt|89/100 brn|[from] brn
|upkeep
|turn|3
|inactive|predator145 has 120 seconds left.
|
|switch|p1a: Roserade|Roserade, F|100/100
|move|p2a: Aromatisse|Wish|p2a: Aromatisse
|
|upkeep
|turn|4
|inactive|predator145 has 120 seconds left.
|
|switch|p2a: Coalossal|Coalossal, M|100/100
|move|p1a: Roserade|Spikes|p2a: Coalossal
|-sidestart|p2: predator145|Spikes
|
|upkeep
|turn|5
|
|switch|p1a: Crawdaunt|Crawdaunt, M|89/100 brn
|move|p2a: Coalossal|Rapid Spin|p1a: Crawdaunt
|-damage|p1a: Crawdaunt|75/100 brn
|-sideend|p2: predator145|Spikes|[from] move: Rapid Spin|[of] p2a: Coalossal
|-boost|p2a: Coalossal|spe|1
|
|-damage|p1a: Crawdaunt|69/100 brn|[from] brn
|upkeep
|turn|6
|inactive|predator145 has 120 seconds left.
|j| masterteam99
|
|switch|p2a: Aromatisse|Aromatisse, M|88/100
|move|p1a: Crawdaunt|Knock Off|p2a: Aromatisse
|-resisted|p2a: Aromatisse
|-damage|p2a: Aromatisse|80/100
|
|-damage|p1a: Crawdaunt|63/100 brn|[from] brn
|upkeep
|turn|7
|inactive|predator145 has 120 seconds left.
|
|switch|p1a: Roserade|Roserade, F|100/100
|switch|p2a: Jellicent|Jellicent, F|47/100
|
|upkeep
|turn|8
|inactive|predator145 has 120 seconds left.
|
|move|p1a: Roserade|Giga Drain|p2a: Jellicent
|-supereffective|p2a: Jellicent
|-damage|p2a: Jellicent|0 fnt
|-damage|p1a: Roserade|91/100|[from] item: Life Orb
|faint|p2a: Jellicent
|
|upkeep
|inactive|predator145 has 120 seconds left.
|
|switch|p2a: Coalossal|Coalossal, M|100/100
|turn|9
|
|switch|p1a: Crawdaunt|Crawdaunt, M|63/100 brn
|move|p2a: Coalossal|Spikes|p1a: Crawdaunt
|-sidestart|p1: NOLOAF|Spikes
|
|-damage|p1a: Crawdaunt|57/100 brn|[from] brn
|upkeep
|turn|10
|
|switch|p2a: Aromatisse|Aromatisse, M|80/100
|move|p1a: Crawdaunt|Dragon Dance|p1a: Crawdaunt
|-boost|p1a: Crawdaunt|atk|1
|-boost|p1a: Crawdaunt|spe|1
|
|-damage|p1a: Crawdaunt|51/100 brn|[from] brn
|upkeep
|turn|11
|
|move|p1a: Crawdaunt|Liquidation|p2a: Aromatisse
|-damage|p2a: Aromatisse|50/100
|move|p2a: Aromatisse|Moonblast|p1a: Crawdaunt
|-supereffective|p1a: Crawdaunt
|-damage|p1a: Crawdaunt|0 fnt
|faint|p1a: Crawdaunt
|
|upkeep
|
|switch|p1a: Roserade|Roserade, F|91/100
|-damage|p1a: Roserade|78/100|[from] Spikes
|turn|12
|
|switch|p2a: Bronzong|Bronzong|100/100
|move|p1a: Roserade|Sludge Bomb|p2a: Bronzong
|-immune|p2a: Bronzong
|
|upkeep
|turn|13
|
|switch|p1a: Turtonator|Turtonator, F|100/100
|-damage|p1a: Turtonator|88/100|[from] Spikes
|move|p2a: Bronzong|Psychic|p1a: Turtonator
|-damage|p1a: Turtonator|71/100
|
|upkeep
|turn|14
|
|switch|p2a: Coalossal|Coalossal, M|100/100
|move|p1a: Turtonator|Rapid Spin|p2a: Coalossal
|-resisted|p2a: Coalossal
|-damage|p2a: Coalossal|98/100
|-sideend|p1: NOLOAF|Spikes|[from] move: Rapid Spin|[of] p1a: Turtonator
|-boost|p1a: Turtonator|spe|1
|
|upkeep
|turn|15
|
|move|p1a: Turtonator|Dragon Pulse|p2a: Coalossal
|-damage|p2a: Coalossal|78/100
|move|p2a: Coalossal|Spikes|p1a: Turtonator
|-sidestart|p1: NOLOAF|Spikes
|
|upkeep
|turn|16
|
|switch|p1a: Hippowdon|Hippowdon, F|100/100
|-damage|p1a: Hippowdon|88/100|[from] Spikes
|-weather|Sandstorm|[from] ability: Sand Stream|[of] p1a: Hippowdon
|move|p2a: Coalossal|Stone Edge|p1a: Hippowdon
|-resisted|p1a: Hippowdon
|-damage|p1a: Hippowdon|81/100
|
|-weather|Sandstorm|[upkeep]
|-heal|p1a: Hippowdon|87/100|[from] item: Leftovers
|upkeep
|turn|17
|
|switch|p2a: Aromatisse|Aromatisse, M|50/100
|move|p1a: Hippowdon|Stealth Rock|p2a: Aromatisse
|-sidestart|p2: predator145|move: Stealth Rock
|
|-weather|Sandstorm|[upkeep]
|-damage|p2a: Aromatisse|44/100|[from] Sandstorm
|-heal|p1a: Hippowdon|93/100|[from] item: Leftovers
|upkeep
|turn|18
|
|switch|p1a: Roserade|Roserade, F|78/100
|-damage|p1a: Roserade|66/100|[from] Spikes
|move|p2a: Aromatisse|Wish|p2a: Aromatisse
|
|-weather|Sandstorm|[upkeep]
|-damage|p1a: Roserade|60/100|[from] Sandstorm
|-damage|p2a: Aromatisse|38/100|[from] Sandstorm
|upkeep
|turn|19
|
|move|p2a: Aromatisse|Protect|p2a: Aromatisse
|-singleturn|p2a: Aromatisse|Protect
|move|p1a: Roserade|Spikes|p2a: Aromatisse
|-sidestart|p2: predator145|Spikes
|
|-weather|Sandstorm|[upkeep]
|-damage|p1a: Roserade|54/100|[from] Sandstorm
|-damage|p2a: Aromatisse|32/100|[from] Sandstorm
|-heal|p2a: Aromatisse|82/100|[from] move: Wish|[wisher] Aromatisse
|upkeep
|turn|20
|
|switch|p2a: Coalossal|Coalossal, M|78/100
|move|p1a: Roserade|Sludge Bomb|p2a: Coalossal
|-resisted|p2a: Coalossal
|-damage|p2a: Coalossal|65/100
|-damage|p1a: Roserade|44/100|[from] item: Life Orb
|
|-weather|none
|upkeep
|turn|21
|
|move|p1a: Roserade|Giga Drain|p2a: Coalossal
|-damage|p2a: Coalossal|34/100
|-heal|p1a: Roserade|69/100|[from] drain|[of] p2a: Coalossal
|-damage|p1a: Roserade|60/100|[from] item: Life Orb
|move|p2a: Coalossal|Rapid Spin|p1a: Roserade
|-damage|p1a: Roserade|41/100
|-sideend|p2: predator145|Spikes|[from] move: Rapid Spin|[of] p2a: Coalossal
|-sideend|p2: predator145|Stealth Rock|[from] move: Rapid Spin|[of] p2a: Coalossal
|-boost|p2a: Coalossal|spe|1
|
|upkeep
|turn|22
|
|switch|p1a: Hippowdon|Hippowdon, F|93/100
|-damage|p1a: Hippowdon|81/100|[from] Spikes
|-weather|Sandstorm|[from] ability: Sand Stream|[of] p1a: Hippowdon
|switch|p2a: Bronzong|Bronzong|100/100
|
|-weather|Sandstorm|[upkeep]
|-heal|p1a: Hippowdon|87/100|[from] item: Leftovers
|upkeep
|turn|23
|
|move|p1a: Hippowdon|Stealth Rock|p2a: Bronzong
|-sidestart|p2: predator145|move: Stealth Rock
|move|p2a: Bronzong|Psychic|p1a: Hippowdon
|-damage|p1a: Hippowdon|59/100
|
|-weather|Sandstorm|[upkeep]
|-heal|p1a: Hippowdon|65/100|[from] item: Leftovers
|upkeep
|turn|24
|
|switch|p1a: Turtonator|Turtonator, F|71/100
|-damage|p1a: Turtonator|59/100|[from] Spikes
|switch|p2a: Aromatisse|Aromatisse, M|82/100
|-damage|p2a: Aromatisse|70/100|[from] Stealth Rock
|
|-weather|Sandstorm|[upkeep]
|-damage|p2a: Aromatisse|64/100|[from] Sandstorm
|-damage|p1a: Turtonator|53/100|[from] Sandstorm
|upkeep
|turn|25
|
|move|p2a: Aromatisse|Wish|p2a: Aromatisse
|move|p1a: Turtonator|Rapid Spin|p2a: Aromatisse
|-damage|p2a: Aromatisse|57/100
|-sideend|p1: NOLOAF|Spikes|[from] move: Rapid Spin|[of] p1a: Turtonator
|-boost|p1a: Turtonator|spe|1
|
|-weather|Sandstorm|[upkeep]
|-damage|p1a: Turtonator|46/100|[from] Sandstorm
|-damage|p2a: Aromatisse|51/100|[from] Sandstorm
|upkeep
|turn|26
|
|switch|p1a: Lucario|Lucario, M|100/100
|move|p2a: Aromatisse|Moonblast|p1a: Lucario
|-damage|p1a: Lucario|52/100
|
|-weather|none
|-heal|p2a: Aromatisse|100/100|[from] move: Wish|[wisher] Aromatisse
|upkeep
|turn|27
|j| mickygadsby
|
|switch|p2a: Bronzong|Bronzong|100/100
|-damage|p2a: Bronzong|94/100|[from] Stealth Rock
|move|p1a: Lucario|Meteor Mash|p2a: Bronzong
|-resisted|p2a: Bronzong
|-damage|p2a: Bronzong|64/100
|
|-heal|p2a: Bronzong|70/100|[from] item: Leftovers
|upkeep
|turn|28
|l| mickygadsby
|
|switch|p1a: Turtonator|Turtonator, F|46/100
|move|p2a: Bronzong|Earthquake|p1a: Turtonator
|-supereffective|p1a: Turtonator
|-damage|p1a: Turtonator|14/100
|
|-heal|p2a: Bronzong|76/100|[from] item: Leftovers
|upkeep
|turn|29
|
|switch|p2a: Umbreon|Umbreon, M|100/100
|-damage|p2a: Umbreon|88/100|[from] Stealth Rock
|move|p1a: Turtonator|Fire Spin|p2a: Umbreon
|-damage|p2a: Umbreon|82/100
|-activate|p2a: Umbreon|move: Fire Spin|[of] p1a: Turtonator
|
|-heal|p2a: Umbreon|88/100|[from] item: Leftovers
|-damage|p2a: Umbreon|76/100|[from] move: Fire Spin|[partiallytrapped]
|upkeep
|turn|30
|
|move|p2a: Umbreon|Wish|p2a: Umbreon
|move|p1a: Turtonator|Flamethrower|p2a: Umbreon
|-damage|p2a: Umbreon|59/100
|-status|p2a: Umbreon|brn
|-activate|p2a: Umbreon|ability: Synchronize
|-immune|p1a: Turtonator
|
|-heal|p2a: Umbreon|65/100 brn|[from] item: Leftovers
|-damage|p2a: Umbreon|59/100 brn|[from] brn
|-damage|p2a: Umbreon|47/100 brn|[from] move: Fire Spin|[partiallytrapped]
|upkeep
|turn|31
|
|move|p2a: Umbreon|Foul Play|p1a: Turtonator
|-damage|p1a: Turtonator|5/100
|move|p1a: Turtonator|Flamethrower|p2a: Umbreon
|-crit|p2a: Umbreon
|-damage|p2a: Umbreon|21/100 brn
|
|-heal|p2a: Umbreon|71/100 brn|[from] move: Wish|[wisher] Umbreon
|-heal|p2a: Umbreon|77/100 brn|[from] item: Leftovers
|-damage|p2a: Umbreon|71/100 brn|[from] brn
|-damage|p2a: Umbreon|58/100 brn|[from] move: Fire Spin|[partiallytrapped]
|upkeep
|turn|32
|
|move|p2a: Umbreon|Wish|p2a: Umbreon
|move|p1a: Turtonator|Flamethrower|p2a: Umbreon
|-damage|p2a: Umbreon|41/100 brn
|
|-heal|p2a: Umbreon|47/100 brn|[from] item: Leftovers
|-damage|p2a: Umbreon|41/100 brn|[from] brn
|-damage|p2a: Umbreon|28/100 brn|[from] move: Fire Spin|[partiallytrapped]
|upkeep
|turn|33
|
|move|p2a: Umbreon|Foul Play|p1a: Turtonator
|-damage|p1a: Turtonator|0 fnt
|faint|p1a: Turtonator
|
|-heal|p2a: Umbreon|78/100 brn|[from] move: Wish|[wisher] Umbreon
|-heal|p2a: Umbreon|85/100 brn|[from] item: Leftovers
|-damage|p2a: Umbreon|78/100 brn|[from] brn
|-end|p2a: Umbreon|Fire Spin|[partiallytrapped]|[silent]
|upkeep
|
|switch|p1a: Lucario|Lucario, M|52/100
|turn|34
|j| Ugnis
|
|switch|p2a: Hippowdon|Hippowdon, F|100/100
|-damage|p2a: Hippowdon|94/100|[from] Stealth Rock
|-weather|Sandstorm|[from] ability: Sand Stream|[of] p2a: Hippowdon
|move|p1a: Lucario|Close Combat|p2a: Hippowdon
|-damage|p2a: Hippowdon|43/100
|-unboost|p1a: Lucario|def|1
|-unboost|p1a: Lucario|spd|1
|
|-weather|Sandstorm|[upkeep]
|-heal|p2a: Hippowdon|49/100|[from] item: Leftovers
|upkeep
|turn|35
|inactive|predator145 has 120 seconds left.
|c|☆NOLOAF|mans is shook
|inactive|predator145 has 90 seconds left.
|
|switch|p2a: Aromatisse|Aromatisse, M|100/100
|-damage|p2a: Aromatisse|88/100|[from] Stealth Rock
|move|p1a: Lucario|Close Combat|p2a: Aromatisse
|-resisted|p2a: Aromatisse
|-damage|p2a: Aromatisse|56/100
|-unboost|p1a: Lucario|def|1
|-unboost|p1a: Lucario|spd|1
|
|-weather|Sandstorm|[upkeep]
|-damage|p2a: Aromatisse|50/100|[from] Sandstorm
|upkeep
|turn|36
|
|switch|p1a: Roserade|Roserade, F|41/100
|move|p2a: Aromatisse|Wish|p2a: Aromatisse
|
|-weather|Sandstorm|[upkeep]
|-damage|p1a: Roserade|35/100|[from] Sandstorm
|-damage|p2a: Aromatisse|43/100|[from] Sandstorm
|upkeep
|turn|37
|l| Ugnis
|
|switch|p2a: Umbreon|Umbreon, M|78/100 brn
|-damage|p2a: Umbreon|66/100 brn|[from] Stealth Rock
|move|p1a: Roserade|Giga Drain|p2a: Umbreon
|-damage|p2a: Umbreon|39/100 brn
|-heal|p1a: Roserade|56/100|[from] drain|[of] p2a: Umbreon
|-damage|p1a: Roserade|46/100|[from] item: Life Orb
|
|-weather|Sandstorm|[upkeep]
|-damage|p1a: Roserade|40/100|[from] Sandstorm
|-damage|p2a: Umbreon|33/100 brn|[from] Sandstorm
|-heal|p2a: Umbreon|85/100 brn|[from] move: Wish|[wisher] Aromatisse
|-heal|p2a: Umbreon|91/100 brn|[from] item: Leftovers
|-damage|p2a: Umbreon|85/100 brn|[from] brn
|upkeep
|turn|38
|inactive|predator145 has 60 seconds left.
|
|switch|p1a: Lucario|Lucario, M|52/100
|move|p2a: Umbreon|Foul Play|p1a: Lucario
|-resisted|p1a: Lucario
|-damage|p1a: Lucario|33/100
|
|-weather|none
|-heal|p2a: Umbreon|91/100 brn|[from] item: Leftovers
|-damage|p2a: Umbreon|85/100 brn|[from] brn
|upkeep
|turn|39
|
|move|p2a: Umbreon|Protect|p2a: Umbreon
|-singleturn|p2a: Umbreon|Protect
|move|p1a: Lucario|Close Combat|p2a: Umbreon
|-activate|p2a: Umbreon|move: Protect
|
|-heal|p2a: Umbreon|91/100 brn|[from] item: Leftovers
|-damage|p2a: Umbreon|85/100 brn|[from] brn
|upkeep
|turn|40
|inactive|predator145 has 60 seconds left.
|
|move|p1a: Lucario|Close Combat|p2a: Umbreon
|-supereffective|p2a: Umbreon
|-damage|p2a: Umbreon|0 fnt
|-unboost|p1a: Lucario|def|1
|-unboost|p1a: Lucario|spd|1
|faint|p2a: Umbreon
|
|upkeep
|
|switch|p2a: Aromatisse|Aromatisse, M|43/100
|-damage|p2a: Aromatisse|31/100|[from] Stealth Rock
|turn|41
|
|move|p2a: Aromatisse|Protect|p2a: Aromatisse
|-singleturn|p2a: Aromatisse|Protect
|move|p1a: Lucario|Close Combat|p2a: Aromatisse
|-activate|p2a: Aromatisse|move: Protect
|
|upkeep
|turn|42
|
|move|p1a: Lucario|Close Combat|p2a: Aromatisse
|-resisted|p2a: Aromatisse
|-damage|p2a: Aromatisse|0 fnt
|-unboost|p1a: Lucario|def|1
|-unboost|p1a: Lucario|spd|1
|faint|p2a: Aromatisse
|
|upkeep
|
|switch|p2a: Hippowdon|Hippowdon, F|49/100
|-damage|p2a: Hippowdon|43/100|[from] Stealth Rock
|-weather|Sandstorm|[from] ability: Sand Stream|[of] p2a: Hippowdon
|turn|43
|
|move|p1a: Lucario|Close Combat|p2a: Hippowdon
|-damage|p2a: Hippowdon|0 fnt
|-unboost|p1a: Lucario|def|1
|-unboost|p1a: Lucario|spd|1
|faint|p2a: Hippowdon
|
|-weather|Sandstorm|[upkeep]
|upkeep
|c|☆NOLOAF|gg son
|c|☆predator145|gg
|c|☆predator145|tks daddy
|-message|predator145 forfeited.
|
|win|NOLOAF
|l|☆predator145
||Ladder (probably) updated, but score could not be retrieved (Response not received).
