|j|☆le_patrooon
|j|☆HashtagMe
|t:|1623338668
|gametype|singles
|player|p1|le_patrooon|lucas|1398
|player|p2|HashtagMe|170|1231
|teamsize|p1|6
|teamsize|p2|6
|gen|8
|tier|[Gen 8] UU
|rated|
|rule|Sleep Clause Mod: Limit one foe put to sleep
|rule|Species Clause: Limit one of each Pokémon
|rule|OHKO Clause: OHKO moves are banned
|rule|Evasion Moves Clause: Evasion moves are banned
|rule|Endless Battle Clause: Forcing endless battles is banned
|rule|HP Percentage Mod: HP is shown in percentages
|rule|Dynamax Clause: You cannot dynamax
|clearpoke
|poke|p1|Weezing-Galar, M|
|poke|p1|Zygarde-10%|
|poke|p1|Registeel|
|poke|p1|Suicune|
|poke|p1|Celebi|
|poke|p1|Gyarados, F|
|poke|p2|Scizor, F|
|poke|p2|Rotom-Heat|
|poke|p2|Zarude|
|poke|p2|Mew|
|poke|p2|Mienshao, M|
|poke|p2|Primarina, M|
|teampreview
|
|t:|1623338705
|start
|switch|p1a: Zygarde|Zygarde-10%|100/100
|switch|p2a: Mienshao|Mienshao, M|100/100
|-ability|p1a: Zygarde|Aura Break
|turn|1
|
|t:|1623338714
|switch|p2a: Scizor|Scizor, F|100/100
|move|p1a: Zygarde|Superpower|p2a: Scizor
|-damage|p2a: Scizor|49/100
|-unboost|p1a: Zygarde|atk|1
|-unboost|p1a: Zygarde|def|1
|
|upkeep
|turn|2
|
|t:|1623338728
|switch|p1a: Weezing|Weezing-Galar, M|100/100
|move|p2a: Scizor|Roost|p2a: Scizor
|-heal|p2a: Scizor|99/100
|-singleturn|p2a: Scizor|move: Roost
|
|upkeep
|turn|3
|
|t:|1623338742
|switch|p2a: Rotom|Rotom-Heat|100/100
|move|p1a: Weezing|Will-O-Wisp|p2a: Rotom
|-immune|p2a: Rotom
|
|upkeep
|turn|4
|
|t:|1623338750
|switch|p1a: Celebi|Celebi|100/100
|move|p2a: Rotom|Volt Switch|p1a: Celebi
|-resisted|p1a: Celebi
|-damage|p1a: Celebi|90/100
|
|t:|1623338765
|switch|p2a: Mienshao|Mienshao, M|100/100|[from]move: Volt Switch
|
|-heal|p1a: Celebi|96/100|[from] item: Leftovers
|upkeep
|turn|5
|
|t:|1623338784
|switch|p1a: Weezing|Weezing-Galar, M|100/100
|move|p2a: Mienshao|U-turn|p1a: Weezing
|-resisted|p1a: Weezing
|-damage|p1a: Weezing|95/100
|-damage|p2a: Mienshao|84/100|[from] item: Rocky Helmet|[of] p1a: Weezing
|-damage|p2a: Mienshao|74/100|[from] item: Life Orb
|
|t:|1623338818
|switch|p2a: Scizor|Scizor, F|99/100|[from]move: U-turn
|
|upkeep
|turn|6
|
|t:|1623338822
|move|p2a: Scizor|Bullet Punch|p1a: Weezing
|-supereffective|p1a: Weezing
|-damage|p1a: Weezing|52/100
|-damage|p2a: Scizor|83/100|[from] item: Rocky Helmet|[of] p1a: Weezing
|move|p1a: Weezing|Will-O-Wisp|p2a: Scizor
|-status|p2a: Scizor|brn
|
|-damage|p2a: Scizor|77/100 brn|[from] brn
|upkeep
|turn|7
|
|t:|1623338841
|switch|p1a: Registeel|Registeel|100/100
|move|p2a: Scizor|Knock Off|p1a: Registeel
|-damage|p1a: Registeel|91/100
|-enditem|p1a: Registeel|Leftovers|[from] move: Knock Off|[of] p2a: Scizor
|
|-damage|p2a: Scizor|71/100 brn|[from] brn
|upkeep
|turn|8
|
|t:|1623338854
|switch|p2a: Rotom|Rotom-Heat|100/100
|move|p1a: Registeel|Stealth Rock|p2a: Rotom
|-sidestart|p2: HashtagMe|move: Stealth Rock
|
|upkeep
|turn|9
|
|t:|1623338861
|move|p2a: Rotom|Overheat|p1a: Registeel
|-supereffective|p1a: Registeel
|-damage|p1a: Registeel|31/100
|-unboost|p2a: Rotom|spa|2
|move|p1a: Registeel|Toxic|p2a: Rotom
|-status|p2a: Rotom|tox
|
|-damage|p2a: Rotom|95/100 tox|[from] psn
|upkeep
|turn|10
|
|t:|1623338869
|move|p1a: Registeel|Protect|p1a: Registeel
|-singleturn|p1a: Registeel|Protect
|move|p2a: Rotom|Defog|p1a: Registeel
|-activate|p1a: Registeel|move: Protect
|
|-damage|p2a: Rotom|83/100 tox|[from] psn
|upkeep
|turn|11
|
|t:|1623338877
|switch|p2a: Mienshao|Mienshao, M|100/100
|-damage|p2a: Mienshao|95/100|[from] Stealth Rock
|move|p1a: Registeel|Seismic Toss|p2a: Mienshao
|-damage|p2a: Mienshao|58/100
|
|upkeep
|turn|12
|
|t:|1623338887
|switch|p1a: Weezing|Weezing-Galar, M|52/100
|move|p2a: Mienshao|Close Combat|p1a: Weezing
|-resisted|p1a: Weezing
|-damage|p1a: Weezing|40/100
|-unboost|p2a: Mienshao|def|1
|-unboost|p2a: Mienshao|spd|1
|-damage|p2a: Mienshao|41/100|[from] item: Rocky Helmet|[of] p1a: Weezing
|-damage|p2a: Mienshao|31/100|[from] item: Life Orb
|
|upkeep
|turn|13
|
|t:|1623338897
|switch|p2a: Rotom|Rotom-Heat|83/100 tox
|move|p1a: Weezing|Toxic Spikes|p2a: Rotom
|-sidestart|p2: HashtagMe|move: Toxic Spikes
|
|-damage|p2a: Rotom|77/100 tox|[from] psn
|upkeep
|turn|14
|
|t:|1623338905
|switch|p1a: Zygarde|Zygarde-10%|100/100
|-ability|p1a: Zygarde|Aura Break
|move|p2a: Rotom|Defog|p1a: Zygarde
|-unboost|p1a: Zygarde|evasion|1
|-sideend|p2: HashtagMe|Toxic Spikes|[from] move: Defog|[of] p2a: Rotom
|-sideend|p2: HashtagMe|Stealth Rock|[from] move: Defog|[of] p2a: Rotom
|
|-damage|p2a: Rotom|65/100 tox|[from] psn
|upkeep
|turn|15
|
|t:|1623338918
|switch|p2a: Zarude|Zarude|100/100
|move|p1a: Zygarde|Superpower|p2a: Zarude
|-supereffective|p2a: Zarude
|-damage|p2a: Zarude|8/100
|-unboost|p1a: Zygarde|atk|1
|-unboost|p1a: Zygarde|def|1
|
|upkeep
|turn|16
|
|t:|1623338938
|move|p2a: Zarude|Darkest Lariat|p1a: Zygarde
|-damage|p1a: Zygarde|30/100
|move|p1a: Zygarde|Superpower|p2a: Zarude
|-supereffective|p2a: Zarude
|-damage|p2a: Zarude|0 fnt
|-unboost|p1a: Zygarde|atk|1
|-unboost|p1a: Zygarde|def|1
|faint|p2a: Zarude
|
|upkeep
|
|t:|1623338947
|switch|p2a: Primarina|Primarina, M|100/100
|turn|17
|
|t:|1623338952
|switch|p1a: Celebi|Celebi|96/100
|move|p2a: Primarina|Moonblast|p1a: Celebi
|-damage|p1a: Celebi|64/100
|
|-heal|p1a: Celebi|70/100|[from] item: Leftovers
|upkeep
|turn|18
|
|t:|1623338963
|switch|p2a: Scizor|Scizor, F|71/100 brn
|move|p1a: Celebi|Energy Ball|p2a: Scizor
|-resisted|p2a: Scizor
|-damage|p2a: Scizor|62/100 brn
|
|-heal|p1a: Celebi|76/100|[from] item: Leftovers
|-damage|p2a: Scizor|56/100 brn|[from] brn
|upkeep
|turn|19
|
|t:|1623338973
|switch|p1a: Registeel|Registeel|31/100
|move|p2a: Scizor|Knock Off|p1a: Registeel
|-damage|p1a: Registeel|24/100
|
|-damage|p2a: Scizor|50/100 brn|[from] brn
|upkeep
|turn|20
|
|t:|1623338981
|move|p2a: Scizor|Swords Dance|p2a: Scizor
|-boost|p2a: Scizor|atk|2
|move|p1a: Registeel|Stealth Rock|p2a: Scizor
|-sidestart|p2: HashtagMe|move: Stealth Rock
|
|-damage|p2a: Scizor|44/100 brn|[from] brn
|upkeep
|turn|21
|
|t:|1623338989
|move|p2a: Scizor|Roost|p2a: Scizor
|-heal|p2a: Scizor|94/100 brn
|-singleturn|p2a: Scizor|move: Roost
|move|p1a: Registeel|Seismic Toss|p2a: Scizor
|-damage|p2a: Scizor|65/100 brn
|
|-damage|p2a: Scizor|59/100 brn|[from] brn
|upkeep
|turn|22
|
|t:|1623339000
|switch|p1a: Suicune|Suicune|100/100
|-ability|p1a: Suicune|Pressure
|move|p2a: Scizor|Swords Dance|p2a: Scizor
|-boost|p2a: Scizor|atk|2
|
|-damage|p2a: Scizor|53/100 brn|[from] brn
|upkeep
|turn|23
|
|t:|1623339009
|move|p2a: Scizor|Knock Off|p1a: Suicune
|-damage|p1a: Suicune|72/100
|-enditem|p1a: Suicune|Leftovers|[from] move: Knock Off|[of] p2a: Scizor
|move|p1a: Suicune|Roar|p2a: Scizor
|drag|p2a: Mienshao|Mienshao, M|64/100
|-damage|p2a: Mienshao|58/100|[from] Stealth Rock
|
|upkeep
|turn|24
|
|t:|1623339021
|switch|p1a: Weezing|Weezing-Galar, M|40/100
|move|p2a: Mienshao|U-turn|p1a: Weezing
|-resisted|p1a: Weezing
|-damage|p1a: Weezing|35/100
|-damage|p2a: Mienshao|42/100|[from] item: Rocky Helmet|[of] p1a: Weezing
|-damage|p2a: Mienshao|32/100|[from] item: Life Orb
|
|t:|1623339028
|switch|p2a: Primarina|Primarina, M|100/100|[from]move: U-turn
|-damage|p2a: Primarina|88/100|[from] Stealth Rock
|
|-heal|p2a: Primarina|94/100|[from] item: Leftovers
|upkeep
|turn|25
|
|t:|1623339035
|switch|p1a: Celebi|Celebi|76/100
|move|p2a: Primarina|Scald|p1a: Celebi
|-resisted|p1a: Celebi
|-damage|p1a: Celebi|63/100
|-status|p1a: Celebi|brn
|
|-heal|p1a: Celebi|69/100 brn|[from] item: Leftovers
|-heal|p2a: Primarina|99/100|[from] item: Leftovers
|-damage|p1a: Celebi|63/100 brn|[from] brn
|upkeep
|turn|26
|
|t:|1623339047
|switch|p1a: Gyarados|Gyarados, F|100/100
|switch|p2a: Scizor|Scizor, F|53/100 brn
|-damage|p2a: Scizor|40/100 brn|[from] Stealth Rock
|
|-damage|p2a: Scizor|34/100 brn|[from] brn
|upkeep
|turn|27
|
|t:|1623339055
|move|p1a: Gyarados|Dragon Dance|p1a: Gyarados
|-boost|p1a: Gyarados|atk|1
|-boost|p1a: Gyarados|spe|1
|move|p2a: Scizor|Knock Off|p1a: Gyarados
|-damage|p1a: Gyarados|80/100
|-enditem|p1a: Gyarados|Power Herb|[from] move: Knock Off|[of] p2a: Scizor
|
|-damage|p2a: Scizor|28/100 brn|[from] brn
|upkeep
|turn|28
|
|t:|1623339063
|move|p1a: Gyarados|Bounce||[still]
|-prepare|p1a: Gyarados|Bounce
|move|p2a: Scizor|Knock Off|p1a: Gyarados|[miss]
|-miss|p2a: Scizor|p1a: Gyarados
|
|-damage|p2a: Scizor|22/100 brn|[from] brn
|upkeep
|turn|29
|
|t:|1623339070
|move|p1a: Gyarados|Bounce|p2a: Scizor|[from]lockedmove
|-damage|p2a: Scizor|0 fnt
|faint|p2a: Scizor
|-ability|p1a: Gyarados|Moxie|boost
|-boost|p1a: Gyarados|atk|1
|
|upkeep
|
|t:|1623339079
|switch|p2a: Primarina|Primarina, M|99/100
|-damage|p2a: Primarina|88/100|[from] Stealth Rock
|turn|30
|
|t:|1623339084
|move|p1a: Gyarados|Power Whip|p2a: Primarina
|-supereffective|p2a: Primarina
|-damage|p2a: Primarina|0 fnt
|faint|p2a: Primarina
|-ability|p1a: Gyarados|Moxie|boost
|-boost|p1a: Gyarados|atk|1
|
|upkeep
|
|t:|1623339090
|switch|p2a: Rotom|Rotom-Heat|65/100 tox
|turn|31
|
|t:|1623339093
|move|p1a: Gyarados|Waterfall|p2a: Rotom
|-supereffective|p2a: Rotom
|-damage|p2a: Rotom|0 fnt
|faint|p2a: Rotom
|-ability|p1a: Gyarados|Moxie|boost
|-boost|p1a: Gyarados|atk|1
|
|upkeep
|-message|HashtagMe forfeited.
|
|win|le_patrooon
|l|☆HashtagMe
|raw|le_patrooon's rating: 1399 &rarr; <strong>1410</strong><br />(+11 for winning)
|raw|HashtagMe's rating: 1231 &rarr; <strong>1217</strong><br />(-14 for losing)
|c|☆le_patrooon|gg
