|j|☆StarSmilez
|j|☆Ichindar
|t:|1665583242
|gametype|singles
|player|p1|StarSmilez|hexmaniac-gen6|1303
|player|p2|Ichindar|265|1379
|teamsize|p1|6
|teamsize|p2|6
|gen|8
|tier|[Gen 8] UU
|rated|
|rule|Sleep Clause Mod: Limit one foe put to sleep
|rule|Species Clause: Limit one of each Pokémon
|rule|OHKO Clause: OHKO moves are banned
|rule|Evasion Items Clause: Evasion items are banned
|rule|Evasion Moves Clause: Evasion moves are banned
|rule|Endless Battle Clause: Forcing endless battles is banned
|rule|HP Percentage Mod: HP is shown in percentages
|rule|Dynamax Clause: You cannot dynamax
|clearpoke
|poke|p1|Azumarill, F|
|poke|p1|Haxorus, F|
|poke|p1|Venusaur, F|
|poke|p1|Krookodile, M|
|poke|p1|Gardevoir, F|
|poke|p1|Scizor, F|
|poke|p2|Krookodile, F|
|poke|p2|Conkeldurr, F|
|poke|p2|Jirachi|
|poke|p2|Chansey, F|
|poke|p2|Primarina, M|
|poke|p2|Salamence, M|
|teampreview
|inactive|Battle timer is ON: inactive players will automatically lose when time's up. (requested by StarSmilez)
|
|t:|1665583262
|start
|switch|p1a: Devito|Krookodile, M|100/100
|switch|p2a: Jirachi|Jirachi|100/100
|-ability|p1a: Devito|Intimidate|boost
|-unboost|p2a: Jirachi|atk|1
|turn|1
|
|t:|1665583270
|move|p2a: Jirachi|U-turn|p1a: Devito
|-supereffective|p1a: Devito
|-damage|p1a: Devito|70/100
|
|t:|1665583278
|switch|p2a: Salamence|Salamence, M|100/100|[from]move: U-turn
|-ability|p2a: Salamence|Intimidate|boost
|-unboost|p1a: Devito|atk|1
|move|p1a: Devito|Knock Off|p2a: Salamence
|-damage|p2a: Salamence|74/100
|-enditem|p2a: Salamence|Heavy-Duty Boots|[from] move: Knock Off|[of] p1a: Devito
|
|-heal|p1a: Devito|76/100|[from] item: Leftovers
|upkeep
|turn|2
|
|t:|1665583287
|move|p1a: Devito|Stealth Rock|p2a: Salamence
|-sidestart|p2: Ichindar|move: Stealth Rock
|move|p2a: Salamence|Dual Wingbeat|p1a: Devito
|-damage|p1a: Devito|54/100
|-damage|p1a: Devito|30/100
|-hitcount|p1a: Devito|2
|
|-heal|p1a: Devito|36/100|[from] item: Leftovers
|upkeep
|turn|3
|
|t:|1665583300
|switch|p1a: Rwby|Scizor, F|100/100
|move|p2a: Salamence|Defog|p1a: Rwby
|-unboost|p1a: Rwby|evasion|1
|-sideend|p2: Ichindar|Stealth Rock|[from] move: Defog|[of] p2a: Salamence
|
|upkeep
|turn|4
|
|t:|1665583306
|move|p2a: Salamence|Flamethrower|p1a: Rwby
|-supereffective|p1a: Rwby
|-damage|p1a: Rwby|0 fnt
|faint|p1a: Rwby
|
|upkeep
|
|t:|1665583310
|switch|p1a: Olive|Azumarill, F|100/100
|turn|5
|
|t:|1665583317
|switch|p2a: Primarina|Primarina, M|100/100
|move|p1a: Olive|Play Rough|p2a: Primarina
|-damage|p2a: Primarina|0 fnt
|faint|p2a: Primarina
|
|upkeep
|
|t:|1665583328
|switch|p2a: Jirachi|Jirachi|100/100
|turn|6
|
|t:|1665583333
|switch|p1a: Ivy|Venusaur, F|100/100
|move|p2a: Jirachi|Iron Head|p1a: Ivy
|-damage|p1a: Ivy|51/100
|
|-heal|p1a: Ivy|57/100|[from] item: Black Sludge
|upkeep
|turn|7
|
|t:|1665583340
|move|p2a: Jirachi|Iron Head|p1a: Ivy
|-damage|p1a: Ivy|10/100
|move|p1a: Ivy|Sleep Powder|p2a: Jirachi
|-status|p2a: Jirachi|slp|[from] move: Sleep Powder
|
|-heal|p1a: Ivy|16/100|[from] item: Black Sludge
|upkeep
|turn|8
|
|t:|1665583347
|cant|p2a: Jirachi|slp
|move|p1a: Ivy|Earth Power|p2a: Jirachi
|-supereffective|p2a: Jirachi
|-damage|p2a: Jirachi|41/100 slp
|
|-heal|p1a: Ivy|22/100|[from] item: Black Sludge
|upkeep
|turn|9
|
|t:|1665583355
|switch|p2a: Salamence|Salamence, M|74/100
|-ability|p2a: Salamence|Intimidate|boost
|-unboost|p1a: Ivy|atk|1
|move|p1a: Ivy|Earth Power|p2a: Salamence
|-immune|p2a: Salamence
|
|-heal|p1a: Ivy|28/100|[from] item: Black Sludge
|upkeep
|turn|10
|
|t:|1665583363
|move|p1a: Ivy|Sludge Bomb|p2a: Salamence
|-damage|p2a: Salamence|23/100
|move|p2a: Salamence|Dual Wingbeat|p1a: Ivy|[miss]
|-miss|p2a: Salamence|p1a: Ivy
|
|-heal|p1a: Ivy|34/100|[from] item: Black Sludge
|upkeep
|turn|11
|
|t:|1665583370
|move|p2a: Salamence|Dual Wingbeat|p1a: Ivy
|-supereffective|p1a: Ivy
|-damage|p1a: Ivy|0 fnt
|faint|p1a: Ivy
|-hitcount|p1: Ivy|1
|
|upkeep
|
|t:|1665583387
|switch|p1a: Sam|Gardevoir, F, shiny|100/100
|-ability|p1a: Sam|Intimidate|[from] ability: Trace|[of] p2a: Salamence
|-ability|p1a: Sam|Intimidate|boost
|-unboost|p2a: Salamence|atk|1
|turn|12
|
|t:|1665583396
|switch|p2a: Chansey|Chansey, F|100/100
|move|p1a: Sam|Shadow Ball|p2a: Chansey
|-immune|p2a: Chansey
|
|upkeep
|turn|13
|
|t:|1665583402
|switch|p1a: Olive|Azumarill, F|100/100
|move|p2a: Chansey|Teleport|p2a: Chansey
|
|t:|1665583407
|switch|p2a: Salamence|Salamence, M|23/100|[from]move: Teleport
|-ability|p2a: Salamence|Intimidate|boost
|-unboost|p1a: Olive|atk|1
|
|upkeep
|turn|14
|
|t:|1665583415
|switch|p2a: Krookodile|Krookodile, F|100/100
|-ability|p2a: Krookodile|Intimidate|boost
|-unboost|p1a: Olive|atk|1
|move|p1a: Olive|Play Rough|p2a: Krookodile
|-supereffective|p2a: Krookodile
|-damage|p2a: Krookodile|13/100
|
|-heal|p2a: Krookodile|19/100|[from] item: Leftovers
|upkeep
|turn|15
|
|t:|1665583424
|move|p2a: Krookodile|Earthquake|p1a: Olive
|-damage|p1a: Olive|45/100
|move|p1a: Olive|Play Rough|p2a: Krookodile
|-supereffective|p2a: Krookodile
|-damage|p2a: Krookodile|0 fnt
|faint|p2a: Krookodile
|
|upkeep
|
|t:|1665583438
|switch|p2a: Salamence|Salamence, M|23/100
|-ability|p2a: Salamence|Intimidate|boost
|-unboost|p1a: Olive|atk|1
|turn|16
|
|t:|1665583452
|switch|p1a: Devito|Krookodile, M|36/100
|-ability|p1a: Devito|Intimidate|boost
|-unboost|p2a: Salamence|atk|1
|move|p2a: Salamence|Dual Wingbeat|p1a: Devito
|-damage|p1a: Devito|20/100
|-damage|p1a: Devito|6/100
|-hitcount|p1a: Devito|2
|
|-heal|p1a: Devito|12/100|[from] item: Leftovers
|upkeep
|turn|17
|
|t:|1665583462
|move|p1a: Devito|Knock Off|p2a: Salamence
|-damage|p2a: Salamence|0 fnt
|faint|p2a: Salamence
|
|-heal|p1a: Devito|18/100|[from] item: Leftovers
|upkeep
|
|t:|1665583467
|switch|p2a: Conkeldurr|Conkeldurr, F|100/100
|turn|18
|
|t:|1665583481
|switch|p1a: Haxy|Haxorus, F|100/100
|-ability|p1a: Haxy|Mold Breaker
|move|p2a: Conkeldurr|Mach Punch|p1a: Haxy
|-damage|p1a: Haxy|72/100
|
|-heal|p1a: Haxy|78/100|[from] item: Leftovers
|-status|p2a: Conkeldurr|brn|[from] item: Flame Orb
|upkeep
|turn|19
|
|t:|1665583490
|move|p1a: Haxy|Earthquake|p2a: Conkeldurr
|-damage|p2a: Conkeldurr|62/100 brn
|move|p2a: Conkeldurr|Ice Punch|p1a: Haxy
|-supereffective|p1a: Haxy
|-damage|p1a: Haxy|0 fnt
|faint|p1a: Haxy
|
|-damage|p2a: Conkeldurr|56/100 brn|[from] brn
|upkeep
|
|t:|1665583494
|switch|p1a: Sam|Gardevoir, F, shiny|100/100
|-ability|p1a: Sam|Guts|[from] ability: Trace|[of] p2a: Conkeldurr
|turn|20
|
|t:|1665583502
|switch|p2a: Chansey|Chansey, F|100/100
|move|p1a: Sam|Psyshock|p2a: Chansey
|-damage|p2a: Chansey|75/100
|
|upkeep
|turn|21
|
|t:|1665583510
|move|p1a: Sam|Psyshock|p2a: Chansey
|-damage|p2a: Chansey|47/100
|move|p2a: Chansey|Seismic Toss|p1a: Sam
|-damage|p1a: Sam|64/100
|
|upkeep
|turn|22
|
|t:|1665583516
|move|p1a: Sam|Psyshock|p2a: Chansey
|-damage|p2a: Chansey|22/100
|move|p2a: Chansey|Soft-Boiled|p2a: Chansey
|-heal|p2a: Chansey|72/100
|
|upkeep
|turn|23
|
|t:|1665583526
|move|p1a: Sam|Psyshock|p2a: Chansey
|-damage|p2a: Chansey|46/100
|move|p2a: Chansey|Seismic Toss|p1a: Sam
|-damage|p1a: Sam|28/100
|
|upkeep
|turn|24
|
|t:|1665583532
|switch|p1a: Olive|Azumarill, F|45/100
|move|p2a: Chansey|Soft-Boiled|p2a: Chansey
|-heal|p2a: Chansey|96/100
|
|upkeep
|turn|25
|
|t:|1665583539
|move|p1a: Olive|Knock Off|p2a: Chansey
|-damage|p2a: Chansey|53/100
|-enditem|p2a: Chansey|Eviolite|[from] move: Knock Off|[of] p1a: Olive
|move|p2a: Chansey|Seismic Toss|p1a: Olive
|-damage|p1a: Olive|21/100
|
|upkeep
|turn|26
|
|t:|1665583546
|move|p1a: Olive|Knock Off|p2a: Chansey
|-damage|p2a: Chansey|12/100
|move|p2a: Chansey|Soft-Boiled|p2a: Chansey
|-heal|p2a: Chansey|63/100
|
|upkeep
|turn|27
|
|t:|1665583550
|move|p2a: Chansey|Soft-Boiled|p2a: Chansey
|-heal|p2a: Chansey|100/100
|move|p1a: Olive|Knock Off|p2a: Chansey
|-damage|p2a: Chansey|64/100
|
|upkeep
|turn|28
|
|t:|1665583557
|switch|p1a: Devito|Krookodile, M|18/100
|-ability|p1a: Devito|Intimidate|boost
|-unboost|p2a: Chansey|atk|1
|move|p2a: Chansey|Seismic Toss|p1a: Devito
|-damage|p1a: Devito|0 fnt
|faint|p1a: Devito
|
|upkeep
|
|t:|1665583560
|switch|p1a: Sam|Gardevoir, F, shiny|28/100
|-ability|p1a: Sam|Natural Cure|[from] ability: Trace|[of] p2a: Chansey
|turn|29
|
|t:|1665583571
|move|p1a: Sam|Psyshock|p2a: Chansey
|-damage|p2a: Chansey|23/100
|move|p2a: Chansey|Soft-Boiled|p2a: Chansey
|-heal|p2a: Chansey|73/100
|
|upkeep
|turn|30
|
|t:|1665583577
|move|p1a: Sam|Psyshock|p2a: Chansey
|-damage|p2a: Chansey|31/100
|move|p2a: Chansey|Soft-Boiled|p2a: Chansey
|-heal|p2a: Chansey|81/100
|
|upkeep
|turn|31
|
|t:|1665583582
|move|p1a: Sam|Psyshock|p2a: Chansey
|-damage|p2a: Chansey|40/100
|move|p2a: Chansey|Soft-Boiled|p2a: Chansey
|-heal|p2a: Chansey|90/100
|
|upkeep
|turn|32
|
|t:|1665583588
|move|p1a: Sam|Psyshock|p2a: Chansey
|-damage|p2a: Chansey|50/100
|move|p2a: Chansey|Soft-Boiled|p2a: Chansey
|-heal|p2a: Chansey|99/100
|
|upkeep
|turn|33
|
|t:|1665583601
|move|p1a: Sam|Psyshock|p2a: Chansey
|-damage|p2a: Chansey|59/100
|move|p2a: Chansey|Thunder Wave|p1a: Sam
|-status|p1a: Sam|par
|
|upkeep
|turn|34
|
|t:|1665583607
|move|p1a: Sam|Psyshock|p2a: Chansey
|-damage|p2a: Chansey|16/100
|move|p2a: Chansey|Soft-Boiled|p2a: Chansey
|-heal|p2a: Chansey|66/100
|
|upkeep
|turn|35
|
|t:|1665583612
|move|p1a: Sam|Psyshock|p2a: Chansey
|-damage|p2a: Chansey|24/100
|move|p2a: Chansey|Soft-Boiled|p2a: Chansey
|-heal|p2a: Chansey|75/100
|
|upkeep
|turn|36
|
|t:|1665583618
|move|p1a: Sam|Psyshock|p2a: Chansey
|-damage|p2a: Chansey|36/100
|move|p2a: Chansey|Soft-Boiled|p2a: Chansey
|-heal|p2a: Chansey|86/100
|
|upkeep
|turn|37
|
|t:|1665583623
|cant|p1a: Sam|par
|move|p2a: Chansey|Soft-Boiled|p2a: Chansey
|-heal|p2a: Chansey|100/100
|
|upkeep
|turn|38
|
|t:|1665583632
|move|p1a: Sam|Psyshock|p2a: Chansey
|-crit|p2a: Chansey
|-damage|p2a: Chansey|45/100
|move|p2a: Chansey|Teleport|p2a: Chansey
|
|t:|1665583637
|switch|p2a: Conkeldurr|Conkeldurr, F|56/100 brn|[from]move: Teleport
|
|-damage|p2a: Conkeldurr|50/100 brn|[from] brn
|upkeep
|turn|39
|
|t:|1665583644
|cant|p1a: Sam|par
|move|p2a: Conkeldurr|Facade|p1a: Sam
|-damage|p1a: Sam|0 fnt
|faint|p1a: Sam
|
|-damage|p2a: Conkeldurr|44/100 brn|[from] brn
|upkeep
|
|t:|1665583646
|switch|p1a: Olive|Azumarill, F|21/100
|turn|40
|
|t:|1665583654
|move|p2a: Conkeldurr|Mach Punch|p1a: Olive
|-resisted|p1a: Olive
|-damage|p1a: Olive|3/100
|move|p1a: Olive|Aqua Jet|p2a: Conkeldurr
|-damage|p2a: Conkeldurr|8/100 brn
|
|-damage|p2a: Conkeldurr|2/100 brn|[from] brn
|upkeep
|turn|41
|
|t:|1665583661
|move|p2a: Conkeldurr|Mach Punch|p1a: Olive
|-resisted|p1a: Olive
|-damage|p1a: Olive|0 fnt
|faint|p1a: Olive
|
|win|Ichindar
|raw|StarSmilez's rating: 1303 &rarr; <strong>1287</strong><br />(-16 for losing)
|raw|Ichindar's rating: 1379 &rarr; <strong>1395</strong><br />(+16 for winning)
|c|☆Ichindar|gg
|c|☆StarSmilez|gg
|l|☆StarSmilez
