|j|☆SS007
|j|☆Liz Angeles
|t:|1666889458
|gametype|singles
|player|p1|SS007|proton|1517
|player|p2|Liz Angeles|marley|1639
|teamsize|p1|6
|teamsize|p2|6
|gen|8
|tier|[Gen 8] UU
|rated|
|rule|Sleep Clause Mod: Limit one foe put to sleep
|rule|Species Clause: Limit one of each Pokémon
|rule|OHKO Clause: OHKO moves are banned
|rule|Evasion Items Clause: Evasion items are banned
|rule|Evasion Moves Clause: Evasion moves are banned
|rule|Endless Battle Clause: Forcing endless battles is banned
|rule|HP Percentage Mod: HP is shown in percentages
|rule|Dynamax Clause: You cannot dynamax
|clearpoke
|poke|p1|Thundurus-Therian, M|
|poke|p1|Swampert, M|
|poke|p1|Celesteela|
|poke|p1|Conkeldurr, M|
|poke|p1|Obstagoon, M|
|poke|p1|Chandelure, M|
|poke|p2|Sirfetch’d, M|
|poke|p2|Sylveon, M|
|poke|p2|Salamence, M|
|poke|p2|Slowking, F|
|poke|p2|Nidoqueen, F|
|poke|p2|Zarude|
|teampreview
|inactive|Battle timer is ON: inactive players will automatically lose when time's up. (requested by SS007)
|
|t:|1666889481
|start
|switch|p1a: Obstagoon|Obstagoon, M|100/100
|switch|p2a: Zarude|Zarude|100/100
|turn|1
|
|t:|1666889490
|switch|p1a: Celesteela|Celesteela|100/100
|move|p2a: Zarude|Close Combat|p1a: Celesteela
|-damage|p1a: Celesteela|70/100
|-unboost|p2a: Zarude|def|1
|-unboost|p2a: Zarude|spd|1
|
|-heal|p1a: Celesteela|76/100|[from] item: Leftovers
|upkeep
|turn|2
|
|t:|1666889500
|switch|p2a: Slowking|Slowking, F|100/100
|switch|p1a: Swampert|Swampert, M|100/100
|
|upkeep
|turn|3
|
|t:|1666889505
|move|p1a: Swampert|Stealth Rock|p2a: Slowking
|-sidestart|p2: Liz Angeles|move: Stealth Rock
|move|p2a: Slowking|Toxic|p1a: Swampert
|-status|p1a: Swampert|tox
|
|-damage|p1a: Swampert|94/100 tox|[from] psn
|upkeep
|turn|4
|
|t:|1666889515
|move|p1a: Swampert|Flip Turn|p2a: Slowking
|-resisted|p2a: Slowking
|-damage|p2a: Slowking|92/100
|
|t:|1666889517
|switch|p1a: Obstagoon|Obstagoon, M|100/100|[from]move: Flip Turn
|move|p2a: Slowking|Toxic|p1a: Obstagoon
|-status|p1a: Obstagoon|tox
|
|-heal|p2a: Slowking|98/100|[from] item: Leftovers
|-damage|p1a: Obstagoon|94/100 tox|[from] psn
|upkeep
|turn|5
|
|t:|1666889528
|switch|p2a: Salamence|Salamence, M|100/100
|-ability|p2a: Salamence|Intimidate|boost
|-unboost|p1a: Obstagoon|atk|1
|move|p1a: Obstagoon|Knock Off|p2a: Salamence
|-damage|p2a: Salamence|69/100
|-enditem|p2a: Salamence|Heavy-Duty Boots|[from] move: Knock Off|[of] p1a: Obstagoon
|
|-damage|p1a: Obstagoon|82/100 tox|[from] psn
|upkeep
|turn|6
|inactive|Liz Angeles has 120 seconds left.
|
|t:|1666889562
|move|p1a: Obstagoon|Facade|p2a: Salamence
|-damage|p2a: Salamence|18/100
|move|p2a: Salamence|Defog|p1a: Obstagoon
|-unboost|p1a: Obstagoon|evasion|1
|-sideend|p2: Liz Angeles|Stealth Rock|[from] move: Defog|[of] p2a: Salamence
|
|-damage|p1a: Obstagoon|64/100 tox|[from] psn
|upkeep
|turn|7
|
|t:|1666889569
|switch|p2a: Sylveon|Sylveon, M|100/100
|move|p1a: Obstagoon|Knock Off|p2a: Sylveon
|-resisted|p2a: Sylveon
|-damage|p2a: Sylveon|80/100
|-enditem|p2a: Sylveon|Leftovers|[from] move: Knock Off|[of] p1a: Obstagoon
|
|-damage|p1a: Obstagoon|39/100 tox|[from] psn
|upkeep
|turn|8
|
|t:|1666889575
|switch|p1a: Celesteela|Celesteela|76/100
|move|p2a: Sylveon|Protect||[still]
|-fail|p2a: Sylveon
|
|-heal|p1a: Celesteela|82/100|[from] item: Leftovers
|upkeep
|turn|9
|
|t:|1666889582
|switch|p2a: Slowking|Slowking, F|100/100
|move|p1a: Celesteela|Leech Seed|p2a: Slowking
|-start|p2a: Slowking|move: Leech Seed
|
|-heal|p1a: Celesteela|88/100|[from] item: Leftovers
|-damage|p2a: Slowking|88/100|[from] Leech Seed|[of] p1a: Celesteela
|-heal|p1a: Celesteela|100/100|[silent]
|upkeep
|turn|10
|
|t:|1666889592
|switch|p1a: Swampert|Swampert, M|94/100 tox
|switch|p2a: Zarude|Zarude|100/100
|
|-damage|p1a: Swampert|88/100 tox|[from] psn
|upkeep
|turn|11
|
|t:|1666889598
|switch|p1a: Celesteela|Celesteela|100/100
|move|p2a: Zarude|U-turn|p1a: Celesteela
|-resisted|p1a: Celesteela
|-damage|p1a: Celesteela|96/100
|
|t:|1666889602
|switch|p2a: Salamence|Salamence, M|18/100|[from]move: U-turn
|-ability|p2a: Salamence|Intimidate|boost
|-unboost|p1a: Celesteela|atk|1
|
|-heal|p1a: Celesteela|100/100|[from] item: Leftovers
|upkeep
|turn|12
|
|t:|1666889612
|switch|p1a: Thundurus|Thundurus-Therian, M|100/100
|move|p2a: Salamence|Roost|p2a: Salamence
|-heal|p2a: Salamence|68/100
|-singleturn|p2a: Salamence|move: Roost
|
|upkeep
|turn|13
|
|t:|1666889616
|switch|p2a: Sylveon|Sylveon, M|80/100
|move|p1a: Thundurus|Nasty Plot|p1a: Thundurus
|-boost|p1a: Thundurus|spa|2
|
|upkeep
|turn|14
|
|t:|1666889627
|move|p1a: Thundurus|Thunderbolt|p2a: Sylveon
|-damage|p2a: Sylveon|19/100
|move|p2a: Sylveon|Hyper Voice|p1a: Thundurus
|-damage|p1a: Thundurus|43/100
|
|upkeep
|turn|15
|
|t:|1666889634
|move|p1a: Thundurus|Thunderbolt|p2a: Sylveon
|-damage|p2a: Sylveon|0 fnt
|faint|p2a: Sylveon
|
|upkeep
|
|t:|1666889642
|switch|p2a: Zarude|Zarude|100/100
|turn|16
|
|t:|1666889649
|switch|p1a: Celesteela|Celesteela|100/100
|move|p2a: Zarude|Darkest Lariat|p1a: Celesteela
|-damage|p1a: Celesteela|64/100
|
|-heal|p1a: Celesteela|70/100|[from] item: Leftovers
|upkeep
|turn|17
|
|t:|1666889658
|switch|p2a: Slowking|Slowking, F|100/100
|switch|p1a: Conkeldurr|Conkeldurr, M|100/100
|
|-status|p1a: Conkeldurr|brn|[from] item: Flame Orb
|upkeep
|turn|18
|
|t:|1666889664
|move|p1a: Conkeldurr|Knock Off|p2a: Slowking
|-supereffective|p2a: Slowking
|-damage|p2a: Slowking|20/100
|-enditem|p2a: Slowking|Leftovers|[from] move: Knock Off|[of] p1a: Conkeldurr
|move|p2a: Slowking|Psyshock|p1a: Conkeldurr
|-supereffective|p1a: Conkeldurr
|-damage|p1a: Conkeldurr|50/100 brn
|
|-damage|p1a: Conkeldurr|44/100 brn|[from] brn
|upkeep
|turn|19
|
|t:|1666889672
|switch|p2a: Salamence|Salamence, M|68/100
|-ability|p2a: Salamence|Intimidate|boost
|-unboost|p1a: Conkeldurr|atk|1
|move|p1a: Conkeldurr|Drain Punch|p2a: Salamence
|-resisted|p2a: Salamence
|-damage|p2a: Salamence|47/100
|-heal|p1a: Conkeldurr|55/100 brn|[from] drain|[of] p2a: Salamence
|
|-damage|p1a: Conkeldurr|49/100 brn|[from] brn
|upkeep
|turn|20
|
|t:|1666889685
|switch|p1a: Thundurus|Thundurus-Therian, M|43/100
|move|p2a: Salamence|Dual Wingbeat|p1a: Thundurus
|-resisted|p1a: Thundurus
|-damage|p1a: Thundurus|26/100
|-resisted|p1a: Thundurus
|-damage|p1a: Thundurus|11/100
|-hitcount|p1a: Thundurus|2
|
|upkeep
|turn|21
|
|t:|1666889707
|switch|p2a: Zarude|Zarude|100/100
|move|p1a: Thundurus|Thunderbolt|p2a: Zarude
|-resisted|p2a: Zarude
|-damage|p2a: Zarude|77/100
|-status|p2a: Zarude|par
|
|upkeep
|turn|22
|
|t:|1666889718
|switch|p1a: Celesteela|Celesteela|70/100
|move|p2a: Zarude|U-turn|p1a: Celesteela
|-resisted|p1a: Celesteela
|-damage|p1a: Celesteela|66/100
|
|t:|1666889722
|switch|p2a: Nidoqueen|Nidoqueen, F|100/100|[from]move: U-turn
|
|-heal|p1a: Celesteela|72/100|[from] item: Leftovers
|upkeep
|turn|23
|
|t:|1666889730
|move|p2a: Nidoqueen|Stealth Rock|p1a: Celesteela
|-sidestart|p1: SS007|move: Stealth Rock
|move|p1a: Celesteela|Heavy Slam|p2a: Nidoqueen
|-crit|p2a: Nidoqueen
|-damage|p2a: Nidoqueen|35/100
|
|-heal|p1a: Celesteela|78/100|[from] item: Leftovers
|upkeep
|turn|24
|
|t:|1666889746
|move|p2a: Nidoqueen|Flamethrower|p1a: Celesteela
|-supereffective|p1a: Celesteela
|-damage|p1a: Celesteela|28/100
|move|p1a: Celesteela|Heavy Slam|p2a: Nidoqueen
|-damage|p2a: Nidoqueen|0 fnt
|faint|p2a: Nidoqueen
|-ability|p1a: Celesteela|Beast Boost|boost
|-boost|p1a: Celesteela|spd|1
|
|-heal|p1a: Celesteela|34/100|[from] item: Leftovers
|upkeep
|
|t:|1666889753
|switch|p2a: Sirfetch’d|Sirfetch’d, M|100/100
|turn|25
|
|t:|1666889778
|move|p2a: Sirfetch’d|Knock Off|p1a: Celesteela
|-damage|p1a: Celesteela|3/100
|-enditem|p1a: Celesteela|Leftovers|[from] move: Knock Off|[of] p2a: Sirfetch’d
|move|p1a: Celesteela|Heavy Slam|p2a: Sirfetch’d
|-crit|p2a: Sirfetch’d
|-damage|p2a: Sirfetch’d|11/100
|
|upkeep
|turn|26
|
|t:|1666889785
|move|p2a: Sirfetch’d|Knock Off|p1a: Celesteela
|-crit|p1a: Celesteela
|-damage|p1a: Celesteela|0 fnt
|faint|p1a: Celesteela
|
|upkeep
|
|t:|1666889797
|switch|p1a: Chandelure|Chandelure, M|100/100
|turn|27
|inactive|Liz Angeles has 120 seconds left.
|
|t:|1666889854
|switch|p2a: Slowking|Slowking, F|53/100
|move|p1a: Chandelure|Flame Charge|p2a: Slowking
|-resisted|p2a: Slowking
|-damage|p2a: Slowking|49/100
|-boost|p1a: Chandelure|spe|1
|
|upkeep
|turn|28
|
|t:|1666889859
|move|p1a: Chandelure|Shadow Ball|p2a: Slowking
|-supereffective|p2a: Slowking
|-damage|p2a: Slowking|0 fnt
|faint|p2a: Slowking
|
|upkeep
|
|t:|1666889871
|switch|p2a: Salamence|Salamence, M|47/100
|-ability|p2a: Salamence|Intimidate|boost
|-unboost|p1a: Chandelure|atk|1
|turn|29
|
|t:|1666889875
|move|p1a: Chandelure|Shadow Ball|p2a: Salamence
|-damage|p2a: Salamence|0 fnt
|faint|p2a: Salamence
|
|upkeep
|j| Valiant Hearts
|-message|Liz Angeles forfeited.
|
|win|SS007
|raw|SS007's rating: 1517 &rarr; <strong>1544</strong><br />(+27 for winning)
|raw|Liz Angeles's rating: 1639 &rarr; <strong>1612</strong><br />(-27 for losing)
