|j|☆Eltoras
|j|☆CarlaoProtecao
|player|p1|Eltoras|blue|1401
|player|p2|CarlaoProtecao|lucas|1270
|teamsize|p1|6
|teamsize|p2|6
|gametype|singles
|gen|8
|tier|[Gen 8] UU
|rated|
|clearpoke
|poke|p1|Vileplume, M|
|poke|p1|Incineroar, F|
|poke|p1|Escavalier, M|
|poke|p1|Blastoise, M|
|poke|p1|Noivern, F|
|poke|p1|Rhyperior, F|
|poke|p2|Arcanine, F|
|poke|p2|Umbreon, F|
|poke|p2|Weezing-Galar, M|
|poke|p2|Lucario, M|
|poke|p2|Sirfetch’d, M|
|poke|p2|Heliolisk, M|
|rule|Sleep Clause Mod: Limit one foe put to sleep
|rule|Species Clause: Limit one of each Pokémon
|rule|OHKO Clause: OHKO moves are banned
|rule|Evasion Moves Clause: Evasion moves are banned
|rule|Endless Battle Clause: Forcing endless battles is banned
|rule|HP Percentage Mod: HP is shown in percentages
|rule|Dynamax Clause: You cannot dynamax
|teampreview
|
|start
|switch|p1a: Noivern|Noivern, F|100/100
|switch|p2a: Tigressa|Arcanine, F|100/100
|-item|p2a: Tigressa|Heavy-Duty Boots|[from] ability: Frisk|[of] p1a: Noivern|[identify]
|-ability|p2a: Tigressa|Intimidate|boost
|-unboost|p1a: Noivern|atk|1
|turn|1
|
|move|p1a: Noivern|U-turn|p2a: Tigressa
|-resisted|p2a: Tigressa
|-damage|p2a: Tigressa|98/100
|
|switch|p1a: Rhyperior|Rhyperior, F|100/100|[from]move: U-turn
|move|p2a: Tigressa|Toxic|p1a: Rhyperior
|-status|p1a: Rhyperior|tox
|
|-damage|p1a: Rhyperior|94/100 tox|[from] psn
|upkeep
|turn|2
|
|move|p1a: Rhyperior|Stealth Rock|p2a: Tigressa
|-sidestart|p2: CarlaoProtecao|move: Stealth Rock
|move|p2a: Tigressa|Teleport|p2a: Tigressa
|
|switch|p2a: Sr.Rico|Weezing-Galar, M|100/100|[from]move: Teleport
|-damage|p2a: Sr.Rico|88/100|[from] Stealth Rock
|
|-heal|p2a: Sr.Rico|94/100|[from] item: Black Sludge
|-heal|p1a: Rhyperior|100/100 tox|[from] item: Leftovers
|-damage|p1a: Rhyperior|88/100 tox|[from] psn
|upkeep
|turn|3
|
|switch|p1a: Escavalier|Escavalier, M|100/100
|move|p2a: Sr.Rico|Defog|p1a: Escavalier
|-unboost|p1a: Escavalier|evasion|1
|-sideend|p2: CarlaoProtecao|Stealth Rock|[from] move: Defog|[of] p2a: Sr.Rico
|
|-heal|p2a: Sr.Rico|99/100|[from] item: Black Sludge
|upkeep
|turn|4
|
|move|p2a: Sr.Rico|Will-O-Wisp|p1a: Escavalier
|-status|p1a: Escavalier|brn
|move|p1a: Escavalier|Drill Run|p2a: Sr.Rico
|-immune|p2a: Sr.Rico|[from] ability: Levitate
|
|-heal|p2a: Sr.Rico|100/100|[from] item: Black Sludge
|-damage|p1a: Escavalier|94/100 brn|[from] brn
|upkeep
|turn|5
|
|move|p2a: Sr.Rico|Strange Steam|p1a: Escavalier
|-resisted|p1a: Escavalier
|-damage|p1a: Escavalier|85/100 brn
|move|p1a: Escavalier|Iron Head|p2a: Sr.Rico
|-supereffective|p2a: Sr.Rico
|-damage|p2a: Sr.Rico|70/100
|
|-heal|p2a: Sr.Rico|76/100|[from] item: Black Sludge
|-damage|p1a: Escavalier|79/100 brn|[from] brn
|upkeep
|turn|6
|
|switch|p2a: Tigressa|Arcanine, F|98/100
|-ability|p2a: Tigressa|Intimidate|boost
|-unboost|p1a: Escavalier|atk|1
|switch|p1a: Rhyperior|Rhyperior, F|88/100 tox
|
|-heal|p1a: Rhyperior|94/100 tox|[from] item: Leftovers
|-damage|p1a: Rhyperior|88/100 tox|[from] psn
|upkeep
|turn|7
|
|switch|p2a: Sr.Rico|Weezing-Galar, M|76/100
|move|p1a: Rhyperior|Rock Blast|p2a: Sr.Rico
|-damage|p2a: Sr.Rico|67/100
|-damage|p2a: Sr.Rico|58/100
|-hitcount|p2a: Sr.Rico|2
|
|-heal|p2a: Sr.Rico|64/100|[from] item: Black Sludge
|-heal|p1a: Rhyperior|94/100 tox|[from] item: Leftovers
|-damage|p1a: Rhyperior|82/100 tox|[from] psn
|upkeep
|turn|8
|
|switch|p2a: Sr.Foda|Sirfetch’d, M|100/100
|switch|p1a: Vileplume|Vileplume, M|100/100
|
|upkeep
|turn|9
|
|switch|p1a: Rhyperior|Rhyperior, F|82/100 tox
|move|p2a: Sr.Foda|Brave Bird|p1a: Rhyperior
|-resisted|p1a: Rhyperior
|-damage|p1a: Rhyperior|69/100 tox
|-damage|p2a: Sr.Foda|94/100|[from] Recoil
|
|-heal|p1a: Rhyperior|76/100 tox|[from] item: Leftovers
|-damage|p1a: Rhyperior|69/100 tox|[from] psn
|upkeep
|turn|10
|
|switch|p2a: Sr.Rico|Weezing-Galar, M|64/100
|move|p1a: Rhyperior|Stealth Rock|p2a: Sr.Rico
|-sidestart|p2: CarlaoProtecao|move: Stealth Rock
|
|-heal|p2a: Sr.Rico|70/100|[from] item: Black Sludge
|-heal|p1a: Rhyperior|76/100 tox|[from] item: Leftovers
|-damage|p1a: Rhyperior|63/100 tox|[from] psn
|upkeep
|turn|11
|
|switch|p1a: Vileplume|Vileplume, M|100/100
|move|p2a: Sr.Rico|Defog|p1a: Vileplume
|-unboost|p1a: Vileplume|evasion|1
|-sideend|p2: CarlaoProtecao|Stealth Rock|[from] move: Defog|[of] p2a: Sr.Rico
|
|-heal|p2a: Sr.Rico|76/100|[from] item: Black Sludge
|upkeep
|turn|12
|
|switch|p2a: Tigressa|Arcanine, F|98/100
|-ability|p2a: Tigressa|Intimidate|boost
|-unboost|p1a: Vileplume|atk|1
|move|p1a: Vileplume|Leech Seed|p2a: Tigressa
|-start|p2a: Tigressa|move: Leech Seed
|
|-damage|p2a: Tigressa|85/100|[from] Leech Seed|[of] p1a: Vileplume
|upkeep
|turn|13
|
|move|p1a: Vileplume|Sludge Bomb|p2a: Tigressa
|-damage|p2a: Tigressa|52/100
|move|p2a: Tigressa|Teleport|p2a: Tigressa
|
|switch|p2a: Sr.Foda|Sirfetch’d, M|94/100|[from]move: Teleport
|
|upkeep
|turn|14
|
|move|p2a: Sr.Foda|Knock Off|p1a: Vileplume
|-damage|p1a: Vileplume|73/100
|-enditem|p1a: Vileplume|Black Sludge|[from] move: Knock Off|[of] p2a: Sr.Foda
|move|p1a: Vileplume|Strength Sap|p2a: Sr.Foda
|-unboost|p2a: Sr.Foda|atk|1
|-heal|p1a: Vileplume|100/100
|
|upkeep
|turn|15
|
|switch|p2a: Tigressa|Arcanine, F|52/100
|-ability|p2a: Tigressa|Intimidate|boost
|-unboost|p1a: Vileplume|atk|1
|move|p1a: Vileplume|Sludge Bomb|p2a: Tigressa
|-damage|p2a: Tigressa|14/100
|-status|p2a: Tigressa|psn
|
|-damage|p2a: Tigressa|2/100 psn|[from] psn
|upkeep
|turn|16
|
|switch|p1a: Rhyperior|Rhyperior, F|63/100 tox
|move|p2a: Tigressa|Morning Sun|p2a: Tigressa
|-heal|p2a: Tigressa|52/100 psn
|
|-heal|p1a: Rhyperior|69/100 tox|[from] item: Leftovers
|-damage|p2a: Tigressa|40/100 psn|[from] psn
|-damage|p1a: Rhyperior|63/100 tox|[from] psn
|upkeep
|turn|17
|
|switch|p2a: Sr.Rico|Weezing-Galar, M|76/100
|move|p1a: Rhyperior|Rock Blast|p2a: Sr.Rico
|-crit|p2a: Sr.Rico
|-damage|p2a: Sr.Rico|62/100
|-damage|p2a: Sr.Rico|53/100
|-hitcount|p2a: Sr.Rico|2
|
|-heal|p2a: Sr.Rico|59/100|[from] item: Black Sludge
|-heal|p1a: Rhyperior|69/100 tox|[from] item: Leftovers
|-damage|p1a: Rhyperior|57/100 tox|[from] psn
|upkeep
|turn|18
|
|move|p2a: Sr.Rico|Strange Steam|p1a: Rhyperior
|-damage|p1a: Rhyperior|31/100 tox
|move|p1a: Rhyperior|Stealth Rock|p2a: Sr.Rico
|-sidestart|p2: CarlaoProtecao|move: Stealth Rock
|
|-heal|p2a: Sr.Rico|65/100|[from] item: Black Sludge
|-heal|p1a: Rhyperior|37/100 tox|[from] item: Leftovers
|-damage|p1a: Rhyperior|18/100 tox|[from] psn
|upkeep
|turn|19
|
|switch|p1a: Vileplume|Vileplume, M|100/100
|move|p2a: Sr.Rico|Defog|p1a: Vileplume
|-unboost|p1a: Vileplume|evasion|1
|-sideend|p2: CarlaoProtecao|Stealth Rock|[from] move: Defog|[of] p2a: Sr.Rico
|
|-heal|p2a: Sr.Rico|71/100|[from] item: Black Sludge
|upkeep
|turn|20
|
|move|p2a: Sr.Rico|Will-O-Wisp|p1a: Vileplume
|-status|p1a: Vileplume|brn
|move|p1a: Vileplume|Sludge Bomb|p2a: Sr.Rico
|-damage|p2a: Sr.Rico|22/100
|
|-heal|p2a: Sr.Rico|28/100|[from] item: Black Sludge
|-damage|p1a: Vileplume|94/100 brn|[from] brn
|upkeep
|turn|21
|
|switch|p2a: Anul|Lucario, M|100/100
|move|p1a: Vileplume|Sludge Bomb|p2a: Anul
|-immune|p2a: Anul
|
|-damage|p1a: Vileplume|88/100 brn|[from] brn
|upkeep
|turn|22
|
|move|p2a: Anul|Meteor Mash|p1a: Vileplume
|-damage|p1a: Vileplume|44/100 brn
|-damage|p2a: Anul|91/100|[from] item: Life Orb
|move|p1a: Vileplume|Leech Seed|p2a: Anul
|-start|p2a: Anul|move: Leech Seed
|
|-damage|p2a: Anul|78/100|[from] Leech Seed|[of] p1a: Vileplume
|-heal|p1a: Vileplume|54/100 brn|[silent]
|-damage|p1a: Vileplume|48/100 brn|[from] brn
|upkeep
|turn|23
|
|switch|p2a: Carlang|Heliolisk, M|100/100
|move|p1a: Vileplume|Strength Sap|p2a: Carlang
|-unboost|p2a: Carlang|atk|1
|-heal|p1a: Vileplume|85/100 brn
|
|-damage|p1a: Vileplume|78/100 brn|[from] brn
|upkeep
|turn|24
|
|switch|p1a: Escavalier|Escavalier, M|79/100 brn
|move|p2a: Carlang|Hyper Voice|p1a: Escavalier
|-resisted|p1a: Escavalier
|-damage|p1a: Escavalier|63/100 brn
|-damage|p2a: Carlang|91/100|[from] item: Life Orb
|
|-damage|p1a: Escavalier|57/100 brn|[from] brn
|upkeep
|turn|25
|
|move|p2a: Carlang|Volt Switch|p1a: Escavalier
|-damage|p1a: Escavalier|30/100 brn
|-damage|p2a: Carlang|81/100|[from] item: Life Orb
|
|switch|p2a: Tigressa|Arcanine, F|40/100 psn|[from]move: Volt Switch
|-ability|p2a: Tigressa|Intimidate|boost
|-unboost|p1a: Escavalier|atk|1
|move|p1a: Escavalier|Iron Head|p2a: Tigressa
|-resisted|p2a: Tigressa
|-damage|p2a: Tigressa|33/100 psn
|
|-damage|p2a: Tigressa|21/100 psn|[from] psn
|-damage|p1a: Escavalier|24/100 brn|[from] brn
|upkeep
|turn|26
|
|switch|p1a: Incineroar|Incineroar, F|100/100
|-ability|p1a: Incineroar|Intimidate|boost
|-unboost|p2a: Tigressa|atk|1
|move|p2a: Tigressa|Morning Sun|p2a: Tigressa
|-heal|p2a: Tigressa|71/100 psn
|
|-damage|p2a: Tigressa|59/100 psn|[from] psn
|upkeep
|turn|27
|
|move|p2a: Tigressa|Toxic|p1a: Incineroar
|-status|p1a: Incineroar|tox
|move|p1a: Incineroar|Parting Shot|p2a: Tigressa
|-unboost|p2a: Tigressa|atk|1
|-unboost|p2a: Tigressa|spa|1
|
|switch|p1a: Vileplume|Vileplume, M|78/100 brn|[from]move: Parting Shot
|
|-damage|p2a: Tigressa|46/100 psn|[from] psn
|-damage|p1a: Vileplume|72/100 brn|[from] brn
|upkeep
|turn|28
|
|move|p1a: Vileplume|Giga Drain|p2a: Tigressa
|-resisted|p2a: Tigressa
|-damage|p2a: Tigressa|31/100 psn
|-heal|p1a: Vileplume|80/100 brn|[from] drain|[of] p2a: Tigressa
|move|p2a: Tigressa|Teleport|p2a: Tigressa
|
|switch|p2a: Sr.Foda|Sirfetch’d, M|94/100|[from]move: Teleport
|
|-damage|p1a: Vileplume|74/100 brn|[from] brn
|upkeep
|turn|29
|
|switch|p1a: Rhyperior|Rhyperior, F|18/100 tox
|move|p2a: Sr.Foda|Brave Bird|p1a: Rhyperior
|-resisted|p1a: Rhyperior
|-damage|p1a: Rhyperior|5/100 tox
|-damage|p2a: Sr.Foda|87/100|[from] Recoil
|
|-heal|p1a: Rhyperior|11/100 tox|[from] item: Leftovers
|-damage|p1a: Rhyperior|5/100 tox|[from] psn
|upkeep
|turn|30
|
|move|p2a: Sr.Foda|Brave Bird|p1a: Rhyperior
|-resisted|p1a: Rhyperior
|-damage|p1a: Rhyperior|0 fnt
|-damage|p2a: Sr.Foda|84/100|[from] Recoil
|faint|p1a: Rhyperior
|
|upkeep
|
|switch|p1a: Noivern|Noivern, F|100/100
|-item|p2a: Sr.Foda|Choice Scarf|[from] ability: Frisk|[of] p1a: Noivern|[identify]
|turn|31
|
|switch|p2a: Neon|Umbreon, F, shiny|100/100
|move|p1a: Noivern|Air Slash|p2a: Neon
|-damage|p2a: Neon|88/100
|
|-heal|p2a: Neon|94/100|[from] item: Leftovers
|upkeep
|turn|32
|
|move|p1a: Noivern|U-turn|p2a: Neon
|-supereffective|p2a: Neon
|-damage|p2a: Neon|77/100
|
|switch|p1a: Vileplume|Vileplume, M|74/100 brn|[from]move: U-turn
|move|p2a: Neon|Wish|p2a: Neon
|
|-heal|p2a: Neon|83/100|[from] item: Leftovers
|-damage|p1a: Vileplume|68/100 brn|[from] brn
|upkeep
|turn|33
|
|switch|p2a: Sr.Rico|Weezing-Galar, M|28/100
|move|p1a: Vileplume|Sludge Bomb|p2a: Sr.Rico
|-damage|p2a: Sr.Rico|0 fnt
|faint|p2a: Sr.Rico
|
|-damage|p1a: Vileplume|62/100 brn|[from] brn
|upkeep
|
|switch|p2a: Sr.Foda|Sirfetch’d, M|84/100
|turn|34
|
|switch|p1a: Escavalier|Escavalier, M|24/100 brn
|move|p2a: Sr.Foda|Brave Bird|p1a: Escavalier
|-damage|p1a: Escavalier|0 fnt
|-damage|p2a: Sr.Foda|75/100|[from] Recoil
|faint|p1a: Escavalier
|
|upkeep
|
|switch|p1a: Noivern|Noivern, F|100/100
|-item|p2a: Sr.Foda|Choice Scarf|[from] ability: Frisk|[of] p1a: Noivern|[identify]
|turn|35
|
|switch|p2a: Tigressa|Arcanine, F|31/100 psn
|-ability|p2a: Tigressa|Intimidate|boost
|-unboost|p1a: Noivern|atk|1
|move|p1a: Noivern|U-turn|p2a: Tigressa
|-resisted|p2a: Tigressa
|-damage|p2a: Tigressa|28/100 psn
|
|switch|p1a: Vileplume|Vileplume, M|62/100 brn|[from]move: U-turn
|
|-damage|p2a: Tigressa|16/100 psn|[from] psn
|-damage|p1a: Vileplume|56/100 brn|[from] brn
|upkeep
|turn|36
|
|switch|p1a: Noivern|Noivern, F|100/100
|-item|p2a: Tigressa|Heavy-Duty Boots|[from] ability: Frisk|[of] p1a: Noivern|[identify]
|move|p2a: Tigressa|Flamethrower|p1a: Noivern
|-resisted|p1a: Noivern
|-damage|p1a: Noivern|84/100
|
|-damage|p2a: Tigressa|4/100 psn|[from] psn
|upkeep
|turn|37
|
|move|p1a: Noivern|Air Slash|p2a: Tigressa
|-damage|p2a: Tigressa|0 fnt
|faint|p2a: Tigressa
|
|upkeep
|
|switch|p2a: Carlang|Heliolisk, M|81/100
|turn|38
|
|move|p1a: Noivern|U-turn|p2a: Carlang
|-damage|p2a: Carlang|56/100
|
|switch|p1a: Incineroar|Incineroar, F|100/100 tox|[from]move: U-turn
|-ability|p1a: Incineroar|Intimidate|boost
|-unboost|p2a: Carlang|atk|1
|move|p2a: Carlang|Hyper Voice|p1a: Incineroar
|-damage|p1a: Incineroar|58/100 tox
|-damage|p2a: Carlang|46/100|[from] item: Life Orb
|
|-damage|p1a: Incineroar|52/100 tox|[from] psn
|upkeep
|turn|39
|
|move|p2a: Carlang|Volt Switch|p1a: Incineroar
|-damage|p1a: Incineroar|20/100 tox
|-damage|p2a: Carlang|36/100|[from] item: Life Orb
|
|switch|p2a: Neon|Umbreon, F, shiny|83/100|[from]move: Volt Switch
|move|p1a: Incineroar|Flare Blitz|p2a: Neon
|-damage|p2a: Neon|47/100
|-damage|p1a: Incineroar|8/100 tox|[from] Recoil
|
|-heal|p2a: Neon|54/100|[from] item: Leftovers
|-damage|p1a: Incineroar|0 fnt|[from] psn
|faint|p1a: Incineroar
|upkeep
|
|switch|p1a: Vileplume|Vileplume, M|56/100 brn
|turn|40
|
|move|p2a: Neon|Wish|p2a: Neon
|move|p1a: Vileplume|Giga Drain|p2a: Neon
|-damage|p2a: Neon|40/100
|-heal|p1a: Vileplume|63/100 brn|[from] drain|[of] p2a: Neon
|
|-heal|p2a: Neon|46/100|[from] item: Leftovers
|-damage|p1a: Vileplume|57/100 brn|[from] brn
|upkeep
|turn|41
|
|move|p2a: Neon|Protect|p2a: Neon
|-singleturn|p2a: Neon|Protect
|move|p1a: Vileplume|Sludge Bomb|p2a: Neon
|-activate|p2a: Neon|move: Protect
|
|-heal|p2a: Neon|96/100|[from] move: Wish|[wisher] Neon
|-heal|p2a: Neon|100/100|[from] item: Leftovers
|-damage|p1a: Vileplume|51/100 brn|[from] brn
|upkeep
|turn|42
|
|move|p2a: Neon|Wish|p2a: Neon
|move|p1a: Vileplume|Leech Seed|p2a: Neon
|-start|p2a: Neon|move: Leech Seed
|
|-damage|p2a: Neon|88/100|[from] Leech Seed|[of] p1a: Vileplume
|-heal|p1a: Vileplume|65/100 brn|[silent]
|-damage|p1a: Vileplume|58/100 brn|[from] brn
|upkeep
|turn|43
|
|switch|p2a: Sr.Foda|Sirfetch’d, M|75/100
|move|p1a: Vileplume|Strength Sap|p2a: Sr.Foda
|-unboost|p2a: Sr.Foda|atk|1
|-heal|p1a: Vileplume|100/100 brn
|
|-heal|p2a: Sr.Foda|100/100|[from] move: Wish|[wisher] Neon
|-damage|p1a: Vileplume|94/100 brn|[from] brn
|upkeep
|turn|44
|
|switch|p2a: Neon|Umbreon, F, shiny|88/100
|move|p1a: Vileplume|Sludge Bomb|p2a: Neon
|-damage|p2a: Neon|72/100
|
|-heal|p2a: Neon|78/100|[from] item: Leftovers
|-damage|p1a: Vileplume|88/100 brn|[from] brn
|upkeep
|turn|45
|
|move|p2a: Neon|Protect|p2a: Neon
|-singleturn|p2a: Neon|Protect
|move|p1a: Vileplume|Sludge Bomb|p2a: Neon
|-activate|p2a: Neon|move: Protect
|
|-heal|p2a: Neon|84/100|[from] item: Leftovers
|-damage|p1a: Vileplume|82/100 brn|[from] brn
|upkeep
|turn|46
|
|switch|p2a: Anul|Lucario, M|78/100
|move|p1a: Vileplume|Leech Seed|p2a: Anul|[miss]
|-miss|p1a: Vileplume|p2a: Anul
|
|-damage|p1a: Vileplume|76/100 brn|[from] brn
|upkeep
|turn|47
|
|switch|p2a: Carlang|Heliolisk, M|36/100
|move|p1a: Vileplume|Giga Drain|p2a: Carlang
|-damage|p2a: Carlang|0 fnt
|-heal|p1a: Vileplume|89/100 brn|[from] drain|[of] p2a: Carlang
|faint|p2a: Carlang
|
|-damage|p1a: Vileplume|83/100 brn|[from] brn
|upkeep
|
|switch|p2a: Sr.Foda|Sirfetch’d, M|100/100
|turn|48
|
|switch|p1a: Noivern|Noivern, F|84/100
|-item|p2a: Sr.Foda|Choice Scarf|[from] ability: Frisk|[of] p1a: Noivern|[identify]
|move|p2a: Sr.Foda|Brave Bird|p1a: Noivern
|-damage|p1a: Noivern|40/100
|-damage|p2a: Sr.Foda|80/100|[from] Recoil
|
|upkeep
|turn|49
|
|move|p1a: Noivern|Roost|p1a: Noivern
|-heal|p1a: Noivern|90/100
|-singleturn|p1a: Noivern|move: Roost
|move|p2a: Sr.Foda|Brave Bird|p1a: Noivern
|-damage|p1a: Noivern|45/100
|-damage|p2a: Sr.Foda|59/100|[from] Recoil
|
|upkeep
|turn|50
|
|switch|p2a: Neon|Umbreon, F, shiny|84/100
|move|p1a: Noivern|Roost|p1a: Noivern
|-heal|p1a: Noivern|95/100
|-singleturn|p1a: Noivern|move: Roost
|
|-heal|p2a: Neon|90/100|[from] item: Leftovers
|upkeep
|turn|51
|
|move|p1a: Noivern|U-turn|p2a: Neon
|-supereffective|p2a: Neon
|-damage|p2a: Neon|71/100
|
|switch|p1a: Vileplume|Vileplume, M|83/100 brn|[from]move: U-turn
|move|p2a: Neon|Wish|p2a: Neon
|
|-heal|p2a: Neon|77/100|[from] item: Leftovers
|-damage|p1a: Vileplume|77/100 brn|[from] brn
|upkeep
|turn|52
|
|switch|p2a: Anul|Lucario, M|78/100
|move|p1a: Vileplume|Leech Seed|p2a: Anul
|-start|p2a: Anul|move: Leech Seed
|
|-heal|p2a: Anul|100/100|[from] move: Wish|[wisher] Neon
|-damage|p2a: Anul|88/100|[from] Leech Seed|[of] p1a: Vileplume
|-heal|p1a: Vileplume|87/100 brn|[silent]
|-damage|p1a: Vileplume|80/100 brn|[from] brn
|upkeep
|turn|53
|
|switch|p2a: Neon|Umbreon, F, shiny|77/100
|move|p1a: Vileplume|Giga Drain|p2a: Neon
|-damage|p2a: Neon|64/100
|-heal|p1a: Vileplume|88/100 brn|[from] drain|[of] p2a: Neon
|
|-heal|p2a: Neon|70/100|[from] item: Leftovers
|-damage|p1a: Vileplume|82/100 brn|[from] brn
|upkeep
|turn|54
|
|move|p2a: Neon|Foul Play|p1a: Vileplume
|-damage|p1a: Vileplume|65/100 brn
|move|p1a: Vileplume|Leech Seed|p2a: Neon
|-start|p2a: Neon|move: Leech Seed
|
|-heal|p2a: Neon|76/100|[from] item: Leftovers
|-damage|p2a: Neon|63/100|[from] Leech Seed|[of] p1a: Vileplume
|-heal|p1a: Vileplume|78/100 brn|[silent]
|-damage|p1a: Vileplume|72/100 brn|[from] brn
|upkeep
|turn|55
|
|switch|p2a: Anul|Lucario, M|88/100
|switch|p1a: Noivern|Noivern, F|95/100
|-item|p2a: Anul|Life Orb|[from] ability: Frisk|[of] p1a: Noivern|[identify]
|
|upkeep
|turn|56
|
|move|p1a: Noivern|Air Slash|p2a: Anul
|-damage|p2a: Anul|49/100
|move|p2a: Anul|Swords Dance|p2a: Anul
|-boost|p2a: Anul|atk|2
|
|upkeep
|turn|57
|
|move|p1a: Noivern|Air Slash|p2a: Anul
|-damage|p2a: Anul|4/100
|cant|p2a: Anul|flinch
|
|upkeep
|turn|58
|
|move|p2a: Anul|Extreme Speed|p1a: Noivern
|-damage|p1a: Noivern|24/100
|-damage|p2a: Anul|0 fnt|[from] item: Life Orb
|faint|p2a: Anul
|move|p1a: Noivern|Air Slash|p2: Anul|[notarget]
|-fail|p1a: Noivern
|
|upkeep
|
|switch|p2a: Sr.Foda|Sirfetch’d, M|59/100
|turn|59
|
|move|p1a: Noivern|Roost|p1a: Noivern
|-heal|p1a: Noivern|74/100
|-singleturn|p1a: Noivern|move: Roost
|move|p2a: Sr.Foda|Brave Bird|p1a: Noivern
|-damage|p1a: Noivern|25/100
|-damage|p2a: Sr.Foda|36/100|[from] Recoil
|
|upkeep
|turn|60
|-message|CarlaoProtecao forfeited.
|
|win|Eltoras
|l|☆CarlaoProtecao
