|j|☆Low Ladder Terror
|j|☆ivaan s
|t:|1605079265
|player|p1|Low Ladder Terror|iris-gen5bw2|
|player|p2|ivaan s|brendan-gen3rs|
|teamsize|p1|6
|teamsize|p2|6
|gametype|singles
|gen|8
|tier|[Gen 8] UU
|rated|Tournament battle
|clearpoke
|poke|p1|Buzzwole|
|poke|p1|Diancie|
|poke|p1|Tentacruel, F|
|poke|p1|Latias, F|
|poke|p1|Krookodile, M|
|poke|p1|Thundurus, M|
|poke|p2|Centiskorch, M|
|poke|p2|Amoonguss, M|
|poke|p2|Celesteela|
|poke|p2|Hydreigon, M|
|poke|p2|Zygarde-10%|
|poke|p2|Suicune|
|rule|Sleep Clause Mod: Limit one foe put to sleep
|rule|Species Clause: Limit one of each Pokémon
|rule|OHKO Clause: OHKO moves are banned
|rule|Evasion Moves Clause: Evasion moves are banned
|rule|Endless Battle Clause: Forcing endless battles is banned
|rule|HP Percentage Mod: HP is shown in percentages
|rule|Dynamax Clause: You cannot dynamax
|teampreview
|inactive|Battle timer is ON: inactive players will automatically lose when time's up. (requested by ivaan s)
|j| Pooochyd
|j| Crushy Soul
|j| chopthatwood99
|j|%Avarice
|j| Doctor Scranton
|j| laevin ㋛
|j| Totem skarm
|
|t:|1605079294
|start
|switch|p1a: Diancie|Diancie, shiny|100/100
|switch|p2a: 1-Up|Amoonguss, M|100/100
|turn|1
|
|t:|1605079301
|move|p1a: Diancie|Stealth Rock|p2a: 1-Up
|-sidestart|p2: ivaan s|move: Stealth Rock
|move|p2a: 1-Up|Spore|p1a: Diancie
|-status|p1a: Diancie|slp|[from] move: Spore
|
|upkeep
|turn|2
|j|+ThatTheDamned
|
|t:|1605079312
|switch|p1a: Tentacruel|Tentacruel, F, shiny|100/100
|move|p2a: 1-Up|Stun Spore|p1a: Tentacruel
|-status|p1a: Tentacruel|par
|
|upkeep
|turn|3
|c| Doctor Scranton|Just nice
|
|t:|1605079320
|switch|p2a: 3x Attack|Hydreigon, M|100/100
|-damage|p2a: 3x Attack|88/100|[from] Stealth Rock
|cant|p1a: Tentacruel|par
|
|upkeep
|turn|4
|
|t:|1605079338
|move|p2a: 3x Attack|Defog|p1a: Tentacruel
|-unboost|p1a: Tentacruel|evasion|1
|-sideend|p2: ivaan s|Stealth Rock|[from] move: Defog|[of] p2a: 3x Attack
|move|p1a: Tentacruel|Knock Off|p2a: 3x Attack
|-resisted|p2a: 3x Attack
|-damage|p2a: 3x Attack|79/100
|-enditem|p2a: 3x Attack|Haban Berry|[from] move: Knock Off|[of] p1a: Tentacruel
|
|upkeep
|turn|5
|l| Pooochyd
|c|☆ivaan s|haban xd
|c| Doctor Scranton|haban?
|c|☆ivaan s|i hate choiced defog
|c|☆ivaan s|and i wanted roost so i can check blace better
|c| chopthatwood99|quality content
|inactive|ivaan s has 120 seconds left.
|
|t:|1605079380
|switch|p1a: Krookodile|Krookodile, M|100/100
|-ability|p1a: Krookodile|Intimidate|boost
|-unboost|p2a: 3x Attack|atk|1
|move|p2a: 3x Attack|Dark Pulse|p1a: Krookodile
|-resisted|p1a: Krookodile
|-damage|p1a: Krookodile|74/100
|
|upkeep
|turn|6
|
|t:|1605079387
|switch|p2a: 1-Up|Amoonguss, M|100/100
|move|p1a: Krookodile|Close Combat|p2a: 1-Up
|-resisted|p2a: 1-Up
|-crit|p2a: 1-Up
|-damage|p2a: 1-Up|78/100
|-unboost|p1a: Krookodile|def|1
|-unboost|p1a: Krookodile|spd|1
|-damage|p1a: Krookodile|58/100|[from] item: Rocky Helmet|[of] p2a: 1-Up
|
|upkeep
|turn|7
|inactive|ivaan s has 120 seconds left.
|
|t:|1605079401
|switch|p1a: Tentacruel|Tentacruel, F, shiny|100/100 par
|move|p2a: 1-Up|Giga Drain|p1a: Tentacruel
|-damage|p1a: Tentacruel|83/100 par
|-damage|p2a: 1-Up|71/100|[from] ability: Liquid Ooze|[of] p1a: Tentacruel
|
|-heal|p1a: Tentacruel|89/100 par|[from] item: Black Sludge
|upkeep
|turn|8
|inactive|ivaan s has 120 seconds left.
|
|t:|1605079412
|switch|p1a: Buzzwole|Buzzwole|100/100
|switch|p2a: 3x Attack|Hydreigon, M|79/100
|
|upkeep
|turn|9
|
|t:|1605079420
|switch|p2a: 1-Up|Amoonguss, M|100/100
|switch|p1a: Diancie|Diancie, shiny|100/100 slp
|
|upkeep
|turn|10
|c| Doctor Scranton|Anti steela measures in place, captain
|
|t:|1605079431
|switch|p2a: Nino|Suicune|100/100
|-ability|p2a: Nino|Pressure
|cant|p1a: Diancie|slp
|
|upkeep
|turn|11
|
|t:|1605079444
|switch|p1a: Thundurus|Thundurus, M, shiny|100/100
|move|p2a: Nino|Scald|p1a: Thundurus
|-damage|p1a: Thundurus|65/100
|
|upkeep
|turn|12
|
|t:|1605079450
|switch|p2a: Wroughtweiler|Zygarde-10%|100/100
|-ability|p2a: Wroughtweiler|Aura Break
|move|p1a: Thundurus|Knock Off|p2a: Wroughtweiler
|-damage|p2a: Wroughtweiler|63/100
|-enditem|p2a: Wroughtweiler|Choice Band|[from] move: Knock Off|[of] p1a: Thundurus
|
|upkeep
|turn|13
|c|☆ivaan s|o
|c|☆ivaan s|instanf knock
|j| vumshi
|c|☆ivaan s|:/
|
|t:|1605079465
|switch|p2a: 1-Up|Amoonguss, M|100/100
|switch|p1a: Buzzwole|Buzzwole|100/100
|
|upkeep
|turn|14
|
|t:|1605079474
|switch|p1a: Diancie|Diancie, shiny|100/100 slp
|move|p2a: 1-Up|Sludge Bomb|p1a: Diancie
|-damage|p1a: Diancie|81/100 slp
|
|-heal|p1a: Diancie|87/100 slp|[from] item: Leftovers
|upkeep
|turn|15
|
|t:|1605079480
|switch|p2a: Nino|Suicune|100/100
|-ability|p2a: Nino|Pressure
|-curestatus|p1a: Diancie|slp|[msg]
|move|p1a: Diancie|Stealth Rock|p2a: Nino
|-sidestart|p2: ivaan s|move: Stealth Rock
|
|-heal|p1a: Diancie|93/100|[from] item: Leftovers
|upkeep
|turn|16
|
|t:|1605079491
|switch|p1a: Latias|Latias, F|100/100
|move|p2a: Nino|Substitute|p2a: Nino
|-start|p2a: Nino|Substitute
|-damage|p2a: Nino|75/100
|
|-heal|p2a: Nino|82/100|[from] item: Leftovers
|upkeep
|turn|17
|
|t:|1605079509
|switch|p2a: Skypiea|Celesteela|100/100
|-damage|p2a: Skypiea|88/100|[from] Stealth Rock
|move|p1a: Latias|Calm Mind|p1a: Latias
|-boost|p1a: Latias|spa|1
|-boost|p1a: Latias|spd|1
|
|-heal|p2a: Skypiea|94/100|[from] item: Leftovers
|upkeep
|turn|18
|
|t:|1605079518
|switch|p1a: Tentacruel|Tentacruel, F, shiny|89/100 par
|move|p2a: Skypiea|Heavy Slam|p1a: Tentacruel
|-resisted|p1a: Tentacruel
|-damage|p1a: Tentacruel|62/100 par
|
|-heal|p1a: Tentacruel|68/100 par|[from] item: Black Sludge
|-heal|p2a: Skypiea|99/100|[from] item: Leftovers
|upkeep
|turn|19
|
|t:|1605079529
|switch|p1a: Buzzwole|Buzzwole|100/100
|switch|p2a: 1-Up|Amoonguss, M|100/100
|-damage|p2a: 1-Up|88/100|[from] Stealth Rock
|
|upkeep
|turn|20
|
|t:|1605079539
|move|p1a: Buzzwole|Ice Punch|p2a: 1-Up
|-supereffective|p2a: 1-Up
|-damage|p2a: 1-Up|27/100
|-damage|p1a: Buzzwole|84/100|[from] item: Rocky Helmet|[of] p2a: 1-Up
|-damage|p1a: Buzzwole|74/100|[from] item: Life Orb
|move|p2a: 1-Up|Spore|p1a: Buzzwole
|-status|p1a: Buzzwole|slp|[from] move: Spore
|
|upkeep
|turn|21
|l| laevin ㋛
|
|t:|1605079554
|switch|p1a: Diancie|Diancie, shiny|93/100
|switch|p2a: Skypiea|Celesteela|99/100
|-damage|p2a: Skypiea|88/100|[from] Stealth Rock
|
|-heal|p2a: Skypiea|94/100|[from] item: Leftovers
|-heal|p1a: Diancie|99/100|[from] item: Leftovers
|upkeep
|turn|22
|
|t:|1605079561
|switch|p1a: Thundurus|Thundurus, M, shiny|65/100
|move|p2a: Skypiea|Heavy Slam|p1a: Thundurus
|-resisted|p1a: Thundurus
|-damage|p1a: Thundurus|35/100
|
|-heal|p2a: Skypiea|99/100|[from] item: Leftovers
|upkeep
|turn|23
|
|t:|1605079586
|switch|p2a: 1-Up|Amoonguss, M|60/100
|-damage|p2a: 1-Up|48/100|[from] Stealth Rock
|move|p1a: Thundurus|Thunderbolt|p2a: 1-Up
|-resisted|p2a: 1-Up
|-damage|p2a: 1-Up|27/100
|
|upkeep
|turn|24
|
|t:|1605079598
|switch|p2a: 3x Attack|Hydreigon, M|79/100
|-damage|p2a: 3x Attack|67/100|[from] Stealth Rock
|move|p1a: Thundurus|Knock Off|p2a: 3x Attack
|-resisted|p2a: 3x Attack
|-damage|p2a: 3x Attack|59/100
|
|upkeep
|turn|25
|
|t:|1605079610
|switch|p1a: Diancie|Diancie, shiny|99/100
|switch|p2a: 1-Up|Amoonguss, M|60/100
|-damage|p2a: 1-Up|48/100|[from] Stealth Rock
|
|-heal|p1a: Diancie|100/100|[from] item: Leftovers
|upkeep
|turn|26
|j| Sir Tetris
|
|t:|1605079615
|move|p1a: Diancie|Heal Bell|p1a: Diancie
|-activate|p1a: Diancie|move: Heal Bell
|-curestatus|p1: Buzzwole|slp|[msg]
|-curestatus|p1: Tentacruel|par|[msg]
|move|p2a: 1-Up|Spore|p1a: Diancie
|-status|p1a: Diancie|slp|[from] move: Spore
|
|upkeep
|turn|27
|
|t:|1605079636
|switch|p1a: Tentacruel|Tentacruel, F, shiny|68/100
|switch|p2a: Skypiea|Celesteela|99/100
|-damage|p2a: Skypiea|88/100|[from] Stealth Rock
|
|-heal|p1a: Tentacruel|74/100|[from] item: Black Sludge
|-heal|p2a: Skypiea|94/100|[from] item: Leftovers
|upkeep
|turn|28
|
|t:|1605079643
|switch|p2a: 1-Up|Amoonguss, M|81/100
|-damage|p2a: 1-Up|69/100|[from] Stealth Rock
|move|p1a: Tentacruel|Scald|p2a: 1-Up
|-resisted|p2a: 1-Up
|-damage|p2a: 1-Up|60/100
|
|-heal|p1a: Tentacruel|80/100|[from] item: Black Sludge
|upkeep
|turn|29
|
|t:|1605079649
|move|p1a: Tentacruel|Knock Off|p2a: 1-Up
|-damage|p2a: 1-Up|49/100
|-damage|p1a: Tentacruel|63/100|[from] item: Rocky Helmet|[of] p2a: 1-Up
|-enditem|p2a: 1-Up|Rocky Helmet|[from] move: Knock Off|[of] p1a: Tentacruel
|move|p2a: 1-Up|Stun Spore|p1a: Tentacruel|[miss]
|-miss|p2a: 1-Up|p1a: Tentacruel
|
|-heal|p1a: Tentacruel|69/100|[from] item: Black Sludge
|upkeep
|turn|30
|
|t:|1605079664
|move|p1a: Tentacruel|Scald|p2a: 1-Up
|-resisted|p2a: 1-Up
|-damage|p2a: 1-Up|40/100
|move|p2a: 1-Up|Stun Spore|p1a: Tentacruel
|-status|p1a: Tentacruel|par
|
|-heal|p1a: Tentacruel|75/100 par|[from] item: Black Sludge
|upkeep
|turn|31
|j| laevin ㋛
|
|t:|1605079685
|switch|p2a: 3x Attack|Hydreigon, M|59/100
|-damage|p2a: 3x Attack|46/100|[from] Stealth Rock
|move|p1a: Tentacruel|Scald|p2a: 3x Attack
|-resisted|p2a: 3x Attack
|-damage|p2a: 3x Attack|32/100
|
|-heal|p1a: Tentacruel|82/100 par|[from] item: Black Sludge
|upkeep
|turn|32
|
|t:|1605079703
|switch|p1a: Krookodile|Krookodile, M|58/100
|-ability|p1a: Krookodile|Intimidate|boost
|-unboost|p2a: 3x Attack|atk|1
|move|p2a: 3x Attack|Roost|p2a: 3x Attack
|-heal|p2a: 3x Attack|83/100
|-singleturn|p2a: 3x Attack|move: Roost
|
|upkeep
|turn|33
|j| Pok3mon
|
|t:|1605079710
|switch|p2a: 1-Up|Amoonguss, M|73/100
|-damage|p2a: 1-Up|60/100|[from] Stealth Rock
|move|p1a: Krookodile|Close Combat|p2a: 1-Up
|-resisted|p2a: 1-Up
|-damage|p2a: 1-Up|45/100
|-unboost|p1a: Krookodile|def|1
|-unboost|p1a: Krookodile|spd|1
|
|upkeep
|turn|34
|
|t:|1605079720
|switch|p1a: Buzzwole|Buzzwole|74/100
|switch|p2a: FuegoX|Centiskorch, M|100/100
|
|upkeep
|turn|35
|
|t:|1605079734
|switch|p1a: Tentacruel|Tentacruel, F, shiny|82/100 par
|move|p2a: FuegoX|Fire Lash|p1a: Tentacruel
|-resisted|p1a: Tentacruel
|-damage|p1a: Tentacruel|58/100 par
|-unboost|p1a: Tentacruel|def|1
|
|-heal|p1a: Tentacruel|64/100 par|[from] item: Black Sludge
|upkeep
|turn|36
|
|t:|1605079740
|switch|p1a: Thundurus|Thundurus, M, shiny|35/100
|move|p2a: FuegoX|Substitute|p2a: FuegoX
|-start|p2a: FuegoX|Substitute
|-damage|p2a: FuegoX|76/100
|
|upkeep
|turn|37
|
|t:|1605079746
|move|p1a: Thundurus|Thunderbolt|p2a: FuegoX
|-end|p2a: FuegoX|Substitute
|move|p2a: FuegoX|Fire Lash|p1a: Thundurus
|-damage|p1a: Thundurus|0 fnt
|faint|p1a: Thundurus
|
|upkeep
|
|t:|1605079751
|switch|p1a: Krookodile|Krookodile, M|58/100
|-ability|p1a: Krookodile|Intimidate|boost
|-unboost|p2a: FuegoX|atk|1
|turn|38
|
|t:|1605079756
|switch|p2a: 1-Up|Amoonguss, M|79/100
|-damage|p2a: 1-Up|66/100|[from] Stealth Rock
|move|p1a: Krookodile|Knock Off|p2a: 1-Up
|-damage|p2a: 1-Up|41/100
|
|upkeep
|turn|39
|
|t:|1605079765
|switch|p1a: Tentacruel|Tentacruel, F, shiny|64/100 par
|move|p2a: 1-Up|Stun Spore|p1a: Tentacruel|[miss]
|-miss|p2a: 1-Up|p1a: Tentacruel
|
|-heal|p1a: Tentacruel|70/100 par|[from] item: Black Sludge
|upkeep
|turn|40
|
|t:|1605079774
|switch|p1a: Latias|Latias, F|100/100
|switch|p2a: 3x Attack|Hydreigon, M|83/100
|-damage|p2a: 3x Attack|70/100|[from] Stealth Rock
|
|upkeep
|turn|41
|l| Pok3mon
|
|t:|1605079800
|switch|p2a: Skypiea|Celesteela|94/100
|-damage|p2a: Skypiea|81/100|[from] Stealth Rock
|move|p1a: Latias|Draco Meteor|p2a: Skypiea
|-resisted|p2a: Skypiea
|-damage|p2a: Skypiea|57/100
|-unboost|p1a: Latias|spa|2
|
|-heal|p2a: Skypiea|63/100|[from] item: Leftovers
|upkeep
|turn|42
|
|t:|1605079807
|switch|p1a: Buzzwole|Buzzwole|74/100
|move|p2a: Skypiea|Heavy Slam|p1a: Buzzwole
|-damage|p1a: Buzzwole|61/100
|
|-heal|p2a: Skypiea|69/100|[from] item: Leftovers
|upkeep
|turn|43
|
|t:|1605079813
|switch|p2a: FuegoX|Centiskorch, M|76/100
|move|p1a: Buzzwole|Close Combat|p2a: FuegoX
|-resisted|p2a: FuegoX
|-damage|p2a: FuegoX|7/100
|-unboost|p1a: Buzzwole|def|1
|-unboost|p1a: Buzzwole|spd|1
|-damage|p1a: Buzzwole|51/100|[from] item: Life Orb
|
|upkeep
|turn|44
|l| vumshi
|
|t:|1605079826
|move|p2a: FuegoX|Fire Lash|p1a: Buzzwole
|-supereffective|p1a: Buzzwole
|-damage|p1a: Buzzwole|0 fnt
|faint|p1a: Buzzwole
|
|upkeep
|c|☆Low Ladder Terror|max speed skorch
|c| Doctor Scranton|Noice
|c|☆ivaan s|yessir
|inactive|Low Ladder Terror has 120 seconds left.
|
|t:|1605079866
|switch|p1a: Latias|Latias, F|100/100
|turn|45
|
|t:|1605079869
|move|p1a: Latias|Psyshock|p2a: FuegoX
|-damage|p2a: FuegoX|0 fnt
|faint|p2a: FuegoX
|
|upkeep
|
|t:|1605079871
|switch|p2a: Skypiea|Celesteela|69/100
|-damage|p2a: Skypiea|57/100|[from] Stealth Rock
|turn|46
|inactive|Low Ladder Terror has 120 seconds left.
|
|t:|1605079880
|switch|p1a: Tentacruel|Tentacruel, F, shiny|70/100 par
|move|p2a: Skypiea|Heavy Slam|p1a: Tentacruel
|-resisted|p1a: Tentacruel
|-damage|p1a: Tentacruel|45/100 par
|
|-heal|p1a: Tentacruel|51/100 par|[from] item: Black Sludge
|-heal|p2a: Skypiea|63/100|[from] item: Leftovers
|upkeep
|turn|47
|
|t:|1605079886
|switch|p1a: Krookodile|Krookodile, M|58/100
|-ability|p1a: Krookodile|Intimidate|boost
|-unboost|p2a: Skypiea|atk|1
|move|p2a: Skypiea|Protect||[still]
|-fail|p2a: Skypiea
|
|-heal|p2a: Skypiea|69/100|[from] item: Leftovers
|upkeep
|turn|48
|
|t:|1605079893
|move|p2a: Skypiea|Protect|p2a: Skypiea
|-singleturn|p2a: Skypiea|Protect
|move|p1a: Krookodile|Knock Off|p2a: Skypiea
|-activate|p2a: Skypiea|move: Protect
|
|-heal|p2a: Skypiea|75/100|[from] item: Leftovers
|upkeep
|turn|49
|
|t:|1605079897
|switch|p1a: Latias|Latias, F|100/100
|switch|p2a: 1-Up|Amoonguss, M|74/100
|-damage|p2a: 1-Up|62/100|[from] Stealth Rock
|
|upkeep
|turn|50
|
|t:|1605079906
|switch|p2a: Skypiea|Celesteela|75/100
|-damage|p2a: Skypiea|63/100|[from] Stealth Rock
|move|p1a: Latias|Calm Mind|p1a: Latias
|-boost|p1a: Latias|spa|1
|-boost|p1a: Latias|spd|1
|
|-heal|p2a: Skypiea|69/100|[from] item: Leftovers
|upkeep
|turn|51
|
|t:|1605079911
|move|p1a: Latias|Psyshock|p2a: Skypiea
|-resisted|p2a: Skypiea
|-damage|p2a: Skypiea|42/100
|move|p2a: Skypiea|Heavy Slam|p1a: Latias
|-damage|p1a: Latias|47/100
|
|-heal|p2a: Skypiea|48/100|[from] item: Leftovers
|upkeep
|turn|52
|
|t:|1605079919
|switch|p1a: Tentacruel|Tentacruel, F, shiny|51/100 par
|move|p2a: Skypiea|Heavy Slam|p1a: Tentacruel
|-resisted|p1a: Tentacruel
|-damage|p1a: Tentacruel|24/100 par
|
|-heal|p1a: Tentacruel|30/100 par|[from] item: Black Sludge
|-heal|p2a: Skypiea|54/100|[from] item: Leftovers
|upkeep
|turn|53
|
|t:|1605079924
|move|p2a: Skypiea|Protect|p2a: Skypiea
|-singleturn|p2a: Skypiea|Protect
|cant|p1a: Tentacruel|par
|
|-heal|p1a: Tentacruel|36/100 par|[from] item: Black Sludge
|-heal|p2a: Skypiea|60/100|[from] item: Leftovers
|upkeep
|turn|54
|
|t:|1605079930
|switch|p1a: Latias|Latias, F|47/100
|switch|p2a: 3x Attack|Hydreigon, M|70/100
|-damage|p2a: 3x Attack|58/100|[from] Stealth Rock
|
|upkeep
|turn|55
|
|t:|1605079943
|move|p1a: Latias|Draco Meteor|p2a: 3x Attack
|-supereffective|p2a: 3x Attack
|-damage|p2a: 3x Attack|0 fnt
|-unboost|p1a: Latias|spa|2
|faint|p2a: 3x Attack
|
|upkeep
|
|t:|1605079944
|switch|p2a: Skypiea|Celesteela|60/100
|-damage|p2a: Skypiea|48/100|[from] Stealth Rock
|turn|56
|
|t:|1605079949
|move|p1a: Latias|Roost|p1a: Latias
|-heal|p1a: Latias|97/100
|-singleturn|p1a: Latias|move: Roost
|move|p2a: Skypiea|Heavy Slam|p1a: Latias
|-damage|p1a: Latias|41/100
|
|-heal|p2a: Skypiea|54/100|[from] item: Leftovers
|upkeep
|turn|57
|c| chopthatwood99|rip haban berrry
|
|t:|1605079956
|switch|p1a: Krookodile|Krookodile, M|58/100
|-ability|p1a: Krookodile|Intimidate|boost
|-unboost|p2a: Skypiea|atk|1
|move|p2a: Skypiea|Heavy Slam|p1a: Krookodile
|-damage|p1a: Krookodile|25/100
|
|-heal|p2a: Skypiea|60/100|[from] item: Leftovers
|upkeep
|turn|58
|c| laevin ㋛|rip
|
|t:|1605079960
|switch|p1a: Tentacruel|Tentacruel, F, shiny|36/100 par
|move|p2a: Skypiea|Protect||[still]
|-fail|p2a: Skypiea
|
|-heal|p1a: Tentacruel|43/100 par|[from] item: Black Sludge
|-heal|p2a: Skypiea|66/100|[from] item: Leftovers
|upkeep
|turn|59
|
|t:|1605079964
|move|p2a: Skypiea|Protect|p2a: Skypiea
|-singleturn|p2a: Skypiea|Protect
|move|p1a: Tentacruel|Scald|p2a: Skypiea
|-activate|p2a: Skypiea|move: Protect
|
|-heal|p1a: Tentacruel|49/100 par|[from] item: Black Sludge
|-heal|p2a: Skypiea|72/100|[from] item: Leftovers
|upkeep
|turn|60
|
|t:|1605079967
|switch|p2a: Wroughtweiler|Zygarde-10%|63/100
|-damage|p2a: Wroughtweiler|57/100|[from] Stealth Rock
|-ability|p2a: Wroughtweiler|Aura Break
|cant|p1a: Tentacruel|par
|
|-heal|p1a: Tentacruel|55/100 par|[from] item: Black Sludge
|upkeep
|turn|61
|c|☆Low Ladder Terror|ofc
|
|t:|1605079982
|switch|p1a: Diancie|Diancie, shiny|100/100 slp
|move|p2a: Wroughtweiler|Thousand Arrows|p1a: Diancie
|-supereffective|p1a: Diancie
|-damage|p1a: Diancie|45/100 slp
|
|-heal|p1a: Diancie|51/100 slp|[from] item: Leftovers
|upkeep
|turn|62
|c| Sir Tetris|sweep time
|c| Doctor Scranton|Woof
|
|t:|1605079996
|move|p2a: Wroughtweiler|Thousand Arrows|p1a: Diancie
|-supereffective|p1a: Diancie
|-damage|p1a: Diancie|0 fnt
|faint|p1a: Diancie
|
|upkeep
|
|t:|1605080000
|switch|p1a: Krookodile|Krookodile, M|25/100
|-ability|p1a: Krookodile|Intimidate|boost
|-unboost|p2a: Wroughtweiler|atk|1
|turn|63
|c| Sir Tetris|nvm
|c| Crushy Soul|dayum dawg
|c|☆ivaan s|feel like this is a roll
|
|t:|1605080022
|move|p2a: Wroughtweiler|Extreme Speed|p1a: Krookodile
|-damage|p1a: Krookodile|4/100
|move|p1a: Krookodile|High Horsepower|p2a: Wroughtweiler
|-damage|p2a: Wroughtweiler|0 fnt
|faint|p2a: Wroughtweiler
|
|upkeep
|c|☆ivaan s|lololol
|c| Doctor Scranton|OOF
|c| Doctor Scranton|Say OOF rn
|
|t:|1605080032
|switch|p2a: Skypiea|Celesteela|72/100
|-damage|p2a: Skypiea|59/100|[from] Stealth Rock
|turn|64
|c| Sir Tetris|is the krook
|c| Sir Tetris|scarf?
|c|☆ivaan s|prob
|
|t:|1605080041
|switch|p1a: Tentacruel|Tentacruel, F, shiny|55/100 par
|move|p2a: Skypiea|Heavy Slam|p1a: Tentacruel
|-resisted|p1a: Tentacruel
|-damage|p1a: Tentacruel|26/100 par
|
|-heal|p1a: Tentacruel|32/100 par|[from] item: Black Sludge
|-heal|p2a: Skypiea|65/100|[from] item: Leftovers
|upkeep
|turn|65
|c| Doctor Scranton|No he is banded
|c| Sir Tetris|no
|c| Sir Tetris|specs
|
|t:|1605080052
|move|p1a: Tentacruel|Scald|p2a: Skypiea
|-damage|p2a: Skypiea|52/100
|-status|p2a: Skypiea|brn
|move|p2a: Skypiea|Heavy Slam|p1a: Tentacruel
|-resisted|p1a: Tentacruel
|-damage|p1a: Tentacruel|19/100 par
|
|-heal|p1a: Tentacruel|25/100 par|[from] item: Black Sludge
|-heal|p2a: Skypiea|58/100 brn|[from] item: Leftovers
|-damage|p2a: Skypiea|52/100 brn|[from] brn
|upkeep
|turn|66
|c| chopthatwood99|Brightpowder*
|c|☆ivaan s|o
|c| Doctor Scranton|Ooohhhh
|c| Doctor Scranton|He did it
|l| laevin ㋛
|c| Doctor Scranton|Now stall his ass
|c|☆ivaan s|i shouldnt have limit tested
|c|☆ivaan s|with zydog
|c|☆ivaan s|xd
|inactive|ivaan s has 120 seconds left.
|
|t:|1605080085
|move|p1a: Tentacruel|Knock Off|p2a: Skypiea
|-damage|p2a: Skypiea|40/100 brn
|-enditem|p2a: Skypiea|Leftovers|[from] move: Knock Off|[of] p1a: Tentacruel
|move|p2a: Skypiea|Heavy Slam|p1a: Tentacruel
|-resisted|p1a: Tentacruel
|-damage|p1a: Tentacruel|11/100 par
|
|-heal|p1a: Tentacruel|17/100 par|[from] item: Black Sludge
|-damage|p2a: Skypiea|34/100 brn|[from] brn
|upkeep
|turn|67
|inactive|ivaan s has 120 seconds left.
|c|☆ivaan s|woops
|
|t:|1605080099
|switch|p1a: Krookodile|Krookodile, M|4/100
|-ability|p1a: Krookodile|Intimidate|boost
|-unboost|p2a: Skypiea|atk|1
|switch|p2a: 1-Up|Amoonguss, M|95/100
|-damage|p2a: 1-Up|82/100|[from] Stealth Rock
|
|upkeep
|turn|68
|c| Sir Tetris|imagine the tenta is actually clearbody
|c| Doctor Scranton|Knock off his ass
|c| Sir Tetris|lol
|
|t:|1605080114
|move|p1a: Krookodile|High Horsepower|p2a: 1-Up
|-damage|p2a: 1-Up|47/100
|move|p2a: 1-Up|Giga Drain|p1a: Krookodile
|-supereffective|p1a: Krookodile
|-damage|p1a: Krookodile|0 fnt
|-heal|p2a: 1-Up|48/100|[from] drain|[of] p1a: Krookodile
|faint|p1a: Krookodile
|
|upkeep
|
|t:|1605080117
|switch|p1a: Latias|Latias, F|41/100
|turn|69
|c| Doctor Scranton|No it's liquid ooze
|
|t:|1605080123
|switch|p2a: Nino|Suicune|82/100
|-damage|p2a: Nino|69/100|[from] Stealth Rock
|-ability|p2a: Nino|Pressure
|move|p1a: Latias|Psyshock|p2a: Nino
|-damage|p2a: Nino|36/100
|
|-heal|p2a: Nino|42/100|[from] item: Leftovers
|upkeep
|turn|70
|c| Doctor Scranton|Did yall just forget it?
|c| Sir Tetris|was it confirmed
|c| Sir Tetris|in the match
|c| Doctor Scranton|It's anti stela measures
|c| Doctor Scranton|Yes
|c|☆ivaan s|big throw
|c| Sir Tetris|k
|inactive|Low Ladder Terror has 120 seconds left.
|c|☆ivaan s|click cm
|
|t:|1605080174
|switch|p2a: Skypiea|Celesteela|34/100 brn
|-damage|p2a: Skypiea|22/100 brn|[from] Stealth Rock
|move|p1a: Latias|Draco Meteor|p2a: Skypiea
|-resisted|p2a: Skypiea
|-damage|p2a: Skypiea|0 fnt
|-unboost|p1a: Latias|spa|2
|faint|p2a: Skypiea
|
|upkeep
|c|☆ivaan s|lol what
|inactive|ivaan s has 120 seconds left.
|
|t:|1605080184
|switch|p2a: Nino|Suicune|42/100
|-damage|p2a: Nino|30/100|[from] Stealth Rock
|-ability|p2a: Nino|Pressure
|turn|71
|c| Doctor Scranton|He did it
|inactive|Low Ladder Terror has 120 seconds left.
|c|☆ivaan s|he is throwing
|c| Doctor Scranton|Now be crocuine
|c| Doctor Scranton|Crocuine cruocuine....
|j| sidebae
|
|t:|1605080204
|move|p1a: Latias|Psyshock|p2a: Nino
|-damage|p2a: Nino|12/100
|move|p2a: Nino|Calm Mind|p2a: Nino
|-boost|p2a: Nino|spa|1
|-boost|p2a: Nino|spd|1
|
|-heal|p2a: Nino|18/100|[from] item: Leftovers
|upkeep
|turn|72
|c| chopthatwood99|just crit
|c| Doctor Scranton|He did it
|
|t:|1605080209
|move|p2a: Nino|Protect|p2a: Nino
|-singleturn|p2a: Nino|Protect
|move|p1a: Latias|Psyshock|p2a: Nino
|-activate|p2a: Nino|move: Protect
|
|-heal|p2a: Nino|24/100|[from] item: Leftovers
|upkeep
|turn|73
|inactive|Low Ladder Terror has 120 seconds left.
|c| Sir Tetris|rip
|c| Doctor Scranton|he is pp stalling
|c| Sir Tetris|ye
|
|t:|1605080228
|move|p2a: Nino|Protect||[still]
|-fail|p2a: Nino
|move|p1a: Latias|Psyshock|p2a: Nino
|-damage|p2a: Nino|6/100
|
|-heal|p2a: Nino|12/100|[from] item: Leftovers
|upkeep
|turn|74
|c| Sir Tetris|>
|c| Doctor Scranton|nani?
|inactive|Low Ladder Terror has 120 seconds left.
|c| Sir Tetris|not bad strat tbh
|c| Sir Tetris|since cm does nothing
|inactive|ivaan s has 120 seconds left.
|c| Sir Tetris|just spam protect
|
|t:|1605080266
|move|p1a: Latias|Draco Meteor|p2a: Nino|[miss]
|-miss|p1a: Latias|p2a: Nino
|move|p2a: Nino|Scald|p1a: Latias
|-resisted|p1a: Latias
|-damage|p1a: Latias|24/100
|
|-heal|p2a: Nino|18/100|[from] item: Leftovers
|upkeep
|turn|75
|c|☆ivaan s|omfg
|c| Sir Tetris|rip
|c| Doctor Scranton|Dope kid
|inactive|ivaan s has 120 seconds left.
|c|☆ivaan s|why r u throwing
|
|t:|1605080278
|move|p2a: Nino|Protect|p2a: Nino
|-singleturn|p2a: Nino|Protect
|move|p1a: Latias|Roost|p1a: Latias
|-heal|p1a: Latias|74/100
|-singleturn|p1a: Latias|move: Roost
|
|-heal|p2a: Nino|25/100|[from] item: Leftovers
|upkeep
|turn|76
|c| Doctor Scranton|Could have clicked psyshock
|inactive|ivaan s has 120 seconds left.
|c| Doctor Scranton|Wait lads
|
|t:|1605080289
|move|p1a: Latias|Calm Mind|p1a: Latias
|-boost|p1a: Latias|spa|1
|-boost|p1a: Latias|spd|1
|move|p2a: Nino|Calm Mind|p2a: Nino
|-boost|p2a: Nino|spa|1
|-boost|p2a: Nino|spd|1
|
|-heal|p2a: Nino|31/100|[from] item: Leftovers
|upkeep
|turn|77
|c| Doctor Scranton|Hmmm?
|
|t:|1605080294
|move|p2a: Nino|Protect|p2a: Nino
|-singleturn|p2a: Nino|Protect
|move|p1a: Latias|Calm Mind|p1a: Latias
|-boost|p1a: Latias|spa|1
|-boost|p1a: Latias|spd|1
|
|-heal|p2a: Nino|37/100|[from] item: Leftovers
|upkeep
|turn|78
|c| Doctor Scranton|What in the...
|
|t:|1605080300
|move|p1a: Latias|Calm Mind|p1a: Latias
|-boost|p1a: Latias|spa|1
|-boost|p1a: Latias|spd|1
|move|p2a: Nino|Scald|p1a: Latias
|-resisted|p1a: Latias
|-damage|p1a: Latias|64/100
|
|-heal|p2a: Nino|43/100|[from] item: Leftovers
|upkeep
|turn|79
|c|☆ivaan s|gg
|c| Sir Tetris|LOL
|
|t:|1605080304
|move|p1a: Latias|Calm Mind|p1a: Latias
|-boost|p1a: Latias|spa|1
|-boost|p1a: Latias|spd|1
|move|p2a: Nino|Substitute|p2a: Nino
|-start|p2a: Nino|Substitute
|-damage|p2a: Nino|18/100
|
|-heal|p2a: Nino|24/100|[from] item: Leftovers
|upkeep
|turn|80
|c|☆ivaan s|??????
|
|t:|1605080312
|move|p2a: Nino|Protect|p2a: Nino
|-singleturn|p2a: Nino|Protect
|move|p1a: Latias|Calm Mind|p1a: Latias
|-boost|p1a: Latias|spa|1
|-boost|p1a: Latias|spd|1
|
|-heal|p2a: Nino|30/100|[from] item: Leftovers
|upkeep
|turn|81
|c| Sir Tetris|prob making sure psyshock kills
|
|t:|1605080317
|move|p1a: Latias|Draco Meteor|p2a: Nino
|-end|p2a: Nino|Substitute
|-unboost|p1a: Latias|spa|2
|move|p2a: Nino|Substitute|p2a: Nino
|-start|p2a: Nino|Substitute
|-damage|p2a: Nino|5/100
|
|-heal|p2a: Nino|12/100|[from] item: Leftovers
|upkeep
|turn|82
|c| Sir Tetris|or something
|c| Sir Tetris|xD
|c| Doctor Scranton|Say Sike rn
|c| Sir Tetris|conversing psyshock's pp
|c| Sir Tetris|*conserving
|j| sicksickboy
|c| Sir Tetris|or
|c| Sir Tetris|did it already die
|c| Doctor Scranton|May the PP stall wars begin
|
|t:|1605080340
|move|p1a: Latias|Psyshock|p2a: Nino
|-end|p2a: Nino|Substitute
|move|p2a: Nino|Calm Mind|p2a: Nino
|-boost|p2a: Nino|spa|1
|-boost|p2a: Nino|spd|1
|
|-heal|p2a: Nino|18/100|[from] item: Leftovers
|upkeep
|turn|83
|l| sicksickboy
|c|☆ivaan s|fk
|c| Sir Tetris|no it didn't
|c| Sir Tetris|yea gg
|inactive|Low Ladder Terror has 120 seconds left.
|l| Totem skarm
|
|t:|1605080379
|move|p2a: Nino|Protect|p2a: Nino
|-singleturn|p2a: Nino|Protect
|move|p1a: Latias|Psyshock|p2a: Nino
|-activate|p2a: Nino|move: Protect
|
|-heal|p2a: Nino|24/100|[from] item: Leftovers
|upkeep
|turn|84
|
|t:|1605080396
|switch|p2a: 1-Up|Amoonguss, M|82/100
|-damage|p2a: 1-Up|69/100|[from] Stealth Rock
|move|p1a: Latias|Psyshock|p2a: 1-Up
|-supereffective|p2a: 1-Up
|-damage|p2a: 1-Up|0 fnt
|faint|p2a: 1-Up
|
|upkeep
|
|t:|1605080398
|switch|p2a: Nino|Suicune|24/100
|-damage|p2a: Nino|12/100|[from] Stealth Rock
|-ability|p2a: Nino|Pressure
|turn|85
|c| Doctor Scranton|Kek he abou-
|c| Doctor Scranton|NANI?!?!
|c| Sir Tetris|1 more psyshock
|inactive|Low Ladder Terror has 120 seconds left.
|c| Doctor Scranton|psychock his ass
|c| Sir Tetris|yea just meteor at this point
|
|t:|1605080414
|move|p1a: Latias|Psyshock|p2a: Nino
|-damage|p2a: Nino|0 fnt
|faint|p2a: Nino
|
|win|Low Ladder Terror
