|raw|<div class="broadcast-blue"><strong>This battle is required to be public due to a player having a name starting with 'uult91w'.</div>
|j|☆UULT91w TT
|j|☆UULT91w Toto
|t:|1652055700
|gametype|singles
|player|p1|UULT91w TT|cynthia|1534
|player|p2|UULT91w Toto|fantina|1574
|teamsize|p1|6
|teamsize|p2|6
|gen|8
|tier|[Gen 8] UU
|rated|
|rule|Sleep Clause Mod: Limit one foe put to sleep
|rule|Species Clause: Limit one of each Pokémon
|rule|OHKO Clause: OHKO moves are banned
|rule|Evasion Moves Clause: Evasion moves are banned
|rule|Endless Battle Clause: Forcing endless battles is banned
|rule|HP Percentage Mod: HP is shown in percentages
|rule|Dynamax Clause: You cannot dynamax
|clearpoke
|poke|p1|Hippowdon, M|
|poke|p1|Skarmory, F|
|poke|p1|Zarude-Dada|
|poke|p1|Slowking, M|
|poke|p1|Thundurus-Therian, M|
|poke|p1|Noivern, F|
|poke|p2|Vikavolt, M|
|poke|p2|Azelf|
|poke|p2|Aegislash, F|
|poke|p2|Gyarados, F|
|poke|p2|Thundurus-Therian, M|
|poke|p2|Celesteela|
|teampreview
|c|☆UULT91w Toto|glhf
|c|☆UULT91w TT|u2
|
|t:|1652055734
|start
|switch|p1a: Noivern|Noivern, F|100/100
|switch|p2a: Vikavolt|Vikavolt, M|100/100
|turn|1
|inactive|Battle timer is ON: inactive players will automatically lose when time's up. (requested by UULT91w TT)
|j| Juno
|j| joey milktank
|inactive|UULT91w Toto has 120 seconds left.
|j| ulky
|j| youke
|inactive|UULT91w Toto has 90 seconds left.
|
|t:|1652055815
|move|p1a: Noivern|Flamethrower|p2a: Vikavolt
|-supereffective|p2a: Vikavolt
|-damage|p2a: Vikavolt|29/100
|move|p2a: Vikavolt|Thunderbolt|p1a: Noivern
|-damage|p1a: Noivern|31/100
|
|upkeep
|turn|2
|
|t:|1652055831
|move|p1a: Noivern|Flamethrower|p2a: Vikavolt
|-supereffective|p2a: Vikavolt
|-crit|p2a: Vikavolt
|-damage|p2a: Vikavolt|0 fnt
|faint|p2a: Vikavolt
|
|upkeep
|
|t:|1652055836
|switch|p2a: Celesteela|Celesteela|100/100
|turn|3
|l| youke
|inactive|UULT91w TT has 120 seconds left.
|
|t:|1652055874
|move|p1a: Noivern|Flamethrower|p2a: Celesteela
|-supereffective|p2a: Celesteela
|-damage|p2a: Celesteela|46/100
|move|p2a: Celesteela|Autotomize|p2a: Celesteela
|-boost|p2a: Celesteela|spe|2
|-start|p2a: Celesteela|Autotomize
|
|upkeep
|turn|4
|inactive|UULT91w TT has 120 seconds left.
|j| youke
|
|t:|1652055886
|switch|p1a: Hippowdon|Hippowdon, M|100/100
|-weather|Sandstorm|[from] ability: Sand Stream|[of] p1a: Hippowdon
|move|p2a: Celesteela|Air Slash|p1a: Hippowdon
|-damage|p1a: Hippowdon|73/100
|
|-weather|Sandstorm|[upkeep]
|upkeep
|turn|5
|inactive|UULT91w TT has 120 seconds left.
|
|t:|1652055904
|move|p2a: Celesteela|Air Slash|p1a: Hippowdon
|-damage|p1a: Hippowdon|47/100
|move|p1a: Hippowdon|Stealth Rock|p2a: Celesteela
|-sidestart|p2: UULT91w Toto|move: Stealth Rock
|
|-weather|Sandstorm|[upkeep]
|upkeep
|turn|6
|
|t:|1652055920
|move|p2a: Celesteela|Air Slash|p1a: Hippowdon
|-damage|p1a: Hippowdon|20/100
|cant|p1a: Hippowdon|flinch
|
|-weather|Sandstorm|[upkeep]
|upkeep
|turn|7
|
|t:|1652055928
|switch|p1a: Slowking|Slowking, M|100/100
|move|p2a: Celesteela|Meteor Beam||[still]
|-prepare|p2a: Celesteela|Meteor Beam
|-boost|p2a: Celesteela|spa|1
|-enditem|p2a: Celesteela|Power Herb
|-anim|p2a: Celesteela|Meteor Beam|p1a: Slowking
|-damage|p1a: Slowking|60/100
|
|-weather|Sandstorm|[upkeep]
|-damage|p1a: Slowking|54/100|[from] Sandstorm
|upkeep
|turn|8
|
|t:|1652055932
|move|p2a: Celesteela|Air Slash|p1a: Slowking
|-damage|p1a: Slowking|17/100
|move|p1a: Slowking|Scald|p2a: Celesteela
|-damage|p2a: Celesteela|19/100
|-status|p2a: Celesteela|brn
|
|-weather|none
|-damage|p2a: Celesteela|13/100 brn|[from] brn
|upkeep
|turn|9
|
|t:|1652055943
|switch|p1a: Hippowdon|Hippowdon, M|20/100
|-weather|Sandstorm|[from] ability: Sand Stream|[of] p1a: Hippowdon
|move|p2a: Celesteela|Air Slash|p1a: Hippowdon
|-damage|p1a: Hippowdon|0 fnt
|faint|p1a: Hippowdon
|-ability|p2a: Celesteela|Beast Boost|boost
|-boost|p2a: Celesteela|spa|1
|
|-weather|Sandstorm|[upkeep]
|-damage|p2a: Celesteela|7/100 brn|[from] brn
|upkeep
|
|t:|1652055950
|switch|p1a: Skarmory|Skarmory, F|100/100
|turn|10
|inactive|UULT91w Toto has 120 seconds left.
|
|t:|1652055995
|switch|p1a: Slowking|Slowking, M|50/100
|move|p2a: Celesteela|Air Slash|p1a: Slowking
|-damage|p1a: Slowking|3/100
|
|-weather|Sandstorm|[upkeep]
|-damage|p1a: Slowking|0 fnt|[from] Sandstorm
|faint|p1a: Slowking
|-damage|p2a: Celesteela|1/100 brn|[from] brn
|upkeep
|inactive|UULT91w TT has 120 seconds left.
|
|t:|1652056012
|switch|p1a: Skarmory|Skarmory, F|100/100
|turn|11
|inactive|UULT91w TT has 120 seconds left.
|inactive|UULT91w Toto has 120 seconds left.
|
|t:|1652056019
|switch|p1a: Noivern|Noivern, F|31/100
|move|p2a: Celesteela|Fire Blast|p1a: Noivern
|-resisted|p1a: Noivern
|-damage|p1a: Noivern|0 fnt
|faint|p1a: Noivern
|-ability|p2a: Celesteela|Beast Boost|boost
|-boost|p2a: Celesteela|spa|1
|
|-weather|Sandstorm|[upkeep]
|-damage|p2a: Celesteela|0 fnt|[from] brn
|faint|p2a: Celesteela
|upkeep
|inactive|UULT91w Toto has 120 seconds left.
|
|t:|1652056057
|switch|p1a: Thundurus|Thundurus-Therian, M|100/100
|switch|p2a: Thundurus|Thundurus-Therian, M|100/100
|turn|12
|inactive|UULT91w TT has 120 seconds left.
|
|t:|1652056074
|move|p1a: Thundurus|Psychic|p2a: Thundurus
|-damage|p2a: Thundurus|52/100
|move|p2a: Thundurus|Psychic|p1a: Thundurus
|-damage|p1a: Thundurus|53/100
|
|-weather|Sandstorm|[upkeep]
|-damage|p1a: Thundurus|47/100|[from] Sandstorm
|-damage|p2a: Thundurus|46/100|[from] Sandstorm
|upkeep
|turn|13
|
|t:|1652056087
|move|p2a: Thundurus|Focus Blast|p1a: Thundurus
|-resisted|p1a: Thundurus
|-damage|p1a: Thundurus|18/100
|move|p1a: Thundurus|Psychic|p2a: Thundurus
|-damage|p2a: Thundurus|0 fnt
|faint|p2a: Thundurus
|
|-weather|none
|upkeep
|
|t:|1652056092
|switch|p2a: Azelf|Azelf|100/100
|-damage|p2a: Azelf|88/100|[from] Stealth Rock
|turn|14
|inactive|UULT91w TT has 120 seconds left.
|
|t:|1652056131
|move|p2a: Azelf|Psyshock|p1a: Thundurus
|-damage|p1a: Thundurus|0 fnt
|faint|p1a: Thundurus
|
|upkeep
|
|t:|1652056132
|switch|p1a: Zarude|Zarude-Dada|100/100
|turn|15
|
|t:|1652056141
|move|p2a: Azelf|Fire Blast|p1a: Zarude|[miss]
|-miss|p2a: Azelf|p1a: Zarude
|move|p1a: Zarude|Darkest Lariat|p2a: Azelf
|-supereffective|p2a: Azelf
|-damage|p2a: Azelf|0 fnt
|faint|p2a: Azelf
|
|upkeep
|
|t:|1652056147
|switch|p2a: Gyarados|Gyarados, F|100/100
|-damage|p2a: Gyarados|76/100|[from] Stealth Rock
|turn|16
|inactive|UULT91w TT has 120 seconds left.
|
|t:|1652056164
|move|p1a: Zarude|U-turn|p2a: Gyarados
|-resisted|p2a: Gyarados
|-damage|p2a: Gyarados|61/100
|
|t:|1652056166
|switch|p1a: Skarmory|Skarmory, F|100/100|[from]move: U-turn
|move|p2a: Gyarados|Dragon Dance|p2a: Gyarados
|-boost|p2a: Gyarados|atk|1
|-boost|p2a: Gyarados|spe|1
|
|upkeep
|turn|17
|
|t:|1652056185
|move|p2a: Gyarados|Waterfall|p1a: Skarmory
|-damage|p1a: Skarmory|55/100
|-damage|p2a: Gyarados|44/100|[from] item: Rocky Helmet|[of] p1a: Skarmory
|move|p1a: Skarmory|Iron Defense|p1a: Skarmory
|-boost|p1a: Skarmory|def|2
|
|upkeep
|turn|18
|
|t:|1652056191
|move|p2a: Gyarados|Dragon Dance|p2a: Gyarados
|-boost|p2a: Gyarados|atk|1
|-boost|p2a: Gyarados|spe|1
|move|p1a: Skarmory|Roost|p1a: Skarmory
|-heal|p1a: Skarmory|100/100
|-singleturn|p1a: Skarmory|move: Roost
|
|upkeep
|turn|19
|
|t:|1652056195
|move|p2a: Gyarados|Waterfall|p1a: Skarmory
|-damage|p1a: Skarmory|70/100
|-damage|p2a: Gyarados|27/100|[from] item: Rocky Helmet|[of] p1a: Skarmory
|move|p1a: Skarmory|Spikes|p2a: Gyarados
|-sidestart|p2: UULT91w Toto|Spikes
|
|upkeep
|turn|20
|
|t:|1652056202
|move|p2a: Gyarados|Dragon Dance|p2a: Gyarados
|-boost|p2a: Gyarados|atk|1
|-boost|p2a: Gyarados|spe|1
|move|p1a: Skarmory|Roost|p1a: Skarmory
|-heal|p1a: Skarmory|100/100
|-singleturn|p1a: Skarmory|move: Roost
|
|upkeep
|turn|21
|
|t:|1652056204
|move|p2a: Gyarados|Waterfall|p1a: Skarmory
|-damage|p1a: Skarmory|58/100
|-damage|p2a: Gyarados|11/100|[from] item: Rocky Helmet|[of] p1a: Skarmory
|move|p1a: Skarmory|Spikes|p2a: Gyarados
|-sidestart|p2: UULT91w Toto|Spikes
|
|upkeep
|turn|22
|
|t:|1652056210
|move|p2a: Gyarados|Waterfall|p1a: Skarmory
|-damage|p1a: Skarmory|19/100
|-damage|p2a: Gyarados|0 fnt|[from] item: Rocky Helmet|[of] p1a: Skarmory
|faint|p2a: Gyarados
|move|p1a: Skarmory|Spikes|p2: Gyarados
|-sidestart|p2: UULT91w Toto|Spikes
|
|upkeep
|l| Juno
|
|t:|1652056219
|switch|p2a: Aegislash|Aegislash, F|100/100
|-damage|p2a: Aegislash|94/100|[from] Stealth Rock
|-item|p2a: Aegislash|Air Balloon
|turn|23
|
|t:|1652056225
|switch|p1a: Zarude|Zarude-Dada|100/100
|move|p2a: Aegislash|Swords Dance|p2a: Aegislash
|-boost|p2a: Aegislash|atk|2
|
|upkeep
|turn|24
|
|t:|1652056228
|move|p1a: Zarude|U-turn|p2a: Aegislash
|-resisted|p2a: Aegislash
|-damage|p2a: Aegislash|89/100
|-enditem|p2a: Aegislash|Air Balloon
|
|t:|1652056230
|switch|p1a: Skarmory|Skarmory, F|19/100|[from]move: U-turn
|-formechange|p2a: Aegislash|Aegislash-Blade||[from] ability: Stance Change
|move|p2a: Aegislash|Close Combat|p1a: Skarmory
|-damage|p1a: Skarmory|0 fnt
|-unboost|p2a: Aegislash|def|1
|-unboost|p2a: Aegislash|spd|1
|-damage|p2a: Aegislash|73/100|[from] item: Rocky Helmet|[of] p1a: Skarmory
|faint|p1a: Skarmory
|
|upkeep
|
|t:|1652056231
|switch|p1a: Zarude|Zarude-Dada|100/100
|turn|25
|
|t:|1652056235
|move|p1a: Zarude|Darkest Lariat|p2a: Aegislash
|-supereffective|p2a: Aegislash
|-damage|p2a: Aegislash|0 fnt
|faint|p2a: Aegislash
|
|win|UULT91w TT
|raw|UULT91w TT's rating: 1558 &rarr; <strong>1580</strong><br />(+22 for winning)
|raw|UULT91w Toto's rating: 1598 &rarr; <strong>1576</strong><br />(-22 for losing)
|l| ulky
|l| joey milktank
|l|☆UULT91w TT
||Ladder isn't responding, score probably updated but might not have (Request timeout).
|l|☆UULT91w Toto
