|j|☆Karolynia彡
|j|☆sugarhigh
|t:|1623345125
|gametype|singles
|player|p1|Karolynia彡|n|1466
|player|p2|sugarhigh|#sugarhigh|1463
|teamsize|p1|6
|teamsize|p2|6
|gen|8
|tier|[Gen 8] UU
|rated|
|rule|Sleep Clause Mod: Limit one foe put to sleep
|rule|Species Clause: Limit one of each Pokémon
|rule|OHKO Clause: OHKO moves are banned
|rule|Evasion Moves Clause: Evasion moves are banned
|rule|Endless Battle Clause: Forcing endless battles is banned
|rule|HP Percentage Mod: HP is shown in percentages
|rule|Dynamax Clause: You cannot dynamax
|clearpoke
|poke|p1|Rotom-Wash|
|poke|p1|Scizor, M|
|poke|p1|Salamence, M|
|poke|p1|Amoonguss, M|
|poke|p1|Chandelure, M|
|poke|p1|Mamoswine, M|
|poke|p2|Conkeldurr, M|
|poke|p2|Sylveon, M|
|poke|p2|Krookodile, F|
|poke|p2|Thundurus, M|
|poke|p2|Scizor, F|
|poke|p2|Tentacruel, F|
|teampreview
|inactive|Battle timer is ON: inactive players will automatically lose when time's up. (requested by sugarhigh)
|c|☆Karolynia彡|glhf
|c|☆Karolynia彡|i like your avi
|
|t:|1623345181
|start
|switch|p1a: Rostom-Wash|Rotom-Wash, shiny|100/100
|switch|p2a: Krookodile|Krookodile, F|100/100
|-ability|p2a: Krookodile|Intimidate|boost
|-unboost|p1a: Rostom-Wash|atk|1
|turn|1
|c|☆sugarhigh|thx!
|
|t:|1623345198
|move|p2a: Krookodile|Stealth Rock|p1a: Rostom-Wash
|-sidestart|p1: Karolynia彡|move: Stealth Rock
|move|p1a: Rostom-Wash|Hydro Pump|p2a: Krookodile|[miss]
|-miss|p1a: Rostom-Wash|p2a: Krookodile
|
|upkeep
|turn|2
|
|t:|1623345220
|switch|p2a: Sylveon|Sylveon, M|100/100
|move|p1a: Rostom-Wash|Defog|p2a: Sylveon
|-unboost|p2a: Sylveon|evasion|1
|-sideend|p1: Karolynia彡|Stealth Rock|[from] move: Defog|[of] p1a: Rostom-Wash
|
|upkeep
|turn|3
|inactive|sugarhigh has 120 seconds left.
|
|t:|1623345280
|move|p1a: Rostom-Wash|Volt Switch|p2a: Sylveon
|-damage|p2a: Sylveon|85/100
|inactive|Karolynia彡 has 120 seconds left.
|
|t:|1623345309
|switch|p1a: Shandy|Chandelure, M, shiny|100/100|[from]move: Volt Switch
|move|p2a: Sylveon|Wish|p2a: Sylveon
|
|-heal|p2a: Sylveon|91/100|[from] item: Leftovers
|upkeep
|turn|4
|inactive|sugarhigh has 90 seconds left.
|inactive|sugarhigh has 60 seconds left.
|inactive|sugarhigh has 30 seconds left.
|
|t:|1623345392
|switch|p2a: Krookodile|Krookodile, F|100/100
|-ability|p2a: Krookodile|Intimidate|boost
|-unboost|p1a: Shandy|atk|1
|move|p1a: Shandy|Trick|p2a: Krookodile
|-activate|p1a: Shandy|move: Trick|[of] p2a: Krookodile
|-item|p2a: Krookodile|Choice Scarf|[from] move: Trick
|-item|p1a: Shandy|Choice Scarf|[from] move: Trick
|
|upkeep
|turn|5
|j| Nm CHAMP
|
|t:|1623345399
|switch|p1a: Rostom-Wash|Rotom-Wash, shiny|100/100
|move|p2a: Krookodile|Knock Off|p1a: Rostom-Wash
|-damage|p1a: Rostom-Wash|52/100
|-enditem|p1a: Rostom-Wash|Leftovers|[from] move: Knock Off|[of] p2a: Krookodile
|
|upkeep
|turn|6
|inactive|sugarhigh has 30 seconds left.
|inactive|sugarhigh has 20 seconds left.
|inactive|sugarhigh has 15 seconds left.
|
|t:|1623345438
|switch|p2a: Sylveon|Sylveon, M|91/100
|move|p1a: Rostom-Wash|Pain Split|p2a: Sylveon
|-sethp|p2a: Sylveon|65/100|[from] move: Pain Split|[silent]
|-sethp|p1a: Rostom-Wash|84/100|[from] move: Pain Split
|
|-heal|p2a: Sylveon|71/100|[from] item: Leftovers
|upkeep
|turn|7
|inactive|sugarhigh has 25 seconds left this turn.
|
|t:|1623345442
|move|p1a: Rostom-Wash|Volt Switch|p2a: Sylveon
|-damage|p2a: Sylveon|54/100
|inactive|sugarhigh has 30 seconds left this turn.
|
|t:|1623345448
|switch|p1a: Vasectomy|Scizor, M|100/100|[from]move: Volt Switch
|move|p2a: Sylveon|Wish|p2a: Sylveon
|
|-heal|p2a: Sylveon|60/100|[from] item: Leftovers
|upkeep
|turn|8
|
|t:|1623345452
|move|p1a: Vasectomy|U-turn|p2a: Sylveon
|-resisted|p2a: Sylveon
|-damage|p2a: Sylveon|41/100
|
|t:|1623345464
|switch|p1a: Shandy|Chandelure, M, shiny|100/100|[from]move: U-turn
|move|p2a: Sylveon|Mystical Fire|p1a: Shandy
|-start|p1a: Shandy|ability: Flash Fire
|
|-heal|p2a: Sylveon|91/100|[from] move: Wish|[wisher] Sylveon
|-heal|p2a: Sylveon|97/100|[from] item: Leftovers
|upkeep
|turn|9
|
|t:|1623345468
|move|p2a: Sylveon|Protect|p2a: Sylveon
|-singleturn|p2a: Sylveon|Protect
|move|p1a: Shandy|Flamethrower|p2a: Sylveon
|-activate|p2a: Sylveon|move: Protect
|
|-heal|p2a: Sylveon|100/100|[from] item: Leftovers
|upkeep
|turn|10
|l| Nm CHAMP
|
|t:|1623345497
|switch|p2a: Tentacruel|Tentacruel, F|100/100
|move|p1a: Shandy|Flamethrower|p2a: Tentacruel
|-resisted|p2a: Tentacruel
|-damage|p2a: Tentacruel|68/100
|
|-heal|p2a: Tentacruel|74/100|[from] item: Black Sludge
|upkeep
|turn|11
|
|t:|1623345501
|-end|p1a: Shandy|ability: Flash Fire|[silent]
|switch|p1a: Rostom-Wash|Rotom-Wash, shiny|84/100
|move|p2a: Tentacruel|Scald|p1a: Rostom-Wash
|-resisted|p1a: Rostom-Wash
|-damage|p1a: Rostom-Wash|72/100
|
|-heal|p2a: Tentacruel|80/100|[from] item: Black Sludge
|upkeep
|turn|12
|
|t:|1623345525
|switch|p2a: Krookodile|Krookodile, F|100/100
|-ability|p2a: Krookodile|Intimidate|boost
|-unboost|p1a: Rostom-Wash|atk|1
|move|p1a: Rostom-Wash|Volt Switch|p2a: Krookodile
|-immune|p2a: Krookodile
|
|upkeep
|turn|13
|
|t:|1623345529
|switch|p2a: Sylveon|Sylveon, M|100/100
|move|p1a: Rostom-Wash|Hydro Pump|p2a: Sylveon
|-damage|p2a: Sylveon|75/100
|
|-heal|p2a: Sylveon|81/100|[from] item: Leftovers
|upkeep
|turn|14
|
|t:|1623345531
|move|p1a: Rostom-Wash|Volt Switch|p2a: Sylveon
|-damage|p2a: Sylveon|64/100
|
|t:|1623345533
|switch|p1a: Amorgos|Amoonguss, M|100/100|[from]move: Volt Switch
|move|p2a: Sylveon|Wish|p2a: Sylveon
|
|-heal|p2a: Sylveon|70/100|[from] item: Leftovers
|upkeep
|turn|15
|
|t:|1623345546
|switch|p2a: Tentacruel|Tentacruel, F|80/100
|move|p1a: Amorgos|Spore|p2a: Tentacruel
|-status|p2a: Tentacruel|slp|[from] move: Spore
|
|-heal|p2a: Tentacruel|100/100 slp|[from] move: Wish|[wisher] Sylveon
|upkeep
|turn|16
|
|t:|1623345554
|switch|p2a: Conkeldurr|Conkeldurr, M|100/100
|switch|p1a: Vasectomy|Scizor, M|100/100
|
|-status|p2a: Conkeldurr|brn|[from] item: Flame Orb
|upkeep
|turn|17
|
|t:|1623345560
|move|p1a: Vasectomy|U-turn|p2a: Conkeldurr
|-resisted|p2a: Conkeldurr
|-damage|p2a: Conkeldurr|80/100 brn
|
|t:|1623345560
|switch|p1a: Shandy|Chandelure, M, shiny|100/100|[from]move: U-turn
|move|p2a: Conkeldurr|Ice Punch|p1a: Shandy
|-resisted|p1a: Shandy
|-damage|p1a: Shandy|68/100
|
|-damage|p2a: Conkeldurr|74/100 brn|[from] brn
|upkeep
|turn|18
|
|t:|1623345571
|switch|p1a: Amorgos|Amoonguss, M|100/100
|switch|p2a: Tentacruel|Tentacruel, F|100/100 slp
|
|upkeep
|turn|19
|
|t:|1623345575
|switch|p2a: Sylveon|Sylveon, M|70/100
|switch|p1a: Vasectomy|Scizor, M|100/100
|
|-heal|p2a: Sylveon|76/100|[from] item: Leftovers
|upkeep
|turn|20
|
|t:|1623345581
|move|p1a: Vasectomy|U-turn|p2a: Sylveon
|-resisted|p2a: Sylveon
|-damage|p2a: Sylveon|59/100
|
|t:|1623345584
|switch|p1a: Truffle|Mamoswine, M|100/100|[from]move: U-turn
|move|p2a: Sylveon|Mystical Fire|p1a: Truffle
|-supereffective|p1a: Truffle
|-damage|p1a: Truffle|76/100
|-unboost|p1a: Truffle|spa|1
|
|-heal|p2a: Sylveon|65/100|[from] item: Leftovers
|upkeep
|turn|21
|
|t:|1623345587
|move|p2a: Sylveon|Protect|p2a: Sylveon
|-singleturn|p2a: Sylveon|Protect
|move|p1a: Truffle|Stealth Rock|p2a: Sylveon
|-sidestart|p2: sugarhigh|move: Stealth Rock
|
|-heal|p2a: Sylveon|71/100|[from] item: Leftovers
|upkeep
|turn|22
|
|t:|1623345597
|switch|p2a: Scizor|Scizor, F|100/100
|move|p1a: Truffle|Icicle Crash|p2a: Scizor
|-resisted|p2a: Scizor
|-damage|p2a: Scizor|80/100
|
|upkeep
|turn|23
|
|t:|1623345602
|switch|p1a: Rostom-Wash|Rotom-Wash, shiny|72/100
|move|p2a: Scizor|U-turn|p1a: Rostom-Wash
|-damage|p1a: Rostom-Wash|38/100
|
|t:|1623345605
|switch|p2a: Krookodile|Krookodile, F|100/100|[from]move: U-turn
|-damage|p2a: Krookodile|94/100|[from] Stealth Rock
|-ability|p2a: Krookodile|Intimidate|boost
|-unboost|p1a: Rostom-Wash|atk|1
|
|upkeep
|turn|24
|
|t:|1623345611
|move|p2a: Krookodile|Knock Off|p1a: Rostom-Wash
|-damage|p1a: Rostom-Wash|1/100
|move|p1a: Rostom-Wash|Pain Split|p2a: Krookodile
|-sethp|p2a: Krookodile|48/100|[from] move: Pain Split|[silent]
|-sethp|p1a: Rostom-Wash|52/100|[from] move: Pain Split
|
|upkeep
|turn|25
|
|t:|1623345616
|move|p2a: Krookodile|Knock Off|p1a: Rostom-Wash
|-damage|p1a: Rostom-Wash|18/100
|move|p1a: Rostom-Wash|Hydro Pump|p2a: Krookodile|[miss]
|-miss|p1a: Rostom-Wash|p2a: Krookodile
|
|upkeep
|turn|26
|
|t:|1623345625
|switch|p1a: Amorgos|Amoonguss, M|100/100
|move|p2a: Krookodile|Knock Off|p1a: Amorgos
|-damage|p1a: Amorgos|66/100
|-damage|p2a: Krookodile|31/100|[from] item: Rocky Helmet|[of] p1a: Amorgos
|-enditem|p1a: Amorgos|Rocky Helmet|[from] move: Knock Off|[of] p2a: Krookodile
|
|upkeep
|turn|27
|
|t:|1623345631
|switch|p2a: Scizor|Scizor, F|80/100
|switch|p1a: Rostom-Wash|Rotom-Wash, shiny|18/100
|
|upkeep
|turn|28
|
|t:|1623345635
|switch|p2a: Krookodile|Krookodile, F|31/100
|-damage|p2a: Krookodile|25/100|[from] Stealth Rock
|-ability|p2a: Krookodile|Intimidate|boost
|-unboost|p1a: Rostom-Wash|atk|1
|move|p1a: Rostom-Wash|Pain Split|p2a: Krookodile
|-sethp|p2a: Krookodile|21/100|[from] move: Pain Split|[silent]
|-sethp|p1a: Rostom-Wash|23/100|[from] move: Pain Split
|
|upkeep
|turn|29
|
|t:|1623345642
|switch|p1a: Amorgos|Amoonguss, M|99/100
|move|p2a: Krookodile|Stealth Rock|p1a: Amorgos
|-sidestart|p1: Karolynia彡|move: Stealth Rock
|
|upkeep
|turn|30
|
|t:|1623345650
|switch|p2a: Scizor|Scizor, F|80/100
|switch|p1a: Rostom-Wash|Rotom-Wash, shiny|23/100
|-damage|p1a: Rostom-Wash|10/100|[from] Stealth Rock
|
|upkeep
|turn|31
|
|t:|1623345657
|switch|p2a: Krookodile|Krookodile, F|21/100
|-damage|p2a: Krookodile|15/100|[from] Stealth Rock
|-ability|p2a: Krookodile|Intimidate|boost
|-unboost|p1a: Rostom-Wash|atk|1
|move|p1a: Rostom-Wash|Pain Split|p2a: Krookodile
|-sethp|p2a: Krookodile|12/100|[from] move: Pain Split|[silent]
|-sethp|p1a: Rostom-Wash|13/100|[from] move: Pain Split
|
|upkeep
|turn|32
|
|t:|1623345662
|switch|p1a: Amorgos|Amoonguss, M|100/100
|-damage|p1a: Amorgos|88/100|[from] Stealth Rock
|move|p2a: Krookodile|Knock Off|p1a: Amorgos
|-damage|p1a: Amorgos|63/100
|
|upkeep
|turn|33
|
|t:|1623345665
|switch|p2a: Scizor|Scizor, F|80/100
|move|p1a: Amorgos|Foul Play|p2a: Scizor
|-damage|p2a: Scizor|50/100
|
|upkeep
|turn|34
|
|t:|1623345669
|move|p2a: Scizor|Roost|p2a: Scizor
|-heal|p2a: Scizor|99/100
|-singleturn|p2a: Scizor|move: Roost
|move|p1a: Amorgos|Foul Play|p2a: Scizor
|-damage|p2a: Scizor|71/100
|
|upkeep
|turn|35
|
|t:|1623345676
|move|p2a: Scizor|Bullet Punch|p1a: Amorgos
|-damage|p1a: Amorgos|43/100
|move|p1a: Amorgos|Foul Play|p2a: Scizor
|-damage|p2a: Scizor|41/100
|
|upkeep
|turn|36
|
|t:|1623345680
|switch|p1a: Rostom-Wash|Rotom-Wash, shiny|13/100
|-damage|p1a: Rostom-Wash|0 fnt|[from] Stealth Rock
|faint|p1a: Rostom-Wash
|move|p2a: Scizor|Roost|p2a: Scizor
|-heal|p2a: Scizor|91/100
|-singleturn|p2a: Scizor|move: Roost
|
|upkeep
|
|t:|1623345684
|switch|p1a: Vasectomy|Scizor, M|100/100
|-damage|p1a: Vasectomy|88/100|[from] Stealth Rock
|turn|37
|
|t:|1623345688
|move|p1a: Vasectomy|Swords Dance|p1a: Vasectomy
|-boost|p1a: Vasectomy|atk|2
|move|p2a: Scizor|U-turn|p1a: Vasectomy
|-resisted|p1a: Vasectomy
|-damage|p1a: Vasectomy|67/100
|
|t:|1623345701
|switch|p2a: Krookodile|Krookodile, F|12/100|[from]move: U-turn
|-damage|p2a: Krookodile|6/100|[from] Stealth Rock
|-ability|p2a: Krookodile|Intimidate|boost
|-unboost|p1a: Vasectomy|atk|1
|
|-heal|p1a: Vasectomy|73/100|[from] item: Leftovers
|upkeep
|turn|38
|
|t:|1623345716
|move|p1a: Vasectomy|Bullet Punch|p2a: Krookodile
|-damage|p2a: Krookodile|0 fnt
|faint|p2a: Krookodile
|
|-heal|p1a: Vasectomy|79/100|[from] item: Leftovers
|upkeep
|
|t:|1623345725
|switch|p2a: Conkeldurr|Conkeldurr, M|74/100 brn
|-damage|p2a: Conkeldurr|68/100 brn|[from] Stealth Rock
|turn|39
|
|t:|1623345734
|move|p1a: Vasectomy|U-turn|p2a: Conkeldurr
|-resisted|p2a: Conkeldurr
|-damage|p2a: Conkeldurr|40/100 brn
|
|t:|1623345736
|switch|p1a: Amorgos|Amoonguss, M|77/100|[from]move: U-turn
|-damage|p1a: Amorgos|64/100|[from] Stealth Rock
|move|p2a: Conkeldurr|Close Combat|p1a: Amorgos
|-resisted|p1a: Amorgos
|-damage|p1a: Amorgos|22/100
|-unboost|p2a: Conkeldurr|def|1
|-unboost|p2a: Conkeldurr|spd|1
|
|-damage|p2a: Conkeldurr|34/100 brn|[from] brn
|upkeep
|turn|40
|
|t:|1623345743
|switch|p1a: Shandy|Chandelure, M, shiny|68/100
|-damage|p1a: Shandy|43/100|[from] Stealth Rock
|move|p2a: Conkeldurr|Knock Off|p1a: Shandy
|-supereffective|p1a: Shandy
|-damage|p1a: Shandy|0 fnt
|-enditem|p1a: Shandy|Choice Scarf|[from] move: Knock Off|[of] p2a: Conkeldurr
|faint|p1a: Shandy
|
|-damage|p2a: Conkeldurr|28/100 brn|[from] brn
|upkeep
|
|t:|1623345747
|switch|p1a: Vasectomy|Scizor, M|79/100
|-damage|p1a: Vasectomy|66/100|[from] Stealth Rock
|turn|41
|
|t:|1623345757
|switch|p2a: Thundurus|Thundurus, M|100/100
|move|p1a: Vasectomy|Bullet Punch|p2a: Thundurus
|-resisted|p2a: Thundurus
|-damage|p2a: Thundurus|75/100
|
|-heal|p1a: Vasectomy|72/100|[from] item: Leftovers
|upkeep
|turn|42
|
|t:|1623345774
|switch|p1a: Truffle|Mamoswine, M|76/100
|-damage|p1a: Truffle|63/100|[from] Stealth Rock
|move|p2a: Thundurus|Nasty Plot|p2a: Thundurus
|-boost|p2a: Thundurus|spa|2
|
|upkeep
|turn|43
|
|t:|1623345784
|switch|p2a: Sylveon|Sylveon, M|71/100
|-damage|p2a: Sylveon|59/100|[from] Stealth Rock
|move|p1a: Truffle|Ice Shard|p2a: Sylveon
|-damage|p2a: Sylveon|38/100
|
|-heal|p2a: Sylveon|44/100|[from] item: Leftovers
|upkeep
|turn|44
|
|t:|1623345790
|move|p2a: Sylveon|Protect|p2a: Sylveon
|-singleturn|p2a: Sylveon|Protect
|move|p1a: Truffle|Earthquake|p2a: Sylveon
|-activate|p2a: Sylveon|move: Protect
|
|-heal|p2a: Sylveon|50/100|[from] item: Leftovers
|upkeep
|turn|45
|
|t:|1623345793
|move|p1a: Truffle|Earthquake|p2a: Sylveon
|-damage|p2a: Sylveon|1/100
|move|p2a: Sylveon|Wish|p2a: Sylveon
|
|-heal|p2a: Sylveon|7/100|[from] item: Leftovers
|upkeep
|turn|46
|
|t:|1623345798
|move|p2a: Sylveon|Protect|p2a: Sylveon
|-singleturn|p2a: Sylveon|Protect
|move|p1a: Truffle|Earthquake|p2a: Sylveon
|-activate|p2a: Sylveon|move: Protect
|
|-heal|p2a: Sylveon|57/100|[from] move: Wish|[wisher] Sylveon
|-heal|p2a: Sylveon|63/100|[from] item: Leftovers
|upkeep
|turn|47
|
|t:|1623345801
|move|p1a: Truffle|Icicle Crash|p2a: Sylveon
|-damage|p2a: Sylveon|25/100
|move|p2a: Sylveon|Wish|p2a: Sylveon
|
|-heal|p2a: Sylveon|31/100|[from] item: Leftovers
|upkeep
|turn|48
|
|t:|1623345806
|move|p2a: Sylveon|Protect|p2a: Sylveon
|-singleturn|p2a: Sylveon|Protect
|move|p1a: Truffle|Earthquake|p2a: Sylveon
|-activate|p2a: Sylveon|move: Protect
|
|-heal|p2a: Sylveon|81/100|[from] move: Wish|[wisher] Sylveon
|-heal|p2a: Sylveon|87/100|[from] item: Leftovers
|upkeep
|turn|49
|
|t:|1623345808
|move|p1a: Truffle|Icicle Crash|p2a: Sylveon
|-damage|p2a: Sylveon|48/100
|cant|p2a: Sylveon|flinch
|
|-heal|p2a: Sylveon|55/100|[from] item: Leftovers
|upkeep
|turn|50
|
|t:|1623345813
|move|p2a: Sylveon|Protect|p2a: Sylveon
|-singleturn|p2a: Sylveon|Protect
|move|p1a: Truffle|Icicle Crash|p2a: Sylveon
|-activate|p2a: Sylveon|move: Protect
|
|-heal|p2a: Sylveon|61/100|[from] item: Leftovers
|upkeep
|turn|51
|
|t:|1623345816
|move|p1a: Truffle|Icicle Crash|p2a: Sylveon
|-damage|p2a: Sylveon|17/100
|move|p2a: Sylveon|Wish|p2a: Sylveon
|
|-heal|p2a: Sylveon|23/100|[from] item: Leftovers
|upkeep
|turn|52
|
|t:|1623345821
|move|p2a: Sylveon|Protect|p2a: Sylveon
|-singleturn|p2a: Sylveon|Protect
|move|p1a: Truffle|Ice Shard|p2a: Sylveon
|-activate|p2a: Sylveon|move: Protect
|
|-heal|p2a: Sylveon|73/100|[from] move: Wish|[wisher] Sylveon
|-heal|p2a: Sylveon|79/100|[from] item: Leftovers
|upkeep
|turn|53
|
|t:|1623345824
|move|p1a: Truffle|Icicle Crash|p2a: Sylveon
|-damage|p2a: Sylveon|36/100
|cant|p2a: Sylveon|flinch
|
|-heal|p2a: Sylveon|42/100|[from] item: Leftovers
|upkeep
|turn|54
|
|t:|1623345829
|move|p2a: Sylveon|Protect|p2a: Sylveon
|-singleturn|p2a: Sylveon|Protect
|move|p1a: Truffle|Earthquake|p2a: Sylveon
|-activate|p2a: Sylveon|move: Protect
|
|-heal|p2a: Sylveon|48/100|[from] item: Leftovers
|upkeep
|turn|55
|
|t:|1623345835
|switch|p2a: Scizor|Scizor, F|91/100
|move|p1a: Truffle|Earthquake|p2a: Scizor
|-damage|p2a: Scizor|45/100
|
|upkeep
|turn|56
|
|t:|1623345839
|switch|p1a: Amorgos|Amoonguss, M|55/100
|-damage|p1a: Amorgos|42/100|[from] Stealth Rock
|move|p2a: Scizor|Bullet Punch|p1a: Amorgos
|-damage|p1a: Amorgos|21/100
|
|upkeep
|turn|57
|
|t:|1623345843
|switch|p1a: Vasectomy|Scizor, M|72/100
|-damage|p1a: Vasectomy|60/100|[from] Stealth Rock
|move|p2a: Scizor|Roost|p2a: Scizor
|-heal|p2a: Scizor|95/100
|-singleturn|p2a: Scizor|move: Roost
|
|-heal|p1a: Vasectomy|66/100|[from] item: Leftovers
|upkeep
|turn|58
|
|t:|1623345847
|move|p1a: Vasectomy|Knock Off|p2a: Scizor
|-damage|p2a: Scizor|58/100
|-enditem|p2a: Scizor|Heavy-Duty Boots|[from] move: Knock Off|[of] p1a: Vasectomy
|move|p2a: Scizor|Swords Dance|p2a: Scizor
|-boost|p2a: Scizor|atk|2
|
|-heal|p1a: Vasectomy|72/100|[from] item: Leftovers
|upkeep
|turn|59
|
|t:|1623345854
|move|p1a: Vasectomy|Knock Off|p2a: Scizor
|-damage|p2a: Scizor|35/100
|move|p2a: Scizor|Swords Dance|p2a: Scizor
|-boost|p2a: Scizor|atk|2
|
|-heal|p1a: Vasectomy|78/100|[from] item: Leftovers
|upkeep
|turn|60
|
|t:|1623345860
|move|p1a: Vasectomy|Swords Dance|p1a: Vasectomy
|-boost|p1a: Vasectomy|atk|2
|move|p2a: Scizor|Roost|p2a: Scizor
|-heal|p2a: Scizor|85/100
|-singleturn|p2a: Scizor|move: Roost
|
|-heal|p1a: Vasectomy|84/100|[from] item: Leftovers
|upkeep
|turn|61
|
|t:|1623345863
|move|p2a: Scizor|Bullet Punch|p1a: Vasectomy
|-resisted|p1a: Vasectomy
|-damage|p1a: Vasectomy|33/100
|move|p1a: Vasectomy|Knock Off|p2a: Scizor
|-damage|p2a: Scizor|42/100
|
|-heal|p1a: Vasectomy|39/100|[from] item: Leftovers
|upkeep
|turn|62
|
|t:|1623345866
|move|p1a: Vasectomy|Bullet Punch|p2a: Scizor
|-resisted|p2a: Scizor
|-damage|p2a: Scizor|9/100
|move|p2a: Scizor|Bullet Punch|p1a: Vasectomy
|-resisted|p1a: Vasectomy
|-damage|p1a: Vasectomy|0 fnt
|faint|p1a: Vasectomy
|
|upkeep
|
|t:|1623345869
|switch|p1a: Truffle|Mamoswine, M|63/100
|-damage|p1a: Truffle|51/100|[from] Stealth Rock
|turn|63
|
|t:|1623345872
|move|p1a: Truffle|Ice Shard|p2a: Scizor
|-resisted|p2a: Scizor
|-damage|p2a: Scizor|0 fnt
|faint|p2a: Scizor
|
|upkeep
|
|t:|1623345883
|switch|p2a: Conkeldurr|Conkeldurr, M|28/100 brn
|-damage|p2a: Conkeldurr|22/100 brn|[from] Stealth Rock
|turn|64
|
|t:|1623345913
|switch|p1a: Amorgos|Amoonguss, M|55/100
|-damage|p1a: Amorgos|42/100|[from] Stealth Rock
|move|p2a: Conkeldurr|Ice Punch|p1a: Amorgos
|-supereffective|p1a: Amorgos
|-damage|p1a: Amorgos|0 fnt
|faint|p1a: Amorgos
|
|-damage|p2a: Conkeldurr|16/100 brn|[from] brn
|upkeep
|
|t:|1623345916
|switch|p1a: Alamance|Salamence, M|100/100
|-damage|p1a: Alamance|76/100|[from] Stealth Rock
|turn|65
|
|t:|1623345920
|move|p1a: Alamance|Dual Wingbeat|p2a: Conkeldurr
|-supereffective|p2a: Conkeldurr
|-damage|p2a: Conkeldurr|0 fnt
|faint|p2a: Conkeldurr
|-ability|p1a: Alamance|Moxie|boost
|-boost|p1a: Alamance|atk|1
|-hitcount|p2: Conkeldurr|1
|
|upkeep
|
|t:|1623345923
|switch|p2a: Thundurus|Thundurus, M|75/100
|turn|66
|
|t:|1623345929
|move|p2a: Thundurus|Thunderbolt|p1a: Alamance
|-damage|p1a: Alamance|17/100
|move|p1a: Alamance|Crunch|p2a: Thundurus
|-damage|p2a: Thundurus|8/100
|-unboost|p2a: Thundurus|def|1
|-ability|p2a: Thundurus|Defiant
|-boost|p2a: Thundurus|atk|2
|
|upkeep
|turn|67
|j| forestcave
|c|☆Karolynia彡|oh god dammit i shoulda danced after all
|
|t:|1623345940
|move|p2a: Thundurus|Psychic|p1a: Alamance
|-damage|p1a: Alamance|0 fnt
|faint|p1a: Alamance
|
|upkeep
|
|t:|1623345941
|switch|p1a: Truffle|Mamoswine, M|51/100
|-damage|p1a: Truffle|38/100|[from] Stealth Rock
|turn|68
|
|t:|1623345943
|move|p1a: Truffle|Ice Shard|p2a: Thundurus
|-supereffective|p2a: Thundurus
|-damage|p2a: Thundurus|0 fnt
|faint|p2a: Thundurus
|
|upkeep
|
|t:|1623345945
|switch|p2a: Sylveon|Sylveon, M|48/100
|-damage|p2a: Sylveon|36/100|[from] Stealth Rock
|turn|69
|
|t:|1623345948
|move|p2a: Sylveon|Protect|p2a: Sylveon
|-singleturn|p2a: Sylveon|Protect
|move|p1a: Truffle|Earthquake|p2a: Sylveon
|-activate|p2a: Sylveon|move: Protect
|
|-heal|p2a: Sylveon|42/100|[from] item: Leftovers
|upkeep
|turn|70
|
|t:|1623345952
|move|p1a: Truffle|Earthquake|p2a: Sylveon
|-damage|p2a: Sylveon|0 fnt
|faint|p2a: Sylveon
|
|upkeep
|c|☆Karolynia彡|now just dont 1turn wake up pls
|c|☆sugarhigh|dam
|c|☆sugarhigh|gg
|c|☆Karolynia彡|gg
|
|t:|1623345958
|switch|p2a: Tentacruel|Tentacruel, F|100/100 slp
|-damage|p2a: Tentacruel|88/100 slp|[from] Stealth Rock
|turn|71
|
|t:|1623345961
|cant|p2a: Tentacruel|slp
|move|p1a: Truffle|Earthquake|p2a: Tentacruel
|-supereffective|p2a: Tentacruel
|-damage|p2a: Tentacruel|0 fnt
|faint|p2a: Tentacruel
|
|win|Karolynia彡
|raw|Karolynia彡's rating: 1429 &rarr; <strong>1451</strong><br />(+22 for winning)
|raw|sugarhigh's rating: 1463 &rarr; <strong>1441</strong><br />(-22 for losing)
|l|☆Karolynia彡
|l|☆sugarhigh
|l| forestcave
||Ladder isn't responding, score probably updated but might not have (Request timeout).
