|j|☆redrainning
|j|☆EliotEnRetar
|t:|1608985552
|player|p1|redrainning|2|1295
|player|p2|EliotEnRetar|falkner|1323
|teamsize|p1|6
|teamsize|p2|6
|gametype|singles
|gen|8
|tier|[Gen 8] UU
|rated|
|clearpoke
|poke|p1|Rotom-Wash|
|poke|p1|Bisharp, M|
|poke|p1|Scizor, M|
|poke|p1|Latias, F|
|poke|p1|Blaziken, F|
|poke|p1|Jirachi|
|poke|p2|Keldeo-Resolute|
|poke|p2|Bisharp, F|
|poke|p2|Roserade, F|
|poke|p2|Sylveon, F|
|poke|p2|Talonflame, F|
|poke|p2|Rotom-Wash|
|rule|Sleep Clause Mod: Limit one foe put to sleep
|rule|Species Clause: Limit one of each Pokémon
|rule|OHKO Clause: OHKO moves are banned
|rule|Evasion Moves Clause: Evasion moves are banned
|rule|Endless Battle Clause: Forcing endless battles is banned
|rule|HP Percentage Mod: HP is shown in percentages
|rule|Dynamax Clause: You cannot dynamax
|teampreview
|inactive|Battle timer is ON: inactive players will automatically lose when time's up. (requested by EliotEnRetar)
|inactive|redrainning has 120 seconds left.
|
|t:|1608985636
|start
|switch|p1a: Rotom|Rotom-Wash|100/100
|switch|p2a: Kyryuem|Roserade, F|100/100
|turn|1
|
|t:|1608985643
|switch|p1a: Jirachi|Jirachi|100/100
|move|p2a: Kyryuem|Shadow Ball|p1a: Jirachi
|-supereffective|p1a: Jirachi
|-damage|p1a: Jirachi|15/100
|
|upkeep
|turn|2
|
|t:|1608985650
|switch|p2a: CauetBurger|Rotom-Wash|100/100
|move|p1a: Jirachi|Thunder Wave|p2a: CauetBurger
|-immune|p2a: CauetBurger
|
|upkeep
|turn|3
|
|t:|1608985656
|switch|p1a: Rotom|Rotom-Wash|100/100
|move|p2a: CauetBurger|Volt Switch|p1a: Rotom
|-damage|p1a: Rotom|74/100
|
|t:|1608985664
|switch|p2a: Kyryuem|Roserade, F|100/100|[from]move: Volt Switch
|
|-heal|p1a: Rotom|80/100|[from] item: Leftovers
|upkeep
|turn|4
|
|t:|1608985672
|move|p2a: Kyryuem|Energy Ball|p1a: Rotom
|-supereffective|p1a: Rotom
|-damage|p1a: Rotom|0 fnt
|faint|p1a: Rotom
|
|upkeep
|
|t:|1608985676
|switch|p1a: Blaziken|Blaziken, F|100/100
|turn|5
|
|t:|1608985683
|switch|p2a: CauetBurger|Rotom-Wash|100/100
|move|p1a: Blaziken|Fire Punch|p2a: CauetBurger
|-resisted|p2a: CauetBurger
|-damage|p2a: CauetBurger|84/100
|
|-heal|p2a: CauetBurger|90/100|[from] item: Leftovers
|-ability|p1a: Blaziken|Speed Boost|boost
|-boost|p1a: Blaziken|spe|1
|upkeep
|turn|6
|
|t:|1608985691
|move|p1a: Blaziken|Swords Dance|p1a: Blaziken
|-boost|p1a: Blaziken|atk|2
|move|p2a: CauetBurger|Hydro Pump|p1a: Blaziken
|-supereffective|p1a: Blaziken
|-enditem|p1a: Blaziken|Focus Sash
|-damage|p1a: Blaziken|1/100
|
|-heal|p2a: CauetBurger|97/100|[from] item: Leftovers
|-ability|p1a: Blaziken|Speed Boost|boost
|-boost|p1a: Blaziken|spe|1
|upkeep
|turn|7
|
|t:|1608985712
|move|p1a: Blaziken|Close Combat|p2a: CauetBurger
|-damage|p2a: CauetBurger|0 fnt
|-unboost|p1a: Blaziken|def|1
|-unboost|p1a: Blaziken|spd|1
|faint|p2a: CauetBurger
|
|-ability|p1a: Blaziken|Speed Boost|boost
|-boost|p1a: Blaziken|spe|1
|upkeep
|
|t:|1608985719
|switch|p2a: BizouJeManvol|Talonflame, F|100/100
|turn|8
|
|t:|1608985739
|move|p1a: Blaziken|Protect|p1a: Blaziken
|-singleturn|p1a: Blaziken|Protect
|move|p2a: BizouJeManvol|Brave Bird|p1a: Blaziken
|-activate|p1a: Blaziken|move: Protect
|
|-ability|p1a: Blaziken|Speed Boost|boost
|-boost|p1a: Blaziken|spe|1
|upkeep
|turn|9
|
|t:|1608985746
|move|p2a: BizouJeManvol|Brave Bird|p1a: Blaziken
|-supereffective|p1a: Blaziken
|-damage|p1a: Blaziken|0 fnt
|-damage|p2a: BizouJeManvol|99/100|[from] Recoil
|faint|p1a: Blaziken
|
|upkeep
|
|t:|1608985752
|switch|p1a: Latias|Latias, F|100/100
|turn|10
|
|t:|1608985755
|move|p2a: BizouJeManvol|U-turn|p1a: Latias
|-supereffective|p1a: Latias
|-damage|p1a: Latias|51/100
|
|t:|1608985758
|switch|p2a: Jyrachi|Sylveon, F|100/100|[from]move: U-turn
|move|p1a: Latias|Calm Mind|p1a: Latias
|-boost|p1a: Latias|spa|1
|-boost|p1a: Latias|spd|1
|
|upkeep
|turn|11
|
|t:|1608985764
|move|p1a: Latias|Psyshock|p2a: Jyrachi
|-damage|p2a: Jyrachi|29/100
|move|p2a: Jyrachi|Hyper Voice|p1a: Latias
|-supereffective|p1a: Latias
|-damage|p1a: Latias|3/100
|
|-heal|p2a: Jyrachi|35/100|[from] item: Leftovers
|upkeep
|turn|12
|
|t:|1608985773
|move|p1a: Latias|Psyshock|p2a: Jyrachi
|-damage|p2a: Jyrachi|0 fnt
|faint|p2a: Jyrachi
|
|upkeep
|
|t:|1608985777
|switch|p2a: BizouJeManvol|Talonflame, F|99/100
|turn|13
|
|t:|1608985780
|move|p2a: BizouJeManvol|U-turn|p1a: Latias
|-supereffective|p1a: Latias
|-damage|p1a: Latias|0 fnt
|faint|p1a: Latias
|
|t:|1608985785
|switch|p2a: Bigflo|Keldeo-Resolute|100/100|[from]move: U-turn
|
|upkeep
|
|t:|1608985810
|switch|p1a: Jirachi|Jirachi|15/100
|turn|14
|
|t:|1608985816
|move|p1a: Jirachi|Thunder Wave|p2a: Bigflo
|-status|p2a: Bigflo|par
|move|p2a: Bigflo|Secret Sword|p1a: Jirachi
|-damage|p1a: Jirachi|0 fnt
|faint|p1a: Jirachi
|
|upkeep
|inactive|redrainning has 120 seconds left.
|inactive|redrainning has 90 seconds left.
|
|t:|1608985882
|switch|p1a: Scizor|Scizor, M|100/100
|turn|15
|
|t:|1608985892
|move|p2a: Bigflo|Secret Sword|p1a: Scizor
|-damage|p1a: Scizor|44/100
|move|p1a: Scizor|Swords Dance|p1a: Scizor
|-boost|p1a: Scizor|atk|2
|
|upkeep
|turn|16
|c|☆redrainning|Ton front fait 15 km mec
|
|t:|1608985899
|move|p1a: Scizor|Bullet Punch|p2a: Bigflo
|-resisted|p2a: Bigflo
|-crit|p2a: Bigflo
|-damage|p2a: Bigflo|24/100 par
|cant|p2a: Bigflo|par
|
|upkeep
|turn|17
|c|☆EliotEnRetar|ok
|
|t:|1608985905
|move|p1a: Scizor|Bullet Punch|p2a: Bigflo
|-resisted|p2a: Bigflo
|-damage|p2a: Bigflo|0 fnt
|faint|p2a: Bigflo
|
|upkeep
|
|t:|1608985908
|switch|p2a: UUBisharp|Bisharp, F|100/100
|turn|18
|c|☆redrainning|Vous me le bannez lui là
|
|t:|1608985920
|move|p2a: UUBisharp|Knock Off|p1a: Scizor
|-damage|p1a: Scizor|0 fnt
|-enditem|p1a: Scizor|Metal Coat|[from] move: Knock Off|[of] p2a: UUBisharp
|faint|p1a: Scizor
|
|upkeep
|
|t:|1608985923
|switch|p1a: Bisharp|Bisharp, M|100/100
|turn|19
|c|☆EliotEnRetar|bannez moi ça m
|
|t:|1608985931
|move|p2a: UUBisharp|Swords Dance|p2a: UUBisharp
|-boost|p2a: UUBisharp|atk|2
|move|p1a: Bisharp|Rock Polish|p1a: Bisharp
|-boost|p1a: Bisharp|spe|2
|
|upkeep
|turn|20
|c|☆EliotEnRetar|jpeux savoir ce que vous faites les modos ?!?!?!?!
|
|t:|1608985953
|move|p1a: Bisharp|Swords Dance|p1a: Bisharp
|-boost|p1a: Bisharp|atk|2
|move|p2a: UUBisharp|Knock Off|p1a: Bisharp
|-resisted|p1a: Bisharp
|-damage|p1a: Bisharp|24/100
|-enditem|p1a: Bisharp|Black Glasses|[from] move: Knock Off|[of] p2a: UUBisharp
|
|upkeep
|turn|21
|c|☆redrainning|Les modos vous me le ghost bannez
|c|☆redrainning|Je sais pas si ça existe
|c|☆EliotEnRetar|hahahaha
|
|t:|1608985969
|move|p1a: Bisharp|Iron Head|p2a: UUBisharp
|-resisted|p2a: UUBisharp
|-damage|p2a: UUBisharp|44/100
|cant|p2a: UUBisharp|flinch
|
|upkeep
|turn|22
|
|t:|1608985979
|move|p1a: Bisharp|Knock Off|p2a: UUBisharp
|-resisted|p2a: UUBisharp
|-damage|p2a: UUBisharp|0 fnt
|-enditem|p2a: UUBisharp|Black Glasses|[from] move: Knock Off|[of] p1a: Bisharp
|faint|p2a: UUBisharp
|
|upkeep
|c|☆redrainning|Ouch le haxx
|c|☆EliotEnRetar|wow
|
|t:|1608985986
|switch|p2a: BizouJeManvol|Talonflame, F|99/100
|turn|23
|
|t:|1608985990
|move|p1a: Bisharp|Knock Off|p2a: BizouJeManvol
|-damage|p2a: BizouJeManvol|0 fnt
|-enditem|p2a: BizouJeManvol|Heavy-Duty Boots|[from] move: Knock Off|[of] p1a: Bisharp
|faint|p2a: BizouJeManvol
|
|upkeep
|
|t:|1608985995
|switch|p2a: Kyryuem|Roserade, F|100/100
|turn|24
|
|t:|1608985997
|move|p1a: Bisharp|Knock Off|p2a: Kyryuem
|-damage|p2a: Kyryuem|0 fnt
|-enditem|p2a: Kyryuem|Choice Specs|[from] move: Knock Off|[of] p1a: Bisharp
|faint|p2a: Kyryuem
|
|win|redrainning
|c|☆redrainning|gg
|l|☆EliotEnRetar
|raw|redrainning's rating: 1295 &rarr; <strong>1322</strong><br />(+27 for winning)
|raw|EliotEnRetar's rating: 1323 &rarr; <strong>1302</strong><br />(-21 for losing)
