|raw|<div class="broadcast-blue"><strong>This battle is required to be public due to a player having a name starting with 'uult91w'.</div>
|j|☆pokexcel
|j|☆UULT91w Adaam
|t:|1651957560
|gametype|singles
|player|p1|pokexcel|richboy|1335
|player|p2|UULT91w Adaam|265|1603
|teamsize|p1|6
|teamsize|p2|6
|gen|8
|tier|[Gen 8] UU
|rated|
|rule|Sleep Clause Mod: Limit one foe put to sleep
|rule|Species Clause: Limit one of each Pokémon
|rule|OHKO Clause: OHKO moves are banned
|rule|Evasion Moves Clause: Evasion moves are banned
|rule|Endless Battle Clause: Forcing endless battles is banned
|rule|HP Percentage Mod: HP is shown in percentages
|rule|Dynamax Clause: You cannot dynamax
|clearpoke
|poke|p1|Celebi|
|poke|p1|Nidoking, M|
|poke|p1|Cloyster, F|
|poke|p1|Umbreon, F|
|poke|p1|Haunter, M|
|poke|p1|Salamence, M|
|poke|p2|Togekiss, M|
|poke|p2|Nidoking, M|
|poke|p2|Hydreigon, F|
|poke|p2|Rotom-Heat|
|poke|p2|Scizor, M|
|poke|p2|Tangrowth, F|
|teampreview
|inactive|Battle timer is ON: inactive players will automatically lose when time's up. (requested by pokexcel)
|
|t:|1651957583
|start
|switch|p1a: Nidoking|Nidoking, M|100/100
|switch|p2a: Nidoking|Nidoking, M|100/100
|turn|1
|
|t:|1651957590
|switch|p2a: Rotom|Rotom-Heat|100/100
|move|p1a: Nidoking|Earth Power|p2a: Rotom
|-immune|p2a: Rotom|[from] ability: Levitate
|
|upkeep
|turn|2
|
|t:|1651957596
|move|p2a: Rotom|Overheat|p1a: Nidoking
|-damage|p1a: Nidoking|35/100
|-unboost|p2a: Rotom|spa|2
|move|p1a: Nidoking|Sludge Wave|p2a: Rotom
|-damage|p2a: Rotom|27/100
|
|upkeep
|turn|3
|j| instant throw
|j|+Mengy ㋛
|
|t:|1651957621
|switch|p1a: Nachtara|Umbreon, F|100/100
|move|p2a: Rotom|Overheat|p1a: Nachtara|[miss]
|-miss|p2a: Rotom|p1a: Nachtara
|
|upkeep
|turn|4
|
|t:|1651957628
|move|p2a: Rotom|Pain Split|p1a: Nachtara
|-sethp|p1a: Nachtara|61/100|[from] move: Pain Split|[silent]
|-sethp|p2a: Rotom|79/100|[from] move: Pain Split
|move|p1a: Nachtara|Wish|p1a: Nachtara
|
|-heal|p1a: Nachtara|67/100|[from] item: Leftovers
|upkeep
|turn|5
|j| opela
|j| UULT91w Corp N
|
|t:|1651957644
|switch|p2a: deino triple|Hydreigon, F|100/100
|switch|p1a: Nidoking|Nidoking, M|35/100
|
|-heal|p1a: Nidoking|99/100|[from] move: Wish|[wisher] Nachtara
|upkeep
|turn|6
|
|t:|1651957651
|move|p2a: deino triple|Draco Meteor|p1a: Nidoking|[miss]
|-miss|p2a: deino triple|p1a: Nidoking
|move|p1a: Nidoking|Ice Beam|p2a: deino triple
|-supereffective|p2a: deino triple
|-damage|p2a: deino triple|8/100
|
|upkeep
|turn|7
|
|t:|1651957664
|switch|p1a: Nachtara|Umbreon, F|67/100
|move|p2a: deino triple|Draco Meteor|p1a: Nachtara
|-damage|p1a: Nachtara|27/100
|-unboost|p2a: deino triple|spa|2
|
|-heal|p1a: Nachtara|33/100|[from] item: Leftovers
|upkeep
|turn|8
|
|t:|1651957675
|switch|p2a: Nidoking|Nidoking, M|100/100
|move|p1a: Nachtara|Wish|p1a: Nachtara
|
|-heal|p1a: Nachtara|39/100|[from] item: Leftovers
|upkeep
|turn|9
|
|t:|1651957681
|move|p1a: Nachtara|Protect|p1a: Nachtara
|-singleturn|p1a: Nachtara|Protect
|move|p2a: Nidoking|Stealth Rock|p1a: Nachtara
|-sidestart|p1: pokexcel|move: Stealth Rock
|
|-heal|p1a: Nachtara|89/100|[from] move: Wish|[wisher] Nachtara
|-heal|p1a: Nachtara|95/100|[from] item: Leftovers
|upkeep
|turn|10
|
|t:|1651957691
|move|p2a: Nidoking|Sludge Wave|p1a: Nachtara
|-damage|p1a: Nachtara|56/100
|move|p1a: Nachtara|Wish|p1a: Nachtara
|
|-heal|p1a: Nachtara|62/100|[from] item: Leftovers
|upkeep
|turn|11
|
|t:|1651957697
|switch|p2a: Togekiss|Togekiss, M|100/100
|move|p1a: Nachtara|Foul Play|p2a: Togekiss
|-resisted|p2a: Togekiss
|-damage|p2a: Togekiss|94/100
|
|-heal|p1a: Nachtara|100/100|[from] move: Wish|[wisher] Nachtara
|upkeep
|turn|12
|
|t:|1651957706
|switch|p1a: Nidoking|Nidoking, M|99/100
|-damage|p1a: Nidoking|94/100|[from] Stealth Rock
|move|p2a: Togekiss|Nasty Plot|p2a: Togekiss
|-boost|p2a: Togekiss|spa|2
|
|upkeep
|turn|13
|
|t:|1651957713
|switch|p2a: Scizor|Scizor, M|100/100
|move|p1a: Nidoking|Sludge Wave|p2a: Scizor
|-immune|p2a: Scizor
|
|upkeep
|turn|14
|
|t:|1651957718
|move|p2a: Scizor|Bullet Punch|p1a: Nidoking
|-damage|p1a: Nidoking|35/100
|move|p1a: Nidoking|Flamethrower|p2a: Scizor
|-supereffective|p2a: Scizor
|-damage|p2a: Scizor|0 fnt
|faint|p2a: Scizor
|
|upkeep
|
|t:|1651957726
|switch|p2a: deino triple|Hydreigon, F|8/100
|turn|15
|
|t:|1651957729
|switch|p1a: Nachtara|Umbreon, F|100/100
|-damage|p1a: Nachtara|88/100|[from] Stealth Rock
|move|p2a: deino triple|U-turn|p1a: Nachtara
|-supereffective|p1a: Nachtara
|-damage|p1a: Nachtara|66/100
|
|t:|1651957733
|switch|p2a: Togekiss|Togekiss, M|94/100|[from]move: U-turn
|
|-heal|p1a: Nachtara|72/100|[from] item: Leftovers
|upkeep
|turn|16
|
|t:|1651957745
|switch|p1a: Alpollo|Haunter, M|100/100
|-damage|p1a: Alpollo|88/100|[from] Stealth Rock
|move|p2a: Togekiss|Nasty Plot|p2a: Togekiss
|-boost|p2a: Togekiss|spa|2
|
|upkeep
|turn|17
|
|t:|1651957756
|move|p1a: Alpollo|Sludge Wave|p2a: Togekiss
|-supereffective|p2a: Togekiss
|-damage|p2a: Togekiss|0 fnt
|faint|p2a: Togekiss
|
|upkeep
|
|t:|1651957759
|switch|p2a: deino triple|Hydreigon, F|8/100
|turn|18
|
|t:|1651957768
|switch|p1a: Nachtara|Umbreon, F|72/100
|-damage|p1a: Nachtara|59/100|[from] Stealth Rock
|move|p2a: deino triple|U-turn|p1a: Nachtara
|-supereffective|p1a: Nachtara
|-damage|p1a: Nachtara|36/100
|
|t:|1651957773
|switch|p2a: Tangrowth|Tangrowth, F|100/100|[from]move: U-turn
|
|-heal|p1a: Nachtara|42/100|[from] item: Leftovers
|upkeep
|turn|19
|
|t:|1651957778
|move|p1a: Nachtara|Protect|p1a: Nachtara
|-singleturn|p1a: Nachtara|Protect
|move|p2a: Tangrowth|Knock Off|p1a: Nachtara
|-activate|p1a: Nachtara|move: Protect
|
|-heal|p1a: Nachtara|48/100|[from] item: Leftovers
|upkeep
|turn|20
|
|t:|1651957784
|move|p1a: Nachtara|Wish|p1a: Nachtara
|move|p2a: Tangrowth|Knock Off|p1a: Nachtara
|-resisted|p1a: Nachtara
|-damage|p1a: Nachtara|39/100
|-enditem|p1a: Nachtara|Leftovers|[from] move: Knock Off|[of] p2a: Tangrowth
|
|upkeep
|turn|21
|
|t:|1651957792
|move|p1a: Nachtara|Foul Play|p2a: Tangrowth
|-damage|p2a: Tangrowth|82/100
|-damage|p1a: Nachtara|23/100|[from] item: Rocky Helmet|[of] p2a: Tangrowth
|move|p2a: Tangrowth|Sleep Powder|p1a: Nachtara
|-status|p1a: Nachtara|slp|[from] move: Sleep Powder
|
|-heal|p1a: Nachtara|73/100 slp|[from] move: Wish|[wisher] Nachtara
|upkeep
|turn|22
|
|t:|1651957805
|switch|p1a: Austos|Cloyster, F|100/100
|-damage|p1a: Austos|76/100|[from] Stealth Rock
|switch|p2a: Nidoking|Nidoking, M|100/100
|
|upkeep
|turn|23
|
|t:|1651957815
|move|p2a: Nidoking|Sludge Wave|p1a: Austos
|-crit|p1a: Austos
|-damage|p1a: Austos|0 fnt
|faint|p1a: Austos
|
|upkeep
|
|t:|1651957819
|switch|p1a: Brutalanda|Salamence, M|100/100
|-damage|p1a: Brutalanda|76/100|[from] Stealth Rock
|turn|24
|
|t:|1651957826
|switch|p2a: Rotom|Rotom-Heat|79/100
|move|p1a: Brutalanda|Earthquake|p2a: Rotom
|-immune|p2a: Rotom|[from] ability: Levitate
|
|upkeep
|turn|25
|
|t:|1651957833
|switch|p1a: Nachtara|Umbreon, F|73/100 slp
|-damage|p1a: Nachtara|60/100 slp|[from] Stealth Rock
|move|p2a: Rotom|Volt Switch|p1a: Nachtara
|-damage|p1a: Nachtara|46/100 slp
|
|t:|1651957835
|switch|p2a: Nidoking|Nidoking, M|100/100|[from]move: Volt Switch
|
|upkeep
|turn|26
|
|t:|1651957842
|move|p2a: Nidoking|Ice Beam|p1a: Nachtara
|-damage|p1a: Nachtara|23/100 slp
|cant|p1a: Nachtara|slp
|
|upkeep
|turn|27
|
|t:|1651957846
|cant|p1a: Nachtara|slp
|move|p2a: Nidoking|Sludge Wave|p1a: Nachtara
|-damage|p1a: Nachtara|0 fnt
|faint|p1a: Nachtara
|
|upkeep
|c|+Mengy ㋛|oh I thought these were clever names but it turns out they're just German
|
|t:|1651957854
|switch|p1a: Celebi|Celebi|100/100
|-damage|p1a: Celebi|88/100|[from] Stealth Rock
|turn|28
|c|+Mengy ㋛|I never realized haunter in german is named after chicken
|c|☆pokexcel|haha
|
|t:|1651957878
|switch|p2a: Tangrowth|Tangrowth, F|100/100
|move|p1a: Celebi|Psychic|p2a: Tangrowth
|-damage|p2a: Tangrowth|55/100
|
|-heal|p1a: Celebi|94/100|[from] item: Leftovers
|upkeep
|turn|29
|inactive|pokexcel has 120 seconds left.
|
|t:|1651957900
|move|p1a: Celebi|Psychic|p2a: Tangrowth
|-damage|p2a: Tangrowth|8/100
|move|p2a: Tangrowth|Knock Off|p1a: Celebi
|-supereffective|p1a: Celebi
|-damage|p1a: Celebi|61/100
|-enditem|p1a: Celebi|Leftovers|[from] move: Knock Off|[of] p2a: Tangrowth
|
|upkeep
|turn|30
|
|t:|1651957906
|switch|p2a: Rotom|Rotom-Heat|79/100
|move|p1a: Celebi|Psychic|p2a: Rotom
|-damage|p2a: Rotom|39/100
|
|upkeep
|turn|31
|
|t:|1651957912
|switch|p2a: deino triple|Hydreigon, F|8/100
|move|p1a: Celebi|Psychic|p2a: deino triple
|-immune|p2a: deino triple
|
|upkeep
|turn|32
|
|t:|1651957918
|move|p2a: deino triple|Dark Pulse|p1a: Celebi
|-supereffective|p1a: Celebi
|-damage|p1a: Celebi|0 fnt
|faint|p1a: Celebi
|
|upkeep
|
|t:|1651957923
|switch|p1a: Brutalanda|Salamence, M|76/100
|-damage|p1a: Brutalanda|51/100|[from] Stealth Rock
|turn|33
|
|t:|1651957936
|switch|p2a: Tangrowth|Tangrowth, F|41/100
|move|p1a: Brutalanda|Outrage|p2a: Tangrowth
|-damage|p2a: Tangrowth|5/100
|-damage|p1a: Brutalanda|34/100|[from] item: Rocky Helmet|[of] p2a: Tangrowth
|
|upkeep
|turn|34
|
|t:|1651957949
|switch|p2a: Rotom|Rotom-Heat|39/100
|move|p1a: Brutalanda|Outrage|p2a: Rotom|[from]lockedmove
|-damage|p2a: Rotom|0 fnt
|faint|p2a: Rotom
|-ability|p1a: Brutalanda|Moxie|boost
|-boost|p1a: Brutalanda|atk|1
|
|upkeep
|
|t:|1651957952
|switch|p2a: Tangrowth|Tangrowth, F|38/100
|turn|35
|
|t:|1651957958
|switch|p2a: Nidoking|Nidoking, M|100/100
|move|p1a: Brutalanda|Outrage|p2a: Nidoking|[from]lockedmove
|-damage|p2a: Nidoking|0 fnt
|faint|p2a: Nidoking
|-ability|p1a: Brutalanda|Moxie|boost
|-boost|p1a: Brutalanda|atk|1
|-start|p1a: Brutalanda|confusion|[fatigue]
|
|upkeep
|
|t:|1651957963
|switch|p2a: Tangrowth|Tangrowth, F|72/100
|turn|36
|
|t:|1651957970
|switch|p1a: Nidoking|Nidoking, M|35/100
|-damage|p1a: Nidoking|30/100|[from] Stealth Rock
|move|p2a: Tangrowth|Knock Off|p1a: Nidoking
|-damage|p1a: Nidoking|0 fnt
|-enditem|p1a: Nidoking|Life Orb|[from] move: Knock Off|[of] p2a: Tangrowth
|faint|p1a: Nidoking
|
|upkeep
|
|t:|1651957978
|switch|p1a: Alpollo|Haunter, M|88/100
|-damage|p1a: Alpollo|76/100|[from] Stealth Rock
|turn|37
|
|t:|1651957983
|move|p1a: Alpollo|Sludge Wave|p2a: Tangrowth
|-supereffective|p2a: Tangrowth
|-damage|p2a: Tangrowth|0 fnt
|faint|p2a: Tangrowth
|
|upkeep
|
|t:|1651957985
|switch|p2a: deino triple|Hydreigon, F|8/100
|turn|38
|
|t:|1651957989
|move|p2a: deino triple|Dark Pulse|p1a: Alpollo
|-supereffective|p1a: Alpollo
|-damage|p1a: Alpollo|0 fnt
|faint|p1a: Alpollo
|
|upkeep
|
|t:|1651957993
|switch|p1a: Brutalanda|Salamence, M|34/100
|-damage|p1a: Brutalanda|10/100|[from] Stealth Rock
|turn|39
|
|t:|1651957997
|move|p1a: Brutalanda|Outrage|p2a: deino triple
|-supereffective|p2a: deino triple
|-damage|p2a: deino triple|0 fnt
|faint|p2a: deino triple
|
|win|pokexcel
|raw|pokexcel's rating: 1335 &rarr; <strong>1368</strong><br />(+33 for winning)
|raw|UULT91w Adaam's rating: 1603 &rarr; <strong>1570</strong><br />(-33 for losing)
|c|☆pokexcel|gg
|l|☆UULT91w Adaam
|l| instant throw
||Ladder isn't responding, score probably updated but might not have (Request timeout).
