|j|☆KSt3ve
|j|☆mrblythunda
|t:|1644703440
|gametype|singles
|player|p1|KSt3ve|169|
|player|p2|mrblythunda|102|
|teamsize|p1|6
|teamsize|p2|6
|gen|8
|tier|[Gen 8] UU
|rated|Tournament battle
|rule|Sleep Clause Mod: Limit one foe put to sleep
|rule|Species Clause: Limit one of each Pokémon
|rule|OHKO Clause: OHKO moves are banned
|rule|Evasion Moves Clause: Evasion moves are banned
|rule|Endless Battle Clause: Forcing endless battles is banned
|rule|HP Percentage Mod: HP is shown in percentages
|rule|Dynamax Clause: You cannot dynamax
|clearpoke
|poke|p1|Registeel|
|poke|p1|Swampert, F|
|poke|p1|Azelf|
|poke|p1|Moltres-Galar|
|poke|p1|Tapu Bulu|
|poke|p1|Zygarde-10%|
|poke|p2|Flygon, F|
|poke|p2|Salazzle, F|
|poke|p2|Mandibuzz, F|
|poke|p2|Tangrowth, M|
|poke|p2|Primarina, M|
|poke|p2|Lycanroc-Dusk, M|
|teampreview
|inactive|Battle timer is ON: inactive players will automatically lose when time's up. (requested by mrblythunda)
|j| Mimilucha
|j| White Gehenna
|c|☆mrblythunda|glhf
|c|☆KSt3ve|hf
|j| Arxtric
|j| Corperate N
|inactive|KSt3ve has 120 seconds left.
|j| SoucoUwU
|j| Brexus
|j| suloxiv ♫
|
|t:|1644703492
|start
|switch|p1a: Swampert|Swampert, F|100/100
|switch|p2a: Flygon|Flygon, F|100/100
|turn|1
|
|t:|1644703498
|move|p2a: Flygon|U-turn|p1a: Swampert
|-damage|p1a: Swampert|88/100
|l| Mimilucha
|
|t:|1644703503
|switch|p2a: Primarina|Primarina, M|100/100|[from]move: U-turn
|move|p1a: Swampert|Toxic|p2a: Primarina
|-status|p2a: Primarina|tox
|
|-heal|p1a: Swampert|94/100|[from] item: Leftovers
|-damage|p2a: Primarina|95/100 tox|[from] psn
|upkeep
|turn|2
|
|t:|1644703510
|move|p2a: Primarina|Hydro Pump|p1a: Swampert
|-damage|p1a: Swampert|16/100
|move|p1a: Swampert|Stealth Rock|p2a: Primarina
|-sidestart|p2: mrblythunda|move: Stealth Rock
|
|-heal|p1a: Swampert|22/100|[from] item: Leftovers
|-damage|p2a: Primarina|83/100 tox|[from] psn
|upkeep
|turn|3
|c|☆KSt3ve|sus
|c|☆mrblythunda|soos
|inactive|KSt3ve has 120 seconds left.
|c|☆KSt3ve|AMOONGUSS
|inactive|KSt3ve has 90 seconds left.
|
|t:|1644703579
|switch|p1a: Tapu Bulu|Tapu Bulu|100/100
|-fieldstart|move: Grassy Terrain|[from] ability: Grassy Surge|[of] p1a: Tapu Bulu
|move|p2a: Primarina|Hydro Pump|p1a: Tapu Bulu|[miss]
|-miss|p2a: Primarina|p1a: Tapu Bulu
|
|-heal|p2a: Primarina|89/100 tox|[from] Grassy Terrain
|-damage|p2a: Primarina|71/100 tox|[from] psn
|upkeep
|turn|4
|inactive|KSt3ve has 90 seconds left.
|
|t:|1644703586
|switch|p2a: Tangrowth|Tangrowth, M|100/100
|-damage|p2a: Tangrowth|88/100|[from] Stealth Rock
|switch|p1a: Zygarde|Zygarde-10%|100/100
|-ability|p1a: Zygarde|Aura Break
|
|-heal|p2a: Tangrowth|94/100|[from] Grassy Terrain
|upkeep
|turn|5
|
|t:|1644703589
|switch|p1a: Moltres|Moltres-Galar|100/100
|move|p2a: Tangrowth|Knock Off|p1a: Moltres
|-resisted|p1a: Moltres
|-damage|p1a: Moltres|89/100
|-enditem|p1a: Moltres|Heavy-Duty Boots|[from] move: Knock Off|[of] p2a: Tangrowth
|
|-heal|p2a: Tangrowth|100/100|[from] Grassy Terrain
|upkeep
|turn|6
|
|t:|1644703600
|switch|p2a: Salazzle|Salazzle, F|100/100
|-damage|p2a: Salazzle|76/100|[from] Stealth Rock
|move|p1a: Moltres|Hurricane|p2a: Salazzle|[miss]
|-miss|p1a: Moltres|p2a: Salazzle
|
|-heal|p2a: Salazzle|82/100|[from] Grassy Terrain
|-heal|p2a: Salazzle|88/100|[from] item: Black Sludge
|upkeep
|turn|7
|
|t:|1644703605
|move|p2a: Salazzle|Substitute|p2a: Salazzle
|-start|p2a: Salazzle|Substitute
|-damage|p2a: Salazzle|63/100
|move|p1a: Moltres|Hurricane|p2a: Salazzle
|-end|p2a: Salazzle|Substitute
|
|-heal|p2a: Salazzle|69/100|[from] Grassy Terrain
|-heal|p2a: Salazzle|75/100|[from] item: Black Sludge
|-fieldend|move: Grassy Terrain
|upkeep
|turn|8
|
|t:|1644703615
|move|p2a: Salazzle|Substitute|p2a: Salazzle
|-start|p2a: Salazzle|Substitute
|-damage|p2a: Salazzle|50/100
|move|p1a: Moltres|Fiery Wrath|p2a: Salazzle
|-end|p2a: Salazzle|Substitute
|
|-heal|p2a: Salazzle|57/100|[from] item: Black Sludge
|upkeep
|turn|9
|
|t:|1644703619
|switch|p2a: Mandibuzz|Mandibuzz, F|100/100
|move|p1a: Moltres|Fiery Wrath|p2a: Mandibuzz
|-resisted|p2a: Mandibuzz
|-damage|p2a: Mandibuzz|90/100
|
|upkeep
|turn|10
|
|t:|1644703632
|switch|p1a: Registeel|Registeel|100/100
|move|p2a: Mandibuzz|Defog|p1a: Registeel
|-fail|p1a: Registeel|unboost|[from] ability: Clear Body|[of] p1a: Registeel
|-sideend|p2: mrblythunda|Stealth Rock|[from] move: Defog|[of] p2a: Mandibuzz
|
|upkeep
|turn|11
|
|t:|1644703641
|move|p2a: Mandibuzz|Foul Play|p1a: Registeel
|-damage|p1a: Registeel|91/100
|move|p1a: Registeel|Amnesia|p1a: Registeel
|-boost|p1a: Registeel|spd|2
|
|upkeep
|turn|12
|
|t:|1644703645
|move|p2a: Mandibuzz|U-turn|p1a: Registeel
|-resisted|p1a: Registeel
|-damage|p1a: Registeel|88/100
|
|t:|1644703646
|switch|p2a: Salazzle|Salazzle, F|57/100|[from]move: U-turn
|move|p1a: Registeel|Iron Defense|p1a: Registeel
|-boost|p1a: Registeel|def|2
|
|-heal|p2a: Salazzle|63/100|[from] item: Black Sludge
|upkeep
|turn|13
|
|t:|1644703649
|move|p2a: Salazzle|Encore|p1a: Registeel
|-start|p1a: Registeel|Encore
|move|p1a: Registeel|Iron Defense|p1a: Registeel
|-boost|p1a: Registeel|def|2
|
|-heal|p2a: Salazzle|69/100|[from] item: Black Sludge
|upkeep
|turn|14
|
|t:|1644703656
|switch|p1a: Moltres|Moltres-Galar|89/100
|move|p2a: Salazzle|Substitute|p2a: Salazzle
|-start|p2a: Salazzle|Substitute
|-damage|p2a: Salazzle|44/100
|
|-heal|p2a: Salazzle|50/100|[from] item: Black Sludge
|upkeep
|turn|15
|
|t:|1644703659
|move|p2a: Salazzle|Flamethrower|p1a: Moltres
|-damage|p1a: Moltres|62/100
|move|p1a: Moltres|Fiery Wrath|p2a: Salazzle
|-end|p2a: Salazzle|Substitute
|
|-heal|p2a: Salazzle|56/100|[from] item: Black Sludge
|upkeep
|turn|16
|
|t:|1644703663
|switch|p2a: Mandibuzz|Mandibuzz, F|90/100
|move|p1a: Moltres|Hurricane|p2a: Mandibuzz
|-damage|p2a: Mandibuzz|66/100
|
|upkeep
|turn|17
|
|t:|1644703667
|move|p1a: Moltres|Rest|p1a: Moltres
|-status|p1a: Moltres|slp|[from] move: Rest
|-heal|p1a: Moltres|100/100 slp|[silent]
|move|p2a: Mandibuzz|U-turn|p1a: Moltres
|-damage|p1a: Moltres|90/100 slp
|
|t:|1644703676
|switch|p2a: Lycanroc|Lycanroc-Dusk, M|100/100|[from]move: U-turn
|
|upkeep
|turn|18
|
|t:|1644703685
|switch|p1a: Tapu Bulu|Tapu Bulu|100/100
|-fieldstart|move: Grassy Terrain|[from] ability: Grassy Surge|[of] p1a: Tapu Bulu
|move|p2a: Lycanroc|Swords Dance|p2a: Lycanroc
|-boost|p2a: Lycanroc|atk|2
|
|upkeep
|turn|19
|
|t:|1644703690
|move|p2a: Lycanroc|Accelerock|p1a: Tapu Bulu
|-damage|p1a: Tapu Bulu|54/100
|-damage|p2a: Lycanroc|84/100|[from] item: Rocky Helmet|[of] p1a: Tapu Bulu
|-damage|p2a: Lycanroc|74/100|[from] item: Life Orb
|move|p1a: Tapu Bulu|Horn Leech|p2a: Lycanroc
|-supereffective|p2a: Lycanroc
|-damage|p2a: Lycanroc|0 fnt
|-heal|p1a: Tapu Bulu|85/100|[from] drain|[of] p2a: Lycanroc
|faint|p2a: Lycanroc
|
|-heal|p1a: Tapu Bulu|91/100|[from] Grassy Terrain
|upkeep
|
|t:|1644703697
|switch|p2a: Salazzle|Salazzle, F|56/100
|turn|20
|
|t:|1644703700
|switch|p1a: Moltres|Moltres-Galar|90/100 slp
|move|p2a: Salazzle|Flamethrower|p1a: Moltres
|-damage|p1a: Moltres|62/100 slp
|
|-heal|p2a: Salazzle|62/100|[from] Grassy Terrain
|-heal|p2a: Salazzle|68/100|[from] item: Black Sludge
|upkeep
|turn|21
|
|t:|1644703703
|move|p2a: Salazzle|Flamethrower|p1a: Moltres
|-damage|p1a: Moltres|33/100 slp
|-ability|p1a: Moltres|Berserk|boost
|-boost|p1a: Moltres|spa|1
|cant|p1a: Moltres|slp
|move|p1a: Moltres|Sleep Talk|p1a: Moltres
|move|p1a: Moltres|Fiery Wrath|p2a: Salazzle|[from]move: Sleep Talk
|-damage|p2a: Salazzle|0 fnt
|faint|p2a: Salazzle
|
|upkeep
|
|t:|1644703708
|switch|p2a: Flygon|Flygon, F|100/100
|turn|22
|
|t:|1644703711
|switch|p1a: Tapu Bulu|Tapu Bulu|91/100
|move|p2a: Flygon|Stone Edge|p1a: Tapu Bulu
|-damage|p1a: Tapu Bulu|70/100
|
|-heal|p1a: Tapu Bulu|76/100|[from] Grassy Terrain
|-fieldend|move: Grassy Terrain
|upkeep
|turn|23
|
|t:|1644703715
|switch|p2a: Mandibuzz|Mandibuzz, F|66/100
|move|p1a: Tapu Bulu|Toxic|p2a: Mandibuzz
|-status|p2a: Mandibuzz|tox
|
|-damage|p2a: Mandibuzz|59/100 tox|[from] psn
|upkeep
|turn|24
|
|t:|1644703720
|switch|p1a: Registeel|Registeel|88/100
|move|p2a: Mandibuzz|U-turn|p1a: Registeel
|-resisted|p1a: Registeel
|-damage|p1a: Registeel|85/100
|
|t:|1644703728
|switch|p2a: Primarina|Primarina, M|71/100 tox|[from]move: U-turn
|
|-damage|p2a: Primarina|65/100 tox|[from] psn
|upkeep
|turn|25
|
|t:|1644703732
|switch|p1a: Swampert|Swampert, F|22/100
|move|p2a: Primarina|Hydro Pump|p1a: Swampert
|-damage|p1a: Swampert|0 fnt
|faint|p1a: Swampert
|
|-damage|p2a: Primarina|53/100 tox|[from] psn
|upkeep
|
|t:|1644703759
|switch|p1a: Azelf|Azelf|100/100
|turn|26
|
|t:|1644703762
|move|p1a: Azelf|U-turn|p2a: Primarina
|-resisted|p2a: Primarina
|-damage|p2a: Primarina|39/100 tox
|
|t:|1644703775
|switch|p1a: Tapu Bulu|Tapu Bulu|76/100|[from]move: U-turn
|-fieldstart|move: Grassy Terrain|[from] ability: Grassy Surge|[of] p1a: Tapu Bulu
|move|p2a: Primarina|Hydro Pump|p1a: Tapu Bulu
|-resisted|p1a: Tapu Bulu
|-damage|p1a: Tapu Bulu|30/100
|
|-heal|p2a: Primarina|45/100 tox|[from] Grassy Terrain
|-heal|p1a: Tapu Bulu|36/100|[from] Grassy Terrain
|-damage|p2a: Primarina|27/100 tox|[from] psn
|upkeep
|turn|27
|j| Mimilucha
|
|t:|1644703784
|move|p2a: Primarina|Hydro Pump|p1a: Tapu Bulu
|-resisted|p1a: Tapu Bulu
|-damage|p1a: Tapu Bulu|0 fnt
|faint|p1a: Tapu Bulu
|
|-heal|p2a: Primarina|33/100 tox|[from] Grassy Terrain
|-damage|p2a: Primarina|9/100 tox|[from] psn
|upkeep
|l| Mimilucha
|j| hariyana grande
|
|t:|1644703791
|switch|p1a: Azelf|Azelf|100/100
|turn|28
|
|t:|1644703798
|switch|p2a: Tangrowth|Tangrowth, M|100/100
|move|p1a: Azelf|Flamethrower|p2a: Tangrowth
|-supereffective|p2a: Tangrowth
|-damage|p2a: Tangrowth|14/100
|
|-heal|p2a: Tangrowth|21/100|[from] Grassy Terrain
|upkeep
|turn|29
|
|t:|1644703802
|switch|p2a: Flygon|Flygon, F|100/100
|move|p1a: Azelf|Flamethrower|p2a: Flygon
|-resisted|p2a: Flygon
|-damage|p2a: Flygon|82/100
|
|upkeep
|turn|30
|
|t:|1644703808
|move|p2a: Flygon|U-turn|p1a: Azelf
|-supereffective|p1a: Azelf
|-damage|p1a: Azelf|42/100
|
|t:|1644703810
|switch|p2a: Primarina|Primarina, M|9/100 tox|[from]move: U-turn
|move|p1a: Azelf|Knock Off|p2a: Primarina
|-resisted|p2a: Primarina
|-damage|p2a: Primarina|0 fnt
|-enditem|p2a: Primarina|Choice Specs|[from] move: Knock Off|[of] p1a: Azelf
|faint|p2a: Primarina
|
|-fieldend|move: Grassy Terrain
|upkeep
|
|t:|1644703813
|switch|p2a: Flygon|Flygon, F|82/100
|turn|31
|
|t:|1644703830
|move|p2a: Flygon|U-turn|p1a: Azelf
|-supereffective|p1a: Azelf
|-damage|p1a: Azelf|0 fnt
|faint|p1a: Azelf
|
|t:|1644703836
|switch|p2a: Tangrowth|Tangrowth, M|54/100|[from]move: U-turn
|
|upkeep
|
|t:|1644703837
|switch|p1a: Registeel|Registeel|85/100
|turn|32
|
|t:|1644703841
|move|p1a: Registeel|Iron Defense|p1a: Registeel
|-boost|p1a: Registeel|def|2
|move|p2a: Tangrowth|Knock Off|p1a: Registeel
|-damage|p1a: Registeel|80/100
|-enditem|p1a: Registeel|Chesto Berry|[from] move: Knock Off|[of] p2a: Tangrowth
|
|upkeep
|turn|33
|
|t:|1644703847
|switch|p2a: Flygon|Flygon, F|82/100
|move|p1a: Registeel|Iron Defense|p1a: Registeel
|-boost|p1a: Registeel|def|2
|
|upkeep
|turn|34
|
|t:|1644703849
|move|p2a: Flygon|Earthquake|p1a: Registeel
|-supereffective|p1a: Registeel
|-damage|p1a: Registeel|66/100
|move|p1a: Registeel|Body Press|p2a: Flygon
|-damage|p2a: Flygon|0 fnt
|faint|p2a: Flygon
|
|upkeep
|c|☆KSt3ve|gg
|c|☆mrblythunda|gg
|-message|mrblythunda forfeited.
|
|win|KSt3ve
|n|☆KSt3ve|kst3ve
|n|☆mrblythunda|mrblythunda
|n| White Gehenna|whitegehenna
|n| Arxtric|arxtric
|n| Corperate N|corperaten
|n| SoucoUwU|soucouwu
|n| Brexus|brexus
|n| suloxiv ♫|suloxiv
|n| hariyana grande|hariyanagrande
|l| hariyana grande
|l| SoucoUwU
|l|☆KSt3ve
|l|☆mrblythunda
|l| Arxtric
