|inactive|Battle timer is ON: inactive players will automatically lose when time's up.
|j|☆Rolerola
|j|☆pokemonisfun
|t:|1666400446
|gametype|singles
|player|p1|Rolerola|iris|
|player|p2|pokemonisfun|#uutrio2ladder|
|teamsize|p1|6
|teamsize|p2|6
|gen|8
|tier|[Gen 8] UU
|rated|Tournament battle
|rule|Sleep Clause Mod: Limit one foe put to sleep
|rule|Species Clause: Limit one of each Pokémon
|rule|OHKO Clause: OHKO moves are banned
|rule|Evasion Items Clause: Evasion items are banned
|rule|Evasion Moves Clause: Evasion moves are banned
|rule|Endless Battle Clause: Forcing endless battles is banned
|rule|HP Percentage Mod: HP is shown in percentages
|rule|Dynamax Clause: You cannot dynamax
|rule|Blitz: Super-fast timer
|clearpoke
|poke|p1|Keldeo-Resolute|
|poke|p1|Chansey, F|
|poke|p1|Nidoqueen, F|
|poke|p1|Scizor, F|
|poke|p1|Hatterene, F|
|poke|p1|Salamence, F|
|poke|p2|Zarude-Dada|
|poke|p2|Mamoswine, M|
|poke|p2|Cobalion|
|poke|p2|Salamence, F|
|poke|p2|Primarina, M|
|poke|p2|Azelf|
|teampreview
|inactive|Rolerola also wants the timer to be on.
|j| QueEn oF BeAn ✿
|c|☆Rolerola|Glhf
|c|☆pokemonisfun|glhf
|inactive|Rolerola has 30 seconds left.
|inactive|pokemonisfun has 30 seconds left.
|
|t:|1666400465
|start
|switch|p1a: Scizor|Scizor, F|100/100
|switch|p2a: Azelf|Azelf|100/100
|turn|1
|j|%suloxiv@!
|
|t:|1666400469
|switch|p1a: Hatterene|Hatterene, F|100/100
|move|p2a: Azelf|U-turn|p1a: Hatterene
|-damage|p1a: Hatterene|86/100
|inactive|pokemonisfun has 10 seconds left.
|inactive|pokemonisfun has 5 seconds left.
|
|t:|1666400479
|switch|p2a: Primarina|Primarina, M|100/100|[from]move: U-turn
|
|-heal|p1a: Hatterene|92/100|[from] item: Leftovers
|upkeep
|turn|2
|inactive|pokemonisfun has 10 seconds left this turn.
|
|t:|1666400483
|move|p2a: Primarina|Moonblast|p1a: Hatterene
|-damage|p1a: Hatterene|39/100
|move|p1a: Hatterene|Nuzzle|p2a: Primarina
|-supereffective|p2a: Primarina
|-damage|p2a: Primarina|89/100
|-status|p2a: Primarina|par
|
|-heal|p2a: Primarina|95/100 par|[from] item: Leftovers
|-heal|p1a: Hatterene|45/100|[from] item: Leftovers
|upkeep
|turn|3
|
|t:|1666400487
|switch|p1a: Scizor|Scizor, F|100/100
|move|p2a: Primarina|Moonblast|p1a: Scizor
|-resisted|p1a: Scizor
|-damage|p1a: Scizor|68/100
|
|-heal|p2a: Primarina|100/100 par|[from] item: Leftovers
|upkeep
|turn|4
|
|t:|1666400491
|move|p1a: Scizor|U-turn|p2a: Primarina
|-resisted|p2a: Primarina
|-damage|p2a: Primarina|58/100 par
|
|t:|1666400492
|switch|p1a: Chansey|Chansey, F|100/100|[from]move: U-turn
|cant|p2a: Primarina|par
|
|-heal|p2a: Primarina|64/100 par|[from] item: Leftovers
|upkeep
|turn|5
|inactive|Rolerola has 10 seconds left.
|
|t:|1666400498
|switch|p2a: Cobalion|Cobalion|100/100
|move|p1a: Chansey|Teleport|p1a: Chansey
|
|t:|1666400501
|switch|p1a: Nidoqueen|Nidoqueen, F|100/100|[from]move: Teleport
|
|upkeep
|turn|6
|
|t:|1666400504
|move|p2a: Cobalion|Stealth Rock|p1a: Nidoqueen
|-sidestart|p1: Rolerola|move: Stealth Rock
|move|p1a: Nidoqueen|Earth Power|p2a: Cobalion
|-supereffective|p2a: Cobalion
|-damage|p2a: Cobalion|0 fnt
|faint|p2a: Cobalion
|
|upkeep
|
|t:|1666400506
|switch|p2a: Mamoswine|Mamoswine, M|100/100
|turn|7
|c| QueEn oF BeAn ✿|the nuzzle prim lets go
|inactive|Rolerola has 10 seconds left.
|
|t:|1666400512
|switch|p1a: Salamence|Salamence, F|100/100
|-ability|p1a: Salamence|Intimidate|boost
|-unboost|p2a: Mamoswine|atk|1
|move|p2a: Mamoswine|Icicle Crash|p1a: Salamence
|-supereffective|p1a: Salamence
|-damage|p1a: Salamence|0 fnt
|faint|p1a: Salamence
|-damage|p2a: Mamoswine|91/100|[from] item: Life Orb
|
|upkeep
|
|t:|1666400514
|switch|p1a: Keldeo|Keldeo-Resolute|100/100
|-damage|p1a: Keldeo|94/100|[from] Stealth Rock
|turn|8
|
|t:|1666400518
|switch|p2a: Primarina|Primarina, M|64/100 par
|move|p1a: Keldeo|Surf|p2a: Primarina
|-resisted|p2a: Primarina
|-damage|p2a: Primarina|33/100 par
|
|-heal|p2a: Primarina|39/100 par|[from] item: Leftovers
|upkeep
|turn|9
|
|t:|1666400522
|switch|p1a: Chansey|Chansey, F|100/100
|-damage|p1a: Chansey|88/100|[from] Stealth Rock
|move|p2a: Primarina|Moonblast|p1a: Chansey
|-damage|p1a: Chansey|72/100
|
|-heal|p2a: Primarina|45/100 par|[from] item: Leftovers
|upkeep
|turn|10
|
|t:|1666400525
|switch|p2a: Mamoswine|Mamoswine, M|91/100
|move|p1a: Chansey|Seismic Toss|p2a: Mamoswine
|-damage|p2a: Mamoswine|63/100
|
|upkeep
|turn|11
|
|t:|1666400528
|move|p2a: Mamoswine|Knock Off|p1a: Chansey
|-damage|p1a: Chansey|40/100
|-enditem|p1a: Chansey|Eviolite|[from] move: Knock Off|[of] p2a: Mamoswine
|-damage|p2a: Mamoswine|53/100|[from] item: Life Orb
|move|p1a: Chansey|Teleport|p1a: Chansey
|
|t:|1666400530
|switch|p1a: Scizor|Scizor, F|68/100|[from]move: Teleport
|-damage|p1a: Scizor|56/100|[from] Stealth Rock
|
|upkeep
|turn|12
|
|t:|1666400534
|switch|p2a: Primarina|Primarina, M|45/100 par
|move|p1a: Scizor|Bullet Punch|p2a: Primarina
|-damage|p2a: Primarina|0 fnt
|faint|p2a: Primarina
|
|upkeep
|
|t:|1666400539
|switch|p2a: Salamence|Salamence, F|100/100
|-ability|p2a: Salamence|Intimidate|boost
|-unboost|p1a: Scizor|atk|1
|turn|13
|j| LocalMetagross
|
|t:|1666400543
|switch|p1a: Chansey|Chansey, F|40/100
|-damage|p1a: Chansey|27/100|[from] Stealth Rock
|move|p2a: Salamence|Flamethrower|p1a: Chansey
|-damage|p1a: Chansey|18/100
|
|upkeep
|turn|14
|
|t:|1666400546
|switch|p2a: Mamoswine|Mamoswine, M|53/100
|move|p1a: Chansey|Soft-Boiled|p1a: Chansey
|-heal|p1a: Chansey|68/100
|
|upkeep
|turn|15
|inactive|Rolerola has 10 seconds left.
|
|t:|1666400555
|switch|p1a: Scizor|Scizor, F|56/100
|-damage|p1a: Scizor|43/100|[from] Stealth Rock
|move|p2a: Mamoswine|Earthquake|p1a: Scizor
|-damage|p1a: Scizor|0 fnt
|faint|p1a: Scizor
|-damage|p2a: Mamoswine|43/100|[from] item: Life Orb
|
|upkeep
|
|t:|1666400557
|switch|p1a: Keldeo|Keldeo-Resolute|94/100
|-damage|p1a: Keldeo|88/100|[from] Stealth Rock
|turn|16
|
|t:|1666400561
|switch|p2a: Salamence|Salamence, F|100/100
|-ability|p2a: Salamence|Intimidate|boost
|-unboost|p1a: Keldeo|atk|1
|move|p1a: Keldeo|Icy Wind|p2a: Salamence
|-supereffective|p2a: Salamence
|-damage|p2a: Salamence|0 fnt
|faint|p2a: Salamence
|
|upkeep
|
|t:|1666400565
|switch|p2a: Mamoswine|Mamoswine, M|43/100
|turn|17
|j| Swagmoar
|
|t:|1666400569
|switch|p1a: Hatterene|Hatterene, F|45/100
|-damage|p1a: Hatterene|32/100|[from] Stealth Rock
|move|p2a: Mamoswine|Earthquake|p1a: Hatterene
|-crit|p1a: Hatterene
|-damage|p1a: Hatterene|0 fnt
|faint|p1a: Hatterene
|-damage|p2a: Mamoswine|33/100|[from] item: Life Orb
|
|upkeep
|
|t:|1666400572
|switch|p1a: Keldeo|Keldeo-Resolute|88/100
|-damage|p1a: Keldeo|82/100|[from] Stealth Rock
|turn|18
|inactive|Rolerola has 10 seconds left.
|inactive|pokemonisfun has 10 seconds left.
|
|t:|1666400580
|switch|p2a: Zarude|Zarude-Dada|100/100
|move|p1a: Keldeo|Secret Sword|p2a: Zarude
|-supereffective|p2a: Zarude
|-damage|p2a: Zarude|0 fnt
|faint|p2a: Zarude
|
|upkeep
|
|t:|1666400582
|switch|p2a: Azelf|Azelf|100/100
|turn|19
|
|t:|1666400586
|switch|p1a: Chansey|Chansey, F|68/100
|-damage|p1a: Chansey|55/100|[from] Stealth Rock
|move|p2a: Azelf|Psychic|p1a: Chansey
|-damage|p1a: Chansey|37/100
|
|upkeep
|turn|20
|
|t:|1666400590
|move|p2a: Azelf|U-turn|p1a: Chansey
|-damage|p1a: Chansey|20/100
|
|t:|1666400591
|switch|p2a: Mamoswine|Mamoswine, M|33/100|[from]move: U-turn
|move|p1a: Chansey|Seismic Toss|p2a: Mamoswine
|-damage|p2a: Mamoswine|5/100
|
|upkeep
|turn|21
|
|t:|1666400594
|move|p2a: Mamoswine|Earthquake|p1a: Chansey
|-damage|p1a: Chansey|0 fnt
|faint|p1a: Chansey
|-damage|p2a: Mamoswine|0 fnt|[from] item: Life Orb
|faint|p2a: Mamoswine
|
|upkeep
|
|t:|1666400597
|switch|p2a: Azelf|Azelf|100/100
|switch|p1a: Keldeo|Keldeo-Resolute|82/100
|-damage|p1a: Keldeo|76/100|[from] Stealth Rock
|turn|22
|
|t:|1666400600
|move|p2a: Azelf|Psychic|p1a: Keldeo
|-supereffective|p1a: Keldeo
|-damage|p1a: Keldeo|0 fnt
|faint|p1a: Keldeo
|
|upkeep
|
|t:|1666400601
|switch|p1a: Nidoqueen|Nidoqueen, F|100/100
|-damage|p1a: Nidoqueen|94/100|[from] Stealth Rock
|turn|23
|
|t:|1666400603
|move|p2a: Azelf|Psychic|p1a: Nidoqueen
|-supereffective|p1a: Nidoqueen
|-damage|p1a: Nidoqueen|0 fnt
|faint|p1a: Nidoqueen
|
|win|pokemonisfun
|n|☆Rolerola|rolerola
|n|☆pokemonisfun|pokemonisfun
|n| QueEn oF BeAn ✿|queenofbean
|n| suloxiv@!|suloxiv
|n| LocalMetagross|localmetagross
|n| Swagmoar|swagmoar
