|j|☆Kingbrick
|j|‽Chiyo's Father
|t:|1597338192
|player|p1|Kingbrick|medium|
|player|p2|Chiyo's Father|battlegirl-gen4|
|teamsize|p1|6
|teamsize|p2|6
|gametype|singles
|gen|8
|tier|[Gen 8] UU
|rated|Tournament battle
|clearpoke
|poke|p1|Barraskewda, F|
|poke|p1|Toxtricity-Low-Key, F|
|poke|p1|Scyther, M|
|poke|p1|Krookodile, F|
|poke|p1|Jirachi|
|poke|p1|Skarmory, F|
|poke|p2|Tentacruel, F|
|poke|p2|Umbreon, F|
|poke|p2|Kyurem|
|poke|p2|Scyther, M|
|poke|p2|Jirachi|
|poke|p2|Polteageist|
|rule|Sleep Clause Mod: Limit one foe put to sleep
|rule|Species Clause: Limit one of each Pokémon
|rule|OHKO Clause: OHKO moves are banned
|rule|Evasion Moves Clause: Evasion moves are banned
|rule|Endless Battle Clause: Forcing endless battles is banned
|rule|HP Percentage Mod: HP is shown in percentages
|rule|Dynamax Clause: You cannot dynamax
|teampreview
|j| 467 11 11p
|j| dragon124
|
|t:|1597338210
|start
|switch|p1a: Toxtricity|Toxtricity-Low-Key, F|100/100
|switch|p2a: Tentacruel|Tentacruel, F|100/100
|turn|1
|
|t:|1597338225
|switch|p2a: Kyurem|Kyurem|100/100
|-ability|p2a: Kyurem|Pressure
|move|p1a: Toxtricity|Volt Switch|p2a: Kyurem
|-resisted|p2a: Kyurem
|-damage|p2a: Kyurem|82/100
|j| pppapa
|
|t:|1597338236
|switch|p1a: Barraskewda|Barraskewda, F|100/100|[from]move: Volt Switch
|
|upkeep
|turn|2
|j| SlayerNc
|
|t:|1597338243
|move|p1a: Barraskewda|Close Combat|p2a: Kyurem
|-supereffective|p2a: Kyurem
|-damage|p2a: Kyurem|0 fnt
|-unboost|p1a: Barraskewda|def|1
|-unboost|p1a: Barraskewda|spd|1
|faint|p2a: Kyurem
|
|upkeep
|
|t:|1597338259
|switch|p2a: Polteageist|Polteageist|100/100
|turn|3
|
|t:|1597338262
|switch|p1a: Krookodile|Krookodile, F|100/100
|-ability|p1a: Krookodile|Intimidate|boost
|-unboost|p2a: Polteageist|atk|1
|move|p2a: Polteageist|Shell Smash|p2a: Polteageist
|-unboost|p2a: Polteageist|def|1
|-unboost|p2a: Polteageist|spd|1
|-boost|p2a: Polteageist|atk|2
|-boost|p2a: Polteageist|spa|2
|-boost|p2a: Polteageist|spe|2
|
|upkeep
|turn|4
|
|t:|1597338269
|move|p2a: Polteageist|Giga Drain|p1a: Krookodile
|-supereffective|p1a: Krookodile
|-enditem|p1a: Krookodile|Focus Sash
|-damage|p1a: Krookodile|1/100
|move|p1a: Krookodile|Knock Off|p2a: Polteageist
|-supereffective|p2a: Polteageist
|-enditem|p2a: Polteageist|Focus Sash
|-damage|p2a: Polteageist|1/100
|-ability|p2a: Polteageist|Weak Armor|boost
|-unboost|p2a: Polteageist|def|1
|-boost|p2a: Polteageist|spe|2
|
|upkeep
|turn|5
|
|t:|1597338276
|move|p2a: Polteageist|Shadow Ball|p1a: Krookodile
|-resisted|p1a: Krookodile
|-damage|p1a: Krookodile|0 fnt
|faint|p1a: Krookodile
|
|upkeep
|
|t:|1597338281
|switch|p1a: Skarmory|Skarmory, F|100/100
|turn|6
|
|t:|1597338284
|move|p2a: Polteageist|Shadow Ball|p1a: Skarmory
|-ability|p1a: Skarmory|Sturdy
|-damage|p1a: Skarmory|1/100
|move|p1a: Skarmory|Whirlwind|p2a: Polteageist
|drag|p2a: Scyther|Scyther, M|100/100
|
|upkeep
|turn|7
|
|t:|1597338288
|move|p2a: Scyther|U-turn|p1a: Skarmory
|-resisted|p1a: Skarmory
|-damage|p1a: Skarmory|0 fnt
|-damage|p2a: Scyther|84/100|[from] item: Rocky Helmet|[of] p1a: Skarmory
|faint|p1a: Skarmory
|
|t:|1597338302
|switch|p2a: Polteageist|Polteageist|1/100|[from]move: U-turn
|
|upkeep
|
|t:|1597338308
|switch|p1a: Scyther|Scyther, M|100/100
|turn|8
|
|t:|1597338311
|move|p1a: Scyther|U-turn|p2a: Polteageist
|-resisted|p2a: Polteageist
|-damage|p2a: Polteageist|0 fnt
|faint|p2a: Polteageist
|l| 467 11 11p
|
|t:|1597338318
|switch|p1a: Toxtricity|Toxtricity-Low-Key, F|100/100|[from]move: U-turn
|
|upkeep
|
|t:|1597338321
|switch|p2a: Umbreon|Umbreon, F|100/100
|turn|9
|j| SantiTheKid
|
|t:|1597338324
|move|p1a: Toxtricity|Volt Switch|p2a: Umbreon
|-damage|p2a: Umbreon|82/100
|
|t:|1597338331
|switch|p1a: Jirachi|Jirachi|100/100|[from]move: Volt Switch
|move|p2a: Umbreon|Wish|p2a: Umbreon
|
|-heal|p2a: Umbreon|88/100|[from] item: Leftovers
|upkeep
|turn|10
|
|t:|1597338339
|switch|p2a: Tentacruel|Tentacruel, F|100/100
|move|p1a: Jirachi|Toxic|p2a: Tentacruel
|-immune|p2a: Tentacruel
|
|upkeep
|turn|11
|
|t:|1597338343
|switch|p1a: Toxtricity|Toxtricity-Low-Key, F|100/100
|move|p2a: Tentacruel|Scald|p1a: Toxtricity
|-damage|p1a: Toxtricity|65/100
|
|upkeep
|turn|12
|j| mr. nosynergy
|j|@ANGER MANAGEMENT
|
|t:|1597338349
|move|p1a: Toxtricity|Volt Switch|p2a: Tentacruel
|-supereffective|p2a: Tentacruel
|-damage|p2a: Tentacruel|46/100
|j| MaDoG1418
|
|t:|1597338353
|switch|p1a: Barraskewda|Barraskewda, F|100/100|[from]move: Volt Switch
|move|p2a: Tentacruel|Scald|p1a: Barraskewda
|-resisted|p1a: Barraskewda
|-damage|p1a: Barraskewda|75/100
|
|-heal|p2a: Tentacruel|52/100|[from] item: Black Sludge
|upkeep
|turn|13
|l| SlayerNc
|
|t:|1597338359
|move|p1a: Barraskewda|Liquidation|p2a: Tentacruel
|-resisted|p2a: Tentacruel
|-damage|p2a: Tentacruel|21/100
|move|p2a: Tentacruel|Scald|p1a: Barraskewda
|-resisted|p1a: Barraskewda
|-damage|p1a: Barraskewda|50/100
|
|-heal|p2a: Tentacruel|27/100|[from] item: Black Sludge
|upkeep
|turn|14
|
|t:|1597338363
|move|p1a: Barraskewda|Liquidation|p2a: Tentacruel
|-resisted|p2a: Tentacruel
|-damage|p2a: Tentacruel|0 fnt
|faint|p2a: Tentacruel
|
|upkeep
|
|t:|1597338370
|switch|p2a: Umbreon|Umbreon, F|88/100
|turn|15
|
|t:|1597338374
|move|p1a: Barraskewda|Liquidation|p2a: Umbreon
|-damage|p2a: Umbreon|32/100
|move|p2a: Umbreon|Wish|p2a: Umbreon
|
|-heal|p2a: Umbreon|38/100|[from] item: Leftovers
|upkeep
|turn|16
|
|t:|1597338385
|move|p2a: Umbreon|Protect|p2a: Umbreon
|-singleturn|p2a: Umbreon|Protect
|move|p1a: Barraskewda|Liquidation|p2a: Umbreon
|-activate|p2a: Umbreon|move: Protect
|
|-heal|p2a: Umbreon|88/100|[from] move: Wish|[wisher] Umbreon
|-heal|p2a: Umbreon|94/100|[from] item: Leftovers
|upkeep
|turn|17
|
|t:|1597338386
|move|p1a: Barraskewda|Liquidation|p2a: Umbreon
|-damage|p2a: Umbreon|35/100
|move|p2a: Umbreon|Foul Play|p1a: Barraskewda
|-damage|p1a: Barraskewda|0 fnt
|faint|p1a: Barraskewda
|
|-heal|p2a: Umbreon|41/100|[from] item: Leftovers
|upkeep
|
|t:|1597338392
|switch|p1a: Scyther|Scyther, M|100/100
|turn|18
|
|t:|1597338395
|switch|p2a: Scyther|Scyther, M|84/100
|move|p1a: Scyther|U-turn|p2a: Scyther
|-resisted|p2a: Scyther
|-damage|p2a: Scyther|60/100
|
|t:|1597338397
|switch|p1a: Toxtricity|Toxtricity-Low-Key, F|65/100|[from]move: U-turn
|
|upkeep
|turn|19
|
|t:|1597338403
|move|p1a: Toxtricity|Volt Switch|p2a: Scyther
|-supereffective|p2a: Scyther
|-damage|p2a: Scyther|0 fnt
|faint|p2a: Scyther
|
|t:|1597338408
|switch|p1a: Scyther|Scyther, M|100/100|[from]move: Volt Switch
|
|upkeep
|
|t:|1597338411
|switch|p2a: Jirachi|Jirachi|100/100
|turn|20
|
|t:|1597338414
|move|p1a: Scyther|U-turn|p2a: Jirachi
|-damage|p2a: Jirachi|66/100
|l| SantiTheKid
|
|t:|1597338417
|switch|p1a: Jirachi|Jirachi|100/100|[from]move: U-turn
|move|p2a: Jirachi|U-turn|p1a: Jirachi
|-damage|p1a: Jirachi|85/100
|
|t:|1597338422
|switch|p2a: Umbreon|Umbreon, F|41/100|[from]move: U-turn
|
|-heal|p1a: Jirachi|92/100|[from] item: Leftovers
|-heal|p2a: Umbreon|47/100|[from] item: Leftovers
|upkeep
|turn|21
|
|t:|1597338427
|move|p1a: Jirachi|Toxic|p2a: Umbreon
|-status|p2a: Umbreon|tox
|-activate|p2a: Umbreon|ability: Synchronize
|-immune|p1a: Jirachi
|move|p2a: Umbreon|Wish|p2a: Umbreon
|
|-heal|p1a: Jirachi|98/100|[from] item: Leftovers
|-heal|p2a: Umbreon|54/100 tox|[from] item: Leftovers
|-damage|p2a: Umbreon|47/100 tox|[from] psn
|upkeep
|turn|22
|
|t:|1597338434
|move|p1a: Jirachi|Wish|p1a: Jirachi
|move|p2a: Umbreon|Heal Bell|p2a: Umbreon
|-activate|p2a: Umbreon|move: Heal Bell
|-curestatus|p2a: Umbreon|tox|[msg]
|
|-heal|p2a: Umbreon|97/100|[from] move: Wish|[wisher] Umbreon
|-heal|p1a: Jirachi|100/100|[from] item: Leftovers
|-heal|p2a: Umbreon|100/100|[from] item: Leftovers
|upkeep
|turn|23
|j| KaenSoul
|
|t:|1597338439
|move|p1a: Jirachi|Toxic|p2a: Umbreon|[miss]
|-miss|p1a: Jirachi|p2a: Umbreon
|move|p2a: Umbreon|Foul Play|p1a: Jirachi
|-supereffective|p1a: Jirachi
|-crit|p1a: Jirachi
|-damage|p1a: Jirachi|22/100
|
|-heal|p1a: Jirachi|72/100|[from] move: Wish|[wisher] Jirachi
|-heal|p1a: Jirachi|78/100|[from] item: Leftovers
|upkeep
|turn|24
|
|t:|1597338444
|switch|p2a: Jirachi|Jirachi|66/100
|move|p1a: Jirachi|Toxic|p2a: Jirachi
|-immune|p2a: Jirachi
|
|-heal|p2a: Jirachi|72/100|[from] item: Leftovers
|-heal|p1a: Jirachi|84/100|[from] item: Leftovers
|upkeep
|turn|25
|
|t:|1597338447
|move|p2a: Jirachi|Iron Head|p1a: Jirachi
|-resisted|p1a: Jirachi
|-damage|p1a: Jirachi|71/100
|cant|p1a: Jirachi|flinch
|
|-heal|p2a: Jirachi|79/100|[from] item: Leftovers
|-heal|p1a: Jirachi|77/100|[from] item: Leftovers
|upkeep
|turn|26
|
|t:|1597338451
|switch|p1a: Scyther|Scyther, M|100/100
|move|p2a: Jirachi|Thunder Wave|p1a: Scyther
|-status|p1a: Scyther|par
|
|-heal|p2a: Jirachi|85/100|[from] item: Leftovers
|upkeep
|turn|27
|
|t:|1597338454
|move|p2a: Jirachi|Iron Head|p1a: Scyther
|-damage|p1a: Scyther|57/100 par
|move|p1a: Scyther|U-turn|p2a: Jirachi
|-damage|p2a: Jirachi|53/100
|
|t:|1597338458
|switch|p1a: Toxtricity|Toxtricity-Low-Key, F|65/100|[from]move: U-turn
|
|-heal|p2a: Jirachi|59/100|[from] item: Leftovers
|upkeep
|turn|28
|
|t:|1597338466
|move|p1a: Toxtricity|Volt Switch|p2a: Jirachi
|-crit|p2a: Jirachi
|-damage|p2a: Jirachi|8/100
|
|t:|1597338470
|switch|p1a: Scyther|Scyther, M|57/100 par|[from]move: Volt Switch
|move|p2a: Jirachi|Iron Head|p1a: Scyther
|-damage|p1a: Scyther|13/100 par
|
|-heal|p2a: Jirachi|14/100|[from] item: Leftovers
|upkeep
|turn|29
|
|t:|1597338472
|cant|p1a: Scyther|par
|move|p2a: Jirachi|Iron Head|p1a: Scyther
|-damage|p1a: Scyther|0 fnt
|faint|p1a: Scyther
|
|-heal|p2a: Jirachi|20/100|[from] item: Leftovers
|upkeep
|
|t:|1597338475
|switch|p1a: Toxtricity|Toxtricity-Low-Key, F|65/100
|turn|30
|
|t:|1597338478
|move|p1a: Toxtricity|Volt Switch|p2a: Jirachi
|-damage|p2a: Jirachi|0 fnt
|faint|p2a: Jirachi
|
|t:|1597338481
|switch|p1a: Jirachi|Jirachi|77/100|[from]move: Volt Switch
|
|-heal|p1a: Jirachi|83/100|[from] item: Leftovers
|upkeep
|
|t:|1597338485
|switch|p2a: Umbreon|Umbreon, F|100/100
|turn|31
|
|t:|1597338488
|move|p1a: Jirachi|Wish|p1a: Jirachi
|move|p2a: Umbreon|Foul Play|p1a: Jirachi
|-supereffective|p1a: Jirachi
|-damage|p1a: Jirachi|26/100
|
|-heal|p1a: Jirachi|33/100|[from] item: Leftovers
|upkeep
|turn|32
|
|t:|1597338495
|move|p1a: Jirachi|Protect|p1a: Jirachi
|-singleturn|p1a: Jirachi|Protect
|move|p2a: Umbreon|Foul Play|p1a: Jirachi
|-activate|p1a: Jirachi|move: Protect
|
|-heal|p1a: Jirachi|83/100|[from] move: Wish|[wisher] Jirachi
|-heal|p1a: Jirachi|89/100|[from] item: Leftovers
|upkeep
|turn|33
|
|t:|1597338500
|move|p1a: Jirachi|Wish|p1a: Jirachi
|move|p2a: Umbreon|Foul Play|p1a: Jirachi
|-supereffective|p1a: Jirachi
|-damage|p1a: Jirachi|30/100
|
|-heal|p1a: Jirachi|37/100|[from] item: Leftovers
|upkeep
|turn|34
|
|t:|1597338505
|move|p1a: Jirachi|Protect|p1a: Jirachi
|-singleturn|p1a: Jirachi|Protect
|move|p2a: Umbreon|Foul Play|p1a: Jirachi
|-activate|p1a: Jirachi|move: Protect
|
|-heal|p1a: Jirachi|87/100|[from] move: Wish|[wisher] Jirachi
|-heal|p1a: Jirachi|93/100|[from] item: Leftovers
|upkeep
|turn|35
|
|t:|1597338513
|move|p1a: Jirachi|Wish|p1a: Jirachi
|move|p2a: Umbreon|Foul Play|p1a: Jirachi
|-supereffective|p1a: Jirachi
|-damage|p1a: Jirachi|40/100
|
|-heal|p1a: Jirachi|47/100|[from] item: Leftovers
|upkeep
|turn|36
|
|t:|1597338519
|move|p1a: Jirachi|Protect|p1a: Jirachi
|-singleturn|p1a: Jirachi|Protect
|move|p2a: Umbreon|Heal Bell||[still]
|-activate|p2a: Umbreon|move: Heal Bell
|-fail|p2a: Umbreon
|
|-heal|p1a: Jirachi|97/100|[from] move: Wish|[wisher] Jirachi
|-heal|p1a: Jirachi|100/100|[from] item: Leftovers
|upkeep
|turn|37
|
|t:|1597338525
|move|p2a: Umbreon|Protect|p2a: Umbreon
|-singleturn|p2a: Umbreon|Protect
|move|p1a: Jirachi|Wish|p1a: Jirachi
|
|upkeep
|turn|38
|
|t:|1597338528
|move|p1a: Jirachi|Toxic|p2a: Umbreon
|-status|p2a: Umbreon|tox
|-activate|p2a: Umbreon|ability: Synchronize
|-immune|p1a: Jirachi
|move|p2a: Umbreon|Foul Play|p1a: Jirachi
|-supereffective|p1a: Jirachi
|-damage|p1a: Jirachi|45/100
|
|-heal|p1a: Jirachi|95/100|[from] move: Wish|[wisher] Jirachi
|-heal|p1a: Jirachi|100/100|[from] item: Leftovers
|-damage|p2a: Umbreon|94/100 tox|[from] psn
|upkeep
|turn|39
|
|t:|1597338535
|move|p1a: Jirachi|Iron Head|p2a: Umbreon
|-damage|p2a: Umbreon|73/100 tox
|move|p2a: Umbreon|Heal Bell|p2a: Umbreon
|-activate|p2a: Umbreon|move: Heal Bell
|-curestatus|p2a: Umbreon|tox|[msg]
|
|-heal|p2a: Umbreon|79/100|[from] item: Leftovers
|upkeep
|turn|40
|
|t:|1597338541
|move|p1a: Jirachi|Protect|p1a: Jirachi
|-singleturn|p1a: Jirachi|Protect
|move|p2a: Umbreon|Protect||[still]
|-fail|p2a: Umbreon
|
|-heal|p2a: Umbreon|85/100|[from] item: Leftovers
|upkeep
|turn|41
|
|t:|1597338546
|move|p1a: Jirachi|Wish|p1a: Jirachi
|move|p2a: Umbreon|Wish|p2a: Umbreon
|
|-heal|p2a: Umbreon|91/100|[from] item: Leftovers
|upkeep
|turn|42
|
|t:|1597338553
|move|p2a: Umbreon|Protect|p2a: Umbreon
|-singleturn|p2a: Umbreon|Protect
|move|p1a: Jirachi|Toxic|p2a: Umbreon
|-activate|p2a: Umbreon|move: Protect
|
|-heal|p2a: Umbreon|100/100|[from] move: Wish|[wisher] Umbreon
|upkeep
|turn|43
|
|t:|1597338556
|move|p1a: Jirachi|Toxic|p2a: Umbreon
|-status|p2a: Umbreon|tox
|-activate|p2a: Umbreon|ability: Synchronize
|-immune|p1a: Jirachi
|move|p2a: Umbreon|Foul Play|p1a: Jirachi
|-supereffective|p1a: Jirachi
|-damage|p1a: Jirachi|44/100
|
|-heal|p1a: Jirachi|50/100|[from] item: Leftovers
|-damage|p2a: Umbreon|94/100 tox|[from] psn
|upkeep
|turn|44
|
|t:|1597338563
|move|p1a: Jirachi|Protect|p1a: Jirachi
|-singleturn|p1a: Jirachi|Protect
|move|p2a: Umbreon|Foul Play|p1a: Jirachi
|-activate|p1a: Jirachi|move: Protect
|
|-heal|p1a: Jirachi|56/100|[from] item: Leftovers
|-heal|p2a: Umbreon|100/100 tox|[from] item: Leftovers
|-damage|p2a: Umbreon|88/100 tox|[from] psn
|upkeep
|turn|45
|
|t:|1597338566
|switch|p1a: Toxtricity|Toxtricity-Low-Key, F|65/100
|move|p2a: Umbreon|Heal Bell|p2a: Umbreon
|-activate|p2a: Umbreon|move: Heal Bell
|-curestatus|p2a: Umbreon|tox|[msg]
|
|-heal|p2a: Umbreon|94/100|[from] item: Leftovers
|upkeep
|turn|46
|
|t:|1597338569
|move|p1a: Toxtricity|Boomburst|p2a: Umbreon
|-damage|p2a: Umbreon|61/100
|move|p2a: Umbreon|Foul Play|p1a: Toxtricity
|-damage|p1a: Toxtricity|26/100
|
|-heal|p2a: Umbreon|67/100|[from] item: Leftovers
|upkeep
|turn|47
|
|t:|1597338576
|move|p1a: Toxtricity|Boomburst|p2a: Umbreon
|-damage|p2a: Umbreon|32/100
|move|p2a: Umbreon|Wish|p2a: Umbreon
|
|-heal|p2a: Umbreon|38/100|[from] item: Leftovers
|upkeep
|turn|48
|
|t:|1597338579
|move|p2a: Umbreon|Protect|p2a: Umbreon
|-singleturn|p2a: Umbreon|Protect
|move|p1a: Toxtricity|Boomburst|p2a: Umbreon
|-activate|p2a: Umbreon|move: Protect
|
|-heal|p2a: Umbreon|88/100|[from] move: Wish|[wisher] Umbreon
|-heal|p2a: Umbreon|94/100|[from] item: Leftovers
|upkeep
|turn|49
|
|t:|1597338581
|move|p1a: Toxtricity|Boomburst|p2a: Umbreon
|-damage|p2a: Umbreon|59/100
|move|p2a: Umbreon|Foul Play|p1a: Toxtricity
|-damage|p1a: Toxtricity|0 fnt
|faint|p1a: Toxtricity
|
|-heal|p2a: Umbreon|65/100|[from] item: Leftovers
|upkeep
|
|t:|1597338585
|switch|p1a: Jirachi|Jirachi|56/100
|turn|50
|
|t:|1597338589
|move|p1a: Jirachi|Protect|p1a: Jirachi
|-singleturn|p1a: Jirachi|Protect
|move|p2a: Umbreon|Wish|p2a: Umbreon
|
|-heal|p1a: Jirachi|63/100|[from] item: Leftovers
|-heal|p2a: Umbreon|71/100|[from] item: Leftovers
|upkeep
|turn|51
|
|t:|1597338592
|move|p2a: Umbreon|Protect|p2a: Umbreon
|-singleturn|p2a: Umbreon|Protect
|move|p1a: Jirachi|Wish|p1a: Jirachi
|
|-heal|p2a: Umbreon|100/100|[from] move: Wish|[wisher] Umbreon
|-heal|p1a: Jirachi|69/100|[from] item: Leftovers
|upkeep
|turn|52
|
|t:|1597338597
|move|p1a: Jirachi|Toxic|p2a: Umbreon
|-status|p2a: Umbreon|tox
|-activate|p2a: Umbreon|ability: Synchronize
|-immune|p1a: Jirachi
|move|p2a: Umbreon|Foul Play|p1a: Jirachi
|-supereffective|p1a: Jirachi
|-damage|p1a: Jirachi|11/100
|
|-heal|p1a: Jirachi|61/100|[from] move: Wish|[wisher] Jirachi
|-heal|p1a: Jirachi|67/100|[from] item: Leftovers
|-damage|p2a: Umbreon|94/100 tox|[from] psn
|upkeep
|turn|53
|
|t:|1597338608
|move|p1a: Jirachi|Iron Head|p2a: Umbreon
|-damage|p2a: Umbreon|74/100 tox
|move|p2a: Umbreon|Heal Bell|p2a: Umbreon
|-activate|p2a: Umbreon|move: Heal Bell
|-curestatus|p2a: Umbreon|tox|[msg]
|
|-heal|p1a: Jirachi|73/100|[from] item: Leftovers
|-heal|p2a: Umbreon|80/100|[from] item: Leftovers
|upkeep
|turn|54
|
|t:|1597338614
|move|p2a: Umbreon|Protect|p2a: Umbreon
|-singleturn|p2a: Umbreon|Protect
|move|p1a: Jirachi|Wish|p1a: Jirachi
|
|-heal|p1a: Jirachi|79/100|[from] item: Leftovers
|-heal|p2a: Umbreon|86/100|[from] item: Leftovers
|upkeep
|turn|55
|
|t:|1597338620
|move|p1a: Jirachi|Toxic|p2a: Umbreon
|-status|p2a: Umbreon|tox
|-activate|p2a: Umbreon|ability: Synchronize
|-immune|p1a: Jirachi
|move|p2a: Umbreon|Wish|p2a: Umbreon
|
|-heal|p1a: Jirachi|100/100|[from] move: Wish|[wisher] Jirachi
|-heal|p2a: Umbreon|92/100 tox|[from] item: Leftovers
|-damage|p2a: Umbreon|86/100 tox|[from] psn
|upkeep
|turn|56
|
|t:|1597338627
|move|p1a: Jirachi|Iron Head|p2a: Umbreon
|-damage|p2a: Umbreon|62/100 tox
|cant|p2a: Umbreon|flinch
|
|-heal|p2a: Umbreon|100/100 tox|[from] move: Wish|[wisher] Umbreon
|-damage|p2a: Umbreon|88/100 tox|[from] psn
|upkeep
|turn|57
|
|t:|1597338631
|move|p1a: Jirachi|Iron Head|p2a: Umbreon
|-damage|p2a: Umbreon|66/100 tox
|move|p2a: Umbreon|Heal Bell|p2a: Umbreon
|-activate|p2a: Umbreon|move: Heal Bell
|-curestatus|p2a: Umbreon|tox|[msg]
|
|-heal|p2a: Umbreon|72/100|[from] item: Leftovers
|upkeep
|turn|58
|
|t:|1597338635
|move|p2a: Umbreon|Protect|p2a: Umbreon
|-singleturn|p2a: Umbreon|Protect
|move|p1a: Jirachi|Wish|p1a: Jirachi
|
|-heal|p2a: Umbreon|78/100|[from] item: Leftovers
|upkeep
|turn|59
|
|t:|1597338640
|move|p1a: Jirachi|Toxic|p2a: Umbreon
|-status|p2a: Umbreon|tox
|-activate|p2a: Umbreon|ability: Synchronize
|-immune|p1a: Jirachi
|move|p2a: Umbreon|Foul Play|p1a: Jirachi
|-supereffective|p1a: Jirachi
|-damage|p1a: Jirachi|47/100
|
|-heal|p1a: Jirachi|97/100|[from] move: Wish|[wisher] Jirachi
|-heal|p1a: Jirachi|100/100|[from] item: Leftovers
|-heal|p2a: Umbreon|85/100 tox|[from] item: Leftovers
|-damage|p2a: Umbreon|78/100 tox|[from] psn
|upkeep
|turn|60
|
|t:|1597338649
|move|p1a: Jirachi|Iron Head|p2a: Umbreon
|-damage|p2a: Umbreon|58/100 tox
|cant|p2a: Umbreon|flinch
|
|-heal|p2a: Umbreon|64/100 tox|[from] item: Leftovers
|-damage|p2a: Umbreon|52/100 tox|[from] psn
|upkeep
|turn|61
|
|t:|1597338655
|move|p1a: Jirachi|Iron Head|p2a: Umbreon
|-damage|p2a: Umbreon|30/100 tox
|move|p2a: Umbreon|Heal Bell|p2a: Umbreon
|-activate|p2a: Umbreon|move: Heal Bell
|-curestatus|p2a: Umbreon|tox|[msg]
|
|-heal|p2a: Umbreon|37/100|[from] item: Leftovers
|upkeep
|turn|62
|
|t:|1597338659
|move|p1a: Jirachi|Wish|p1a: Jirachi
|move|p2a: Umbreon|Wish|p2a: Umbreon
|
|-heal|p2a: Umbreon|43/100|[from] item: Leftovers
|upkeep
|turn|63
|
|t:|1597338663
|move|p2a: Umbreon|Protect|p2a: Umbreon
|-singleturn|p2a: Umbreon|Protect
|move|p1a: Jirachi|Toxic|p2a: Umbreon
|-activate|p2a: Umbreon|move: Protect
|
|-heal|p2a: Umbreon|93/100|[from] move: Wish|[wisher] Umbreon
|-heal|p2a: Umbreon|99/100|[from] item: Leftovers
|upkeep
|turn|64
|
|t:|1597338669
|move|p2a: Umbreon|Protect||[still]
|-fail|p2a: Umbreon
|move|p1a: Jirachi|Wish|p1a: Jirachi
|
|-heal|p2a: Umbreon|100/100|[from] item: Leftovers
|upkeep
|turn|65
|
|t:|1597338677
|move|p1a: Jirachi|Toxic|p2a: Umbreon
|-status|p2a: Umbreon|tox
|-activate|p2a: Umbreon|ability: Synchronize
|-immune|p1a: Jirachi
|move|p2a: Umbreon|Foul Play|p1a: Jirachi
|-supereffective|p1a: Jirachi
|-damage|p1a: Jirachi|44/100
|
|-heal|p1a: Jirachi|94/100|[from] move: Wish|[wisher] Jirachi
|-heal|p1a: Jirachi|99/100|[from] item: Leftovers
|-damage|p2a: Umbreon|94/100 tox|[from] psn
|upkeep
|turn|66
|
|t:|1597338688
|move|p1a: Jirachi|Wish|p1a: Jirachi
|move|p2a: Umbreon|Foul Play|p1a: Jirachi
|-supereffective|p1a: Jirachi
|-damage|p1a: Jirachi|40/100
|
|-heal|p1a: Jirachi|47/100|[from] item: Leftovers
|-heal|p2a: Umbreon|100/100 tox|[from] item: Leftovers
|-damage|p2a: Umbreon|88/100 tox|[from] psn
|upkeep
|turn|67
|
|t:|1597338693
|move|p1a: Jirachi|Iron Head|p2a: Umbreon
|-damage|p2a: Umbreon|67/100 tox
|cant|p2a: Umbreon|flinch
|
|-heal|p1a: Jirachi|97/100|[from] move: Wish|[wisher] Jirachi
|-heal|p1a: Jirachi|100/100|[from] item: Leftovers
|-heal|p2a: Umbreon|73/100 tox|[from] item: Leftovers
|-damage|p2a: Umbreon|55/100 tox|[from] psn
|upkeep
|turn|68
|
|t:|1597338697
|move|p1a: Jirachi|Iron Head|p2a: Umbreon
|-damage|p2a: Umbreon|32/100 tox
|move|p2a: Umbreon|Heal Bell|p2a: Umbreon
|-activate|p2a: Umbreon|move: Heal Bell
|-curestatus|p2a: Umbreon|tox|[msg]
|
|-heal|p2a: Umbreon|38/100|[from] item: Leftovers
|upkeep
|turn|69
|
|t:|1597338701
|move|p2a: Umbreon|Protect|p2a: Umbreon
|-singleturn|p2a: Umbreon|Protect
|move|p1a: Jirachi|Toxic|p2a: Umbreon
|-activate|p2a: Umbreon|move: Protect
|
|-heal|p2a: Umbreon|44/100|[from] item: Leftovers
|upkeep
|turn|70
|c| MaDoG1418|you maniac
|
|t:|1597338711
|move|p1a: Jirachi|Wish|p1a: Jirachi
|move|p2a: Umbreon|Wish|p2a: Umbreon
|
|-heal|p2a: Umbreon|50/100|[from] item: Leftovers
|upkeep
|turn|71
|
|t:|1597338714
|move|p2a: Umbreon|Protect|p2a: Umbreon
|-singleturn|p2a: Umbreon|Protect
|move|p1a: Jirachi|Toxic|p2a: Umbreon
|-activate|p2a: Umbreon|move: Protect
|
|-heal|p2a: Umbreon|99/100|[from] move: Wish|[wisher] Umbreon
|-heal|p2a: Umbreon|100/100|[from] item: Leftovers
|upkeep
|turn|72
|
|t:|1597338717
|move|p1a: Jirachi|Toxic|p2a: Umbreon
|-status|p2a: Umbreon|tox
|-activate|p2a: Umbreon|ability: Synchronize
|-immune|p1a: Jirachi
|move|p2a: Umbreon|Foul Play|p1a: Jirachi
|-supereffective|p1a: Jirachi
|-damage|p1a: Jirachi|47/100
|
|-heal|p1a: Jirachi|53/100|[from] item: Leftovers
|-damage|p2a: Umbreon|94/100 tox|[from] psn
|upkeep
|turn|73
|
|t:|1597338725
|move|p1a: Jirachi|Protect|p1a: Jirachi
|-singleturn|p1a: Jirachi|Protect
|move|p2a: Umbreon|Foul Play|p1a: Jirachi
|-activate|p1a: Jirachi|move: Protect
|
|-heal|p1a: Jirachi|59/100|[from] item: Leftovers
|-heal|p2a: Umbreon|100/100 tox|[from] item: Leftovers
|-damage|p2a: Umbreon|88/100 tox|[from] psn
|upkeep
|turn|74
|
|t:|1597338734
|move|p1a: Jirachi|Wish|p1a: Jirachi
|move|p2a: Umbreon|Foul Play|p1a: Jirachi
|-supereffective|p1a: Jirachi
|-damage|p1a: Jirachi|1/100
|
|-heal|p1a: Jirachi|7/100|[from] item: Leftovers
|-heal|p2a: Umbreon|94/100 tox|[from] item: Leftovers
|-damage|p2a: Umbreon|76/100 tox|[from] psn
|upkeep
|turn|75
|
|t:|1597338739
|move|p1a: Jirachi|Protect|p1a: Jirachi
|-singleturn|p1a: Jirachi|Protect
|move|p2a: Umbreon|Foul Play|p1a: Jirachi
|-activate|p1a: Jirachi|move: Protect
|
|-heal|p1a: Jirachi|57/100|[from] move: Wish|[wisher] Jirachi
|-heal|p1a: Jirachi|63/100|[from] item: Leftovers
|-heal|p2a: Umbreon|82/100 tox|[from] item: Leftovers
|-damage|p2a: Umbreon|58/100 tox|[from] psn
|upkeep
|turn|76
|
|t:|1597338743
|move|p1a: Jirachi|Wish|p1a: Jirachi
|move|p2a: Umbreon|Wish|p2a: Umbreon
|
|-heal|p1a: Jirachi|70/100|[from] item: Leftovers
|-heal|p2a: Umbreon|64/100 tox|[from] item: Leftovers
|-damage|p2a: Umbreon|33/100 tox|[from] psn
|upkeep
|turn|77
|
|t:|1597338747
|move|p1a: Jirachi|Iron Head|p2a: Umbreon
|-damage|p2a: Umbreon|10/100 tox
|cant|p2a: Umbreon|flinch
|
|-heal|p1a: Jirachi|100/100|[from] move: Wish|[wisher] Jirachi
|-heal|p2a: Umbreon|60/100 tox|[from] move: Wish|[wisher] Umbreon
|-heal|p2a: Umbreon|66/100 tox|[from] item: Leftovers
|-damage|p2a: Umbreon|29/100 tox|[from] psn
|upkeep
|turn|78
|
|t:|1597338754
|move|p1a: Jirachi|Iron Head|p2a: Umbreon
|-damage|p2a: Umbreon|8/100 tox
|move|p2a: Umbreon|Foul Play|p1a: Jirachi
|-supereffective|p1a: Jirachi
|-damage|p1a: Jirachi|50/100
|
|-heal|p1a: Jirachi|56/100|[from] item: Leftovers
|-heal|p2a: Umbreon|14/100 tox|[from] item: Leftovers
|-damage|p2a: Umbreon|0 fnt|[from] psn
|faint|p2a: Umbreon
|
|win|Kingbrick
|upkeep
