|j|☆Totem skarm
|j|☆Boost Swoosh
|t:|1603388744
|player|p1|Totem skarm|youngster-gen7|1663
|player|p2|Boost Swoosh|teamrocket|1643
|teamsize|p1|6
|teamsize|p2|6
|gametype|singles
|gen|8
|tier|[Gen 8] UU
|rated|
|clearpoke
|poke|p1|Necrozma|
|poke|p1|Noivern, F|
|poke|p1|Decidueye, M|
|poke|p1|Sylveon, M|
|poke|p1|Cobalion|
|poke|p1|Keldeo-Resolute|
|poke|p2|Celebi|
|poke|p2|Polteageist|
|poke|p2|Rotom-Wash|
|poke|p2|Cobalion|
|poke|p2|Incineroar, F|
|poke|p2|Indeedee-F, F|
|rule|Sleep Clause Mod: Limit one foe put to sleep
|rule|Species Clause: Limit one of each Pokémon
|rule|OHKO Clause: OHKO moves are banned
|rule|Evasion Moves Clause: Evasion moves are banned
|rule|Endless Battle Clause: Forcing endless battles is banned
|rule|HP Percentage Mod: HP is shown in percentages
|rule|Dynamax Clause: You cannot dynamax
|teampreview
|inactive|Battle timer is ON: inactive players will automatically lose when time's up. (requested by Boost Swoosh)
|c|☆Totem skarm|hf
|
|t:|1603388765
|start
|switch|p1a: Sylveon|Sylveon, M|100/100
|switch|p2a: Indeedee|Indeedee-F, F|100/100
|-fieldstart|move: Psychic Terrain|[from] ability: Psychic Surge|[of] p2a: Indeedee
|turn|1
|
|t:|1603388789
|switch|p2a: Cobalion|Cobalion|100/100
|move|p1a: Sylveon|Hyper Voice|p2a: Cobalion
|-damage|p2a: Cobalion|47/100
|
|upkeep
|turn|2
|
|t:|1603388798
|switch|p1a: Noivern|Noivern, F|100/100
|move|p2a: Cobalion|Iron Head|p1a: Noivern
|-damage|p1a: Noivern|57/100
|
|upkeep
|turn|3
|
|t:|1603388804
|switch|p2a: Rotom|Rotom-Wash|100/100
|move|p1a: Noivern|Hurricane|p2a: Rotom
|-resisted|p2a: Rotom
|-damage|p2a: Rotom|67/100
|-start|p2a: Rotom|confusion
|-damage|p1a: Noivern|47/100|[from] item: Life Orb
|
|upkeep
|turn|4
|
|t:|1603388816
|move|p1a: Noivern|Roost|p1a: Noivern
|-heal|p1a: Noivern|97/100
|-singleturn|p1a: Noivern|move: Roost
|-activate|p2a: Rotom|confusion
|move|p2a: Rotom|Thunder Wave|p1a: Noivern
|-status|p1a: Noivern|par
|
|upkeep
|turn|5
|
|t:|1603388827
|switch|p1a: Sylveon|Sylveon, M|100/100
|-activate|p2a: Rotom|confusion
|move|p2a: Rotom|Volt Switch|p1a: Sylveon
|-damage|p1a: Sylveon|84/100
|
|t:|1603388832
|switch|p2a: Cobalion|Cobalion|47/100|[from]move: Volt Switch
|
|-heal|p1a: Sylveon|90/100|[from] item: Leftovers
|-fieldend|move: Psychic Terrain
|upkeep
|turn|6
|
|t:|1603388843
|move|p2a: Cobalion|Iron Head|p1a: Sylveon
|-supereffective|p1a: Sylveon
|-damage|p1a: Sylveon|36/100
|move|p1a: Sylveon|Heal Bell|p1a: Sylveon
|-activate|p1a: Sylveon|move: Heal Bell
|-curestatus|p1: Noivern|par|[msg]
|
|-heal|p1a: Sylveon|42/100|[from] item: Leftovers
|upkeep
|turn|7
|
|t:|1603388850
|switch|p1a: Cobalion|Cobalion|100/100
|move|p2a: Cobalion|Stealth Rock|p1a: Cobalion
|-sidestart|p1: Totem skarm|move: Stealth Rock
|
|upkeep
|turn|8
|
|t:|1603388862
|move|p1a: Cobalion|Stealth Rock|p2a: Cobalion
|-sidestart|p2: Boost Swoosh|move: Stealth Rock
|move|p2a: Cobalion|Close Combat|p1a: Cobalion
|-supereffective|p1a: Cobalion
|-damage|p1a: Cobalion|14/100
|-unboost|p2a: Cobalion|def|1
|-unboost|p2a: Cobalion|spd|1
|-damage|p2a: Cobalion|31/100|[from] item: Rocky Helmet|[of] p1a: Cobalion
|
|upkeep
|turn|9
|
|t:|1603388871
|move|p1a: Cobalion|Close Combat|p2a: Cobalion
|-supereffective|p2a: Cobalion
|-enditem|p2a: Cobalion|Chople Berry|[eat]
|-enditem|p2a: Cobalion|Chople Berry|[weaken]
|-damage|p2a: Cobalion|0 fnt
|-unboost|p1a: Cobalion|def|1
|-unboost|p1a: Cobalion|spd|1
|faint|p2a: Cobalion
|
|upkeep
|
|t:|1603388876
|switch|p2a: Indeedee|Indeedee-F, F|100/100
|-damage|p2a: Indeedee|88/100|[from] Stealth Rock
|-fieldstart|move: Psychic Terrain|[from] ability: Psychic Surge|[of] p2a: Indeedee
|turn|10
|
|t:|1603388880
|move|p2a: Indeedee|Expanding Force|p1a: Cobalion
|-damage|p1a: Cobalion|0 fnt
|faint|p1a: Cobalion
|
|upkeep
|
|t:|1603388889
|switch|p1a: Necrozma|Necrozma|100/100
|-damage|p1a: Necrozma|88/100|[from] Stealth Rock
|turn|11
|inactive|Boost Swoosh has 120 seconds left.
|
|t:|1603388946
|switch|p2a: Celebi|Celebi|100/100
|-damage|p2a: Celebi|88/100|[from] Stealth Rock
|switch|p1a: Keldeo|Keldeo-Resolute|100/100
|-damage|p1a: Keldeo|94/100|[from] Stealth Rock
|
|upkeep
|turn|12
|
|t:|1603388957
|switch|p1a: Noivern|Noivern, F|97/100
|-damage|p1a: Noivern|72/100|[from] Stealth Rock
|move|p2a: Celebi|Psychic|p1a: Noivern
|-damage|p1a: Noivern|0 fnt
|-damage|p2a: Celebi|78/100|[from] item: Life Orb
|faint|p1a: Noivern
|
|upkeep
|
|t:|1603388962
|switch|p1a: Decidueye|Decidueye, M|100/100
|turn|13
|
|t:|1603388968
|switch|p2a: Incineroar|Incineroar, F|100/100
|-ability|p2a: Incineroar|Intimidate|boost
|-unboost|p1a: Decidueye|atk|1
|move|p1a: Decidueye|Poltergeist|p2a: Incineroar
|-activate|p2a: Incineroar|move: Poltergeist|Heavy-Duty Boots
|-resisted|p2a: Incineroar
|-damage|p2a: Incineroar|81/100
|
|upkeep
|turn|14
|
|t:|1603388979
|switch|p1a: Sylveon|Sylveon, M|42/100
|-damage|p1a: Sylveon|29/100|[from] Stealth Rock
|move|p2a: Incineroar|Knock Off|p1a: Sylveon
|-resisted|p1a: Sylveon
|-damage|p1a: Sylveon|12/100
|-enditem|p1a: Sylveon|Leftovers|[from] move: Knock Off|[of] p2a: Incineroar
|
|-fieldend|move: Psychic Terrain
|upkeep
|turn|15
|
|t:|1603388983
|move|p2a: Incineroar|Knock Off|p1a: Sylveon
|-resisted|p1a: Sylveon
|-damage|p1a: Sylveon|0 fnt
|faint|p1a: Sylveon
|
|upkeep
|
|t:|1603388987
|switch|p1a: Keldeo|Keldeo-Resolute|94/100
|-damage|p1a: Keldeo|88/100|[from] Stealth Rock
|turn|16
|inactive|Boost Swoosh has 120 seconds left.
|
|t:|1603388998
|switch|p2a: Rotom|Rotom-Wash|67/100
|-damage|p2a: Rotom|54/100|[from] Stealth Rock
|move|p1a: Keldeo|Scald|p2a: Rotom
|-resisted|p2a: Rotom
|-damage|p2a: Rotom|23/100
|
|upkeep
|turn|17
|inactive|Boost Swoosh has 120 seconds left.
|
|t:|1603389016
|move|p1a: Keldeo|Scald|p2a: Rotom
|-resisted|p2a: Rotom
|-damage|p2a: Rotom|0 fnt
|faint|p2a: Rotom
|
|upkeep
|
|t:|1603389029
|switch|p2a: Indeedee|Indeedee-F, F|88/100
|-damage|p2a: Indeedee|76/100|[from] Stealth Rock
|-fieldstart|move: Psychic Terrain|[from] ability: Psychic Surge|[of] p2a: Indeedee
|turn|18
|
|t:|1603389035
|switch|p1a: Decidueye|Decidueye, M|100/100
|move|p2a: Indeedee|Expanding Force|p1a: Decidueye
|-damage|p1a: Decidueye|19/100
|
|upkeep
|turn|19
|
|t:|1603389044
|move|p2a: Indeedee|Expanding Force|p1a: Decidueye
|-damage|p1a: Decidueye|0 fnt
|faint|p1a: Decidueye
|
|upkeep
|
|t:|1603389046
|switch|p1a: Necrozma|Necrozma|88/100
|-damage|p1a: Necrozma|76/100|[from] Stealth Rock
|turn|20
|
|t:|1603389048
|switch|p2a: Incineroar|Incineroar, F|81/100
|-ability|p2a: Incineroar|Intimidate|boost
|-unboost|p1a: Necrozma|atk|1
|move|p1a: Necrozma|Dragon Dance|p1a: Necrozma
|-boost|p1a: Necrozma|atk|1
|-boost|p1a: Necrozma|spe|1
|
|upkeep
|turn|21
|
|t:|1603389070
|move|p1a: Necrozma|Dragon Dance|p1a: Necrozma
|-boost|p1a: Necrozma|atk|1
|-boost|p1a: Necrozma|spe|1
|move|p2a: Incineroar|Knock Off|p1a: Necrozma
|-supereffective|p1a: Necrozma
|-damage|p1a: Necrozma|6/100
|-enditem|p1a: Necrozma|Lum Berry|[from] move: Knock Off|[of] p2a: Incineroar
|
|upkeep
|turn|22
|
|t:|1603389078
|move|p1a: Necrozma|Earthquake|p2a: Incineroar
|-supereffective|p2a: Incineroar
|-damage|p2a: Incineroar|0 fnt
|faint|p2a: Incineroar
|
|-fieldend|move: Psychic Terrain
|upkeep
|c|☆Totem skarm|gg
|inactive|Boost Swoosh has 120 seconds left.
|
|t:|1603389101
|switch|p2a: Indeedee|Indeedee-F, F|76/100
|-damage|p2a: Indeedee|63/100|[from] Stealth Rock
|-fieldstart|move: Psychic Terrain|[from] ability: Psychic Surge|[of] p2a: Indeedee
|turn|23
|inactive|Boost Swoosh has 120 seconds left.
|
|t:|1603389112
|move|p1a: Necrozma|X-Scissor|p2a: Indeedee
|-supereffective|p2a: Indeedee
|-damage|p2a: Indeedee|0 fnt
|faint|p2a: Indeedee
|
|upkeep
|
|t:|1603389114
|switch|p2a: Polteageist|Polteageist|100/100
|-damage|p2a: Polteageist|88/100|[from] Stealth Rock
|turn|24
|
|t:|1603389121
|move|p1a: Necrozma|Photon Geyser|p2a: Polteageist
|-damage|p2a: Polteageist|0 fnt
|faint|p2a: Polteageist
|
|upkeep
|c|☆Boost Swoosh|gg
|inactive|Boost Swoosh has 120 seconds left.
|-message|Boost Swoosh forfeited.
|
|win|Totem skarm
|l|☆Boost Swoosh
