|j|☆Lucckyy
|j|☆Kuza
|t:|1606710544
|player|p1|Lucckyy|86|1546
|player|p2|Kuza|tuber|1404
|teamsize|p1|6
|teamsize|p2|6
|gametype|singles
|gen|8
|tier|[Gen 8] UU
|rated|
|clearpoke
|poke|p1|Nihilego|
|poke|p1|Tapu Bulu|
|poke|p1|Rotom-Heat|
|poke|p1|Hippowdon, M|
|poke|p1|Tentacruel, M|
|poke|p1|Cobalion|
|poke|p2|Rotom-Heat|
|poke|p2|Tangrowth, M|
|poke|p2|Cobalion|
|poke|p2|Hydreigon, F|
|poke|p2|Diancie|
|poke|p2|Seismitoad, M|
|rule|Sleep Clause Mod: Limit one foe put to sleep
|rule|Species Clause: Limit one of each Pokémon
|rule|OHKO Clause: OHKO moves are banned
|rule|Evasion Moves Clause: Evasion moves are banned
|rule|Endless Battle Clause: Forcing endless battles is banned
|rule|HP Percentage Mod: HP is shown in percentages
|rule|Dynamax Clause: You cannot dynamax
|teampreview
|inactive|Battle timer is ON: inactive players will automatically lose when time's up. (requested by Kuza)
|
|t:|1606710579
|start
|switch|p1a: Tapu Bulu|Tapu Bulu|100/100
|switch|p2a: Skrrr|Hydreigon, F, shiny|100/100
|-fieldstart|move: Grassy Terrain|[from] ability: Grassy Surge|[of] p1a: Tapu Bulu
|turn|1
|
|t:|1606710588
|switch|p1a: Nihilego|Nihilego, shiny|100/100
|move|p2a: Skrrr|U-turn|p1a: Nihilego
|-resisted|p1a: Nihilego
|-damage|p1a: Nihilego|89/100
|
|t:|1606710594
|switch|p2a: Jirachii|Cobalion|100/100|[from]move: U-turn
|
|-heal|p1a: Nihilego|95/100|[from] item: Black Sludge
|-heal|p1a: Nihilego|100/100|[from] Grassy Terrain
|upkeep
|turn|2
|
|t:|1606710601
|switch|p1a: Cobalion|Cobalion|100/100
|move|p2a: Jirachii|Stealth Rock|p1a: Cobalion
|-sidestart|p1: Lucckyy|move: Stealth Rock
|
|upkeep
|turn|3
|
|t:|1606710612
|switch|p2a: Spaghetti|Tangrowth, M, shiny|100/100
|move|p1a: Cobalion|Stealth Rock|p2a: Spaghetti
|-sidestart|p2: Kuza|move: Stealth Rock
|
|upkeep
|turn|4
|
|t:|1606710623
|move|p1a: Cobalion|Volt Switch|p2a: Spaghetti
|-resisted|p2a: Spaghetti
|-damage|p2a: Spaghetti|91/100
|
|t:|1606710634
|switch|p1a: Tentacruel|Tentacruel, M|100/100|[from]move: Volt Switch
|-damage|p1a: Tentacruel|88/100|[from] Stealth Rock
|move|p2a: Spaghetti|Sleep Powder|p1a: Tentacruel|[miss]
|-miss|p2a: Spaghetti|p1a: Tentacruel
|
|-heal|p1a: Tentacruel|94/100|[from] item: Black Sludge
|-heal|p1a: Tentacruel|99/100|[from] Grassy Terrain
|-heal|p2a: Spaghetti|97/100|[from] Grassy Terrain
|upkeep
|turn|5
|
|t:|1606710642
|move|p1a: Tentacruel|Sludge Bomb|p2a: Spaghetti
|-supereffective|p2a: Spaghetti
|-damage|p2a: Spaghetti|25/100
|-status|p2a: Spaghetti|psn
|move|p2a: Spaghetti|Earthquake|p1a: Tentacruel
|-supereffective|p1a: Tentacruel
|-damage|p1a: Tentacruel|75/100
|
|-heal|p1a: Tentacruel|81/100|[from] item: Black Sludge
|-heal|p1a: Tentacruel|88/100|[from] Grassy Terrain
|-heal|p2a: Spaghetti|32/100 psn|[from] Grassy Terrain
|-fieldend|move: Grassy Terrain
|-damage|p2a: Spaghetti|19/100 psn|[from] psn
|upkeep
|turn|6
|
|t:|1606710660
|switch|p2a: Cojones|Seismitoad, M|100/100
|-damage|p2a: Cojones|94/100|[from] Stealth Rock
|move|p1a: Tentacruel|Rapid Spin|p2a: Cojones
|-damage|p2a: Cojones|90/100
|-boost|p1a: Tentacruel|spe|1
|-sideend|p1: Lucckyy|Stealth Rock|[from] move: Rapid Spin|[of] p1a: Tentacruel
|
|-heal|p1a: Tentacruel|94/100|[from] item: Black Sludge
|-heal|p2a: Cojones|96/100|[from] item: Leftovers
|upkeep
|turn|7
|
|t:|1606710676
|switch|p1a: Tapu Bulu|Tapu Bulu|100/100
|-fieldstart|move: Grassy Terrain|[from] ability: Grassy Surge|[of] p1a: Tapu Bulu
|move|p2a: Cojones|Scald|p1a: Tapu Bulu
|-resisted|p1a: Tapu Bulu
|-damage|p1a: Tapu Bulu|91/100
|-status|p1a: Tapu Bulu|brn
|
|-heal|p1a: Tapu Bulu|98/100 brn|[from] item: Leftovers
|-heal|p1a: Tapu Bulu|100/100 brn|[from] Grassy Terrain
|-heal|p2a: Cojones|100/100|[from] item: Leftovers
|-damage|p1a: Tapu Bulu|94/100 brn|[from] brn
|upkeep
|turn|8
|inactive|Lucckyy has 120 seconds left.
|
|t:|1606710718
|switch|p2a: Chef|Rotom-Heat|100/100
|move|p1a: Tapu Bulu|Substitute|p1a: Tapu Bulu
|-start|p1a: Tapu Bulu|Substitute
|-damage|p1a: Tapu Bulu|70/100 brn
|
|-heal|p1a: Tapu Bulu|76/100 brn|[from] item: Leftovers
|-heal|p1a: Tapu Bulu|82/100 brn|[from] Grassy Terrain
|-damage|p1a: Tapu Bulu|76/100 brn|[from] brn
|upkeep
|turn|9
|
|t:|1606710729
|move|p2a: Chef|Defog|p1a: Tapu Bulu
|-sideend|p2: Kuza|Stealth Rock|[from] move: Defog|[of] p2a: Chef
|-fieldend|move: Grassy Terrain
|move|p1a: Tapu Bulu|Horn Leech|p2a: Chef
|-resisted|p2a: Chef
|-damage|p2a: Chef|94/100
|-heal|p1a: Tapu Bulu|79/100 brn|[from] drain|[of] p2a: Chef
|
|-heal|p1a: Tapu Bulu|85/100 brn|[from] item: Leftovers
|-damage|p1a: Tapu Bulu|79/100 brn|[from] brn
|upkeep
|turn|10
|inactive|Lucckyy has 120 seconds left.
|
|t:|1606710751
|switch|p2a: Spaghetti|Tangrowth, M, shiny|52/100 psn
|switch|p1a: Rotom|Rotom-Heat|100/100
|
|-damage|p2a: Spaghetti|40/100 psn|[from] psn
|upkeep
|turn|11
|
|t:|1606710756
|switch|p2a: Cojones|Seismitoad, M|100/100
|move|p1a: Rotom|Toxic|p2a: Cojones
|-status|p2a: Cojones|tox
|
|-damage|p2a: Cojones|94/100 tox|[from] psn
|upkeep
|turn|12
|inactive|Lucckyy has 120 seconds left.
|
|t:|1606710767
|move|p1a: Rotom|Pain Split|p2a: Cojones
|-sethp|p2a: Cojones|84/100 tox|[from] move: Pain Split|[silent]
|-sethp|p1a: Rotom|100/100|[from] move: Pain Split
|move|p2a: Cojones|Knock Off|p1a: Rotom
|-damage|p1a: Rotom|76/100
|-enditem|p1a: Rotom|Heavy-Duty Boots|[from] move: Knock Off|[of] p2a: Cojones
|
|-heal|p2a: Cojones|90/100 tox|[from] item: Leftovers
|-damage|p2a: Cojones|78/100 tox|[from] psn
|upkeep
|turn|13
|
|t:|1606710775
|move|p1a: Rotom|Pain Split|p2a: Cojones
|-sethp|p2a: Cojones|67/100 tox|[from] move: Pain Split|[silent]
|-sethp|p1a: Rotom|91/100|[from] move: Pain Split
|move|p2a: Cojones|Toxic|p1a: Rotom
|-status|p1a: Rotom|tox
|
|-heal|p2a: Cojones|73/100 tox|[from] item: Leftovers
|-damage|p1a: Rotom|85/100 tox|[from] psn
|-damage|p2a: Cojones|55/100 tox|[from] psn
|upkeep
|turn|14
|inactive|Lucckyy has 120 seconds left.
|
|t:|1606710816
|switch|p1a: Tapu Bulu|Tapu Bulu|79/100 brn
|-fieldstart|move: Grassy Terrain|[from] ability: Grassy Surge|[of] p1a: Tapu Bulu
|move|p2a: Cojones|Scald|p1a: Tapu Bulu
|-resisted|p1a: Tapu Bulu
|-damage|p1a: Tapu Bulu|70/100 brn
|
|-heal|p1a: Tapu Bulu|77/100 brn|[from] item: Leftovers
|-heal|p1a: Tapu Bulu|83/100 brn|[from] Grassy Terrain
|-heal|p2a: Cojones|61/100 tox|[from] item: Leftovers
|-heal|p2a: Cojones|67/100 tox|[from] Grassy Terrain
|-damage|p1a: Tapu Bulu|77/100 brn|[from] brn
|-damage|p2a: Cojones|43/100 tox|[from] psn
|upkeep
|turn|15
|
|t:|1606710830
|switch|p1a: Nihilego|Nihilego, shiny|100/100
|switch|p2a: Spaghetti|Tangrowth, M, shiny|73/100 psn
|
|-heal|p2a: Spaghetti|79/100 psn|[from] Grassy Terrain
|-damage|p2a: Spaghetti|67/100 psn|[from] psn
|upkeep
|turn|16
|j| RogerBuster
|
|t:|1606710848
|switch|p2a: Jirachii|Cobalion|100/100
|move|p1a: Nihilego|Knock Off|p2a: Jirachii
|-resisted|p2a: Jirachii
|-damage|p2a: Jirachii|95/100
|-ability|p2a: Jirachii|Justified|boost
|-boost|p2a: Jirachii|atk|1
|-enditem|p2a: Jirachii|Leftovers|[from] move: Knock Off|[of] p1a: Nihilego
|
|-heal|p2a: Jirachii|100/100|[from] Grassy Terrain
|upkeep
|turn|17
|j| BuckWheatav
|
|t:|1606710864
|switch|p1a: Tentacruel|Tentacruel, M|94/100
|move|p2a: Jirachii|Swords Dance|p2a: Jirachii
|-boost|p2a: Jirachii|atk|2
|
|-heal|p1a: Tentacruel|99/100|[from] item: Black Sludge
|-heal|p1a: Tentacruel|100/100|[from] Grassy Terrain
|upkeep
|turn|18
|
|t:|1606710872
|move|p2a: Jirachii|Close Combat|p1a: Tentacruel
|-resisted|p1a: Tentacruel
|-damage|p1a: Tentacruel|26/100
|-unboost|p2a: Jirachii|def|1
|-unboost|p2a: Jirachii|spd|1
|move|p1a: Tentacruel|Haze|p1a: Tentacruel
|-clearallboost
|
|-heal|p1a: Tentacruel|32/100|[from] item: Black Sludge
|-heal|p1a: Tentacruel|38/100|[from] Grassy Terrain
|-fieldend|move: Grassy Terrain
|upkeep
|turn|19
|
|t:|1606710887
|switch|p2a: Cojones|Seismitoad, M|43/100 tox
|move|p1a: Tentacruel|Scald|p2a: Cojones
|-heal|p2a: Cojones|67/100 tox|[from] ability: Water Absorb|[of] p1a: Tentacruel
|
|-heal|p1a: Tentacruel|44/100|[from] item: Black Sludge
|-heal|p2a: Cojones|73/100 tox|[from] item: Leftovers
|-damage|p2a: Cojones|67/100 tox|[from] psn
|upkeep
|turn|20
|
|t:|1606710909
|switch|p1a: Tapu Bulu|Tapu Bulu|77/100 brn
|-fieldstart|move: Grassy Terrain|[from] ability: Grassy Surge|[of] p1a: Tapu Bulu
|move|p2a: Cojones|Earthquake|p1a: Tapu Bulu
|-resisted|p1a: Tapu Bulu
|-damage|p1a: Tapu Bulu|70/100 brn
|
|-heal|p1a: Tapu Bulu|76/100 brn|[from] item: Leftovers
|-heal|p1a: Tapu Bulu|82/100 brn|[from] Grassy Terrain
|-heal|p2a: Cojones|73/100 tox|[from] item: Leftovers
|-heal|p2a: Cojones|79/100 tox|[from] Grassy Terrain
|-damage|p1a: Tapu Bulu|76/100 brn|[from] brn
|-damage|p2a: Cojones|67/100 tox|[from] psn
|upkeep
|turn|21
|
|t:|1606710923
|switch|p1a: Nihilego|Nihilego, shiny|100/100
|switch|p2a: Chef|Rotom-Heat|94/100
|
|upkeep
|turn|22
|
|t:|1606710942
|switch|p2a: Cojones|Seismitoad, M|67/100 tox
|move|p1a: Nihilego|Toxic Spikes|p2a: Cojones
|-sidestart|p2: Kuza|move: Toxic Spikes
|
|-heal|p2a: Cojones|73/100 tox|[from] item: Leftovers
|-heal|p2a: Cojones|79/100 tox|[from] Grassy Terrain
|-damage|p2a: Cojones|73/100 tox|[from] psn
|upkeep
|turn|23
|
|t:|1606710956
|switch|p1a: Tapu Bulu|Tapu Bulu|76/100 brn
|move|p2a: Cojones|Knock Off|p1a: Tapu Bulu
|-resisted|p1a: Tapu Bulu
|-damage|p1a: Tapu Bulu|67/100 brn
|-enditem|p1a: Tapu Bulu|Leftovers|[from] move: Knock Off|[of] p2a: Cojones
|
|-heal|p1a: Tapu Bulu|73/100 brn|[from] Grassy Terrain
|-heal|p2a: Cojones|79/100 tox|[from] item: Leftovers
|-heal|p2a: Cojones|86/100 tox|[from] Grassy Terrain
|-damage|p1a: Tapu Bulu|67/100 brn|[from] brn
|-damage|p2a: Cojones|73/100 tox|[from] psn
|upkeep
|turn|24
|
|t:|1606710974
|switch|p1a: Nihilego|Nihilego, shiny|100/100
|switch|p2a: Spaghetti|Tangrowth, M, shiny|99/100 psn
|
|-heal|p2a: Spaghetti|100/100 psn|[from] Grassy Terrain
|-fieldend|move: Grassy Terrain
|-damage|p2a: Spaghetti|88/100 psn|[from] psn
|upkeep
|turn|25
|
|t:|1606710979
|switch|p2a: Jirachii|Cobalion|100/100
|move|p1a: Nihilego|Sludge Wave|p2a: Jirachii
|-immune|p2a: Jirachii
|
|upkeep
|turn|26
|
|t:|1606710985
|switch|p1a: Hippowdon|Hippowdon, M|100/100
|-weather|Sandstorm|[from] ability: Sand Stream|[of] p1a: Hippowdon
|move|p2a: Jirachii|Stealth Rock|p1a: Hippowdon
|-sidestart|p1: Lucckyy|move: Stealth Rock
|
|-weather|Sandstorm|[upkeep]
|upkeep
|turn|27
|
|t:|1606711001
|switch|p2a: Spaghetti|Tangrowth, M, shiny|100/100 psn
|move|p1a: Hippowdon|Toxic||[still]
|-fail|p1a: Hippowdon
|
|-weather|Sandstorm|[upkeep]
|-damage|p2a: Spaghetti|94/100 psn|[from] Sandstorm
|-damage|p2a: Spaghetti|82/100 psn|[from] psn
|upkeep
|turn|28
|inactive|Lucckyy has 120 seconds left.
|
|t:|1606711012
|switch|p1a: Rotom|Rotom-Heat|85/100 tox
|-damage|p1a: Rotom|60/100 tox|[from] Stealth Rock
|move|p2a: Spaghetti|Sleep Powder|p1a: Rotom|[miss]
|-miss|p2a: Spaghetti|p1a: Rotom
|
|-weather|Sandstorm|[upkeep]
|-damage|p1a: Rotom|54/100 tox|[from] Sandstorm
|-damage|p2a: Spaghetti|76/100 psn|[from] Sandstorm
|-damage|p1a: Rotom|48/100 tox|[from] psn
|-damage|p2a: Spaghetti|63/100 psn|[from] psn
|upkeep
|turn|29
|
|t:|1606711033
|switch|p2a: Skrrr|Hydreigon, F, shiny|100/100
|move|p1a: Rotom|Pain Split|p2a: Skrrr
|-sethp|p2a: Skrrr|73/100|[from] move: Pain Split|[silent]
|-sethp|p1a: Rotom|78/100 tox|[from] move: Pain Split
|
|-weather|Sandstorm|[upkeep]
|-damage|p2a: Skrrr|67/100|[from] Sandstorm
|-damage|p1a: Rotom|72/100 tox|[from] Sandstorm
|-damage|p1a: Rotom|60/100 tox|[from] psn
|upkeep
|turn|30
|
|t:|1606711046
|switch|p1a: Nihilego|Nihilego, shiny|100/100
|-damage|p1a: Nihilego|88/100|[from] Stealth Rock
|move|p2a: Skrrr|Dark Pulse|p1a: Nihilego
|-damage|p1a: Nihilego|75/100
|
|-weather|none
|-heal|p1a: Nihilego|81/100|[from] item: Black Sludge
|upkeep
|turn|31
|
|t:|1606711056
|switch|p2a: Jirachii|Cobalion|100/100
|move|p1a: Nihilego|Power Gem|p2a: Jirachii
|-resisted|p2a: Jirachii
|-damage|p2a: Jirachii|89/100
|
|-heal|p1a: Nihilego|87/100|[from] item: Black Sludge
|upkeep
|turn|32
|j| Lich Wiz
|
|t:|1606711075
|switch|p1a: Hippowdon|Hippowdon, M|100/100
|-damage|p1a: Hippowdon|94/100|[from] Stealth Rock
|-weather|Sandstorm|[from] ability: Sand Stream|[of] p1a: Hippowdon
|move|p2a: Jirachii|Swords Dance|p2a: Jirachii
|-boost|p2a: Jirachii|atk|2
|
|-weather|Sandstorm|[upkeep]
|-heal|p1a: Hippowdon|100/100|[from] item: Leftovers
|upkeep
|turn|33
|
|t:|1606711085
|switch|p2a: Spaghetti|Tangrowth, M, shiny|97/100 psn
|move|p1a: Hippowdon|High Horsepower|p2a: Spaghetti
|-resisted|p2a: Spaghetti
|-damage|p2a: Spaghetti|87/100 psn
|-damage|p1a: Hippowdon|84/100|[from] item: Rocky Helmet|[of] p2a: Spaghetti
|
|-weather|Sandstorm|[upkeep]
|-damage|p2a: Spaghetti|80/100 psn|[from] Sandstorm
|-heal|p1a: Hippowdon|90/100|[from] item: Leftovers
|-damage|p2a: Spaghetti|68/100 psn|[from] psn
|upkeep
|turn|34
|
|t:|1606711103
|switch|p1a: Cobalion|Cobalion|100/100
|-damage|p1a: Cobalion|97/100|[from] Stealth Rock
|move|p2a: Spaghetti|Sleep Powder|p1a: Cobalion
|-status|p1a: Cobalion|slp|[from] move: Sleep Powder
|
|-weather|Sandstorm|[upkeep]
|-damage|p2a: Spaghetti|62/100 psn|[from] Sandstorm
|-damage|p2a: Spaghetti|50/100 psn|[from] psn
|upkeep
|turn|35
|
|t:|1606711120
|switch|p2a: Chef|Rotom-Heat|94/100
|cant|p1a: Cobalion|slp
|
|-weather|Sandstorm|[upkeep]
|-damage|p2a: Chef|88/100|[from] Sandstorm
|upkeep
|turn|36
|inactive|Kuza has 120 seconds left.
|
|t:|1606711136
|switch|p1a: Nihilego|Nihilego, shiny|87/100
|-damage|p1a: Nihilego|75/100|[from] Stealth Rock
|move|p2a: Chef|Volt Switch|p1a: Nihilego
|-damage|p1a: Nihilego|67/100
|
|t:|1606711140
|switch|p2a: Jirachii|Cobalion|89/100|[from]move: Volt Switch
|
|-weather|none
|-heal|p1a: Nihilego|73/100|[from] item: Black Sludge
|upkeep
|turn|37
|
|t:|1606711150
|switch|p1a: Hippowdon|Hippowdon, M|90/100
|-damage|p1a: Hippowdon|84/100|[from] Stealth Rock
|-weather|Sandstorm|[from] ability: Sand Stream|[of] p1a: Hippowdon
|move|p2a: Jirachii|Iron Head|p1a: Hippowdon
|-damage|p1a: Hippowdon|67/100
|
|-weather|Sandstorm|[upkeep]
|-heal|p1a: Hippowdon|74/100|[from] item: Leftovers
|upkeep
|turn|38
|inactive|Kuza has 120 seconds left.
|
|t:|1606711165
|switch|p2a: Spaghetti|Tangrowth, M, shiny|83/100 psn
|switch|p1a: Nihilego|Nihilego, shiny|73/100
|-damage|p1a: Nihilego|61/100|[from] Stealth Rock
|
|-weather|Sandstorm|[upkeep]
|-damage|p2a: Spaghetti|76/100 psn|[from] Sandstorm
|-heal|p1a: Nihilego|67/100|[from] item: Black Sludge
|-damage|p2a: Spaghetti|64/100 psn|[from] psn
|upkeep
|turn|39
|inactive|Kuza has 120 seconds left.
|
|t:|1606711176
|switch|p2a: Jirachii|Cobalion|89/100
|move|p1a: Nihilego|Power Gem|p2a: Jirachii
|-resisted|p2a: Jirachii
|-damage|p2a: Jirachii|77/100
|
|-weather|Sandstorm|[upkeep]
|-heal|p1a: Nihilego|73/100|[from] item: Black Sludge
|upkeep
|turn|40
|
|t:|1606711184
|switch|p1a: Hippowdon|Hippowdon, M|74/100
|-damage|p1a: Hippowdon|67/100|[from] Stealth Rock
|move|p2a: Jirachii|Swords Dance|p2a: Jirachii
|-boost|p2a: Jirachii|atk|2
|
|-weather|Sandstorm|[upkeep]
|-heal|p1a: Hippowdon|74/100|[from] item: Leftovers
|upkeep
|turn|41
|
|t:|1606711197
|move|p2a: Jirachii|Iron Head|p1a: Hippowdon
|-crit|p1a: Hippowdon
|-damage|p1a: Hippowdon|20/100
|move|p1a: Hippowdon|Slack Off|p1a: Hippowdon
|-heal|p1a: Hippowdon|70/100
|
|-weather|none
|-heal|p1a: Hippowdon|76/100|[from] item: Leftovers
|upkeep
|turn|42
|
|t:|1606711205
|move|p2a: Jirachii|Iron Head|p1a: Hippowdon
|-damage|p1a: Hippowdon|45/100
|cant|p1a: Hippowdon|flinch
|
|-heal|p1a: Hippowdon|51/100|[from] item: Leftovers
|upkeep
|turn|43
|
|t:|1606711222
|switch|p2a: Skrrr|Hydreigon, F, shiny|67/100
|move|p1a: Hippowdon|Slack Off|p1a: Hippowdon
|-heal|p1a: Hippowdon|100/100
|
|upkeep
|turn|44
|
|t:|1606711229
|move|p2a: Skrrr|U-turn|p1a: Hippowdon
|-damage|p1a: Hippowdon|93/100
|
|t:|1606711235
|switch|p2a: Spaghetti|Tangrowth, M, shiny|97/100 psn|[from]move: U-turn
|move|p1a: Hippowdon|Slack Off|p1a: Hippowdon
|-heal|p1a: Hippowdon|100/100
|
|-damage|p2a: Spaghetti|85/100 psn|[from] psn
|upkeep
|turn|45
|
|t:|1606711249
|switch|p1a: Rotom|Rotom-Heat|60/100 tox
|-damage|p1a: Rotom|35/100 tox|[from] Stealth Rock
|move|p2a: Spaghetti|Power Whip|p1a: Rotom
|-resisted|p1a: Rotom
|-damage|p1a: Rotom|12/100 tox
|
|-damage|p1a: Rotom|6/100 tox|[from] psn
|-damage|p2a: Spaghetti|73/100 psn|[from] psn
|upkeep
|turn|46
|
|t:|1606711258
|switch|p2a: Cojones|Seismitoad, M|73/100 tox
|move|p1a: Rotom|Pain Split|p2a: Cojones
|-sethp|p2a: Cojones|39/100 tox|[from] move: Pain Split|[silent]
|-sethp|p1a: Rotom|53/100 tox|[from] move: Pain Split
|
|-heal|p2a: Cojones|45/100 tox|[from] item: Leftovers
|-damage|p1a: Rotom|41/100 tox|[from] psn
|-damage|p2a: Cojones|39/100 tox|[from] psn
|upkeep
|turn|47
|
|t:|1606711287
|switch|p1a: Tentacruel|Tentacruel, M|44/100
|-damage|p1a: Tentacruel|32/100|[from] Stealth Rock
|switch|p2a: Spaghetti|Tangrowth, M, shiny|100/100 psn
|
|-heal|p1a: Tentacruel|38/100|[from] item: Black Sludge
|-damage|p2a: Spaghetti|88/100 psn|[from] psn
|upkeep
|turn|48
|inactive|Kuza has 120 seconds left.
|
|t:|1606711303
|move|p1a: Tentacruel|Sludge Bomb|p2a: Spaghetti
|-supereffective|p2a: Spaghetti
|-damage|p2a: Spaghetti|18/100 psn
|move|p2a: Spaghetti|Earthquake|p1a: Tentacruel
|-supereffective|p1a: Tentacruel
|-damage|p1a: Tentacruel|0 fnt
|faint|p1a: Tentacruel
|
|-damage|p2a: Spaghetti|6/100 psn|[from] psn
|upkeep
|l| BuckWheatav
|
|t:|1606711319
|switch|p1a: Cobalion|Cobalion|97/100 slp
|-damage|p1a: Cobalion|94/100 slp|[from] Stealth Rock
|turn|49
|
|t:|1606711332
|switch|p2a: Jirachii|Cobalion|77/100
|cant|p1a: Cobalion|slp
|
|upkeep
|turn|50
|
|t:|1606711344
|switch|p1a: Hippowdon|Hippowdon, M|100/100
|-damage|p1a: Hippowdon|94/100|[from] Stealth Rock
|-weather|Sandstorm|[from] ability: Sand Stream|[of] p1a: Hippowdon
|move|p2a: Jirachii|Close Combat|p1a: Hippowdon
|-damage|p1a: Hippowdon|69/100
|-unboost|p2a: Jirachii|def|1
|-unboost|p2a: Jirachii|spd|1
|
|-weather|Sandstorm|[upkeep]
|-heal|p1a: Hippowdon|75/100|[from] item: Leftovers
|upkeep
|turn|51
|
|t:|1606711353
|switch|p2a: Spaghetti|Tangrowth, M, shiny|39/100 psn
|switch|p1a: Cobalion|Cobalion|94/100 slp
|-damage|p1a: Cobalion|91/100 slp|[from] Stealth Rock
|
|-weather|Sandstorm|[upkeep]
|-damage|p2a: Spaghetti|33/100 psn|[from] Sandstorm
|-damage|p2a: Spaghetti|21/100 psn|[from] psn
|upkeep
|turn|52
|
|t:|1606711369
|switch|p2a: Cojones|Seismitoad, M|39/100 tox
|-curestatus|p1a: Cobalion|slp|[msg]
|move|p1a: Cobalion|Stealth Rock|p2a: Cojones
|-sidestart|p2: Kuza|move: Stealth Rock
|
|-weather|Sandstorm|[upkeep]
|-heal|p2a: Cojones|45/100 tox|[from] item: Leftovers
|-damage|p2a: Cojones|39/100 tox|[from] psn
|upkeep
|turn|53
|
|t:|1606711386
|switch|p1a: Tapu Bulu|Tapu Bulu|67/100 brn
|-damage|p1a: Tapu Bulu|55/100 brn|[from] Stealth Rock
|-fieldstart|move: Grassy Terrain|[from] ability: Grassy Surge|[of] p1a: Tapu Bulu
|move|p2a: Cojones|Scald|p1a: Tapu Bulu
|-resisted|p1a: Tapu Bulu
|-damage|p1a: Tapu Bulu|45/100 brn
|
|-weather|Sandstorm|[upkeep]
|-damage|p1a: Tapu Bulu|39/100 brn|[from] Sandstorm
|-heal|p1a: Tapu Bulu|45/100 brn|[from] Grassy Terrain
|-heal|p2a: Cojones|45/100 tox|[from] item: Leftovers
|-heal|p2a: Cojones|51/100 tox|[from] Grassy Terrain
|-damage|p1a: Tapu Bulu|39/100 brn|[from] brn
|-damage|p2a: Cojones|39/100 tox|[from] psn
|upkeep
|turn|54
|
|t:|1606711398
|switch|p1a: Nihilego|Nihilego, shiny|73/100
|-damage|p1a: Nihilego|61/100|[from] Stealth Rock
|switch|p2a: Chef|Rotom-Heat|88/100
|
|-weather|none
|-heal|p1a: Nihilego|67/100|[from] item: Black Sludge
|-heal|p1a: Nihilego|73/100|[from] Grassy Terrain
|upkeep
|turn|55
|
|t:|1606711414
|switch|p2a: Jirachii|Cobalion|77/100
|-damage|p2a: Jirachii|74/100|[from] Stealth Rock
|move|p1a: Nihilego|Power Gem|p2a: Jirachii
|-resisted|p2a: Jirachii
|-damage|p2a: Jirachii|61/100
|
|-heal|p2a: Jirachii|68/100|[from] Grassy Terrain
|-heal|p1a: Nihilego|80/100|[from] item: Black Sludge
|-heal|p1a: Nihilego|86/100|[from] Grassy Terrain
|upkeep
|turn|56
|
|t:|1606711428
|switch|p1a: Hippowdon|Hippowdon, M|75/100
|-damage|p1a: Hippowdon|69/100|[from] Stealth Rock
|-weather|Sandstorm|[from] ability: Sand Stream|[of] p1a: Hippowdon
|move|p2a: Jirachii|Iron Head|p1a: Hippowdon
|-damage|p1a: Hippowdon|50/100
|
|-weather|Sandstorm|[upkeep]
|-heal|p2a: Jirachii|74/100|[from] Grassy Terrain
|-heal|p1a: Hippowdon|57/100|[from] item: Leftovers
|-heal|p1a: Hippowdon|63/100|[from] Grassy Terrain
|upkeep
|turn|57
|
|t:|1606711435
|switch|p2a: Chef|Rotom-Heat|88/100
|move|p1a: Hippowdon|High Horsepower|p2a: Chef
|-immune|p2a: Chef|[from] ability: Levitate
|
|-weather|Sandstorm|[upkeep]
|-damage|p2a: Chef|82/100|[from] Sandstorm
|-heal|p1a: Hippowdon|69/100|[from] item: Leftovers
|-heal|p1a: Hippowdon|75/100|[from] Grassy Terrain
|-fieldend|move: Grassy Terrain
|upkeep
|turn|58
|
|t:|1606711439
|move|p2a: Chef|Defog|p1a: Hippowdon
|-unboost|p1a: Hippowdon|evasion|1
|-sideend|p1: Lucckyy|Stealth Rock|[from] move: Defog|[of] p2a: Chef
|-sideend|p2: Kuza|Toxic Spikes|[from] move: Defog|[of] p2a: Chef
|-sideend|p2: Kuza|Stealth Rock|[from] move: Defog|[of] p2a: Chef
|move|p1a: Hippowdon|Toxic|p2a: Chef
|-status|p2a: Chef|tox
|
|-weather|Sandstorm|[upkeep]
|-damage|p2a: Chef|75/100 tox|[from] Sandstorm
|-heal|p1a: Hippowdon|81/100|[from] item: Leftovers
|-damage|p2a: Chef|69/100 tox|[from] psn
|upkeep
|turn|59
|
|t:|1606711449
|switch|p2a: Spaghetti|Tangrowth, M, shiny|54/100 psn
|move|p1a: Hippowdon|High Horsepower|p2a: Spaghetti
|-resisted|p2a: Spaghetti
|-crit|p2a: Spaghetti
|-damage|p2a: Spaghetti|40/100 psn
|-damage|p1a: Hippowdon|65/100|[from] item: Rocky Helmet|[of] p2a: Spaghetti
|
|-weather|Sandstorm|[upkeep]
|-damage|p2a: Spaghetti|34/100 psn|[from] Sandstorm
|-heal|p1a: Hippowdon|71/100|[from] item: Leftovers
|-damage|p2a: Spaghetti|22/100 psn|[from] psn
|upkeep
|turn|60
|
|t:|1606711457
|switch|p2a: Chef|Rotom-Heat|69/100 tox
|switch|p1a: Rotom|Rotom-Heat|41/100 tox
|
|-weather|none
|-damage|p1a: Rotom|35/100 tox|[from] psn
|-damage|p2a: Chef|63/100 tox|[from] psn
|upkeep
|turn|61
|
|t:|1606711468
|move|p1a: Rotom|Pain Split|p2a: Chef
|-sethp|p2a: Chef|49/100 tox|[from] move: Pain Split|[silent]
|-sethp|p1a: Rotom|49/100 tox|[from] move: Pain Split
|move|p2a: Chef|Overheat|p1a: Rotom
|-resisted|p1a: Rotom
|-damage|p1a: Rotom|30/100 tox
|-unboost|p2a: Chef|spa|2
|
|-damage|p1a: Rotom|18/100 tox|[from] psn
|-damage|p2a: Chef|36/100 tox|[from] psn
|upkeep
|turn|62
|
|t:|1606711482
|switch|p1a: Hippowdon|Hippowdon, M|71/100
|-weather|Sandstorm|[from] ability: Sand Stream|[of] p1a: Hippowdon
|move|p2a: Chef|Overheat|p1a: Hippowdon
|-crit|p1a: Hippowdon
|-damage|p1a: Hippowdon|0 fnt
|-unboost|p2a: Chef|spa|2
|faint|p1a: Hippowdon
|
|-weather|Sandstorm|[upkeep]
|-damage|p2a: Chef|30/100 tox|[from] Sandstorm
|-damage|p2a: Chef|11/100 tox|[from] psn
|upkeep
|
|t:|1606711494
|switch|p1a: Cobalion|Cobalion|91/100
|turn|63
|
|t:|1606711501
|move|p1a: Cobalion|Close Combat|p2a: Chef
|-damage|p2a: Chef|0 fnt
|-unboost|p1a: Cobalion|def|1
|-unboost|p1a: Cobalion|spd|1
|faint|p2a: Chef
|
|-weather|Sandstorm|[upkeep]
|upkeep
|
|t:|1606711523
|switch|p2a: Spaghetti|Tangrowth, M, shiny|55/100 psn
|turn|64
|
|t:|1606711527
|move|p1a: Cobalion|Volt Switch|p2a: Spaghetti
|-resisted|p2a: Spaghetti
|-damage|p2a: Spaghetti|45/100 psn
|
|t:|1606711529
|switch|p1a: Rotom|Rotom-Heat|18/100 tox|[from]move: Volt Switch
|move|p2a: Spaghetti|Earthquake|p1a: Rotom
|-immune|p1a: Rotom|[from] ability: Levitate
|
|-weather|Sandstorm|[upkeep]
|-damage|p1a: Rotom|12/100 tox|[from] Sandstorm
|-damage|p2a: Spaghetti|39/100 psn|[from] Sandstorm
|-damage|p1a: Rotom|6/100 tox|[from] psn
|-damage|p2a: Spaghetti|26/100 psn|[from] psn
|upkeep
|turn|65
|
|t:|1606711537
|move|p1a: Rotom|Pain Split|p2a: Spaghetti
|-sethp|p2a: Spaghetti|15/100 psn|[from] move: Pain Split|[silent]
|-sethp|p1a: Rotom|20/100 tox|[from] move: Pain Split
|move|p2a: Spaghetti|Knock Off|p1a: Rotom
|-damage|p1a: Rotom|5/100 tox
|
|-weather|Sandstorm|[upkeep]
|-damage|p1a: Rotom|0 fnt|[from] Sandstorm
|-damage|p2a: Spaghetti|9/100 psn|[from] Sandstorm
|faint|p1a: Rotom
|-damage|p2a: Spaghetti|0 fnt|[from] psn
|faint|p2a: Spaghetti
|upkeep
|
|t:|1606711551
|switch|p1a: Tapu Bulu|Tapu Bulu|39/100 brn
|switch|p2a: Jirachii|Cobalion|74/100
|-fieldstart|move: Grassy Terrain|[from] ability: Grassy Surge|[of] p1a: Tapu Bulu
|turn|66
|
|t:|1606711558
|move|p2a: Jirachii|Iron Head|p1a: Tapu Bulu
|-supereffective|p1a: Tapu Bulu
|-damage|p1a: Tapu Bulu|0 fnt
|faint|p1a: Tapu Bulu
|
|-weather|none
|-heal|p2a: Jirachii|80/100|[from] Grassy Terrain
|upkeep
|
|t:|1606711560
|switch|p1a: Cobalion|Cobalion|91/100
|turn|67
|
|t:|1606711574
|switch|p2a: Cojones|Seismitoad, M|39/100 tox
|move|p1a: Cobalion|Close Combat|p2a: Cojones
|-damage|p2a: Cojones|3/100 tox
|-unboost|p1a: Cobalion|def|1
|-unboost|p1a: Cobalion|spd|1
|
|-heal|p1a: Cobalion|97/100|[from] Grassy Terrain
|-heal|p2a: Cojones|9/100 tox|[from] item: Leftovers
|-heal|p2a: Cojones|15/100 tox|[from] Grassy Terrain
|-damage|p2a: Cojones|9/100 tox|[from] psn
|upkeep
|turn|68
|
|t:|1606711582
|move|p1a: Cobalion|Close Combat|p2a: Cojones
|-damage|p2a: Cojones|0 fnt
|-unboost|p1a: Cobalion|def|1
|-unboost|p1a: Cobalion|spd|1
|faint|p2a: Cojones
|
|-heal|p1a: Cobalion|100/100|[from] Grassy Terrain
|upkeep
|
|t:|1606711594
|switch|p2a: Skrrr|Hydreigon, F, shiny|67/100
|turn|69
|
|t:|1606711603
|move|p2a: Skrrr|Fire Blast|p1a: Cobalion|[miss]
|-miss|p2a: Skrrr|p1a: Cobalion
|move|p1a: Cobalion|Iron Head|p2a: Skrrr
|-damage|p2a: Skrrr|30/100
|
|upkeep
|turn|70
|
|t:|1606711607
|switch|p1a: Nihilego|Nihilego, shiny|86/100
|move|p2a: Skrrr|Fire Blast|p1a: Nihilego
|-resisted|p1a: Nihilego
|-damage|p1a: Nihilego|77/100
|
|-heal|p1a: Nihilego|83/100|[from] item: Black Sludge
|-heal|p1a: Nihilego|89/100|[from] Grassy Terrain
|-fieldend|move: Grassy Terrain
|upkeep
|turn|71
|j| OctaneIsBack
|
|t:|1606711614
|switch|p2a: Drip|Diancie|100/100
|switch|p1a: Cobalion|Cobalion|100/100
|
|upkeep
|turn|72
|l| OctaneIsBack
|
|t:|1606711618
|move|p1a: Cobalion|Iron Head|p2a: Drip
|-supereffective|p2a: Drip
|-damage|p2a: Drip|24/100
|move|p2a: Drip|Body Press|p1a: Cobalion
|-supereffective|p1a: Cobalion
|-damage|p1a: Cobalion|39/100
|-damage|p2a: Drip|7/100|[from] item: Rocky Helmet|[of] p1a: Cobalion
|
|-heal|p2a: Drip|13/100|[from] item: Leftovers
|upkeep
|turn|73
|
|t:|1606711630
|move|p1a: Cobalion|Iron Head|p2a: Drip
|-supereffective|p2a: Drip
|-damage|p2a: Drip|0 fnt
|faint|p2a: Drip
|
|upkeep
|
|t:|1606711633
|switch|p2a: Skrrr|Hydreigon, F, shiny|30/100
|turn|74
|
|t:|1606711637
|move|p2a: Skrrr|Fire Blast|p1a: Cobalion
|-supereffective|p1a: Cobalion
|-damage|p1a: Cobalion|0 fnt
|faint|p1a: Cobalion
|
|upkeep
|
|t:|1606711638
|switch|p1a: Nihilego|Nihilego, shiny|89/100
|turn|75
|
|t:|1606711641
|move|p2a: Skrrr|Fire Blast|p1a: Nihilego
|-resisted|p1a: Nihilego
|-damage|p1a: Nihilego|80/100
|move|p1a: Nihilego|Power Gem|p2a: Skrrr
|-damage|p2a: Skrrr|0 fnt
|faint|p2a: Skrrr
|-ability|p1a: Nihilego|Beast Boost|boost
|-boost|p1a: Nihilego|spd|1
|
|-heal|p1a: Nihilego|86/100|[from] item: Black Sludge
|upkeep
|-message|Lucckyy forfeited.
|
|win|Kuza
|l|☆Lucckyy
|c|☆Kuza|gg
|raw|Lucckyy's rating: 1547 &rarr; <strong>1519</strong><br />(-28 for losing)
|raw|Kuza's rating: 1404 &rarr; <strong>1431</strong><br />(+27 for winning)
|l| Lich Wiz
