|j|☆misplayin
|j|☆EliotEnRetar
|t:|1666686479
|gametype|singles
|player|p1|misplayin|bugsy|1506
|player|p2|EliotEnRetar|falkner|1558
|teamsize|p1|6
|teamsize|p2|6
|gen|8
|tier|[Gen 8] UU
|rated|
|rule|Sleep Clause Mod: Limit one foe put to sleep
|rule|Species Clause: Limit one of each Pokémon
|rule|OHKO Clause: OHKO moves are banned
|rule|Evasion Items Clause: Evasion items are banned
|rule|Evasion Moves Clause: Evasion moves are banned
|rule|Endless Battle Clause: Forcing endless battles is banned
|rule|HP Percentage Mod: HP is shown in percentages
|rule|Dynamax Clause: You cannot dynamax
|clearpoke
|poke|p1|Swampert, F|
|poke|p1|Indeedee, M|
|poke|p1|Amoonguss, F|
|poke|p1|Mandibuzz, F|
|poke|p1|Zygarde-10%|
|poke|p1|Primarina, F|
|poke|p2|Darmanitan, M|
|poke|p2|Zygarde-10%|
|poke|p2|Rotom-Wash|
|poke|p2|Jirachi|
|poke|p2|Drapion, F|
|poke|p2|Tapu Bulu|
|teampreview
|inactive|Battle timer is ON: inactive players will automatically lose when time's up. (requested by misplayin)
|inactive|EliotEnRetar has 120 seconds left.
|
|t:|1666686510
|start
|switch|p1a: Zygarde|Zygarde-10%|100/100
|switch|p2a: Tapu Bulu|Tapu Bulu|100/100
|-ability|p1a: Zygarde|Aura Break
|-fieldstart|move: Grassy Terrain|[from] ability: Grassy Surge|[of] p2a: Tapu Bulu
|turn|1
|
|t:|1666686518
|switch|p1a: Amoonguss|Amoonguss, F|100/100
|switch|p2a: ZZCC|Drapion, F|100/100
|
|upkeep
|turn|2
|
|t:|1666686520
|move|p2a: ZZCC|Knock Off|p1a: Amoonguss
|-damage|p1a: Amoonguss|63/100
|-damage|p2a: ZZCC|84/100|[from] item: Rocky Helmet|[of] p1a: Amoonguss
|-enditem|p1a: Amoonguss|Rocky Helmet|[from] move: Knock Off|[of] p2a: ZZCC
|-damage|p2a: ZZCC|74/100|[from] item: Life Orb
|move|p1a: Amoonguss|Spore|p2a: ZZCC
|-status|p2a: ZZCC|slp|[from] move: Spore
|
|-heal|p2a: ZZCC|80/100 slp|[from] Grassy Terrain
|-heal|p1a: Amoonguss|70/100|[from] Grassy Terrain
|upkeep
|turn|3
|
|t:|1666686526
|switch|p2a: Kool Monke|Darmanitan, M|100/100
|switch|p1a: Zygarde|Zygarde-10%|100/100
|-ability|p1a: Zygarde|Aura Break
|
|upkeep
|turn|4
|
|t:|1666686532
|switch|p2a: Tapu Bulu|Tapu Bulu|100/100
|move|p1a: Zygarde|Thousand Arrows|p2a: Tapu Bulu
|-resisted|p2a: Tapu Bulu
|-damage|p2a: Tapu Bulu|75/100
|
|-heal|p2a: Tapu Bulu|81/100|[from] Grassy Terrain
|upkeep
|turn|5
|
|t:|1666686536
|switch|p1a: Amoonguss|Amoonguss, F|100/100
|move|p2a: Tapu Bulu|Nature's Madness|p1a: Amoonguss
|-damage|p1a: Amoonguss|50/100
|
|-heal|p2a: Tapu Bulu|87/100|[from] Grassy Terrain
|-heal|p1a: Amoonguss|57/100|[from] Grassy Terrain
|-fieldend|move: Grassy Terrain
|upkeep
|turn|6
|
|t:|1666686541
|switch|p2a: Kool Monke|Darmanitan, M|100/100
|switch|p1a: Zygarde|Zygarde-10%|100/100
|-ability|p1a: Zygarde|Aura Break
|
|upkeep
|turn|7
|
|t:|1666686545
|switch|p2a: Tapu Bulu|Tapu Bulu|87/100
|-fieldstart|move: Grassy Terrain|[from] ability: Grassy Surge|[of] p2a: Tapu Bulu
|move|p1a: Zygarde|Thousand Arrows|p2a: Tapu Bulu
|-resisted|p2a: Tapu Bulu
|-damage|p2a: Tapu Bulu|60/100
|
|-heal|p2a: Tapu Bulu|66/100|[from] Grassy Terrain
|upkeep
|turn|8
|
|t:|1666686562
|switch|p1a: Amoonguss|Amoonguss, F|90/100
|move|p2a: Tapu Bulu|Nature's Madness|p1a: Amoonguss|[miss]
|-miss|p2a: Tapu Bulu|p1a: Amoonguss
|
|-heal|p2a: Tapu Bulu|73/100|[from] Grassy Terrain
|-heal|p1a: Amoonguss|96/100|[from] Grassy Terrain
|upkeep
|turn|9
|
|t:|1666686570
|switch|p2a: Kool Monke|Darmanitan, M|100/100
|move|p1a: Amoonguss|Sludge Bomb|p2a: Kool Monke
|-damage|p2a: Kool Monke|56/100
|
|-heal|p2a: Kool Monke|62/100|[from] Grassy Terrain
|-heal|p1a: Amoonguss|100/100|[from] Grassy Terrain
|upkeep
|turn|10
|
|t:|1666686574
|switch|p1a: Swampert|Swampert, F|100/100
|move|p2a: Kool Monke|Flare Blitz|p1a: Swampert
|-resisted|p1a: Swampert
|-damage|p1a: Swampert|47/100
|-damage|p2a: Kool Monke|42/100|[from] Recoil
|
|-heal|p2a: Kool Monke|48/100|[from] Grassy Terrain
|-heal|p1a: Swampert|53/100|[from] Grassy Terrain
|-heal|p1a: Swampert|59/100|[from] item: Leftovers
|upkeep
|turn|11
|
|t:|1666686580
|move|p2a: Kool Monke|U-turn|p1a: Swampert
|-damage|p1a: Swampert|27/100
|-damage|p2a: Kool Monke|38/100|[from] item: Life Orb
|
|t:|1666686582
|switch|p2a: Cauet Burger|Rotom-Wash|100/100|[from]move: U-turn
|move|p1a: Swampert|Stealth Rock|p2a: Cauet Burger
|-sidestart|p2: EliotEnRetar|move: Stealth Rock
|
|-heal|p1a: Swampert|33/100|[from] Grassy Terrain
|-heal|p1a: Swampert|39/100|[from] item: Leftovers
|-fieldend|move: Grassy Terrain
|upkeep
|turn|12
|
|t:|1666686585
|move|p2a: Cauet Burger|Defog|p1a: Swampert
|-unboost|p1a: Swampert|evasion|1
|-sideend|p2: EliotEnRetar|Stealth Rock|[from] move: Defog|[of] p2a: Cauet Burger
|move|p1a: Swampert|Toxic|p2a: Cauet Burger
|-status|p2a: Cauet Burger|tox
|
|-heal|p1a: Swampert|46/100|[from] item: Leftovers
|-damage|p2a: Cauet Burger|94/100 tox|[from] psn
|upkeep
|turn|13
|
|t:|1666686588
|move|p2a: Cauet Burger|Hydro Pump|p1a: Swampert
|-damage|p1a: Swampert|19/100
|move|p1a: Swampert|Stealth Rock|p2a: Cauet Burger
|-sidestart|p2: EliotEnRetar|move: Stealth Rock
|
|-heal|p2a: Cauet Burger|100/100 tox|[from] item: Leftovers
|-heal|p1a: Swampert|25/100|[from] item: Leftovers
|-damage|p2a: Cauet Burger|88/100 tox|[from] psn
|upkeep
|turn|14
|
|t:|1666686594
|move|p2a: Cauet Burger|Defog|p1a: Swampert
|-unboost|p1a: Swampert|evasion|1
|-sideend|p2: EliotEnRetar|Stealth Rock|[from] move: Defog|[of] p2a: Cauet Burger
|move|p1a: Swampert|Stealth Rock|p2a: Cauet Burger
|-sidestart|p2: EliotEnRetar|move: Stealth Rock
|
|-heal|p2a: Cauet Burger|94/100 tox|[from] item: Leftovers
|-heal|p1a: Swampert|31/100|[from] item: Leftovers
|-damage|p2a: Cauet Burger|75/100 tox|[from] psn
|upkeep
|turn|15
|
|t:|1666686599
|switch|p2a: Fabriste Yoghurt|Zygarde-10%|100/100
|-damage|p2a: Fabriste Yoghurt|94/100|[from] Stealth Rock
|-ability|p2a: Fabriste Yoghurt|Aura Break
|switch|p1a: Amoonguss|Amoonguss, F|100/100
|
|upkeep
|turn|16
|
|t:|1666686606
|move|p2a: Fabriste Yoghurt|Outrage|p1a: Amoonguss
|-damage|p1a: Amoonguss|47/100
|move|p1a: Amoonguss|Giga Drain|p2a: Fabriste Yoghurt
|-damage|p2a: Fabriste Yoghurt|60/100
|-heal|p1a: Amoonguss|57/100|[from] drain|[of] p2a: Fabriste Yoghurt
|
|upkeep
|turn|17
|
|t:|1666686609
|switch|p1a: Primarina|Primarina, F|100/100
|move|p2a: Fabriste Yoghurt|Outrage|p1a: Primarina|[from]lockedmove
|-immune|p1a: Primarina
|-start|p2a: Fabriste Yoghurt|confusion|[fatigue]
|
|upkeep
|turn|18
|
|t:|1666686623
|switch|p2a: Tapu Bulu|Tapu Bulu|73/100
|-damage|p2a: Tapu Bulu|60/100|[from] Stealth Rock
|-fieldstart|move: Grassy Terrain|[from] ability: Grassy Surge|[of] p2a: Tapu Bulu
|move|p1a: Primarina|Surf|p2a: Tapu Bulu
|-resisted|p2a: Tapu Bulu
|-damage|p2a: Tapu Bulu|19/100
|
|-heal|p2a: Tapu Bulu|25/100|[from] Grassy Terrain
|upkeep
|turn|19
|
|t:|1666686630
|switch|p1a: Amoonguss|Amoonguss, F|90/100
|move|p2a: Tapu Bulu|Synthesis|p2a: Tapu Bulu
|-heal|p2a: Tapu Bulu|75/100
|
|-heal|p2a: Tapu Bulu|81/100|[from] Grassy Terrain
|-heal|p1a: Amoonguss|97/100|[from] Grassy Terrain
|upkeep
|turn|20
|
|t:|1666686645
|switch|p2a: Jirachi|Jirachi|100/100
|-damage|p2a: Jirachi|94/100|[from] Stealth Rock
|switch|p1a: Zygarde|Zygarde-10%|100/100
|-ability|p1a: Zygarde|Aura Break
|
|-heal|p2a: Jirachi|100/100|[from] Grassy Terrain
|upkeep
|turn|21
|
|t:|1666686655
|move|p2a: Jirachi|Iron Head|p1a: Zygarde
|-damage|p1a: Zygarde|40/100
|cant|p1a: Zygarde|flinch
|
|-heal|p1a: Zygarde|46/100|[from] Grassy Terrain
|upkeep
|turn|22
|
|t:|1666686665
|switch|p2a: Tapu Bulu|Tapu Bulu|81/100
|-damage|p2a: Tapu Bulu|69/100|[from] Stealth Rock
|switch|p1a: Mandibuzz|Mandibuzz, F|100/100
|
|-heal|p2a: Tapu Bulu|75/100|[from] Grassy Terrain
|-fieldend|move: Grassy Terrain
|upkeep
|turn|23
|
|t:|1666686677
|switch|p2a: Cauet Burger|Rotom-Wash|75/100 tox
|-damage|p2a: Cauet Burger|63/100 tox|[from] Stealth Rock
|switch|p1a: Amoonguss|Amoonguss, F|100/100
|
|-heal|p2a: Cauet Burger|69/100 tox|[from] item: Leftovers
|-damage|p2a: Cauet Burger|63/100 tox|[from] psn
|upkeep
|turn|24
|
|t:|1666686681
|move|p2a: Cauet Burger|Defog|p1a: Amoonguss
|-unboost|p1a: Amoonguss|evasion|1
|-sideend|p2: EliotEnRetar|Stealth Rock|[from] move: Defog|[of] p2a: Cauet Burger
|move|p1a: Amoonguss|Giga Drain|p2a: Cauet Burger
|-supereffective|p2a: Cauet Burger
|-damage|p2a: Cauet Burger|11/100 tox
|
|-heal|p2a: Cauet Burger|17/100 tox|[from] item: Leftovers
|-damage|p2a: Cauet Burger|5/100 tox|[from] psn
|upkeep
|turn|25
|
|t:|1666686686
|switch|p1a: Swampert|Swampert, F|31/100
|move|p2a: Cauet Burger|Volt Switch|p1a: Swampert
|-immune|p1a: Swampert
|
|-heal|p2a: Cauet Burger|11/100 tox|[from] item: Leftovers
|-heal|p1a: Swampert|37/100|[from] item: Leftovers
|-damage|p2a: Cauet Burger|0 fnt|[from] psn
|faint|p2a: Cauet Burger
|upkeep
|
|t:|1666686699
|switch|p2a: Kool Monke|Darmanitan, M|38/100
|turn|26
|
|t:|1666686709
|switch|p1a: Primarina|Primarina, F|100/100
|move|p2a: Kool Monke|Flare Blitz|p1a: Primarina
|-resisted|p1a: Primarina
|-damage|p1a: Primarina|16/100
|-damage|p2a: Kool Monke|13/100|[from] Recoil
|
|upkeep
|turn|27
|
|t:|1666686721
|move|p2a: Kool Monke|Flare Blitz|p1a: Primarina
|-resisted|p1a: Primarina
|-damage|p1a: Primarina|0 fnt
|faint|p1a: Primarina
|-damage|p2a: Kool Monke|8/100|[from] Recoil
|
|upkeep
|
|t:|1666686727
|switch|p1a: Zygarde|Zygarde-10%|46/100
|-ability|p1a: Zygarde|Aura Break
|turn|28
|
|t:|1666686731
|switch|p2a: Tapu Bulu|Tapu Bulu|75/100
|-fieldstart|move: Grassy Terrain|[from] ability: Grassy Surge|[of] p2a: Tapu Bulu
|move|p1a: Zygarde|Thousand Arrows|p2a: Tapu Bulu
|-resisted|p2a: Tapu Bulu
|-damage|p2a: Tapu Bulu|50/100
|
|-heal|p1a: Zygarde|52/100|[from] Grassy Terrain
|-heal|p2a: Tapu Bulu|57/100|[from] Grassy Terrain
|upkeep
|turn|29
|inactive|EliotEnRetar has 120 seconds left.
|
|t:|1666686765
|switch|p1a: Swampert|Swampert, F|37/100
|move|p2a: Tapu Bulu|Synthesis|p2a: Tapu Bulu
|-heal|p2a: Tapu Bulu|100/100
|
|-heal|p1a: Swampert|44/100|[from] Grassy Terrain
|-heal|p1a: Swampert|50/100|[from] item: Leftovers
|upkeep
|turn|30
|
|t:|1666686769
|switch|p1a: Amoonguss|Amoonguss, F|100/100
|move|p2a: Tapu Bulu|Horn Leech|p1a: Amoonguss
|-resisted|p1a: Amoonguss
|-damage|p1a: Amoonguss|93/100
|
|-heal|p1a: Amoonguss|99/100|[from] Grassy Terrain
|upkeep
|turn|31
|
|t:|1666686773
|switch|p2a: Jirachi|Jirachi|100/100
|move|p1a: Amoonguss|Giga Drain|p2a: Jirachi
|-resisted|p2a: Jirachi
|-damage|p2a: Jirachi|86/100
|-heal|p1a: Amoonguss|100/100|[from] drain|[of] p2a: Jirachi
|
|-heal|p2a: Jirachi|92/100|[from] Grassy Terrain
|upkeep
|turn|32
|
|t:|1666686780
|switch|p1a: Mandibuzz|Mandibuzz, F|100/100
|move|p2a: Jirachi|U-turn|p1a: Mandibuzz
|-damage|p1a: Mandibuzz|88/100
|
|t:|1666686783
|switch|p2a: Kool Monke|Darmanitan, M|8/100|[from]move: U-turn
|
|-heal|p2a: Kool Monke|14/100|[from] Grassy Terrain
|-fieldend|move: Grassy Terrain
|upkeep
|turn|33
|
|t:|1666686788
|move|p2a: Kool Monke|U-turn|p1a: Mandibuzz
|-damage|p1a: Mandibuzz|68/100
|-damage|p2a: Kool Monke|4/100|[from] item: Life Orb
|
|t:|1666686790
|switch|p2a: Tapu Bulu|Tapu Bulu|100/100|[from]move: U-turn
|-fieldstart|move: Grassy Terrain|[from] ability: Grassy Surge|[of] p2a: Tapu Bulu
|move|p1a: Mandibuzz|Foul Play|p2a: Tapu Bulu
|-resisted|p2a: Tapu Bulu
|-damage|p2a: Tapu Bulu|83/100
|-damage|p1a: Mandibuzz|52/100|[from] item: Rocky Helmet|[of] p2a: Tapu Bulu
|
|-heal|p2a: Tapu Bulu|89/100|[from] Grassy Terrain
|upkeep
|turn|34
|
|t:|1666686798
|switch|p2a: Jirachi|Jirachi|92/100
|move|p1a: Mandibuzz|Roost|p1a: Mandibuzz
|-heal|p1a: Mandibuzz|100/100
|-singleturn|p1a: Mandibuzz|move: Roost
|
|-heal|p2a: Jirachi|98/100|[from] Grassy Terrain
|upkeep
|turn|35
|
|t:|1666686802
|move|p2a: Jirachi|U-turn|p1a: Mandibuzz
|-damage|p1a: Mandibuzz|89/100
|
|t:|1666686805
|switch|p2a: ZZCC|Drapion, F|80/100 slp|[from]move: U-turn
|move|p1a: Mandibuzz|U-turn|p2a: ZZCC
|-damage|p2a: ZZCC|67/100 slp
|
|t:|1666686811
|switch|p1a: Zygarde|Zygarde-10%|52/100|[from]move: U-turn
|-ability|p1a: Zygarde|Aura Break
|
|-heal|p1a: Zygarde|58/100|[from] Grassy Terrain
|-heal|p2a: ZZCC|73/100 slp|[from] Grassy Terrain
|upkeep
|turn|36
|
|t:|1666686814
|switch|p2a: Tapu Bulu|Tapu Bulu|89/100
|move|p1a: Zygarde|Thousand Arrows|p2a: Tapu Bulu
|-resisted|p2a: Tapu Bulu
|-damage|p2a: Tapu Bulu|62/100
|
|-heal|p1a: Zygarde|64/100|[from] Grassy Terrain
|-heal|p2a: Tapu Bulu|68/100|[from] Grassy Terrain
|upkeep
|turn|37
|
|t:|1666686825
|switch|p1a: Amoonguss|Amoonguss, F|100/100
|move|p2a: Tapu Bulu|Horn Leech|p1a: Amoonguss
|-resisted|p1a: Amoonguss
|-damage|p1a: Amoonguss|93/100
|-heal|p2a: Tapu Bulu|73/100|[from] drain|[of] p1a: Amoonguss
|
|-heal|p2a: Tapu Bulu|79/100|[from] Grassy Terrain
|-heal|p1a: Amoonguss|99/100|[from] Grassy Terrain
|-fieldend|move: Grassy Terrain
|upkeep
|turn|38
|
|t:|1666686831
|switch|p2a: Jirachi|Jirachi|98/100
|switch|p1a: Swampert|Swampert, F|50/100
|
|-heal|p1a: Swampert|56/100|[from] item: Leftovers
|upkeep
|turn|39
|
|t:|1666686834
|move|p2a: Jirachi|Zen Headbutt|p1a: Swampert
|-damage|p1a: Swampert|25/100
|cant|p1a: Swampert|flinch
|
|-heal|p1a: Swampert|31/100|[from] item: Leftovers
|upkeep
|turn|40
|
|t:|1666686842
|switch|p2a: Tapu Bulu|Tapu Bulu|79/100
|-fieldstart|move: Grassy Terrain|[from] ability: Grassy Surge|[of] p2a: Tapu Bulu
|move|p1a: Swampert|Stealth Rock|p2a: Tapu Bulu
|-sidestart|p2: EliotEnRetar|move: Stealth Rock
|
|-heal|p2a: Tapu Bulu|85/100|[from] Grassy Terrain
|-heal|p1a: Swampert|37/100|[from] Grassy Terrain
|-heal|p1a: Swampert|43/100|[from] item: Leftovers
|upkeep
|turn|41
|
|t:|1666686856
|switch|p2a: Jirachi|Jirachi|98/100
|-damage|p2a: Jirachi|92/100|[from] Stealth Rock
|switch|p1a: Amoonguss|Amoonguss, F|100/100
|
|-heal|p2a: Jirachi|98/100|[from] Grassy Terrain
|upkeep
|turn|42
|
|t:|1666686861
|switch|p1a: Mandibuzz|Mandibuzz, F|89/100
|move|p2a: Jirachi|Healing Wish|p2a: Jirachi
|faint|p2a: Jirachi
|
|upkeep
|
|t:|1666686863
|switch|p2a: Kool Monke|Darmanitan, M|4/100
|-heal|p2a: Kool Monke|100/100|[from] move: Healing Wish
|-damage|p2a: Kool Monke|76/100|[from] Stealth Rock
|turn|43
|
|t:|1666686870
|move|p2a: Kool Monke|Rock Slide|p1a: Mandibuzz
|-supereffective|p1a: Mandibuzz
|-damage|p1a: Mandibuzz|27/100
|move|p1a: Mandibuzz|Foul Play|p2a: Kool Monke
|-damage|p2a: Kool Monke|0 fnt
|faint|p2a: Kool Monke
|
|upkeep
|
|t:|1666686878
|switch|p2a: Fabriste Yoghurt|Zygarde-10%|60/100
|-damage|p2a: Fabriste Yoghurt|54/100|[from] Stealth Rock
|-ability|p2a: Fabriste Yoghurt|Aura Break
|turn|44
|
|t:|1666686881
|move|p2a: Fabriste Yoghurt|Outrage|p1a: Mandibuzz
|-damage|p1a: Mandibuzz|0 fnt
|faint|p1a: Mandibuzz
|
|-heal|p2a: Fabriste Yoghurt|60/100|[from] Grassy Terrain
|-fieldend|move: Grassy Terrain
|upkeep
|
|t:|1666686885
|switch|p1a: Indeedee|Indeedee, M|100/100
|-fieldstart|move: Psychic Terrain|[from] ability: Psychic Surge|[of] p1a: Indeedee
|turn|45
|
|t:|1666686887
|move|p1a: Indeedee|Expanding Force|p2a: Fabriste Yoghurt
|-damage|p2a: Fabriste Yoghurt|0 fnt
|faint|p2a: Fabriste Yoghurt
|
|upkeep
|
|t:|1666686889
|switch|p2a: ZZCC|Drapion, F|73/100 slp
|-damage|p2a: ZZCC|61/100 slp|[from] Stealth Rock
|turn|46
|
|t:|1666686892
|switch|p1a: Zygarde|Zygarde-10%|64/100
|-ability|p1a: Zygarde|Aura Break
|cant|p2a: ZZCC|slp
|
|upkeep
|turn|47
|
|t:|1666686894
|switch|p2a: Tapu Bulu|Tapu Bulu|85/100
|-damage|p2a: Tapu Bulu|73/100|[from] Stealth Rock
|-fieldstart|move: Grassy Terrain|[from] ability: Grassy Surge|[of] p2a: Tapu Bulu
|move|p1a: Zygarde|Thousand Arrows|p2a: Tapu Bulu
|-resisted|p2a: Tapu Bulu
|-damage|p2a: Tapu Bulu|47/100
|
|-heal|p1a: Zygarde|70/100|[from] Grassy Terrain
|-heal|p2a: Tapu Bulu|53/100|[from] Grassy Terrain
|upkeep
|turn|48
|
|t:|1666686898
|switch|p1a: Amoonguss|Amoonguss, F|100/100
|switch|p2a: ZZCC|Drapion, F|61/100 slp
|-damage|p2a: ZZCC|48/100 slp|[from] Stealth Rock
|
|-heal|p2a: ZZCC|54/100 slp|[from] Grassy Terrain
|upkeep
|turn|49
|
|t:|1666686904
|-curestatus|p2a: ZZCC|slp|[msg]
|move|p2a: ZZCC|Knock Off|p1a: Amoonguss
|-damage|p1a: Amoonguss|77/100
|-damage|p2a: ZZCC|44/100|[from] item: Life Orb
|move|p1a: Amoonguss|Giga Drain|p2a: ZZCC
|-resisted|p2a: ZZCC
|-damage|p2a: ZZCC|22/100
|-heal|p1a: Amoonguss|84/100|[from] drain|[of] p2a: ZZCC
|
|-heal|p2a: ZZCC|28/100|[from] Grassy Terrain
|-heal|p1a: Amoonguss|90/100|[from] Grassy Terrain
|upkeep
|turn|50
|
|t:|1666686908
|move|p2a: ZZCC|Swords Dance|p2a: ZZCC
|-boost|p2a: ZZCC|atk|2
|move|p1a: Amoonguss|Giga Drain|p2a: ZZCC
|-resisted|p2a: ZZCC
|-damage|p2a: ZZCC|7/100
|-heal|p1a: Amoonguss|97/100|[from] drain|[of] p2a: ZZCC
|
|-heal|p2a: ZZCC|13/100|[from] Grassy Terrain
|-heal|p1a: Amoonguss|100/100|[from] Grassy Terrain
|upkeep
|turn|51
|
|t:|1666686913
|move|p2a: ZZCC|Poison Jab|p1a: Amoonguss
|-damage|p1a: Amoonguss|38/100
|-damage|p2a: ZZCC|3/100|[from] item: Life Orb
|move|p1a: Amoonguss|Giga Drain|p2a: ZZCC
|-resisted|p2a: ZZCC
|-damage|p2a: ZZCC|0 fnt
|-heal|p1a: Amoonguss|39/100|[from] drain|[of] p2a: ZZCC
|faint|p2a: ZZCC
|
|-heal|p1a: Amoonguss|45/100|[from] Grassy Terrain
|-fieldend|move: Grassy Terrain
|upkeep
|
|t:|1666686916
|switch|p2a: Tapu Bulu|Tapu Bulu|53/100
|-damage|p2a: Tapu Bulu|40/100|[from] Stealth Rock
|-fieldstart|move: Grassy Terrain|[from] ability: Grassy Surge|[of] p2a: Tapu Bulu
|turn|52
|c|☆misplayin|gg
|c|☆EliotEnRetar|fuck u
|c|☆misplayin|lmao
|-message|EliotEnRetar forfeited.
|
|win|misplayin
|raw|misplayin's rating: 1520 &rarr; <strong>1542</strong><br />(+22 for winning)
|raw|EliotEnRetar's rating: 1558 &rarr; <strong>1536</strong><br />(-22 for losing)
|l|☆EliotEnRetar
|l|☆misplayin
|j|☆misplayin
|player|p1|misplayin|bugsy
