|j|☆zouzouni12
|j|☆Fousfull
|t:|1662329996
|gametype|singles
|player|p1|zouzouni12|2|1513
|player|p2|Fousfull|lucas|1608
|teamsize|p1|6
|teamsize|p2|6
|gen|8
|tier|[Gen 8] UU
|rated|
|rule|Sleep Clause Mod: Limit one foe put to sleep
|rule|Species Clause: Limit one of each Pokémon
|rule|OHKO Clause: OHKO moves are banned
|rule|Evasion Items Clause: Evasion items are banned
|rule|Evasion Moves Clause: Evasion moves are banned
|rule|Endless Battle Clause: Forcing endless battles is banned
|rule|HP Percentage Mod: HP is shown in percentages
|rule|Dynamax Clause: You cannot dynamax
|clearpoke
|poke|p1|Torkoal, M|
|poke|p1|Venusaur, M|
|poke|p1|Rotom-Wash|
|poke|p1|Mamoswine, M|
|poke|p1|Chansey, F|
|poke|p1|Darmanitan, M|
|poke|p2|Salamence, F|
|poke|p2|Slowking, M|
|poke|p2|Nihilego|
|poke|p2|Zarude-Dada|
|poke|p2|Cobalion|
|poke|p2|Mamoswine, F|
|teampreview
|
|t:|1662330009
|start
|switch|p1a: Torkoal|Torkoal, M|100/100
|switch|p2a: Zarude|Zarude-Dada|100/100
|-weather|SunnyDay|[from] ability: Drought|[of] p1a: Torkoal
|turn|1
|inactive|Battle timer is ON: inactive players will automatically lose when time's up. (requested by Fousfull)
|
|t:|1662330015
|move|p2a: Zarude|U-turn|p1a: Torkoal
|-resisted|p1a: Torkoal
|-damage|p1a: Torkoal|95/100
|
|t:|1662330018
|switch|p2a: Slowking|Slowking, M|100/100|[from]move: U-turn
|move|p1a: Torkoal|Toxic|p2a: Slowking
|-status|p2a: Slowking|tox
|
|-weather|SunnyDay|[upkeep]
|-damage|p2a: Slowking|94/100 tox|[from] psn
|upkeep
|turn|2
|
|t:|1662330031
|switch|p1a: Chansey|Chansey, F|100/100
|move|p2a: Slowking|Teleport|p2a: Slowking
|
|t:|1662330034
|switch|p2a: Cobalion|Cobalion|100/100|[from]move: Teleport
|
|-weather|SunnyDay|[upkeep]
|upkeep
|turn|3
|
|t:|1662330038
|switch|p1a: Rotom|Rotom-Wash|100/100
|move|p2a: Cobalion|Stealth Rock|p1a: Rotom
|-sidestart|p1: zouzouni12|move: Stealth Rock
|
|-weather|SunnyDay|[upkeep]
|upkeep
|turn|4
|
|t:|1662330045
|move|p2a: Cobalion|Close Combat|p1a: Rotom
|-damage|p1a: Rotom|66/100
|-unboost|p2a: Cobalion|def|1
|-unboost|p2a: Cobalion|spd|1
|move|p1a: Rotom|Defog|p2a: Cobalion
|-unboost|p2a: Cobalion|evasion|1
|-sideend|p1: zouzouni12|Stealth Rock|[from] move: Defog|[of] p1a: Rotom
|
|-weather|SunnyDay|[upkeep]
|-heal|p1a: Rotom|72/100|[from] item: Leftovers
|upkeep
|turn|5
|
|t:|1662330055
|move|p2a: Cobalion|Stealth Rock|p1a: Rotom
|-sidestart|p1: zouzouni12|move: Stealth Rock
|move|p1a: Rotom|Volt Switch|p2a: Cobalion
|-damage|p2a: Cobalion|46/100
|
|t:|1662330067
|switch|p1a: Venusaur|Venusaur, M|100/100|[from]move: Volt Switch
|-damage|p1a: Venusaur|88/100|[from] Stealth Rock
|
|-weather|SunnyDay|[upkeep]
|upkeep
|turn|6
|inactive|Fousfull has 120 seconds left.
|
|t:|1662330103
|switch|p1a: Chansey|Chansey, F|100/100
|-damage|p1a: Chansey|88/100|[from] Stealth Rock
|move|p2a: Cobalion|Stone Edge|p1a: Chansey|[miss]
|-miss|p2a: Cobalion|p1a: Chansey
|
|-weather|SunnyDay|[upkeep]
|upkeep
|turn|7
|inactive|zouzouni12 has 120 seconds left.
|
|t:|1662330148
|switch|p1a: Rotom|Rotom-Wash|72/100
|-damage|p1a: Rotom|60/100|[from] Stealth Rock
|move|p2a: Cobalion|Close Combat|p1a: Rotom
|-damage|p1a: Rotom|24/100
|-unboost|p2a: Cobalion|def|1
|-unboost|p2a: Cobalion|spd|1
|
|-weather|SunnyDay|[upkeep]
|-heal|p1a: Rotom|30/100|[from] item: Leftovers
|upkeep
|turn|8
|
|t:|1662330159
|move|p2a: Cobalion|Close Combat|p1a: Rotom
|-damage|p1a: Rotom|0 fnt
|-unboost|p2a: Cobalion|def|1
|-unboost|p2a: Cobalion|spd|1
|faint|p1a: Rotom
|
|-weather|none
|upkeep
|inactive|zouzouni12 has 90 seconds left.
|
|t:|1662330172
|switch|p1a: Torkoal|Torkoal, M|95/100
|-damage|p1a: Torkoal|70/100|[from] Stealth Rock
|-weather|SunnyDay|[from] ability: Drought|[of] p1a: Torkoal
|turn|9
|
|t:|1662330182
|move|p2a: Cobalion|Close Combat|p1a: Torkoal
|-damage|p1a: Torkoal|42/100
|-unboost|p2a: Cobalion|def|1
|-unboost|p2a: Cobalion|spd|1
|move|p1a: Torkoal|Rapid Spin|p2a: Cobalion
|-resisted|p2a: Cobalion
|-crit|p2a: Cobalion
|-damage|p2a: Cobalion|27/100
|-boost|p1a: Torkoal|spe|1
|-damage|p1a: Torkoal|26/100|[from] item: Rocky Helmet|[of] p2a: Cobalion
|-sideend|p1: zouzouni12|Stealth Rock|[from] move: Rapid Spin|[of] p1a: Torkoal
|
|-weather|SunnyDay|[upkeep]
|upkeep
|turn|10
|inactive|zouzouni12 has 90 seconds left.
|
|t:|1662330206
|switch|p1a: Venusaur|Venusaur, M|88/100
|move|p2a: Cobalion|Stealth Rock|p1a: Venusaur
|-sidestart|p1: zouzouni12|move: Stealth Rock
|
|-weather|SunnyDay|[upkeep]
|upkeep
|turn|11
|inactive|zouzouni12 has 90 seconds left.
|
|t:|1662330219
|move|p1a: Venusaur|Giga Drain|p2a: Cobalion
|-resisted|p2a: Cobalion
|-damage|p2a: Cobalion|0 fnt
|-heal|p1a: Venusaur|100/100|[from] drain|[of] p2a: Cobalion
|faint|p2a: Cobalion
|-damage|p1a: Venusaur|91/100|[from] item: Life Orb
|
|-weather|SunnyDay|[upkeep]
|upkeep
|
|t:|1662330230
|switch|p2a: Nihilego|Nihilego|100/100
|turn|12
|
|t:|1662330238
|move|p1a: Venusaur|Earth Power|p2a: Nihilego
|-supereffective|p2a: Nihilego
|-damage|p2a: Nihilego|10/100
|-damage|p1a: Venusaur|81/100|[from] item: Life Orb
|move|p2a: Nihilego|Sludge Wave|p1a: Venusaur
|-crit|p1a: Venusaur
|-damage|p1a: Venusaur|0 fnt
|faint|p1a: Venusaur
|-ability|p2a: Nihilego|Beast Boost|boost
|-boost|p2a: Nihilego|spe|1
|
|-weather|SunnyDay|[upkeep]
|upkeep
|inactive|zouzouni12 has 90 seconds left.
|
|t:|1662330250
|switch|p1a: Mamoswine|Mamoswine, M|100/100
|-damage|p1a: Mamoswine|88/100|[from] Stealth Rock
|turn|13
|
|t:|1662330272
|switch|p2a: Slowking|Slowking, M|100/100 tox
|move|p1a: Mamoswine|Ice Shard|p2a: Slowking
|-resisted|p2a: Slowking
|-damage|p2a: Slowking|92/100 tox
|
|-weather|SunnyDay|[upkeep]
|-damage|p2a: Slowking|86/100 tox|[from] psn
|upkeep
|turn|14
|
|t:|1662330280
|move|p1a: Mamoswine|Knock Off|p2a: Slowking
|-supereffective|p2a: Slowking
|-enditem|p2a: Slowking|Colbur Berry|[eat]
|-enditem|p2a: Slowking|Colbur Berry|[weaken]
|-damage|p2a: Slowking|60/100 tox
|move|p2a: Slowking|Teleport|p2a: Slowking
|
|t:|1662330283
|switch|p2a: Mamoswine|Mamoswine, F|100/100|[from]move: Teleport
|
|-weather|SunnyDay|[upkeep]
|upkeep
|turn|15
|
|t:|1662330292
|move|p1a: Mamoswine|Icicle Crash|p2a: Mamoswine
|-damage|p2a: Mamoswine|41/100
|move|p2a: Mamoswine|Earthquake|p1a: Mamoswine
|-damage|p1a: Mamoswine|0 fnt
|faint|p1a: Mamoswine
|
|-weather|SunnyDay|[upkeep]
|upkeep
|
|t:|1662330306
|switch|p1a: Darmanitan|Darmanitan, M|100/100
|-damage|p1a: Darmanitan|75/100|[from] Stealth Rock
|turn|16
|
|t:|1662330335
|switch|p2a: Salamence|Salamence, F|100/100
|-ability|p2a: Salamence|Intimidate|boost
|-unboost|p1a: Darmanitan|atk|1
|move|p1a: Darmanitan|Flare Blitz|p2a: Salamence
|-resisted|p2a: Salamence
|-damage|p2a: Salamence|48/100
|-damage|p1a: Darmanitan|59/100|[from] Recoil
|
|-weather|none
|upkeep
|turn|17
|inactive|zouzouni12 has 120 seconds left.
|c|☆zouzouni12|pu ssy your mom sucks my d1ck'
|n|‽zouzouni12|zouzouni12
|c|&|/log zouzouni12 was locked from talking by Artemis (☆zouzouni12: pu ssy your mom sucks my d1ck')
|c|&|/raw <small>This action was done automatically. Want to learn more about the AI? <a href="https://www.smogon.com/forums/threads/3570628/#post-9056769">Visit the information thread</a>.</small>
|inactive|zouzouni12 has 90 seconds left.
|inactive|zouzouni12 has 60 seconds left.
|inactive|zouzouni12 has 30 seconds left.
|inactive|zouzouni12 has 20 seconds left.
|inactive|zouzouni12 has 15 seconds left.
|inactive|zouzouni12 has 10 seconds left.
|inactive|zouzouni12 has 5 seconds left.
|-message|zouzouni12 lost due to inactivity.
|
|win|Fousfull
|raw|zouzouni12's rating: 1513 &rarr; <strong>1498</strong><br />(-15 for losing)
|raw|Fousfull's rating: 1608 &rarr; <strong>1623</strong><br />(+15 for winning)
||Ladder isn't responding, score probably updated but might not have (Request timeout).
