|j|☆NonolandoscarfNOOO
|j|☆DDD951
|t:|1665349684
|gametype|singles
|player|p1|NonolandoscarfNOOO|veteran|1325
|player|p2|DDD951|1|1520
|teamsize|p1|6
|teamsize|p2|6
|gen|8
|tier|[Gen 8] UU
|rated|
|rule|Sleep Clause Mod: Limit one foe put to sleep
|rule|Species Clause: Limit one of each Pokémon
|rule|OHKO Clause: OHKO moves are banned
|rule|Evasion Items Clause: Evasion items are banned
|rule|Evasion Moves Clause: Evasion moves are banned
|rule|Endless Battle Clause: Forcing endless battles is banned
|rule|HP Percentage Mod: HP is shown in percentages
|rule|Dynamax Clause: You cannot dynamax
|clearpoke
|poke|p1|Amoonguss, F|
|poke|p1|Azelf|
|poke|p1|Hydreigon, F|
|poke|p1|Skarmory, F|
|poke|p1|Salamence, F|
|poke|p1|Crawdaunt, F|
|poke|p2|Scizor, F|
|poke|p2|Gyarados, F|
|poke|p2|Regieleki|
|poke|p2|Hydreigon, M|
|poke|p2|Tangrowth, M|
|poke|p2|Mamoswine, M|
|teampreview
|
|t:|1665349692
|start
|switch|p1a: 3 QUEUE|Azelf|100/100
|switch|p2a: Regieleki|Regieleki|100/100
|turn|1
|
|t:|1665349724
|move|p2a: Regieleki|Volt Switch|p1a: 3 QUEUE
|-damage|p1a: 3 QUEUE|26/100
|
|t:|1665349729
|switch|p2a: Scizor|Scizor, F|100/100|[from]move: Volt Switch
|move|p1a: 3 QUEUE|Stealth Rock|p2a: Scizor
|-sidestart|p2: DDD951|move: Stealth Rock
|
|upkeep
|turn|2
|
|t:|1665349734
|move|p2a: Scizor|Bullet Punch|p1a: 3 QUEUE
|-damage|p1a: 3 QUEUE|0 fnt
|faint|p1a: 3 QUEUE
|
|upkeep
|
|t:|1665349744
|switch|p1a: Specs and die|Hydreigon, F|100/100
|turn|3
|
|t:|1665349752
|switch|p2a: Tangrowth|Tangrowth, M|100/100
|-damage|p2a: Tangrowth|88/100|[from] Stealth Rock
|move|p1a: Specs and die|Fire Blast|p2a: Tangrowth
|-supereffective|p2a: Tangrowth
|-damage|p2a: Tangrowth|42/100
|-status|p2a: Tangrowth|brn
|
|-damage|p2a: Tangrowth|35/100 brn|[from] brn
|upkeep
|turn|4
|
|t:|1665349762
|switch|p2a: Hydreigon|Hydreigon, M|100/100
|-damage|p2a: Hydreigon|88/100|[from] Stealth Rock
|move|p1a: Specs and die|Fire Blast|p2a: Hydreigon
|-resisted|p2a: Hydreigon
|-damage|p2a: Hydreigon|65/100
|
|upkeep
|turn|5
|
|t:|1665349769
|switch|p1a: Corviknight-|Skarmory, F|100/100
|move|p2a: Hydreigon|Dark Pulse|p1a: Corviknight-
|-damage|p1a: Corviknight-|20/100
|
|upkeep
|turn|6
|
|t:|1665349778
|switch|p1a: Specs and die|Hydreigon, F|100/100
|move|p2a: Hydreigon|Dark Pulse|p1a: Specs and die
|-resisted|p1a: Specs and die
|-damage|p1a: Specs and die|68/100
|
|upkeep
|turn|7
|
|t:|1665349785
|move|p1a: Specs and die|Draco Meteor|p2a: Hydreigon
|-supereffective|p2a: Hydreigon
|-damage|p2a: Hydreigon|0 fnt
|-unboost|p1a: Specs and die|spa|2
|faint|p2a: Hydreigon
|
|upkeep
|
|t:|1665349795
|switch|p2a: Mamoswine|Mamoswine, M|100/100
|-damage|p2a: Mamoswine|88/100|[from] Stealth Rock
|turn|8
|
|t:|1665349802
|switch|p1a: Fruit de mer|Crawdaunt, F|100/100
|move|p2a: Mamoswine|Stealth Rock|p1a: Fruit de mer
|-sidestart|p1: NonolandoscarfNOOO|move: Stealth Rock
|
|upkeep
|turn|9
|
|t:|1665349807
|move|p1a: Fruit de mer|Aqua Jet|p2a: Mamoswine
|-supereffective|p2a: Mamoswine
|-damage|p2a: Mamoswine|0 fnt
|faint|p2a: Mamoswine
|
|upkeep
|
|t:|1665349812
|switch|p2a: Regieleki|Regieleki|100/100
|turn|10
|
|t:|1665349818
|move|p1a: Fruit de mer|Aqua Jet|p2a: Regieleki
|-damage|p2a: Regieleki|17/100
|move|p2a: Regieleki|Volt Switch|p1a: Fruit de mer
|-supereffective|p1a: Fruit de mer
|-damage|p1a: Fruit de mer|0 fnt
|faint|p1a: Fruit de mer
|
|t:|1665349826
|switch|p2a: Scizor|Scizor, F|100/100|[from]move: Volt Switch
|-damage|p2a: Scizor|88/100|[from] Stealth Rock
|
|-heal|p2a: Scizor|94/100|[from] item: Leftovers
|upkeep
|
|t:|1665349830
|switch|p1a: Corviknight-|Skarmory, F|20/100
|-damage|p1a: Corviknight-|7/100|[from] Stealth Rock
|turn|11
|
|t:|1665349835
|move|p1a: Corviknight-|Roost|p1a: Corviknight-
|-heal|p1a: Corviknight-|57/100
|-singleturn|p1a: Corviknight-|move: Roost
|move|p2a: Scizor|U-turn|p1a: Corviknight-
|-resisted|p1a: Corviknight-
|-damage|p1a: Corviknight-|49/100
|-damage|p2a: Scizor|78/100|[from] item: Rocky Helmet|[of] p1a: Corviknight-
|
|t:|1665349842
|switch|p2a: Regieleki|Regieleki|17/100|[from]move: U-turn
|
|upkeep
|turn|12
|
|t:|1665349848
|move|p2a: Regieleki|Rapid Spin|p1a: Corviknight-
|-resisted|p1a: Corviknight-
|-damage|p1a: Corviknight-|46/100
|-boost|p2a: Regieleki|spe|1
|-damage|p2a: Regieleki|0 fnt|[from] item: Rocky Helmet|[of] p1a: Corviknight-
|faint|p2a: Regieleki
|move|p1a: Corviknight-|Defog|p2: Regieleki|[notarget]
|-fail|p1a: Corviknight-
|
|upkeep
|
|t:|1665349856
|switch|p2a: Gyarados|Gyarados, F|100/100
|-damage|p2a: Gyarados|76/100|[from] Stealth Rock
|-ability|p2a: Gyarados|Intimidate|boost
|-unboost|p1a: Corviknight-|atk|1
|turn|13
|
|t:|1665349861
|move|p2a: Gyarados|Substitute|p2a: Gyarados
|-start|p2a: Gyarados|Substitute
|-damage|p2a: Gyarados|51/100
|move|p1a: Corviknight-|Defog|p2a: Gyarados
|-sideend|p2: DDD951|Stealth Rock|[from] move: Defog|[of] p1a: Corviknight-
|-sideend|p1: NonolandoscarfNOOO|Stealth Rock|[from] move: Defog|[of] p1a: Corviknight-
|
|-heal|p2a: Gyarados|57/100|[from] item: Leftovers
|upkeep
|turn|14
|
|t:|1665349868
|move|p2a: Gyarados|Dragon Dance|p2a: Gyarados
|-boost|p2a: Gyarados|atk|1
|-boost|p2a: Gyarados|spe|1
|move|p1a: Corviknight-|Body Press|p2a: Gyarados
|-resisted|p2a: Gyarados
|-activate|p2a: Gyarados|move: Substitute|[damage]
|
|-heal|p2a: Gyarados|63/100|[from] item: Leftovers
|upkeep
|turn|15
|
|t:|1665349878
|switch|p1a: Among us|Amoonguss, F|100/100
|move|p2a: Gyarados|Dragon Dance|p2a: Gyarados
|-boost|p2a: Gyarados|atk|1
|-boost|p2a: Gyarados|spe|1
|
|-heal|p2a: Gyarados|69/100|[from] item: Leftovers
|upkeep
|turn|16
|
|t:|1665349885
|move|p2a: Gyarados|Bounce||[still]
|-prepare|p2a: Gyarados|Bounce
|move|p1a: Among us|Giga Drain|p2a: Gyarados|[miss]
|-miss|p1a: Among us|p2a: Gyarados
|
|-heal|p2a: Gyarados|75/100|[from] item: Leftovers
|upkeep
|turn|17
|j| Treyk
|
|t:|1665349890
|switch|p1a: Corviknight-|Skarmory, F|46/100
|move|p2a: Gyarados|Bounce|p1a: Corviknight-|[from]lockedmove
|-resisted|p1a: Corviknight-
|-damage|p1a: Corviknight-|23/100
|-status|p1a: Corviknight-|par
|-damage|p2a: Gyarados|59/100|[from] item: Rocky Helmet|[of] p1a: Corviknight-
|
|-heal|p2a: Gyarados|65/100|[from] item: Leftovers
|upkeep
|turn|18
|
|t:|1665349900
|move|p2a: Gyarados|Waterfall|p1a: Corviknight-
|-damage|p1a: Corviknight-|0 fnt
|-damage|p2a: Gyarados|48/100|[from] item: Rocky Helmet|[of] p1a: Corviknight-
|faint|p1a: Corviknight-
|
|-heal|p2a: Gyarados|54/100|[from] item: Leftovers
|upkeep
|
|t:|1665349906
|switch|p1a: Specs and die|Hydreigon, F|68/100
|turn|19
|
|t:|1665349909
|move|p2a: Gyarados|Bounce||[still]
|-prepare|p2a: Gyarados|Bounce
|move|p1a: Specs and die|Dark Pulse|p2a: Gyarados|[miss]
|-miss|p1a: Specs and die|p2a: Gyarados
|
|-heal|p2a: Gyarados|60/100|[from] item: Leftovers
|upkeep
|turn|20
|
|t:|1665349915
|move|p2a: Gyarados|Bounce|p1a: Specs and die|[from]lockedmove
|-damage|p1a: Specs and die|0 fnt
|faint|p1a: Specs and die
|
|-heal|p2a: Gyarados|66/100|[from] item: Leftovers
|upkeep
|
|t:|1665349919
|switch|p1a: Je roucool|Salamence, F|100/100
|turn|21
|
|t:|1665349923
|move|p2a: Gyarados|Bounce||[still]
|-prepare|p2a: Gyarados|Bounce
|move|p1a: Je roucool|Dual Wingbeat|p2a: Gyarados|[miss]
|-miss|p1a: Je roucool|p2a: Gyarados
|
|-heal|p2a: Gyarados|73/100|[from] item: Leftovers
|upkeep
|turn|22
|l| Treyk
|
|t:|1665349929
|move|p2a: Gyarados|Bounce|p1a: Je roucool|[from]lockedmove
|-damage|p1a: Je roucool|10/100
|move|p1a: Je roucool|Dual Wingbeat|p2a: Gyarados
|-end|p2a: Gyarados|Substitute
|-damage|p2a: Gyarados|52/100
|-hitcount|p2a: Gyarados|2
|
|-heal|p2a: Gyarados|59/100|[from] item: Leftovers
|upkeep
|turn|23
|
|t:|1665349938
|move|p2a: Gyarados|Waterfall|p1a: Je roucool
|-resisted|p1a: Je roucool
|-damage|p1a: Je roucool|0 fnt
|faint|p1a: Je roucool
|
|-heal|p2a: Gyarados|65/100|[from] item: Leftovers
|upkeep
|
|t:|1665349940
|switch|p1a: Among us|Amoonguss, F|100/100
|turn|24
|
|t:|1665349945
|move|p2a: Gyarados|Substitute|p2a: Gyarados
|-start|p2a: Gyarados|Substitute
|-damage|p2a: Gyarados|40/100
|move|p1a: Among us|Spore||[still]
|-fail|p1a: Among us
|
|-heal|p2a: Gyarados|46/100|[from] item: Leftovers
|upkeep
|turn|25
|-message|NonolandoscarfNOOO forfeited.
|
|win|DDD951
|raw|NonolandoscarfNOOO's rating: 1325 &rarr; <strong>1315</strong><br />(-10 for losing)
|raw|DDD951's rating: 1520 &rarr; <strong>1530</strong><br />(+10 for winning)
|l|☆NonolandoscarfNOOO
||Ladder isn't responding, score probably updated but might not have (Request timeout).
