|j|☆SerpentPhantom
|j|☆DarkHorse344
|t:|1663741188
|gametype|singles
|player|p1|SerpentPhantom|giovanni|1191
|player|p2|DarkHorse344|brendan-gen3rs|1116
|teamsize|p1|6
|teamsize|p2|6
|gen|8
|tier|[Gen 8] UU
|rated|
|rule|Sleep Clause Mod: Limit one foe put to sleep
|rule|Species Clause: Limit one of each Pokémon
|rule|OHKO Clause: OHKO moves are banned
|rule|Evasion Items Clause: Evasion items are banned
|rule|Evasion Moves Clause: Evasion moves are banned
|rule|Endless Battle Clause: Forcing endless battles is banned
|rule|HP Percentage Mod: HP is shown in percentages
|rule|Dynamax Clause: You cannot dynamax
|clearpoke
|poke|p1|Conkeldurr, M|
|poke|p1|Zarude|
|poke|p1|Jirachi|
|poke|p1|Hydreigon, M|
|poke|p1|Slowking, M|
|poke|p1|Nihilego|
|poke|p2|Azelf|
|poke|p2|Hydreigon, M|
|poke|p2|Hippowdon, F|
|poke|p2|Cobalion|
|poke|p2|Tangrowth, F|
|poke|p2|Crobat, F|
|teampreview
|inactive|Battle timer is ON: inactive players will automatically lose when time's up. (requested by SerpentPhantom)
|
|t:|1663741210
|start
|switch|p1a: Jirachi|Jirachi|100/100
|switch|p2a: Tangrowth|Tangrowth, F|100/100
|turn|1
|
|t:|1663741218
|move|p1a: Jirachi|Stealth Rock|p2a: Tangrowth
|-sidestart|p2: DarkHorse344|move: Stealth Rock
|move|p2a: Tangrowth|Knock Off|p1a: Jirachi
|-supereffective|p1a: Jirachi
|-damage|p1a: Jirachi|60/100
|-enditem|p1a: Jirachi|Leftovers|[from] move: Knock Off|[of] p2a: Tangrowth
|
|upkeep
|turn|2
|inactive|DarkHorse344 has 120 seconds left.
|
|t:|1663741248
|move|p1a: Jirachi|U-turn|p2a: Tangrowth
|-supereffective|p2a: Tangrowth
|-damage|p2a: Tangrowth|78/100
|
|t:|1663741260
|switch|p1a: Nihilego|Nihilego|100/100|[from]move: U-turn
|move|p2a: Tangrowth|Focus Blast|p1a: Nihilego
|-damage|p1a: Nihilego|79/100
|
|upkeep
|turn|3
|
|t:|1663741274
|move|p1a: Nihilego|Sludge Wave|p2a: Tangrowth
|-supereffective|p2a: Tangrowth
|-damage|p2a: Tangrowth|19/100
|move|p2a: Tangrowth|Knock Off|p1a: Nihilego
|-damage|p1a: Nihilego|45/100
|-enditem|p1a: Nihilego|Power Herb|[from] move: Knock Off|[of] p2a: Tangrowth
|
|upkeep
|turn|4
|
|t:|1663741283
|switch|p2a: Cobalion|Cobalion|100/100
|-damage|p2a: Cobalion|97/100|[from] Stealth Rock
|move|p1a: Nihilego|Sludge Wave|p2a: Cobalion
|-immune|p2a: Cobalion
|
|upkeep
|turn|5
|
|t:|1663741294
|switch|p1a: Conkeldurr|Conkeldurr, M|100/100
|move|p2a: Cobalion|Close Combat|p1a: Conkeldurr
|-damage|p1a: Conkeldurr|48/100
|-unboost|p2a: Cobalion|def|1
|-unboost|p2a: Cobalion|spd|1
|
|-status|p1a: Conkeldurr|brn|[from] item: Flame Orb
|upkeep
|turn|6
|
|t:|1663741306
|move|p1a: Conkeldurr|Mach Punch|p2a: Cobalion
|-supereffective|p2a: Cobalion
|-damage|p2a: Cobalion|8/100
|-damage|p1a: Conkeldurr|32/100 brn|[from] item: Rocky Helmet|[of] p2a: Cobalion
|move|p2a: Cobalion|Close Combat|p1a: Conkeldurr
|-damage|p1a: Conkeldurr|0 fnt
|-unboost|p2a: Cobalion|def|1
|-unboost|p2a: Cobalion|spd|1
|faint|p1a: Conkeldurr
|
|upkeep
|
|t:|1663741318
|switch|p1a: Slowking|Slowking, M|100/100
|turn|7
|
|t:|1663741324
|switch|p2a: Tangrowth|Tangrowth, F|52/100
|-damage|p2a: Tangrowth|40/100|[from] Stealth Rock
|move|p1a: Slowking|Future Sight|p2a: Tangrowth
|-start|p1a: Slowking|move: Future Sight
|
|upkeep
|turn|8
|
|t:|1663741332
|move|p2a: Tangrowth|Knock Off|p1a: Slowking
|-supereffective|p1a: Slowking
|-enditem|p1a: Slowking|Colbur Berry|[eat]
|-enditem|p1a: Slowking|Colbur Berry|[weaken]
|-damage|p1a: Slowking|85/100
|move|p1a: Slowking|Teleport|p1a: Slowking
|
|t:|1663741344
|switch|p1a: Nihilego|Nihilego|45/100|[from]move: Teleport
|
|upkeep
|turn|9
|
|t:|1663741349
|switch|p2a: Hydreigon|Hydreigon, M|100/100
|-damage|p2a: Hydreigon|88/100|[from] Stealth Rock
|move|p1a: Nihilego|Sludge Wave|p2a: Hydreigon
|-damage|p2a: Hydreigon|39/100
|
|-end|p2a: Hydreigon|move: Future Sight
|-immune|p2a: Hydreigon
|upkeep
|turn|10
|
|t:|1663741360
|move|p2a: Hydreigon|Draco Meteor|p1a: Nihilego
|-damage|p1a: Nihilego|0 fnt
|-unboost|p2a: Hydreigon|spa|2
|faint|p1a: Nihilego
|
|upkeep
|
|t:|1663741371
|switch|p1a: Zarude|Zarude|100/100
|turn|11
|
|t:|1663741381
|switch|p2a: Cobalion|Cobalion|8/100
|-damage|p2a: Cobalion|5/100|[from] Stealth Rock
|move|p1a: Zarude|U-turn|p2a: Cobalion
|-resisted|p2a: Cobalion
|-damage|p2a: Cobalion|0 fnt
|-damage|p1a: Zarude|84/100|[from] item: Rocky Helmet|[of] p2a: Cobalion
|faint|p2a: Cobalion
|
|t:|1663741392
|switch|p1a: Hydreigon|Hydreigon, M|100/100|[from]move: U-turn
|
|upkeep
|
|t:|1663741404
|switch|p2a: Hydreigon|Hydreigon, M|39/100
|-damage|p2a: Hydreigon|27/100|[from] Stealth Rock
|turn|12
|
|t:|1663741413
|move|p1a: Hydreigon|U-turn|p2a: Hydreigon
|-supereffective|p2a: Hydreigon
|-damage|p2a: Hydreigon|0 fnt
|faint|p2a: Hydreigon
|
|t:|1663741420
|switch|p1a: Jirachi|Jirachi|60/100|[from]move: U-turn
|
|upkeep
|
|t:|1663741446
|switch|p2a: Azelf|Azelf|100/100
|-damage|p2a: Azelf|88/100|[from] Stealth Rock
|turn|13
|
|t:|1663741457
|move|p2a: Azelf|Fire Blast|p1a: Jirachi
|-supereffective|p1a: Jirachi
|-damage|p1a: Jirachi|0 fnt
|faint|p1a: Jirachi
|
|upkeep
|
|t:|1663741470
|switch|p1a: Hydreigon|Hydreigon, M|100/100
|turn|14
|
|t:|1663741477
|switch|p2a: Hippowdon|Hippowdon, F|100/100
|-damage|p2a: Hippowdon|94/100|[from] Stealth Rock
|-weather|Sandstorm|[from] ability: Sand Stream|[of] p2a: Hippowdon
|move|p1a: Hydreigon|Dark Pulse|p2a: Hippowdon
|-damage|p2a: Hippowdon|54/100
|
|-weather|Sandstorm|[upkeep]
|-damage|p1a: Hydreigon|94/100|[from] Sandstorm
|-heal|p2a: Hippowdon|60/100|[from] item: Leftovers
|upkeep
|turn|15
|
|t:|1663741491
|switch|p1a: Zarude|Zarude|84/100
|move|p2a: Hippowdon|Slack Off|p2a: Hippowdon
|-heal|p2a: Hippowdon|100/100
|
|-weather|Sandstorm|[upkeep]
|-damage|p1a: Zarude|78/100|[from] Sandstorm
|upkeep
|turn|16
|
|t:|1663741503
|switch|p2a: Crobat|Crobat, F|100/100
|move|p1a: Zarude|Power Whip|p2a: Crobat
|-resisted|p2a: Crobat
|-damage|p2a: Crobat|83/100
|
|-weather|Sandstorm|[upkeep]
|-damage|p2a: Crobat|77/100|[from] Sandstorm
|-damage|p1a: Zarude|72/100|[from] Sandstorm
|upkeep
|turn|17
|
|t:|1663741514
|move|p2a: Crobat|Roost|p2a: Crobat
|-heal|p2a: Crobat|100/100
|-singleturn|p2a: Crobat|move: Roost
|move|p1a: Zarude|U-turn|p2a: Crobat
|-resisted|p2a: Crobat
|-damage|p2a: Crobat|84/100
|
|t:|1663741521
|switch|p1a: Slowking|Slowking, M|100/100|[from]move: U-turn
|
|-weather|Sandstorm|[upkeep]
|-damage|p2a: Crobat|78/100|[from] Sandstorm
|-damage|p1a: Slowking|94/100|[from] Sandstorm
|upkeep
|turn|18
|
|t:|1663741529
|move|p2a: Crobat|Defog|p1a: Slowking
|-unboost|p1a: Slowking|evasion|1
|-sideend|p2: DarkHorse344|Stealth Rock|[from] move: Defog|[of] p2a: Crobat
|move|p1a: Slowking|Future Sight|p2a: Crobat
|-start|p1a: Slowking|move: Future Sight
|
|-weather|none
|upkeep
|turn|19
|
|t:|1663741539
|move|p2a: Crobat|U-turn|p1a: Slowking
|-supereffective|p1a: Slowking
|-damage|p1a: Slowking|66/100
|
|t:|1663741541
|switch|p2a: Tangrowth|Tangrowth, F|73/100|[from]move: U-turn
|move|p1a: Slowking|Teleport|p1a: Slowking
|
|t:|1663741547
|switch|p1a: Hydreigon|Hydreigon, M|94/100|[from]move: Teleport
|
|upkeep
|turn|20
|
|t:|1663741557
|move|p1a: Hydreigon|Draco Meteor|p2a: Tangrowth
|-damage|p2a: Tangrowth|33/100
|-unboost|p1a: Hydreigon|spa|2
|move|p2a: Tangrowth|Focus Blast|p1a: Hydreigon|[miss]
|-miss|p2a: Tangrowth|p1a: Hydreigon
|
|-end|p2a: Tangrowth|move: Future Sight
|-damage|p2a: Tangrowth|7/100
|upkeep
|turn|21
|
|t:|1663741569
|switch|p2a: Hippowdon|Hippowdon, F|100/100
|-weather|Sandstorm|[from] ability: Sand Stream|[of] p2a: Hippowdon
|move|p1a: Hydreigon|Draco Meteor|p2a: Hippowdon
|-crit|p2a: Hippowdon
|-damage|p2a: Hippowdon|12/100
|-unboost|p1a: Hydreigon|spa|2
|
|-weather|Sandstorm|[upkeep]
|-damage|p1a: Hydreigon|88/100|[from] Sandstorm
|-heal|p2a: Hippowdon|19/100|[from] item: Leftovers
|upkeep
|turn|22
|
|t:|1663741583
|switch|p1a: Zarude|Zarude|72/100
|switch|p2a: Tangrowth|Tangrowth, F|40/100
|
|-weather|Sandstorm|[upkeep]
|-damage|p1a: Zarude|66/100|[from] Sandstorm
|-damage|p2a: Tangrowth|34/100|[from] Sandstorm
|upkeep
|turn|23
|
|t:|1663741592
|switch|p2a: Crobat|Crobat, F|78/100
|move|p1a: Zarude|U-turn|p2a: Crobat
|-resisted|p2a: Crobat
|-damage|p2a: Crobat|71/100
|
|t:|1663741598
|switch|p1a: Slowking|Slowking, M|99/100|[from]move: U-turn
|
|-weather|Sandstorm|[upkeep]
|-damage|p2a: Crobat|65/100|[from] Sandstorm
|-damage|p1a: Slowking|93/100|[from] Sandstorm
|upkeep
|turn|24
|
|t:|1663741610
|move|p2a: Crobat|Roost|p2a: Crobat
|-heal|p2a: Crobat|100/100
|-singleturn|p2a: Crobat|move: Roost
|move|p1a: Slowking|Future Sight|p2a: Crobat
|-start|p1a: Slowking|move: Future Sight
|
|-weather|Sandstorm|[upkeep]
|-damage|p2a: Crobat|94/100|[from] Sandstorm
|-damage|p1a: Slowking|87/100|[from] Sandstorm
|upkeep
|turn|25
|
|t:|1663741628
|move|p2a: Crobat|U-turn|p1a: Slowking
|-supereffective|p1a: Slowking
|-damage|p1a: Slowking|62/100
|
|t:|1663741630
|switch|p2a: Tangrowth|Tangrowth, F|67/100|[from]move: U-turn
|move|p1a: Slowking|Scald|p2a: Tangrowth
|-resisted|p2a: Tangrowth
|-crit|p2a: Tangrowth
|-damage|p2a: Tangrowth|55/100
|
|-weather|none
|upkeep
|turn|26
|
|t:|1663741642
|move|p2a: Tangrowth|Sludge Bomb|p1a: Slowking
|-damage|p1a: Slowking|42/100
|-status|p1a: Slowking|psn
|move|p1a: Slowking|Slack Off|p1a: Slowking
|-heal|p1a: Slowking|92/100 psn
|
|-end|p2a: Tangrowth|move: Future Sight
|-damage|p2a: Tangrowth|31/100
|-damage|p1a: Slowking|80/100 psn|[from] psn
|upkeep
|turn|27
|
|t:|1663741659
|move|p2a: Tangrowth|Power Whip|p1a: Slowking
|-supereffective|p1a: Slowking
|-damage|p1a: Slowking|24/100 psn
|move|p1a: Slowking|Future Sight|p2a: Tangrowth
|-start|p1a: Slowking|move: Future Sight
|
|-damage|p1a: Slowking|12/100 psn|[from] psn
|upkeep
|turn|28
|
|t:|1663741669
|switch|p1a: Zarude|Zarude|66/100
|move|p2a: Tangrowth|Sludge Bomb|p1a: Zarude
|-supereffective|p1a: Zarude
|-damage|p1a: Zarude|23/100
|
|upkeep
|turn|29
|
|t:|1663741693
|switch|p2a: Hippowdon|Hippowdon, F|19/100
|-weather|Sandstorm|[from] ability: Sand Stream|[of] p2a: Hippowdon
|move|p1a: Zarude|Darkest Lariat|p2a: Hippowdon
|-damage|p2a: Hippowdon|0 fnt
|faint|p2a: Hippowdon
|
|-weather|Sandstorm|[upkeep]
|-damage|p1a: Zarude|17/100|[from] Sandstorm
|-hint|Future Sight did not hit because the target is fainted.
|upkeep
|
|t:|1663741707
|switch|p2a: Crobat|Crobat, F|94/100
|turn|30
|
|t:|1663741712
|move|p2a: Crobat|U-turn|p1a: Zarude
|-supereffective|p1a: Zarude
|-crit|p1a: Zarude
|-damage|p1a: Zarude|0 fnt
|faint|p1a: Zarude
|
|t:|1663741715
|switch|p2a: Tangrowth|Tangrowth, F|65/100|[from]move: U-turn
|
|-weather|Sandstorm|[upkeep]
|-damage|p2a: Tangrowth|58/100|[from] Sandstorm
|upkeep
|
|t:|1663741722
|switch|p1a: Hydreigon|Hydreigon, M|88/100
|turn|31
|
|t:|1663741729
|move|p1a: Hydreigon|U-turn|p2a: Tangrowth
|-supereffective|p2a: Tangrowth
|-damage|p2a: Tangrowth|37/100
|
|t:|1663741732
|switch|p1a: Slowking|Slowking, M|45/100 psn|[from]move: U-turn
|move|p2a: Tangrowth|Focus Blast|p1a: Slowking
|-resisted|p1a: Slowking
|-crit|p1a: Slowking
|-damage|p1a: Slowking|26/100 psn
|
|-weather|Sandstorm|[upkeep]
|-damage|p2a: Tangrowth|31/100|[from] Sandstorm
|-damage|p1a: Slowking|20/100 psn|[from] Sandstorm
|-damage|p1a: Slowking|8/100 psn|[from] psn
|upkeep
|turn|32
|
|t:|1663741748
|move|p2a: Tangrowth|Focus Blast|p1a: Slowking|[miss]
|-miss|p2a: Tangrowth|p1a: Slowking
|move|p1a: Slowking|Slack Off|p1a: Slowking
|-heal|p1a: Slowking|58/100 psn
|
|-weather|Sandstorm|[upkeep]
|-damage|p2a: Tangrowth|25/100|[from] Sandstorm
|-damage|p1a: Slowking|52/100 psn|[from] Sandstorm
|-damage|p1a: Slowking|39/100 psn|[from] psn
|upkeep
|turn|33
|
|t:|1663741759
|switch|p1a: Hydreigon|Hydreigon, M|88/100
|move|p2a: Tangrowth|Power Whip|p1a: Hydreigon
|-resisted|p1a: Hydreigon
|-damage|p1a: Hydreigon|64/100
|
|-weather|none
|upkeep
|turn|34
|
|t:|1663741775
|switch|p2a: Azelf|Azelf|88/100
|move|p1a: Hydreigon|Draco Meteor|p2a: Azelf
|-damage|p2a: Azelf|0 fnt
|-unboost|p1a: Hydreigon|spa|2
|faint|p2a: Azelf
|
|upkeep
|inactive|DarkHorse344 has 120 seconds left.
|
|t:|1663741817
|switch|p2a: Tangrowth|Tangrowth, F|58/100
|turn|35
|
|t:|1663741823
|switch|p1a: Slowking|Slowking, M|73/100 psn
|move|p2a: Tangrowth|Power Whip|p1a: Slowking
|-supereffective|p1a: Slowking
|-damage|p1a: Slowking|11/100 psn
|
|-damage|p1a: Slowking|0 fnt|[from] psn
|faint|p1a: Slowking
|upkeep
|
|t:|1663741833
|switch|p1a: Hydreigon|Hydreigon, M|64/100
|turn|36
|
|t:|1663741838
|move|p1a: Hydreigon|Dark Pulse|p2a: Tangrowth
|-damage|p2a: Tangrowth|32/100
|move|p2a: Tangrowth|Focus Blast|p1a: Hydreigon
|-supereffective|p1a: Hydreigon
|-damage|p1a: Hydreigon|0 fnt
|faint|p1a: Hydreigon
|
|win|DarkHorse344
|raw|SerpentPhantom's rating: 1191 &rarr; <strong>1161</strong><br />(-30 for losing)
|raw|DarkHorse344's rating: 1116 &rarr; <strong>1146</strong><br />(+30 for winning)
