|j|☆sachalenul
|j|☆DQ Low Tier Legend
|t:|1655588128
|gametype|singles
|player|p1|sachalenul|170|1378
|player|p2|DQ Low Tier Legend|lucas|1423
|teamsize|p1|6
|teamsize|p2|6
|gen|8
|tier|[Gen 8] UU
|rated|
|rule|Sleep Clause Mod: Limit one foe put to sleep
|rule|Species Clause: Limit one of each Pokémon
|rule|OHKO Clause: OHKO moves are banned
|rule|Evasion Moves Clause: Evasion moves are banned
|rule|Endless Battle Clause: Forcing endless battles is banned
|rule|HP Percentage Mod: HP is shown in percentages
|rule|Dynamax Clause: You cannot dynamax
|clearpoke
|poke|p1|Entei|
|poke|p1|Ditto|
|poke|p1|Tapu Bulu|
|poke|p1|Reuniclus, F|
|poke|p1|Hydreigon, F|
|poke|p1|Swampert, F|
|poke|p2|Nidoking, M|
|poke|p2|Thundurus-Therian, M|
|poke|p2|Slowking, F|
|poke|p2|Lycanroc-Dusk, M|
|poke|p2|Chansey, F|
|poke|p2|Excadrill, F|
|teampreview
|
|t:|1655588154
|start
|switch|p1a: Swampert|Swampert, F|100/100
|switch|p2a: Thundurus|Thundurus-Therian, M|100/100
|turn|1
|
|t:|1655588161
|move|p2a: Thundurus|Grass Knot|p1a: Swampert
|-supereffective|p1a: Swampert
|-damage|p1a: Swampert|11/100
|move|p1a: Swampert|Flip Turn|p2a: Thundurus
|-damage|p2a: Thundurus|47/100
|
|t:|1655588173
|switch|p1a: Reuniclus|Reuniclus, F|100/100|[from]move: Flip Turn
|
|upkeep
|turn|2
|l|☆DQ Low Tier Legend
|player|p2|
|inactive|Battle timer is ON: inactive players will automatically lose when time's up. (requested by sachalenul)
|j|☆DQ Low Tier Legend
|inactive|DQ Low Tier Legend reconnected and has 135 seconds left.
|player|p2|DQ Low Tier Legend|lucas
|
|t:|1655588221
|move|p2a: Thundurus|Volt Switch|p1a: Reuniclus
|-damage|p1a: Reuniclus|80/100
|
|t:|1655588232
|switch|p2a: Excadrill|Excadrill, F|100/100|[from]move: Volt Switch
|-ability|p2a: Excadrill|Mold Breaker
|move|p1a: Reuniclus|Knock Off|p2a: Excadrill
|-damage|p2a: Excadrill|79/100
|-enditem|p2a: Excadrill|Leftovers|[from] move: Knock Off|[of] p1a: Reuniclus
|
|upkeep
|turn|3
|
|t:|1655588242
|switch|p1a: Hydreigon|Hydreigon, F|100/100
|move|p2a: Excadrill|Earthquake|p1a: Hydreigon
|-damage|p1a: Hydreigon|41/100
|
|upkeep
|turn|4
|
|t:|1655588254
|switch|p2a: Chansey|Chansey, F|100/100
|move|p1a: Hydreigon|Dark Pulse|p2a: Chansey
|-damage|p2a: Chansey|87/100
|-damage|p1a: Hydreigon|32/100|[from] item: Life Orb
|
|upkeep
|turn|5
|
|t:|1655588262
|move|p1a: Hydreigon|Roost|p1a: Hydreigon
|-heal|p1a: Hydreigon|82/100
|-singleturn|p1a: Hydreigon|move: Roost
|move|p2a: Chansey|Teleport|p2a: Chansey
|
|t:|1655588272
|switch|p2a: Lycanroc|Lycanroc-Dusk, M|100/100|[from]move: Teleport
|
|upkeep
|turn|6
|
|t:|1655588282
|switch|p2a: Nidoking|Nidoking, M|100/100
|switch|p1a: indien|Tapu Bulu|100/100
|-fieldstart|move: Grassy Terrain|[from] ability: Grassy Surge|[of] p1a: indien
|
|upkeep
|turn|7
|
|t:|1655588289
|switch|p1a: Reuniclus|Reuniclus, F|100/100
|move|p2a: Nidoking|Sludge Wave|p1a: Reuniclus
|-damage|p1a: Reuniclus|70/100
|
|-heal|p1a: Reuniclus|76/100|[from] Grassy Terrain
|upkeep
|turn|8
|
|t:|1655588297
|switch|p2a: Excadrill|Excadrill, F|79/100
|-ability|p2a: Excadrill|Mold Breaker
|move|p1a: Reuniclus|Future Sight|p2a: Excadrill
|-start|p1a: Reuniclus|move: Future Sight
|
|-heal|p2a: Excadrill|85/100|[from] Grassy Terrain
|-heal|p1a: Reuniclus|82/100|[from] Grassy Terrain
|upkeep
|turn|9
|
|t:|1655588305
|move|p2a: Excadrill|Stealth Rock|p1a: Reuniclus
|-sidestart|p1: sachalenul|move: Stealth Rock
|move|p1a: Reuniclus|Energy Ball|p2a: Excadrill
|-damage|p2a: Excadrill|39/100
|
|-heal|p2a: Excadrill|45/100|[from] Grassy Terrain
|-heal|p1a: Reuniclus|88/100|[from] Grassy Terrain
|upkeep
|turn|10
|
|t:|1655588315
|switch|p2a: Slowking|Slowking, F|100/100
|move|p1a: Reuniclus|Energy Ball|p2a: Slowking
|-supereffective|p2a: Slowking
|-damage|p2a: Slowking|44/100
|
|-end|p2a: Slowking|move: Future Sight
|-resisted|p2a: Slowking
|-damage|p2a: Slowking|21/100
|-heal|p2a: Slowking|27/100|[from] Grassy Terrain
|-heal|p1a: Reuniclus|95/100|[from] Grassy Terrain
|-fieldend|move: Grassy Terrain
|upkeep
|turn|11
|
|t:|1655588327
|move|p2a: Slowking|Slack Off|p2a: Slowking
|-heal|p2a: Slowking|77/100
|move|p1a: Reuniclus|Energy Ball|p2a: Slowking
|-supereffective|p2a: Slowking
|-damage|p2a: Slowking|31/100
|
|upkeep
|turn|12
|
|t:|1655588334
|move|p2a: Slowking|Slack Off|p2a: Slowking
|-heal|p2a: Slowking|81/100
|move|p1a: Reuniclus|Knock Off|p2a: Slowking
|-supereffective|p2a: Slowking
|-damage|p2a: Slowking|59/100
|-enditem|p2a: Slowking|Heavy-Duty Boots|[from] move: Knock Off|[of] p1a: Reuniclus
|
|upkeep
|turn|13
|
|t:|1655588350
|switch|p2a: Excadrill|Excadrill, F|45/100
|-ability|p2a: Excadrill|Mold Breaker
|move|p1a: Reuniclus|Future Sight|p2a: Excadrill
|-start|p1a: Reuniclus|move: Future Sight
|
|upkeep
|turn|14
|
|t:|1655588364
|switch|p1a: indien|Tapu Bulu|100/100
|-damage|p1a: indien|88/100|[from] Stealth Rock
|-fieldstart|move: Grassy Terrain|[from] ability: Grassy Surge|[of] p1a: indien
|move|p2a: Excadrill|Earthquake|p1a: indien
|-resisted|p1a: indien
|-damage|p1a: indien|79/100
|
|-heal|p2a: Excadrill|51/100|[from] Grassy Terrain
|-heal|p1a: indien|85/100|[from] Grassy Terrain
|upkeep
|turn|15
|inactive|DQ Low Tier Legend has 120 seconds left.
|
|t:|1655588418
|switch|p2a: Thundurus|Thundurus-Therian, M|47/100
|move|p1a: indien|Horn Leech|p2a: Thundurus
|-resisted|p2a: Thundurus
|-damage|p2a: Thundurus|17/100
|-heal|p1a: indien|98/100|[from] drain|[of] p2a: Thundurus
|
|-end|p2a: Thundurus|move: Future Sight
|-damage|p2a: Thundurus|0 fnt
|faint|p2a: Thundurus
|-heal|p1a: indien|100/100|[from] Grassy Terrain
|upkeep
|
|t:|1655588422
|switch|p2a: Nidoking|Nidoking, M|100/100
|turn|16
|-message|DQ Low Tier Legend forfeited.
|
|win|sachalenul
|raw|sachalenul's rating: 1378 &rarr; <strong>1402</strong><br />(+24 for winning)
|raw|DQ Low Tier Legend's rating: 1442 &rarr; <strong>1418</strong><br />(-24 for losing)
|l|☆DQ Low Tier Legend
|c|☆sachalenul|gg
||Ladder isn't responding, score probably updated but might not have (Request timeout).
