|j|☆Rvp4president
|j|☆Liz Angeles
|t:|1662563400
|gametype|singles
|player|p1|Rvp4president|170|1590
|player|p2|Liz Angeles|marley|1590
|teamsize|p1|6
|teamsize|p2|6
|gen|8
|tier|[Gen 8] UU
|rated|
|rule|Sleep Clause Mod: Limit one foe put to sleep
|rule|Species Clause: Limit one of each Pokémon
|rule|OHKO Clause: OHKO moves are banned
|rule|Evasion Items Clause: Evasion items are banned
|rule|Evasion Moves Clause: Evasion moves are banned
|rule|Endless Battle Clause: Forcing endless battles is banned
|rule|HP Percentage Mod: HP is shown in percentages
|rule|Dynamax Clause: You cannot dynamax
|clearpoke
|poke|p1|Amoonguss, M|
|poke|p1|Chansey, F|
|poke|p1|Diggersby, M|
|poke|p1|Skarmory, F|
|poke|p1|Keldeo-Resolute|
|poke|p1|Chandelure, F|
|poke|p2|Hydreigon, F|
|poke|p2|Nihilego|
|poke|p2|Starmie|
|poke|p2|Scizor, F|
|poke|p2|Rotom-Heat|
|poke|p2|Tangrowth, M|
|teampreview
|inactive|Battle timer is ON: inactive players will automatically lose when time's up. (requested by Rvp4president)
|
|t:|1662563419
|start
|switch|p1a: Keldeo|Keldeo-Resolute|100/100
|switch|p2a: Tangrowth|Tangrowth, M|100/100
|turn|1
|
|t:|1662563421
|move|p1a: Keldeo|Focus Blast|p2a: Tangrowth|[miss]
|-miss|p1a: Keldeo|p2a: Tangrowth
|move|p2a: Tangrowth|Knock Off|p1a: Keldeo
|-resisted|p1a: Keldeo
|-damage|p1a: Keldeo|87/100
|-ability|p1a: Keldeo|Justified|boost
|-boost|p1a: Keldeo|atk|1
|-enditem|p1a: Keldeo|Choice Specs|[from] move: Knock Off|[of] p2a: Tangrowth
|
|upkeep
|turn|2
|
|t:|1662563428
|switch|p1a: Amoonguss|Amoonguss, M|100/100
|move|p2a: Tangrowth|Leaf Storm|p1a: Amoonguss
|-resisted|p1a: Amoonguss
|-damage|p1a: Amoonguss|89/100
|-unboost|p2a: Tangrowth|spa|2
|
|-heal|p1a: Amoonguss|95/100|[from] item: Black Sludge
|upkeep
|turn|3
|
|t:|1662563439
|switch|p2a: Nihilego|Nihilego|100/100
|move|p1a: Amoonguss|Sludge Bomb|p2a: Nihilego
|-resisted|p2a: Nihilego
|-damage|p2a: Nihilego|95/100
|
|-heal|p2a: Nihilego|100/100|[from] item: Black Sludge
|-heal|p1a: Amoonguss|100/100|[from] item: Black Sludge
|upkeep
|turn|4
|
|t:|1662563448
|move|p2a: Nihilego|Stealth Rock|p1a: Amoonguss
|-sidestart|p1: Rvp4president|move: Stealth Rock
|move|p1a: Amoonguss|Spore|p2a: Nihilego
|-status|p2a: Nihilego|slp|[from] move: Spore
|
|upkeep
|turn|5
|
|t:|1662563453
|switch|p2a: Rotom|Rotom-Heat|100/100
|switch|p1a: Keldeo|Keldeo-Resolute|87/100
|-damage|p1a: Keldeo|81/100|[from] Stealth Rock
|
|upkeep
|turn|6
|
|t:|1662563457
|switch|p2a: Starmie|Starmie|100/100
|move|p1a: Keldeo|Focus Blast|p2a: Starmie
|-resisted|p2a: Starmie
|-damage|p2a: Starmie|66/100
|
|upkeep
|turn|7
|
|t:|1662563468
|switch|p2a: Scizor|Scizor, F|100/100
|switch|p1a: Chansey|Chansey, F|100/100
|-damage|p1a: Chansey|88/100|[from] Stealth Rock
|
|upkeep
|turn|8
|
|t:|1662563473
|switch|p1a: Skarmory|Skarmory, F|100/100
|-damage|p1a: Skarmory|88/100|[from] Stealth Rock
|move|p2a: Scizor|Knock Off|p1a: Skarmory
|-damage|p1a: Skarmory|71/100
|-damage|p2a: Scizor|84/100|[from] item: Rocky Helmet|[of] p1a: Skarmory
|-enditem|p1a: Skarmory|Rocky Helmet|[from] move: Knock Off|[of] p2a: Scizor
|
|upkeep
|turn|9
|
|t:|1662563478
|switch|p2a: Rotom|Rotom-Heat|100/100
|move|p1a: Skarmory|Spikes|p2a: Rotom
|-sidestart|p2: Liz Angeles|Spikes
|
|upkeep
|turn|10
|
|t:|1662563481
|switch|p1a: Chansey|Chansey, F|88/100
|-damage|p1a: Chansey|76/100|[from] Stealth Rock
|move|p2a: Rotom|Volt Switch|p1a: Chansey
|-damage|p1a: Chansey|68/100
|
|t:|1662563491
|switch|p2a: Scizor|Scizor, F|84/100|[from]move: Volt Switch
|-damage|p2a: Scizor|72/100|[from] Spikes
|
|upkeep
|turn|11
|
|t:|1662563493
|switch|p1a: Skarmory|Skarmory, F|71/100
|-damage|p1a: Skarmory|59/100|[from] Stealth Rock
|move|p2a: Scizor|Knock Off|p1a: Skarmory
|-damage|p1a: Skarmory|48/100
|
|upkeep
|turn|12
|
|t:|1662563499
|switch|p2a: Rotom|Rotom-Heat|100/100
|move|p1a: Skarmory|Roost|p1a: Skarmory
|-heal|p1a: Skarmory|98/100
|-singleturn|p1a: Skarmory|move: Roost
|
|upkeep
|turn|13
|
|t:|1662563504
|switch|p1a: Diggersby|Diggersby, M|100/100
|-damage|p1a: Diggersby|94/100|[from] Stealth Rock
|move|p2a: Rotom|Overheat|p1a: Diggersby|[miss]
|-miss|p2a: Rotom|p1a: Diggersby
|
|upkeep
|turn|14
|
|t:|1662563512
|switch|p2a: Tangrowth|Tangrowth, M|100/100
|-damage|p2a: Tangrowth|88/100|[from] Spikes
|move|p1a: Diggersby|Body Slam|p2a: Tangrowth
|-damage|p2a: Tangrowth|33/100
|
|upkeep
|turn|15
|j| Truzimy
|
|t:|1662563533
|switch|p2a: Scizor|Scizor, F|72/100
|-damage|p2a: Scizor|59/100|[from] Spikes
|move|p1a: Diggersby|Body Slam|p2a: Scizor
|-resisted|p2a: Scizor
|-damage|p2a: Scizor|26/100
|
|upkeep
|turn|16
|
|t:|1662563539
|move|p2a: Scizor|Bullet Punch|p1a: Diggersby
|-damage|p1a: Diggersby|58/100
|move|p1a: Diggersby|Body Slam|p2a: Scizor
|-resisted|p2a: Scizor
|-damage|p2a: Scizor|0 fnt
|faint|p2a: Scizor
|
|upkeep
|
|t:|1662563547
|switch|p2a: Starmie|Starmie|66/100
|turn|17
|
|t:|1662563550
|switch|p1a: Chansey|Chansey, F|68/100
|-damage|p1a: Chansey|55/100|[from] Stealth Rock
|move|p2a: Starmie|Scald|p1a: Chansey
|-damage|p1a: Chansey|46/100
|
|upkeep
|turn|18
|
|t:|1662563556
|move|p2a: Starmie|Rapid Spin|p1a: Chansey
|-damage|p1a: Chansey|41/100
|-boost|p2a: Starmie|spe|1
|-sideend|p2: Liz Angeles|Spikes|[from] move: Rapid Spin|[of] p2a: Starmie
|move|p1a: Chansey|Soft-Boiled|p1a: Chansey
|-heal|p1a: Chansey|91/100
|
|upkeep
|turn|19
|
|t:|1662563560
|switch|p2a: Tangrowth|Tangrowth, M|66/100
|move|p1a: Chansey|Toxic|p2a: Tangrowth
|-status|p2a: Tangrowth|tox
|
|-damage|p2a: Tangrowth|60/100 tox|[from] psn
|upkeep
|turn|20
|
|t:|1662563566
|move|p1a: Chansey|Stealth Rock|p2a: Tangrowth
|-sidestart|p2: Liz Angeles|move: Stealth Rock
|move|p2a: Tangrowth|Knock Off|p1a: Chansey
|-damage|p1a: Chansey|77/100
|-enditem|p1a: Chansey|Eviolite|[from] move: Knock Off|[of] p2a: Tangrowth
|
|-damage|p2a: Tangrowth|48/100 tox|[from] psn
|upkeep
|turn|21
|
|t:|1662563574
|switch|p2a: Starmie|Starmie|66/100
|move|p1a: Chansey|Seismic Toss|p2a: Starmie
|-damage|p2a: Starmie|35/100
|
|upkeep
|turn|22
|
|t:|1662563579
|move|p2a: Starmie|Recover|p2a: Starmie
|-heal|p2a: Starmie|85/100
|move|p1a: Chansey|Toxic|p2a: Starmie
|-status|p2a: Starmie|tox
|
|-damage|p2a: Starmie|79/100 tox|[from] psn
|upkeep
|turn|23
|
|t:|1662563584
|move|p2a: Starmie|Rapid Spin|p1a: Chansey
|-damage|p1a: Chansey|69/100
|-boost|p2a: Starmie|spe|1
|-sideend|p2: Liz Angeles|Stealth Rock|[from] move: Rapid Spin|[of] p2a: Starmie
|move|p1a: Chansey|Stealth Rock|p2a: Starmie
|-sidestart|p2: Liz Angeles|move: Stealth Rock
|
|-damage|p2a: Starmie|67/100 tox|[from] psn
|upkeep
|turn|24
|
|t:|1662563589
|-curestatus|p2a: Starmie|tox|[from] ability: Natural Cure
|switch|p2a: Tangrowth|Tangrowth, M|81/100 tox
|-damage|p2a: Tangrowth|68/100 tox|[from] Stealth Rock
|move|p1a: Chansey|Seismic Toss|p2a: Tangrowth
|-damage|p2a: Tangrowth|44/100 tox
|
|-damage|p2a: Tangrowth|37/100 tox|[from] psn
|upkeep
|turn|25
|
|t:|1662563594
|switch|p2a: Starmie|Starmie|67/100
|move|p1a: Chansey|Soft-Boiled|p1a: Chansey
|-heal|p1a: Chansey|100/100
|
|upkeep
|turn|26
|
|t:|1662563597
|move|p2a: Starmie|Scald|p1a: Chansey
|-damage|p1a: Chansey|87/100
|-status|p1a: Chansey|brn
|move|p1a: Chansey|Toxic|p2a: Starmie
|-status|p2a: Starmie|tox
|
|-damage|p2a: Starmie|61/100 tox|[from] psn
|-damage|p1a: Chansey|81/100 brn|[from] brn
|upkeep
|turn|27
|
|t:|1662563601
|move|p2a: Starmie|Recover|p2a: Starmie
|-heal|p2a: Starmie|100/100 tox
|move|p1a: Chansey|Stealth Rock||[still]
|-fail|p1a: Chansey
|
|-damage|p2a: Starmie|88/100 tox|[from] psn
|-damage|p1a: Chansey|75/100 brn|[from] brn
|upkeep
|turn|28
|
|t:|1662563603
|move|p2a: Starmie|Rapid Spin|p1a: Chansey
|-damage|p1a: Chansey|67/100 brn
|-boost|p2a: Starmie|spe|1
|-sideend|p2: Liz Angeles|Stealth Rock|[from] move: Rapid Spin|[of] p2a: Starmie
|move|p1a: Chansey|Seismic Toss|p2a: Starmie
|-damage|p2a: Starmie|57/100 tox
|
|-damage|p2a: Starmie|39/100 tox|[from] psn
|-damage|p1a: Chansey|61/100 brn|[from] brn
|upkeep
|turn|29
|
|t:|1662563607
|-curestatus|p2a: Starmie|tox|[from] ability: Natural Cure
|switch|p2a: Hydreigon|Hydreigon, F|100/100
|move|p1a: Chansey|Stealth Rock|p2a: Hydreigon
|-sidestart|p2: Liz Angeles|move: Stealth Rock
|
|-damage|p1a: Chansey|55/100 brn|[from] brn
|upkeep
|turn|30
|
|t:|1662563613
|move|p2a: Hydreigon|Dark Pulse|p1a: Chansey
|-damage|p1a: Chansey|24/100 brn
|move|p1a: Chansey|Soft-Boiled|p1a: Chansey
|-heal|p1a: Chansey|74/100 brn
|
|-damage|p1a: Chansey|68/100 brn|[from] brn
|upkeep
|turn|31
|
|t:|1662563617
|move|p2a: Hydreigon|Dark Pulse|p1a: Chansey
|-damage|p1a: Chansey|42/100 brn
|move|p1a: Chansey|Soft-Boiled|p1a: Chansey
|-heal|p1a: Chansey|92/100 brn
|
|-damage|p1a: Chansey|86/100 brn|[from] brn
|upkeep
|turn|32
|
|t:|1662563623
|switch|p2a: Starmie|Starmie|39/100
|move|p1a: Chansey|Toxic|p2a: Starmie
|-status|p2a: Starmie|tox
|
|-damage|p2a: Starmie|33/100 tox|[from] psn
|-damage|p1a: Chansey|80/100 brn|[from] brn
|upkeep
|turn|33
|l| Truzimy
|
|t:|1662563629
|move|p2a: Starmie|Recover|p2a: Starmie
|-heal|p2a: Starmie|83/100 tox
|move|p1a: Chansey|Seismic Toss|p2a: Starmie
|-damage|p2a: Starmie|52/100 tox
|
|-damage|p2a: Starmie|39/100 tox|[from] psn
|-damage|p1a: Chansey|74/100 brn|[from] brn
|upkeep
|turn|34
|
|t:|1662563635
|move|p2a: Starmie|Recover|p2a: Starmie
|-heal|p2a: Starmie|89/100 tox
|move|p1a: Chansey|Seismic Toss|p2a: Starmie
|-damage|p2a: Starmie|59/100 tox
|
|-damage|p2a: Starmie|40/100 tox|[from] psn
|-damage|p1a: Chansey|68/100 brn|[from] brn
|upkeep
|turn|35
|
|t:|1662563640
|-curestatus|p2a: Starmie|tox|[from] ability: Natural Cure
|switch|p2a: Hydreigon|Hydreigon, F|100/100
|-damage|p2a: Hydreigon|88/100|[from] Stealth Rock
|move|p1a: Chansey|Seismic Toss|p2a: Hydreigon
|-damage|p2a: Hydreigon|57/100
|
|-damage|p1a: Chansey|62/100 brn|[from] brn
|upkeep
|turn|36
|
|t:|1662563644
|move|p2a: Hydreigon|Dark Pulse|p1a: Chansey
|-damage|p1a: Chansey|34/100 brn
|move|p1a: Chansey|Soft-Boiled|p1a: Chansey
|-heal|p1a: Chansey|84/100 brn
|
|-damage|p1a: Chansey|78/100 brn|[from] brn
|upkeep
|turn|37
|
|t:|1662563649
|move|p2a: Hydreigon|Dark Pulse|p1a: Chansey
|-damage|p1a: Chansey|49/100 brn
|move|p1a: Chansey|Toxic|p2a: Hydreigon
|-status|p2a: Hydreigon|tox
|
|-damage|p2a: Hydreigon|51/100 tox|[from] psn
|-damage|p1a: Chansey|43/100 brn|[from] brn
|upkeep
|turn|38
|
|t:|1662563653
|move|p2a: Hydreigon|Dark Pulse|p1a: Chansey
|-damage|p1a: Chansey|16/100 brn
|move|p1a: Chansey|Soft-Boiled|p1a: Chansey
|-heal|p1a: Chansey|66/100 brn
|
|-damage|p2a: Hydreigon|39/100 tox|[from] psn
|-damage|p1a: Chansey|60/100 brn|[from] brn
|upkeep
|turn|39
|
|t:|1662563661
|switch|p2a: Starmie|Starmie|40/100
|move|p1a: Chansey|Soft-Boiled|p1a: Chansey
|-heal|p1a: Chansey|100/100 brn
|
|-damage|p1a: Chansey|94/100 brn|[from] brn
|upkeep
|turn|40
|
|t:|1662563666
|move|p2a: Starmie|Rapid Spin|p1a: Chansey
|-damage|p1a: Chansey|87/100 brn
|-boost|p2a: Starmie|spe|1
|-sideend|p2: Liz Angeles|Stealth Rock|[from] move: Rapid Spin|[of] p2a: Starmie
|move|p1a: Chansey|Toxic|p2a: Starmie
|-status|p2a: Starmie|tox
|
|-damage|p2a: Starmie|34/100 tox|[from] psn
|-damage|p1a: Chansey|81/100 brn|[from] brn
|upkeep
|turn|41
|
|t:|1662563671
|move|p2a: Starmie|Recover|p2a: Starmie
|-heal|p2a: Starmie|84/100 tox
|move|p1a: Chansey|Seismic Toss|p2a: Starmie
|-damage|p2a: Starmie|53/100 tox
|
|-damage|p2a: Starmie|41/100 tox|[from] psn
|-damage|p1a: Chansey|75/100 brn|[from] brn
|upkeep
|turn|42
|
|t:|1662563674
|-curestatus|p2a: Starmie|tox|[from] ability: Natural Cure
|switch|p2a: Tangrowth|Tangrowth, M|71/100 tox
|move|p1a: Chansey|Stealth Rock|p2a: Tangrowth
|-sidestart|p2: Liz Angeles|move: Stealth Rock
|
|-damage|p2a: Tangrowth|64/100 tox|[from] psn
|-damage|p1a: Chansey|68/100 brn|[from] brn
|upkeep
|turn|43
|
|t:|1662563680
|move|p1a: Chansey|Seismic Toss|p2a: Tangrowth
|-damage|p2a: Tangrowth|40/100 tox
|move|p2a: Tangrowth|Earthquake|p1a: Chansey
|-damage|p1a: Chansey|46/100 brn
|
|-damage|p2a: Tangrowth|27/100 tox|[from] psn
|-damage|p1a: Chansey|40/100 brn|[from] brn
|upkeep
|turn|44
|
|t:|1662563685
|switch|p2a: Starmie|Starmie|41/100
|move|p1a: Chansey|Soft-Boiled|p1a: Chansey
|-heal|p1a: Chansey|90/100 brn
|
|-damage|p1a: Chansey|84/100 brn|[from] brn
|upkeep
|turn|45
|
|t:|1662563688
|move|p2a: Starmie|Recover|p2a: Starmie
|-heal|p2a: Starmie|91/100
|move|p1a: Chansey|Seismic Toss|p2a: Starmie
|-damage|p2a: Starmie|60/100
|
|-damage|p1a: Chansey|78/100 brn|[from] brn
|upkeep
|turn|46
|
|t:|1662563691
|move|p2a: Starmie|Rapid Spin|p1a: Chansey
|-damage|p1a: Chansey|70/100 brn
|-boost|p2a: Starmie|spe|1
|-sideend|p2: Liz Angeles|Stealth Rock|[from] move: Rapid Spin|[of] p2a: Starmie
|move|p1a: Chansey|Toxic|p2a: Starmie
|-status|p2a: Starmie|tox
|
|-damage|p2a: Starmie|54/100 tox|[from] psn
|-damage|p1a: Chansey|64/100 brn|[from] brn
|upkeep
|turn|47
|
|t:|1662563697
|-curestatus|p2a: Starmie|tox|[from] ability: Natural Cure
|switch|p2a: Tangrowth|Tangrowth, M|60/100 tox
|move|p1a: Chansey|Stealth Rock|p2a: Tangrowth
|-sidestart|p2: Liz Angeles|move: Stealth Rock
|
|-damage|p2a: Tangrowth|54/100 tox|[from] psn
|-damage|p1a: Chansey|58/100 brn|[from] brn
|upkeep
|turn|48
|
|t:|1662563703
|-curestatus|p1a: Chansey|brn|[from] ability: Natural Cure
|switch|p1a: Amoonguss|Amoonguss, M|100/100
|-damage|p1a: Amoonguss|88/100|[from] Stealth Rock
|move|p2a: Tangrowth|Earthquake|p1a: Amoonguss
|-damage|p1a: Amoonguss|71/100
|
|-heal|p1a: Amoonguss|77/100|[from] item: Black Sludge
|-damage|p2a: Tangrowth|42/100 tox|[from] psn
|upkeep
|turn|49
|
|t:|1662563710
|switch|p2a: Rotom|Rotom-Heat|100/100
|switch|p1a: Chandelure|Chandelure, F|100/100
|-damage|p1a: Chandelure|76/100|[from] Stealth Rock
|
|upkeep
|turn|50
|
|t:|1662563715
|switch|p1a: Diggersby|Diggersby, M|58/100
|-damage|p1a: Diggersby|52/100|[from] Stealth Rock
|move|p2a: Rotom|Volt Switch|p1a: Diggersby
|-immune|p1a: Diggersby
|
|upkeep
|turn|51
|
|t:|1662563722
|move|p2a: Rotom|Overheat|p1a: Diggersby
|-damage|p1a: Diggersby|0 fnt
|-unboost|p2a: Rotom|spa|2
|faint|p1a: Diggersby
|
|upkeep
|
|t:|1662563725
|switch|p1a: Keldeo|Keldeo-Resolute|81/100
|-damage|p1a: Keldeo|74/100|[from] Stealth Rock
|turn|52
|
|t:|1662563735
|switch|p2a: Starmie|Starmie|54/100
|move|p1a: Keldeo|Icy Wind|p2a: Starmie
|-resisted|p2a: Starmie
|-damage|p2a: Starmie|42/100
|-unboost|p2a: Starmie|spe|1
|
|upkeep
|turn|53
|
|t:|1662563741
|move|p1a: Keldeo|Focus Blast|p2a: Starmie|[miss]
|-miss|p1a: Keldeo|p2a: Starmie
|move|p2a: Starmie|Recover|p2a: Starmie
|-heal|p2a: Starmie|92/100
|
|upkeep
|turn|54
|
|t:|1662563746
|switch|p1a: Chansey|Chansey, F|58/100
|-damage|p1a: Chansey|45/100|[from] Stealth Rock
|move|p2a: Starmie|Rapid Spin|p1a: Chansey
|-damage|p1a: Chansey|38/100
|-boost|p2a: Starmie|spe|1
|-sideend|p2: Liz Angeles|Stealth Rock|[from] move: Rapid Spin|[of] p2a: Starmie
|
|upkeep
|turn|55
|
|t:|1662563751
|move|p2a: Starmie|Scald|p1a: Chansey
|-damage|p1a: Chansey|25/100
|move|p1a: Chansey|Soft-Boiled|p1a: Chansey
|-heal|p1a: Chansey|75/100
|
|upkeep
|turn|56
|
|t:|1662563754
|move|p2a: Starmie|Scald|p1a: Chansey
|-damage|p1a: Chansey|62/100
|move|p1a: Chansey|Soft-Boiled|p1a: Chansey
|-heal|p1a: Chansey|100/100
|
|upkeep
|turn|57
|
|t:|1662563759
|switch|p2a: Nihilego|Nihilego|100/100 slp
|move|p1a: Chansey|Stealth Rock|p2a: Nihilego
|-sidestart|p2: Liz Angeles|move: Stealth Rock
|
|upkeep
|turn|58
|
|t:|1662563764
|switch|p1a: Keldeo|Keldeo-Resolute|74/100
|-damage|p1a: Keldeo|68/100|[from] Stealth Rock
|cant|p2a: Nihilego|slp
|
|upkeep
|turn|59
|
|t:|1662563770
|switch|p2a: Starmie|Starmie|92/100
|move|p1a: Keldeo|Scald|p2a: Starmie
|-resisted|p2a: Starmie
|-damage|p2a: Starmie|68/100
|-status|p2a: Starmie|brn
|
|-damage|p2a: Starmie|62/100 brn|[from] brn
|upkeep
|turn|60
|
|t:|1662563775
|move|p2a: Starmie|Scald|p1a: Keldeo
|-resisted|p1a: Keldeo
|-damage|p1a: Keldeo|52/100
|-status|p1a: Keldeo|brn
|move|p1a: Keldeo|Scald|p2a: Starmie
|-resisted|p2a: Starmie
|-damage|p2a: Starmie|36/100 brn
|
|-damage|p2a: Starmie|30/100 brn|[from] brn
|-damage|p1a: Keldeo|45/100 brn|[from] brn
|upkeep
|turn|61
|
|t:|1662563780
|move|p2a: Starmie|Recover|p2a: Starmie
|-heal|p2a: Starmie|80/100 brn
|move|p1a: Keldeo|Focus Blast|p2a: Starmie
|-resisted|p2a: Starmie
|-crit|p2a: Starmie
|-damage|p2a: Starmie|18/100 brn
|
|-damage|p2a: Starmie|12/100 brn|[from] brn
|-damage|p1a: Keldeo|39/100 brn|[from] brn
|upkeep
|turn|62
|
|t:|1662563786
|move|p2a: Starmie|Recover|p2a: Starmie
|-heal|p2a: Starmie|62/100 brn
|move|p1a: Keldeo|Icy Wind|p2a: Starmie
|-resisted|p2a: Starmie
|-damage|p2a: Starmie|50/100 brn
|-unboost|p2a: Starmie|spe|1
|
|-damage|p1a: Keldeo|33/100 brn|[from] brn
|-damage|p2a: Starmie|44/100 brn|[from] brn
|upkeep
|turn|63
|
|t:|1662563791
|move|p1a: Keldeo|Focus Blast|p2a: Starmie
|-resisted|p2a: Starmie
|-crit|p2a: Starmie
|-damage|p2a: Starmie|0 fnt
|faint|p2a: Starmie
|
|-damage|p1a: Keldeo|27/100 brn|[from] brn
|upkeep
|inactive|Liz Angeles has 120 seconds left.
|-message|Liz Angeles forfeited.
|
|win|Rvp4president
|raw|Rvp4president's rating: 1590 &rarr; <strong>1610</strong><br />(+20 for winning)
|raw|Liz Angeles's rating: 1590 &rarr; <strong>1570</strong><br />(-20 for losing)
|l|☆Rvp4president
