|j|☆thegreatestshowman
|j|☆CJEY
|t:|1627236194
|gametype|singles
|player|p1|thegreatestshowman|pokemonranger|1279
|player|p2|CJEY|mina|1317
|teamsize|p1|6
|teamsize|p2|6
|gen|8
|tier|[Gen 8] UU
|rated|
|rule|Sleep Clause Mod: Limit one foe put to sleep
|rule|Species Clause: Limit one of each Pokémon
|rule|OHKO Clause: OHKO moves are banned
|rule|Evasion Moves Clause: Evasion moves are banned
|rule|Endless Battle Clause: Forcing endless battles is banned
|rule|HP Percentage Mod: HP is shown in percentages
|rule|Dynamax Clause: You cannot dynamax
|clearpoke
|poke|p1|Ribombee, M|
|poke|p1|Mienshao, F|
|poke|p1|Lycanroc-Dusk, F|
|poke|p1|Nidoqueen, F|
|poke|p1|Zarude|
|poke|p1|Starmie|
|poke|p2|Drifblim, F|
|poke|p2|Starmie|
|poke|p2|Vileplume, M|
|poke|p2|Tentacruel, F|
|poke|p2|Exeggutor, M|
|poke|p2|Stonjourner, F|
|teampreview
|
|t:|1627236199
|start
|switch|p1a: Ribombee|Ribombee, M|100/100
|switch|p2a: Stonjourner|Stonjourner, F|100/100
|turn|1
|
|t:|1627236203
|move|p2a: Stonjourner|Heat Crash|p1a: Ribombee
|-supereffective|p1a: Ribombee
|-enditem|p1a: Ribombee|Focus Sash
|-damage|p1a: Ribombee|1/100
|move|p1a: Ribombee|Energy Ball|p2a: Stonjourner
|-supereffective|p2a: Stonjourner
|-damage|p2a: Stonjourner|0 fnt
|faint|p2a: Stonjourner
|
|upkeep
|
|t:|1627236210
|switch|p2a: Tentacruel|Tentacruel, F|100/100
|turn|2
|
|t:|1627236214
|move|p1a: Ribombee|Sticky Web|p2a: Tentacruel
|-sidestart|p2: CJEY|move: Sticky Web
|move|p2a: Tentacruel|Rapid Spin|p1a: Ribombee
|-damage|p1a: Ribombee|0 fnt
|-boost|p2a: Tentacruel|spe|1
|-sideend|p2: CJEY|Sticky Web|[from] move: Rapid Spin|[of] p2a: Tentacruel
|faint|p1a: Ribombee
|
|upkeep
|
|t:|1627236220
|switch|p1a: Nidoqueen|Nidoqueen, F|100/100
|turn|3
|
|t:|1627236234
|switch|p2a: Drifblim|Drifblim, F|100/100
|move|p1a: Nidoqueen|Earth Power|p2a: Drifblim
|-immune|p2a: Drifblim
|
|upkeep
|turn|4
|
|t:|1627236239
|move|p1a: Nidoqueen|Stealth Rock|p2a: Drifblim
|-sidestart|p2: CJEY|move: Stealth Rock
|move|p2a: Drifblim|Strength Sap|p1a: Nidoqueen
|-unboost|p1a: Nidoqueen|atk|1
|
|upkeep
|turn|5
|
|t:|1627236244
|move|p1a: Nidoqueen|Sludge Wave|p2a: Drifblim
|-resisted|p2a: Drifblim
|-damage|p2a: Drifblim|78/100
|move|p2a: Drifblim|Defog|p1a: Nidoqueen
|-unboost|p1a: Nidoqueen|evasion|1
|-sideend|p2: CJEY|Stealth Rock|[from] move: Defog|[of] p2a: Drifblim
|
|upkeep
|turn|6
|
|t:|1627236248
|switch|p2a: Starmie|Starmie|100/100
|move|p1a: Nidoqueen|Stealth Rock|p2a: Starmie
|-sidestart|p2: CJEY|move: Stealth Rock
|
|upkeep
|turn|7
|
|t:|1627236258
|move|p2a: Starmie|Hydro Pump|p1a: Nidoqueen
|-supereffective|p1a: Nidoqueen
|-damage|p1a: Nidoqueen|0 fnt
|faint|p1a: Nidoqueen
|
|upkeep
|
|t:|1627236265
|switch|p1a: Zarude|Zarude|100/100
|turn|8
|
|t:|1627236268
|switch|p2a: Vileplume|Vileplume, M|100/100
|-damage|p2a: Vileplume|88/100|[from] Stealth Rock
|move|p1a: Zarude|Darkest Lariat|p2a: Vileplume
|-damage|p2a: Vileplume|57/100
|
|-heal|p2a: Vileplume|63/100|[from] item: Black Sludge
|upkeep
|turn|9
|
|t:|1627236272
|move|p1a: Zarude|U-turn|p2a: Vileplume
|-damage|p2a: Vileplume|46/100
|
|t:|1627236276
|switch|p1a: Starmie|Starmie|100/100|[from]move: U-turn
|move|p2a: Vileplume|Strength Sap|p1a: Starmie
|-unboost|p1a: Starmie|atk|1
|-heal|p2a: Vileplume|86/100
|
|-heal|p2a: Vileplume|92/100|[from] item: Black Sludge
|upkeep
|turn|10
|
|t:|1627236289
|switch|p2a: Exeggutor|Exeggutor, M|100/100
|-damage|p2a: Exeggutor|88/100|[from] Stealth Rock
|move|p1a: Starmie|Thunderbolt|p2a: Exeggutor
|-resisted|p2a: Exeggutor
|-damage|p2a: Exeggutor|65/100
|-damage|p1a: Starmie|91/100|[from] item: Life Orb
|
|upkeep
|turn|11
|
|t:|1627236297
|move|p1a: Starmie|Ice Beam|p2a: Exeggutor
|-supereffective|p2a: Exeggutor
|-damage|p2a: Exeggutor|0 fnt
|faint|p2a: Exeggutor
|-damage|p1a: Starmie|81/100|[from] item: Life Orb
|
|upkeep
|
|t:|1627236302
|switch|p2a: Tentacruel|Tentacruel, F|100/100
|turn|12
|
|t:|1627236305
|move|p1a: Starmie|Thunderbolt|p2a: Tentacruel
|-supereffective|p2a: Tentacruel
|-damage|p2a: Tentacruel|48/100
|-damage|p1a: Starmie|71/100|[from] item: Life Orb
|move|p2a: Tentacruel|Knock Off|p1a: Starmie
|-supereffective|p1a: Starmie
|-damage|p1a: Starmie|25/100
|-enditem|p1a: Starmie|Life Orb|[from] move: Knock Off|[of] p2a: Tentacruel
|
|upkeep
|turn|13
|
|t:|1627236308
|move|p1a: Starmie|Thunderbolt|p2a: Tentacruel
|-supereffective|p2a: Tentacruel
|-damage|p2a: Tentacruel|7/100
|move|p2a: Tentacruel|Rapid Spin|p1a: Starmie
|-damage|p1a: Starmie|14/100
|-boost|p2a: Tentacruel|spe|1
|-sideend|p2: CJEY|Stealth Rock|[from] move: Rapid Spin|[of] p2a: Tentacruel
|
|upkeep
|turn|14
|
|t:|1627236313
|move|p2a: Tentacruel|Knock Off|p1a: Starmie
|-supereffective|p1a: Starmie
|-damage|p1a: Starmie|0 fnt
|faint|p1a: Starmie
|
|upkeep
|
|t:|1627236317
|switch|p1a: Lycanroc|Lycanroc-Dusk, F|100/100
|turn|15
|
|t:|1627236320
|move|p1a: Lycanroc|Accelerock|p2a: Tentacruel
|-damage|p2a: Tentacruel|0 fnt
|faint|p2a: Tentacruel
|
|upkeep
|
|t:|1627236323
|switch|p2a: Vileplume|Vileplume, M|92/100
|turn|16
|
|t:|1627236327
|move|p1a: Lycanroc|Swords Dance|p1a: Lycanroc
|-boost|p1a: Lycanroc|atk|2
|move|p2a: Vileplume|Giga Drain|p1a: Lycanroc
|-supereffective|p1a: Lycanroc
|-damage|p1a: Lycanroc|9/100
|-heal|p2a: Vileplume|100/100|[from] drain|[of] p1a: Lycanroc
|
|upkeep
|turn|17
|
|t:|1627236334
|switch|p2a: Drifblim|Drifblim, F|78/100
|move|p1a: Lycanroc|Psychic Fangs|p2a: Drifblim
|-damage|p2a: Drifblim|0 fnt
|faint|p2a: Drifblim
|
|upkeep
|
|t:|1627236337
|switch|p2a: Starmie|Starmie|100/100
|turn|18
|
|t:|1627236344
|move|p1a: Lycanroc|Accelerock|p2a: Starmie
|-damage|p2a: Starmie|23/100
|move|p2a: Starmie|Flip Turn|p1a: Lycanroc
|-supereffective|p1a: Lycanroc
|-damage|p1a: Lycanroc|0 fnt
|faint|p1a: Lycanroc
|
|t:|1627236346
|switch|p2a: Vileplume|Vileplume, M|100/100|[from]move: Flip Turn
|
|upkeep
|
|t:|1627236352
|switch|p1a: Mienshao|Mienshao, F|100/100
|turn|19
|
|t:|1627236356
|move|p1a: Mienshao|Knock Off|p2a: Vileplume
|-damage|p2a: Vileplume|60/100
|-enditem|p2a: Vileplume|Black Sludge|[from] move: Knock Off|[of] p1a: Mienshao
|move|p2a: Vileplume|Strength Sap|p1a: Mienshao
|-unboost|p1a: Mienshao|atk|1
|-heal|p2a: Vileplume|100/100
|
|upkeep
|turn|20
|
|t:|1627236361
|switch|p1a: Zarude|Zarude|100/100
|move|p2a: Vileplume|Sludge Bomb|p1a: Zarude
|-supereffective|p1a: Zarude
|-damage|p1a: Zarude|38/100
|
|upkeep
|turn|21
|
|t:|1627236364
|move|p1a: Zarude|Darkest Lariat|p2a: Vileplume
|-damage|p2a: Vileplume|65/100
|move|p2a: Vileplume|Sludge Bomb|p1a: Zarude
|-supereffective|p1a: Zarude
|-damage|p1a: Zarude|0 fnt
|faint|p1a: Zarude
|
|upkeep
|
|t:|1627236367
|switch|p1a: Mienshao|Mienshao, F|100/100
|turn|22
|
|t:|1627236369
|move|p1a: Mienshao|High Jump Kick|p2a: Vileplume
|-resisted|p2a: Vileplume
|-crit|p2a: Vileplume
|-damage|p2a: Vileplume|0 fnt
|faint|p2a: Vileplume
|
|upkeep
|
|t:|1627236372
|switch|p2a: Starmie|Starmie|23/100
|turn|23
|
|t:|1627236374
|move|p2a: Starmie|Psychic|p1a: Mienshao
|-supereffective|p1a: Mienshao
|-damage|p1a: Mienshao|0 fnt
|faint|p1a: Mienshao
|
|win|CJEY
|raw|thegreatestshowman's rating: 1279 &rarr; <strong>1257</strong><br />(-22 for losing)
|raw|CJEY's rating: 1317 &rarr; <strong>1335</strong><br />(+18 for winning)
|l|☆thegreatestshowman
