|j|☆Anacoresis
|j|☆BossManSwag
|t:|1653844531
|gametype|singles
|player|p1|Anacoresis|pokekid|1295
|player|p2|BossManSwag|169|1394
|teamsize|p1|6
|teamsize|p2|6
|gen|8
|tier|[Gen 8] UU
|rated|
|rule|Sleep Clause Mod: Limit one foe put to sleep
|rule|Species Clause: Limit one of each Pokémon
|rule|OHKO Clause: OHKO moves are banned
|rule|Evasion Moves Clause: Evasion moves are banned
|rule|Endless Battle Clause: Forcing endless battles is banned
|rule|HP Percentage Mod: HP is shown in percentages
|rule|Dynamax Clause: You cannot dynamax
|clearpoke
|poke|p1|Crobat, F|
|poke|p1|Lycanroc-Dusk, M|
|poke|p1|Hatterene, F|
|poke|p1|Conkeldurr, F|
|poke|p1|Bronzong|
|poke|p1|Azelf|
|poke|p2|Chansey, F|
|poke|p2|Amoonguss, M|
|poke|p2|Primarina, M|
|poke|p2|Krookodile, F|
|poke|p2|Salamence, M|
|poke|p2|Reuniclus, F|
|teampreview
|inactive|Battle timer is ON: inactive players will automatically lose when time's up. (requested by Anacoresis)
|
|t:|1653844547
|start
|switch|p1a: Azelf|Azelf|100/100
|switch|p2a: Salamence|Salamence, M, shiny|100/100
|turn|1
|inactive|Anacoresis has 120 seconds left.
|
|t:|1653844589
|move|p1a: Azelf|U-turn|p2a: Salamence
|-resisted|p2a: Salamence
|-damage|p2a: Salamence|89/100
|
|t:|1653844594
|switch|p1a: Bronzong|Bronzong|100/100|[from]move: U-turn
|move|p2a: Salamence|Dual Wingbeat|p1a: Bronzong
|-resisted|p1a: Bronzong
|-damage|p1a: Bronzong|93/100
|-resisted|p1a: Bronzong
|-damage|p1a: Bronzong|85/100
|-hitcount|p1a: Bronzong|2
|
|upkeep
|turn|2
|inactive|Anacoresis has 120 seconds left.
|
|t:|1653844606
|switch|p2a: Krookodile|Krookodile, F, shiny|100/100
|move|p1a: Bronzong|Stealth Rock|p2a: Krookodile
|-sidestart|p2: BossManSwag|move: Stealth Rock
|
|upkeep
|turn|3
|inactive|Anacoresis has 120 seconds left.
|
|t:|1653844616
|switch|p1a: Conkeldurr|Conkeldurr, F|100/100
|move|p2a: Krookodile|Knock Off|p1a: Conkeldurr
|-resisted|p1a: Conkeldurr
|-damage|p1a: Conkeldurr|82/100
|-enditem|p1a: Conkeldurr|Assault Vest|[from] move: Knock Off|[of] p2a: Krookodile
|
|upkeep
|turn|4
|
|t:|1653844623
|switch|p2a: Amoonguss|Amoonguss, M, shiny|100/100
|-damage|p2a: Amoonguss|88/100|[from] Stealth Rock
|move|p1a: Conkeldurr|Knock Off|p2a: Amoonguss
|-damage|p2a: Amoonguss|60/100
|-damage|p1a: Conkeldurr|65/100|[from] item: Rocky Helmet|[of] p2a: Amoonguss
|-enditem|p2a: Amoonguss|Rocky Helmet|[from] move: Knock Off|[of] p1a: Conkeldurr
|
|upkeep
|turn|5
|
|t:|1653844633
|move|p1a: Conkeldurr|Ice Punch|p2a: Amoonguss
|-supereffective|p2a: Amoonguss
|-damage|p2a: Amoonguss|17/100
|move|p2a: Amoonguss|Sludge Bomb|p1a: Conkeldurr
|-damage|p1a: Conkeldurr|31/100
|
|upkeep
|turn|6
|
|t:|1653844641
|switch|p2a: Primarina|Primarina, M, shiny|100/100
|-damage|p2a: Primarina|88/100|[from] Stealth Rock
|move|p1a: Conkeldurr|Knock Off|p2a: Primarina
|-resisted|p2a: Primarina
|-damage|p2a: Primarina|73/100
|-enditem|p2a: Primarina|Leftovers|[from] move: Knock Off|[of] p1a: Conkeldurr
|
|upkeep
|turn|7
|
|t:|1653844650
|switch|p1a: Hatterene|Hatterene, F|100/100
|move|p2a: Primarina|Scald|p1a: Hatterene
|-damage|p1a: Hatterene|73/100
|-status|p1a: Hatterene|brn
|
|-heal|p1a: Hatterene|79/100 brn|[from] item: Leftovers
|-damage|p1a: Hatterene|73/100 brn|[from] brn
|upkeep
|turn|8
|
|t:|1653844667
|switch|p2a: Reuniclus|Reuniclus, F, shiny|100/100
|move|p1a: Hatterene|Mystical Fire|p2a: Reuniclus
|-damage|p2a: Reuniclus|87/100
|-unboost|p2a: Reuniclus|spa|1
|
|-heal|p1a: Hatterene|79/100 brn|[from] item: Leftovers
|-damage|p1a: Hatterene|73/100 brn|[from] brn
|upkeep
|turn|9
|inactive|Anacoresis has 120 seconds left.
|
|t:|1653844701
|move|p2a: Reuniclus|Calm Mind|p2a: Reuniclus
|-boost|p2a: Reuniclus|spa|1
|-boost|p2a: Reuniclus|spd|1
|move|p1a: Hatterene|Mystical Fire|p2a: Reuniclus
|-damage|p2a: Reuniclus|77/100
|-unboost|p2a: Reuniclus|spa|1
|
|-heal|p1a: Hatterene|79/100 brn|[from] item: Leftovers
|-damage|p1a: Hatterene|73/100 brn|[from] brn
|upkeep
|turn|10
|inactive|Anacoresis has 120 seconds left.
|
|t:|1653844712
|move|p2a: Reuniclus|Acid Armor|p2a: Reuniclus
|-boost|p2a: Reuniclus|def|2
|move|p1a: Hatterene|Nuzzle|p2a: Reuniclus
|-damage|p2a: Reuniclus|76/100
|-status|p2a: Reuniclus|par
|
|-heal|p1a: Hatterene|79/100 brn|[from] item: Leftovers
|-damage|p1a: Hatterene|73/100 brn|[from] brn
|upkeep
|turn|11
|inactive|Anacoresis has 120 seconds left.
|
|t:|1653844723
|move|p1a: Hatterene|Mystical Fire|p2a: Reuniclus
|-damage|p2a: Reuniclus|66/100 par
|-unboost|p2a: Reuniclus|spa|1
|cant|p2a: Reuniclus|par
|
|-heal|p1a: Hatterene|79/100 brn|[from] item: Leftovers
|-damage|p1a: Hatterene|73/100 brn|[from] brn
|upkeep
|turn|12
|inactive|Anacoresis has 120 seconds left.
|
|t:|1653844733
|move|p1a: Hatterene|Mystical Fire|p2a: Reuniclus
|-damage|p2a: Reuniclus|56/100 par
|-unboost|p2a: Reuniclus|spa|1
|cant|p2a: Reuniclus|par
|
|-heal|p1a: Hatterene|79/100 brn|[from] item: Leftovers
|-damage|p1a: Hatterene|73/100 brn|[from] brn
|upkeep
|turn|13
|inactive|Anacoresis has 120 seconds left.
|
|t:|1653844743
|switch|p1a: Conkeldurr|Conkeldurr, F|31/100
|move|p2a: Reuniclus|Calm Mind|p2a: Reuniclus
|-boost|p2a: Reuniclus|spa|1
|-boost|p2a: Reuniclus|spd|1
|
|upkeep
|turn|14
|
|t:|1653844750
|move|p1a: Conkeldurr|Knock Off|p2a: Reuniclus
|-supereffective|p2a: Reuniclus
|-damage|p2a: Reuniclus|19/100 par
|-enditem|p2a: Reuniclus|Kasib Berry|[from] move: Knock Off|[of] p1a: Conkeldurr
|cant|p2a: Reuniclus|par
|
|upkeep
|turn|15
|
|t:|1653844757
|move|p1a: Conkeldurr|Knock Off|p2a: Reuniclus
|-supereffective|p2a: Reuniclus
|-damage|p2a: Reuniclus|0 fnt
|faint|p2a: Reuniclus
|
|upkeep
|c|☆BossManSwag|Nice
|
|t:|1653844770
|switch|p2a: Krookodile|Krookodile, F, shiny|100/100
|-damage|p2a: Krookodile|94/100|[from] Stealth Rock
|turn|16
|
|t:|1653844775
|move|p1a: Conkeldurr|Mach Punch|p2a: Krookodile
|-supereffective|p2a: Krookodile
|-damage|p2a: Krookodile|36/100
|move|p2a: Krookodile|Knock Off|p1a: Conkeldurr
|-resisted|p1a: Conkeldurr
|-damage|p1a: Conkeldurr|16/100
|
|upkeep
|turn|17
|
|t:|1653844783
|switch|p2a: Amoonguss|Amoonguss, M, shiny|51/100
|-damage|p2a: Amoonguss|38/100|[from] Stealth Rock
|move|p1a: Conkeldurr|Knock Off|p2a: Amoonguss
|-damage|p2a: Amoonguss|19/100
|
|upkeep
|turn|18
|
|t:|1653844791
|move|p1a: Conkeldurr|Ice Punch|p2a: Amoonguss
|-supereffective|p2a: Amoonguss
|-damage|p2a: Amoonguss|0 fnt
|faint|p2a: Amoonguss
|
|upkeep
|
|t:|1653844795
|switch|p2a: Salamence|Salamence, M, shiny|89/100
|turn|19
|
|t:|1653844799
|switch|p1a: Bronzong|Bronzong|85/100
|move|p2a: Salamence|Dragon Dance|p2a: Salamence
|-boost|p2a: Salamence|atk|1
|-boost|p2a: Salamence|spe|1
|
|upkeep
|turn|20
|
|t:|1653844806
|move|p2a: Salamence|Dragon Dance|p2a: Salamence
|-boost|p2a: Salamence|atk|1
|-boost|p2a: Salamence|spe|1
|move|p1a: Bronzong|Gyro Ball|p2a: Salamence
|-damage|p2a: Salamence|35/100
|
|upkeep
|turn|21
|
|t:|1653844813
|move|p2a: Salamence|Outrage|p1a: Bronzong
|-resisted|p1a: Bronzong
|-damage|p1a: Bronzong|45/100
|move|p1a: Bronzong|Gyro Ball|p2a: Salamence
|-damage|p2a: Salamence|0 fnt
|faint|p2a: Salamence
|
|upkeep
|
|t:|1653844828
|switch|p2a: Krookodile|Krookodile, F, shiny|36/100
|-damage|p2a: Krookodile|30/100|[from] Stealth Rock
|turn|22
|inactive|Anacoresis has 120 seconds left.
|
|t:|1653844863
|switch|p1a: Conkeldurr|Conkeldurr, F|16/100
|move|p2a: Krookodile|Knock Off|p1a: Conkeldurr
|-resisted|p1a: Conkeldurr
|-damage|p1a: Conkeldurr|2/100
|
|upkeep
|turn|23
|
|t:|1653844870
|switch|p2a: Primarina|Primarina, M, shiny|73/100
|-damage|p2a: Primarina|61/100|[from] Stealth Rock
|move|p1a: Conkeldurr|Mach Punch|p2a: Primarina
|-resisted|p2a: Primarina
|-damage|p2a: Primarina|51/100
|
|upkeep
|turn|24
|inactive|Anacoresis has 120 seconds left.
|
|t:|1653844887
|switch|p2a: Chansey|Chansey, F, shiny|100/100
|-damage|p2a: Chansey|88/100|[from] Stealth Rock
|switch|p1a: Crobat|Crobat, F, shiny|100/100
|
|upkeep
|turn|25
|
|t:|1653844895
|switch|p1a: Hatterene|Hatterene, F|73/100 brn
|move|p2a: Chansey|Stealth Rock|p1a: Hatterene
|move|p1a: Hatterene|Stealth Rock||[from]ability: Magic Bounce|[still]
|-fail|p1a: Hatterene
|
|-heal|p1a: Hatterene|79/100 brn|[from] item: Leftovers
|-damage|p1a: Hatterene|73/100 brn|[from] brn
|upkeep
|turn|26
|
|t:|1653844909
|move|p2a: Chansey|Seismic Toss|p1a: Hatterene
|-damage|p1a: Hatterene|41/100 brn
|move|p1a: Hatterene|Dazzling Gleam|p2a: Chansey
|-damage|p2a: Chansey|77/100
|
|-heal|p1a: Hatterene|47/100 brn|[from] item: Leftovers
|-damage|p1a: Hatterene|41/100 brn|[from] brn
|upkeep
|turn|27
|
|t:|1653844919
|move|p2a: Chansey|Seismic Toss|p1a: Hatterene
|-damage|p1a: Hatterene|10/100 brn
|move|p1a: Hatterene|Nuzzle|p2a: Chansey
|-damage|p2a: Chansey|76/100
|-status|p2a: Chansey|par
|
|-heal|p1a: Hatterene|16/100 brn|[from] item: Leftovers
|-damage|p1a: Hatterene|10/100 brn|[from] brn
|upkeep
|turn|28
|inactive|Anacoresis has 120 seconds left.
|
|t:|1653844953
|switch|p1a: Crobat|Crobat, F, shiny|100/100
|move|p2a: Chansey|Teleport|p2a: Chansey
|
|t:|1653844963
|-curestatus|p2a: Chansey|par|[from] ability: Natural Cure
|switch|p2a: Krookodile|Krookodile, F, shiny|30/100|[from]move: Teleport
|-damage|p2a: Krookodile|24/100|[from] Stealth Rock
|
|upkeep
|turn|29
|inactive|Anacoresis has 120 seconds left.
|
|t:|1653844971
|move|p2a: Krookodile|Stone Edge|p1a: Crobat
|-supereffective|p1a: Crobat
|-damage|p1a: Crobat|19/100
|move|p1a: Crobat|Sludge Bomb|p2a: Krookodile
|-resisted|p2a: Krookodile
|-damage|p2a: Krookodile|1/100
|-status|p2a: Krookodile|psn
|
|-heal|p1a: Crobat|26/100|[from] item: Black Sludge
|-damage|p2a: Krookodile|0 fnt|[from] psn
|faint|p2a: Krookodile
|upkeep
|-message|BossManSwag forfeited.
|
|win|Anacoresis
|raw|Anacoresis's rating: 1295 &rarr; <strong>1327</strong><br />(+32 for winning)
|raw|BossManSwag's rating: 1394 &rarr; <strong>1368</strong><br />(-26 for losing)
|l|☆BossManSwag
|l|☆Anacoresis
||Ladder isn't responding, score probably updated but might not have (Request timeout).
|j|☆Anacoresis
|player|p1|Anacoresis|pokekid
