|j|☆luc ario power
|j|☆Ventamicare
|t:|1609286649
|player|p1|luc ario power|gambler|1315
|player|p2|Ventamicare|will|1349
|teamsize|p1|6
|teamsize|p2|6
|gametype|singles
|gen|8
|tier|[Gen 8] UU
|rated|
|clearpoke
|poke|p1|Azelf|
|poke|p1|Diggersby, M|
|poke|p1|Kommo-o, M|
|poke|p1|Bisharp, F|
|poke|p1|Weezing-Galar, M|
|poke|p1|Regieleki|
|poke|p2|Slowbro-Galar, M|
|poke|p2|Keldeo-Resolute|
|poke|p2|Zeraora|
|poke|p2|Incineroar, M|
|poke|p2|Scizor, F|
|poke|p2|Tapu Bulu|
|rule|Sleep Clause Mod: Limit one foe put to sleep
|rule|Species Clause: Limit one of each Pokémon
|rule|OHKO Clause: OHKO moves are banned
|rule|Evasion Moves Clause: Evasion moves are banned
|rule|Endless Battle Clause: Forcing endless battles is banned
|rule|HP Percentage Mod: HP is shown in percentages
|rule|Dynamax Clause: You cannot dynamax
|teampreview
|
|t:|1609286666
|start
|switch|p1a: how|Regieleki|100/100
|switch|p2a: Incineroar|Incineroar, M|100/100
|-ability|p2a: Incineroar|Intimidate|boost
|-unboost|p1a: how|atk|1
|turn|1
|
|t:|1609286675
|switch|p1a: farmboy|Diggersby, M|100/100
|move|p2a: Incineroar|Fake Out|p1a: farmboy
|-damage|p1a: farmboy|89/100
|
|-heal|p1a: farmboy|95/100|[from] item: Leftovers
|upkeep
|turn|2
|
|t:|1609286684
|switch|p2a: Tapu Bulu|Tapu Bulu|100/100
|-fieldstart|move: Grassy Terrain|[from] ability: Grassy Surge|[of] p2a: Tapu Bulu
|move|p1a: farmboy|Earthquake|p2a: Tapu Bulu
|-resisted|p2a: Tapu Bulu
|-damage|p2a: Tapu Bulu|89/100
|
|-heal|p1a: farmboy|100/100|[from] item: Leftovers
|-heal|p2a: Tapu Bulu|95/100|[from] item: Leftovers
|-heal|p2a: Tapu Bulu|100/100|[from] Grassy Terrain
|upkeep
|turn|3
|
|t:|1609286696
|switch|p1a: Skreeee!|Kommo-o, M|100/100
|move|p2a: Tapu Bulu|Leech Seed|p1a: Skreeee!|[miss]
|-miss|p2a: Tapu Bulu|p1a: Skreeee!
|
|upkeep
|turn|4
|
|t:|1609286700
|switch|p2a: Glowstar|Slowbro-Galar, M, shiny|100/100
|move|p1a: Skreeee!|Poison Jab|p2a: Glowstar
|-resisted|p2a: Glowstar
|-damage|p2a: Glowstar|89/100
|
|-heal|p2a: Glowstar|95/100|[from] Grassy Terrain
|upkeep
|turn|5
|
|t:|1609286707
|switch|p1a: king me!|Bisharp, F|100/100
|move|p2a: Glowstar|Shell Side Arm|p1a: king me!
|-immune|p1a: king me!
|
|-heal|p2a: Glowstar|100/100|[from] Grassy Terrain
|upkeep
|turn|6
|j| UU8bhalpert
|
|t:|1609286717
|switch|p2a: Scizor|Scizor, F|100/100
|move|p1a: king me!|Knock Off|p2a: Scizor
|-damage|p2a: Scizor|48/100
|-enditem|p2a: Scizor|Leftovers|[from] move: Knock Off|[of] p1a: king me!
|-damage|p1a: king me!|90/100|[from] item: Life Orb
|
|-heal|p1a: king me!|97/100|[from] Grassy Terrain
|-heal|p2a: Scizor|55/100|[from] Grassy Terrain
|-fieldend|move: Grassy Terrain
|upkeep
|turn|7
|
|t:|1609286735
|switch|p1a: Skreeee!|Kommo-o, M|100/100
|move|p2a: Scizor|Roost|p2a: Scizor
|-heal|p2a: Scizor|100/100
|-singleturn|p2a: Scizor|move: Roost
|
|upkeep
|turn|8
|
|t:|1609286749
|switch|p2a: Glowstar|Slowbro-Galar, M, shiny|100/100
|move|p1a: Skreeee!|Clangorous Soul|p1a: Skreeee!
|-boost|p1a: Skreeee!|atk|1
|-boost|p1a: Skreeee!|def|1
|-boost|p1a: Skreeee!|spa|1
|-boost|p1a: Skreeee!|spd|1
|-boost|p1a: Skreeee!|spe|1
|-damage|p1a: Skreeee!|68/100
|
|upkeep
|turn|9
|
|t:|1609286755
|switch|p2a: Tapu Bulu|Tapu Bulu|100/100
|-fieldstart|move: Grassy Terrain|[from] ability: Grassy Surge|[of] p2a: Tapu Bulu
|move|p1a: Skreeee!|Scale Shot|p2a: Tapu Bulu
|-immune|p2a: Tapu Bulu
|
|-heal|p1a: Skreeee!|74/100|[from] Grassy Terrain
|upkeep
|turn|10
|
|t:|1609286760
|switch|p2a: Glowstar|Slowbro-Galar, M, shiny|100/100
|move|p1a: Skreeee!|Poison Jab|p2a: Glowstar
|-resisted|p2a: Glowstar
|-damage|p2a: Glowstar|85/100
|
|-heal|p1a: Skreeee!|80/100|[from] Grassy Terrain
|-heal|p2a: Glowstar|91/100|[from] Grassy Terrain
|upkeep
|turn|11
|c|☆luc ario power|!dt shell side arm
|raw|<ul class="utilichart"><li class="result"><span class="col movenamecol"><a href="https://dex.pokemonshowdown.com/moves/shellsidearm">Shell Side Arm</a></span> <span class="col typecol"><img src="//play.pokemonshowdown.com/sprites/types/Poison.png" alt="Poison" width="32" height="14"><img src="//play.pokemonshowdown.com/sprites/categories/Special.png" alt="Special" width="32" height="14"></span> <span class="col labelcol"><em>Power</em><br>90</span> <span class="col widelabelcol"><em>Accuracy</em><br>100%</span> <span class="col pplabelcol"><em>PP</em><br>16</span> <span class="col movedesccol">20% psn. Physical+contact if it would be stronger.</span> </li><li style="clear:both"></li></ul>
|raw|<font size="1"><font color="#686868">Priority:</font> 0&nbsp;|&ThickSpace;<font color="#686868">Gen:</font> 8&nbsp;|&ThickSpace;&#10003; Secondary effect&nbsp;|&ThickSpace;<font color="#686868">Z-Power:</font> 175&nbsp;|&ThickSpace;<font color="#686868">Dynamax Power:</font> 90&nbsp;|&ThickSpace;<font color="#686868">Target:</font> One Adjacent Pokémon</font>

|
|t:|1609286783
|move|p1a: Skreeee!|Scale Shot|p2a: Glowstar
|-damage|p2a: Glowstar|75/100
|-damage|p2a: Glowstar|61/100
|-hitcount|p2a: Glowstar|2
|-unboost|p1a: Skreeee!|def|1
|-boost|p1a: Skreeee!|spe|1
|move|p2a: Glowstar|Zen Headbutt|p1a: Skreeee!
|-supereffective|p1a: Skreeee!
|-damage|p1a: Skreeee!|6/100
|-enditem|p1a: Skreeee!|Figy Berry|[eat]
|-heal|p1a: Skreeee!|39/100|[from] item: Figy Berry
|
|-heal|p1a: Skreeee!|45/100|[from] Grassy Terrain
|-heal|p2a: Glowstar|67/100|[from] Grassy Terrain
|upkeep
|turn|12
|
|t:|1609286811
|switch|p1a: king me!|Bisharp, F|97/100
|move|p2a: Glowstar|Zen Headbutt|p1a: king me!
|-immune|p1a: king me!
|
|-heal|p1a: king me!|100/100|[from] Grassy Terrain
|-heal|p2a: Glowstar|73/100|[from] Grassy Terrain
|upkeep
|turn|13
|
|t:|1609286821
|switch|p1a: farmboy|Diggersby, M|100/100
|switch|p2a: Scizor|Scizor, F|100/100
|
|-fieldend|move: Grassy Terrain
|upkeep
|turn|14
|
|t:|1609286828
|switch|p2a: Tapu Bulu|Tapu Bulu|100/100
|-fieldstart|move: Grassy Terrain|[from] ability: Grassy Surge|[of] p2a: Tapu Bulu
|move|p1a: farmboy|Earthquake|p2a: Tapu Bulu
|-resisted|p2a: Tapu Bulu
|-damage|p2a: Tapu Bulu|89/100
|
|-heal|p2a: Tapu Bulu|96/100|[from] item: Leftovers
|-heal|p2a: Tapu Bulu|100/100|[from] Grassy Terrain
|upkeep
|turn|15
|
|t:|1609286833
|move|p1a: farmboy|U-turn|p2a: Tapu Bulu
|-damage|p2a: Tapu Bulu|81/100
|
|t:|1609286837
|switch|p1a: Skreeee!|Kommo-o, M|45/100|[from]move: U-turn
|move|p2a: Tapu Bulu|Leech Seed|p1a: Skreeee!
|-start|p1a: Skreeee!|move: Leech Seed
|
|-heal|p1a: Skreeee!|51/100|[from] Grassy Terrain
|-heal|p2a: Tapu Bulu|87/100|[from] item: Leftovers
|-heal|p2a: Tapu Bulu|94/100|[from] Grassy Terrain
|-damage|p1a: Skreeee!|39/100|[from] Leech Seed|[of] p2a: Tapu Bulu
|-heal|p2a: Tapu Bulu|100/100|[silent]
|upkeep
|turn|16
|
|t:|1609286855
|switch|p2a: Glowstar|Slowbro-Galar, M, shiny|100/100
|move|p1a: Skreeee!|Poison Jab|p2a: Glowstar
|-resisted|p2a: Glowstar
|-damage|p2a: Glowstar|89/100
|
|-heal|p1a: Skreeee!|45/100|[from] Grassy Terrain
|-heal|p2a: Glowstar|95/100|[from] Grassy Terrain
|-damage|p1a: Skreeee!|32/100|[from] Leech Seed|[of] p2a: Glowstar
|-heal|p2a: Glowstar|100/100|[silent]
|upkeep
|turn|17
|
|t:|1609286865
|switch|p1a: king me!|Bisharp, F|100/100
|switch|p2a: Keldeo|Keldeo-Resolute|100/100
|
|upkeep
|turn|18
|
|t:|1609286871
|switch|p1a: doug dimma|Weezing-Galar, M|100/100
|-ability|p1a: doug dimma|Neutralizing Gas
|move|p2a: Keldeo|Flip Turn|p1a: doug dimma
|-damage|p1a: doug dimma|89/100
|
|t:|1609286882
|switch|p2a: Glowstar|Slowbro-Galar, M, shiny|100/100|[from]move: Flip Turn
|
|-heal|p1a: doug dimma|95/100|[from] item: Leftovers
|-heal|p1a: doug dimma|100/100|[from] Grassy Terrain
|-fieldend|move: Grassy Terrain
|upkeep
|turn|19
|
|t:|1609286895
|switch|p1a: king me!|Bisharp, F|100/100
|move|p2a: Glowstar|Earthquake|p1a: king me!
|-supereffective|p1a: king me!
|-damage|p1a: king me!|35/100
|
|upkeep
|turn|20
|
|t:|1609286900
|switch|p2a: Scizor|Scizor, F|100/100
|move|p1a: king me!|Knock Off|p2a: Scizor
|-damage|p2a: Scizor|65/100
|-damage|p1a: king me!|25/100|[from] item: Life Orb
|
|upkeep
|turn|21
|
|t:|1609286909
|switch|p1a: how|Regieleki|100/100
|move|p2a: Scizor|U-turn|p1a: how
|-damage|p1a: how|35/100
|inactive|Battle timer is ON: inactive players will automatically lose when time's up. (requested by luc ario power)
|
|t:|1609286944
|switch|p2a: Tapu Bulu|Tapu Bulu|100/100|[from]move: U-turn
|-fieldstart|move: Grassy Terrain|[from] ability: Grassy Surge|[of] p2a: Tapu Bulu
|
|-heal|p1a: how|41/100|[from] Grassy Terrain
|upkeep
|turn|22
|
|t:|1609286972
|move|p1a: how|Volt Switch|p2a: Tapu Bulu
|-resisted|p2a: Tapu Bulu
|-damage|p2a: Tapu Bulu|70/100
|-damage|p1a: how|31/100|[from] item: Life Orb
|inactive|luc ario power has 120 seconds left.
|
|t:|1609286986
|switch|p1a: doug dimma|Weezing-Galar, M|100/100|[from]move: Volt Switch
|-ability|p1a: doug dimma|Neutralizing Gas
|move|p2a: Tapu Bulu|Leech Seed|p1a: doug dimma
|-start|p1a: doug dimma|move: Leech Seed
|
|-heal|p2a: Tapu Bulu|76/100|[from] item: Leftovers
|-heal|p2a: Tapu Bulu|82/100|[from] Grassy Terrain
|-damage|p1a: doug dimma|88/100|[from] Leech Seed|[of] p2a: Tapu Bulu
|-heal|p2a: Tapu Bulu|94/100|[silent]
|upkeep
|turn|23
|
|t:|1609286996
|switch|p2a: Incineroar|Incineroar, M|100/100
|move|p1a: doug dimma|Will-O-Wisp|p2a: Incineroar|[miss]
|-miss|p1a: doug dimma|p2a: Incineroar
|
|-heal|p1a: doug dimma|94/100|[from] item: Leftovers
|-heal|p1a: doug dimma|99/100|[from] Grassy Terrain
|-damage|p1a: doug dimma|88/100|[from] Leech Seed|[of] p2a: Incineroar
|upkeep
|turn|24
|
|t:|1609287007
|-ability|p2a: Incineroar|Intimidate|boost
|-unboost|p1a: doug dimma|atk|1
|switch|p1a: farmboy|Diggersby, M|100/100
|move|p2a: Incineroar|Knock Off|p1a: farmboy
|-damage|p1a: farmboy|51/100
|-enditem|p1a: farmboy|Leftovers|[from] move: Knock Off|[of] p2a: Incineroar
|
|-heal|p1a: farmboy|57/100|[from] Grassy Terrain
|upkeep
|turn|25
|
|t:|1609287024
|switch|p2a: Tapu Bulu|Tapu Bulu|94/100
|move|p1a: farmboy|Spikes|p2a: Tapu Bulu
|-sidestart|p2: Ventamicare|Spikes
|
|-heal|p1a: farmboy|63/100|[from] Grassy Terrain
|-heal|p2a: Tapu Bulu|99/100|[from] item: Leftovers
|-heal|p2a: Tapu Bulu|100/100|[from] Grassy Terrain
|-fieldend|move: Grassy Terrain
|upkeep
|turn|26
|
|t:|1609287033
|move|p1a: farmboy|U-turn|p2a: Tapu Bulu
|-damage|p2a: Tapu Bulu|79/100
|
|t:|1609287036
|switch|p1a: doug dimma|Weezing-Galar, M|88/100|[from]move: U-turn
|-ability|p1a: doug dimma|Neutralizing Gas
|move|p2a: Tapu Bulu|Leech Seed|p1a: doug dimma
|-start|p1a: doug dimma|move: Leech Seed
|
|-heal|p2a: Tapu Bulu|85/100|[from] item: Leftovers
|-heal|p1a: doug dimma|94/100|[from] item: Leftovers
|-damage|p1a: doug dimma|82/100|[from] Leech Seed|[of] p2a: Tapu Bulu
|-heal|p2a: Tapu Bulu|97/100|[silent]
|upkeep
|turn|27
|
|t:|1609287046
|switch|p2a: Incineroar|Incineroar, M|100/100
|move|p1a: doug dimma|Strange Steam|p2a: Incineroar
|-damage|p2a: Incineroar|76/100
|
|-heal|p1a: doug dimma|88/100|[from] item: Leftovers
|-damage|p1a: doug dimma|75/100|[from] Leech Seed|[of] p2a: Incineroar
|-heal|p2a: Incineroar|86/100|[silent]
|upkeep
|turn|28
|
|t:|1609287070
|-ability|p2a: Incineroar|Intimidate|boost
|-unboost|p1a: doug dimma|atk|1
|switch|p1a: farmboy|Diggersby, M|63/100
|move|p2a: Incineroar|Knock Off|p1a: farmboy
|-damage|p1a: farmboy|30/100
|
|upkeep
|turn|29
|
|t:|1609287095
|switch|p2a: Tapu Bulu|Tapu Bulu|97/100
|-damage|p2a: Tapu Bulu|85/100|[from] Spikes
|-fieldstart|move: Grassy Terrain|[from] ability: Grassy Surge|[of] p2a: Tapu Bulu
|move|p1a: farmboy|Quick Attack|p2a: Tapu Bulu
|-damage|p2a: Tapu Bulu|66/100
|
|-heal|p1a: farmboy|36/100|[from] Grassy Terrain
|-heal|p2a: Tapu Bulu|72/100|[from] item: Leftovers
|-heal|p2a: Tapu Bulu|78/100|[from] Grassy Terrain
|upkeep
|turn|30
|
|t:|1609287111
|move|p1a: farmboy|U-turn|p2a: Tapu Bulu
|-damage|p2a: Tapu Bulu|58/100
|
|t:|1609287114
|switch|p1a: doug dimma|Weezing-Galar, M|75/100|[from]move: U-turn
|-ability|p1a: doug dimma|Neutralizing Gas
|move|p2a: Tapu Bulu|Leech Seed|p1a: doug dimma
|-start|p1a: doug dimma|move: Leech Seed
|
|-heal|p2a: Tapu Bulu|64/100|[from] item: Leftovers
|-heal|p2a: Tapu Bulu|71/100|[from] Grassy Terrain
|-heal|p1a: doug dimma|81/100|[from] item: Leftovers
|-heal|p1a: doug dimma|87/100|[from] Grassy Terrain
|-damage|p1a: doug dimma|75/100|[from] Leech Seed|[of] p2a: Tapu Bulu
|-heal|p2a: Tapu Bulu|82/100|[silent]
|upkeep
|turn|31
|
|t:|1609287125
|switch|p2a: Incineroar|Incineroar, M|86/100
|move|p1a: doug dimma|Clear Smog|p2a: Incineroar
|-damage|p2a: Incineroar|71/100
|-clearboost|p2a: Incineroar
|
|-heal|p1a: doug dimma|81/100|[from] item: Leftovers
|-heal|p1a: doug dimma|87/100|[from] Grassy Terrain
|-heal|p2a: Incineroar|77/100|[from] Grassy Terrain
|-damage|p1a: doug dimma|75/100|[from] Leech Seed|[of] p2a: Incineroar
|-heal|p2a: Incineroar|87/100|[silent]
|upkeep
|turn|32
|
|t:|1609287139
|move|p2a: Incineroar|Knock Off|p1a: doug dimma
|-resisted|p1a: doug dimma
|-damage|p1a: doug dimma|59/100
|-enditem|p1a: doug dimma|Leftovers|[from] move: Knock Off|[of] p2a: Incineroar
|move|p1a: doug dimma|Strange Steam|p2a: Incineroar
|-damage|p2a: Incineroar|61/100
|
|-heal|p2a: Incineroar|67/100|[from] Grassy Terrain
|-heal|p1a: doug dimma|65/100|[from] Grassy Terrain
|-damage|p1a: doug dimma|53/100|[from] Leech Seed|[of] p2a: Incineroar
|-heal|p2a: Incineroar|77/100|[silent]
|upkeep
|turn|33
|
|t:|1609287151
|move|p1a: doug dimma|Strange Steam|p2a: Incineroar
|-damage|p2a: Incineroar|52/100
|move|p2a: Incineroar|Parting Shot|p1a: doug dimma
|-unboost|p1a: doug dimma|atk|1
|-unboost|p1a: doug dimma|spa|1
|
|t:|1609287163
|switch|p2a: Keldeo|Keldeo-Resolute|100/100|[from]move: Parting Shot
|-damage|p2a: Keldeo|88/100|[from] Spikes
|
|-heal|p2a: Keldeo|94/100|[from] Grassy Terrain
|-heal|p1a: doug dimma|59/100|[from] Grassy Terrain
|-fieldend|move: Grassy Terrain
|-damage|p1a: doug dimma|46/100|[from] Leech Seed|[of] p2a: Keldeo
|-heal|p2a: Keldeo|100/100|[silent]
|upkeep
|turn|34
|
|t:|1609287167
|move|p2a: Keldeo|Surf|p1a: doug dimma
|-damage|p1a: doug dimma|0 fnt
|faint|p1a: doug dimma
|
|upkeep
|
|t:|1609287173
|switch|p1a: how|Regieleki|31/100
|turn|35
|
|t:|1609287179
|switch|p2a: Tapu Bulu|Tapu Bulu|82/100
|-damage|p2a: Tapu Bulu|70/100|[from] Spikes
|-fieldstart|move: Grassy Terrain|[from] ability: Grassy Surge|[of] p2a: Tapu Bulu
|move|p1a: how|Thunder Cage|p2a: Tapu Bulu
|-resisted|p2a: Tapu Bulu
|-damage|p2a: Tapu Bulu|34/100
|-activate|p2a: Tapu Bulu|move: Thunder Cage|[of] p1a: how
|-damage|p1a: how|21/100|[from] item: Life Orb
|
|-heal|p1a: how|27/100|[from] Grassy Terrain
|-heal|p2a: Tapu Bulu|40/100|[from] item: Leftovers
|-heal|p2a: Tapu Bulu|46/100|[from] Grassy Terrain
|-damage|p2a: Tapu Bulu|33/100|[from] move: Thunder Cage|[partiallytrapped]
|upkeep
|turn|36
|
|t:|1609287193
|move|p1a: how|Thunder Cage|p2a: Tapu Bulu
|-resisted|p2a: Tapu Bulu
|-damage|p2a: Tapu Bulu|0 fnt
|-damage|p1a: how|17/100|[from] item: Life Orb
|faint|p2a: Tapu Bulu
|
|-heal|p1a: how|23/100|[from] Grassy Terrain
|upkeep
|
|t:|1609287199
|switch|p2a: Zeraora|Zeraora|100/100
|-damage|p2a: Zeraora|88/100|[from] Spikes
|turn|37
|
|t:|1609287209
|move|p1a: how|Explosion|p2a: Zeraora
|-damage|p2a: Zeraora|0 fnt
|faint|p1a: how
|faint|p2a: Zeraora
|
|upkeep
|
|t:|1609287223
|switch|p1a: farmboy|Diggersby, M|36/100
|switch|p2a: Scizor|Scizor, F|65/100
|-damage|p2a: Scizor|53/100|[from] Spikes
|turn|38
|
|t:|1609287228
|move|p1a: farmboy|Earthquake|p2a: Scizor
|-damage|p2a: Scizor|30/100
|move|p2a: Scizor|Roost|p2a: Scizor
|-heal|p2a: Scizor|80/100
|-singleturn|p2a: Scizor|move: Roost
|
|-heal|p1a: farmboy|42/100|[from] Grassy Terrain
|-heal|p2a: Scizor|87/100|[from] Grassy Terrain
|upkeep
|turn|39
|
|t:|1609287245
|move|p1a: farmboy|Earthquake|p2a: Scizor
|-damage|p2a: Scizor|60/100
|move|p2a: Scizor|U-turn|p1a: farmboy
|-damage|p1a: farmboy|8/100
|
|t:|1609287250
|switch|p2a: Keldeo|Keldeo-Resolute|100/100|[from]move: U-turn
|-damage|p2a: Keldeo|88/100|[from] Spikes
|
|-heal|p2a: Keldeo|94/100|[from] Grassy Terrain
|-heal|p1a: farmboy|14/100|[from] Grassy Terrain
|-fieldend|move: Grassy Terrain
|upkeep
|turn|40
|
|t:|1609287258
|move|p1a: farmboy|Quick Attack|p2a: Keldeo
|-damage|p2a: Keldeo|63/100
|move|p2a: Keldeo|Flip Turn|p1a: farmboy
|-supereffective|p1a: farmboy
|-damage|p1a: farmboy|0 fnt
|faint|p1a: farmboy
|
|t:|1609287264
|switch|p2a: Scizor|Scizor, F|60/100|[from]move: Flip Turn
|-damage|p2a: Scizor|48/100|[from] Spikes
|
|upkeep
|
|t:|1609287288
|switch|p1a: gumbo|Azelf|100/100
|turn|41
|
|t:|1609287300
|switch|p2a: Glowstar|Slowbro-Galar, M, shiny|100/100
|-damage|p2a: Glowstar|88/100|[from] Spikes
|move|p1a: gumbo|Flamethrower|p2a: Glowstar
|-damage|p2a: Glowstar|60/100
|-status|p2a: Glowstar|brn
|-damage|p1a: gumbo|91/100|[from] item: Life Orb
|
|-damage|p2a: Glowstar|54/100 brn|[from] brn
|upkeep
|turn|42
|inactive|luc ario power has 120 seconds left.
|
|t:|1609287337
|move|p1a: gumbo|Nasty Plot|p1a: gumbo
|-boost|p1a: gumbo|spa|2
|move|p2a: Glowstar|Shell Side Arm|p1a: gumbo
|-damage|p1a: gumbo|61/100
|-hint|Physical Shell Side Arm
|
|-damage|p2a: Glowstar|48/100 brn|[from] brn
|upkeep
|turn|43
|inactive|luc ario power has 120 seconds left.
|
|t:|1609287344
|move|p1a: gumbo|Flamethrower|p2a: Glowstar
|-damage|p2a: Glowstar|0 fnt
|-damage|p1a: gumbo|51/100|[from] item: Life Orb
|faint|p2a: Glowstar
|
|upkeep
|
|t:|1609287349
|switch|p2a: Incineroar|Incineroar, M|52/100
|-ability|p2a: Incineroar|Intimidate|boost
|-unboost|p1a: gumbo|atk|1
|turn|44
|inactive|luc ario power has 120 seconds left.
|
|t:|1609287368
|switch|p1a: king me!|Bisharp, F|25/100
|move|p2a: Incineroar|Fake Out|p1a: king me!
|-resisted|p1a: king me!
|-crit|p1a: king me!
|-damage|p1a: king me!|16/100
|
|upkeep
|turn|45
|
|t:|1609287377
|switch|p2a: Keldeo|Keldeo-Resolute|63/100
|-damage|p2a: Keldeo|50/100|[from] Spikes
|move|p1a: king me!|Sucker Punch||[still]
|-fail|p1a: king me!
|
|upkeep
|turn|46
|
|t:|1609287380
|move|p1a: king me!|Sucker Punch|p2a: Keldeo
|-resisted|p2a: Keldeo
|-damage|p2a: Keldeo|22/100
|-ability|p2a: Keldeo|Justified|boost
|-boost|p2a: Keldeo|atk|1
|-damage|p1a: king me!|6/100|[from] item: Life Orb
|move|p2a: Keldeo|Flip Turn|p1a: king me!
|-damage|p1a: king me!|0 fnt
|faint|p1a: king me!
|
|t:|1609287387
|switch|p2a: Incineroar|Incineroar, M|52/100|[from]move: Flip Turn
|
|upkeep
|
|t:|1609287393
|switch|p1a: Skreeee!|Kommo-o, M|32/100
|turn|47
|
|t:|1609287400
|move|p2a: Incineroar|Fake Out|p1a: Skreeee!
|-damage|p1a: Skreeee!|22/100
|cant|p1a: Skreeee!|flinch
|
|upkeep
|turn|48
|
|t:|1609287407
|switch|p2a: Scizor|Scizor, F|48/100
|-damage|p2a: Scizor|35/100|[from] Spikes
|move|p1a: Skreeee!|Drain Punch|p2a: Scizor
|-damage|p2a: Scizor|10/100
|-heal|p1a: Skreeee!|37/100|[from] drain|[of] p2a: Scizor
|
|upkeep
|turn|49
|
|t:|1609287416
|move|p2a: Scizor|Bullet Punch|p1a: Skreeee!
|-damage|p1a: Skreeee!|11/100
|move|p1a: Skreeee!|Drain Punch|p2a: Scizor
|-damage|p2a: Scizor|0 fnt
|-heal|p1a: Skreeee!|16/100|[from] drain|[of] p2a: Scizor
|faint|p2a: Scizor
|
|upkeep
|
|t:|1609287419
|switch|p2a: Keldeo|Keldeo-Resolute|22/100
|-damage|p2a: Keldeo|10/100|[from] Spikes
|turn|50
|
|t:|1609287443
|move|p2a: Keldeo|Surf|p1a: Skreeee!
|-resisted|p1a: Skreeee!
|-damage|p1a: Skreeee!|0 fnt
|faint|p1a: Skreeee!
|
|upkeep
|
|t:|1609287446
|switch|p1a: gumbo|Azelf|51/100
|turn|51
|
|t:|1609287452
|move|p1a: gumbo|Dazzling Gleam|p2a: Keldeo
|-supereffective|p2a: Keldeo
|-damage|p2a: Keldeo|0 fnt
|-damage|p1a: gumbo|41/100|[from] item: Life Orb
|faint|p2a: Keldeo
|
|upkeep
|
|t:|1609287454
|switch|p2a: Incineroar|Incineroar, M|52/100
|-ability|p2a: Incineroar|Intimidate|boost
|-unboost|p1a: gumbo|atk|1
|turn|52
|
|t:|1609287458
|move|p1a: gumbo|Dazzling Gleam|p2a: Incineroar
|-damage|p2a: Incineroar|18/100
|-damage|p1a: gumbo|31/100|[from] item: Life Orb
|move|p2a: Incineroar|Knock Off|p1a: gumbo
|-supereffective|p1a: gumbo
|-damage|p1a: gumbo|0 fnt
|-enditem|p1a: gumbo|Life Orb|[from] move: Knock Off|[of] p2a: Incineroar
|faint|p1a: gumbo
|
|win|Ventamicare
|raw|luc ario power's rating: 1332 &rarr; <strong>1315</strong><br />(-17 for losing)
|raw|Ventamicare's rating: 1377 &rarr; <strong>1395</strong><br />(+18 for winning)
