|j|☆RedzoneX
|j|☆St. 78
|t:|1596919192
|player|p1|RedzoneX|144|
|player|p2|St. 78|101|
|teamsize|p1|6
|teamsize|p2|6
|gametype|singles
|gen|8
|tier|[Gen 8] UU
|rated|Tournament battle
|clearpoke
|poke|p1|Obstagoon, F|
|poke|p1|Araquanid, M|
|poke|p1|Jirachi|
|poke|p1|Cobalion|
|poke|p1|Mimikyu, M|
|poke|p1|Noivern, F|
|poke|p2|Chandelure, M|
|poke|p2|Cobalion|
|poke|p2|Dragalge, F|
|poke|p2|Umbreon, F|
|poke|p2|Rotom-Wash|
|poke|p2|Krookodile, F|
|rule|Sleep Clause Mod: Limit one foe put to sleep
|rule|Species Clause: Limit one of each Pokémon
|rule|OHKO Clause: OHKO moves are banned
|rule|Evasion Moves Clause: Evasion moves are banned
|rule|Endless Battle Clause: Forcing endless battles is banned
|rule|HP Percentage Mod: HP is shown in percentages
|rule|Dynamax Clause: You cannot dynamax
|teampreview
|
|t:|1596919219
|start
|switch|p1a: Noivern|Noivern, F|100/100
|switch|p2a: Fendi|Dragalge, F|100/100
|turn|1
|
|t:|1596919230
|switch|p2a: Uniqlo|Umbreon, F|100/100
|move|p1a: Noivern|Draco Meteor|p2a: Uniqlo
|-damage|p2a: Uniqlo|72/100
|-unboost|p1a: Noivern|spa|2
|
|-heal|p2a: Uniqlo|78/100|[from] item: Leftovers
|upkeep
|turn|2
|j| JustFranco
|j| 467 11 11p
|
|t:|1596919265
|switch|p1a: Obstagoon|Obstagoon, F, shiny|100/100
|switch|p2a: Fendi|Dragalge, F|100/100
|
|-status|p1a: Obstagoon|brn|[from] item: Flame Orb
|upkeep
|turn|3
|
|t:|1596919290
|switch|p2a: John Elliot|Cobalion|100/100
|move|p1a: Obstagoon|Facade|p2a: John Elliot
|-resisted|p2a: John Elliot
|-damage|p2a: John Elliot|62/100
|-damage|p1a: Obstagoon|84/100 brn|[from] item: Rocky Helmet|[of] p2a: John Elliot
|
|-damage|p1a: Obstagoon|78/100 brn|[from] brn
|upkeep
|turn|4
|
|t:|1596919322
|move|p2a: John Elliot|Stealth Rock|p1a: Obstagoon
|-sidestart|p1: RedzoneX|move: Stealth Rock
|move|p1a: Obstagoon|Close Combat|p2a: John Elliot
|-supereffective|p2a: John Elliot
|-damage|p2a: John Elliot|0 fnt
|-unboost|p1a: Obstagoon|def|1
|-unboost|p1a: Obstagoon|spd|1
|-damage|p1a: Obstagoon|61/100 brn|[from] item: Rocky Helmet|[of] p2a: John Elliot
|faint|p2a: John Elliot
|
|-damage|p1a: Obstagoon|55/100 brn|[from] brn
|upkeep
|
|t:|1596919355
|switch|p2a: Kholr|Rotom-Wash|100/100
|turn|5
|
|t:|1596919379
|move|p1a: Obstagoon|Facade|p2a: Kholr
|-damage|p2a: Kholr|29/100
|move|p2a: Kholr|Volt Switch|p1a: Obstagoon
|-damage|p1a: Obstagoon|7/100 brn
|
|t:|1596919391
|switch|p2a: Rhude|Chandelure, M|100/100|[from]move: Volt Switch
|
|-damage|p1a: Obstagoon|0 fnt|[from] brn
|faint|p1a: Obstagoon
|upkeep
|l| JustFranco
|
|t:|1596919434
|switch|p1a: Araquanid|Araquanid, M|100/100
|turn|6
|
|t:|1596919446
|switch|p2a: Fendi|Dragalge, F|100/100
|move|p1a: Araquanid|Sticky Web|p2a: Fendi
|-sidestart|p2: St. 78|move: Sticky Web
|
|upkeep
|turn|7
|
|t:|1596919456
|move|p1a: Araquanid|Ice Beam|p2a: Fendi
|-supereffective|p2a: Fendi
|-damage|p2a: Fendi|68/100
|move|p2a: Fendi|Toxic Spikes|p1a: Araquanid
|-sidestart|p1: RedzoneX|move: Toxic Spikes
|
|-heal|p2a: Fendi|74/100|[from] item: Leftovers
|upkeep
|turn|8
|
|t:|1596919498
|move|p1a: Araquanid|Ice Beam|p2a: Fendi
|-supereffective|p2a: Fendi
|-damage|p2a: Fendi|39/100
|move|p2a: Fendi|Sludge Bomb|p1a: Araquanid
|-damage|p1a: Araquanid|62/100
|-status|p1a: Araquanid|psn
|
|-heal|p2a: Fendi|45/100|[from] item: Leftovers
|-damage|p1a: Araquanid|50/100 psn|[from] psn
|upkeep
|turn|9
|
|t:|1596919514
|switch|p1a: Cobalion|Cobalion|100/100
|-damage|p1a: Cobalion|97/100|[from] Stealth Rock
|-item|p1a: Cobalion|Air Balloon
|switch|p2a: Uniqlo|Umbreon, F|78/100
|-activate|p2a: Uniqlo|move: Sticky Web
|-unboost|p2a: Uniqlo|spe|1
|
|-heal|p2a: Uniqlo|84/100|[from] item: Leftovers
|upkeep
|turn|10
|
|t:|1596919537
|switch|p1a: Mimikyu|Mimikyu, M|100/100
|-damage|p1a: Mimikyu|88/100|[from] Stealth Rock
|-status|p1a: Mimikyu|psn
|switch|p2a: Rhude|Chandelure, M|100/100
|
|-damage|p1a: Mimikyu|76/100 psn|[from] psn
|upkeep
|turn|11
|
|t:|1596919560
|switch|p2a: Uniqlo|Umbreon, F|84/100
|-activate|p2a: Uniqlo|move: Sticky Web
|-unboost|p2a: Uniqlo|spe|1
|move|p1a: Mimikyu|Swords Dance|p1a: Mimikyu
|-boost|p1a: Mimikyu|atk|2
|
|-heal|p2a: Uniqlo|90/100|[from] item: Leftovers
|-damage|p1a: Mimikyu|63/100 psn|[from] psn
|upkeep
|turn|12
|
|t:|1596919572
|move|p2a: Uniqlo|Protect|p2a: Uniqlo
|-singleturn|p2a: Uniqlo|Protect
|move|p1a: Mimikyu|Play Rough|p2a: Uniqlo
|-activate|p2a: Uniqlo|move: Protect
|
|-heal|p2a: Uniqlo|96/100|[from] item: Leftovers
|-damage|p1a: Mimikyu|51/100 psn|[from] psn
|upkeep
|turn|13
|
|t:|1596919591
|switch|p2a: Kholr|Rotom-Wash|29/100
|move|p1a: Mimikyu|Play Rough|p2a: Kholr
|-damage|p2a: Kholr|0 fnt
|-damage|p1a: Mimikyu|41/100 psn|[from] item: Life Orb
|faint|p2a: Kholr
|
|-damage|p1a: Mimikyu|29/100 psn|[from] psn
|upkeep
|
|t:|1596919602
|switch|p2a: Rhude|Chandelure, M|100/100
|turn|14
|
|t:|1596919612
|move|p2a: Rhude|Protect|p2a: Rhude
|-singleturn|p2a: Rhude|Protect
|move|p1a: Mimikyu|Shadow Claw|p2a: Rhude
|-activate|p2a: Rhude|move: Protect
|
|-damage|p1a: Mimikyu|16/100 psn|[from] psn
|upkeep
|turn|15
|
|t:|1596919634
|switch|p2a: Dior|Krookodile, F|100/100
|-activate|p2a: Dior|move: Sticky Web
|-unboost|p2a: Dior|spe|1
|-ability|p2a: Dior|Intimidate|boost
|-unboost|p1a: Mimikyu|atk|1
|move|p1a: Mimikyu|Play Rough|p2a: Dior
|-supereffective|p2a: Dior
|-damage|p2a: Dior|0 fnt
|-damage|p1a: Mimikyu|6/100 psn|[from] item: Life Orb
|faint|p2a: Dior
|
|-damage|p1a: Mimikyu|0 fnt|[from] psn
|faint|p1a: Mimikyu
|upkeep
|
|t:|1596919673
|switch|p1a: Araquanid|Araquanid, M|50/100 psn
|switch|p2a: Rhude|Chandelure, M|100/100
|turn|16
|
|t:|1596919681
|move|p2a: Rhude|Protect|p2a: Rhude
|-singleturn|p2a: Rhude|Protect
|move|p1a: Araquanid|Surf|p2a: Rhude
|-activate|p2a: Rhude|move: Protect
|
|-damage|p1a: Araquanid|38/100 psn|[from] psn
|upkeep
|turn|17
|
|t:|1596919688
|move|p2a: Rhude|Hex|p1a: Araquanid
|-damage|p1a: Araquanid|0 fnt
|faint|p1a: Araquanid
|
|upkeep
|
|t:|1596919706
|switch|p1a: Jirachi|Jirachi|100/100
|-damage|p1a: Jirachi|94/100|[from] Stealth Rock
|turn|18
|
|t:|1596919712
|switch|p2a: Uniqlo|Umbreon, F|96/100
|-activate|p2a: Uniqlo|move: Sticky Web
|-unboost|p2a: Uniqlo|spe|1
|move|p1a: Jirachi|Thunder|p2a: Uniqlo|[miss]
|-miss|p1a: Jirachi|p2a: Uniqlo
|
|-heal|p2a: Uniqlo|100/100|[from] item: Leftovers
|upkeep
|turn|19
|
|t:|1596919722
|move|p1a: Jirachi|Stealth Rock|p2a: Uniqlo
|-sidestart|p2: St. 78|move: Stealth Rock
|move|p2a: Uniqlo|Wish|p2a: Uniqlo
|
|upkeep
|turn|20
|
|t:|1596919757
|switch|p1a: Noivern|Noivern, F|100/100
|switch|p2a: Fendi|Dragalge, F|45/100
|-damage|p2a: Fendi|33/100|[from] Stealth Rock
|-activate|p2a: Fendi|move: Sticky Web
|-unboost|p2a: Fendi|spe|1
|
|-heal|p2a: Fendi|92/100|[from] move: Wish|[wisher] Uniqlo
|-heal|p2a: Fendi|98/100|[from] item: Leftovers
|upkeep
|turn|21
|
|t:|1596919776
|switch|p1a: Cobalion|Cobalion|97/100
|-damage|p1a: Cobalion|94/100|[from] Stealth Rock
|-item|p1a: Cobalion|Air Balloon
|switch|p2a: Uniqlo|Umbreon, F|100/100
|-damage|p2a: Uniqlo|88/100|[from] Stealth Rock
|-activate|p2a: Uniqlo|move: Sticky Web
|-unboost|p2a: Uniqlo|spe|1
|
|-heal|p2a: Uniqlo|94/100|[from] item: Leftovers
|upkeep
|turn|22
|
|t:|1596919788
|switch|p2a: Rhude|Chandelure, M|100/100
|move|p1a: Cobalion|Swords Dance|p1a: Cobalion
|-boost|p1a: Cobalion|atk|2
|
|upkeep
|turn|23
|
|t:|1596919793
|move|p1a: Cobalion|Iron Head|p2a: Rhude
|-resisted|p2a: Rhude
|-damage|p2a: Rhude|55/100
|cant|p2a: Rhude|flinch
|
|upkeep
|turn|24
|
|t:|1596919799
|move|p1a: Cobalion|Iron Head|p2a: Rhude
|-resisted|p2a: Rhude
|-damage|p2a: Rhude|11/100
|move|p2a: Rhude|Flamethrower|p1a: Cobalion
|-supereffective|p1a: Cobalion
|-damage|p1a: Cobalion|0 fnt
|-enditem|p1a: Cobalion|Air Balloon
|faint|p1a: Cobalion
|
|upkeep
|
|t:|1596919805
|switch|p1a: Jirachi|Jirachi|94/100
|-damage|p1a: Jirachi|88/100|[from] Stealth Rock
|turn|25
|
|t:|1596919820
|move|p2a: Rhude|Protect|p2a: Rhude
|-singleturn|p2a: Rhude|Protect
|move|p1a: Jirachi|Iron Head|p2a: Rhude
|-activate|p2a: Rhude|move: Protect
|
|upkeep
|turn|26
|
|t:|1596919829
|move|p1a: Jirachi|Iron Head|p2a: Rhude
|-resisted|p2a: Rhude
|-damage|p2a: Rhude|0 fnt
|faint|p2a: Rhude
|
|upkeep
|
|t:|1596919834
|switch|p2a: Uniqlo|Umbreon, F|94/100
|-damage|p2a: Uniqlo|82/100|[from] Stealth Rock
|-activate|p2a: Uniqlo|move: Sticky Web
|-unboost|p2a: Uniqlo|spe|1
|turn|27
|
|t:|1596919851
|move|p1a: Jirachi|Iron Head|p2a: Uniqlo
|-damage|p2a: Uniqlo|58/100
|move|p2a: Uniqlo|Foul Play|p1a: Jirachi
|-supereffective|p1a: Jirachi
|-damage|p1a: Jirachi|9/100
|
|-heal|p2a: Uniqlo|64/100|[from] item: Leftovers
|upkeep
|turn|28
|
|t:|1596919859
|move|p1a: Jirachi|Iron Head|p2a: Uniqlo
|-damage|p2a: Uniqlo|42/100
|move|p2a: Uniqlo|Wish|p2a: Uniqlo
|
|-heal|p2a: Uniqlo|48/100|[from] item: Leftovers
|upkeep
|turn|29
|
|t:|1596919868
|move|p1a: Jirachi|Iron Head|p2a: Uniqlo
|-damage|p2a: Uniqlo|25/100
|move|p2a: Uniqlo|Foul Play|p1a: Jirachi
|-supereffective|p1a: Jirachi
|-damage|p1a: Jirachi|0 fnt
|faint|p1a: Jirachi
|
|-heal|p2a: Uniqlo|75/100|[from] move: Wish|[wisher] Uniqlo
|-heal|p2a: Uniqlo|81/100|[from] item: Leftovers
|upkeep
|c|☆RedzoneX|ohhhhhh
|
|t:|1596919880
|switch|p1a: Noivern|Noivern, F|100/100
|turn|30
|
|t:|1596919885
|move|p1a: Noivern|Flamethrower|p2a: Uniqlo
|-damage|p2a: Uniqlo|68/100
|move|p2a: Uniqlo|Wish|p2a: Uniqlo
|
|-heal|p2a: Uniqlo|74/100|[from] item: Leftovers
|upkeep
|turn|31
|
|t:|1596919892
|move|p1a: Noivern|Flamethrower|p2a: Uniqlo
|-damage|p2a: Uniqlo|62/100
|move|p2a: Uniqlo|Foul Play|p1a: Noivern
|-damage|p1a: Noivern|77/100
|
|-heal|p2a: Uniqlo|100/100|[from] move: Wish|[wisher] Uniqlo
|upkeep
|turn|32
|
|t:|1596919902
|move|p1a: Noivern|Flamethrower|p2a: Uniqlo
|-damage|p2a: Uniqlo|87/100
|move|p2a: Uniqlo|Wish|p2a: Uniqlo
|
|-heal|p2a: Uniqlo|93/100|[from] item: Leftovers
|upkeep
|turn|33
|
|t:|1596919910
|switch|p2a: Fendi|Dragalge, F|98/100
|-damage|p2a: Fendi|86/100|[from] Stealth Rock
|-activate|p2a: Fendi|move: Sticky Web
|-unboost|p2a: Fendi|spe|1
|move|p1a: Noivern|Defog|p2a: Fendi
|-unboost|p2a: Fendi|evasion|1
|-sideend|p2: St. 78|Stealth Rock|[from] move: Defog|[of] p1a: Noivern
|-sideend|p2: St. 78|Sticky Web|[from] move: Defog|[of] p1a: Noivern
|-sideend|p1: RedzoneX|Toxic Spikes|[from] move: Defog|[of] p1a: Noivern
|-sideend|p1: RedzoneX|Stealth Rock|[from] move: Defog|[of] p1a: Noivern
|
|-heal|p2a: Fendi|100/100|[from] move: Wish|[wisher] Uniqlo
|upkeep
|turn|34
|j| Metool B
|
|t:|1596919928
|move|p1a: Noivern|Draco Meteor|p2a: Fendi
|-supereffective|p2a: Fendi
|-damage|p2a: Fendi|9/100
|-unboost|p1a: Noivern|spa|2
|move|p2a: Fendi|Draco Meteor|p1a: Noivern
|-supereffective|p1a: Noivern
|-damage|p1a: Noivern|0 fnt
|-unboost|p2a: Fendi|spa|2
|faint|p1a: Noivern
|
|win|St. 78
|c|☆RedzoneX|gg
|c|☆St. 78|gg
|l| Metool B
