|j|☆ok now i see ya
|j|☆randy melons
|t:|1602216651
|player|p1|ok now i see ya|brendan-gen3rs|1611
|player|p2|randy melons|gambler|1516
|teamsize|p1|6
|teamsize|p2|6
|gametype|singles
|gen|8
|tier|[Gen 8] UU
|rated|
|clearpoke
|poke|p1|Slowbro, M|
|poke|p1|Cobalion|
|poke|p1|Mamoswine, M|
|poke|p1|Chandelure, F|
|poke|p1|Zarude|
|poke|p1|Weezing-Galar, M|
|poke|p2|Druddigon, M|
|poke|p2|Cloyster, M|
|poke|p2|Slowbro-Galar, M|
|poke|p2|Mimikyu, F|
|poke|p2|Bisharp, F|
|poke|p2|Rotom-Wash|
|rule|Sleep Clause Mod: Limit one foe put to sleep
|rule|Species Clause: Limit one of each Pokémon
|rule|OHKO Clause: OHKO moves are banned
|rule|Evasion Moves Clause: Evasion moves are banned
|rule|Endless Battle Clause: Forcing endless battles is banned
|rule|HP Percentage Mod: HP is shown in percentages
|rule|Dynamax Clause: You cannot dynamax
|teampreview
|inactive|Battle timer is ON: inactive players will automatically lose when time's up. (requested by ok now i see ya)
|j| livid19
|
|t:|1602216676
|start
|switch|p1a: Dope|Slowbro, M|100/100
|switch|p2a: Rotom|Rotom-Wash|100/100
|turn|1
|
|t:|1602216681
|move|p2a: Rotom|Discharge|p1a: Dope
|-supereffective|p1a: Dope
|-damage|p1a: Dope|30/100
|move|p1a: Dope|Teleport|p1a: Dope
|
|t:|1602216685
|switch|p1a: Mojo Jojo|Zarude|100/100|[from]move: Teleport
|
|upkeep
|turn|2
|
|t:|1602216688
|move|p1a: Mojo Jojo|U-turn|p2a: Rotom
|-damage|p2a: Rotom|72/100
|
|t:|1602216690
|switch|p1a: Dope|Slowbro, M|63/100|[from]move: U-turn
|move|p2a: Rotom|Volt Switch|p1a: Dope
|-supereffective|p1a: Dope
|-damage|p1a: Dope|2/100
|
|t:|1602216694
|switch|p2a: Druddigon|Druddigon, M|100/100|[from]move: Volt Switch
|
|upkeep
|turn|3
|
|t:|1602216698
|switch|p1a: Bong|Weezing-Galar, M|100/100
|move|p2a: Druddigon|Stealth Rock|p1a: Bong
|-sidestart|p1: ok now i see ya|move: Stealth Rock
|
|upkeep
|turn|4
|
|t:|1602216704
|move|p1a: Bong|Defog|p2a: Druddigon
|-unboost|p2a: Druddigon|evasion|1
|-sideend|p1: ok now i see ya|Stealth Rock|[from] move: Defog|[of] p1a: Bong
|move|p2a: Druddigon|Taunt|p1a: Bong
|-start|p1a: Bong|move: Taunt
|
|upkeep
|turn|5
|
|t:|1602216708
|move|p1a: Bong|Strange Steam|p2a: Druddigon
|-supereffective|p2a: Druddigon
|-damage|p2a: Druddigon|40/100
|move|p2a: Druddigon|Glare|p1a: Bong
|-status|p1a: Bong|par
|
|upkeep
|turn|6
|
|t:|1602216711
|move|p2a: Druddigon|Stealth Rock|p1a: Bong
|-sidestart|p1: ok now i see ya|move: Stealth Rock
|cant|p1a: Bong|par
|
|upkeep
|turn|7
|
|t:|1602216722
|switch|p2a: Slowbro|Slowbro-Galar, M|100/100
|move|p1a: Bong|Strange Steam|p2a: Slowbro
|-resisted|p2a: Slowbro
|-crit|p2a: Slowbro
|-damage|p2a: Slowbro|75/100
|
|-end|p1a: Bong|move: Taunt
|upkeep
|turn|8
|-activate|p2a: Slowbro|item: Quick Claw
|
|t:|1602216726
|switch|p1a: Icy Boi|Mamoswine, M|100/100
|-damage|p1a: Icy Boi|88/100|[from] Stealth Rock
|move|p2a: Slowbro|Nasty Plot|p2a: Slowbro
|-boost|p2a: Slowbro|spa|2
|
|upkeep
|turn|9
|
|t:|1602216729
|move|p1a: Icy Boi|Earthquake|p2a: Slowbro
|-supereffective|p2a: Slowbro
|-damage|p2a: Slowbro|0 fnt
|-damage|p1a: Icy Boi|78/100|[from] item: Life Orb
|faint|p2a: Slowbro
|
|upkeep
|
|t:|1602216739
|switch|p2a: Cloyster|Cloyster, M|100/100
|turn|10
|
|t:|1602216742
|move|p1a: Icy Boi|Earthquake|p2a: Cloyster
|-damage|p2a: Cloyster|41/100
|-damage|p1a: Icy Boi|68/100|[from] item: Life Orb
|move|p2a: Cloyster|Shell Smash|p2a: Cloyster
|-unboost|p2a: Cloyster|def|1
|-unboost|p2a: Cloyster|spd|1
|-boost|p2a: Cloyster|atk|2
|-boost|p2a: Cloyster|spa|2
|-boost|p2a: Cloyster|spe|2
|
|upkeep
|turn|11
|
|t:|1602216755
|switch|p1a: Dope|Slowbro, M|35/100
|move|p2a: Cloyster|Rock Blast|p1a: Dope
|-crit|p1a: Dope
|-damage|p1a: Dope|21/100
|-damage|p1a: Dope|12/100
|-damage|p1a: Dope|2/100
|-damage|p1a: Dope|0 fnt
|-hitcount|p1a: Dope|4
|faint|p1a: Dope
|
|upkeep
|
|t:|1602216765
|switch|p1a: Koba Leon|Cobalion|100/100
|-damage|p1a: Koba Leon|97/100|[from] Stealth Rock
|turn|12
|
|t:|1602216767
|move|p2a: Cloyster|Icicle Spear|p1a: Koba Leon
|-resisted|p1a: Koba Leon
|-damage|p1a: Koba Leon|88/100
|-resisted|p1a: Koba Leon
|-crit|p1a: Koba Leon
|-damage|p1a: Koba Leon|72/100
|-resisted|p1a: Koba Leon
|-crit|p1a: Koba Leon
|-damage|p1a: Koba Leon|59/100
|-resisted|p1a: Koba Leon
|-damage|p1a: Koba Leon|48/100
|-resisted|p1a: Koba Leon
|-damage|p1a: Koba Leon|39/100
|-hitcount|p1a: Koba Leon|5
|move|p1a: Koba Leon|Volt Switch|p2a: Cloyster
|-supereffective|p2a: Cloyster
|-damage|p2a: Cloyster|0 fnt
|faint|p2a: Cloyster
|
|t:|1602216777
|switch|p1a: Mojo Jojo|Zarude|100/100|[from]move: Volt Switch
|
|upkeep
|
|t:|1602216800
|switch|p2a: Bisharp|Bisharp, F|100/100
|turn|13
|
|t:|1602216816
|move|p1a: Mojo Jojo|U-turn|p2a: Bisharp
|-damage|p2a: Bisharp|74/100
|
|t:|1602216836
|switch|p1a: Bong|Weezing-Galar, M|100/100 par|[from]move: U-turn
|-damage|p1a: Bong|88/100 par|[from] Stealth Rock
|move|p2a: Bisharp|Iron Head|p1a: Bong
|-supereffective|p1a: Bong
|-damage|p1a: Bong|0 fnt
|-damage|p2a: Bisharp|64/100|[from] item: Life Orb
|faint|p1a: Bong
|
|upkeep
|inactive|ok now i see ya has 120 seconds left.
|
|t:|1602216851
|switch|p1a: Swing from the|Chandelure, F|100/100
|-damage|p1a: Swing from the|76/100|[from] Stealth Rock
|turn|14
|
|t:|1602216856
|move|p1a: Swing from the|Trick|p2a: Bisharp
|-activate|p1a: Swing from the|move: Trick|[of] p2a: Bisharp
|-item|p2a: Bisharp|Choice Scarf|[from] move: Trick
|-item|p1a: Swing from the|Life Orb|[from] move: Trick
|move|p2a: Bisharp|Knock Off|p1a: Swing from the
|-supereffective|p1a: Swing from the
|-damage|p1a: Swing from the|0 fnt
|-enditem|p1a: Swing from the|Life Orb|[from] move: Knock Off|[of] p2a: Bisharp
|faint|p1a: Swing from the
|
|upkeep
|
|t:|1602216864
|switch|p1a: Koba Leon|Cobalion|39/100
|-damage|p1a: Koba Leon|35/100|[from] Stealth Rock
|turn|15
|
|t:|1602216868
|switch|p2a: Druddigon|Druddigon, M|40/100
|move|p1a: Koba Leon|Close Combat|p2a: Druddigon
|-damage|p2a: Druddigon|0 fnt
|-unboost|p1a: Koba Leon|def|1
|-unboost|p1a: Koba Leon|spd|1
|-damage|p1a: Koba Leon|23/100|[from] ability: Rough Skin|[of] p2a: Druddigon
|-damage|p1a: Koba Leon|7/100|[from] item: Rocky Helmet|[of] p2a: Druddigon
|faint|p2a: Druddigon
|
|upkeep
|
|t:|1602216874
|switch|p2a: Bisharp|Bisharp, F|64/100
|turn|16
|
|t:|1602216889
|move|p2a: Bisharp|Low Kick|p1a: Koba Leon
|-supereffective|p1a: Koba Leon
|-damage|p1a: Koba Leon|0 fnt
|-damage|p2a: Bisharp|47/100|[from] item: Rocky Helmet|[of] p1a: Koba Leon
|faint|p1a: Koba Leon
|
|upkeep
|
|t:|1602216893
|switch|p1a: Mojo Jojo|Zarude|100/100
|turn|17
|
|t:|1602216923
|move|p2a: Bisharp|Low Kick|p1a: Mojo Jojo
|-supereffective|p1a: Mojo Jojo
|-damage|p1a: Mojo Jojo|42/100
|move|p1a: Mojo Jojo|U-turn|p2a: Bisharp
|-damage|p2a: Bisharp|17/100
|
|t:|1602216925
|switch|p1a: Icy Boi|Mamoswine, M|68/100|[from]move: U-turn
|-damage|p1a: Icy Boi|56/100|[from] Stealth Rock
|
|upkeep
|turn|18
|
|t:|1602216930
|move|p1a: Icy Boi|Ice Shard|p2a: Bisharp
|-resisted|p2a: Bisharp
|-damage|p2a: Bisharp|0 fnt
|-damage|p1a: Icy Boi|46/100|[from] item: Life Orb
|faint|p2a: Bisharp
|
|upkeep
|j| samuel breadsticks
|
|t:|1602216936
|switch|p2a: Rotom|Rotom-Wash|72/100
|turn|19
|
|t:|1602216940
|switch|p1a: Mojo Jojo|Zarude|42/100
|move|p2a: Rotom|Hydro Pump|p1a: Mojo Jojo
|-resisted|p1a: Mojo Jojo
|-damage|p1a: Mojo Jojo|16/100
|
|upkeep
|turn|20
|
|t:|1602216947
|move|p1a: Mojo Jojo|Synthesis|p1a: Mojo Jojo
|-heal|p1a: Mojo Jojo|66/100
|move|p2a: Rotom|Volt Switch|p1a: Mojo Jojo
|-resisted|p1a: Mojo Jojo
|-damage|p1a: Mojo Jojo|51/100
|
|t:|1602216951
|switch|p2a: Mimikyu|Mimikyu, F|100/100|[from]move: Volt Switch
|
|upkeep
|turn|21
|
|t:|1602216959
|switch|p2a: Rotom|Rotom-Wash|72/100
|move|p1a: Mojo Jojo|U-turn|p2a: Rotom
|-damage|p2a: Rotom|40/100
|
|t:|1602216961
|switch|p1a: Icy Boi|Mamoswine, M|46/100|[from]move: U-turn
|-damage|p1a: Icy Boi|33/100|[from] Stealth Rock
|
|upkeep
|turn|22
|
|t:|1602216979
|switch|p1a: Mojo Jojo|Zarude|51/100
|move|p2a: Rotom|Volt Switch|p1a: Mojo Jojo
|-resisted|p1a: Mojo Jojo
|-damage|p1a: Mojo Jojo|36/100
|
|t:|1602216981
|switch|p2a: Mimikyu|Mimikyu, F|100/100|[from]move: Volt Switch
|
|upkeep
|turn|23
|
|t:|1602216985
|switch|p2a: Rotom|Rotom-Wash|40/100
|move|p1a: Mojo Jojo|U-turn|p2a: Rotom
|-damage|p2a: Rotom|9/100
|
|t:|1602216990
|switch|p1a: Icy Boi|Mamoswine, M|33/100|[from]move: U-turn
|-damage|p1a: Icy Boi|21/100|[from] Stealth Rock
|
|upkeep
|turn|24
|j| Totem skarm
|
|t:|1602216998
|switch|p1a: Mojo Jojo|Zarude|36/100
|move|p2a: Rotom|Volt Switch|p1a: Mojo Jojo
|-resisted|p1a: Mojo Jojo
|-damage|p1a: Mojo Jojo|21/100
|
|t:|1602217004
|switch|p2a: Mimikyu|Mimikyu, F|100/100|[from]move: Volt Switch
|
|upkeep
|turn|25
|
|t:|1602217009
|move|p1a: Mojo Jojo|Synthesis|p1a: Mojo Jojo
|-heal|p1a: Mojo Jojo|71/100
|move|p2a: Mimikyu|Play Rough|p1a: Mojo Jojo
|-supereffective|p1a: Mojo Jojo
|-damage|p1a: Mojo Jojo|0 fnt
|-damage|p2a: Mimikyu|91/100|[from] item: Life Orb
|faint|p1a: Mojo Jojo
|
|upkeep
|c|☆randy melons|gg
|-message|ok now i see ya forfeited.
|
|win|randy melons
|l|☆ok now i see ya
|raw|ok now i see ya's rating: 1611 &rarr; <strong>1586</strong><br />(-25 for losing)
|raw|randy melons's rating: 1516 &rarr; <strong>1542</strong><br />(+26 for winning)
