|j|☆gye5
|j|☆Low Ladder Terror
|t:|1664234511
|gametype|singles
|player|p1|gye5|blue|1355
|player|p2|Low Ladder Terror|korrina|1590
|teamsize|p1|6
|teamsize|p2|6
|gen|8
|tier|[Gen 8] UU
|rated|
|rule|Sleep Clause Mod: Limit one foe put to sleep
|rule|Species Clause: Limit one of each Pokémon
|rule|OHKO Clause: OHKO moves are banned
|rule|Evasion Items Clause: Evasion items are banned
|rule|Evasion Moves Clause: Evasion moves are banned
|rule|Endless Battle Clause: Forcing endless battles is banned
|rule|HP Percentage Mod: HP is shown in percentages
|rule|Dynamax Clause: You cannot dynamax
|clearpoke
|poke|p1|Salamence, M|
|poke|p1|Magneton|
|poke|p1|Scizor, M|
|poke|p1|Azelf|
|poke|p1|Rotom-Wash|
|poke|p1|Mamoswine, M|
|poke|p2|Scyther, M|
|poke|p2|Hatterene, F|
|poke|p2|Thundurus-Therian, M|
|poke|p2|Slowking, M|
|poke|p2|Cobalion|
|poke|p2|Lycanroc-Dusk, F|
|teampreview
|inactive|Battle timer is ON: inactive players will automatically lose when time's up. (requested by Low Ladder Terror)
|
|t:|1664234540
|start
|switch|p1a: Azelf|Azelf, shiny|100/100
|switch|p2a: Hatterene|Hatterene, F|100/100
|turn|1
|
|t:|1664234552
|move|p1a: Azelf|Skill Swap|p2a: Hatterene
|-activate|p1a: Azelf|move: Skill Swap|Magic Bounce|Levitate|[of] p2a: Hatterene
|move|p2a: Hatterene|Mystical Fire|p1a: Azelf
|-damage|p1a: Azelf|65/100
|-unboost|p1a: Azelf|spa|1
|
|upkeep
|turn|2
|
|t:|1664234581
|move|p1a: Azelf|Stealth Rock|p2a: Hatterene
|-sidestart|p2: Low Ladder Terror|move: Stealth Rock
|move|p2a: Hatterene|Mystical Fire|p1a: Azelf
|-damage|p1a: Azelf|30/100
|-unboost|p1a: Azelf|spa|1
|
|upkeep
|turn|3
|
|t:|1664234595
|move|p1a: Azelf|Explosion|p2a: Hatterene
|-damage|p2a: Hatterene|34/100
|faint|p1a: Azelf
|move|p2a: Hatterene|Mystical Fire|p1: Azelf|[notarget]
|-fail|p2a: Hatterene
|
|-heal|p2a: Hatterene|40/100|[from] item: Leftovers
|upkeep
|
|t:|1664234604
|switch|p1a: Mamoswine|Mamoswine, M, shiny|100/100
|turn|4
|
|t:|1664234619
|move|p1a: Mamoswine|Earthquake|p2a: Hatterene
|-immune|p2a: Hatterene|[from] ability: Levitate
|move|p2a: Hatterene|Draining Kiss|p1a: Mamoswine
|-damage|p1a: Mamoswine|68/100
|-heal|p2a: Hatterene|68/100|[from] drain|[of] p1a: Mamoswine
|
|-heal|p2a: Hatterene|74/100|[from] item: Leftovers
|upkeep
|turn|5
|inactive|Low Ladder Terror has 120 seconds left.
|
|t:|1664234639
|move|p1a: Mamoswine|Icicle Crash|p2a: Hatterene
|-damage|p2a: Hatterene|19/100
|-damage|p1a: Mamoswine|58/100|[from] item: Life Orb
|move|p2a: Hatterene|Mystical Fire|p1a: Mamoswine
|-supereffective|p1a: Mamoswine
|-damage|p1a: Mamoswine|0 fnt
|faint|p1a: Mamoswine
|
|-heal|p2a: Hatterene|25/100|[from] item: Leftovers
|upkeep
|
|t:|1664234649
|switch|p1a: Scizor|Scizor, M, shiny|100/100
|turn|6
|
|t:|1664234657
|move|p1a: Scizor|U-turn|p2a: Hatterene
|-damage|p2a: Hatterene|0 fnt
|faint|p2a: Hatterene
|
|t:|1664234671
|switch|p1a: Salamence|Salamence, M, shiny|100/100|[from]move: U-turn
|
|upkeep
|inactive|Low Ladder Terror has 120 seconds left.
|
|t:|1664234692
|switch|p2a: Lycanroc|Lycanroc-Dusk, F|100/100
|-damage|p2a: Lycanroc|88/100|[from] Stealth Rock
|turn|7
|
|t:|1664234707
|switch|p1a: Rotom|Rotom-Wash, shiny|100/100
|move|p2a: Lycanroc|Stone Edge|p1a: Rotom
|-damage|p1a: Rotom|30/100
|
|-heal|p1a: Rotom|37/100|[from] item: Leftovers
|upkeep
|turn|8
|
|t:|1664234715
|switch|p2a: Thundurus|Thundurus-Therian, M|100/100
|move|p1a: Rotom|Volt Switch|p2a: Thundurus
|-immune|p2a: Thundurus|[from] ability: Volt Absorb
|
|-heal|p1a: Rotom|43/100|[from] item: Leftovers
|upkeep
|turn|9
|
|t:|1664234722
|move|p2a: Thundurus|Defog|p1a: Rotom
|-unboost|p1a: Rotom|evasion|1
|-sideend|p2: Low Ladder Terror|Stealth Rock|[from] move: Defog|[of] p2a: Thundurus
|move|p1a: Rotom|Pain Split|p2a: Thundurus
|-sethp|p2a: Thundurus|72/100|[from] move: Pain Split|[silent]
|-sethp|p1a: Rotom|71/100|[from] move: Pain Split
|
|-heal|p1a: Rotom|77/100|[from] item: Leftovers
|upkeep
|turn|10
|
|t:|1664234733
|move|p2a: Thundurus|Volt Switch|p1a: Rotom
|-damage|p1a: Rotom|44/100
|
|t:|1664234736
|switch|p2a: Slowking|Slowking, M|100/100|[from]move: Volt Switch
|move|p1a: Rotom|Hydro Pump|p2a: Slowking|[miss]
|-miss|p1a: Rotom|p2a: Slowking
|
|-heal|p1a: Rotom|50/100|[from] item: Leftovers
|upkeep
|turn|11
|
|t:|1664234745
|move|p1a: Rotom|Pain Split|p2a: Slowking
|-sethp|p2a: Slowking|69/100|[from] move: Pain Split|[silent]
|-sethp|p1a: Rotom|90/100|[from] move: Pain Split
|move|p2a: Slowking|Teleport|p2a: Slowking
|
|t:|1664234749
|switch|p2a: Scyther|Scyther, M|100/100|[from]move: Teleport
|
|-heal|p1a: Rotom|96/100|[from] item: Leftovers
|upkeep
|turn|12
|
|t:|1664234757
|move|p2a: Scyther|U-turn|p1a: Rotom
|-damage|p1a: Rotom|44/100
|
|t:|1664234772
|switch|p2a: Thundurus|Thundurus-Therian, M|72/100|[from]move: U-turn
|move|p1a: Rotom|Volt Switch|p2a: Thundurus
|-heal|p2a: Thundurus|97/100|[from] ability: Volt Absorb|[of] p1a: Rotom
|
|-heal|p1a: Rotom|50/100|[from] item: Leftovers
|upkeep
|turn|13
|
|t:|1664234788
|move|p2a: Thundurus|Sludge Bomb|p1a: Rotom
|-damage|p1a: Rotom|24/100
|-status|p1a: Rotom|psn
|move|p1a: Rotom|Pain Split|p2a: Thundurus
|-sethp|p2a: Thundurus|60/100|[from] move: Pain Split|[silent]
|-sethp|p1a: Rotom|59/100 psn|[from] move: Pain Split
|
|-heal|p1a: Rotom|66/100 psn|[from] item: Leftovers
|-damage|p1a: Rotom|53/100 psn|[from] psn
|upkeep
|turn|14
|inactive|Low Ladder Terror has 120 seconds left.
|
|t:|1664234813
|move|p2a: Thundurus|Sludge Bomb|p1a: Rotom
|-damage|p1a: Rotom|25/100 psn
|move|p1a: Rotom|Hydro Pump|p2a: Thundurus|[miss]
|-miss|p1a: Rotom|p2a: Thundurus
|
|-heal|p1a: Rotom|32/100 psn|[from] item: Leftovers
|-damage|p1a: Rotom|19/100 psn|[from] psn
|upkeep
|turn|15
|inactive|Low Ladder Terror has 120 seconds left.
|
|t:|1664234836
|move|p2a: Thundurus|Sludge Bomb|p1a: Rotom
|-damage|p1a: Rotom|0 fnt
|faint|p1a: Rotom
|
|upkeep
|
|t:|1664234842
|switch|p1a: Magneton|Magneton, shiny|100/100
|turn|16
|inactive|Low Ladder Terror has 120 seconds left.
|
|t:|1664234870
|move|p2a: Thundurus|Grass Knot|p1a: Magneton
|-resisted|p1a: Magneton
|-damage|p1a: Magneton|74/100
|move|p1a: Magneton|Steel Beam|p2a: Thundurus
|-resisted|p2a: Thundurus
|-damage|p2a: Thundurus|0 fnt
|-damage|p1a: Magneton|24/100|[from] mindblown
|faint|p2a: Thundurus
|
|upkeep
|
|t:|1664234886
|switch|p2a: Scyther|Scyther, M|100/100
|turn|17
|
|t:|1664234908
|move|p2a: Scyther|U-turn|p1a: Magneton
|-resisted|p1a: Magneton
|-damage|p1a: Magneton|0 fnt
|faint|p1a: Magneton
|
|t:|1664234914
|switch|p2a: Lycanroc|Lycanroc-Dusk, F|88/100|[from]move: U-turn
|
|upkeep
|
|t:|1664234918
|switch|p1a: Scizor|Scizor, M, shiny|100/100
|turn|18
|
|t:|1664234925
|switch|p2a: Cobalion|Cobalion|100/100
|move|p1a: Scizor|Superpower|p2a: Cobalion
|-supereffective|p2a: Cobalion
|-damage|p2a: Cobalion|0 fnt
|-unboost|p1a: Scizor|atk|1
|-unboost|p1a: Scizor|def|1
|-damage|p1a: Scizor|84/100|[from] item: Rocky Helmet|[of] p2a: Cobalion
|faint|p2a: Cobalion
|
|upkeep
|
|t:|1664234931
|switch|p2a: Scyther|Scyther, M|100/100
|turn|19
|
|t:|1664234937
|switch|p1a: Salamence|Salamence, M, shiny|100/100
|move|p2a: Scyther|Dual Wingbeat|p1a: Salamence
|-damage|p1a: Salamence|44/100
|-damage|p1a: Salamence|0 fnt
|faint|p1a: Salamence
|-hitcount|p1: Salamence|2
|
|upkeep
|-message|gye5 forfeited.
|
|win|Low Ladder Terror
|raw|gye5's rating: 1355 &rarr; <strong>1347</strong><br />(-8 for losing)
|raw|Low Ladder Terror's rating: 1590 &rarr; <strong>1598</strong><br />(+8 for winning)
|l|☆gye5
||Ladder isn't responding, score probably updated but might not have (Request timeout).
