|j|☆mimilimi
|j|☆Fathiryxi
|t:|1641767008
|gametype|singles
|player|p1|mimilimi|265|
|player|p2|Fathiryxi|preschoolers|
|teamsize|p1|6
|teamsize|p2|6
|gen|8
|tier|[Gen 8] UU
|rule|Sleep Clause Mod: Limit one foe put to sleep
|rule|Species Clause: Limit one of each Pokémon
|rule|OHKO Clause: OHKO moves are banned
|rule|Evasion Moves Clause: Evasion moves are banned
|rule|Endless Battle Clause: Forcing endless battles is banned
|rule|HP Percentage Mod: HP is shown in percentages
|rule|Dynamax Clause: You cannot dynamax
|clearpoke
|poke|p1|Swampert, F|
|poke|p1|Amoonguss, M|
|poke|p1|Mandibuzz, F|
|poke|p1|Lycanroc-Dusk, M|
|poke|p1|Hydreigon, M|
|poke|p1|Jirachi|
|poke|p2|Chansey, F|
|poke|p2|Skarmory, M|
|poke|p2|Mandibuzz, F|
|poke|p2|Quagsire, F|
|poke|p2|Jirachi|
|poke|p2|Tapu Bulu|
|teampreview
|c|☆mimilimi|Gl
|c|☆Fathiryxi|hf
|
|t:|1641767035
|start
|switch|p1a: Jirachi|Jirachi|100/100
|switch|p2a: Tapu Bulu|Tapu Bulu|100/100
|-fieldstart|move: Grassy Terrain|[from] ability: Grassy Surge|[of] p2a: Tapu Bulu
|turn|1
|c|☆mimilimi|Hehe
|
|t:|1641767059
|switch|p2a: Mandibuzz|Mandibuzz, F|100/100
|move|p1a: Jirachi|Trick|p2a: Mandibuzz
|-activate|p1a: Jirachi|move: Trick|[of] p2a: Mandibuzz
|-item|p2a: Mandibuzz|Choice Scarf|[from] move: Trick
|-item|p1a: Jirachi|Heavy-Duty Boots|[from] move: Trick
|
|upkeep
|turn|2
|
|t:|1641767071
|switch|p1a: Mandibuzz|Mandibuzz, F|100/100
|move|p2a: Mandibuzz|Knock Off|p1a: Mandibuzz
|-resisted|p1a: Mandibuzz
|-damage|p1a: Mandibuzz|93/100
|-enditem|p1a: Mandibuzz|Heavy-Duty Boots|[from] move: Knock Off|[of] p2a: Mandibuzz
|
|upkeep
|turn|3
|
|t:|1641767083
|move|p2a: Mandibuzz|Knock Off|p1a: Mandibuzz
|-resisted|p1a: Mandibuzz
|-damage|p1a: Mandibuzz|87/100
|move|p1a: Mandibuzz|U-turn|p2a: Mandibuzz
|-damage|p2a: Mandibuzz|92/100
|
|t:|1641767091
|switch|p1a: murder dog|Lycanroc-Dusk, M|100/100|[from]move: U-turn
|
|upkeep
|turn|4
|
|t:|1641767099
|switch|p2a: Tapu Bulu|Tapu Bulu|100/100
|move|p1a: murder dog|Stone Edge|p2a: Tapu Bulu
|-damage|p2a: Tapu Bulu|55/100
|-damage|p1a: murder dog|91/100|[from] item: Life Orb
|
|-heal|p1a: murder dog|97/100|[from] Grassy Terrain
|-heal|p2a: Tapu Bulu|61/100|[from] Grassy Terrain
|upkeep
|turn|5
|
|t:|1641767110
|switch|p1a: Amoonguss|Amoonguss, M|100/100
|move|p2a: Tapu Bulu|Synthesis|p2a: Tapu Bulu
|-heal|p2a: Tapu Bulu|100/100
|
|-fieldend|move: Grassy Terrain
|upkeep
|turn|6
|
|t:|1641767121
|switch|p2a: Chansey|Chansey, F|100/100
|move|p1a: Amoonguss|Spore|p2a: Chansey
|-status|p2a: Chansey|slp|[from] move: Spore
|
|upkeep
|turn|7
|
|t:|1641767143
|-curestatus|p2a: Chansey|slp|[from] ability: Natural Cure
|switch|p2a: Skarmory|Skarmory, M|100/100
|switch|p1a: Jirachi|Jirachi|100/100
|
|upkeep
|turn|8
|
|t:|1641767152
|move|p1a: Jirachi|Trick|p2a: Skarmory
|-activate|p1a: Jirachi|move: Trick|[of] p2a: Skarmory
|-item|p2a: Skarmory|Heavy-Duty Boots|[from] move: Trick
|-item|p1a: Jirachi|Rocky Helmet|[from] move: Trick
|move|p2a: Skarmory|Spikes|p1a: Jirachi
|-sidestart|p1: mimilimi|Spikes
|
|upkeep
|turn|9
|
|t:|1641767171
|switch|p1a: Hydreigon|Hydreigon, M|100/100
|move|p2a: Skarmory|Spikes|p1a: Hydreigon
|-sidestart|p1: mimilimi|Spikes
|
|upkeep
|turn|10
|
|t:|1641767191
|switch|p2a: Chansey|Chansey, F|100/100
|move|p1a: Hydreigon|Draco Meteor|p2a: Chansey
|-damage|p2a: Chansey|72/100
|-unboost|p1a: Hydreigon|spa|2
|
|upkeep
|turn|11
|
|t:|1641767245
|switch|p1a: Mandibuzz|Mandibuzz, F|87/100
|move|p2a: Chansey|Stealth Rock|p1a: Mandibuzz
|-sidestart|p1: mimilimi|move: Stealth Rock
|
|upkeep
|turn|12
|
|t:|1641767251
|switch|p2a: Skarmory|Skarmory, M|100/100
|move|p1a: Mandibuzz|Defog|p2a: Skarmory
|-unboost|p2a: Skarmory|evasion|1
|-sideend|p1: mimilimi|Spikes|[from] move: Defog|[of] p1a: Mandibuzz
|-sideend|p1: mimilimi|Stealth Rock|[from] move: Defog|[of] p1a: Mandibuzz
|
|upkeep
|turn|13
|
|t:|1641767259
|move|p1a: Mandibuzz|U-turn|p2a: Skarmory
|-resisted|p2a: Skarmory
|-damage|p2a: Skarmory|99/100
|
|t:|1641767263
|switch|p1a: Hydreigon|Hydreigon, M|100/100|[from]move: U-turn
|move|p2a: Skarmory|Spikes|p1a: Hydreigon
|-sidestart|p1: mimilimi|Spikes
|
|upkeep
|turn|14
|
|t:|1641767268
|switch|p2a: Chansey|Chansey, F|72/100
|move|p1a: Hydreigon|U-turn|p2a: Chansey
|-damage|p2a: Chansey|62/100
|
|t:|1641767274
|switch|p1a: Jirachi|Jirachi|100/100|[from]move: U-turn
|-damage|p1a: Jirachi|88/100|[from] Spikes
|
|upkeep
|turn|15
|
|t:|1641767288
|switch|p2a: Skarmory|Skarmory, M|99/100
|move|p1a: Jirachi|Iron Head|p2a: Skarmory
|-resisted|p2a: Skarmory
|-damage|p2a: Skarmory|89/100
|
|upkeep
|turn|16
|
|t:|1641767298
|move|p1a: Jirachi|U-turn|p2a: Skarmory
|-resisted|p2a: Skarmory
|-crit|p2a: Skarmory
|-damage|p2a: Skarmory|84/100
|
|t:|1641767304
|switch|p1a: Mandibuzz|Mandibuzz, F|87/100|[from]move: U-turn
|move|p2a: Skarmory|Spikes|p1a: Mandibuzz
|-sidestart|p1: mimilimi|Spikes
|
|upkeep
|turn|17
|
|t:|1641767310
|move|p1a: Mandibuzz|U-turn|p2a: Skarmory
|-resisted|p2a: Skarmory
|-damage|p2a: Skarmory|83/100
|
|t:|1641767315
|switch|p1a: Hydreigon|Hydreigon, M|100/100|[from]move: U-turn
|move|p2a: Skarmory|Toxic|p1a: Hydreigon
|-status|p1a: Hydreigon|tox
|
|-damage|p1a: Hydreigon|94/100 tox|[from] psn
|upkeep
|turn|18
|
|t:|1641767337
|switch|p2a: Chansey|Chansey, F|62/100
|move|p1a: Hydreigon|U-turn|p2a: Chansey
|-damage|p2a: Chansey|52/100
|
|t:|1641767354
|switch|p1a: murder dog|Lycanroc-Dusk, M|97/100|[from]move: U-turn
|-damage|p1a: murder dog|80/100|[from] Spikes
|
|upkeep
|turn|19
|
|t:|1641767362
|switch|p1a: Swampert|Swampert, F|100/100
|-damage|p1a: Swampert|84/100|[from] Spikes
|switch|p2a: Tapu Bulu|Tapu Bulu|100/100
|-fieldstart|move: Grassy Terrain|[from] ability: Grassy Surge|[of] p2a: Tapu Bulu
|
|-heal|p1a: Swampert|90/100|[from] Grassy Terrain
|-heal|p1a: Swampert|96/100|[from] item: Leftovers
|upkeep
|turn|20
|
|t:|1641767378
|switch|p1a: Amoonguss|Amoonguss, M|100/100
|-damage|p1a: Amoonguss|84/100|[from] Spikes
|move|p2a: Tapu Bulu|Taunt|p1a: Amoonguss
|-start|p1a: Amoonguss|move: Taunt
|
|-heal|p1a: Amoonguss|90/100|[from] Grassy Terrain
|upkeep
|turn|21
|
|t:|1641767391
|switch|p2a: Jirachi|Jirachi, shiny|100/100
|switch|p1a: Jirachi|Jirachi|88/100
|-damage|p1a: Jirachi|72/100|[from] Spikes
|
|-heal|p1a: Jirachi|78/100|[from] Grassy Terrain
|upkeep
|turn|22
|
|t:|1641767399
|switch|p2a: Skarmory|Skarmory, M|83/100
|move|p1a: Jirachi|U-turn|p2a: Skarmory
|-resisted|p2a: Skarmory
|-damage|p2a: Skarmory|80/100
|
|t:|1641767405
|switch|p1a: Swampert|Swampert, F|96/100|[from]move: U-turn
|-damage|p1a: Swampert|80/100|[from] Spikes
|
|-heal|p1a: Swampert|86/100|[from] Grassy Terrain
|-heal|p1a: Swampert|92/100|[from] item: Leftovers
|upkeep
|turn|23
|
|t:|1641767414
|move|p2a: Skarmory|Toxic|p1a: Swampert|[miss]
|-miss|p2a: Skarmory|p1a: Swampert
|move|p1a: Swampert|Stealth Rock|p2a: Skarmory
|-sidestart|p2: Fathiryxi|move: Stealth Rock
|
|-heal|p1a: Swampert|98/100|[from] Grassy Terrain
|-heal|p1a: Swampert|100/100|[from] item: Leftovers
|-fieldend|move: Grassy Terrain
|upkeep
|turn|24
|
|t:|1641767434
|move|p2a: Skarmory|Spikes|p1a: Swampert
|-sidestart|p1: mimilimi|Spikes
|move|p1a: Swampert|Flip Turn|p2a: Skarmory
|-damage|p2a: Skarmory|66/100
|
|t:|1641767442
|switch|p1a: Mandibuzz|Mandibuzz, F|87/100|[from]move: Flip Turn
|
|upkeep
|turn|25
|
|t:|1641767446
|move|p1a: Mandibuzz|U-turn|p2a: Skarmory
|-resisted|p2a: Skarmory
|-damage|p2a: Skarmory|64/100
|
|t:|1641767450
|switch|p1a: Hydreigon|Hydreigon, M|94/100 tox|[from]move: U-turn
|move|p2a: Skarmory|Toxic|p1a: Hydreigon
|-fail|p1a: Hydreigon|tox
|
|-damage|p1a: Hydreigon|88/100 tox|[from] psn
|upkeep
|turn|26
|
|t:|1641767458
|switch|p2a: Chansey|Chansey, F|52/100
|-damage|p2a: Chansey|40/100|[from] Stealth Rock
|move|p1a: Hydreigon|U-turn|p2a: Chansey
|-damage|p2a: Chansey|31/100
|
|t:|1641767468
|switch|p1a: murder dog|Lycanroc-Dusk, M|80/100|[from]move: U-turn
|-damage|p1a: murder dog|55/100|[from] Spikes
|
|upkeep
|turn|27
|
|t:|1641767474
|switch|p2a: Tapu Bulu|Tapu Bulu|100/100
|-fieldstart|move: Grassy Terrain|[from] ability: Grassy Surge|[of] p2a: Tapu Bulu
|move|p1a: murder dog|Close Combat|p2a: Tapu Bulu
|-resisted|p2a: Tapu Bulu
|-damage|p2a: Tapu Bulu|77/100
|-unboost|p1a: murder dog|def|1
|-unboost|p1a: murder dog|spd|1
|-damage|p1a: murder dog|46/100|[from] item: Life Orb
|
|-heal|p1a: murder dog|52/100|[from] Grassy Terrain
|-heal|p2a: Tapu Bulu|83/100|[from] Grassy Terrain
|upkeep
|turn|28
|
|t:|1641767493
|switch|p2a: Chansey|Chansey, F|31/100
|-damage|p2a: Chansey|18/100|[from] Stealth Rock
|move|p1a: murder dog|Stone Edge|p2a: Chansey
|-damage|p2a: Chansey|0 fnt
|faint|p2a: Chansey
|-damage|p1a: murder dog|42/100|[from] item: Life Orb
|
|-heal|p1a: murder dog|48/100|[from] Grassy Terrain
|upkeep
|
|t:|1641767502
|switch|p2a: Quagsire|Quagsire, F|100/100
|-damage|p2a: Quagsire|94/100|[from] Stealth Rock
|turn|29
|c|☆mimilimi|C’était sûr
|
|t:|1641767530
|switch|p1a: Amoonguss|Amoonguss, M|100/100
|-damage|p1a: Amoonguss|75/100|[from] Spikes
|switch|p2a: Mandibuzz|Mandibuzz, F|92/100
|-damage|p2a: Mandibuzz|67/100|[from] Stealth Rock
|
|-heal|p1a: Amoonguss|82/100|[from] Grassy Terrain
|upkeep
|turn|30
|
|t:|1641767540
|move|p2a: Mandibuzz|Knock Off|p1a: Amoonguss
|-damage|p1a: Amoonguss|65/100
|-damage|p2a: Mandibuzz|50/100|[from] item: Rocky Helmet|[of] p1a: Amoonguss
|-enditem|p1a: Amoonguss|Rocky Helmet|[from] move: Knock Off|[of] p2a: Mandibuzz
|move|p1a: Amoonguss|Sludge Bomb|p2a: Mandibuzz
|-damage|p2a: Mandibuzz|32/100
|
|-heal|p1a: Amoonguss|71/100|[from] Grassy Terrain
|upkeep
|turn|31
|
|t:|1641767569
|switch|p2a: Skarmory|Skarmory, M|64/100
|move|p1a: Amoonguss|Spore|p2a: Skarmory
|-status|p2a: Skarmory|slp|[from] move: Spore
|
|-heal|p1a: Amoonguss|77/100|[from] Grassy Terrain
|-fieldend|move: Grassy Terrain
|upkeep
|turn|32
|
|t:|1641767576
|switch|p2a: Jirachi|Jirachi, shiny|100/100
|-damage|p2a: Jirachi|94/100|[from] Stealth Rock
|switch|p1a: Mandibuzz|Mandibuzz, F|87/100
|
|-heal|p2a: Jirachi|100/100|[from] item: Leftovers
|upkeep
|turn|33
|
|t:|1641767584
|move|p2a: Jirachi|Substitute|p2a: Jirachi
|-start|p2a: Jirachi|Substitute
|-damage|p2a: Jirachi|75/100
|move|p1a: Mandibuzz|Defog|p2a: Jirachi
|-sideend|p2: Fathiryxi|Stealth Rock|[from] move: Defog|[of] p1a: Mandibuzz
|-sideend|p1: mimilimi|Spikes|[from] move: Defog|[of] p1a: Mandibuzz
|
|-heal|p2a: Jirachi|82/100|[from] item: Leftovers
|upkeep
|turn|34
|
|t:|1641767589
|move|p2a: Jirachi|Calm Mind|p2a: Jirachi
|-boost|p2a: Jirachi|spa|1
|-boost|p2a: Jirachi|spd|1
|move|p1a: Mandibuzz|Foul Play|p2a: Jirachi
|-supereffective|p2a: Jirachi
|-end|p2a: Jirachi|Substitute
|
|-heal|p2a: Jirachi|88/100|[from] item: Leftovers
|upkeep
|turn|35
|
|t:|1641767611
|switch|p2a: Quagsire|Quagsire, F|94/100
|move|p1a: Mandibuzz|Foul Play|p2a: Quagsire
|-damage|p2a: Quagsire|78/100
|
|-heal|p2a: Quagsire|85/100|[from] item: Leftovers
|upkeep
|turn|36
|
|t:|1641767620
|switch|p1a: Amoonguss|Amoonguss, M|100/100
|move|p2a: Quagsire|Scald|p1a: Amoonguss
|-resisted|p1a: Amoonguss
|-damage|p1a: Amoonguss|92/100
|-status|p1a: Amoonguss|brn
|
|-heal|p2a: Quagsire|91/100|[from] item: Leftovers
|-damage|p1a: Amoonguss|86/100 brn|[from] brn
|upkeep
|turn|37
|
|t:|1641767632
|switch|p2a: Jirachi|Jirachi, shiny|88/100
|switch|p1a: Hydreigon|Hydreigon, M|88/100 tox
|
|-heal|p2a: Jirachi|94/100|[from] item: Leftovers
|-damage|p1a: Hydreigon|82/100 tox|[from] psn
|upkeep
|turn|38
|
|t:|1641767637
|switch|p2a: Tapu Bulu|Tapu Bulu|83/100
|-fieldstart|move: Grassy Terrain|[from] ability: Grassy Surge|[of] p2a: Tapu Bulu
|move|p1a: Hydreigon|Dark Pulse|p2a: Tapu Bulu
|-resisted|p2a: Tapu Bulu
|-damage|p2a: Tapu Bulu|53/100
|
|-heal|p2a: Tapu Bulu|59/100|[from] Grassy Terrain
|-damage|p1a: Hydreigon|70/100 tox|[from] psn
|upkeep
|turn|39
|
|t:|1641767647
|switch|p1a: Amoonguss|Amoonguss, M|100/100 brn
|move|p2a: Tapu Bulu|Synthesis|p2a: Tapu Bulu
|-heal|p2a: Tapu Bulu|100/100
|
|-damage|p1a: Amoonguss|94/100 brn|[from] brn
|upkeep
|turn|40
|
|t:|1641767654
|switch|p2a: Jirachi|Jirachi, shiny|94/100
|switch|p1a: Mandibuzz|Mandibuzz, F|87/100
|
|-heal|p2a: Jirachi|99/100|[from] Grassy Terrain
|-heal|p2a: Jirachi|100/100|[from] item: Leftovers
|upkeep
|turn|41
|
|t:|1641767664
|switch|p2a: Tapu Bulu|Tapu Bulu|100/100
|move|p1a: Mandibuzz|U-turn|p2a: Tapu Bulu
|-damage|p2a: Tapu Bulu|92/100
|
|t:|1641767667
|switch|p1a: Jirachi|Jirachi|78/100|[from]move: U-turn
|
|-heal|p1a: Jirachi|84/100|[from] Grassy Terrain
|-heal|p2a: Tapu Bulu|98/100|[from] Grassy Terrain
|upkeep
|turn|42
|
|t:|1641767686
|switch|p2a: Skarmory|Skarmory, M|64/100 slp
|move|p1a: Jirachi|U-turn|p2a: Skarmory
|-resisted|p2a: Skarmory
|-damage|p2a: Skarmory|61/100 slp
|
|t:|1641767690
|switch|p1a: murder dog|Lycanroc-Dusk, M|48/100|[from]move: U-turn
|
|-heal|p1a: murder dog|54/100|[from] Grassy Terrain
|-fieldend|move: Grassy Terrain
|upkeep
|turn|43
|
|t:|1641767698
|switch|p2a: Tapu Bulu|Tapu Bulu|98/100
|-fieldstart|move: Grassy Terrain|[from] ability: Grassy Surge|[of] p2a: Tapu Bulu
|move|p1a: murder dog|Stone Edge|p2a: Tapu Bulu
|-damage|p2a: Tapu Bulu|54/100
|-damage|p1a: murder dog|44/100|[from] item: Life Orb
|
|-heal|p1a: murder dog|50/100|[from] Grassy Terrain
|-heal|p2a: Tapu Bulu|60/100|[from] Grassy Terrain
|upkeep
|turn|44
|
|t:|1641767706
|switch|p1a: Amoonguss|Amoonguss, M|100/100 brn
|move|p2a: Tapu Bulu|Synthesis|p2a: Tapu Bulu
|-heal|p2a: Tapu Bulu|100/100
|
|-damage|p1a: Amoonguss|94/100 brn|[from] brn
|upkeep
|turn|45
|
|t:|1641767712
|switch|p2a: Jirachi|Jirachi, shiny|100/100
|move|p1a: Amoonguss|Foul Play|p2a: Jirachi
|-supereffective|p2a: Jirachi
|-damage|p2a: Jirachi|86/100
|
|-heal|p2a: Jirachi|93/100|[from] Grassy Terrain
|-heal|p2a: Jirachi|99/100|[from] item: Leftovers
|-heal|p1a: Amoonguss|100/100 brn|[from] Grassy Terrain
|-damage|p1a: Amoonguss|94/100 brn|[from] brn
|upkeep
|turn|46
|
|t:|1641767728
|switch|p1a: Mandibuzz|Mandibuzz, F|87/100
|move|p2a: Jirachi|Calm Mind|p2a: Jirachi
|-boost|p2a: Jirachi|spa|1
|-boost|p2a: Jirachi|spd|1
|
|-heal|p2a: Jirachi|100/100|[from] Grassy Terrain
|upkeep
|turn|47
|
|t:|1641767734
|move|p2a: Jirachi|Icy Wind|p1a: Mandibuzz
|-supereffective|p1a: Mandibuzz
|-damage|p1a: Mandibuzz|59/100
|-unboost|p1a: Mandibuzz|spe|1
|move|p1a: Mandibuzz|Foul Play|p2a: Jirachi
|-supereffective|p2a: Jirachi
|-damage|p2a: Jirachi|58/100
|
|-heal|p2a: Jirachi|65/100|[from] Grassy Terrain
|-heal|p2a: Jirachi|71/100|[from] item: Leftovers
|-fieldend|move: Grassy Terrain
|upkeep
|turn|48
|
|t:|1641767743
|switch|p2a: Tapu Bulu|Tapu Bulu|100/100
|-fieldstart|move: Grassy Terrain|[from] ability: Grassy Surge|[of] p2a: Tapu Bulu
|move|p1a: Mandibuzz|U-turn|p2a: Tapu Bulu
|-damage|p2a: Tapu Bulu|92/100
|
|t:|1641767747
|switch|p1a: Amoonguss|Amoonguss, M|100/100 brn|[from]move: U-turn
|
|-heal|p2a: Tapu Bulu|98/100|[from] Grassy Terrain
|-damage|p1a: Amoonguss|94/100 brn|[from] brn
|upkeep
|turn|49
|
|t:|1641767755
|switch|p2a: Jirachi|Jirachi, shiny|71/100
|move|p1a: Amoonguss|Foul Play|p2a: Jirachi
|-supereffective|p2a: Jirachi
|-damage|p2a: Jirachi|56/100
|
|-heal|p2a: Jirachi|63/100|[from] Grassy Terrain
|-heal|p2a: Jirachi|69/100|[from] item: Leftovers
|-heal|p1a: Amoonguss|100/100 brn|[from] Grassy Terrain
|-damage|p1a: Amoonguss|94/100 brn|[from] brn
|upkeep
|turn|50
|
|t:|1641767765
|switch|p1a: Swampert|Swampert, F|100/100
|move|p2a: Jirachi|Icy Wind|p1a: Swampert
|-damage|p1a: Swampert|87/100
|-unboost|p1a: Swampert|spe|1
|
|-heal|p2a: Jirachi|75/100|[from] Grassy Terrain
|-heal|p2a: Jirachi|81/100|[from] item: Leftovers
|-heal|p1a: Swampert|93/100|[from] Grassy Terrain
|-heal|p1a: Swampert|99/100|[from] item: Leftovers
|upkeep
|turn|51
|
|t:|1641767773
|switch|p2a: Mandibuzz|Mandibuzz, F|32/100
|move|p1a: Swampert|Stealth Rock|p2a: Mandibuzz
|-sidestart|p2: Fathiryxi|move: Stealth Rock
|
|-heal|p1a: Swampert|100/100|[from] Grassy Terrain
|upkeep
|turn|52
|
|t:|1641767794
|move|p2a: Mandibuzz|Defog|p1a: Swampert
|-unboost|p1a: Swampert|evasion|1
|-sideend|p2: Fathiryxi|Stealth Rock|[from] move: Defog|[of] p2a: Mandibuzz
|-fieldend|move: Grassy Terrain
|move|p1a: Swampert|Flip Turn|p2a: Mandibuzz
|-damage|p2a: Mandibuzz|14/100
|
|t:|1641767802
|switch|p1a: murder dog|Lycanroc-Dusk, M|50/100|[from]move: Flip Turn
|
|upkeep
|turn|53
|
|t:|1641767808
|switch|p2a: Tapu Bulu|Tapu Bulu|98/100
|-fieldstart|move: Grassy Terrain|[from] ability: Grassy Surge|[of] p2a: Tapu Bulu
|move|p1a: murder dog|Stone Edge|p2a: Tapu Bulu
|-damage|p2a: Tapu Bulu|53/100
|-damage|p1a: murder dog|40/100|[from] item: Life Orb
|
|-heal|p1a: murder dog|47/100|[from] Grassy Terrain
|-heal|p2a: Tapu Bulu|59/100|[from] Grassy Terrain
|upkeep
|turn|54
|
|t:|1641767819
|switch|p1a: Amoonguss|Amoonguss, M|100/100 brn
|move|p2a: Tapu Bulu|Synthesis|p2a: Tapu Bulu
|-heal|p2a: Tapu Bulu|100/100
|
|-damage|p1a: Amoonguss|94/100 brn|[from] brn
|upkeep
|turn|55
|
|t:|1641767827
|switch|p2a: Jirachi|Jirachi, shiny|81/100
|switch|p1a: Swampert|Swampert, F|100/100
|
|-heal|p2a: Jirachi|87/100|[from] Grassy Terrain
|-heal|p2a: Jirachi|94/100|[from] item: Leftovers
|upkeep
|turn|56
|
|t:|1641767833
|switch|p2a: Skarmory|Skarmory, M|61/100 slp
|move|p1a: Swampert|Stealth Rock|p2a: Skarmory
|-sidestart|p2: Fathiryxi|move: Stealth Rock
|
|upkeep
|turn|57
|
|t:|1641767836
|cant|p2a: Skarmory|slp
|move|p1a: Swampert|Flip Turn|p2a: Skarmory
|-damage|p2a: Skarmory|47/100 slp
|
|t:|1641767841
|switch|p1a: Hydreigon|Hydreigon, M|70/100 tox|[from]move: Flip Turn
|
|-damage|p1a: Hydreigon|64/100 tox|[from] psn
|-fieldend|move: Grassy Terrain
|upkeep
|turn|58
|
|t:|1641767849
|switch|p2a: Mandibuzz|Mandibuzz, F|14/100
|-damage|p2a: Mandibuzz|0 fnt|[from] Stealth Rock
|faint|p2a: Mandibuzz
|move|p1a: Hydreigon|Fire Blast|p2: Mandibuzz|[notarget]
|-fail|p1a: Hydreigon
|
|-damage|p1a: Hydreigon|51/100 tox|[from] psn
|upkeep
|
|t:|1641767854
|switch|p2a: Quagsire|Quagsire, F|91/100
|-damage|p2a: Quagsire|85/100|[from] Stealth Rock
|turn|59
|c|☆mimilimi|:(
|
|t:|1641767868
|switch|p1a: Amoonguss|Amoonguss, M|100/100 brn
|move|p2a: Quagsire|Scald|p1a: Amoonguss
|-resisted|p1a: Amoonguss
|-damage|p1a: Amoonguss|91/100 brn
|
|-heal|p2a: Quagsire|91/100|[from] item: Leftovers
|-damage|p1a: Amoonguss|85/100 brn|[from] brn
|upkeep
|turn|60
|
|t:|1641767879
|switch|p2a: Jirachi|Jirachi, shiny|94/100
|-damage|p2a: Jirachi|87/100|[from] Stealth Rock
|switch|p1a: Swampert|Swampert, F|100/100
|
|-heal|p2a: Jirachi|94/100|[from] item: Leftovers
|upkeep
|turn|61
|
|t:|1641767884
|switch|p2a: Tapu Bulu|Tapu Bulu|100/100
|-fieldstart|move: Grassy Terrain|[from] ability: Grassy Surge|[of] p2a: Tapu Bulu
|move|p1a: Swampert|Flip Turn|p2a: Tapu Bulu
|-resisted|p2a: Tapu Bulu
|-crit|p2a: Tapu Bulu
|-damage|p2a: Tapu Bulu|87/100
|
|t:|1641767887
|switch|p1a: Amoonguss|Amoonguss, M|100/100 brn|[from]move: Flip Turn
|
|-heal|p2a: Tapu Bulu|94/100|[from] Grassy Terrain
|-damage|p1a: Amoonguss|94/100 brn|[from] brn
|upkeep
|turn|62
|
|t:|1641767897
|switch|p2a: Jirachi|Jirachi, shiny|94/100
|-damage|p2a: Jirachi|87/100|[from] Stealth Rock
|move|p1a: Amoonguss|Foul Play|p2a: Jirachi
|-supereffective|p2a: Jirachi
|-damage|p2a: Jirachi|72/100
|
|-heal|p2a: Jirachi|78/100|[from] Grassy Terrain
|-heal|p2a: Jirachi|84/100|[from] item: Leftovers
|-heal|p1a: Amoonguss|100/100 brn|[from] Grassy Terrain
|-damage|p1a: Amoonguss|94/100 brn|[from] brn
|upkeep
|turn|63
|
|t:|1641767909
|switch|p1a: Swampert|Swampert, F|100/100
|move|p2a: Jirachi|Substitute|p2a: Jirachi
|-start|p2a: Jirachi|Substitute
|-damage|p2a: Jirachi|59/100
|
|-heal|p2a: Jirachi|66/100|[from] Grassy Terrain
|-heal|p2a: Jirachi|72/100|[from] item: Leftovers
|upkeep
|turn|64
|
|t:|1641767920
|move|p2a: Jirachi|Calm Mind|p2a: Jirachi
|-boost|p2a: Jirachi|spa|1
|-boost|p2a: Jirachi|spd|1
|move|p1a: Swampert|Earthquake|p2a: Jirachi
|-supereffective|p2a: Jirachi
|-end|p2a: Jirachi|Substitute
|
|-heal|p2a: Jirachi|78/100|[from] Grassy Terrain
|-heal|p2a: Jirachi|84/100|[from] item: Leftovers
|upkeep
|turn|65
|
|t:|1641767924
|move|p2a: Jirachi|Psyshock|p1a: Swampert
|-damage|p1a: Swampert|71/100
|move|p1a: Swampert|Earthquake|p2a: Jirachi
|-supereffective|p2a: Jirachi
|-damage|p2a: Jirachi|54/100
|
|-heal|p2a: Jirachi|61/100|[from] Grassy Terrain
|-heal|p2a: Jirachi|67/100|[from] item: Leftovers
|-heal|p1a: Swampert|77/100|[from] Grassy Terrain
|-heal|p1a: Swampert|83/100|[from] item: Leftovers
|-fieldend|move: Grassy Terrain
|upkeep
|turn|66
|
|t:|1641767929
|switch|p2a: Tapu Bulu|Tapu Bulu|94/100
|-fieldstart|move: Grassy Terrain|[from] ability: Grassy Surge|[of] p2a: Tapu Bulu
|move|p1a: Swampert|Flip Turn|p2a: Tapu Bulu
|-resisted|p2a: Tapu Bulu
|-damage|p2a: Tapu Bulu|86/100
|
|t:|1641767933
|switch|p1a: Amoonguss|Amoonguss, M|100/100 brn|[from]move: Flip Turn
|
|-heal|p2a: Tapu Bulu|92/100|[from] Grassy Terrain
|-damage|p1a: Amoonguss|94/100 brn|[from] brn
|upkeep
|turn|67
|
|t:|1641767943
|switch|p2a: Jirachi|Jirachi, shiny|67/100
|-damage|p2a: Jirachi|61/100|[from] Stealth Rock
|move|p1a: Amoonguss|Sludge Bomb|p2a: Jirachi
|-immune|p2a: Jirachi
|
|-heal|p2a: Jirachi|67/100|[from] Grassy Terrain
|-heal|p2a: Jirachi|73/100|[from] item: Leftovers
|-heal|p1a: Amoonguss|100/100 brn|[from] Grassy Terrain
|-damage|p1a: Amoonguss|94/100 brn|[from] brn
|upkeep
|turn|68
|
|t:|1641767960
|switch|p1a: Swampert|Swampert, F|83/100
|move|p2a: Jirachi|Icy Wind|p1a: Swampert
|-damage|p1a: Swampert|71/100
|-unboost|p1a: Swampert|spe|1
|
|-heal|p2a: Jirachi|79/100|[from] Grassy Terrain
|-heal|p2a: Jirachi|85/100|[from] item: Leftovers
|-heal|p1a: Swampert|77/100|[from] Grassy Terrain
|-heal|p1a: Swampert|83/100|[from] item: Leftovers
|upkeep
|turn|69
|
|t:|1641767967
|switch|p2a: Tapu Bulu|Tapu Bulu|92/100
|move|p1a: Swampert|Toxic|p2a: Tapu Bulu|[miss]
|-miss|p1a: Swampert|p2a: Tapu Bulu
|
|-heal|p2a: Tapu Bulu|98/100|[from] Grassy Terrain
|-heal|p1a: Swampert|89/100|[from] Grassy Terrain
|-heal|p1a: Swampert|96/100|[from] item: Leftovers
|upkeep
|turn|70
|
|t:|1641767980
|switch|p1a: Jirachi|Jirachi|84/100
|move|p2a: Tapu Bulu|Taunt|p1a: Jirachi
|-start|p1a: Jirachi|move: Taunt
|
|-heal|p1a: Jirachi|90/100|[from] Grassy Terrain
|-heal|p2a: Tapu Bulu|100/100|[from] Grassy Terrain
|-fieldend|move: Grassy Terrain
|upkeep
|turn|71
|l|☆mimilimi
|player|p1|
|inactive|Battle timer is ON: inactive players will automatically lose when time's up. (requested by Fathiryxi)
|j|☆mimilimi
|inactive|mimilimi reconnected and has 300 seconds left.
|player|p1|mimilimi|265
|
|t:|1641768059
|switch|p2a: Quagsire|Quagsire, F|91/100
|-damage|p2a: Quagsire|85/100|[from] Stealth Rock
|move|p1a: Jirachi|U-turn|p2a: Quagsire
|-damage|p2a: Quagsire|69/100
|
|t:|1641768064
|switch|p1a: Hydreigon|Hydreigon, M|51/100 tox|[from]move: U-turn
|
|-heal|p2a: Quagsire|75/100|[from] item: Leftovers
|-damage|p1a: Hydreigon|45/100 tox|[from] psn
|upkeep
|turn|72
|
|t:|1641768085
|switch|p2a: Tapu Bulu|Tapu Bulu|100/100
|-fieldstart|move: Grassy Terrain|[from] ability: Grassy Surge|[of] p2a: Tapu Bulu
|move|p1a: Hydreigon|Draco Meteor|p2a: Tapu Bulu
|-immune|p2a: Tapu Bulu
|
|-damage|p1a: Hydreigon|33/100 tox|[from] psn
|upkeep
|turn|73
|
|t:|1641768098
|switch|p1a: Amoonguss|Amoonguss, M|100/100 brn
|switch|p2a: Jirachi|Jirachi, shiny|85/100
|-damage|p2a: Jirachi|79/100|[from] Stealth Rock
|
|-heal|p2a: Jirachi|85/100|[from] Grassy Terrain
|-heal|p2a: Jirachi|92/100|[from] item: Leftovers
|-damage|p1a: Amoonguss|94/100 brn|[from] brn
|upkeep
|turn|74
|inactive|Fathiryxi has 270 seconds left.
|
|t:|1641768118
|switch|p1a: Swampert|Swampert, F|96/100
|move|p2a: Jirachi|Psyshock|p1a: Swampert
|-damage|p1a: Swampert|77/100
|
|-heal|p2a: Jirachi|98/100|[from] Grassy Terrain
|-heal|p2a: Jirachi|100/100|[from] item: Leftovers
|-heal|p1a: Swampert|83/100|[from] Grassy Terrain
|-heal|p1a: Swampert|89/100|[from] item: Leftovers
|upkeep
|turn|75
|
|t:|1641768124
|switch|p2a: Tapu Bulu|Tapu Bulu|100/100
|move|p1a: Swampert|Flip Turn|p2a: Tapu Bulu
|-resisted|p2a: Tapu Bulu
|-damage|p2a: Tapu Bulu|93/100
|
|t:|1641768126
|switch|p1a: Jirachi|Jirachi|90/100|[from]move: Flip Turn
|
|-heal|p1a: Jirachi|96/100|[from] Grassy Terrain
|-heal|p2a: Tapu Bulu|99/100|[from] Grassy Terrain
|upkeep
|turn|76
|
|t:|1641768134
|switch|p2a: Jirachi|Jirachi, shiny|100/100
|-damage|p2a: Jirachi|94/100|[from] Stealth Rock
|move|p1a: Jirachi|Healing Wish|p1a: Jirachi
|faint|p1a: Jirachi
|
|-heal|p2a: Jirachi|100/100|[from] Grassy Terrain
|-fieldend|move: Grassy Terrain
|upkeep
|
|t:|1641768141
|switch|p1a: Hydreigon|Hydreigon, M|33/100 tox
|-heal|p1a: Hydreigon|100/100|[from] move: Healing Wish
|turn|77
|
|t:|1641768147
|switch|p2a: Quagsire|Quagsire, F|75/100
|-damage|p2a: Quagsire|69/100|[from] Stealth Rock
|move|p1a: Hydreigon|Dark Pulse|p2a: Quagsire
|-damage|p2a: Quagsire|0 fnt
|faint|p2a: Quagsire
|
|upkeep
|
|t:|1641768152
|switch|p2a: Tapu Bulu|Tapu Bulu|99/100
|-fieldstart|move: Grassy Terrain|[from] ability: Grassy Surge|[of] p2a: Tapu Bulu
|turn|78
|c|☆mimilimi|Gg
|
|t:|1641768160
|switch|p1a: Amoonguss|Amoonguss, M|100/100 brn
|switch|p2a: Jirachi|Jirachi, shiny|100/100
|-damage|p2a: Jirachi|94/100|[from] Stealth Rock
|
|-heal|p2a: Jirachi|100/100|[from] Grassy Terrain
|-damage|p1a: Amoonguss|94/100 brn|[from] brn
|upkeep
|turn|79
|
|t:|1641768166
|switch|p1a: Swampert|Swampert, F|89/100
|move|p2a: Jirachi|Calm Mind|p2a: Jirachi
|-boost|p2a: Jirachi|spa|1
|-boost|p2a: Jirachi|spd|1
|
|-heal|p1a: Swampert|95/100|[from] Grassy Terrain
|-heal|p1a: Swampert|100/100|[from] item: Leftovers
|upkeep
|turn|80
|
|t:|1641768180
|switch|p2a: Skarmory|Skarmory, M|47/100 slp
|move|p1a: Swampert|Earthquake|p2a: Skarmory
|-immune|p2a: Skarmory
|
|upkeep
|turn|81
|
|t:|1641768184
|cant|p2a: Skarmory|slp
|move|p1a: Swampert|Flip Turn|p2a: Skarmory
|-damage|p2a: Skarmory|34/100 slp
|
|t:|1641768187
|switch|p1a: Hydreigon|Hydreigon, M|100/100|[from]move: Flip Turn
|
|upkeep
|turn|82
|
|t:|1641768202
|move|p1a: Hydreigon|Fire Blast|p2a: Skarmory|[miss]
|-miss|p1a: Hydreigon|p2a: Skarmory
|-curestatus|p2a: Skarmory|slp|[msg]
|move|p2a: Skarmory|Roost|p2a: Skarmory
|-heal|p2a: Skarmory|84/100
|-singleturn|p2a: Skarmory|move: Roost
|
|-heal|p2a: Skarmory|90/100|[from] Grassy Terrain
|-fieldend|move: Grassy Terrain
|upkeep
|turn|83
|inactive|Fathiryxi has 270 seconds left.
|inactive|Fathiryxi has 240 seconds left.
|
|t:|1641768277
|move|p1a: Hydreigon|Fire Blast|p2a: Skarmory
|-supereffective|p2a: Skarmory
|-damage|p2a: Skarmory|0 fnt
|faint|p2a: Skarmory
|
|upkeep
|
|t:|1641768282
|switch|p2a: Jirachi|Jirachi, shiny|100/100
|-damage|p2a: Jirachi|94/100|[from] Stealth Rock
|turn|84
|
|t:|1641768286
|move|p1a: Hydreigon|Fire Blast|p2a: Jirachi|[miss]
|-miss|p1a: Hydreigon|p2a: Jirachi
|move|p2a: Jirachi|Icy Wind|p1a: Hydreigon
|-supereffective|p1a: Hydreigon
|-damage|p1a: Hydreigon|65/100
|-unboost|p1a: Hydreigon|spe|1
|
|-heal|p2a: Jirachi|100/100|[from] item: Leftovers
|upkeep
|turn|85
|inactive|Fathiryxi has 240 seconds left.
|
|t:|1641768307
|move|p2a: Jirachi|Calm Mind|p2a: Jirachi
|-boost|p2a: Jirachi|spa|1
|-boost|p2a: Jirachi|spd|1
|move|p1a: Hydreigon|Fire Blast|p2a: Jirachi
|-supereffective|p2a: Jirachi
|-damage|p2a: Jirachi|41/100
|
|-heal|p2a: Jirachi|47/100|[from] item: Leftovers
|upkeep
|turn|86
|inactive|Fathiryxi has 210 seconds left.
|
|t:|1641768340
|switch|p1a: Swampert|Swampert, F|100/100
|move|p2a: Jirachi|Substitute|p2a: Jirachi
|-start|p2a: Jirachi|Substitute
|-damage|p2a: Jirachi|22/100
|
|-heal|p2a: Jirachi|28/100|[from] item: Leftovers
|upkeep
|turn|87
|inactive|Fathiryxi has 210 seconds left.
|
|t:|1641768346
|move|p2a: Jirachi|Psyshock|p1a: Swampert
|-damage|p1a: Swampert|71/100
|move|p1a: Swampert|Earthquake|p2a: Jirachi
|-supereffective|p2a: Jirachi
|-end|p2a: Jirachi|Substitute
|
|-heal|p2a: Jirachi|34/100|[from] item: Leftovers
|-heal|p1a: Swampert|77/100|[from] item: Leftovers
|upkeep
|turn|88
|
|t:|1641768353
|switch|p2a: Tapu Bulu|Tapu Bulu|99/100
|-fieldstart|move: Grassy Terrain|[from] ability: Grassy Surge|[of] p2a: Tapu Bulu
|move|p1a: Swampert|Flip Turn|p2a: Tapu Bulu
|-resisted|p2a: Tapu Bulu
|-damage|p2a: Tapu Bulu|91/100
|
|t:|1641768356
|switch|p1a: Hydreigon|Hydreigon, M|65/100|[from]move: Flip Turn
|
|-heal|p2a: Tapu Bulu|97/100|[from] Grassy Terrain
|upkeep
|turn|89
|
|t:|1641768361
|move|p1a: Hydreigon|Fire Blast|p2a: Tapu Bulu
|-supereffective|p2a: Tapu Bulu
|-damage|p2a: Tapu Bulu|0 fnt
|faint|p2a: Tapu Bulu
|
|upkeep
|c|☆Fathiryxi|yy gg
|-message|Fathiryxi forfeited.
|
|win|mimilimi
|l|☆Fathiryxi
|c|☆mimilimi|Gg wp
