|j|☆467 11 11p
|j|☆Fairlumbo
|t:|1629562586
|gametype|singles
|player|p1|467 11 11p|galacticgruntf|
|player|p2|Fairlumbo|pokemonranger|
|teamsize|p1|6
|teamsize|p2|6
|gen|8
|tier|[Gen 8] UU
|rated|Tournament battle
|rule|Sleep Clause Mod: Limit one foe put to sleep
|rule|Species Clause: Limit one of each Pokémon
|rule|OHKO Clause: OHKO moves are banned
|rule|Evasion Moves Clause: Evasion moves are banned
|rule|Endless Battle Clause: Forcing endless battles is banned
|rule|HP Percentage Mod: HP is shown in percentages
|rule|Dynamax Clause: You cannot dynamax
|clearpoke
|poke|p1|Roserade, M|
|poke|p1|Krookodile, M|
|poke|p1|Primarina, F|
|poke|p1|Salamence, F|
|poke|p1|Thundurus, M|
|poke|p1|Aegislash, M|
|poke|p2|Buzzwole|
|poke|p2|Sigilyph, M|
|poke|p2|Klefki, F|
|poke|p2|Krookodile, M|
|poke|p2|Primarina, F|
|poke|p2|Zarude|
|teampreview
|c|☆Fairlumbo|hf
|j| Chuo水ku
|c|☆467 11 11p|hf
|j| RTSG tests
|
|t:|1629562615
|start
|switch|p1a: Roserade|Roserade, M|100/100
|switch|p2a: Sigilyph|Sigilyph, M|100/100
|turn|1
|inactive|Battle timer is ON: inactive players will automatically lose when time's up. (requested by 467 11 11p)
|
|t:|1629562625
|switch|p1a: Aegislash|Aegislash, M|100/100
|move|p2a: Sigilyph|Heat Wave|p1a: Aegislash
|-supereffective|p1a: Aegislash
|-damage|p1a: Aegislash|35/100
|
|-heal|p1a: Aegislash|41/100|[from] item: Leftovers
|upkeep
|turn|2
|j| 7MM
|
|t:|1629562637
|move|p1a: Aegislash|King's Shield|p1a: Aegislash
|-singleturn|p1a: Aegislash|Protect
|move|p2a: Sigilyph|Heat Wave|p1a: Aegislash
|-activate|p1a: Aegislash|move: Protect
|
|-heal|p1a: Aegislash|47/100|[from] item: Leftovers
|upkeep
|turn|3
|
|t:|1629562648
|switch|p1a: Primarina|Primarina, F|100/100
|move|p2a: Sigilyph|Heat Wave|p1a: Primarina
|-resisted|p1a: Primarina
|-damage|p1a: Primarina|67/100
|-status|p1a: Primarina|brn
|
|-heal|p1a: Primarina|73/100 brn|[from] item: Leftovers
|-damage|p1a: Primarina|67/100 brn|[from] brn
|upkeep
|turn|4
|c|☆Fairlumbo|sry
|
|t:|1629562663
|switch|p2a: Primarina|Primarina, F|100/100
|switch|p1a: Krookodile|Krookodile, M|100/100
|-ability|p1a: Krookodile|Intimidate|boost
|-unboost|p2a: Primarina|atk|1
|
|upkeep
|turn|5
|j| Nice H4x
|c|☆467 11 11p|dw abt it sweet heart
|
|t:|1629562672
|switch|p1a: Roserade|Roserade, M|100/100
|switch|p2a: Sigilyph|Sigilyph, M|100/100
|
|upkeep
|turn|6
|
|t:|1629562678
|switch|p1a: Salamence|Salamence, F|100/100
|-ability|p1a: Salamence|Intimidate|boost
|-unboost|p2a: Sigilyph|atk|1
|move|p2a: Sigilyph|Air Slash|p1a: Salamence
|-damage|p1a: Salamence|52/100
|
|upkeep
|turn|7
|
|t:|1629562686
|switch|p2a: Primarina|Primarina, F|100/100
|switch|p1a: Aegislash|Aegislash, M|47/100
|
|-heal|p1a: Aegislash|53/100|[from] item: Leftovers
|upkeep
|turn|8
|
|t:|1629562697
|-formechange|p1a: Aegislash|Aegislash-Blade||[from] ability: Stance Change
|move|p1a: Aegislash|Shadow Ball|p2a: Primarina
|-damage|p2a: Primarina|71/100
|move|p2a: Primarina|Scald|p1a: Aegislash
|-damage|p1a: Aegislash|0 fnt
|faint|p1a: Aegislash
|
|-heal|p2a: Primarina|77/100|[from] item: Leftovers
|upkeep
|
|t:|1629562703
|switch|p1a: Thundurus|Thundurus, M|100/100
|turn|9
|
|t:|1629562710
|switch|p2a: Klefki|Klefki, F|100/100
|move|p1a: Thundurus|U-turn|p2a: Klefki
|-resisted|p2a: Klefki
|-damage|p2a: Klefki|95/100
|
|t:|1629562715
|switch|p1a: Roserade|Roserade, M|100/100|[from]move: U-turn
|
|-heal|p2a: Klefki|100/100|[from] item: Leftovers
|upkeep
|turn|10
|l| RTSG tests
|
|t:|1629562723
|move|p2a: Klefki|Thunder Wave|p1a: Roserade
|-status|p1a: Roserade|par
|cant|p1a: Roserade|par
|
|upkeep
|turn|11
|
|t:|1629562729
|switch|p2a: Sigilyph|Sigilyph, M|100/100
|move|p1a: Roserade|Spikes|p2a: Sigilyph
|-sidestart|p2: Fairlumbo|Spikes
|
|upkeep
|turn|12
|
|t:|1629562735
|switch|p1a: Thundurus|Thundurus, M|100/100
|move|p2a: Sigilyph|Air Slash|p1a: Thundurus
|-resisted|p1a: Thundurus
|-damage|p1a: Thundurus|26/100
|
|upkeep
|turn|13
|j| HYDREIGON SPECS
|
|t:|1629562750
|switch|p2a: Klefki|Klefki, F|100/100
|-damage|p2a: Klefki|88/100|[from] Spikes
|move|p1a: Thundurus|Knock Off|p2a: Klefki
|-resisted|p2a: Klefki
|-damage|p2a: Klefki|73/100
|-enditem|p2a: Klefki|Leftovers|[from] move: Knock Off|[of] p1a: Thundurus
|
|upkeep
|turn|14
|
|t:|1629562757
|switch|p1a: Roserade|Roserade, M|100/100
|move|p2a: Klefki|Spikes|p1a: Roserade
|-sidestart|p1: 467 11 11p|Spikes
|
|upkeep
|turn|15
|
|t:|1629562765
|switch|p2a: Sigilyph|Sigilyph, M|100/100
|move|p1a: Roserade|Spikes|p2a: Sigilyph
|-sidestart|p2: Fairlumbo|Spikes
|
|upkeep
|turn|16
|
|t:|1629562774
|move|p2a: Sigilyph|Air Slash|p1a: Roserade
|-supereffective|p1a: Roserade
|-damage|p1a: Roserade|26/100
|cant|p1a: Roserade|flinch
|
|-heal|p1a: Roserade|32/100|[from] item: Black Sludge
|upkeep
|turn|17
|
|t:|1629562779
|move|p2a: Sigilyph|Air Slash|p1a: Roserade
|-supereffective|p1a: Roserade
|-damage|p1a: Roserade|0 fnt
|faint|p1a: Roserade
|
|upkeep
|
|t:|1629562780
|switch|p1a: Thundurus|Thundurus, M|26/100
|turn|18
|
|t:|1629562810
|switch|p2a: Klefki|Klefki, F|73/100
|-damage|p2a: Klefki|56/100|[from] Spikes
|move|p1a: Thundurus|Thunderbolt|p2a: Klefki
|-damage|p2a: Klefki|21/100
|-status|p2a: Klefki|par
|
|upkeep
|turn|19
|
|t:|1629562818
|move|p2a: Klefki|Defog|p1a: Thundurus
|-unboost|p1a: Thundurus|evasion|1
|-ability|p1a: Thundurus|Defiant
|-boost|p1a: Thundurus|atk|2
|-sideend|p1: 467 11 11p|Spikes|[from] move: Defog|[of] p2a: Klefki
|-sideend|p2: Fairlumbo|Spikes|[from] move: Defog|[of] p2a: Klefki
|move|p1a: Thundurus|Thunderbolt|p2a: Klefki
|-damage|p2a: Klefki|0 fnt
|faint|p2a: Klefki
|
|upkeep
|
|t:|1629562828
|switch|p2a: Zarude|Zarude|100/100
|turn|20
|
|t:|1629562837
|move|p2a: Zarude|Darkest Lariat|p1a: Thundurus
|-damage|p1a: Thundurus|0 fnt
|faint|p1a: Thundurus
|
|upkeep
|
|t:|1629562840
|switch|p1a: Salamence|Salamence, F|52/100
|-ability|p1a: Salamence|Intimidate|boost
|-unboost|p2a: Zarude|atk|1
|turn|21
|
|t:|1629562848
|switch|p2a: Primarina|Primarina, F|77/100
|move|p1a: Salamence|Dragon Dance|p1a: Salamence
|-boost|p1a: Salamence|atk|1
|-boost|p1a: Salamence|spe|1
|
|-heal|p2a: Primarina|83/100|[from] item: Leftovers
|upkeep
|turn|22
|
|t:|1629562851
|move|p1a: Salamence|Dual Wingbeat|p2a: Primarina
|-damage|p2a: Primarina|52/100
|-damage|p2a: Primarina|25/100
|-hitcount|p2a: Primarina|2
|move|p2a: Primarina|Moonblast|p1a: Salamence
|-supereffective|p1a: Salamence
|-damage|p1a: Salamence|0 fnt
|faint|p1a: Salamence
|
|-heal|p2a: Primarina|31/100|[from] item: Leftovers
|upkeep
|
|t:|1629562858
|switch|p1a: Krookodile|Krookodile, M|100/100
|-ability|p1a: Krookodile|Intimidate|boost
|-unboost|p2a: Primarina|atk|1
|turn|23
|c|☆467 11 11p|gg
|
|t:|1629562863
|switch|p2a: Sigilyph|Sigilyph, M|100/100
|move|p1a: Krookodile|Earthquake|p2a: Sigilyph
|-immune|p2a: Sigilyph
|
|upkeep
|turn|24
|c|☆Fairlumbo|gg
|c|☆Fairlumbo|i lucked :(
|
|t:|1629562871
|move|p1a: Krookodile|Earthquake|p2a: Sigilyph
|-immune|p2a: Sigilyph
|move|p2a: Sigilyph|Energy Ball|p1a: Krookodile
|-supereffective|p1a: Krookodile
|-damage|p1a: Krookodile|0 fnt
|faint|p1a: Krookodile
|
|upkeep
|c|☆467 11 11p|n
|c|☆467 11 11p|sigi just
|c|☆467 11 11p|owned
|c|☆467 11 11p|LOL
|
|t:|1629562884
|switch|p1a: Primarina|Primarina, F|67/100 brn
|turn|25
|
|t:|1629562887
|move|p2a: Sigilyph|Energy Ball|p1a: Primarina
|-supereffective|p1a: Primarina
|-damage|p1a: Primarina|3/100 brn
|move|p1a: Primarina|Scald|p2a: Sigilyph
|-damage|p2a: Sigilyph|31/100
|-status|p2a: Sigilyph|brn
|
|-heal|p1a: Primarina|9/100 brn|[from] item: Leftovers
|-damage|p2a: Sigilyph|25/100 brn|[from] brn
|-damage|p1a: Primarina|3/100 brn|[from] brn
|upkeep
|turn|26
|c| HYDREIGON SPECS|fire ass sigi
|
|t:|1629562894
|move|p2a: Sigilyph|Energy Ball|p1a: Primarina
|-supereffective|p1a: Primarina
|-damage|p1a: Primarina|0 fnt
|faint|p1a: Primarina
|
|win|Fairlumbo
|n|☆467 11 11p|4671111p
|n|☆Fairlumbo|fairlumbo
|n| Chuo水ku|chuoku
|n| 7MM|7mm
|n| Nice H4x|niceh4x
|n| HYDREIGON SPECS|hydreigonspecs
