|j|☆amogusroxyrrrr
|j|☆Liz Angeles
|t:|1666727034
|gametype|singles
|player|p1|amogusroxyrrrr|saturn|
|player|p2|Liz Angeles|marley|
|teamsize|p1|6
|teamsize|p2|6
|gen|8
|tier|[Gen 8] UU
|rule|Sleep Clause Mod: Limit one foe put to sleep
|rule|Species Clause: Limit one of each Pokémon
|rule|OHKO Clause: OHKO moves are banned
|rule|Evasion Items Clause: Evasion items are banned
|rule|Evasion Moves Clause: Evasion moves are banned
|rule|Endless Battle Clause: Forcing endless battles is banned
|rule|HP Percentage Mod: HP is shown in percentages
|rule|Dynamax Clause: You cannot dynamax
|clearpoke
|poke|p1|Zygarde-10%|
|poke|p1|Cobalion|
|poke|p1|Celesteela|
|poke|p1|Regieleki|
|poke|p1|Roserade, M|
|poke|p1|Slowking, F|
|poke|p2|Regice|
|poke|p2|Jirachi|
|poke|p2|Salamence, F|
|poke|p2|Keldeo-Resolute|
|poke|p2|Hippowdon, F|
|poke|p2|Zarude|
|teampreview
|c|☆amogusroxyrrrr|oh i remembe this team
|
|t:|1666727088
|start
|switch|p1a: Zygarde|Zygarde-10%|100/100
|switch|p2a: Jirachi|Jirachi, shiny|100/100
|-ability|p1a: Zygarde|Aura Break
|turn|1
|c|☆Liz Angeles|The only jim team
|
|t:|1666727110
|move|p2a: Jirachi|Protect|p2a: Jirachi
|-singleturn|p2a: Jirachi|Protect
|move|p1a: Zygarde|Toxic|p2a: Jirachi
|-activate|p2a: Jirachi|move: Protect
|
|upkeep
|turn|2
|
|t:|1666727118
|switch|p1a: Slowking|Slowking, F|100/100
|move|p2a: Jirachi|U-turn|p1a: Slowking
|-supereffective|p1a: Slowking
|-damage|p1a: Slowking|75/100
|
|t:|1666727126
|switch|p2a: Jim|Regice|100/100|[from]move: U-turn
|
|upkeep
|turn|3
|
|t:|1666727135
|move|p2a: Jim|Thunderbolt|p1a: Slowking
|-supereffective|p1a: Slowking
|-damage|p1a: Slowking|36/100
|-status|p1a: Slowking|par
|move|p1a: Slowking|Teleport|p1a: Slowking
|
|t:|1666727152
|switch|p1a: Cobalion|Cobalion|100/100|[from]move: Teleport
|
|upkeep
|turn|4
|
|t:|1666727171
|switch|p2a: Hippowdon|Hippowdon, F|100/100
|-weather|Sandstorm|[from] ability: Sand Stream|[of] p2a: Hippowdon
|move|p1a: Cobalion|Stealth Rock|p2a: Hippowdon
|-sidestart|p2: Liz Angeles|move: Stealth Rock
|
|-weather|Sandstorm|[upkeep]
|upkeep
|turn|5
|
|t:|1666727189
|switch|p1a: Roserade|Roserade, M, shiny|100/100
|move|p2a: Hippowdon|Stealth Rock|p1a: Roserade
|-sidestart|p1: amogusroxyrrrr|move: Stealth Rock
|
|-weather|Sandstorm|[upkeep]
|-damage|p1a: Roserade|94/100|[from] Sandstorm
|-heal|p1a: Roserade|100/100|[from] item: Black Sludge
|upkeep
|turn|6
|
|t:|1666727242
|switch|p2a: Jim|Regice|100/100
|move|p1a: Roserade|Sludge Bomb|p2a: Jim
|-damage|p2a: Jim|81/100
|-status|p2a: Jim|psn
|
|-weather|Sandstorm|[upkeep]
|-damage|p1a: Roserade|94/100|[from] Sandstorm
|-damage|p2a: Jim|75/100 psn|[from] Sandstorm
|-heal|p1a: Roserade|100/100|[from] item: Black Sludge
|-damage|p2a: Jim|62/100 psn|[from] psn
|upkeep
|turn|7
|c|☆Liz Angeles|this better freeze
|
|t:|1666727263
|switch|p1a: Slowking|Slowking, F|69/100 par
|-damage|p1a: Slowking|57/100 par|[from] Stealth Rock
|move|p2a: Jim|Ice Beam|p1a: Slowking
|-resisted|p1a: Slowking
|-damage|p1a: Slowking|40/100 par
|
|-weather|Sandstorm|[upkeep]
|-damage|p2a: Jim|56/100 psn|[from] Sandstorm
|-damage|p1a: Slowking|34/100 par|[from] Sandstorm
|-damage|p2a: Jim|44/100 psn|[from] psn
|upkeep
|turn|8
|
|t:|1666727292
|move|p2a: Jim|Thunderbolt|p1a: Slowking
|-supereffective|p1a: Slowking
|-damage|p1a: Slowking|0 fnt
|faint|p1a: Slowking
|
|-weather|none
|-damage|p2a: Jim|32/100 psn|[from] psn
|upkeep
|
|t:|1666727297
|switch|p1a: Cobalion|Cobalion|100/100
|-damage|p1a: Cobalion|97/100|[from] Stealth Rock
|turn|9
|
|t:|1666727327
|switch|p2a: Salamence|Salamence, F|100/100
|-ability|p2a: Salamence|Intimidate|boost
|-unboost|p1a: Cobalion|atk|1
|move|p1a: Cobalion|Swords Dance|p1a: Cobalion
|-boost|p1a: Cobalion|atk|2
|
|upkeep
|turn|10
|inactive|Battle timer is ON: inactive players will automatically lose when time's up. (requested by Liz Angeles)
|
|t:|1666727360
|move|p1a: Cobalion|Stone Edge|p2a: Salamence|[miss]
|-miss|p1a: Cobalion|p2a: Salamence
|move|p2a: Salamence|Flamethrower|p1a: Cobalion
|-supereffective|p1a: Cobalion
|-damage|p1a: Cobalion|36/100
|-status|p1a: Cobalion|brn
|
|-damage|p1a: Cobalion|30/100 brn|[from] brn
|upkeep
|turn|11
|c|☆amogusroxyrrrr|flame has a 30% chance to burn i swear
|inactive|amogusroxyrrrr has 270 seconds left.
|inactive|Liz Angeles has 270 seconds left.
|c|☆Liz Angeles|I think it's 50% tbh
|
|t:|1666727407
|switch|p1a: Zygarde|Zygarde-10%|100/100
|-damage|p1a: Zygarde|94/100|[from] Stealth Rock
|-ability|p1a: Zygarde|Aura Break
|move|p2a: Salamence|Flamethrower|p1a: Zygarde
|-resisted|p1a: Zygarde
|-damage|p1a: Zygarde|76/100
|
|upkeep
|turn|12
|inactive|amogusroxyrrrr has 270 seconds left.
|
|t:|1666727419
|switch|p2a: Hippowdon|Hippowdon, F|100/100
|-damage|p2a: Hippowdon|94/100|[from] Stealth Rock
|-weather|Sandstorm|[from] ability: Sand Stream|[of] p2a: Hippowdon
|move|p1a: Zygarde|Thousand Arrows|p2a: Hippowdon
|-damage|p2a: Hippowdon|59/100
|
|-weather|Sandstorm|[upkeep]
|-heal|p2a: Hippowdon|65/100|[from] item: Leftovers
|upkeep
|turn|13
|inactive|amogusroxyrrrr has 270 seconds left.
|c|☆Liz Angeles|they replaced flame with sacred fire and didn't tell us
|
|t:|1666727444
|switch|p1a: Celesteela|Celesteela|100/100
|-damage|p1a: Celesteela|88/100|[from] Stealth Rock
|move|p2a: Hippowdon|Slack Off|p2a: Hippowdon
|-heal|p2a: Hippowdon|100/100
|
|-weather|Sandstorm|[upkeep]
|-heal|p1a: Celesteela|94/100|[from] item: Leftovers
|upkeep
|turn|14
|inactive|amogusroxyrrrr has 270 seconds left.
|inactive|Liz Angeles has 240 seconds left.
|c|☆Liz Angeles|yo this shit walls my entire team
|c|☆amogusroxyrrrr|fortunately for you i have no idea how to use this thing
|
|t:|1666727496
|switch|p2a: Jirachi|Jirachi, shiny|100/100
|-damage|p2a: Jirachi|94/100|[from] Stealth Rock
|move|p1a: Celesteela|Flamethrower|p2a: Jirachi
|-supereffective|p2a: Jirachi
|-damage|p2a: Jirachi|55/100
|
|-weather|Sandstorm|[upkeep]
|-heal|p2a: Jirachi|61/100|[from] item: Leftovers
|-heal|p1a: Celesteela|99/100|[from] item: Leftovers
|upkeep
|turn|15
|inactive|Liz Angeles has 210 seconds left.
|
|t:|1666727541
|move|p2a: Jirachi|Iron Head|p1a: Celesteela
|-resisted|p1a: Celesteela
|-damage|p1a: Celesteela|89/100
|move|p1a: Celesteela|Leech Seed|p2a: Jirachi
|-start|p2a: Jirachi|move: Leech Seed
|
|-weather|Sandstorm|[upkeep]
|-heal|p2a: Jirachi|67/100|[from] item: Leftovers
|-heal|p1a: Celesteela|95/100|[from] item: Leftovers
|-damage|p2a: Jirachi|55/100|[from] Leech Seed|[of] p1a: Celesteela
|-heal|p1a: Celesteela|100/100|[silent]
|upkeep
|turn|16
|
|t:|1666727551
|move|p2a: Jirachi|U-turn|p1a: Celesteela
|-resisted|p1a: Celesteela
|-damage|p1a: Celesteela|97/100
|
|t:|1666727554
|switch|p2a: Salamence|Salamence, F|100/100|[from]move: U-turn
|-ability|p2a: Salamence|Intimidate|boost
|-unboost|p1a: Celesteela|atk|1
|move|p1a: Celesteela|Flamethrower|p2a: Salamence
|-resisted|p2a: Salamence
|-damage|p2a: Salamence|90/100
|
|-weather|none
|-heal|p1a: Celesteela|100/100|[from] item: Leftovers
|upkeep
|turn|17
|
|t:|1666727564
|move|p2a: Salamence|Flamethrower|p1a: Celesteela
|-supereffective|p1a: Celesteela
|-damage|p1a: Celesteela|72/100
|move|p1a: Celesteela|Leech Seed|p2a: Salamence
|-start|p2a: Salamence|move: Leech Seed
|
|-heal|p1a: Celesteela|78/100|[from] item: Leftovers
|-damage|p2a: Salamence|77/100|[from] Leech Seed|[of] p1a: Celesteela
|-heal|p1a: Celesteela|90/100|[silent]
|upkeep
|turn|18
|c|☆amogusroxyrrrr|why did they suspect scizor and not steela
|c|☆amogusroxyrrrr|bc this shits so riskless
|
|t:|1666727590
|switch|p2a: Jirachi|Jirachi, shiny|55/100
|-damage|p2a: Jirachi|49/100|[from] Stealth Rock
|move|p1a: Celesteela|Heavy Slam|p2a: Jirachi
|-resisted|p2a: Jirachi
|-damage|p2a: Jirachi|37/100
|
|-heal|p2a: Jirachi|43/100|[from] item: Leftovers
|-heal|p1a: Celesteela|96/100|[from] item: Leftovers
|upkeep
|turn|19
|inactive|Liz Angeles has 210 seconds left.
|inactive|Liz Angeles has 180 seconds left.
|
|t:|1666727653
|move|p2a: Jirachi|Iron Head|p1a: Celesteela
|-resisted|p1a: Celesteela
|-damage|p1a: Celesteela|84/100
|cant|p1a: Celesteela|flinch
|
|-heal|p2a: Jirachi|49/100|[from] item: Leftovers
|-heal|p1a: Celesteela|90/100|[from] item: Leftovers
|upkeep
|turn|20
|c|☆Liz Angeles|I finally understand qob
|
|t:|1666727663
|move|p2a: Jirachi|Protect|p2a: Jirachi
|-singleturn|p2a: Jirachi|Protect
|move|p1a: Celesteela|Leech Seed|p2a: Jirachi
|-activate|p2a: Jirachi|move: Protect
|
|-heal|p2a: Jirachi|55/100|[from] item: Leftovers
|-heal|p1a: Celesteela|96/100|[from] item: Leftovers
|upkeep
|turn|21
|
|t:|1666727669
|move|p2a: Jirachi|Wish|p2a: Jirachi
|move|p1a: Celesteela|Heavy Slam|p2a: Jirachi
|-resisted|p2a: Jirachi
|-damage|p2a: Jirachi|44/100
|
|-heal|p2a: Jirachi|50/100|[from] item: Leftovers
|-heal|p1a: Celesteela|100/100|[from] item: Leftovers
|upkeep
|turn|22
|
|t:|1666727689
|switch|p1a: Roserade|Roserade, M, shiny|100/100
|-damage|p1a: Roserade|88/100|[from] Stealth Rock
|move|p2a: Jirachi|Protect||[still]
|-fail|p2a: Jirachi
|
|-heal|p2a: Jirachi|99/100|[from] move: Wish|[wisher] Jirachi
|-heal|p2a: Jirachi|100/100|[from] item: Leftovers
|-heal|p1a: Roserade|94/100|[from] item: Black Sludge
|upkeep
|turn|23
|inactive|Liz Angeles has 180 seconds left.
|
|t:|1666727694
|move|p2a: Jirachi|Iron Head|p1a: Roserade
|-damage|p1a: Roserade|59/100
|move|p1a: Roserade|Spikes|p2a: Jirachi
|-sidestart|p2: Liz Angeles|Spikes
|
|-heal|p1a: Roserade|65/100|[from] item: Black Sludge
|upkeep
|turn|24
|inactive|amogusroxyrrrr has 270 seconds left.
|
|t:|1666727712
|switch|p1a: Cobalion|Cobalion|30/100 brn
|-damage|p1a: Cobalion|27/100 brn|[from] Stealth Rock
|move|p2a: Jirachi|Iron Head|p1a: Cobalion
|-resisted|p1a: Cobalion
|-damage|p1a: Cobalion|15/100 brn
|
|-damage|p1a: Cobalion|9/100 brn|[from] brn
|upkeep
|turn|25
|
|t:|1666727724
|move|p1a: Cobalion|Close Combat|p2a: Jirachi
|-damage|p2a: Jirachi|81/100
|-unboost|p1a: Cobalion|def|1
|-unboost|p1a: Cobalion|spd|1
|move|p2a: Jirachi|Wish|p2a: Jirachi
|
|-heal|p2a: Jirachi|87/100|[from] item: Leftovers
|-damage|p1a: Cobalion|2/100 brn|[from] brn
|upkeep
|turn|26
|inactive|amogusroxyrrrr has 270 seconds left.
|
|t:|1666727730
|move|p2a: Jirachi|Protect|p2a: Jirachi
|-singleturn|p2a: Jirachi|Protect
|move|p1a: Cobalion|Stone Edge|p2a: Jirachi
|-activate|p2a: Jirachi|move: Protect
|
|-heal|p2a: Jirachi|100/100|[from] move: Wish|[wisher] Jirachi
|-damage|p1a: Cobalion|0 fnt|[from] brn
|faint|p1a: Cobalion
|upkeep
|
|t:|1666727733
|switch|p1a: Regieleki|Regieleki|100/100
|turn|27
|inactive|Liz Angeles has 210 seconds left.
|
|t:|1666727738
|move|p1a: Regieleki|Rapid Spin|p2a: Jirachi
|-resisted|p2a: Jirachi
|-damage|p2a: Jirachi|96/100
|-boost|p1a: Regieleki|spe|1
|-sideend|p1: amogusroxyrrrr|Stealth Rock|[from] move: Rapid Spin|[of] p1a: Regieleki
|move|p2a: Jirachi|U-turn|p1a: Regieleki
|-damage|p1a: Regieleki|69/100
|inactive|Liz Angeles has 210 seconds left.
|
|t:|1666727744
|switch|p2a: Hippowdon|Hippowdon, F|100/100|[from]move: U-turn
|-damage|p2a: Hippowdon|94/100|[from] Stealth Rock
|-damage|p2a: Hippowdon|82/100|[from] Spikes
|-weather|Sandstorm|[from] ability: Sand Stream|[of] p2a: Hippowdon
|
|-weather|Sandstorm|[upkeep]
|-damage|p1a: Regieleki|63/100|[from] Sandstorm
|-heal|p2a: Hippowdon|88/100|[from] item: Leftovers
|upkeep
|turn|28
|
|t:|1666727752
|switch|p1a: Roserade|Roserade, M, shiny|65/100
|move|p2a: Hippowdon|Stealth Rock|p1a: Roserade
|-sidestart|p1: amogusroxyrrrr|move: Stealth Rock
|
|-weather|Sandstorm|[upkeep]
|-damage|p1a: Roserade|59/100|[from] Sandstorm
|-heal|p1a: Roserade|65/100|[from] item: Black Sludge
|-heal|p2a: Hippowdon|94/100|[from] item: Leftovers
|upkeep
|turn|29
|
|t:|1666727756
|switch|p2a: Jirachi|Jirachi, shiny|96/100
|-damage|p2a: Jirachi|90/100|[from] Stealth Rock
|-damage|p2a: Jirachi|78/100|[from] Spikes
|move|p1a: Roserade|Spikes|p2a: Jirachi
|-sidestart|p2: Liz Angeles|Spikes
|
|-weather|Sandstorm|[upkeep]
|-damage|p1a: Roserade|59/100|[from] Sandstorm
|-heal|p2a: Jirachi|84/100|[from] item: Leftovers
|-heal|p1a: Roserade|65/100|[from] item: Black Sludge
|upkeep
|turn|30
|
|t:|1666727763
|switch|p1a: Celesteela|Celesteela|100/100
|-damage|p1a: Celesteela|88/100|[from] Stealth Rock
|move|p2a: Jirachi|Iron Head|p1a: Celesteela
|-resisted|p1a: Celesteela
|-damage|p1a: Celesteela|76/100
|
|-weather|Sandstorm|[upkeep]
|-heal|p2a: Jirachi|90/100|[from] item: Leftovers
|-heal|p1a: Celesteela|82/100|[from] item: Leftovers
|upkeep
|turn|31
|
|t:|1666727769
|move|p2a: Jirachi|U-turn|p1a: Celesteela
|-resisted|p1a: Celesteela
|-damage|p1a: Celesteela|78/100
|
|t:|1666727774
|switch|p2a: Salamence|Salamence, F|77/100|[from]move: U-turn
|-ability|p2a: Salamence|Intimidate|boost
|-unboost|p1a: Celesteela|atk|1
|move|p1a: Celesteela|Leech Seed|p2a: Salamence
|-start|p2a: Salamence|move: Leech Seed
|
|-weather|none
|-heal|p1a: Celesteela|84/100|[from] item: Leftovers
|-damage|p2a: Salamence|65/100|[from] Leech Seed|[of] p1a: Celesteela
|-heal|p1a: Celesteela|97/100|[silent]
|upkeep
|turn|32
|
|t:|1666727785
|move|p1a: Celesteela|Protect|p1a: Celesteela
|-singleturn|p1a: Celesteela|Protect
|move|p2a: Salamence|Defog|p1a: Celesteela
|-activate|p1a: Celesteela|move: Protect
|
|-heal|p1a: Celesteela|100/100|[from] item: Leftovers
|-damage|p2a: Salamence|52/100|[from] Leech Seed|[of] p1a: Celesteela
|upkeep
|turn|33
|
|t:|1666727794
|move|p2a: Salamence|Roost|p2a: Salamence
|-heal|p2a: Salamence|100/100
|-singleturn|p2a: Salamence|move: Roost
|move|p1a: Celesteela|Heavy Slam|p2a: Salamence
|-damage|p2a: Salamence|78/100
|
|-damage|p2a: Salamence|66/100|[from] Leech Seed|[of] p1a: Celesteela
|upkeep
|turn|34
|
|t:|1666727808
|move|p2a: Salamence|Defog|p1a: Celesteela
|-unboost|p1a: Celesteela|evasion|1
|-sideend|p1: amogusroxyrrrr|Stealth Rock|[from] move: Defog|[of] p2a: Salamence
|-sideend|p2: Liz Angeles|Spikes|[from] move: Defog|[of] p2a: Salamence
|-sideend|p2: Liz Angeles|Stealth Rock|[from] move: Defog|[of] p2a: Salamence
|move|p1a: Celesteela|Heavy Slam|p2a: Salamence
|-damage|p2a: Salamence|42/100
|
|-damage|p2a: Salamence|29/100|[from] Leech Seed|[of] p1a: Celesteela
|upkeep
|turn|35
|
|t:|1666727824
|switch|p1a: Zygarde|Zygarde-10%|76/100
|-ability|p1a: Zygarde|Aura Break
|move|p2a: Salamence|Roost|p2a: Salamence
|-heal|p2a: Salamence|79/100
|-singleturn|p2a: Salamence|move: Roost
|
|-damage|p2a: Salamence|67/100|[from] Leech Seed|[of] p1a: Zygarde
|-heal|p1a: Zygarde|96/100|[silent]
|upkeep
|turn|36
|
|t:|1666727831
|switch|p2a: Hippowdon|Hippowdon, F|94/100
|-weather|Sandstorm|[from] ability: Sand Stream|[of] p2a: Hippowdon
|move|p1a: Zygarde|Thousand Arrows|p2a: Hippowdon
|-damage|p2a: Hippowdon|56/100
|
|-weather|Sandstorm|[upkeep]
|-heal|p2a: Hippowdon|62/100|[from] item: Leftovers
|upkeep
|turn|37
|
|t:|1666727838
|switch|p1a: Celesteela|Celesteela|100/100
|move|p2a: Hippowdon|Slack Off|p2a: Hippowdon
|-heal|p2a: Hippowdon|100/100
|
|-weather|Sandstorm|[upkeep]
|upkeep
|turn|38
|
|t:|1666727846
|move|p1a: Celesteela|Leech Seed|p2a: Hippowdon
|-start|p2a: Hippowdon|move: Leech Seed
|move|p2a: Hippowdon|Stealth Rock|p1a: Celesteela
|-sidestart|p1: amogusroxyrrrr|move: Stealth Rock
|
|-weather|Sandstorm|[upkeep]
|-damage|p2a: Hippowdon|88/100|[from] Leech Seed|[of] p1a: Celesteela
|upkeep
|turn|39
|
|t:|1666727855
|switch|p1a: Roserade|Roserade, M, shiny|65/100
|-damage|p1a: Roserade|53/100|[from] Stealth Rock
|switch|p2a: Jirachi|Jirachi, shiny|90/100
|
|-weather|Sandstorm|[upkeep]
|-damage|p1a: Roserade|46/100|[from] Sandstorm
|-heal|p2a: Jirachi|96/100|[from] item: Leftovers
|-heal|p1a: Roserade|53/100|[from] item: Black Sludge
|upkeep
|turn|40
|
|t:|1666727860
|move|p2a: Jirachi|Iron Head|p1a: Roserade
|-damage|p1a: Roserade|19/100
|cant|p1a: Roserade|flinch
|
|-weather|none
|-heal|p2a: Jirachi|100/100|[from] item: Leftovers
|-heal|p1a: Roserade|25/100|[from] item: Black Sludge
|upkeep
|turn|41
|
|t:|1666727870
|switch|p1a: Celesteela|Celesteela|100/100
|-damage|p1a: Celesteela|88/100|[from] Stealth Rock
|move|p2a: Jirachi|Iron Head|p1a: Celesteela
|-resisted|p1a: Celesteela
|-damage|p1a: Celesteela|76/100
|
|-heal|p1a: Celesteela|82/100|[from] item: Leftovers
|upkeep
|turn|42
|
|t:|1666727886
|move|p2a: Jirachi|U-turn|p1a: Celesteela
|-resisted|p1a: Celesteela
|-damage|p1a: Celesteela|79/100
|
|t:|1666727888
|switch|p2a: Salamence|Salamence, F|67/100|[from]move: U-turn
|-ability|p2a: Salamence|Intimidate|boost
|-unboost|p1a: Celesteela|atk|1
|move|p1a: Celesteela|Flamethrower|p2a: Salamence
|-resisted|p2a: Salamence
|-damage|p2a: Salamence|57/100
|
|-heal|p1a: Celesteela|85/100|[from] item: Leftovers
|upkeep
|turn|43
|
|t:|1666727898
|switch|p2a: Jirachi|Jirachi, shiny|100/100
|move|p1a: Celesteela|Protect||[still]
|-fail|p1a: Celesteela
|
|-heal|p1a: Celesteela|91/100|[from] item: Leftovers
|upkeep
|turn|44
|
|t:|1666727906
|move|p2a: Jirachi|U-turn|p1a: Celesteela
|-resisted|p1a: Celesteela
|-damage|p1a: Celesteela|87/100
|
|t:|1666727910
|switch|p2a: Salamence|Salamence, F|57/100|[from]move: U-turn
|-ability|p2a: Salamence|Intimidate|boost
|-unboost|p1a: Celesteela|atk|1
|move|p1a: Celesteela|Flamethrower|p2a: Salamence
|-resisted|p2a: Salamence
|-damage|p2a: Salamence|46/100
|
|-heal|p1a: Celesteela|93/100|[from] item: Leftovers
|upkeep
|turn|45
|c|☆amogusroxyrrrr|where my 50% burn
|c|☆amogusroxyrrrr|>:(
|
|t:|1666727926
|switch|p1a: Regieleki|Regieleki|63/100
|move|p2a: Salamence|Roost|p2a: Salamence
|-heal|p2a: Salamence|96/100
|-singleturn|p2a: Salamence|move: Roost
|
|upkeep
|turn|46
|
|t:|1666727932
|move|p1a: Regieleki|Rapid Spin|p2a: Salamence
|-damage|p2a: Salamence|88/100
|-boost|p1a: Regieleki|spe|1
|-sideend|p1: amogusroxyrrrr|Stealth Rock|[from] move: Rapid Spin|[of] p1a: Regieleki
|move|p2a: Salamence|Flamethrower|p1a: Regieleki
|-damage|p1a: Regieleki|22/100
|
|upkeep
|turn|47
|
|t:|1666727941
|switch|p1a: Zygarde|Zygarde-10%|96/100
|-ability|p1a: Zygarde|Aura Break
|switch|p2a: Hippowdon|Hippowdon, F|88/100
|-weather|Sandstorm|[from] ability: Sand Stream|[of] p2a: Hippowdon
|
|-weather|Sandstorm|[upkeep]
|-heal|p2a: Hippowdon|94/100|[from] item: Leftovers
|upkeep
|turn|48
|
|t:|1666727948
|move|p1a: Zygarde|Toxic|p2a: Hippowdon
|-status|p2a: Hippowdon|tox
|move|p2a: Hippowdon|Stealth Rock|p1a: Zygarde
|-sidestart|p1: amogusroxyrrrr|move: Stealth Rock
|
|-weather|Sandstorm|[upkeep]
|-heal|p2a: Hippowdon|100/100 tox|[from] item: Leftovers
|-damage|p2a: Hippowdon|94/100 tox|[from] psn
|upkeep
|turn|49
|
|t:|1666727957
|switch|p1a: Celesteela|Celesteela|93/100
|-damage|p1a: Celesteela|81/100|[from] Stealth Rock
|switch|p2a: Zarude|Zarude|100/100
|
|-weather|Sandstorm|[upkeep]
|-damage|p2a: Zarude|95/100|[from] Sandstorm
|-heal|p1a: Celesteela|87/100|[from] item: Leftovers
|upkeep
|turn|50
|
|t:|1666727965
|move|p2a: Zarude|U-turn|p1a: Celesteela
|-resisted|p1a: Celesteela
|-damage|p1a: Celesteela|82/100
|
|t:|1666727970
|switch|p2a: Keldeo|Keldeo-Resolute|100/100|[from]move: U-turn
|move|p1a: Celesteela|Flamethrower|p2a: Keldeo
|-resisted|p2a: Keldeo
|-damage|p2a: Keldeo|89/100
|
|-weather|Sandstorm|[upkeep]
|-damage|p2a: Keldeo|83/100|[from] Sandstorm
|-heal|p1a: Celesteela|88/100|[from] item: Leftovers
|upkeep
|turn|51
|
|t:|1666727978
|move|p1a: Celesteela|Protect|p1a: Celesteela
|-singleturn|p1a: Celesteela|Protect
|move|p2a: Keldeo|Secret Sword|p1a: Celesteela
|-activate|p1a: Celesteela|move: Protect
|
|-weather|none
|-heal|p1a: Celesteela|94/100|[from] item: Leftovers
|upkeep
|turn|52
|
|t:|1666727990
|move|p2a: Keldeo|Secret Sword|p1a: Celesteela
|-damage|p1a: Celesteela|37/100
|move|p1a: Celesteela|Leech Seed|p2a: Keldeo
|-start|p2a: Keldeo|move: Leech Seed
|
|-heal|p1a: Celesteela|43/100|[from] item: Leftovers
|-damage|p2a: Keldeo|70/100|[from] Leech Seed|[of] p1a: Celesteela
|-heal|p1a: Celesteela|53/100|[silent]
|upkeep
|turn|53
|
|t:|1666728002
|move|p1a: Celesteela|Protect|p1a: Celesteela
|-singleturn|p1a: Celesteela|Protect
|move|p2a: Keldeo|Secret Sword|p1a: Celesteela
|-activate|p1a: Celesteela|move: Protect
|
|-heal|p1a: Celesteela|59/100|[from] item: Leftovers
|-damage|p2a: Keldeo|58/100|[from] Leech Seed|[of] p1a: Celesteela
|-heal|p1a: Celesteela|69/100|[silent]
|upkeep
|turn|54
|
|t:|1666728012
|move|p2a: Keldeo|Secret Sword|p1a: Celesteela
|-damage|p1a: Celesteela|13/100
|move|p1a: Celesteela|Heavy Slam|p2a: Keldeo
|-resisted|p2a: Keldeo
|-damage|p2a: Keldeo|34/100
|
|-heal|p1a: Celesteela|19/100|[from] item: Leftovers
|-damage|p2a: Keldeo|21/100|[from] Leech Seed|[of] p1a: Celesteela
|-heal|p1a: Celesteela|29/100|[silent]
|upkeep
|turn|55
|
|t:|1666728028
|move|p1a: Celesteela|Protect|p1a: Celesteela
|-singleturn|p1a: Celesteela|Protect
|move|p2a: Keldeo|Secret Sword|p1a: Celesteela
|-activate|p1a: Celesteela|move: Protect
|
|-heal|p1a: Celesteela|35/100|[from] item: Leftovers
|-damage|p2a: Keldeo|9/100|[from] Leech Seed|[of] p1a: Celesteela
|-heal|p1a: Celesteela|45/100|[silent]
|upkeep
|turn|56
|
|t:|1666728034
|move|p1a: Celesteela|Protect|p1a: Celesteela
|-singleturn|p1a: Celesteela|Protect
|move|p2a: Keldeo|Secret Sword|p1a: Celesteela
|-activate|p1a: Celesteela|move: Protect
|
|-heal|p1a: Celesteela|51/100|[from] item: Leftovers
|-damage|p2a: Keldeo|0 fnt|[from] Leech Seed|[of] p1a: Celesteela
|-heal|p1a: Celesteela|58/100|[silent]
|faint|p2a: Keldeo
|upkeep
|c|☆amogusroxyrrrr|skill
|
|t:|1666728043
|switch|p2a: Salamence|Salamence, F|88/100
|-ability|p2a: Salamence|Intimidate|boost
|-unboost|p1a: Celesteela|atk|1
|turn|57
|
|t:|1666728054
|move|p2a: Salamence|Flamethrower|p1a: Celesteela
|-supereffective|p1a: Celesteela
|-damage|p1a: Celesteela|32/100
|move|p1a: Celesteela|Leech Seed|p2a: Salamence
|-start|p2a: Salamence|move: Leech Seed
|
|-heal|p1a: Celesteela|38/100|[from] item: Leftovers
|-damage|p2a: Salamence|76/100|[from] Leech Seed|[of] p1a: Celesteela
|-heal|p1a: Celesteela|50/100|[silent]
|upkeep
|turn|58
|
|t:|1666728061
|switch|p2a: Jirachi|Jirachi, shiny|100/100
|move|p1a: Celesteela|Heavy Slam|p2a: Jirachi
|-resisted|p2a: Jirachi
|-damage|p2a: Jirachi|89/100
|
|-heal|p2a: Jirachi|95/100|[from] item: Leftovers
|-heal|p1a: Celesteela|56/100|[from] item: Leftovers
|upkeep
|turn|59
|
|t:|1666728069
|switch|p2a: Salamence|Salamence, F|76/100
|-ability|p2a: Salamence|Intimidate|boost
|-unboost|p1a: Celesteela|atk|1
|move|p1a: Celesteela|Flamethrower|p2a: Salamence
|-resisted|p2a: Salamence
|-damage|p2a: Salamence|65/100
|
|-heal|p1a: Celesteela|62/100|[from] item: Leftovers
|upkeep
|turn|60
|
|t:|1666728077
|move|p2a: Salamence|Flamethrower|p1a: Celesteela
|-supereffective|p1a: Celesteela
|-damage|p1a: Celesteela|35/100
|move|p1a: Celesteela|Leech Seed|p2a: Salamence
|-start|p2a: Salamence|move: Leech Seed
|
|-heal|p1a: Celesteela|41/100|[from] item: Leftovers
|-damage|p2a: Salamence|52/100|[from] Leech Seed|[of] p1a: Celesteela
|-heal|p1a: Celesteela|53/100|[silent]
|upkeep
|turn|61
|
|t:|1666728083
|move|p2a: Salamence|Roost|p2a: Salamence
|-heal|p2a: Salamence|100/100
|-singleturn|p2a: Salamence|move: Roost
|move|p1a: Celesteela|Flamethrower|p2a: Salamence
|-resisted|p2a: Salamence
|-damage|p2a: Salamence|90/100
|
|-heal|p1a: Celesteela|59/100|[from] item: Leftovers
|-damage|p2a: Salamence|78/100|[from] Leech Seed|[of] p1a: Celesteela
|-heal|p1a: Celesteela|72/100|[silent]
|upkeep
|turn|62
|
|t:|1666728091
|switch|p2a: Jirachi|Jirachi, shiny|95/100
|move|p1a: Celesteela|Flamethrower|p2a: Jirachi
|-supereffective|p2a: Jirachi
|-damage|p2a: Jirachi|58/100
|
|-heal|p2a: Jirachi|64/100|[from] item: Leftovers
|-heal|p1a: Celesteela|78/100|[from] item: Leftovers
|upkeep
|turn|63
|
|t:|1666728098
|move|p2a: Jirachi|U-turn|p1a: Celesteela
|-resisted|p1a: Celesteela
|-damage|p1a: Celesteela|74/100
|
|t:|1666728102
|switch|p2a: Salamence|Salamence, F|78/100|[from]move: U-turn
|-ability|p2a: Salamence|Intimidate|boost
|-unboost|p1a: Celesteela|atk|1
|move|p1a: Celesteela|Leech Seed|p2a: Salamence
|-start|p2a: Salamence|move: Leech Seed
|
|-heal|p1a: Celesteela|80/100|[from] item: Leftovers
|-damage|p2a: Salamence|65/100|[from] Leech Seed|[of] p1a: Celesteela
|-heal|p1a: Celesteela|92/100|[silent]
|upkeep
|turn|64
|
|t:|1666728112
|switch|p1a: Regieleki|Regieleki|22/100
|move|p2a: Salamence|Roost|p2a: Salamence
|-heal|p2a: Salamence|100/100
|-singleturn|p2a: Salamence|move: Roost
|
|-damage|p2a: Salamence|88/100|[from] Leech Seed|[of] p1a: Regieleki
|-heal|p1a: Regieleki|38/100|[silent]
|upkeep
|turn|65
|
|t:|1666728118
|switch|p2a: Hippowdon|Hippowdon, F|94/100 tox
|-weather|Sandstorm|[from] ability: Sand Stream|[of] p2a: Hippowdon
|move|p1a: Regieleki|Rapid Spin|p2a: Hippowdon
|-damage|p2a: Hippowdon|88/100 tox
|-boost|p1a: Regieleki|spe|1
|-sideend|p1: amogusroxyrrrr|Stealth Rock|[from] move: Rapid Spin|[of] p1a: Regieleki
|
|-weather|Sandstorm|[upkeep]
|-damage|p1a: Regieleki|31/100|[from] Sandstorm
|-heal|p2a: Hippowdon|94/100 tox|[from] item: Leftovers
|-damage|p2a: Hippowdon|88/100 tox|[from] psn
|upkeep
|turn|66
|
|t:|1666728125
|switch|p1a: Roserade|Roserade, M, shiny|25/100
|move|p2a: Hippowdon|Stealth Rock|p1a: Roserade
|-sidestart|p1: amogusroxyrrrr|move: Stealth Rock
|
|-weather|Sandstorm|[upkeep]
|-damage|p1a: Roserade|19/100|[from] Sandstorm
|-heal|p1a: Roserade|25/100|[from] item: Black Sludge
|-heal|p2a: Hippowdon|94/100 tox|[from] item: Leftovers
|-damage|p2a: Hippowdon|82/100 tox|[from] psn
|upkeep
|turn|67
|
|t:|1666728136
|switch|p2a: Jirachi|Jirachi, shiny|64/100
|move|p1a: Roserade|Spikes|p2a: Jirachi
|-sidestart|p2: Liz Angeles|Spikes
|
|-weather|Sandstorm|[upkeep]
|-damage|p1a: Roserade|19/100|[from] Sandstorm
|-heal|p2a: Jirachi|70/100|[from] item: Leftovers
|-heal|p1a: Roserade|25/100|[from] item: Black Sludge
|upkeep
|turn|68
|
|t:|1666728149
|switch|p1a: Celesteela|Celesteela|92/100
|-damage|p1a: Celesteela|80/100|[from] Stealth Rock
|move|p2a: Jirachi|Iron Head|p1a: Celesteela
|-resisted|p1a: Celesteela
|-damage|p1a: Celesteela|69/100
|
|-weather|Sandstorm|[upkeep]
|-heal|p2a: Jirachi|76/100|[from] item: Leftovers
|-heal|p1a: Celesteela|75/100|[from] item: Leftovers
|upkeep
|turn|69
|
|t:|1666728156
|move|p2a: Jirachi|U-turn|p1a: Celesteela
|-resisted|p1a: Celesteela
|-damage|p1a: Celesteela|72/100
|
|t:|1666728160
|switch|p2a: Salamence|Salamence, F|88/100|[from]move: U-turn
|-ability|p2a: Salamence|Intimidate|boost
|-unboost|p1a: Celesteela|atk|1
|move|p1a: Celesteela|Leech Seed|p2a: Salamence|[miss]
|-miss|p1a: Celesteela|p2a: Salamence
|
|-weather|none
|-heal|p1a: Celesteela|78/100|[from] item: Leftovers
|upkeep
|turn|70
|
|t:|1666728169
|switch|p1a: Zygarde|Zygarde-10%|96/100
|-damage|p1a: Zygarde|90/100|[from] Stealth Rock
|-ability|p1a: Zygarde|Aura Break
|move|p2a: Salamence|Flamethrower|p1a: Zygarde
|-resisted|p1a: Zygarde
|-damage|p1a: Zygarde|74/100
|
|upkeep
|turn|71
|
|t:|1666728176
|switch|p2a: Zarude|Zarude|95/100
|-damage|p2a: Zarude|82/100|[from] Spikes
|move|p1a: Zygarde|Thousand Arrows|p2a: Zarude
|-resisted|p2a: Zarude
|-damage|p2a: Zarude|56/100
|
|upkeep
|turn|72
|
|t:|1666728188
|switch|p1a: Roserade|Roserade, M, shiny|25/100
|-damage|p1a: Roserade|12/100|[from] Stealth Rock
|move|p2a: Zarude|U-turn|p1a: Roserade
|-damage|p1a: Roserade|0 fnt
|faint|p1a: Roserade
|
|t:|1666728192
|switch|p2a: Jirachi|Jirachi, shiny|76/100|[from]move: U-turn
|-damage|p2a: Jirachi|64/100|[from] Spikes
|
|-heal|p2a: Jirachi|70/100|[from] item: Leftovers
|upkeep
|
|t:|1666728198
|switch|p1a: Zygarde|Zygarde-10%|74/100
|-damage|p1a: Zygarde|68/100|[from] Stealth Rock
|-ability|p1a: Zygarde|Aura Break
|turn|73
|
|t:|1666728205
|move|p2a: Jirachi|Protect|p2a: Jirachi
|-singleturn|p2a: Jirachi|Protect
|move|p1a: Zygarde|Thousand Arrows|p2a: Jirachi
|-activate|p2a: Jirachi|move: Protect
|
|-heal|p2a: Jirachi|76/100|[from] item: Leftovers
|upkeep
|turn|74
|
|t:|1666728211
|switch|p1a: Regieleki|Regieleki|31/100
|switch|p2a: Salamence|Salamence, F|88/100
|-ability|p2a: Salamence|Intimidate|boost
|-unboost|p1a: Regieleki|atk|1
|
|upkeep
|turn|75
|
|t:|1666728216
|move|p1a: Regieleki|Thunderbolt|p2a: Salamence
|-damage|p2a: Salamence|18/100
|move|p2a: Salamence|Defog|p1a: Regieleki
|-unboost|p1a: Regieleki|evasion|1
|-sideend|p1: amogusroxyrrrr|Stealth Rock|[from] move: Defog|[of] p2a: Salamence
|-sideend|p2: Liz Angeles|Spikes|[from] move: Defog|[of] p2a: Salamence
|
|upkeep
|turn|76
|inactive|amogusroxyrrrr has 270 seconds left.
|
|t:|1666728254
|switch|p2a: Hippowdon|Hippowdon, F|82/100 tox
|-weather|Sandstorm|[from] ability: Sand Stream|[of] p2a: Hippowdon
|move|p1a: Regieleki|Swift|p2a: Hippowdon
|-damage|p2a: Hippowdon|67/100 tox
|
|-weather|Sandstorm|[upkeep]
|-damage|p1a: Regieleki|25/100|[from] Sandstorm
|-heal|p2a: Hippowdon|73/100 tox|[from] item: Leftovers
|-damage|p2a: Hippowdon|67/100 tox|[from] psn
|upkeep
|turn|77
|inactive|amogusroxyrrrr has 270 seconds left.
|
|t:|1666728263
|switch|p1a: Celesteela|Celesteela|78/100
|move|p2a: Hippowdon|Stealth Rock|p1a: Celesteela
|-sidestart|p1: amogusroxyrrrr|move: Stealth Rock
|
|-weather|Sandstorm|[upkeep]
|-heal|p1a: Celesteela|84/100|[from] item: Leftovers
|-heal|p2a: Hippowdon|73/100 tox|[from] item: Leftovers
|-damage|p2a: Hippowdon|60/100 tox|[from] psn
|upkeep
|turn|78
|
|t:|1666728271
|switch|p2a: Jim|Regice|32/100 psn
|move|p1a: Celesteela|Leech Seed|p2a: Jim
|-start|p2a: Jim|move: Leech Seed
|
|-weather|Sandstorm|[upkeep]
|-damage|p2a: Jim|25/100 psn|[from] Sandstorm
|-heal|p1a: Celesteela|90/100|[from] item: Leftovers
|-damage|p2a: Jim|13/100 psn|[from] Leech Seed|[of] p1a: Celesteela
|-heal|p1a: Celesteela|100/100|[silent]
|-damage|p2a: Jim|1/100 psn|[from] psn
|upkeep
|turn|79
|c|☆amogusroxyrrrr|im sorry jim
|
|t:|1666728282
|move|p1a: Celesteela|Heavy Slam|p2a: Jim
|-supereffective|p2a: Jim
|-damage|p2a: Jim|0 fnt
|faint|p2a: Jim
|-ability|p1a: Celesteela|Beast Boost|boost
|-boost|p1a: Celesteela|spd|1
|
|-weather|Sandstorm|[upkeep]
|upkeep
|
|t:|1666728287
|switch|p2a: Salamence|Salamence, F|18/100
|-ability|p2a: Salamence|Intimidate|boost
|-unboost|p1a: Celesteela|atk|1
|turn|80
|
|t:|1666728292
|move|p2a: Salamence|Roost|p2a: Salamence
|-heal|p2a: Salamence|68/100
|-singleturn|p2a: Salamence|move: Roost
|move|p1a: Celesteela|Leech Seed|p2a: Salamence
|-start|p2a: Salamence|move: Leech Seed
|
|-weather|none
|-damage|p2a: Salamence|55/100|[from] Leech Seed|[of] p1a: Celesteela
|upkeep
|turn|81
|
|t:|1666728306
|switch|p2a: Jirachi|Jirachi, shiny|76/100
|move|p1a: Celesteela|Flamethrower|p2a: Jirachi
|-supereffective|p2a: Jirachi
|-damage|p2a: Jirachi|37/100
|
|-heal|p2a: Jirachi|43/100|[from] item: Leftovers
|upkeep
|turn|82
|
|t:|1666728311
|move|p2a: Jirachi|Protect|p2a: Jirachi
|-singleturn|p2a: Jirachi|Protect
|move|p1a: Celesteela|Flamethrower|p2a: Jirachi
|-activate|p2a: Jirachi|move: Protect
|
|-heal|p2a: Jirachi|50/100|[from] item: Leftovers
|upkeep
|turn|83
|
|t:|1666728316
|move|p2a: Jirachi|Wish|p2a: Jirachi
|move|p1a: Celesteela|Leech Seed|p2a: Jirachi
|-start|p2a: Jirachi|move: Leech Seed
|
|-heal|p2a: Jirachi|56/100|[from] item: Leftovers
|-damage|p2a: Jirachi|43/100|[from] Leech Seed|[of] p1a: Celesteela
|upkeep
|turn|84
|
|t:|1666728323
|switch|p1a: Zygarde|Zygarde-10%|68/100
|-damage|p1a: Zygarde|62/100|[from] Stealth Rock
|-ability|p1a: Zygarde|Aura Break
|move|p2a: Jirachi|Protect||[still]
|-fail|p2a: Jirachi
|
|-heal|p2a: Jirachi|93/100|[from] move: Wish|[wisher] Jirachi
|-heal|p2a: Jirachi|99/100|[from] item: Leftovers
|-damage|p2a: Jirachi|87/100|[from] Leech Seed|[of] p1a: Zygarde
|-heal|p1a: Zygarde|82/100|[silent]
|upkeep
|turn|85
|
|t:|1666728331
|switch|p2a: Zarude|Zarude|56/100
|move|p1a: Zygarde|Thousand Arrows|p2a: Zarude
|-resisted|p2a: Zarude
|-damage|p2a: Zarude|31/100
|
|upkeep
|turn|86
|
|t:|1666728343
|switch|p1a: Celesteela|Celesteela|100/100
|-damage|p1a: Celesteela|88/100|[from] Stealth Rock
|move|p2a: Zarude|Darkest Lariat|p1a: Celesteela
|-damage|p1a: Celesteela|51/100
|
|-heal|p1a: Celesteela|57/100|[from] item: Leftovers
|upkeep
|turn|87
|
|t:|1666728348
|switch|p2a: Salamence|Salamence, F|55/100
|-ability|p2a: Salamence|Intimidate|boost
|-unboost|p1a: Celesteela|atk|1
|move|p1a: Celesteela|Flamethrower|p2a: Salamence
|-resisted|p2a: Salamence
|-damage|p2a: Salamence|44/100
|
|-heal|p1a: Celesteela|63/100|[from] item: Leftovers
|upkeep
|turn|88
|
|t:|1666728357
|move|p2a: Salamence|Roost|p2a: Salamence
|-heal|p2a: Salamence|94/100
|-singleturn|p2a: Salamence|move: Roost
|move|p1a: Celesteela|Heavy Slam|p2a: Salamence
|-damage|p2a: Salamence|73/100
|
|-heal|p1a: Celesteela|69/100|[from] item: Leftovers
|upkeep
|turn|89
|
|t:|1666728368
|move|p2a: Salamence|Roost|p2a: Salamence
|-heal|p2a: Salamence|100/100
|-singleturn|p2a: Salamence|move: Roost
|move|p1a: Celesteela|Leech Seed|p2a: Salamence
|-start|p2a: Salamence|move: Leech Seed
|
|-heal|p1a: Celesteela|75/100|[from] item: Leftovers
|-damage|p2a: Salamence|88/100|[from] Leech Seed|[of] p1a: Celesteela
|-heal|p1a: Celesteela|87/100|[silent]
|upkeep
|turn|90
|
|t:|1666728373
|switch|p2a: Jirachi|Jirachi, shiny|87/100
|move|p1a: Celesteela|Protect||[still]
|-fail|p1a: Celesteela
|
|-heal|p2a: Jirachi|93/100|[from] item: Leftovers
|-heal|p1a: Celesteela|93/100|[from] item: Leftovers
|upkeep
|turn|91
|
|t:|1666728384
|switch|p1a: Zygarde|Zygarde-10%|82/100
|-damage|p1a: Zygarde|76/100|[from] Stealth Rock
|-ability|p1a: Zygarde|Aura Break
|move|p2a: Jirachi|Iron Head|p1a: Zygarde
|-damage|p1a: Zygarde|26/100
|
|-heal|p2a: Jirachi|99/100|[from] item: Leftovers
|upkeep
|turn|92
|
|t:|1666728391
|move|p2a: Jirachi|Protect|p2a: Jirachi
|-singleturn|p2a: Jirachi|Protect
|move|p1a: Zygarde|Thousand Arrows|p2a: Jirachi
|-activate|p2a: Jirachi|move: Protect
|
|-heal|p2a: Jirachi|100/100|[from] item: Leftovers
|upkeep
|turn|93
|
|t:|1666728396
|switch|p1a: Regieleki|Regieleki|25/100
|switch|p2a: Salamence|Salamence, F|88/100
|-ability|p2a: Salamence|Intimidate|boost
|-unboost|p1a: Regieleki|atk|1
|
|upkeep
|turn|94
|
|t:|1666728403
|move|p1a: Regieleki|Rapid Spin|p2a: Salamence
|-damage|p2a: Salamence|83/100
|-boost|p1a: Regieleki|spe|1
|-sideend|p1: amogusroxyrrrr|Stealth Rock|[from] move: Rapid Spin|[of] p1a: Regieleki
|move|p2a: Salamence|Flamethrower|p1a: Regieleki
|-damage|p1a: Regieleki|0 fnt
|faint|p1a: Regieleki
|
|upkeep
|
|t:|1666728406
|switch|p1a: Zygarde|Zygarde-10%|26/100
|-ability|p1a: Zygarde|Aura Break
|turn|95
|
|t:|1666728430
|switch|p2a: Hippowdon|Hippowdon, F|60/100 tox
|-weather|Sandstorm|[from] ability: Sand Stream|[of] p2a: Hippowdon
|move|p1a: Zygarde|Thousand Arrows|p2a: Hippowdon
|-damage|p2a: Hippowdon|21/100 tox
|
|-weather|Sandstorm|[upkeep]
|-heal|p2a: Hippowdon|27/100 tox|[from] item: Leftovers
|-damage|p2a: Hippowdon|21/100 tox|[from] psn
|upkeep
|turn|96
|
|t:|1666728434
|move|p1a: Zygarde|Thousand Arrows|p2a: Hippowdon
|-damage|p2a: Hippowdon|0 fnt
|faint|p2a: Hippowdon
|
|-weather|Sandstorm|[upkeep]
|upkeep
|
|t:|1666728437
|switch|p2a: Zarude|Zarude|31/100
|turn|97
|
|t:|1666728441
|switch|p1a: Celesteela|Celesteela|93/100
|move|p2a: Zarude|U-turn|p1a: Celesteela
|-resisted|p1a: Celesteela
|-damage|p1a: Celesteela|89/100
|
|t:|1666728445
|switch|p2a: Jirachi|Jirachi, shiny|100/100|[from]move: U-turn
|
|-weather|Sandstorm|[upkeep]
|-heal|p1a: Celesteela|95/100|[from] item: Leftovers
|upkeep
|turn|98
|
|t:|1666728451
|move|p2a: Jirachi|Protect|p2a: Jirachi
|-singleturn|p2a: Jirachi|Protect
|move|p1a: Celesteela|Flamethrower|p2a: Jirachi
|-activate|p2a: Jirachi|move: Protect
|
|-weather|Sandstorm|[upkeep]
|-heal|p1a: Celesteela|100/100|[from] item: Leftovers
|upkeep
|turn|99
|
|t:|1666728458
|move|p1a: Celesteela|Protect|p1a: Celesteela
|-singleturn|p1a: Celesteela|Protect
|move|p2a: Jirachi|Iron Head|p1a: Celesteela
|-activate|p1a: Celesteela|move: Protect
|
|-weather|none
|upkeep
|turn|100
|
|t:|1666728464
|move|p2a: Jirachi|Iron Head|p1a: Celesteela
|-resisted|p1a: Celesteela
|-damage|p1a: Celesteela|88/100
|cant|p1a: Celesteela|flinch
|
|-heal|p1a: Celesteela|94/100|[from] item: Leftovers
|upkeep
|turn|101
|
|t:|1666728470
|move|p2a: Jirachi|Protect|p2a: Jirachi
|-singleturn|p2a: Jirachi|Protect
|move|p1a: Celesteela|Flamethrower|p2a: Jirachi
|-activate|p2a: Jirachi|move: Protect
|
|-heal|p1a: Celesteela|99/100|[from] item: Leftovers
|upkeep
|turn|102
|
|t:|1666728475
|move|p1a: Celesteela|Protect|p1a: Celesteela
|-singleturn|p1a: Celesteela|Protect
|move|p2a: Jirachi|Iron Head|p1a: Celesteela
|-activate|p1a: Celesteela|move: Protect
|
|-heal|p1a: Celesteela|100/100|[from] item: Leftovers
|upkeep
|turn|103
|
|t:|1666728480
|move|p2a: Jirachi|Iron Head|p1a: Celesteela
|-resisted|p1a: Celesteela
|-damage|p1a: Celesteela|88/100
|cant|p1a: Celesteela|flinch
|
|-heal|p1a: Celesteela|94/100|[from] item: Leftovers
|upkeep
|turn|104
|
|t:|1666728486
|move|p2a: Jirachi|Iron Head|p1a: Celesteela
|-resisted|p1a: Celesteela
|-damage|p1a: Celesteela|82/100
|move|p1a: Celesteela|Flamethrower|p2a: Jirachi
|-supereffective|p2a: Jirachi
|-damage|p2a: Jirachi|64/100
|
|-heal|p2a: Jirachi|71/100|[from] item: Leftovers
|-heal|p1a: Celesteela|88/100|[from] item: Leftovers
|upkeep
|turn|105
|
|t:|1666728502
|switch|p1a: Zygarde|Zygarde-10%|26/100
|-ability|p1a: Zygarde|Aura Break
|move|p2a: Jirachi|Protect||[still]
|-fail|p2a: Jirachi
|
|-heal|p2a: Jirachi|77/100|[from] item: Leftovers
|upkeep
|turn|106
|
|t:|1666728528
|move|p2a: Jirachi|Protect|p2a: Jirachi
|-singleturn|p2a: Jirachi|Protect
|move|p1a: Zygarde|Thousand Arrows|p2a: Jirachi
|-activate|p2a: Jirachi|move: Protect
|
|-heal|p2a: Jirachi|83/100|[from] item: Leftovers
|upkeep
|turn|107
|
|t:|1666728533
|switch|p2a: Salamence|Salamence, F|83/100
|-ability|p2a: Salamence|Intimidate|boost
|-unboost|p1a: Zygarde|atk|1
|move|p1a: Zygarde|Thousand Arrows|p2a: Salamence
|-damage|p2a: Salamence|52/100
|-start|p2a: Salamence|Smack Down
|
|upkeep
|turn|108
|
|t:|1666728539
|switch|p1a: Celesteela|Celesteela|88/100
|move|p2a: Salamence|Roost|p2a: Salamence
|-heal|p2a: Salamence|100/100
|-singleturn|p2a: Salamence|move: Roost
|
|-heal|p1a: Celesteela|94/100|[from] item: Leftovers
|upkeep
|turn|109
|
|t:|1666728544
|switch|p1a: Zygarde|Zygarde-10%|26/100
|-ability|p1a: Zygarde|Aura Break
|move|p2a: Salamence|Flamethrower|p1a: Zygarde
|-resisted|p1a: Zygarde
|-damage|p1a: Zygarde|7/100
|
|upkeep
|turn|110
|
|t:|1666728554
|move|p1a: Zygarde|Outrage|p2a: Salamence
|-supereffective|p2a: Salamence
|-damage|p2a: Salamence|0 fnt
|faint|p2a: Salamence
|
|upkeep
|
|t:|1666728558
|switch|p2a: Jirachi|Jirachi, shiny|83/100
|turn|111
|
|t:|1666728560
|move|p1a: Zygarde|Outrage|p2a: Jirachi|[from]lockedmove
|-resisted|p2a: Jirachi
|-damage|p2a: Jirachi|49/100
|-start|p1a: Zygarde|confusion|[fatigue]
|move|p2a: Jirachi|Iron Head|p1a: Zygarde
|-damage|p1a: Zygarde|0 fnt
|faint|p1a: Zygarde
|
|-heal|p2a: Jirachi|55/100|[from] item: Leftovers
|upkeep
|
|t:|1666728564
|switch|p1a: Celesteela|Celesteela|94/100
|turn|112
|
|t:|1666728569
|move|p2a: Jirachi|Wish|p2a: Jirachi
|move|p1a: Celesteela|Flamethrower|p2a: Jirachi
|-supereffective|p2a: Jirachi
|-damage|p2a: Jirachi|17/100
|
|-heal|p2a: Jirachi|23/100|[from] item: Leftovers
|-heal|p1a: Celesteela|100/100|[from] item: Leftovers
|upkeep
|turn|113
|
|t:|1666728583
|move|p2a: Jirachi|Protect|p2a: Jirachi
|-singleturn|p2a: Jirachi|Protect
|move|p1a: Celesteela|Heavy Slam|p2a: Jirachi
|-activate|p2a: Jirachi|move: Protect
|
|-heal|p2a: Jirachi|73/100|[from] move: Wish|[wisher] Jirachi
|-heal|p2a: Jirachi|79/100|[from] item: Leftovers
|upkeep
|turn|114
|
|t:|1666728590
|move|p2a: Jirachi|Wish|p2a: Jirachi
|move|p1a: Celesteela|Leech Seed|p2a: Jirachi
|-start|p2a: Jirachi|move: Leech Seed
|
|-heal|p2a: Jirachi|86/100|[from] item: Leftovers
|-damage|p2a: Jirachi|73/100|[from] Leech Seed|[of] p1a: Celesteela
|upkeep
|turn|115
|
|t:|1666728596
|move|p2a: Jirachi|Iron Head|p1a: Celesteela
|-resisted|p1a: Celesteela
|-damage|p1a: Celesteela|89/100
|move|p1a: Celesteela|Flamethrower|p2a: Jirachi
|-supereffective|p2a: Jirachi
|-damage|p2a: Jirachi|38/100
|
|-heal|p2a: Jirachi|88/100|[from] move: Wish|[wisher] Jirachi
|-heal|p2a: Jirachi|94/100|[from] item: Leftovers
|-heal|p1a: Celesteela|95/100|[from] item: Leftovers
|-damage|p2a: Jirachi|81/100|[from] Leech Seed|[of] p1a: Celesteela
|-heal|p1a: Celesteela|100/100|[silent]
|upkeep
|turn|116
|
|t:|1666728606
|move|p2a: Jirachi|Wish|p2a: Jirachi
|move|p1a: Celesteela|Flamethrower|p2a: Jirachi
|-supereffective|p2a: Jirachi
|-damage|p2a: Jirachi|47/100
|
|-heal|p2a: Jirachi|53/100|[from] item: Leftovers
|-damage|p2a: Jirachi|41/100|[from] Leech Seed|[of] p1a: Celesteela
|upkeep
|turn|117
|
|t:|1666728611
|move|p2a: Jirachi|Iron Head|p1a: Celesteela
|-resisted|p1a: Celesteela
|-damage|p1a: Celesteela|90/100
|cant|p1a: Celesteela|flinch
|
|-heal|p2a: Jirachi|91/100|[from] move: Wish|[wisher] Jirachi
|-heal|p2a: Jirachi|97/100|[from] item: Leftovers
|-heal|p1a: Celesteela|96/100|[from] item: Leftovers
|-damage|p2a: Jirachi|84/100|[from] Leech Seed|[of] p1a: Celesteela
|-heal|p1a: Celesteela|100/100|[silent]
|upkeep
|turn|118
|
|t:|1666728625
|move|p2a: Jirachi|Wish|p2a: Jirachi
|move|p1a: Celesteela|Flamethrower|p2a: Jirachi
|-supereffective|p2a: Jirachi
|-damage|p2a: Jirachi|49/100
|-status|p2a: Jirachi|brn
|
|-heal|p2a: Jirachi|55/100 brn|[from] item: Leftovers
|-damage|p2a: Jirachi|43/100 brn|[from] Leech Seed|[of] p1a: Celesteela
|-damage|p2a: Jirachi|36/100 brn|[from] brn
|upkeep
|turn|119
|
|t:|1666728631
|move|p2a: Jirachi|Protect|p2a: Jirachi
|-singleturn|p2a: Jirachi|Protect
|move|p1a: Celesteela|Heavy Slam|p2a: Jirachi
|-activate|p2a: Jirachi|move: Protect
|
|-heal|p2a: Jirachi|86/100 brn|[from] move: Wish|[wisher] Jirachi
|-heal|p2a: Jirachi|93/100 brn|[from] item: Leftovers
|-damage|p2a: Jirachi|80/100 brn|[from] Leech Seed|[of] p1a: Celesteela
|-damage|p2a: Jirachi|74/100 brn|[from] brn
|upkeep
|turn|120
|
|t:|1666728640
|switch|p2a: Zarude|Zarude|31/100
|move|p1a: Celesteela|Heavy Slam|p2a: Zarude
|-damage|p2a: Zarude|0 fnt
|faint|p2a: Zarude
|-ability|p1a: Celesteela|Beast Boost|boost
|-boost|p1a: Celesteela|spd|1
|
|upkeep
|
|t:|1666728643
|switch|p2a: Jirachi|Jirachi, shiny|74/100 brn
|turn|121
|
|t:|1666728651
|move|p2a: Jirachi|Iron Head|p1a: Celesteela
|-resisted|p1a: Celesteela
|-damage|p1a: Celesteela|95/100
|cant|p1a: Celesteela|flinch
|
|-heal|p2a: Jirachi|80/100 brn|[from] item: Leftovers
|-heal|p1a: Celesteela|100/100|[from] item: Leftovers
|-damage|p2a: Jirachi|74/100 brn|[from] brn
|upkeep
|turn|122
|
|t:|1666728657
|move|p2a: Jirachi|Protect|p2a: Jirachi
|-singleturn|p2a: Jirachi|Protect
|move|p1a: Celesteela|Leech Seed|p2a: Jirachi
|-activate|p2a: Jirachi|move: Protect
|
|-heal|p2a: Jirachi|80/100 brn|[from] item: Leftovers
|-damage|p2a: Jirachi|74/100 brn|[from] brn
|upkeep
|turn|123
|
|t:|1666728663
|move|p2a: Jirachi|Wish|p2a: Jirachi
|move|p1a: Celesteela|Heavy Slam|p2a: Jirachi
|-resisted|p2a: Jirachi
|-damage|p2a: Jirachi|58/100 brn
|
|-heal|p2a: Jirachi|64/100 brn|[from] item: Leftovers
|-damage|p2a: Jirachi|58/100 brn|[from] brn
|upkeep
|turn|124
|
|t:|1666728668
|move|p2a: Jirachi|Iron Head|p1a: Celesteela
|-resisted|p1a: Celesteela
|-damage|p1a: Celesteela|95/100
|cant|p1a: Celesteela|flinch
|
|-heal|p2a: Jirachi|100/100 brn|[from] move: Wish|[wisher] Jirachi
|-heal|p1a: Celesteela|100/100|[from] item: Leftovers
|-damage|p2a: Jirachi|94/100 brn|[from] brn
|upkeep
|turn|125
|
|t:|1666728673
|move|p1a: Celesteela|Protect|p1a: Celesteela
|-singleturn|p1a: Celesteela|Protect
|move|p2a: Jirachi|U-turn|p1a: Celesteela
|-activate|p1a: Celesteela|move: Protect
|
|-heal|p2a: Jirachi|100/100 brn|[from] item: Leftovers
|-damage|p2a: Jirachi|94/100 brn|[from] brn
|upkeep
|turn|126
|
|t:|1666728685
|move|p2a: Jirachi|U-turn|p1a: Celesteela
|-resisted|p1a: Celesteela
|-damage|p1a: Celesteela|99/100
|move|p1a: Celesteela|Heavy Slam|p2a: Jirachi
|-resisted|p2a: Jirachi
|-damage|p2a: Jirachi|76/100 brn
|
|-heal|p2a: Jirachi|82/100 brn|[from] item: Leftovers
|-heal|p1a: Celesteela|100/100|[from] item: Leftovers
|-damage|p2a: Jirachi|76/100 brn|[from] brn
|upkeep
|turn|127
|
|t:|1666728691
|move|p2a: Jirachi|U-turn|p1a: Celesteela
|-resisted|p1a: Celesteela
|-damage|p1a: Celesteela|99/100
|move|p1a: Celesteela|Flamethrower|p2a: Jirachi
|-supereffective|p2a: Jirachi
|-damage|p2a: Jirachi|37/100 brn
|
|-heal|p2a: Jirachi|43/100 brn|[from] item: Leftovers
|-heal|p1a: Celesteela|100/100|[from] item: Leftovers
|-damage|p2a: Jirachi|37/100 brn|[from] brn
|upkeep
|turn|128
|
|t:|1666728708
|move|p2a: Jirachi|Wish|p2a: Jirachi
|move|p1a: Celesteela|Flamethrower|p2a: Jirachi
|-supereffective|p2a: Jirachi
|-damage|p2a: Jirachi|0 fnt
|faint|p2a: Jirachi
|
|win|amogusroxyrrrr
|c|☆Liz Angeles|well#
|c|☆amogusroxyrrrr|celesteelas stupid
|c|☆amogusroxyrrrr|gg
|c|☆Liz Angeles|It really did wall my entire team
|c|☆Liz Angeles|gg
