|j|☆sharkikou
|j|☆Liz Angeles
|t:|1666791988
|gametype|singles
|player|p1|sharkikou|101|1308
|player|p2|Liz Angeles|marley|1485
|teamsize|p1|6
|teamsize|p2|6
|gen|8
|tier|[Gen 8] UU
|rated|
|rule|Sleep Clause Mod: Limit one foe put to sleep
|rule|Species Clause: Limit one of each Pokémon
|rule|OHKO Clause: OHKO moves are banned
|rule|Evasion Items Clause: Evasion items are banned
|rule|Evasion Moves Clause: Evasion moves are banned
|rule|Endless Battle Clause: Forcing endless battles is banned
|rule|HP Percentage Mod: HP is shown in percentages
|rule|Dynamax Clause: You cannot dynamax
|clearpoke
|poke|p1|Primarina, M|
|poke|p1|Hydreigon, M|
|poke|p1|Skarmory, F|
|poke|p1|Hippowdon, F|
|poke|p1|Slowbro-Galar, M|
|poke|p1|Azelf|
|poke|p2|Hatterene, F|
|poke|p2|Mamoswine, F|
|poke|p2|Nihilego|
|poke|p2|Tangrowth, M|
|poke|p2|Celesteela|
|poke|p2|Slowking, F|
|teampreview
|
|t:|1666792002
|start
|switch|p1a: Azelf|Azelf|100/100
|switch|p2a: Tangrowth|Tangrowth, M|100/100
|turn|1
|inactive|Battle timer is ON: inactive players will automatically lose when time's up. (requested by Liz Angeles)
|
|t:|1666792016
|move|p1a: Azelf|U-turn|p2a: Tangrowth
|-supereffective|p2a: Tangrowth
|-damage|p2a: Tangrowth|79/100
|
|t:|1666792035
|switch|p1a: Skarmory|Skarmory, F|100/100|[from]move: U-turn
|move|p2a: Tangrowth|Knock Off|p1a: Skarmory
|-damage|p1a: Skarmory|87/100
|-damage|p2a: Tangrowth|62/100|[from] item: Rocky Helmet|[of] p1a: Skarmory
|-enditem|p1a: Skarmory|Rocky Helmet|[from] move: Knock Off|[of] p2a: Tangrowth
|
|upkeep
|turn|2
|inactive|sharkikou has 120 seconds left.
|
|t:|1666792076
|switch|p1a: Hydreigon|Hydreigon, M|100/100
|move|p2a: Tangrowth|Knock Off|p1a: Hydreigon
|-resisted|p1a: Hydreigon
|-damage|p1a: Hydreigon|87/100
|-enditem|p1a: Hydreigon|Choice Scarf|[from] move: Knock Off|[of] p2a: Tangrowth
|
|upkeep
|turn|3
|
|t:|1666792091
|switch|p2a: Nihilego|Nihilego|100/100
|move|p1a: Hydreigon|U-turn|p2a: Nihilego
|-resisted|p2a: Nihilego
|-damage|p2a: Nihilego|87/100
|
|t:|1666792109
|switch|p1a: Slowbro|Slowbro-Galar, M|100/100|[from]move: U-turn
|
|-heal|p2a: Nihilego|93/100|[from] item: Black Sludge
|upkeep
|turn|4
|
|t:|1666792115
|switch|p2a: Celesteela|Celesteela|100/100
|move|p1a: Slowbro|Future Sight|p2a: Celesteela
|-start|p1a: Slowbro|move: Future Sight
|
|upkeep
|turn|5
|
|t:|1666792126
|move|p2a: Celesteela|Leech Seed|p1a: Slowbro
|-start|p1a: Slowbro|move: Leech Seed
|move|p1a: Slowbro|Flamethrower|p2a: Celesteela
|-supereffective|p2a: Celesteela
|-damage|p2a: Celesteela|74/100
|
|-heal|p2a: Celesteela|80/100|[from] item: Leftovers
|-damage|p1a: Slowbro|88/100|[from] Leech Seed|[of] p2a: Celesteela
|-heal|p2a: Celesteela|93/100|[silent]
|upkeep
|turn|6
|
|t:|1666792142
|switch|p1a: Azelf|Azelf|100/100
|move|p2a: Celesteela|Heavy Slam|p1a: Azelf
|-damage|p1a: Azelf|31/100
|
|-end|p2a: Celesteela|move: Future Sight
|-resisted|p2a: Celesteela
|-damage|p2a: Celesteela|79/100
|-heal|p2a: Celesteela|85/100|[from] item: Leftovers
|upkeep
|turn|7
|
|t:|1666792153
|switch|p2a: Slowking|Slowking, F|100/100
|move|p1a: Azelf|Taunt|p2a: Slowking
|-start|p2a: Slowking|move: Taunt
|
|upkeep
|turn|8
|
|t:|1666792159
|move|p1a: Azelf|U-turn|p2a: Slowking
|-supereffective|p2a: Slowking
|-damage|p2a: Slowking|76/100
|
|t:|1666792171
|switch|p1a: Hydreigon|Hydreigon, M|87/100|[from]move: U-turn
|move|p2a: Slowking|Scald|p1a: Hydreigon
|-resisted|p1a: Hydreigon
|-crit|p1a: Hydreigon
|-damage|p1a: Hydreigon|63/100
|-status|p1a: Hydreigon|brn
|
|-damage|p1a: Hydreigon|57/100 brn|[from] brn
|upkeep
|turn|9
|
|t:|1666792185
|switch|p2a: Nihilego|Nihilego|93/100
|move|p1a: Hydreigon|Dark Pulse|p2a: Nihilego
|-damage|p2a: Nihilego|64/100
|
|-heal|p2a: Nihilego|70/100|[from] item: Black Sludge
|-damage|p1a: Hydreigon|50/100 brn|[from] brn
|upkeep
|turn|10
|
|t:|1666792197
|switch|p1a: Skarmory|Skarmory, F|87/100
|move|p2a: Nihilego|Stealth Rock|p1a: Skarmory
|-sidestart|p1: sharkikou|move: Stealth Rock
|
|-heal|p2a: Nihilego|77/100|[from] item: Black Sludge
|upkeep
|turn|11
|
|t:|1666792204
|switch|p2a: Hatterene|Hatterene, F|100/100
|switch|p1a: Slowbro|Slowbro-Galar, M|100/100
|-damage|p1a: Slowbro|88/100|[from] Stealth Rock
|
|upkeep
|turn|12
|
|t:|1666792214
|switch|p2a: Celesteela|Celesteela|85/100
|move|p1a: Slowbro|Shell Side Arm|p2a: Celesteela|[anim] Shell Side Arm Physical
|-immune|p2a: Celesteela
|
|-heal|p2a: Celesteela|91/100|[from] item: Leftovers
|upkeep
|turn|13
|inactive|sharkikou has 120 seconds left.
|
|t:|1666792242
|switch|p1a: Skarmory|Skarmory, F|87/100
|-damage|p1a: Skarmory|75/100|[from] Stealth Rock
|move|p2a: Celesteela|Leech Seed|p1a: Skarmory
|-start|p1a: Skarmory|move: Leech Seed
|
|-heal|p2a: Celesteela|97/100|[from] item: Leftovers
|-damage|p1a: Skarmory|62/100|[from] Leech Seed|[of] p2a: Celesteela
|-heal|p2a: Celesteela|100/100|[silent]
|upkeep
|turn|14
|
|t:|1666792252
|switch|p2a: Hatterene|Hatterene, F|100/100
|move|p1a: Skarmory|Roost|p1a: Skarmory
|-heal|p1a: Skarmory|100/100
|-singleturn|p1a: Skarmory|move: Roost
|
|-damage|p1a: Skarmory|88/100|[from] Leech Seed|[of] p2a: Hatterene
|upkeep
|turn|15
|
|t:|1666792265
|switch|p1a: Slowbro|Slowbro-Galar, M|100/100
|-damage|p1a: Slowbro|88/100|[from] Stealth Rock
|move|p2a: Hatterene|Mystical Fire|p1a: Slowbro
|-damage|p1a: Slowbro|76/100
|-unboost|p1a: Slowbro|spa|1
|
|upkeep
|turn|16
|
|t:|1666792279
|switch|p2a: Celesteela|Celesteela|100/100
|switch|p1a: Azelf|Azelf|31/100
|
|upkeep
|turn|17
|
|t:|1666792285
|move|p1a: Azelf|Knock Off|p2a: Celesteela
|-damage|p2a: Celesteela|82/100
|-enditem|p2a: Celesteela|Leftovers|[from] move: Knock Off|[of] p1a: Azelf
|move|p2a: Celesteela|Heavy Slam|p1a: Azelf
|-damage|p1a: Azelf|0 fnt
|faint|p1a: Azelf
|-ability|p2a: Celesteela|Beast Boost|boost
|-boost|p2a: Celesteela|spd|1
|
|upkeep
|
|t:|1666792301
|switch|p1a: Primarina|Primarina, M|100/100
|-damage|p1a: Primarina|88/100|[from] Stealth Rock
|turn|18
|
|t:|1666792312
|move|p1a: Primarina|Calm Mind|p1a: Primarina
|-boost|p1a: Primarina|spa|1
|-boost|p1a: Primarina|spd|1
|move|p2a: Celesteela|Leech Seed|p1a: Primarina
|-start|p1a: Primarina|move: Leech Seed
|
|-heal|p1a: Primarina|94/100|[from] item: Leftovers
|-damage|p1a: Primarina|82/100|[from] Leech Seed|[of] p2a: Celesteela
|-heal|p2a: Celesteela|93/100|[silent]
|upkeep
|turn|19
|
|t:|1666792328
|move|p1a: Primarina|Calm Mind|p1a: Primarina
|-boost|p1a: Primarina|spa|1
|-boost|p1a: Primarina|spd|1
|move|p2a: Celesteela|Heavy Slam|p1a: Primarina
|-damage|p1a: Primarina|37/100
|
|-heal|p1a: Primarina|43/100|[from] item: Leftovers
|-damage|p1a: Primarina|31/100|[from] Leech Seed|[of] p2a: Celesteela
|-heal|p2a: Celesteela|100/100|[silent]
|upkeep
|turn|20
|
|t:|1666792345
|move|p1a: Primarina|Rest|p1a: Primarina
|-status|p1a: Primarina|slp|[from] move: Rest
|-heal|p1a: Primarina|100/100 slp|[silent]
|move|p2a: Celesteela|Heavy Slam|p1a: Primarina
|-crit|p1a: Primarina
|-damage|p1a: Primarina|32/100 slp
|
|-heal|p1a: Primarina|38/100 slp|[from] item: Leftovers
|-damage|p1a: Primarina|25/100 slp|[from] Leech Seed|[of] p2a: Celesteela
|upkeep
|turn|21
|
|t:|1666792356
|cant|p1a: Primarina|slp
|move|p1a: Primarina|Snore|p2a: Celesteela
|-damage|p2a: Celesteela|84/100
|move|p2a: Celesteela|Heavy Slam|p1a: Primarina
|-damage|p1a: Primarina|0 fnt
|faint|p1a: Primarina
|-ability|p2a: Celesteela|Beast Boost|boost
|-boost|p2a: Celesteela|spd|1
|
|upkeep
|
|t:|1666792366
|switch|p1a: Skarmory|Skarmory, F|88/100
|-damage|p1a: Skarmory|76/100|[from] Stealth Rock
|turn|22
|
|t:|1666792378
|switch|p1a: Slowbro|Slowbro-Galar, M|100/100
|-damage|p1a: Slowbro|88/100|[from] Stealth Rock
|move|p2a: Celesteela|Flamethrower|p1a: Slowbro
|-damage|p1a: Slowbro|75/100
|
|upkeep
|turn|23
|
|t:|1666792389
|move|p2a: Celesteela|Leech Seed|p1a: Slowbro
|-start|p1a: Slowbro|move: Leech Seed
|move|p1a: Slowbro|Flamethrower|p2a: Celesteela
|-supereffective|p2a: Celesteela
|-damage|p2a: Celesteela|69/100
|
|-damage|p1a: Slowbro|63/100|[from] Leech Seed|[of] p2a: Celesteela
|-heal|p2a: Celesteela|81/100|[silent]
|upkeep
|turn|24
|
|t:|1666792399
|move|p2a: Celesteela|Heavy Slam|p1a: Slowbro
|-damage|p1a: Slowbro|25/100
|move|p1a: Slowbro|Psyshock|p2a: Celesteela
|-resisted|p2a: Celesteela
|-damage|p2a: Celesteela|69/100
|
|-damage|p1a: Slowbro|12/100|[from] Leech Seed|[of] p2a: Celesteela
|-heal|p2a: Celesteela|81/100|[silent]
|upkeep
|turn|25
|-message|sharkikou forfeited.
|
|win|Liz Angeles
|raw|sharkikou's rating: 1308 &rarr; <strong>1297</strong><br />(-11 for losing)
|raw|Liz Angeles's rating: 1485 &rarr; <strong>1496</strong><br />(+11 for winning)
|l|☆sharkikou
||Ladder isn't responding, score probably updated but might not have (Request timeout).
