|j|☆retired aggron
|j|☆Lucckyy
|t:|1604388771
|player|p1|retired aggron|janitor|1592
|player|p2|Lucckyy|86|1570
|teamsize|p1|6
|teamsize|p2|6
|gametype|singles
|gen|8
|tier|[Gen 8] UU
|rated|
|clearpoke
|poke|p1|Crawdaunt, M|
|poke|p1|Politoed, M|
|poke|p1|Volcarona, F|
|poke|p1|Scizor, F|
|poke|p1|Kabutops, M|
|poke|p1|Tapu Bulu|
|poke|p2|Glastrier|
|poke|p2|Scizor, F|
|poke|p2|Celesteela|
|poke|p2|Diancie|
|poke|p2|Chansey, F|
|poke|p2|Gastrodon, M|
|rule|Sleep Clause Mod: Limit one foe put to sleep
|rule|Species Clause: Limit one of each Pokémon
|rule|OHKO Clause: OHKO moves are banned
|rule|Evasion Moves Clause: Evasion moves are banned
|rule|Endless Battle Clause: Forcing endless battles is banned
|rule|HP Percentage Mod: HP is shown in percentages
|rule|Dynamax Clause: You cannot dynamax
|teampreview
|c|☆retired aggron|hf
|j| Frostigar479
|inactive|Battle timer is ON: inactive players will automatically lose when time's up. (requested by Lucckyy)
|c|☆Lucckyy|U2
|
|t:|1604388803
|start
|switch|p1a: Scizor|Scizor, F|100/100
|switch|p2a: Scizor|Scizor, F|100/100
|turn|1
|
|t:|1604388810
|move|p2a: Scizor|Knock Off|p1a: Scizor
|-damage|p1a: Scizor|80/100
|-enditem|p1a: Scizor|Leftovers|[from] move: Knock Off|[of] p2a: Scizor
|move|p1a: Scizor|U-turn|p2a: Scizor
|-resisted|p2a: Scizor
|-damage|p2a: Scizor|86/100
|
|t:|1604388820
|switch|p1a: Volcarona|Volcarona, F|100/100|[from]move: U-turn
|
|upkeep
|turn|2
|
|t:|1604388827
|switch|p1a: Crawdaunt|Crawdaunt, M|100/100
|switch|p2a: Diancie|Diancie|100/100
|
|upkeep
|turn|3
|
|t:|1604388832
|move|p1a: Crawdaunt|Crabhammer|p2a: Diancie
|-supereffective|p2a: Diancie
|-damage|p2a: Diancie|0 fnt
|-damage|p1a: Crawdaunt|91/100|[from] item: Life Orb
|faint|p2a: Diancie
|
|upkeep
|
|t:|1604388842
|switch|p2a: Celesteela|Celesteela|100/100
|turn|4
|
|t:|1604388851
|move|p2a: Celesteela|Giga Drain|p1a: Crawdaunt
|-supereffective|p1a: Crawdaunt
|-damage|p1a: Crawdaunt|0 fnt
|faint|p1a: Crawdaunt
|-ability|p2a: Celesteela|Beast Boost|boost
|-boost|p2a: Celesteela|spa|1
|
|upkeep
|
|t:|1604388854
|switch|p1a: Volcarona|Volcarona, F|100/100
|turn|5
|
|t:|1604388859
|switch|p2a: Chansey|Chansey, F|100/100
|move|p1a: Volcarona|Fiery Dance|p2a: Chansey
|-damage|p2a: Chansey|88/100
|
|upkeep
|turn|6
|
|t:|1604388865
|switch|p1a: Scizor|Scizor, F|80/100
|switch|p2a: Celesteela|Celesteela|100/100
|
|upkeep
|turn|7
|
|t:|1604388868
|switch|p1a: Politoed|Politoed, M, shiny|100/100
|-weather|RainDance|[from] ability: Drizzle|[of] p1a: Politoed
|move|p2a: Celesteela|Fire Blast|p1a: Politoed
|-resisted|p1a: Politoed
|-damage|p1a: Politoed|93/100
|
|-weather|RainDance|[upkeep]
|upkeep
|turn|8
|
|t:|1604388873
|move|p2a: Celesteela|Air Slash|p1a: Politoed
|-damage|p1a: Politoed|62/100
|move|p1a: Politoed|Whirlpool|p2a: Celesteela|[miss]
|-miss|p1a: Politoed|p2a: Celesteela
|
|-weather|RainDance|[upkeep]
|upkeep
|turn|9
|
|t:|1604388880
|switch|p1a: Kabutops|Kabutops, M|100/100
|move|p2a: Celesteela|Air Slash|p1a: Kabutops
|-resisted|p1a: Kabutops
|-damage|p1a: Kabutops|61/100
|
|-weather|RainDance|[upkeep]
|upkeep
|turn|10
|
|t:|1604388893
|switch|p2a: Scizor|Scizor, F|86/100
|move|p1a: Kabutops|Liquidation|p2a: Scizor
|-damage|p2a: Scizor|0 fnt
|faint|p2a: Scizor
|
|-weather|RainDance|[upkeep]
|upkeep
|
|t:|1604388896
|switch|p2a: Gastrodon|Gastrodon, M|100/100
|turn|11
|j| nano and doctor
|
|t:|1604388906
|switch|p1a: Scizor|Scizor, F|80/100
|move|p2a: Gastrodon|Scald|p1a: Scizor
|-damage|p1a: Scizor|38/100
|
|-weather|RainDance|[upkeep]
|upkeep
|turn|12
|
|t:|1604388914
|switch|p2a: Chansey|Chansey, F|88/100
|move|p1a: Scizor|Roost|p1a: Scizor
|-heal|p1a: Scizor|88/100
|-singleturn|p1a: Scizor|move: Roost
|
|-weather|RainDance|[upkeep]
|upkeep
|turn|13
|
|t:|1604388919
|move|p1a: Scizor|U-turn|p2a: Chansey
|-damage|p2a: Chansey|69/100
|
|t:|1604388925
|switch|p1a: Kabutops|Kabutops, M|61/100|[from]move: U-turn
|move|p2a: Chansey|Wish|p2a: Chansey
|
|-weather|RainDance|[upkeep]
|upkeep
|turn|14
|
|t:|1604388932
|switch|p2a: Glastrier|Glastrier|100/100
|move|p1a: Kabutops|Stealth Rock|p2a: Glastrier
|-sidestart|p2: Lucckyy|move: Stealth Rock
|
|-weather|none
|upkeep
|turn|15
|
|t:|1604388937
|switch|p1a: Scizor|Scizor, F|88/100
|move|p2a: Glastrier|Iron Defense|p2a: Glastrier
|-boost|p2a: Glastrier|def|2
|
|upkeep
|turn|16
|
|t:|1604388946
|move|p1a: Scizor|U-turn|p2a: Glastrier
|-crit|p2a: Glastrier
|-damage|p2a: Glastrier|77/100
|
|t:|1604388949
|switch|p1a: Volcarona|Volcarona, F|100/100|[from]move: U-turn
|move|p2a: Glastrier|Body Press|p1a: Volcarona
|-resisted|p1a: Volcarona
|-damage|p1a: Volcarona|57/100
|-status|p2a: Glastrier|brn|[from] ability: Flame Body|[of] p1a: Volcarona
|
|-damage|p2a: Glastrier|71/100 brn|[from] brn
|upkeep
|turn|17
|
|t:|1604388956
|switch|p2a: Gastrodon|Gastrodon, M|100/100
|-damage|p2a: Gastrodon|94/100|[from] Stealth Rock
|move|p1a: Volcarona|Fiery Dance|p2a: Gastrodon
|-resisted|p2a: Gastrodon
|-damage|p2a: Gastrodon|80/100
|
|-heal|p2a: Gastrodon|86/100|[from] item: Leftovers
|upkeep
|turn|18
|
|t:|1604388962
|switch|p1a: Scizor|Scizor, F|88/100
|switch|p2a: Celesteela|Celesteela|100/100
|-damage|p2a: Celesteela|88/100|[from] Stealth Rock
|
|upkeep
|turn|19
|
|t:|1604388965
|switch|p1a: Politoed|Politoed, M, shiny|62/100
|-weather|RainDance|[from] ability: Drizzle|[of] p1a: Politoed
|move|p2a: Celesteela|Autotomize|p2a: Celesteela
|-boost|p2a: Celesteela|spe|2
|-start|p2a: Celesteela|Autotomize
|
|-weather|RainDance|[upkeep]
|upkeep
|turn|20
|
|t:|1604388973
|move|p2a: Celesteela|Autotomize|p2a: Celesteela
|-boost|p2a: Celesteela|spe|2
|-start|p2a: Celesteela|Autotomize
|move|p1a: Politoed|Perish Song|p1a: Politoed
|-start|p1a: Politoed|perish3|[silent]
|-start|p2a: Celesteela|perish3|[silent]
|-fieldactivate|move: Perish Song
|
|-weather|RainDance|[upkeep]
|-start|p2a: Celesteela|perish3
|-start|p1a: Politoed|perish3
|upkeep
|turn|21
|
|t:|1604388979
|move|p1a: Politoed|Protect|p1a: Politoed
|-singleturn|p1a: Politoed|Protect
|move|p2a: Celesteela|Giga Drain|p1a: Politoed
|-activate|p1a: Politoed|move: Protect
|
|-weather|RainDance|[upkeep]
|-start|p2a: Celesteela|perish2
|-start|p1a: Politoed|perish2
|upkeep
|turn|22
|
|t:|1604388985
|switch|p2a: Glastrier|Glastrier|71/100 brn
|-damage|p2a: Glastrier|46/100 brn|[from] Stealth Rock
|move|p1a: Politoed|Whirlpool|p2a: Glastrier
|-damage|p2a: Glastrier|34/100 brn
|-activate|p2a: Glastrier|move: Whirlpool|[of] p1a: Politoed
|
|-weather|RainDance|[upkeep]
|-damage|p2a: Glastrier|28/100 brn|[from] brn
|-damage|p2a: Glastrier|16/100 brn|[from] move: Whirlpool|[partiallytrapped]
|-start|p1a: Politoed|perish1
|upkeep
|turn|23
|
|t:|1604388989
|switch|p1a: Scizor|Scizor, F|88/100
|move|p2a: Glastrier|Rest|p2a: Glastrier
|-status|p2a: Glastrier|slp|[from] move: Rest
|-heal|p2a: Glastrier|100/100 slp|[silent]
|-enditem|p2a: Glastrier|Chesto Berry|[eat]
|-curestatus|p2a: Glastrier|slp|[msg]
|
|-weather|RainDance|[upkeep]
|-end|p2a: Glastrier|Whirlpool|[partiallytrapped]|[silent]
|upkeep
|turn|24
|
|t:|1604388996
|move|p1a: Scizor|Bullet Punch|p2a: Glastrier
|-supereffective|p2a: Glastrier
|-damage|p2a: Glastrier|76/100
|move|p2a: Glastrier|Icicle Spear|p1a: Scizor
|-resisted|p1a: Scizor
|-damage|p1a: Scizor|83/100
|-resisted|p1a: Scizor
|-crit|p1a: Scizor
|-damage|p1a: Scizor|76/100
|-hitcount|p1a: Scizor|2
|
|-weather|RainDance|[upkeep]
|upkeep
|turn|25
|
|t:|1604389000
|move|p1a: Scizor|U-turn|p2a: Glastrier
|-damage|p2a: Glastrier|61/100
|
|t:|1604389003
|switch|p1a: Volcarona|Volcarona, F|57/100|[from]move: U-turn
|move|p2a: Glastrier|Iron Defense|p2a: Glastrier
|-boost|p2a: Glastrier|def|2
|
|-weather|RainDance|[upkeep]
|upkeep
|turn|26
|
|t:|1604389008
|switch|p2a: Gastrodon|Gastrodon, M|86/100
|-damage|p2a: Gastrodon|80/100|[from] Stealth Rock
|move|p1a: Volcarona|Fiery Dance|p2a: Gastrodon
|-resisted|p2a: Gastrodon
|-damage|p2a: Gastrodon|72/100
|
|-weather|none
|-heal|p2a: Gastrodon|78/100|[from] item: Leftovers
|upkeep
|turn|27
|
|t:|1604389015
|switch|p1a: Tapu Bulu|Tapu Bulu, shiny|100/100
|-fieldstart|move: Grassy Terrain|[from] ability: Grassy Surge|[of] p1a: Tapu Bulu
|switch|p2a: Celesteela|Celesteela|88/100
|-damage|p2a: Celesteela|76/100|[from] Stealth Rock
|
|upkeep
|turn|28
|
|t:|1604389023
|switch|p1a: Politoed|Politoed, M, shiny|62/100
|-weather|RainDance|[from] ability: Drizzle|[of] p1a: Politoed
|move|p2a: Celesteela|Autotomize|p2a: Celesteela
|-boost|p2a: Celesteela|spe|2
|-start|p2a: Celesteela|Autotomize
|
|-weather|RainDance|[upkeep]
|-heal|p1a: Politoed|68/100|[from] Grassy Terrain
|upkeep
|turn|29
|
|t:|1604389035
|move|p2a: Celesteela|Giga Drain|p1a: Politoed
|-supereffective|p1a: Politoed
|-damage|p1a: Politoed|25/100
|-heal|p2a: Celesteela|100/100|[from] drain|[of] p1a: Politoed
|move|p1a: Politoed|Perish Song|p1a: Politoed
|-start|p1a: Politoed|perish3|[silent]
|-start|p2a: Celesteela|perish3|[silent]
|-fieldactivate|move: Perish Song
|
|-weather|RainDance|[upkeep]
|-heal|p1a: Politoed|31/100|[from] Grassy Terrain
|-start|p2a: Celesteela|perish3
|-start|p1a: Politoed|perish3
|upkeep
|turn|30
|
|t:|1604389041
|switch|p1a: Scizor|Scizor, F|76/100
|move|p2a: Celesteela|Giga Drain|p1a: Scizor
|-resisted|p1a: Scizor
|-crit|p1a: Scizor
|-damage|p1a: Scizor|64/100
|
|-weather|RainDance|[upkeep]
|-heal|p1a: Scizor|70/100|[from] Grassy Terrain
|-start|p2a: Celesteela|perish2
|upkeep
|turn|31
|
|t:|1604389051
|switch|p1a: Tapu Bulu|Tapu Bulu, shiny|100/100
|move|p2a: Celesteela|Fire Blast|p1a: Tapu Bulu|[miss]
|-miss|p2a: Celesteela|p1a: Tapu Bulu
|
|-weather|RainDance|[upkeep]
|-fieldend|move: Grassy Terrain
|-start|p2a: Celesteela|perish1
|upkeep
|turn|32
|
|t:|1604389060
|switch|p2a: Glastrier|Glastrier|61/100
|-damage|p2a: Glastrier|36/100|[from] Stealth Rock
|move|p1a: Tapu Bulu|Wood Hammer|p2a: Glastrier
|-damage|p2a: Glastrier|0 fnt
|-damage|p1a: Tapu Bulu|85/100|[from] Recoil
|faint|p2a: Glastrier
|
|-weather|RainDance|[upkeep]
|-heal|p1a: Tapu Bulu|91/100|[from] item: Leftovers
|upkeep
|
|t:|1604389063
|switch|p2a: Celesteela|Celesteela|100/100
|-damage|p2a: Celesteela|88/100|[from] Stealth Rock
|turn|33
|
|t:|1604389070
|switch|p1a: Kabutops|Kabutops, M|61/100
|move|p2a: Celesteela|Giga Drain|p1a: Kabutops
|-supereffective|p1a: Kabutops
|-damage|p1a: Kabutops|0 fnt
|-heal|p2a: Celesteela|100/100|[from] drain|[of] p1a: Kabutops
|faint|p1a: Kabutops
|-ability|p2a: Celesteela|Beast Boost|boost
|-boost|p2a: Celesteela|spa|1
|
|-weather|RainDance|[upkeep]
|upkeep
|
|t:|1604389079
|switch|p1a: Tapu Bulu|Tapu Bulu, shiny|91/100
|-fieldstart|move: Grassy Terrain|[from] ability: Grassy Surge|[of] p1a: Tapu Bulu
|turn|34
|
|t:|1604389082
|move|p1a: Tapu Bulu|Close Combat|p2a: Celesteela
|-damage|p2a: Celesteela|55/100
|-unboost|p1a: Tapu Bulu|def|1
|-unboost|p1a: Tapu Bulu|spd|1
|move|p2a: Celesteela|Autotomize|p2a: Celesteela
|-boost|p2a: Celesteela|spe|2
|-start|p2a: Celesteela|Autotomize
|
|-weather|RainDance|[upkeep]
|-heal|p1a: Tapu Bulu|98/100|[from] item: Leftovers
|-heal|p1a: Tapu Bulu|100/100|[from] Grassy Terrain
|upkeep
|turn|35
|
|t:|1604389087
|move|p2a: Celesteela|Air Slash|p1a: Tapu Bulu
|-supereffective|p1a: Tapu Bulu
|-damage|p1a: Tapu Bulu|0 fnt
|faint|p1a: Tapu Bulu
|-ability|p2a: Celesteela|Beast Boost|boost
|-boost|p2a: Celesteela|spa|1
|
|-weather|none
|upkeep
|
|t:|1604389090
|switch|p1a: Volcarona|Volcarona, F|57/100
|turn|36
|
|t:|1604389093
|move|p2a: Celesteela|Air Slash|p1a: Volcarona
|-supereffective|p1a: Volcarona
|-crit|p1a: Volcarona
|-damage|p1a: Volcarona|0 fnt
|faint|p1a: Volcarona
|-ability|p2a: Celesteela|Beast Boost|boost
|-boost|p2a: Celesteela|spa|1
|
|upkeep
|c|☆retired aggron|gg
|-message|retired aggron forfeited.
|
|win|Lucckyy
|l|☆retired aggron
|c|☆Lucckyy|Gg
|raw|retired aggron's rating: 1592 &rarr; <strong>1572</strong><br />(-20 for losing)
|raw|Lucckyy's rating: 1591 &rarr; <strong>1611</strong><br />(+20 for winning)
|l|☆Lucckyy
|l| Frostigar479
