|html|<div class="broadcast-blue"><strong>[Gen 8] UU is currently suspecting Kommo-o! For information on how to participate check out the <a href="https://www.smogon.com/forums/threads/np-ss-uu-stage-10-2-sickommo-ode.3693129/">suspect thread</a>.</strong></div>
|j|☆Alphiq
|j|☆Xoyjaz
|t:|1636631544
|gametype|singles
|player|p1|Alphiq|gambler|1095
|player|p2|Xoyjaz|101|1164
|teamsize|p1|6
|teamsize|p2|6
|gen|8
|tier|[Gen 8] UU
|rated|
|rule|Sleep Clause Mod: Limit one foe put to sleep
|rule|Species Clause: Limit one of each Pokémon
|rule|OHKO Clause: OHKO moves are banned
|rule|Evasion Moves Clause: Evasion moves are banned
|rule|Endless Battle Clause: Forcing endless battles is banned
|rule|HP Percentage Mod: HP is shown in percentages
|rule|Dynamax Clause: You cannot dynamax
|clearpoke
|poke|p1|Umbreon, F|
|poke|p1|Rotom-Heat|
|poke|p1|Tangrowth, M|
|poke|p1|Azumarill, F|
|poke|p1|Conkeldurr, M|
|poke|p1|Hydreigon, F|
|poke|p2|Amoonguss, M|
|poke|p2|Chandelure, F|
|poke|p2|Hydreigon, M|
|poke|p2|Cobalion|
|poke|p2|Krookodile, M|
|poke|p2|Quagsire, M|
|teampreview
|inactive|Battle timer is ON: inactive players will automatically lose when time's up. (requested by Xoyjaz)
|
|t:|1636631572
|start
|switch|p1a: Macro|Rotom-Heat|100/100
|switch|p2a: Donkey|Cobalion|100/100
|turn|1
|
|t:|1636631578
|switch|p2a: Quagsire|Quagsire, M|100/100
|move|p1a: Macro|Will-O-Wisp|p2a: Quagsire
|-status|p2a: Quagsire|brn
|
|-damage|p2a: Quagsire|94/100 brn|[from] brn
|upkeep
|turn|2
|
|t:|1636631587
|switch|p1a: Big Boi|Tangrowth, M, shiny|100/100
|move|p2a: Quagsire|Toxic|p1a: Big Boi
|-status|p1a: Big Boi|tox
|
|-damage|p1a: Big Boi|94/100 tox|[from] psn
|-damage|p2a: Quagsire|88/100 brn|[from] brn
|upkeep
|turn|3
|
|t:|1636631596
|switch|p2a: Amoonguss|Amoonguss, M|100/100
|move|p1a: Big Boi|Earthquake|p2a: Amoonguss
|-damage|p2a: Amoonguss|78/100
|
|-heal|p2a: Amoonguss|85/100|[from] item: Black Sludge
|-damage|p1a: Big Boi|82/100 tox|[from] psn
|upkeep
|turn|4
|
|t:|1636631616
|switch|p1a: Macro|Rotom-Heat|100/100
|move|p2a: Amoonguss|Sludge Bomb|p1a: Macro
|-damage|p1a: Macro|61/100
|
|-heal|p2a: Amoonguss|91/100|[from] item: Black Sludge
|upkeep
|turn|5
|
|t:|1636631624
|switch|p2a: Quagsire|Quagsire, M|88/100 brn
|move|p1a: Macro|Overheat|p2a: Quagsire
|-resisted|p2a: Quagsire
|-damage|p2a: Quagsire|52/100 brn
|-unboost|p1a: Macro|spa|2
|
|-damage|p2a: Quagsire|46/100 brn|[from] brn
|upkeep
|turn|6
|
|t:|1636631633
|switch|p1a: Luna|Umbreon, F, shiny|100/100
|move|p2a: Quagsire|Recover|p2a: Quagsire
|-heal|p2a: Quagsire|96/100 brn
|
|-damage|p2a: Quagsire|90/100 brn|[from] brn
|upkeep
|turn|7
|
|t:|1636631643
|switch|p2a: Donkey|Cobalion|100/100
|move|p1a: Luna|Wish|p1a: Luna
|
|upkeep
|turn|8
|
|t:|1636631653
|switch|p1a: Big Boi|Tangrowth, M, shiny|100/100 tox
|move|p2a: Donkey|Stealth Rock|p1a: Big Boi
|-sidestart|p1: Alphiq|move: Stealth Rock
|
|-damage|p1a: Big Boi|94/100 tox|[from] psn
|upkeep
|turn|9
|
|t:|1636631659
|move|p2a: Donkey|Taunt|p1a: Big Boi
|-start|p1a: Big Boi|move: Taunt
|move|p1a: Big Boi|Earthquake|p2a: Donkey
|-supereffective|p2a: Donkey
|-enditem|p2a: Donkey|Shuca Berry|[eat]
|-enditem|p2a: Donkey|Shuca Berry|[weaken]
|-damage|p2a: Donkey|75/100
|
|-damage|p1a: Big Boi|82/100 tox|[from] psn
|upkeep
|turn|10
|
|t:|1636631671
|switch|p2a: Bag-Alert!|Hydreigon, M|100/100
|move|p1a: Big Boi|Earthquake|p2a: Bag-Alert!
|-immune|p2a: Bag-Alert!|[from] ability: Levitate
|
|-damage|p1a: Big Boi|63/100 tox|[from] psn
|upkeep
|turn|11
|
|t:|1636631686
|switch|p2a: Donkey|Cobalion|75/100
|switch|p1a: Luna|Umbreon, F, shiny|100/100
|-damage|p1a: Luna|88/100|[from] Stealth Rock
|
|-heal|p1a: Luna|94/100|[from] item: Leftovers
|upkeep
|turn|12
|
|t:|1636631697
|move|p1a: Luna|Protect|p1a: Luna
|-singleturn|p1a: Luna|Protect
|move|p2a: Donkey|Close Combat|p1a: Luna
|-activate|p1a: Luna|move: Protect
|
|-heal|p1a: Luna|99/100|[from] item: Leftovers
|upkeep
|turn|13
|
|t:|1636631709
|switch|p1a: Big Boi|Tangrowth, M, shiny|97/100 tox
|-damage|p1a: Big Boi|84/100 tox|[from] Stealth Rock
|move|p2a: Donkey|Taunt|p1a: Big Boi
|-start|p1a: Big Boi|move: Taunt
|
|-damage|p1a: Big Boi|78/100 tox|[from] psn
|upkeep
|turn|14
|
|t:|1636631723
|switch|p2a: Bag-Alert!|Hydreigon, M|100/100
|move|p1a: Big Boi|Rock Slide|p2a: Bag-Alert!
|-damage|p2a: Bag-Alert!|74/100
|
|-damage|p1a: Big Boi|66/100 tox|[from] psn
|upkeep
|turn|15
|inactive|Alphiq has 120 seconds left.
|
|t:|1636631767
|move|p2a: Bag-Alert!|Dark Pulse|p1a: Big Boi
|-damage|p1a: Big Boi|0 fnt
|faint|p1a: Big Boi
|
|upkeep
|
|t:|1636631776
|switch|p1a: Macro|Rotom-Heat|61/100
|-damage|p1a: Macro|37/100|[from] Stealth Rock
|turn|16
|
|t:|1636631781
|move|p1a: Macro|Defog|p2a: Bag-Alert!
|-unboost|p2a: Bag-Alert!|evasion|1
|-sideend|p1: Alphiq|Stealth Rock|[from] move: Defog|[of] p1a: Macro
|move|p2a: Bag-Alert!|Dark Pulse|p1a: Macro
|-damage|p1a: Macro|0 fnt
|faint|p1a: Macro
|
|upkeep
|inactive|Alphiq has 120 seconds left.
|
|t:|1636631790
|switch|p1a: Kronk|Conkeldurr, M|100/100
|turn|17
|
|t:|1636631800
|move|p2a: Bag-Alert!|Dark Pulse|p1a: Kronk
|-resisted|p1a: Kronk
|-damage|p1a: Kronk|62/100
|move|p1a: Kronk|Facade|p2a: Bag-Alert!
|-damage|p2a: Bag-Alert!|43/100
|
|-status|p1a: Kronk|brn|[from] item: Flame Orb
|upkeep
|turn|18
|
|t:|1636631807
|switch|p2a: Chandelure|Chandelure, F|100/100
|move|p1a: Kronk|Mach Punch|p2a: Chandelure
|-immune|p2a: Chandelure
|
|-damage|p1a: Kronk|56/100 brn|[from] brn
|upkeep
|turn|19
|
|t:|1636631815
|move|p1a: Kronk|Detect|p1a: Kronk
|-singleturn|p1a: Kronk|Protect
|move|p2a: Chandelure|Shadow Ball|p1a: Kronk
|-activate|p1a: Kronk|move: Protect
|
|-damage|p1a: Kronk|50/100 brn|[from] brn
|upkeep
|turn|20
|
|t:|1636631823
|switch|p1a: Luna|Umbreon, F, shiny|99/100
|move|p2a: Chandelure|Shadow Ball|p1a: Luna
|-resisted|p1a: Luna
|-damage|p1a: Luna|89/100
|
|-heal|p1a: Luna|95/100|[from] item: Leftovers
|upkeep
|turn|21
|
|t:|1636631831
|switch|p2a: Donkey|Cobalion|75/100
|move|p1a: Luna|Wish|p1a: Luna
|
|-heal|p1a: Luna|100/100|[from] item: Leftovers
|upkeep
|turn|22
|
|t:|1636631840
|switch|p1a: Kronk|Conkeldurr, M|50/100 brn
|move|p2a: Donkey|Close Combat|p1a: Kronk
|-damage|p1a: Kronk|10/100 brn
|-unboost|p2a: Donkey|def|1
|-unboost|p2a: Donkey|spd|1
|
|-heal|p1a: Kronk|58/100 brn|[from] move: Wish|[wisher] Luna
|-damage|p1a: Kronk|52/100 brn|[from] brn
|upkeep
|turn|23
|
|t:|1636631850
|move|p2a: Donkey|Stealth Rock|p1a: Kronk
|-sidestart|p1: Alphiq|move: Stealth Rock
|move|p1a: Kronk|Knock Off|p2a: Donkey
|-resisted|p2a: Donkey
|-damage|p2a: Donkey|51/100
|-ability|p2a: Donkey|Justified|boost
|-boost|p2a: Donkey|atk|1
|
|-damage|p1a: Kronk|46/100 brn|[from] brn
|upkeep
|turn|24
|
|t:|1636631857
|move|p1a: Kronk|Mach Punch|p2a: Donkey
|-supereffective|p2a: Donkey
|-damage|p2a: Donkey|0 fnt
|faint|p2a: Donkey
|
|-damage|p1a: Kronk|40/100 brn|[from] brn
|upkeep
|
|t:|1636631864
|switch|p2a: Chandelure|Chandelure, F|100/100
|turn|25
|
|t:|1636631874
|switch|p1a: Hydreigon|Hydreigon, F, shiny|100/100
|-damage|p1a: Hydreigon|88/100|[from] Stealth Rock
|move|p2a: Chandelure|Trick|p1a: Hydreigon
|-activate|p2a: Chandelure|move: Trick|[of] p1a: Hydreigon
|-item|p1a: Hydreigon|Choice Scarf|[from] move: Trick
|-item|p2a: Chandelure|Choice Scarf|[from] move: Trick
|
|upkeep
|turn|26
|
|t:|1636631884
|switch|p2a: Bag-Alert!|Hydreigon, M|43/100
|move|p1a: Hydreigon|Dark Pulse|p2a: Bag-Alert!
|-resisted|p2a: Bag-Alert!
|-damage|p2a: Bag-Alert!|17/100
|
|upkeep
|turn|27
|
|t:|1636631892
|move|p1a: Hydreigon|Dark Pulse|p2a: Bag-Alert!
|-resisted|p2a: Bag-Alert!
|-damage|p2a: Bag-Alert!|0 fnt
|faint|p2a: Bag-Alert!
|
|upkeep
|
|t:|1636631900
|switch|p2a: Quagsire|Quagsire, M|90/100 brn
|turn|28
|
|t:|1636631909
|switch|p1a: Luna|Umbreon, F, shiny|100/100
|-damage|p1a: Luna|88/100|[from] Stealth Rock
|move|p2a: Quagsire|Ice Beam|p1a: Luna
|-damage|p1a: Luna|82/100
|-status|p1a: Luna|frz
|
|-heal|p1a: Luna|88/100 frz|[from] item: Leftovers
|-damage|p2a: Quagsire|83/100 brn|[from] brn
|upkeep
|turn|29
|c|☆Alphiq|that freeze hax tho
|c|☆Xoyjaz|troue
|
|t:|1636631932
|switch|p2a: Krookodile|Krookodile, M|100/100
|-ability|p2a: Krookodile|Intimidate|boost
|-unboost|p1a: Luna|atk|1
|-curestatus|p1a: Luna|frz|[msg]
|move|p1a: Luna|Wish|p1a: Luna
|
|-heal|p1a: Luna|94/100|[from] item: Leftovers
|upkeep
|turn|30
|
|t:|1636631944
|switch|p1a: Kronk|Conkeldurr, M|40/100 brn
|-damage|p1a: Kronk|34/100 brn|[from] Stealth Rock
|move|p2a: Krookodile|Earthquake|p1a: Kronk
|-damage|p1a: Kronk|0 fnt
|faint|p1a: Kronk
|-damage|p2a: Krookodile|91/100|[from] item: Life Orb
|
|upkeep
|
|t:|1636631956
|switch|p1a: Mikho|Azumarill, F, shiny|100/100
|-damage|p1a: Mikho|88/100|[from] Stealth Rock
|turn|31
|
|t:|1636631964
|move|p2a: Krookodile|Taunt|p1a: Mikho
|-start|p1a: Mikho|move: Taunt
|move|p1a: Mikho|Play Rough|p2a: Krookodile
|-supereffective|p2a: Krookodile
|-damage|p2a: Krookodile|0 fnt
|faint|p2a: Krookodile
|
|upkeep
|
|t:|1636631972
|switch|p2a: Amoonguss|Amoonguss, M|100/100
|turn|32
|
|t:|1636631982
|switch|p1a: Hydreigon|Hydreigon, F, shiny|88/100
|-damage|p1a: Hydreigon|76/100|[from] Stealth Rock
|move|p2a: Amoonguss|Spore|p1a: Hydreigon
|-status|p1a: Hydreigon|slp|[from] move: Spore
|
|upkeep
|turn|33
|
|t:|1636632007
|switch|p1a: Luna|Umbreon, F, shiny|94/100
|-damage|p1a: Luna|81/100|[from] Stealth Rock
|move|p2a: Amoonguss|Sludge Bomb|p1a: Luna
|-damage|p1a: Luna|68/100
|
|-heal|p1a: Luna|74/100|[from] item: Leftovers
|upkeep
|turn|34
|
|t:|1636632034
|move|p1a: Luna|Wish|p1a: Luna
|move|p2a: Amoonguss|Sludge Bomb|p1a: Luna
|-damage|p1a: Luna|59/100
|
|-heal|p1a: Luna|65/100|[from] item: Leftovers
|upkeep
|turn|35
|
|t:|1636632040
|move|p1a: Luna|Foul Play|p2a: Amoonguss
|-damage|p2a: Amoonguss|85/100
|move|p2a: Amoonguss|Sludge Bomb|p1a: Luna
|-damage|p1a: Luna|51/100
|
|-heal|p1a: Luna|100/100|[from] move: Wish|[wisher] Luna
|-heal|p2a: Amoonguss|91/100|[from] item: Black Sludge
|upkeep
|turn|36
|inactive|Xoyjaz has 120 seconds left.
|
|t:|1636632071
|move|p1a: Luna|Wish|p1a: Luna
|move|p2a: Amoonguss|Sludge Bomb|p1a: Luna
|-damage|p1a: Luna|85/100
|-status|p1a: Luna|psn
|-activate|p1a: Luna|ability: Synchronize
|-immune|p2a: Amoonguss
|
|-heal|p1a: Luna|91/100 psn|[from] item: Leftovers
|-heal|p2a: Amoonguss|97/100|[from] item: Black Sludge
|-damage|p1a: Luna|79/100 psn|[from] psn
|upkeep
|turn|37
|
|t:|1636632083
|switch|p1a: Hydreigon|Hydreigon, F, shiny|76/100 slp
|-damage|p1a: Hydreigon|64/100 slp|[from] Stealth Rock
|move|p2a: Amoonguss|Sludge Bomb|p1a: Hydreigon
|-damage|p1a: Hydreigon|30/100 slp
|
|-heal|p1a: Hydreigon|91/100 slp|[from] move: Wish|[wisher] Luna
|-heal|p2a: Amoonguss|100/100|[from] item: Black Sludge
|upkeep
|turn|38
|inactive|Xoyjaz has 120 seconds left.
|
|t:|1636632110
|cant|p1a: Hydreigon|slp
|move|p2a: Amoonguss|Sludge Bomb|p1a: Hydreigon
|-damage|p1a: Hydreigon|61/100 slp
|
|upkeep
|turn|39
|
|t:|1636632114
|cant|p1a: Hydreigon|slp
|move|p2a: Amoonguss|Sludge Bomb|p1a: Hydreigon
|-crit|p1a: Hydreigon
|-damage|p1a: Hydreigon|12/100 slp
|
|upkeep
|turn|40
|
|t:|1636632120
|cant|p1a: Hydreigon|slp
|move|p2a: Amoonguss|Sludge Bomb|p1a: Hydreigon
|-damage|p1a: Hydreigon|0 fnt
|faint|p1a: Hydreigon
|
|upkeep
|c|☆Alphiq|gg
|
|t:|1636632135
|switch|p1a: Mikho|Azumarill, F, shiny|88/100
|-damage|p1a: Mikho|76/100|[from] Stealth Rock
|turn|41
|c|☆Xoyjaz|gg
|
|t:|1636632145
|switch|p2a: Quagsire|Quagsire, M|83/100 brn
|move|p1a: Mikho|Play Rough|p2a: Quagsire
|-damage|p2a: Quagsire|47/100 brn
|
|-damage|p2a: Quagsire|41/100 brn|[from] brn
|upkeep
|turn|42
|
|t:|1636632155
|move|p1a: Mikho|Belly Drum|p1a: Mikho
|-damage|p1a: Mikho|26/100
|-setboost|p1a: Mikho|atk|6|[from] move: Belly Drum
|-enditem|p1a: Mikho|Sitrus Berry|[eat]
|-heal|p1a: Mikho|51/100|[from] item: Sitrus Berry
|move|p2a: Quagsire|Recover|p2a: Quagsire
|-heal|p2a: Quagsire|91/100 brn
|
|-damage|p2a: Quagsire|85/100 brn|[from] brn
|upkeep
|turn|43
|
|t:|1636632164
|move|p1a: Mikho|Aqua Jet|p2a: Quagsire
|-damage|p2a: Quagsire|66/100 brn
|move|p2a: Quagsire|Toxic|p1a: Mikho
|-status|p1a: Mikho|tox
|
|-damage|p1a: Mikho|45/100 tox|[from] psn
|-damage|p2a: Quagsire|60/100 brn|[from] brn
|upkeep
|turn|44
|
|t:|1636632171
|move|p1a: Mikho|Play Rough|p2a: Quagsire
|-damage|p2a: Quagsire|23/100 brn
|move|p2a: Quagsire|Recover|p2a: Quagsire
|-heal|p2a: Quagsire|73/100 brn
|
|-damage|p1a: Mikho|32/100 tox|[from] psn
|-damage|p2a: Quagsire|66/100 brn|[from] brn
|upkeep
|turn|45
|
|t:|1636632180
|move|p1a: Mikho|Play Rough|p2a: Quagsire
|-damage|p2a: Quagsire|27/100 brn
|move|p2a: Quagsire|Recover|p2a: Quagsire
|-heal|p2a: Quagsire|77/100 brn
|
|-damage|p1a: Mikho|14/100 tox|[from] psn
|-damage|p2a: Quagsire|71/100 brn|[from] brn
|upkeep
|turn|46
|
|t:|1636632189
|move|p1a: Mikho|Play Rough|p2a: Quagsire
|-damage|p2a: Quagsire|34/100 brn
|move|p2a: Quagsire|Recover|p2a: Quagsire
|-heal|p2a: Quagsire|84/100 brn
|
|-damage|p1a: Mikho|0 fnt|[from] psn
|faint|p1a: Mikho
|-damage|p2a: Quagsire|78/100 brn|[from] brn
|upkeep
|
|t:|1636632198
|switch|p1a: Luna|Umbreon, F, shiny|79/100 psn
|-damage|p1a: Luna|66/100 psn|[from] Stealth Rock
|turn|47
|
|t:|1636632210
|move|p1a: Luna|Foul Play|p2a: Quagsire
|-damage|p2a: Quagsire|60/100 brn
|move|p2a: Quagsire|Scald|p1a: Luna
|-damage|p1a: Luna|56/100 psn
|
|-heal|p1a: Luna|62/100 psn|[from] item: Leftovers
|-damage|p1a: Luna|50/100 psn|[from] psn
|-damage|p2a: Quagsire|54/100 brn|[from] brn
|upkeep
|turn|48
|
|t:|1636632219
|switch|p2a: Chandelure|Chandelure, F|100/100
|move|p1a: Luna|Foul Play|p2a: Chandelure
|-supereffective|p2a: Chandelure
|-damage|p2a: Chandelure|61/100
|
|-heal|p1a: Luna|56/100 psn|[from] item: Leftovers
|-damage|p1a: Luna|44/100 psn|[from] psn
|upkeep
|turn|49
|c|☆Alphiq|end it already man
|
|t:|1636632234
|move|p2a: Chandelure|Trick|p1a: Luna
|-activate|p2a: Chandelure|move: Trick|[of] p1a: Luna
|-item|p1a: Luna|Choice Scarf|[from] move: Trick
|-item|p2a: Chandelure|Leftovers|[from] move: Trick
|move|p1a: Luna|Foul Play|p2a: Chandelure
|-supereffective|p2a: Chandelure
|-damage|p2a: Chandelure|19/100
|
|-heal|p2a: Chandelure|25/100|[from] item: Leftovers
|-damage|p1a: Luna|31/100 psn|[from] psn
|upkeep
|turn|50
|
|t:|1636632260
|switch|p2a: Amoonguss|Amoonguss, M|100/100
|move|p1a: Luna|Foul Play|p2a: Amoonguss
|-damage|p2a: Amoonguss|84/100
|
|-heal|p2a: Amoonguss|90/100|[from] item: Black Sludge
|-damage|p1a: Luna|19/100 psn|[from] psn
|upkeep
|turn|51
|
|t:|1636632268
|move|p1a: Luna|Foul Play|p2a: Amoonguss
|-crit|p2a: Amoonguss
|-damage|p2a: Amoonguss|67/100
|move|p2a: Amoonguss|Spore||[still]
|-fail|p2a: Amoonguss
|
|-heal|p2a: Amoonguss|74/100|[from] item: Black Sludge
|-damage|p1a: Luna|6/100 psn|[from] psn
|upkeep
|turn|52
|
|t:|1636632275
|move|p1a: Luna|Foul Play|p2a: Amoonguss
|-damage|p2a: Amoonguss|58/100
|move|p2a: Amoonguss|Spore||[still]
|-fail|p2a: Amoonguss
|
|-heal|p2a: Amoonguss|65/100|[from] item: Black Sludge
|-damage|p1a: Luna|0 fnt|[from] psn
|faint|p1a: Luna
|
|win|Xoyjaz
|upkeep
|raw|Alphiq's rating: 1095 &rarr; <strong>1076</strong><br />(-19 for losing)
|raw|Xoyjaz's rating: 1164 &rarr; <strong>1184</strong><br />(+20 for winning)
|l|☆Xoyjaz
