|j|☆Hiba Tawaji
|j|☆Low Ladder Terror
|t:|1605139931
|player|p1|Hiba Tawaji|lass-gen7|1627
|player|p2|Low Ladder Terror|iris-gen5bw2|1658
|teamsize|p1|6
|teamsize|p2|6
|gametype|singles
|gen|8
|tier|[Gen 8] UU
|rated|
|clearpoke
|poke|p1|Ninetales-Alola, M|
|poke|p1|Moltres-Galar|
|poke|p1|Kommo-o, F|
|poke|p1|Azumarill, F|
|poke|p1|Celesteela|
|poke|p1|Marowak-Alola, F|
|poke|p2|Scyther, F|
|poke|p2|Scolipede, F|
|poke|p2|Kommo-o, F|
|poke|p2|Magnezone|
|poke|p2|Zarude|
|poke|p2|Hatterene, F|
|rule|Sleep Clause Mod: Limit one foe put to sleep
|rule|Species Clause: Limit one of each Pokémon
|rule|OHKO Clause: OHKO moves are banned
|rule|Evasion Moves Clause: Evasion moves are banned
|rule|Endless Battle Clause: Forcing endless battles is banned
|rule|HP Percentage Mod: HP is shown in percentages
|rule|Dynamax Clause: You cannot dynamax
|teampreview
|inactive|Battle timer is ON: inactive players will automatically lose when time's up. (requested by Low Ladder Terror)
|c|☆Hiba Tawaji|Oh
|j| AnimaticLunatic
|j| jeza.p
|l| AnimaticLunatic
|inactive|Hiba Tawaji has 120 seconds left.
|c| jeza.p|low ladder terror
|j| Lowtierviper
|inactive|Low Ladder Terror has 120 seconds left.
|c| jeza.p|my bro how are you ?
|c|☆Low Ladder Terror|im doing good
|
|t:|1605139987
|start
|switch|p1a: Marowak|Marowak-Alola, F|100/100
|switch|p2a: Magnezone|Magnezone|100/100
|turn|1
|
|t:|1605140002
|switch|p2a: Kommo-o|Kommo-o, F, shiny|100/100
|move|p1a: Marowak|Fire Punch|p2a: Kommo-o
|-resisted|p2a: Kommo-o
|-damage|p2a: Kommo-o|71/100
|
|upkeep
|turn|2
|
|t:|1605140015
|move|p2a: Kommo-o|Stealth Rock|p1a: Marowak
|-sidestart|p1: Hiba Tawaji|move: Stealth Rock
|move|p1a: Marowak|Poltergeist|p2a: Kommo-o
|-activate|p2a: Kommo-o|move: Poltergeist|Haban Berry
|-damage|p2a: Kommo-o|0 fnt
|faint|p2a: Kommo-o
|
|upkeep
|
|t:|1605140026
|switch|p2a: Zarude|Zarude|100/100
|turn|3
|
|t:|1605140047
|switch|p1a: Kommo-o|Kommo-o, F|100/100
|-damage|p1a: Kommo-o|94/100|[from] Stealth Rock
|move|p2a: Zarude|Darkest Lariat|p1a: Kommo-o
|-resisted|p1a: Kommo-o
|-damage|p1a: Kommo-o|74/100
|
|upkeep
|turn|4
|
|t:|1605140056
|switch|p2a: Hatterene|Hatterene, F|100/100
|move|p1a: Kommo-o|Clangorous Soul|p1a: Kommo-o
|-boost|p1a: Kommo-o|atk|1
|-boost|p1a: Kommo-o|def|1
|-boost|p1a: Kommo-o|spa|1
|-boost|p1a: Kommo-o|spd|1
|-boost|p1a: Kommo-o|spe|1
|-damage|p1a: Kommo-o|41/100
|
|upkeep
|turn|5
|
|t:|1605140062
|move|p1a: Kommo-o|Poison Jab|p2a: Hatterene
|-supereffective|p2a: Hatterene
|-damage|p2a: Hatterene|45/100
|move|p2a: Hatterene|Draining Kiss|p1a: Kommo-o
|-supereffective|p1a: Kommo-o
|-damage|p1a: Kommo-o|0 fnt
|-heal|p2a: Hatterene|73/100|[from] drain|[of] p1a: Kommo-o
|faint|p1a: Kommo-o
|
|-heal|p2a: Hatterene|79/100|[from] item: Leftovers
|upkeep
|
|t:|1605140082
|switch|p1a: Ninetales|Ninetales-Alola, M|100/100
|-damage|p1a: Ninetales|76/100|[from] Stealth Rock
|-weather|Hail|[from] ability: Snow Warning|[of] p1a: Ninetales
|turn|6
|j| Accountstolenagain
|inactive|Low Ladder Terror has 120 seconds left.
|
|t:|1605140114
|move|p1a: Ninetales|Aurora Veil|p1a: Ninetales
|-sidestart|p1: Hiba Tawaji|move: Aurora Veil
|move|p2a: Hatterene|Calm Mind|p2a: Hatterene
|-boost|p2a: Hatterene|spa|1
|-boost|p2a: Hatterene|spd|1
|
|-weather|Hail|[upkeep]
|-damage|p2a: Hatterene|73/100|[from] Hail
|-heal|p2a: Hatterene|79/100|[from] item: Leftovers
|upkeep
|turn|7
|
|t:|1605140136
|switch|p1a: Marowak|Marowak-Alola, F|100/100
|-damage|p1a: Marowak|76/100|[from] Stealth Rock
|move|p2a: Hatterene|Psyshock|p1a: Marowak
|-damage|p1a: Marowak|43/100
|
|-weather|Hail|[upkeep]
|-damage|p1a: Marowak|37/100|[from] Hail
|-damage|p2a: Hatterene|73/100|[from] Hail
|-heal|p2a: Hatterene|79/100|[from] item: Leftovers
|upkeep
|turn|8
|
|t:|1605140143
|move|p1a: Marowak|Poltergeist|p2a: Hatterene
|-activate|p2a: Hatterene|move: Poltergeist|Leftovers
|-supereffective|p2a: Hatterene
|-damage|p2a: Hatterene|0 fnt
|faint|p2a: Hatterene
|
|-weather|Hail|[upkeep]
|-damage|p1a: Marowak|30/100|[from] Hail
|upkeep
|c| Lowtierviper|oof
|inactive|Low Ladder Terror has 120 seconds left.
|
|t:|1605140183
|switch|p2a: Scolipede|Scolipede, F, shiny|100/100
|turn|9
|
|t:|1605140189
|move|p2a: Scolipede|Earthquake|p1a: Marowak
|-supereffective|p1a: Marowak
|-damage|p1a: Marowak|0 fnt
|faint|p1a: Marowak
|
|-weather|Hail|[upkeep]
|-damage|p2a: Scolipede|94/100|[from] Hail
|-ability|p2a: Scolipede|Speed Boost|boost
|-boost|p2a: Scolipede|spe|1
|upkeep
|
|t:|1605140192
|switch|p1a: Celesteela|Celesteela|100/100
|-damage|p1a: Celesteela|88/100|[from] Stealth Rock
|turn|10
|inactive|Low Ladder Terror has 120 seconds left.
|
|t:|1605140203
|switch|p2a: Magnezone|Magnezone|100/100
|move|p1a: Celesteela|Autotomize|p1a: Celesteela
|-boost|p1a: Celesteela|spe|2
|-start|p1a: Celesteela|Autotomize
|
|-weather|none
|upkeep
|turn|11
|inactive|Low Ladder Terror has 120 seconds left.
|
|t:|1605140208
|move|p1a: Celesteela|Flamethrower|p2a: Magnezone
|-supereffective|p2a: Magnezone
|-damage|p2a: Magnezone|25/100
|move|p2a: Magnezone|Thunderbolt|p1a: Celesteela
|-supereffective|p1a: Celesteela
|-damage|p1a: Celesteela|32/100
|
|upkeep
|turn|12
|
|t:|1605140215
|move|p1a: Celesteela|Flamethrower|p2a: Magnezone
|-supereffective|p2a: Magnezone
|-damage|p2a: Magnezone|0 fnt
|faint|p2a: Magnezone
|-ability|p1a: Celesteela|Beast Boost|boost
|-boost|p1a: Celesteela|spa|1
|
|upkeep
|
|t:|1605140225
|switch|p2a: Zarude|Zarude|100/100
|turn|13
|inactive|Low Ladder Terror has 120 seconds left.
|j| Keskekoi2
|
|t:|1605140256
|move|p2a: Zarude|U-turn|p1a: Celesteela
|-resisted|p1a: Celesteela
|-damage|p1a: Celesteela|29/100
|c| Accountstolenagain|4 mons weak to Fire doesn't concern you I guess. Mad lad.
|
|t:|1605140263
|switch|p2a: Scyther|Scyther, F, shiny|100/100|[from]move: U-turn
|move|p1a: Celesteela|Air Slash|p2a: Scyther
|-supereffective|p2a: Scyther
|-crit|p2a: Scyther
|-damage|p2a: Scyther|0 fnt
|faint|p2a: Scyther
|-ability|p1a: Celesteela|Beast Boost|boost
|-boost|p1a: Celesteela|spa|1
|
|-sideend|p1: Hiba Tawaji|move: Aurora Veil
|upkeep
|
|t:|1605140266
|switch|p2a: Zarude|Zarude|100/100
|turn|14
|j| Arenophile
|
|t:|1605140285
|move|p2a: Zarude|Darkest Lariat|p1a: Celesteela
|-damage|p1a: Celesteela|0 fnt
|faint|p1a: Celesteela
|
|upkeep
|c| Lowtierviper|he's 1600+
|c| Lowtierviper|he'll be ii
|inactive|Hiba Tawaji has 120 seconds left.
|
|t:|1605140306
|switch|p1a: Moltres|Moltres-Galar|100/100
|-damage|p1a: Moltres|76/100|[from] Stealth Rock
|turn|15
|c|☆Low Ladder Terror|just realized that
|inactive|Low Ladder Terror has 120 seconds left.
|
|t:|1605140322
|move|p2a: Zarude|Darkest Lariat|p1a: Moltres
|-resisted|p1a: Moltres
|-damage|p1a: Moltres|50/100
|-ability|p1a: Moltres|Berserk|boost
|-boost|p1a: Moltres|spa|1
|move|p1a: Moltres|Agility|p1a: Moltres
|-boost|p1a: Moltres|spe|2
|
|upkeep
|turn|16
|inactive|Low Ladder Terror has 120 seconds left.
|
|t:|1605140333
|move|p1a: Moltres|Air Slash|p2a: Zarude
|-supereffective|p2a: Zarude
|-damage|p2a: Zarude|0 fnt
|faint|p2a: Zarude
|
|upkeep
|
|t:|1605140336
|switch|p2a: Scolipede|Scolipede, F, shiny|94/100
|turn|17
|c| Accountstolenagain|I mean we all make mistakes from time to time, I'm not here ti diss the player
|c|☆Hiba Tawaji|gg
|c|☆Low Ladder Terror|yeah gg
|c|☆Low Ladder Terror|i aint have nothing for veil
|l| Arenophile
|
|t:|1605140348
|move|p1a: Moltres|Fiery Wrath|p2a: Scolipede
|-damage|p2a: Scolipede|0 fnt
|faint|p2a: Scolipede
|
|win|Hiba Tawaji
|c| Lowtierviper|gg
|l|☆Low Ladder Terror
|c| Accountstolenagain|Veils atrong
|c| jeza.p|gg
|c| Accountstolenagain|For HO
|l| Accountstolenagain
|c| Lowtierviper|you're strong
|c| jeza.p|see you soon guys
|l| jeza.p
|c| Lowtierviper|yup you already know lol
||Ladder (probably) updated, but score could not be retrieved (Request timeout).
