|j|☆Lkapkd
|j|☆Adrift and Alone
|player|p1|Lkapkd|102|
|player|p2|Adrift and Alone|ethan-gen2|
|teamsize|p1|6
|teamsize|p2|6
|gametype|singles
|gen|8
|tier|[Gen 8] UU
|rated|Tournament battle
|clearpoke
|poke|p1|Sigilyph, M|
|poke|p1|Araquanid, F|
|poke|p1|Durant, F|
|poke|p1|Rhyperior, M|
|poke|p1|Noivern, M|
|poke|p1|Haxorus, M|
|poke|p2|Pangoro, F|
|poke|p2|Rhyperior, F|
|poke|p2|Weezing-Galar, M|
|poke|p2|Reuniclus, M|
|poke|p2|Doublade, M|
|poke|p2|Noivern, M|
|rule|Sleep Clause Mod: Limit one foe put to sleep
|rule|Species Clause: Limit one of each Pokémon
|rule|OHKO Clause: OHKO moves are banned
|rule|Evasion Moves Clause: Evasion moves are banned
|rule|Endless Battle Clause: Forcing endless battles is banned
|rule|HP Percentage Mod: HP is shown in percentages
|rule|Dynamax Clause: You cannot dynamax
|teampreview
|j|*Lady Monita
|j|‽GiGA AlakazaM
|j| majekayo
|j| Trueblue5x
|j| payresse
|
|start
|switch|p1a: Murder on my Mind|Araquanid, F|100/100
|switch|p2a: Noivern|Noivern, M|100/100
|-item|p1a: Murder on my Mind|Splash Plate|[from] ability: Frisk|[of] p2a: Noivern|[identify]
|turn|1
|j| Hangryy
|j| tnelly11
|n| aloopuriza|majekayo
|inactive|Battle timer is ON: inactive players will automatically lose when time's up. (requested by Adrift and Alone)
|
|move|p2a: Noivern|Flamethrower|p1a: Murder on my Mind
|-damage|p1a: Murder on my Mind|90/100
|move|p1a: Murder on my Mind|Mirror Coat|p2a: Noivern
|-damage|p2a: Noivern|80/100
|
|upkeep
|turn|2
|
|move|p2a: Noivern|Flamethrower|p1a: Murder on my Mind
|-crit|p1a: Murder on my Mind
|-damage|p1a: Murder on my Mind|72/100
|move|p1a: Murder on my Mind|Sticky Web|p2a: Noivern
|-sidestart|p2: Adrift and Alone|move: Sticky Web
|
|upkeep
|turn|3
|j| Vitoran ♂
|
|move|p2a: Noivern|Hurricane|p1a: Murder on my Mind
|-supereffective|p1a: Murder on my Mind
|-damage|p1a: Murder on my Mind|0 fnt
|faint|p1a: Murder on my Mind
|
|upkeep
|j| miaugentehola
|j| PakiMan1992
|l| tnelly11
|
|switch|p1a: The Rock|Rhyperior, M|100/100
|turn|4
|
|move|p2a: Noivern|Flamethrower|p1a: The Rock
|-resisted|p1a: The Rock
|-damage|p1a: The Rock|81/100
|move|p1a: The Rock|Rock Polish|p1a: The Rock
|-boost|p1a: The Rock|spe|2
|
|upkeep
|turn|5
|
|switch|p2a: Weezing|Weezing-Galar, M|100/100
|move|p1a: The Rock|Stone Edge|p2a: Weezing
|-damage|p2a: Weezing|40/100
|
|-heal|p2a: Weezing|46/100|[from] item: Black Sludge
|upkeep
|turn|6
|
|move|p1a: The Rock|Stone Edge|p2a: Weezing
|-damage|p2a: Weezing|0 fnt
|faint|p2a: Weezing
|
|upkeep
|
|switch|p2a: Reuniclus|Reuniclus, M|100/100
|-activate|p2a: Reuniclus|move: Sticky Web
|-unboost|p2a: Reuniclus|spe|1
|turn|7
|j| marshallwu
|
|move|p1a: The Rock|Earthquake|p2a: Reuniclus
|-damage|p2a: Reuniclus|41/100
|move|p2a: Reuniclus|Future Sight|p1a: The Rock
|-start|p2a: Reuniclus|move: Future Sight
|
|upkeep
|turn|8
|
|switch|p2a: Pangoro|Pangoro, F|100/100
|-activate|p2a: Pangoro|move: Sticky Web
|-unboost|p2a: Pangoro|spe|1
|move|p1a: The Rock|Stone Edge|p2a: Pangoro
|-resisted|p2a: Pangoro
|-damage|p2a: Pangoro|62/100
|
|upkeep
|turn|9
|
|switch|p2a: Noivern|Noivern, M|80/100
|-item|p1a: The Rock|Weakness Policy|[from] ability: Frisk|[of] p2a: Noivern|[identify]
|move|p1a: The Rock|Earthquake|p2a: Noivern
|-immune|p2a: Noivern
|
|-end|p1a: The Rock|move: Future Sight
|-damage|p1a: The Rock|0 fnt
|upkeep
|faint|p1a: The Rock
|
|switch|p1a: item?|Noivern, M|100/100
|-item|p2a: Noivern|Heavy-Duty Boots|[from] ability: Frisk|[of] p1a: item?|[identify]
|turn|10
|
|switch|p2a: Rhyperior|Rhyperior, F|100/100
|-activate|p2a: Rhyperior|move: Sticky Web
|-unboost|p2a: Rhyperior|spe|1
|move|p1a: item?|Draco Meteor|p2a: Rhyperior
|-damage|p2a: Rhyperior|66/100
|-unboost|p1a: item?|spa|2
|
|-heal|p2a: Rhyperior|72/100|[from] item: Leftovers
|upkeep
|turn|11
|
|move|p1a: item?|Hurricane|p2a: Rhyperior
|-resisted|p2a: Rhyperior
|-damage|p2a: Rhyperior|65/100
|move|p2a: Rhyperior|Stealth Rock|p1a: item?
|-sidestart|p1: Lkapkd|move: Stealth Rock
|
|-heal|p2a: Rhyperior|71/100|[from] item: Leftovers
|upkeep
|turn|12
|
|move|p1a: item?|Draco Meteor|p2a: Rhyperior
|-crit|p2a: Rhyperior
|-damage|p2a: Rhyperior|18/100
|-unboost|p1a: item?|spa|2
|move|p2a: Rhyperior|Rock Blast|p1a: item?
|-supereffective|p1a: item?
|-damage|p1a: item?|76/100
|-supereffective|p1a: item?
|-crit|p1a: item?
|-damage|p1a: item?|37/100
|-hitcount|p1a: item?|2
|
|-heal|p2a: Rhyperior|24/100|[from] item: Leftovers
|upkeep
|turn|13
|
|move|p1a: item?|Roost|p1a: item?
|-heal|p1a: item?|87/100
|-singleturn|p1a: item?|move: Roost
|move|p2a: Rhyperior|Rock Blast|p1a: item?
|-damage|p1a: item?|74/100
|-damage|p1a: item?|61/100
|-damage|p1a: item?|49/100
|-damage|p1a: item?|36/100
|-hitcount|p1a: item?|4
|
|-heal|p2a: Rhyperior|31/100|[from] item: Leftovers
|upkeep
|turn|14
|j| BoopMaster2
|
|move|p1a: item?|Draco Meteor|p2a: Rhyperior
|-crit|p2a: Rhyperior
|-damage|p2a: Rhyperior|0 fnt
|-unboost|p1a: item?|spa|2
|faint|p2a: Rhyperior
|
|upkeep
|c|☆Adrift and Alone|lmao
|
|switch|p2a: Reuniclus|Reuniclus, M|74/100
|-activate|p2a: Reuniclus|move: Sticky Web
|-unboost|p2a: Reuniclus|spe|1
|turn|15
|l| BoopMaster2
|j| BoopMaster2
|
|move|p1a: item?|Hurricane|p2a: Reuniclus
|-damage|p2a: Reuniclus|68/100
|-start|p2a: Reuniclus|confusion
|-activate|p2a: Reuniclus|confusion
|-damage|p2a: Reuniclus|63/100|[from] confusion
|
|upkeep
|turn|16
|j| chendushow
|l| aloopuriza
|
|switch|p1a: Kevin|Durant, F|100/100
|-damage|p1a: Kevin|88/100|[from] Stealth Rock
|-end|p2a: Reuniclus|confusion
|move|p2a: Reuniclus|Psychic|p1a: Kevin
|-resisted|p1a: Kevin
|-damage|p1a: Kevin|32/100
|
|upkeep
|turn|17
|
|switch|p2a: Pangoro|Pangoro, F|62/100
|-activate|p2a: Pangoro|move: Sticky Web
|-unboost|p2a: Pangoro|spe|1
|move|p1a: Kevin|First Impression|p2a: Pangoro
|-damage|p2a: Pangoro|0 fnt
|-damage|p1a: Kevin|23/100|[from] item: Life Orb
|faint|p2a: Pangoro
|
|upkeep
|j| aloopuriza
|
|switch|p2a: Noivern|Noivern, M|80/100
|-item|p1a: Kevin|Life Orb|[from] ability: Frisk|[of] p2a: Noivern|[identify]
|turn|18
|
|move|p2a: Noivern|Flamethrower|p1a: Kevin
|-supereffective|p1a: Kevin
|-damage|p1a: Kevin|0 fnt
|faint|p1a: Kevin
|
|upkeep
|
|switch|p1a: Cosmic Power|Sigilyph, M|100/100
|turn|19
|
|move|p2a: Noivern|Hurricane|p1a: Cosmic Power
|-damage|p1a: Cosmic Power|34/100
|move|p1a: Cosmic Power|Psyshock|p2a: Noivern
|-damage|p2a: Noivern|16/100
|
|upkeep
|turn|20
|l| aloopuriza
|l| chendushow
|
|move|p2a: Noivern|Draco Meteor|p1a: Cosmic Power
|-damage|p1a: Cosmic Power|0 fnt
|-unboost|p2a: Noivern|spa|2
|faint|p1a: Cosmic Power
|
|upkeep
|
|switch|p1a: item?|Noivern, M|36/100
|-item|p2a: Noivern|Heavy-Duty Boots|[from] ability: Frisk|[of] p1a: item?|[identify]
|turn|21
|
|switch|p2a: Reuniclus|Reuniclus, M|96/100
|-activate|p2a: Reuniclus|move: Sticky Web
|-unboost|p2a: Reuniclus|spe|1
|move|p1a: item?|Hurricane|p2a: Reuniclus
|-damage|p2a: Reuniclus|73/100
|-start|p2a: Reuniclus|confusion
|
|upkeep
|turn|22
|j| aloopuriza
|
|move|p1a: item?|Roost|p1a: item?
|-heal|p1a: item?|86/100
|-singleturn|p1a: item?|move: Roost
|-activate|p2a: Reuniclus|confusion
|move|p2a: Reuniclus|Psychic|p1a: item?
|-damage|p1a: item?|35/100
|
|upkeep
|turn|23
|
|move|p1a: item?|Draco Meteor|p2a: Reuniclus
|-damage|p2a: Reuniclus|44/100
|-unboost|p1a: item?|spa|2
|-activate|p2a: Reuniclus|confusion
|move|p2a: Reuniclus|Future Sight|p1a: item?
|-start|p2a: Reuniclus|move: Future Sight
|
|upkeep
|turn|24
|
|move|p1a: item?|Roost|p1a: item?
|-heal|p1a: item?|85/100
|-singleturn|p1a: item?|move: Roost
|-end|p2a: Reuniclus|confusion
|move|p2a: Reuniclus|Psychic|p1a: item?
|-damage|p1a: item?|34/100
|-unboost|p1a: item?|spd|1
|
|upkeep
|turn|25
|
|move|p1a: item?|Hurricane|p2a: Reuniclus
|-damage|p2a: Reuniclus|31/100
|-start|p2a: Reuniclus|confusion
|-activate|p2a: Reuniclus|confusion
|-damage|p2a: Reuniclus|27/100|[from] confusion
|
|-end|p1a: item?|move: Future Sight
|-damage|p1a: item?|0 fnt
|upkeep
|faint|p1a: item?
|c|☆Adrift and Alone|gg
|
|switch|p1a: Haxorus|Haxorus, M|100/100
|-damage|p1a: Haxorus|88/100|[from] Stealth Rock
|-ability|p1a: Haxorus|Mold Breaker
|turn|26
|
|move|p1a: Haxorus|Outrage|p2a: Reuniclus
|-damage|p2a: Reuniclus|0 fnt
|faint|p2a: Reuniclus
|
|upkeep
|
|switch|p2a: Doublade|Doublade, M|100/100
|-activate|p2a: Doublade|move: Sticky Web
|-unboost|p2a: Doublade|spe|1
|turn|27
|j| kAbIlApOk
|
|move|p1a: Haxorus|Outrage|p2a: Doublade|[from]lockedmove
|-resisted|p2a: Doublade
|-damage|p2a: Doublade|76/100
|-start|p1a: Haxorus|confusion|[fatigue]
|move|p2a: Doublade|Iron Head|p1a: Haxorus
|-damage|p1a: Haxorus|40/100
|
|upkeep
|turn|28
|
|-activate|p1a: Haxorus|confusion
|move|p1a: Haxorus|Outrage|p2a: Doublade
|-resisted|p2a: Doublade
|-damage|p2a: Doublade|50/100
|move|p2a: Doublade|Iron Head|p1a: Haxorus
|-crit|p1a: Haxorus
|-damage|p1a: Haxorus|0 fnt
|faint|p1a: Haxorus
|
|win|Adrift and Alone
