|j|☆Bambb
|j|☆Meute
|t:|1662707163
|gametype|singles
|player|p1|Bambb|benga|1418
|player|p2|Meute|madame|1555
|teamsize|p1|6
|teamsize|p2|6
|gen|8
|tier|[Gen 8] UU
|rated|
|rule|Sleep Clause Mod: Limit one foe put to sleep
|rule|Species Clause: Limit one of each Pokémon
|rule|OHKO Clause: OHKO moves are banned
|rule|Evasion Items Clause: Evasion items are banned
|rule|Evasion Moves Clause: Evasion moves are banned
|rule|Endless Battle Clause: Forcing endless battles is banned
|rule|HP Percentage Mod: HP is shown in percentages
|rule|Dynamax Clause: You cannot dynamax
|clearpoke
|poke|p1|Conkeldurr, F|
|poke|p1|Reuniclus, M|
|poke|p1|Tangrowth, F|
|poke|p1|Rotom-Wash|
|poke|p1|Moltres|
|poke|p1|Mamoswine, F|
|poke|p2|Mamoswine, F|
|poke|p2|Amoonguss, M|
|poke|p2|Jirachi|
|poke|p2|Rotom-Wash|
|poke|p2|Zarude|
|poke|p2|Noivern, F|
|teampreview
|inactive|Battle timer is ON: inactive players will automatically lose when time's up. (requested by Bambb)
|
|t:|1662707186
|start
|switch|p1a: Moltres|Moltres|100/100
|switch|p2a: Rotom|Rotom-Wash|100/100
|turn|1
|
|t:|1662707198
|switch|p1a: Tangrowth|Tangrowth, F|100/100
|move|p2a: Rotom|Trick|p1a: Tangrowth
|-activate|p2a: Rotom|move: Trick|[of] p1a: Tangrowth
|-item|p1a: Tangrowth|Choice Scarf|[from] move: Trick
|-item|p2a: Rotom|Assault Vest|[from] move: Trick
|
|upkeep
|turn|2
|
|t:|1662707211
|move|p2a: Rotom|Volt Switch|p1a: Tangrowth
|-resisted|p1a: Tangrowth
|-damage|p1a: Tangrowth|82/100
|
|t:|1662707223
|switch|p2a: Amoonguss|Amoonguss, M|100/100|[from]move: Volt Switch
|move|p1a: Tangrowth|Knock Off|p2a: Amoonguss
|-crit|p2a: Amoonguss
|-damage|p2a: Amoonguss|75/100
|-enditem|p2a: Amoonguss|Eject Button|[from] move: Knock Off|[of] p1a: Tangrowth
|
|upkeep
|turn|3
|
|t:|1662707233
|switch|p1a: Moltres|Moltres|100/100
|move|p2a: Amoonguss|Spore|p1a: Moltres
|-status|p1a: Moltres|slp|[from] move: Spore
|
|upkeep
|turn|4
|
|t:|1662707249
|switch|p2a: Jirachi|Jirachi|100/100
|cant|p1a: Moltres|slp
|
|upkeep
|turn|5
|
|t:|1662707254
|move|p2a: Jirachi|Stealth Rock|p1a: Moltres
|-sidestart|p1: Bambb|move: Stealth Rock
|cant|p1a: Moltres|slp
|
|upkeep
|turn|6
|
|t:|1662707263
|switch|p2a: Rotom|Rotom-Wash|100/100
|cant|p1a: Moltres|slp
|
|upkeep
|turn|7
|
|t:|1662707269
|switch|p1a: Tangrowth|Tangrowth, F|100/100
|-damage|p1a: Tangrowth|88/100|[from] Stealth Rock
|move|p2a: Rotom|Hydro Pump|p1a: Tangrowth
|-resisted|p1a: Tangrowth
|-damage|p1a: Tangrowth|58/100
|
|upkeep
|turn|8
|
|t:|1662707279
|move|p2a: Rotom|Volt Switch|p1a: Tangrowth
|-resisted|p1a: Tangrowth
|-damage|p1a: Tangrowth|41/100
|
|t:|1662707281
|switch|p2a: Amoonguss|Amoonguss, M|100/100|[from]move: Volt Switch
|move|p1a: Tangrowth|Giga Drain|p2a: Amoonguss
|-resisted|p2a: Amoonguss
|-damage|p2a: Amoonguss|94/100
|-heal|p1a: Tangrowth|44/100|[from] drain|[of] p2a: Amoonguss
|
|upkeep
|turn|9
|
|t:|1662707290
|switch|p1a: Moltres|Moltres|100/100 slp
|switch|p2a: Rotom|Rotom-Wash|100/100
|
|upkeep
|turn|10
|
|t:|1662707302
|switch|p1a: Tangrowth|Tangrowth, F|77/100
|-damage|p1a: Tangrowth|65/100|[from] Stealth Rock
|move|p2a: Rotom|Volt Switch|p1a: Tangrowth
|-resisted|p1a: Tangrowth
|-damage|p1a: Tangrowth|46/100
|
|t:|1662707314
|switch|p2a: Zarude|Zarude|100/100|[from]move: Volt Switch
|
|upkeep
|turn|11
|
|t:|1662707320
|move|p2a: Zarude|Darkest Lariat|p1a: Tangrowth
|-damage|p1a: Tangrowth|10/100
|move|p1a: Tangrowth|Sludge Bomb|p2a: Zarude
|-supereffective|p2a: Zarude
|-damage|p2a: Zarude|53/100
|-status|p2a: Zarude|psn
|
|-damage|p2a: Zarude|41/100 psn|[from] psn
|upkeep
|turn|12
|
|t:|1662707342
|switch|p2a: Noivern|Noivern, F|100/100
|switch|p1a: Rotom|Rotom-Wash|100/100
|-damage|p1a: Rotom|88/100|[from] Stealth Rock
|
|-heal|p1a: Rotom|94/100|[from] item: Leftovers
|upkeep
|turn|13
|
|t:|1662707358
|move|p2a: Noivern|U-turn|p1a: Rotom
|-damage|p1a: Rotom|86/100
|
|t:|1662707361
|switch|p2a: Amoonguss|Amoonguss, M|100/100|[from]move: U-turn
|move|p1a: Rotom|Volt Switch|p2a: Amoonguss
|-resisted|p2a: Amoonguss
|-crit|p2a: Amoonguss
|-damage|p2a: Amoonguss|83/100
|
|t:|1662707370
|switch|p1a: Moltres|Moltres|100/100 slp|[from]move: Volt Switch
|
|upkeep
|turn|14
|
|t:|1662707379
|switch|p2a: Rotom|Rotom-Wash|100/100
|-curestatus|p1a: Moltres|slp|[msg]
|move|p1a: Moltres|Defog|p2a: Rotom
|-unboost|p2a: Rotom|evasion|1
|-sideend|p1: Bambb|Stealth Rock|[from] move: Defog|[of] p1a: Moltres
|
|upkeep
|turn|15
|
|t:|1662707390
|switch|p1a: Tangrowth|Tangrowth, F|43/100
|move|p2a: Rotom|Hydro Pump|p1a: Tangrowth|[miss]
|-miss|p2a: Rotom|p1a: Tangrowth
|
|upkeep
|turn|16
|
|t:|1662707408
|move|p2a: Rotom|Hydro Pump|p1a: Tangrowth|[miss]
|-miss|p2a: Rotom|p1a: Tangrowth
|move|p1a: Tangrowth|Giga Drain|p2a: Rotom
|-supereffective|p2a: Rotom
|-damage|p2a: Rotom|56/100
|-heal|p1a: Tangrowth|60/100|[from] drain|[of] p2a: Rotom
|
|upkeep
|turn|17
|
|t:|1662707417
|move|p2a: Rotom|Volt Switch|p1a: Tangrowth
|-resisted|p1a: Tangrowth
|-damage|p1a: Tangrowth|41/100
|
|t:|1662707419
|switch|p2a: Jirachi|Jirachi|100/100|[from]move: Volt Switch
|move|p1a: Tangrowth|Giga Drain|p2a: Jirachi
|-resisted|p2a: Jirachi
|-damage|p2a: Jirachi|88/100
|-heal|p1a: Tangrowth|47/100|[from] drain|[of] p2a: Jirachi
|
|-heal|p2a: Jirachi|94/100|[from] item: Leftovers
|upkeep
|turn|18
|
|t:|1662707430
|switch|p1a: Moltres|Moltres|100/100
|move|p2a: Jirachi|Stealth Rock|p1a: Moltres
|-sidestart|p1: Bambb|move: Stealth Rock
|
|-heal|p2a: Jirachi|99/100|[from] item: Leftovers
|upkeep
|turn|19
|
|t:|1662707437
|switch|p2a: Noivern|Noivern, F|100/100
|move|p1a: Moltres|Defog|p2a: Noivern
|-unboost|p2a: Noivern|evasion|1
|-sideend|p1: Bambb|Stealth Rock|[from] move: Defog|[of] p1a: Moltres
|
|upkeep
|turn|20
|
|t:|1662707443
|move|p2a: Noivern|Draco Meteor|p1a: Moltres|[miss]
|-miss|p2a: Noivern|p1a: Moltres
|move|p1a: Moltres|Mystical Fire|p2a: Noivern
|-resisted|p2a: Noivern
|-damage|p2a: Noivern|80/100
|-unboost|p2a: Noivern|spa|1
|
|upkeep
|turn|21
|
|t:|1662707454
|switch|p2a: Rotom|Rotom-Wash|56/100
|move|p1a: Moltres|Mystical Fire|p2a: Rotom
|-resisted|p2a: Rotom
|-damage|p2a: Rotom|46/100
|-unboost|p2a: Rotom|spa|1
|
|upkeep
|turn|22
|
|t:|1662707461
|switch|p1a: Tangrowth|Tangrowth, F|80/100
|move|p2a: Rotom|Hydro Pump|p1a: Tangrowth
|-resisted|p1a: Tangrowth
|-damage|p1a: Tangrowth|61/100
|
|upkeep
|turn|23
|
|t:|1662707471
|move|p2a: Rotom|Volt Switch|p1a: Tangrowth
|-resisted|p1a: Tangrowth
|-damage|p1a: Tangrowth|49/100
|
|t:|1662707474
|switch|p2a: Amoonguss|Amoonguss, M|100/100|[from]move: Volt Switch
|move|p1a: Tangrowth|Giga Drain|p2a: Amoonguss
|-resisted|p2a: Amoonguss
|-damage|p2a: Amoonguss|94/100
|-heal|p1a: Tangrowth|52/100|[from] drain|[of] p2a: Amoonguss
|
|upkeep
|turn|24
|
|t:|1662707493
|switch|p1a: Mamoswine|Mamoswine, F|100/100
|move|p2a: Amoonguss|Spore|p1a: Mamoswine
|-status|p1a: Mamoswine|slp|[from] move: Spore
|
|upkeep
|turn|25
|
|t:|1662707499
|switch|p1a: Moltres|Moltres|100/100
|switch|p2a: Zarude|Zarude|41/100 psn
|
|-damage|p2a: Zarude|29/100 psn|[from] psn
|upkeep
|turn|26
|
|t:|1662707508
|switch|p1a: Tangrowth|Tangrowth, F|86/100
|move|p2a: Zarude|Jungle Healing|p2a: Zarude
|-heal|p2a: Zarude|54/100 psn
|-curestatus|p2a: Zarude|psn|[msg]
|
|upkeep
|turn|27
|
|t:|1662707516
|switch|p2a: Amoonguss|Amoonguss, M|100/100
|move|p1a: Tangrowth|Sludge Bomb|p2a: Amoonguss
|-damage|p2a: Amoonguss|81/100
|
|upkeep
|turn|28
|
|t:|1662707525
|switch|p1a: Moltres|Moltres|100/100
|move|p2a: Amoonguss|Sludge Bomb|p1a: Moltres
|-damage|p1a: Moltres|80/100
|
|upkeep
|turn|29
|
|t:|1662707532
|switch|p2a: Noivern|Noivern, F|80/100
|move|p1a: Moltres|Mystical Fire|p2a: Noivern
|-resisted|p2a: Noivern
|-damage|p2a: Noivern|59/100
|-unboost|p2a: Noivern|spa|1
|
|upkeep
|turn|30
|
|t:|1662707544
|move|p2a: Noivern|Draco Meteor|p1a: Moltres
|-damage|p1a: Moltres|54/100
|-unboost|p2a: Noivern|spa|2
|move|p1a: Moltres|Roost|p1a: Moltres
|-heal|p1a: Moltres|100/100
|-singleturn|p1a: Moltres|move: Roost
|
|upkeep
|turn|31
|
|t:|1662707560
|switch|p2a: Rotom|Rotom-Wash|46/100
|move|p1a: Moltres|U-turn|p2a: Rotom
|-damage|p2a: Rotom|30/100
|
|t:|1662707570
|switch|p1a: Tangrowth|Tangrowth, F|100/100|[from]move: U-turn
|
|upkeep
|turn|32
|
|t:|1662707576
|move|p2a: Rotom|Volt Switch|p1a: Tangrowth
|-resisted|p1a: Tangrowth
|-damage|p1a: Tangrowth|84/100
|
|t:|1662707586
|switch|p2a: Amoonguss|Amoonguss, M|100/100|[from]move: Volt Switch
|move|p1a: Tangrowth|Knock Off|p2a: Amoonguss
|-damage|p2a: Amoonguss|90/100
|
|upkeep
|turn|33
|
|t:|1662707601
|switch|p1a: Moltres|Moltres|100/100
|switch|p2a: Rotom|Rotom-Wash|30/100
|
|upkeep
|turn|34
|
|t:|1662707611
|switch|p1a: Tangrowth|Tangrowth, F|100/100
|move|p2a: Rotom|Volt Switch|p1a: Tangrowth
|-resisted|p1a: Tangrowth
|-damage|p1a: Tangrowth|83/100
|
|t:|1662707621
|switch|p2a: Mamoswine|Mamoswine, F|100/100|[from]move: Volt Switch
|
|upkeep
|turn|35
|
|t:|1662707627
|move|p2a: Mamoswine|Icicle Crash|p1a: Tangrowth
|-supereffective|p1a: Tangrowth
|-damage|p1a: Tangrowth|27/100
|-damage|p2a: Mamoswine|91/100|[from] item: Life Orb
|move|p1a: Tangrowth|Giga Drain|p2a: Mamoswine
|-supereffective|p2a: Mamoswine
|-damage|p2a: Mamoswine|14/100
|-heal|p1a: Tangrowth|62/100|[from] drain|[of] p2a: Mamoswine
|
|upkeep
|turn|36
|
|t:|1662707636
|switch|p1a: Rotom|Rotom-Wash|86/100
|move|p2a: Mamoswine|Knock Off|p1a: Rotom
|-damage|p1a: Rotom|53/100
|-enditem|p1a: Rotom|Leftovers|[from] move: Knock Off|[of] p2a: Mamoswine
|-damage|p2a: Mamoswine|4/100|[from] item: Life Orb
|
|upkeep
|turn|37
|
|t:|1662707646
|switch|p2a: Zarude|Zarude|54/100
|move|p1a: Rotom|Will-O-Wisp|p2a: Zarude
|-status|p2a: Zarude|brn
|
|-damage|p2a: Zarude|48/100 brn|[from] brn
|upkeep
|turn|38
|
|t:|1662707654
|switch|p1a: Tangrowth|Tangrowth, F|95/100
|move|p2a: Zarude|Jungle Healing|p2a: Zarude
|-heal|p2a: Zarude|73/100 brn
|-curestatus|p2a: Zarude|brn|[msg]
|
|upkeep
|turn|39
|
|t:|1662707667
|switch|p2a: Amoonguss|Amoonguss, M|100/100
|move|p1a: Tangrowth|Knock Off|p2a: Amoonguss
|-damage|p2a: Amoonguss|90/100
|
|upkeep
|turn|40
|
|t:|1662707677
|switch|p1a: Moltres|Moltres|100/100
|move|p2a: Amoonguss|Sludge Bomb|p1a: Moltres
|-damage|p1a: Moltres|80/100
|
|upkeep
|turn|41
|
|t:|1662707683
|move|p1a: Moltres|Mystical Fire|p2a: Amoonguss
|-supereffective|p2a: Amoonguss
|-damage|p2a: Amoonguss|32/100
|-unboost|p2a: Amoonguss|spa|1
|move|p2a: Amoonguss|Sludge Bomb|p1a: Moltres
|-damage|p1a: Moltres|68/100
|
|upkeep
|turn|42
|
|t:|1662707694
|switch|p2a: Noivern|Noivern, F|59/100
|move|p1a: Moltres|U-turn|p2a: Noivern
|-resisted|p2a: Noivern
|-damage|p2a: Noivern|50/100
|
|t:|1662707704
|switch|p1a: Rotom|Rotom-Wash|53/100|[from]move: U-turn
|
|upkeep
|turn|43
|
|t:|1662707709
|switch|p1a: Moltres|Moltres|68/100
|move|p2a: Noivern|Roost|p2a: Noivern
|-heal|p2a: Noivern|99/100
|-singleturn|p2a: Noivern|move: Roost
|
|upkeep
|turn|44
|
|t:|1662707716
|move|p2a: Noivern|Draco Meteor|p1a: Moltres
|-damage|p1a: Moltres|27/100
|-unboost|p2a: Noivern|spa|2
|move|p1a: Moltres|Mystical Fire|p2a: Noivern
|-resisted|p2a: Noivern
|-damage|p2a: Noivern|81/100
|-unboost|p2a: Noivern|spa|1
|
|upkeep
|turn|45
|
|t:|1662707724
|move|p2a: Noivern|Draco Meteor|p1a: Moltres
|-damage|p1a: Moltres|11/100
|-unboost|p2a: Noivern|spa|2
|move|p1a: Moltres|Roost|p1a: Moltres
|-heal|p1a: Moltres|61/100
|-singleturn|p1a: Moltres|move: Roost
|
|upkeep
|turn|46
|
|t:|1662707732
|switch|p2a: Rotom|Rotom-Wash|30/100
|move|p1a: Moltres|Roost|p1a: Moltres
|-heal|p1a: Moltres|100/100
|-singleturn|p1a: Moltres|move: Roost
|
|upkeep
|turn|47
|
|t:|1662707739
|switch|p1a: Mamoswine|Mamoswine, F|100/100 slp
|move|p2a: Rotom|Volt Switch|p1a: Mamoswine
|-immune|p1a: Mamoswine
|
|upkeep
|turn|48
|
|t:|1662707750
|switch|p1a: Tangrowth|Tangrowth, F|100/100
|move|p2a: Rotom|Volt Switch|p1a: Tangrowth
|-resisted|p1a: Tangrowth
|-damage|p1a: Tangrowth|83/100
|
|t:|1662707774
|switch|p2a: Zarude|Zarude|73/100|[from]move: Volt Switch
|
|upkeep
|turn|49
|
|t:|1662707778
|move|p2a: Zarude|U-turn|p1a: Tangrowth
|-supereffective|p1a: Tangrowth
|-damage|p1a: Tangrowth|50/100
|
|t:|1662707780
|switch|p2a: Amoonguss|Amoonguss, M|65/100|[from]move: U-turn
|move|p1a: Tangrowth|Sludge Bomb|p2a: Amoonguss
|-damage|p2a: Amoonguss|45/100
|
|upkeep
|turn|50
|
|t:|1662707791
|switch|p1a: Moltres|Moltres|100/100
|move|p2a: Amoonguss|Sludge Bomb|p1a: Moltres
|-damage|p1a: Moltres|82/100
|-status|p1a: Moltres|psn
|
|-damage|p1a: Moltres|69/100 psn|[from] psn
|upkeep
|turn|51
|
|t:|1662707809
|switch|p2a: Noivern|Noivern, F|81/100
|move|p1a: Moltres|Mystical Fire|p2a: Noivern
|-resisted|p2a: Noivern
|-damage|p2a: Noivern|62/100
|-unboost|p2a: Noivern|spa|1
|
|-damage|p1a: Moltres|57/100 psn|[from] psn
|upkeep
|turn|52
|
|t:|1662707821
|switch|p2a: Rotom|Rotom-Wash|30/100
|switch|p1a: Conkeldurr|Conkeldurr, F|100/100
|
|-status|p1a: Conkeldurr|brn|[from] item: Flame Orb
|upkeep
|turn|53
|
|t:|1662707829
|move|p2a: Rotom|Hydro Pump|p1a: Conkeldurr|[miss]
|-miss|p2a: Rotom|p1a: Conkeldurr
|move|p1a: Conkeldurr|Drain Punch|p2a: Rotom
|-damage|p2a: Rotom|0 fnt
|faint|p2a: Rotom
|
|-damage|p1a: Conkeldurr|94/100 brn|[from] brn
|upkeep
|
|t:|1662707838
|switch|p2a: Jirachi|Jirachi|99/100
|turn|54
|
|t:|1662707840
|move|p2a: Jirachi|Iron Head|p1a: Conkeldurr
|-damage|p1a: Conkeldurr|69/100 brn
|cant|p1a: Conkeldurr|flinch
|
|-heal|p2a: Jirachi|100/100|[from] item: Leftovers
|-damage|p1a: Conkeldurr|63/100 brn|[from] brn
|upkeep
|turn|55
|
|t:|1662707847
|move|p2a: Jirachi|Iron Head|p1a: Conkeldurr
|-damage|p1a: Conkeldurr|38/100 brn
|cant|p1a: Conkeldurr|flinch
|
|-damage|p1a: Conkeldurr|32/100 brn|[from] brn
|upkeep
|turn|56
|
|t:|1662707856
|switch|p1a: Rotom|Rotom-Wash|53/100
|move|p2a: Jirachi|Iron Head|p1a: Rotom
|-resisted|p1a: Rotom
|-damage|p1a: Rotom|48/100
|
|upkeep
|turn|57
|
|t:|1662707868
|move|p2a: Jirachi|Stealth Rock|p1a: Rotom
|-sidestart|p1: Bambb|move: Stealth Rock
|move|p1a: Rotom|Pain Split|p2a: Jirachi
|-sethp|p2a: Jirachi|68/100|[from] move: Pain Split|[silent]
|-sethp|p1a: Rotom|91/100|[from] move: Pain Split
|
|-heal|p2a: Jirachi|75/100|[from] item: Leftovers
|upkeep
|turn|58
|
|t:|1662707877
|move|p2a: Jirachi|Iron Head|p1a: Rotom
|-resisted|p1a: Rotom
|-damage|p1a: Rotom|85/100
|cant|p1a: Rotom|flinch
|
|-heal|p2a: Jirachi|81/100|[from] item: Leftovers
|upkeep
|turn|59
|
|t:|1662707884
|move|p2a: Jirachi|U-turn|p1a: Rotom
|-damage|p1a: Rotom|74/100
|
|t:|1662707891
|switch|p2a: Amoonguss|Amoonguss, M|79/100|[from]move: U-turn
|move|p1a: Rotom|Hydro Pump|p2a: Amoonguss
|-resisted|p2a: Amoonguss
|-damage|p2a: Amoonguss|60/100
|
|upkeep
|turn|60
|
|t:|1662707903
|move|p1a: Rotom|Volt Switch|p2a: Amoonguss
|-resisted|p2a: Amoonguss
|-damage|p2a: Amoonguss|49/100
|
|t:|1662707907
|switch|p1a: Reuniclus|Reuniclus, M|100/100|[from]move: Volt Switch
|move|p2a: Amoonguss|Sludge Bomb|p1a: Reuniclus
|-damage|p1a: Reuniclus|75/100
|
|-heal|p1a: Reuniclus|81/100|[from] item: Leftovers
|upkeep
|turn|61
|
|t:|1662707916
|switch|p2a: Zarude|Zarude|73/100
|move|p1a: Reuniclus|Calm Mind|p1a: Reuniclus
|-boost|p1a: Reuniclus|spa|1
|-boost|p1a: Reuniclus|spd|1
|
|-heal|p1a: Reuniclus|87/100|[from] item: Leftovers
|upkeep
|turn|62
|
|t:|1662707923
|switch|p1a: Tangrowth|Tangrowth, F|83/100
|-damage|p1a: Tangrowth|70/100|[from] Stealth Rock
|move|p2a: Zarude|Darkest Lariat|p1a: Tangrowth
|-damage|p1a: Tangrowth|37/100
|
|upkeep
|turn|63
|
|t:|1662707943
|switch|p2a: Amoonguss|Amoonguss, M|83/100
|move|p1a: Tangrowth|Sludge Bomb|p2a: Amoonguss
|-damage|p2a: Amoonguss|62/100
|
|upkeep
|turn|64
|
|t:|1662707950
|switch|p1a: Moltres|Moltres|57/100 psn
|switch|p2a: Zarude|Zarude|73/100
|
|-damage|p1a: Moltres|44/100 psn|[from] psn
|upkeep
|turn|65
|
|t:|1662707957
|move|p2a: Zarude|Darkest Lariat|p1a: Moltres
|-damage|p1a: Moltres|0 fnt
|faint|p1a: Moltres
|
|upkeep
|
|t:|1662707962
|switch|p1a: Conkeldurr|Conkeldurr, F|32/100 brn
|-damage|p1a: Conkeldurr|26/100 brn|[from] Stealth Rock
|turn|66
|inactive|Meute has 120 seconds left.
|
|t:|1662708015
|switch|p2a: Amoonguss|Amoonguss, M|95/100
|move|p1a: Conkeldurr|Mach Punch|p2a: Amoonguss
|-resisted|p2a: Amoonguss
|-damage|p2a: Amoonguss|82/100
|
|-damage|p1a: Conkeldurr|20/100 brn|[from] brn
|upkeep
|turn|67
|
|t:|1662708029
|move|p1a: Conkeldurr|Drain Punch|p2a: Amoonguss
|-resisted|p2a: Amoonguss
|-damage|p2a: Amoonguss|55/100
|-heal|p1a: Conkeldurr|34/100 brn|[from] drain|[of] p2a: Amoonguss
|move|p2a: Amoonguss|Giga Drain|p1a: Conkeldurr
|-damage|p1a: Conkeldurr|9/100 brn
|-heal|p2a: Amoonguss|67/100|[from] drain|[of] p1a: Conkeldurr
|
|-damage|p1a: Conkeldurr|3/100 brn|[from] brn
|upkeep
|turn|68
|
|t:|1662708039
|move|p1a: Conkeldurr|Ice Punch|p2a: Amoonguss
|-supereffective|p2a: Amoonguss
|-damage|p2a: Amoonguss|0 fnt
|faint|p2a: Amoonguss
|
|-damage|p1a: Conkeldurr|0 fnt|[from] brn
|faint|p1a: Conkeldurr
|upkeep
|
|t:|1662708057
|switch|p1a: Tangrowth|Tangrowth, F|70/100
|switch|p2a: Zarude|Zarude|73/100
|-damage|p1a: Tangrowth|57/100|[from] Stealth Rock
|turn|69
|
|t:|1662708070
|move|p2a: Zarude|U-turn|p1a: Tangrowth
|-supereffective|p1a: Tangrowth
|-damage|p1a: Tangrowth|19/100
|
|t:|1662708082
|switch|p2a: Noivern|Noivern, F|62/100|[from]move: U-turn
|move|p1a: Tangrowth|Knock Off|p2a: Noivern
|-damage|p2a: Noivern|35/100
|-enditem|p2a: Noivern|Heavy-Duty Boots|[from] move: Knock Off|[of] p1a: Tangrowth
|
|upkeep
|turn|70
|
|t:|1662708090
|switch|p1a: Rotom|Rotom-Wash|74/100
|-damage|p1a: Rotom|61/100|[from] Stealth Rock
|move|p2a: Noivern|U-turn|p1a: Rotom
|-damage|p1a: Rotom|53/100
|
|t:|1662708096
|switch|p2a: Zarude|Zarude|73/100|[from]move: U-turn
|
|upkeep
|turn|71
|inactive|Meute has 120 seconds left.
|
|t:|1662708113
|move|p2a: Zarude|Darkest Lariat|p1a: Rotom
|-damage|p1a: Rotom|5/100
|move|p1a: Rotom|Will-O-Wisp|p2a: Zarude
|-status|p2a: Zarude|brn
|
|-damage|p2a: Zarude|67/100 brn|[from] brn
|upkeep
|turn|72
|
|t:|1662708124
|switch|p2a: Noivern|Noivern, F|35/100
|move|p1a: Rotom|Pain Split|p2a: Noivern
|-sethp|p2a: Noivern|20/100|[from] move: Pain Split|[silent]
|-sethp|p1a: Rotom|20/100|[from] move: Pain Split
|
|upkeep
|turn|73
|
|t:|1662708137
|move|p2a: Noivern|Roost|p2a: Noivern
|-heal|p2a: Noivern|70/100
|-singleturn|p2a: Noivern|move: Roost
|move|p1a: Rotom|Volt Switch|p2a: Noivern
|-resisted|p2a: Noivern
|-damage|p2a: Noivern|54/100
|
|t:|1662708144
|switch|p1a: Mamoswine|Mamoswine, F|100/100 slp|[from]move: Volt Switch
|-damage|p1a: Mamoswine|88/100 slp|[from] Stealth Rock
|
|upkeep
|turn|74
|inactive|Meute has 120 seconds left.
|
|t:|1662708158
|switch|p2a: Jirachi|Jirachi|81/100
|cant|p1a: Mamoswine|slp
|
|-heal|p2a: Jirachi|87/100|[from] item: Leftovers
|upkeep
|turn|75
|
|t:|1662708164
|move|p2a: Jirachi|Iron Head|p1a: Mamoswine
|-supereffective|p1a: Mamoswine
|-damage|p1a: Mamoswine|28/100 slp
|-curestatus|p1a: Mamoswine|slp|[msg]
|cant|p1a: Mamoswine|flinch
|
|-heal|p2a: Jirachi|93/100|[from] item: Leftovers
|upkeep
|turn|76
|
|t:|1662708171
|move|p2a: Jirachi|Iron Head|p1a: Mamoswine
|-supereffective|p1a: Mamoswine
|-damage|p1a: Mamoswine|0 fnt
|faint|p1a: Mamoswine
|
|-heal|p2a: Jirachi|99/100|[from] item: Leftovers
|upkeep
|
|t:|1662708177
|switch|p1a: Tangrowth|Tangrowth, F|52/100
|-damage|p1a: Tangrowth|40/100|[from] Stealth Rock
|turn|77
|
|t:|1662708183
|move|p2a: Jirachi|Iron Head|p1a: Tangrowth
|-damage|p1a: Tangrowth|26/100
|cant|p1a: Tangrowth|flinch
|
|-heal|p2a: Jirachi|100/100|[from] item: Leftovers
|upkeep
|turn|78
|
|t:|1662708189
|move|p2a: Jirachi|Iron Head|p1a: Tangrowth
|-damage|p1a: Tangrowth|11/100
|move|p1a: Tangrowth|Knock Off|p2a: Jirachi
|-supereffective|p2a: Jirachi
|-damage|p2a: Jirachi|65/100
|-enditem|p2a: Jirachi|Leftovers|[from] move: Knock Off|[of] p1a: Tangrowth
|
|upkeep
|turn|79
|inactive|Meute has 120 seconds left.
|
|t:|1662708224
|switch|p1a: Reuniclus|Reuniclus, M|87/100
|move|p2a: Jirachi|Healing Wish|p2a: Jirachi
|faint|p2a: Jirachi
|
|-heal|p1a: Reuniclus|93/100|[from] item: Leftovers
|upkeep
|
|t:|1662708226
|switch|p2a: Zarude|Zarude|67/100 brn
|-heal|p2a: Zarude|100/100|[from] move: Healing Wish
|turn|80
|
|t:|1662708236
|switch|p1a: Tangrowth|Tangrowth, F|44/100
|-damage|p1a: Tangrowth|31/100|[from] Stealth Rock
|move|p2a: Zarude|Darkest Lariat|p1a: Tangrowth
|-damage|p1a: Tangrowth|0 fnt
|faint|p1a: Tangrowth
|
|upkeep
|
|t:|1662708243
|switch|p1a: Rotom|Rotom-Wash|20/100
|-damage|p1a: Rotom|8/100|[from] Stealth Rock
|turn|81
|
|t:|1662708248
|move|p2a: Zarude|Darkest Lariat|p1a: Rotom
|-damage|p1a: Rotom|0 fnt
|faint|p1a: Rotom
|
|upkeep
|
|t:|1662708252
|switch|p1a: Reuniclus|Reuniclus, M|93/100
|turn|82
|
|t:|1662708256
|move|p2a: Zarude|Darkest Lariat|p1a: Reuniclus
|-supereffective|p1a: Reuniclus
|-damage|p1a: Reuniclus|2/100
|move|p1a: Reuniclus|Stored Power|p2a: Zarude
|-immune|p2a: Zarude
|
|-heal|p1a: Reuniclus|8/100|[from] item: Leftovers
|upkeep
|turn|83
|
|t:|1662708263
|move|p2a: Zarude|Darkest Lariat|p1a: Reuniclus
|-supereffective|p1a: Reuniclus
|-damage|p1a: Reuniclus|0 fnt
|faint|p1a: Reuniclus
|
|win|Meute
|raw|Bambb's rating: 1418 &rarr; <strong>1406</strong><br />(-12 for losing)
|raw|Meute's rating: 1555 &rarr; <strong>1567</strong><br />(+12 for winning)
|c|☆Meute|Gg
|c|☆Bambb|gg
