|j|☆SS007
|j|☆strongflaw
|t:|1602536590
|player|p1|SS007|brock|1452
|player|p2|strongflaw|2|1427
|teamsize|p1|6
|teamsize|p2|6
|gametype|singles
|gen|8
|tier|[Gen 8] UU
|rated|
|clearpoke
|poke|p1|Terrakion|
|poke|p1|Sharpedo, M|
|poke|p1|Rotom-Mow|
|poke|p1|Centiskorch, F|
|poke|p1|Porygon-Z|
|poke|p1|Doublade, F|
|poke|p2|Talonflame, F|
|poke|p2|Sylveon, M|
|poke|p2|Mamoswine, M|
|poke|p2|Cobalion|
|poke|p2|Slowbro, M|
|poke|p2|Zarude|
|rule|Sleep Clause Mod: Limit one foe put to sleep
|rule|Species Clause: Limit one of each Pokémon
|rule|OHKO Clause: OHKO moves are banned
|rule|Evasion Moves Clause: Evasion moves are banned
|rule|Endless Battle Clause: Forcing endless battles is banned
|rule|HP Percentage Mod: HP is shown in percentages
|rule|Dynamax Clause: You cannot dynamax
|teampreview
|inactive|Battle timer is ON: inactive players will automatically lose when time's up. (requested by strongflaw)
|
|t:|1602536622
|start
|switch|p1a: Centiskorch|Centiskorch, F|100/100
|switch|p2a: Zarude|Zarude|100/100
|turn|1
|
|t:|1602536626
|move|p2a: Zarude|U-turn|p1a: Centiskorch
|-resisted|p1a: Centiskorch
|-damage|p1a: Centiskorch|84/100
|
|t:|1602536630
|switch|p2a: Talonflame|Talonflame, F|100/100|[from]move: U-turn
|move|p1a: Centiskorch|Knock Off|p2a: Talonflame
|-damage|p2a: Talonflame|63/100
|-enditem|p2a: Talonflame|Heavy-Duty Boots|[from] move: Knock Off|[of] p1a: Centiskorch
|
|upkeep
|turn|2
|
|t:|1602536638
|switch|p1a: Doublade|Doublade, F, shiny|100/100
|move|p2a: Talonflame|Brave Bird|p1a: Doublade
|-resisted|p1a: Doublade
|-damage|p1a: Doublade|92/100
|-damage|p2a: Talonflame|60/100|[from] Recoil
|
|upkeep
|turn|3
|
|t:|1602536643
|move|p2a: Talonflame|Will-O-Wisp|p1a: Doublade
|-status|p1a: Doublade|brn
|move|p1a: Doublade|Swords Dance|p1a: Doublade
|-boost|p1a: Doublade|atk|2
|
|-damage|p1a: Doublade|86/100 brn|[from] brn
|upkeep
|turn|4
|
|t:|1602536654
|switch|p2a: Sylveon|Sylveon, M|100/100
|move|p1a: Doublade|Swords Dance|p1a: Doublade
|-boost|p1a: Doublade|atk|2
|
|-damage|p1a: Doublade|80/100 brn|[from] brn
|upkeep
|turn|5
|
|t:|1602536661
|move|p2a: Sylveon|Mystical Fire|p1a: Doublade
|-supereffective|p1a: Doublade
|-damage|p1a: Doublade|0 fnt
|faint|p1a: Doublade
|
|upkeep
|
|t:|1602536667
|switch|p1a: Centiskorch|Centiskorch, F|84/100
|turn|6
|
|t:|1602536673
|switch|p2a: Slowbro|Slowbro, M|100/100
|move|p1a: Centiskorch|Coil|p1a: Centiskorch
|-boost|p1a: Centiskorch|atk|1
|-boost|p1a: Centiskorch|def|1
|-boost|p1a: Centiskorch|accuracy|1
|
|upkeep
|turn|7
|
|t:|1602536681
|move|p1a: Centiskorch|Knock Off|p2a: Slowbro
|-supereffective|p2a: Slowbro
|-damage|p2a: Slowbro|45/100
|-enditem|p2a: Slowbro|Heavy-Duty Boots|[from] move: Knock Off|[of] p1a: Centiskorch
|move|p2a: Slowbro|Scald|p1a: Centiskorch
|-supereffective|p1a: Centiskorch
|-damage|p1a: Centiskorch|41/100
|
|upkeep
|turn|8
|
|t:|1602536688
|switch|p2a: Talonflame|Talonflame, F|60/100
|move|p1a: Centiskorch|Leech Life|p2a: Talonflame
|-resisted|p2a: Talonflame
|-damage|p2a: Talonflame|42/100
|-heal|p1a: Centiskorch|50/100|[from] drain|[of] p2a: Talonflame
|
|upkeep
|turn|9
|
|t:|1602536694
|move|p2a: Talonflame|Brave Bird|p1a: Centiskorch
|-supereffective|p1a: Centiskorch
|-damage|p1a: Centiskorch|0 fnt
|-damage|p2a: Talonflame|24/100|[from] Recoil
|faint|p1a: Centiskorch
|
|upkeep
|
|t:|1602536697
|switch|p1a: Sharpedo|Sharpedo, M|100/100
|turn|10
|
|t:|1602536709
|move|p1a: Sharpedo|Protect|p1a: Sharpedo
|-singleturn|p1a: Sharpedo|Protect
|move|p2a: Talonflame|Will-O-Wisp|p1a: Sharpedo
|-activate|p1a: Sharpedo|move: Protect
|
|-ability|p1a: Sharpedo|Speed Boost|boost
|-boost|p1a: Sharpedo|spe|1
|upkeep
|turn|11
|
|t:|1602536712
|move|p1a: Sharpedo|Liquidation|p2a: Talonflame
|-supereffective|p2a: Talonflame
|-damage|p2a: Talonflame|0 fnt
|-status|p1a: Sharpedo|brn|[from] ability: Flame Body|[of] p2a: Talonflame
|-damage|p1a: Sharpedo|91/100 brn|[from] item: Life Orb
|faint|p2a: Talonflame
|
|-damage|p1a: Sharpedo|84/100 brn|[from] brn
|-ability|p1a: Sharpedo|Speed Boost|boost
|-boost|p1a: Sharpedo|spe|1
|upkeep
|
|t:|1602536715
|switch|p2a: Cobalion|Cobalion|100/100
|turn|12
|
|t:|1602536719
|switch|p1a: Rotom|Rotom-Mow|100/100
|move|p2a: Cobalion|Close Combat|p1a: Rotom
|-damage|p1a: Rotom|49/100
|-unboost|p2a: Cobalion|def|1
|-unboost|p2a: Cobalion|spd|1
|
|-heal|p1a: Rotom|55/100|[from] item: Leftovers
|upkeep
|turn|13
|
|t:|1602536723
|switch|p2a: Zarude|Zarude|100/100
|move|p1a: Rotom|Will-O-Wisp|p2a: Zarude
|-status|p2a: Zarude|brn
|
|-heal|p1a: Rotom|61/100|[from] item: Leftovers
|-damage|p2a: Zarude|95/100 brn|[from] brn
|upkeep
|turn|14
|
|t:|1602536730
|move|p2a: Zarude|U-turn|p1a: Rotom
|-supereffective|p1a: Rotom
|-damage|p1a: Rotom|35/100
|
|t:|1602536734
|switch|p2a: Sylveon|Sylveon, M|100/100|[from]move: U-turn
|move|p1a: Rotom|Volt Switch|p2a: Sylveon
|-damage|p2a: Sylveon|80/100
|
|t:|1602536738
|switch|p1a: Terrakion|Terrakion|100/100|[from]move: Volt Switch
|
|upkeep
|turn|15
|
|t:|1602536744
|switch|p2a: Slowbro|Slowbro, M|78/100
|move|p1a: Terrakion|Iron Head|p2a: Slowbro
|-resisted|p2a: Slowbro
|-damage|p2a: Slowbro|65/100
|
|upkeep
|turn|16
|
|t:|1602536750
|switch|p1a: Sharpedo|Sharpedo, M|84/100 brn
|move|p2a: Slowbro|Scald|p1a: Sharpedo
|-resisted|p1a: Sharpedo
|-damage|p1a: Sharpedo|48/100 brn
|
|-damage|p1a: Sharpedo|42/100 brn|[from] brn
|upkeep
|turn|17
|
|t:|1602536761
|switch|p2a: Sylveon|Sylveon, M|80/100
|move|p1a: Sharpedo|Close Combat|p2a: Sylveon
|-resisted|p2a: Sylveon
|-damage|p2a: Sylveon|62/100
|-unboost|p1a: Sharpedo|def|1
|-unboost|p1a: Sharpedo|spd|1
|-damage|p1a: Sharpedo|32/100 brn|[from] item: Life Orb
|
|-damage|p1a: Sharpedo|26/100 brn|[from] brn
|-ability|p1a: Sharpedo|Speed Boost|boost
|-boost|p1a: Sharpedo|spe|1
|upkeep
|turn|18
|
|t:|1602536774
|switch|p2a: Slowbro|Slowbro, M|98/100
|move|p1a: Sharpedo|Liquidation|p2a: Slowbro
|-resisted|p2a: Slowbro
|-damage|p2a: Slowbro|90/100
|-damage|p1a: Sharpedo|16/100 brn|[from] item: Life Orb
|
|-damage|p1a: Sharpedo|10/100 brn|[from] brn
|-ability|p1a: Sharpedo|Speed Boost|boost
|-boost|p1a: Sharpedo|spe|1
|upkeep
|turn|19
|
|t:|1602536784
|switch|p2a: Sylveon|Sylveon, M|62/100
|move|p1a: Sharpedo|Crunch|p2a: Sylveon
|-resisted|p2a: Sylveon
|-damage|p2a: Sylveon|42/100
|-damage|p1a: Sharpedo|0 fnt|[from] item: Life Orb
|faint|p1a: Sharpedo
|
|upkeep
|
|t:|1602536793
|switch|p1a: Terrakion|Terrakion|100/100
|turn|20
|
|t:|1602536797
|move|p1a: Terrakion|Earthquake|p2a: Sylveon
|-damage|p2a: Sylveon|0 fnt
|faint|p2a: Sylveon
|
|upkeep
|
|t:|1602536800
|switch|p2a: Slowbro|Slowbro, M|100/100
|turn|21
|
|t:|1602536804
|switch|p1a: Rotom|Rotom-Mow|35/100
|move|p2a: Slowbro|Teleport|p2a: Slowbro
|
|t:|1602536823
|switch|p2a: Cobalion|Cobalion|100/100|[from]move: Teleport
|
|-heal|p1a: Rotom|41/100|[from] item: Leftovers
|upkeep
|turn|22
|
|t:|1602536828
|move|p2a: Cobalion|Close Combat|p1a: Rotom
|-damage|p1a: Rotom|0 fnt
|-unboost|p2a: Cobalion|def|1
|-unboost|p2a: Cobalion|spd|1
|faint|p1a: Rotom
|
|upkeep
|
|t:|1602536833
|switch|p1a: Porygon-Z|Porygon-Z, shiny|100/100
|turn|23
|
|t:|1602536840
|switch|p2a: Mamoswine|Mamoswine, M|100/100
|move|p1a: Porygon-Z|Tri Attack|p2a: Mamoswine
|-damage|p2a: Mamoswine|15/100
|
|upkeep
|turn|24
|
|t:|1602536845
|move|p2a: Mamoswine|Ice Shard|p1a: Porygon-Z
|-damage|p1a: Porygon-Z|61/100
|-damage|p2a: Mamoswine|5/100|[from] item: Life Orb
|move|p1a: Porygon-Z|Tri Attack|p2a: Mamoswine
|-damage|p2a: Mamoswine|0 fnt
|faint|p2a: Mamoswine
|
|upkeep
|
|t:|1602536850
|switch|p2a: Cobalion|Cobalion|100/100
|turn|25
|
|t:|1602536854
|move|p1a: Porygon-Z|Tri Attack|p2a: Cobalion
|-resisted|p2a: Cobalion
|-damage|p2a: Cobalion|58/100
|move|p2a: Cobalion|Close Combat|p1a: Porygon-Z
|-supereffective|p1a: Porygon-Z
|-damage|p1a: Porygon-Z|0 fnt
|-unboost|p2a: Cobalion|def|1
|-unboost|p2a: Cobalion|spd|1
|faint|p1a: Porygon-Z
|
|upkeep
|
|t:|1602536856
|switch|p1a: Terrakion|Terrakion|100/100
|turn|26
|
|t:|1602536860
|switch|p2a: Slowbro|Slowbro, M|100/100
|move|p1a: Terrakion|Earthquake|p2a: Slowbro
|-damage|p2a: Slowbro|66/100
|
|upkeep
|turn|27
|
|t:|1602536865
|move|p1a: Terrakion|Earthquake|p2a: Slowbro
|-damage|p2a: Slowbro|33/100
|move|p2a: Slowbro|Future Sight|p1a: Terrakion
|-start|p2a: Slowbro|move: Future Sight
|
|upkeep
|turn|28
|
|t:|1602536868
|switch|p2a: Zarude|Zarude|95/100 brn
|move|p1a: Terrakion|Earthquake|p2a: Zarude
|-resisted|p2a: Zarude
|-damage|p2a: Zarude|69/100 brn
|
|-damage|p2a: Zarude|63/100 brn|[from] brn
|upkeep
|turn|29
|
|t:|1602536873
|move|p2a: Zarude|Close Combat|p1a: Terrakion
|-supereffective|p1a: Terrakion
|-damage|p1a: Terrakion|58/100
|-unboost|p2a: Zarude|def|1
|-unboost|p2a: Zarude|spd|1
|move|p1a: Terrakion|Earthquake|p2a: Zarude
|-resisted|p2a: Zarude
|-damage|p2a: Zarude|30/100 brn
|
|-end|p1a: Terrakion|move: Future Sight
|-supereffective|p1a: Terrakion
|-damage|p1a: Terrakion|0 fnt
|-damage|p2a: Zarude|24/100 brn|[from] brn
|faint|p1a: Terrakion
|
|win|strongflaw
|upkeep
|l|☆SS007
|raw|SS007's rating: 1452 &rarr; <strong>1430</strong><br />(-22 for losing)
|raw|strongflaw's rating: 1427 &rarr; <strong>1448</strong><br />(+21 for winning)
