|j|☆White Robin
|j|☆eli eli eli
|player|p1|White Robin|138|1483
|player|p2|eli eli eli|70|1305
|teamsize|p1|6
|teamsize|p2|6
|gametype|singles
|gen|8
|tier|[Gen 8] UU
|rated|
|clearpoke
|poke|p1|Haxorus, F|
|poke|p1|Pangoro, F|
|poke|p1|Ribombee, M|
|poke|p1|Dhelmise|
|poke|p1|Hippowdon, M|
|poke|p1|Barraskewda, F|
|poke|p2|Mamoswine, F|
|poke|p2|Milotic, F|
|poke|p2|Sirfetch'd, M|
|poke|p2|Doublade, F|
|poke|p2|Braviary, M|
|poke|p2|Noivern, M|
|rule|Sleep Clause Mod: Limit one foe put to sleep
|rule|Species Clause: Limit one of each Pokémon
|rule|OHKO Clause: OHKO moves are banned
|rule|Evasion Moves Clause: Evasion moves are banned
|rule|Endless Battle Clause: Forcing endless battles is banned
|rule|HP Percentage Mod: HP is shown in percentages
|rule|Dynamax Clause: You cannot dynamax
|teampreview
|inactive|Battle timer is ON: inactive players will automatically lose when time's up. (requested by eli eli eli)
|
|start
|switch|p1a: Barraskewda|Barraskewda, F|100/100
|switch|p2a: Mamoswine|Mamoswine, F|100/100
|turn|1
|
|move|p1a: Barraskewda|Liquidation|p2a: Mamoswine
|-supereffective|p2a: Mamoswine
|-enditem|p2a: Mamoswine|Focus Sash
|-damage|p2a: Mamoswine|1/100
|move|p2a: Mamoswine|Stealth Rock|p1a: Barraskewda
|-sidestart|p1: White Robin|move: Stealth Rock
|
|upkeep
|turn|2
|
|move|p2a: Mamoswine|Ice Shard|p1a: Barraskewda
|-resisted|p1a: Barraskewda
|-damage|p1a: Barraskewda|79/100
|move|p1a: Barraskewda|Liquidation|p2a: Mamoswine
|-supereffective|p2a: Mamoswine
|-damage|p2a: Mamoswine|0 fnt
|faint|p2a: Mamoswine
|
|upkeep
|
|switch|p2a: Milotic|Milotic, F|100/100
|turn|3
|
|switch|p1a: Ribombee|Ribombee, M|100/100
|-damage|p1a: Ribombee|76/100|[from] Stealth Rock
|switch|p2a: Doublade|Doublade, F|100/100
|
|upkeep
|turn|4
|
|move|p1a: Ribombee|Sticky Web|p2a: Doublade
|-sidestart|p2: eli eli eli|move: Sticky Web
|move|p2a: Doublade|Gyro Ball|p1a: Ribombee
|-supereffective|p1a: Ribombee
|-damage|p1a: Ribombee|0 fnt
|faint|p1a: Ribombee
|
|upkeep
|
|switch|p1a: Pangoro|Pangoro, F|100/100
|-damage|p1a: Pangoro|94/100|[from] Stealth Rock
|turn|5
|
|move|p1a: Pangoro|Knock Off|p2a: Doublade
|-supereffective|p2a: Doublade
|-damage|p2a: Doublade|24/100
|-enditem|p2a: Doublade|Eviolite|[from] move: Knock Off|[of] p1a: Pangoro
|move|p2a: Doublade|Close Combat|p1a: Pangoro
|-supereffective|p1a: Pangoro
|-damage|p1a: Pangoro|0 fnt
|-unboost|p2a: Doublade|def|1
|-unboost|p2a: Doublade|spd|1
|faint|p1a: Pangoro
|
|upkeep
|
|switch|p1a: Barraskewda|Barraskewda, F|79/100
|-damage|p1a: Barraskewda|67/100|[from] Stealth Rock
|turn|6
|
|move|p2a: Doublade|Shadow Sneak|p1a: Barraskewda
|-damage|p1a: Barraskewda|23/100
|move|p1a: Barraskewda|Liquidation|p2a: Doublade
|-damage|p2a: Doublade|0 fnt
|faint|p2a: Doublade
|
|upkeep
|
|switch|p2a: Sirfetch'd|Sirfetch'd, M|100/100
|-activate|p2a: Sirfetch'd|move: Sticky Web
|-unboost|p2a: Sirfetch'd|spe|1
|turn|7
|
|switch|p1a: Hippowdon|Hippowdon, M|100/100
|-damage|p1a: Hippowdon|94/100|[from] Stealth Rock
|-weather|Sandstorm|[from] ability: Sand Stream|[of] p1a: Hippowdon
|move|p2a: Sirfetch'd|First Impression|p1a: Hippowdon
|-damage|p1a: Hippowdon|66/100
|
|-weather|Sandstorm|[upkeep]
|-damage|p2a: Sirfetch'd|94/100|[from] Sandstorm
|-heal|p1a: Hippowdon|73/100|[from] item: Leftovers
|upkeep
|turn|8
|
|switch|p2a: Noivern|Noivern, M|100/100
|-item|p1a: Hippowdon|Leftovers|[from] ability: Frisk|[of] p2a: Noivern|[identify]
|move|p1a: Hippowdon|Stealth Rock|p2a: Noivern
|-sidestart|p2: eli eli eli|move: Stealth Rock
|
|-weather|Sandstorm|[upkeep]
|-damage|p2a: Noivern|94/100|[from] Sandstorm
|-heal|p1a: Hippowdon|79/100|[from] item: Leftovers
|upkeep
|turn|9
|
|switch|p1a: Barraskewda|Barraskewda, F|23/100
|-damage|p1a: Barraskewda|11/100|[from] Stealth Rock
|move|p2a: Noivern|Switcheroo|p1a: Barraskewda
|-activate|p2a: Noivern|move: Trick|[of] p1a: Barraskewda
|-item|p1a: Barraskewda|Choice Specs|[from] move: Switcheroo
|-item|p2a: Noivern|Choice Band|[from] move: Switcheroo
|
|-weather|Sandstorm|[upkeep]
|-damage|p1a: Barraskewda|5/100|[from] Sandstorm
|-damage|p2a: Noivern|88/100|[from] Sandstorm
|upkeep
|turn|10
|
|move|p1a: Barraskewda|Crunch|p2a: Noivern
|-damage|p2a: Noivern|47/100
|move|p2a: Noivern|Switcheroo|p1a: Barraskewda
|-activate|p2a: Noivern|move: Trick|[of] p1a: Barraskewda
|-item|p1a: Barraskewda|Choice Band|[from] move: Switcheroo
|-item|p2a: Noivern|Choice Specs|[from] move: Switcheroo
|
|-weather|Sandstorm|[upkeep]
|-damage|p1a: Barraskewda|0 fnt|[from] Sandstorm
|-damage|p2a: Noivern|41/100|[from] Sandstorm
|faint|p1a: Barraskewda
|upkeep
|
|switch|p1a: Haxorus|Haxorus, F|100/100
|-damage|p1a: Haxorus|88/100|[from] Stealth Rock
|-ability|p1a: Haxorus|Mold Breaker
|turn|11
|
|move|p1a: Haxorus|First Impression|p2a: Noivern
|-resisted|p2a: Noivern
|-damage|p2a: Noivern|6/100
|move|p2a: Noivern|Draco Meteor|p1a: Haxorus
|-supereffective|p1a: Haxorus
|-damage|p1a: Haxorus|0 fnt
|-unboost|p2a: Noivern|spa|2
|faint|p1a: Haxorus
|
|-weather|none
|upkeep
|
|switch|p1a: Dhelmise|Dhelmise|100/100
|-damage|p1a: Dhelmise|88/100|[from] Stealth Rock
|turn|12
|
|move|p2a: Noivern|Draco Meteor|p1a: Dhelmise
|-damage|p1a: Dhelmise|57/100
|-unboost|p2a: Noivern|spa|2
|move|p1a: Dhelmise|Rapid Spin|p2a: Noivern
|-damage|p2a: Noivern|0 fnt
|-boost|p1a: Dhelmise|spe|1
|-sideend|p1: White Robin|Stealth Rock|[from] move: Rapid Spin|[of] p1a: Dhelmise
|faint|p2a: Noivern
|
|upkeep
|
|switch|p2a: Braviary|Braviary, M|100/100
|turn|13
|
|switch|p1a: Hippowdon|Hippowdon, M|79/100
|-weather|Sandstorm|[from] ability: Sand Stream|[of] p1a: Hippowdon
|move|p2a: Braviary|Bulk Up|p2a: Braviary
|-boost|p2a: Braviary|atk|1
|-boost|p2a: Braviary|def|1
|
|-weather|Sandstorm|[upkeep]
|-damage|p2a: Braviary|94/100|[from] Sandstorm
|-heal|p1a: Hippowdon|85/100|[from] item: Leftovers
|upkeep
|turn|14
|
|move|p2a: Braviary|Bulk Up|p2a: Braviary
|-boost|p2a: Braviary|atk|1
|-boost|p2a: Braviary|def|1
|move|p1a: Hippowdon|Whirlwind|p2a: Braviary
|drag|p2a: Sirfetch'd|Sirfetch'd, M|94/100
|-damage|p2a: Sirfetch'd|88/100|[from] Stealth Rock
|-activate|p2a: Sirfetch'd|move: Sticky Web
|-unboost|p2a: Sirfetch'd|spe|1
|
|-weather|Sandstorm|[upkeep]
|-damage|p2a: Sirfetch'd|82/100|[from] Sandstorm
|-heal|p1a: Hippowdon|91/100|[from] item: Leftovers
|upkeep
|turn|15
|
|move|p1a: Hippowdon|Earthquake|p2a: Sirfetch'd
|-damage|p2a: Sirfetch'd|42/100
|move|p2a: Sirfetch'd|Knock Off|p1a: Hippowdon
|-damage|p1a: Hippowdon|63/100
|-enditem|p1a: Hippowdon|Leftovers|[from] move: Knock Off|[of] p2a: Sirfetch'd
|
|-weather|Sandstorm|[upkeep]
|-damage|p2a: Sirfetch'd|36/100|[from] Sandstorm
|upkeep
|turn|16
|
|switch|p2a: Milotic|Milotic, F|100/100
|-activate|p2a: Milotic|move: Sticky Web
|-unboost|p2a: Milotic|spe|1
|-damage|p2a: Milotic|88/100|[from] Stealth Rock
|move|p1a: Hippowdon|Earthquake|p2a: Milotic
|-crit|p2a: Milotic
|-damage|p2a: Milotic|45/100
|
|-weather|Sandstorm|[upkeep]
|-damage|p2a: Milotic|39/100|[from] Sandstorm
|-heal|p2a: Milotic|45/100|[from] item: Leftovers
|upkeep
|turn|17
|
|move|p2a: Milotic|Recover|p2a: Milotic
|-heal|p2a: Milotic|95/100
|move|p1a: Hippowdon|Earthquake|p2a: Milotic
|-crit|p2a: Milotic
|-damage|p2a: Milotic|56/100
|
|-weather|none
|-heal|p2a: Milotic|62/100|[from] item: Leftovers
|upkeep
|turn|18
|
|switch|p1a: Dhelmise|Dhelmise|57/100
|move|p2a: Milotic|Recover|p2a: Milotic
|-heal|p2a: Milotic|100/100
|
|upkeep
|turn|19
|
|move|p2a: Milotic|Scald|p1a: Dhelmise
|-resisted|p1a: Dhelmise
|-damage|p1a: Dhelmise|47/100
|move|p1a: Dhelmise|Power Whip|p2a: Milotic|[miss]
|-miss|p1a: Dhelmise|p2a: Milotic
|
|upkeep
|turn|20
|
|move|p2a: Milotic|Scald|p1a: Dhelmise
|-resisted|p1a: Dhelmise
|-damage|p1a: Dhelmise|37/100
|-status|p1a: Dhelmise|brn
|move|p1a: Dhelmise|Rapid Spin|p2a: Milotic
|-damage|p2a: Milotic|95/100
|-boost|p1a: Dhelmise|spe|1
|
|-heal|p2a: Milotic|100/100|[from] item: Leftovers
|-damage|p1a: Dhelmise|31/100 brn|[from] brn
|upkeep
|turn|21
|
|move|p1a: Dhelmise|Power Whip|p2a: Milotic
|-supereffective|p2a: Milotic
|-damage|p2a: Milotic|59/100
|move|p2a: Milotic|Haze|p2a: Milotic
|-clearallboost
|
|-heal|p2a: Milotic|65/100|[from] item: Leftovers
|-damage|p1a: Dhelmise|25/100 brn|[from] brn
|upkeep
|turn|22
|
|move|p2a: Milotic|Recover|p2a: Milotic
|-heal|p2a: Milotic|100/100
|move|p1a: Dhelmise|Power Whip|p2a: Milotic|[miss]
|-miss|p1a: Dhelmise|p2a: Milotic
|
|-damage|p1a: Dhelmise|19/100 brn|[from] brn
|upkeep
|turn|23
|-message|White Robin forfeited.
|
|win|eli eli eli
|l|☆White Robin
|l|☆eli eli eli
|raw|White Robin's rating: 1483 &rarr; <strong>1454</strong><br />(-29 for losing)
|raw|eli eli eli's rating: 1306 &rarr; <strong>1335</strong><br />(+29 for winning)
