|j|☆Mustardman'sreturn
|j|☆Zephyyyr
|t:|1601336972
|player|p1|Mustardman'sreturn|lucas|1704
|player|p2|Zephyyyr|richboy|1690
|teamsize|p1|6
|teamsize|p2|6
|gametype|singles
|gen|8
|tier|[Gen 8] UU
|rated|
|clearpoke
|poke|p1|Chansey, F|
|poke|p1|Weezing-Galar, F|
|poke|p1|Eldegoss, F|
|poke|p1|Slowbro, M|
|poke|p1|Pyukumuku, F|
|poke|p1|Cobalion|
|poke|p2|Sylveon, F|
|poke|p2|Mienshao, F|
|poke|p2|Zarude|
|poke|p2|Rotom-Wash|
|poke|p2|Steelix, F|
|poke|p2|Slowbro-Galar, F|
|rule|Sleep Clause Mod: Limit one foe put to sleep
|rule|Species Clause: Limit one of each Pokémon
|rule|OHKO Clause: OHKO moves are banned
|rule|Evasion Moves Clause: Evasion moves are banned
|rule|Endless Battle Clause: Forcing endless battles is banned
|rule|HP Percentage Mod: HP is shown in percentages
|rule|Dynamax Clause: You cannot dynamax
|teampreview
|j| Boulicrok
|
|t:|1601337003
|start
|switch|p1a: Slowbro|Slowbro, M|100/100
|switch|p2a: Zarude|Zarude|100/100
|turn|1
|
|t:|1601337010
|move|p2a: Zarude|U-turn|p1a: Slowbro
|-supereffective|p1a: Slowbro
|-damage|p1a: Slowbro|63/100
|
|t:|1601337014
|switch|p2a: Rotom|Rotom-Wash|100/100|[from]move: U-turn
|move|p1a: Slowbro|Teleport|p1a: Slowbro
|
|t:|1601337017
|switch|p1a: Eldegoss|Eldegoss, F|100/100|[from]move: Teleport
|
|upkeep
|turn|2
|
|t:|1601337023
|move|p2a: Rotom|Volt Switch|p1a: Eldegoss
|-resisted|p1a: Eldegoss
|-damage|p1a: Eldegoss|88/100
|
|t:|1601337025
|switch|p2a: Slowbro|Slowbro-Galar, F|100/100|[from]move: Volt Switch
|move|p1a: Eldegoss|Giga Drain|p2a: Slowbro
|-resisted|p2a: Slowbro
|-damage|p2a: Slowbro|90/100
|-heal|p1a: Eldegoss|95/100|[from] drain|[of] p2a: Slowbro
|
|upkeep
|turn|3
|
|t:|1601337030
|switch|p1a: Chansey|Chansey, F|100/100
|switch|p2a: Zarude|Zarude|100/100
|
|upkeep
|turn|4
|
|t:|1601337035
|switch|p1a: Weezing|Weezing-Galar, F|100/100
|-ability|p1a: Weezing|Neutralizing Gas
|move|p2a: Zarude|U-turn|p1a: Weezing
|-resisted|p1a: Weezing
|-damage|p1a: Weezing|94/100
|
|t:|1601337039
|switch|p2a: Rotom|Rotom-Wash|100/100|[from]move: U-turn
|
|-heal|p1a: Weezing|99/100|[from] item: Black Sludge
|upkeep
|turn|5
|
|t:|1601337041
|switch|p1a: Eldegoss|Eldegoss, F|100/100
|move|p2a: Rotom|Volt Switch|p1a: Eldegoss
|-resisted|p1a: Eldegoss
|-damage|p1a: Eldegoss|88/100
|
|t:|1601337047
|switch|p2a: Steelix|Steelix, F|100/100|[from]move: Volt Switch
|
|upkeep
|turn|6
|
|t:|1601337052
|switch|p1a: Chansey|Chansey, F|100/100
|move|p2a: Steelix|Toxic|p1a: Chansey
|-status|p1a: Chansey|tox
|
|-damage|p1a: Chansey|94/100 tox|[from] psn
|upkeep
|turn|7
|
|t:|1601337054
|move|p1a: Chansey|Stealth Rock|p2a: Steelix
|-sidestart|p2: Zephyyyr|move: Stealth Rock
|move|p2a: Steelix|Body Press|p1a: Chansey
|-supereffective|p1a: Chansey
|-damage|p1a: Chansey|41/100 tox
|
|-damage|p1a: Chansey|28/100 tox|[from] psn
|upkeep
|turn|8
|
|t:|1601337058
|switch|p1a: Slowbro|Slowbro, M|97/100
|move|p2a: Steelix|Stealth Rock|p1a: Slowbro
|-sidestart|p1: Mustardman'sreturn|move: Stealth Rock
|
|upkeep
|turn|9
|
|t:|1601337075
|move|p2a: Steelix|Toxic|p1a: Slowbro
|-status|p1a: Slowbro|tox
|move|p1a: Slowbro|Teleport|p1a: Slowbro
|
|t:|1601337078
|switch|p1a: Eldegoss|Eldegoss, F|100/100|[from]move: Teleport
|
|upkeep
|turn|10
|
|t:|1601337082
|move|p1a: Eldegoss|Rapid Spin|p2a: Steelix
|-resisted|p2a: Steelix
|-damage|p2a: Steelix|99/100
|-boost|p1a: Eldegoss|spe|1
|-sideend|p1: Mustardman'sreturn|Stealth Rock|[from] move: Rapid Spin|[of] p1a: Eldegoss
|move|p2a: Steelix|Body Press|p1a: Eldegoss
|-damage|p1a: Eldegoss|71/100
|
|-heal|p2a: Steelix|100/100|[from] item: Leftovers
|upkeep
|turn|11
|
|t:|1601337086
|move|p1a: Eldegoss|Giga Drain|p2a: Steelix
|-damage|p2a: Steelix|79/100
|-heal|p1a: Eldegoss|83/100|[from] drain|[of] p2a: Steelix
|move|p2a: Steelix|Toxic|p1a: Eldegoss
|-status|p1a: Eldegoss|tox
|
|-heal|p2a: Steelix|85/100|[from] item: Leftovers
|-damage|p1a: Eldegoss|76/100 tox|[from] psn
|upkeep
|turn|12
|j| Zenadark
|
|t:|1601337089
|move|p1a: Eldegoss|Aromatherapy|p1a: Eldegoss
|-activate|p1a: Eldegoss|move: Aromatherapy
|-curestatus|p1a: Eldegoss|tox|[msg]
|-curestatus|p1: Slowbro|tox|[msg]
|move|p2a: Steelix|Body Press|p1a: Eldegoss
|-damage|p1a: Eldegoss|43/100
|
|-heal|p2a: Steelix|91/100|[from] item: Leftovers
|upkeep
|turn|13
|
|t:|1601337092
|switch|p1a: Slowbro|Slowbro, M|100/100
|move|p2a: Steelix|Toxic|p1a: Slowbro
|-status|p1a: Slowbro|tox
|
|-heal|p2a: Steelix|98/100|[from] item: Leftovers
|-damage|p1a: Slowbro|94/100 tox|[from] psn
|upkeep
|turn|14
|
|t:|1601337096
|switch|p2a: Rotom|Rotom-Wash|100/100
|-damage|p2a: Rotom|88/100|[from] Stealth Rock
|move|p1a: Slowbro|Scald|p2a: Rotom
|-resisted|p2a: Rotom
|-damage|p2a: Rotom|74/100
|-status|p2a: Rotom|brn
|
|-damage|p2a: Rotom|68/100 brn|[from] brn
|-damage|p1a: Slowbro|82/100 tox|[from] psn
|upkeep
|turn|15
|
|t:|1601337099
|switch|p1a: Eldegoss|Eldegoss, F|76/100
|move|p2a: Rotom|Defog|p1a: Eldegoss
|-unboost|p1a: Eldegoss|evasion|1
|-sideend|p2: Zephyyyr|Stealth Rock|[from] move: Defog|[of] p2a: Rotom
|
|-damage|p2a: Rotom|62/100 brn|[from] brn
|upkeep
|turn|16
|
|t:|1601337103
|move|p2a: Rotom|Volt Switch|p1a: Eldegoss
|-resisted|p1a: Eldegoss
|-damage|p1a: Eldegoss|64/100
|
|t:|1601337105
|switch|p2a: Zarude|Zarude|100/100|[from]move: Volt Switch
|move|p1a: Eldegoss|Giga Drain|p2a: Zarude
|-resisted|p2a: Zarude
|-damage|p2a: Zarude|90/100
|-heal|p1a: Eldegoss|70/100|[from] drain|[of] p2a: Zarude
|
|upkeep
|turn|17
|
|t:|1601337117
|switch|p1a: Weezing|Weezing-Galar, F|99/100
|-ability|p1a: Weezing|Neutralizing Gas
|move|p2a: Zarude|U-turn|p1a: Weezing
|-resisted|p1a: Weezing
|-damage|p1a: Weezing|94/100
|
|t:|1601337119
|switch|p2a: Slowbro|Slowbro-Galar, F|100/100|[from]move: U-turn
|
|-heal|p1a: Weezing|99/100|[from] item: Black Sludge
|upkeep
|turn|18
|
|t:|1601337125
|switch|p1a: Chansey|Chansey, F|28/100
|move|p2a: Slowbro|Calm Mind|p2a: Slowbro
|-boost|p2a: Slowbro|spa|1
|-boost|p2a: Slowbro|spd|1
|
|upkeep
|turn|19
|
|t:|1601337130
|move|p1a: Chansey|Soft-Boiled|p1a: Chansey
|-heal|p1a: Chansey|79/100
|move|p2a: Slowbro|Sludge Bomb|p1a: Chansey
|-damage|p1a: Chansey|67/100
|-status|p1a: Chansey|psn
|
|-damage|p1a: Chansey|54/100 psn|[from] psn
|upkeep
|turn|20
|
|t:|1601337134
|switch|p2a: Steelix|Steelix, F|98/100
|move|p1a: Chansey|Soft-Boiled|p1a: Chansey
|-heal|p1a: Chansey|100/100 psn
|
|-heal|p2a: Steelix|100/100|[from] item: Leftovers
|-damage|p1a: Chansey|88/100 psn|[from] psn
|upkeep
|turn|21
|
|t:|1601337137
|-curestatus|p1a: Chansey|psn|[from] ability: Natural Cure
|switch|p1a: Eldegoss|Eldegoss, F|100/100
|move|p2a: Steelix|Body Press|p1a: Eldegoss
|-damage|p1a: Eldegoss|71/100
|
|upkeep
|turn|22
|
|t:|1601337141
|switch|p1a: Slowbro|Slowbro, M|100/100 tox
|move|p2a: Steelix|Toxic|p1a: Slowbro
|-fail|p1a: Slowbro|tox
|
|-damage|p1a: Slowbro|94/100 tox|[from] psn
|upkeep
|turn|23
|
|t:|1601337145
|switch|p2a: Sylveon|Sylveon, F|100/100
|move|p1a: Slowbro|Scald|p2a: Sylveon
|-damage|p2a: Sylveon|83/100
|
|-heal|p2a: Sylveon|89/100|[from] item: Leftovers
|-damage|p1a: Slowbro|82/100 tox|[from] psn
|upkeep
|turn|24
|
|t:|1601337148
|switch|p1a: Chansey|Chansey, F|88/100
|move|p2a: Sylveon|Wish|p2a: Sylveon
|
|-heal|p2a: Sylveon|95/100|[from] item: Leftovers
|upkeep
|turn|25
|
|t:|1601337155
|switch|p2a: Rotom|Rotom-Wash|62/100 brn
|move|p1a: Chansey|Stealth Rock|p2a: Rotom
|-sidestart|p2: Zephyyyr|move: Stealth Rock
|
|-heal|p2a: Rotom|100/100 brn|[from] move: Wish|[wisher] Sylveon
|-damage|p2a: Rotom|94/100 brn|[from] brn
|upkeep
|turn|26
|
|t:|1601337159
|move|p2a: Rotom|Defog|p1a: Chansey
|-unboost|p1a: Chansey|evasion|1
|-sideend|p2: Zephyyyr|Stealth Rock|[from] move: Defog|[of] p2a: Rotom
|move|p1a: Chansey|Seismic Toss|p2a: Rotom
|-damage|p2a: Rotom|61/100 brn
|
|-damage|p2a: Rotom|55/100 brn|[from] brn
|upkeep
|turn|27
|
|t:|1601337165
|move|p2a: Rotom|Volt Switch|p1a: Chansey
|-damage|p1a: Chansey|81/100
|
|t:|1601337168
|switch|p2a: Mienshao|Mienshao, F|100/100|[from]move: Volt Switch
|move|p1a: Chansey|Stealth Rock|p2a: Mienshao
|-sidestart|p2: Zephyyyr|move: Stealth Rock
|
|upkeep
|turn|28
|
|t:|1601337170
|switch|p1a: Slowbro|Slowbro, M|100/100 tox
|move|p2a: Mienshao|Knock Off|p1a: Slowbro
|-supereffective|p1a: Slowbro
|-damage|p1a: Slowbro|64/100 tox
|-enditem|p1a: Slowbro|Kasib Berry|[from] move: Knock Off|[of] p2a: Mienshao
|
|-damage|p1a: Slowbro|58/100 tox|[from] psn
|upkeep
|turn|29
|
|t:|1601337174
|switch|p2a: Sylveon|Sylveon, F|95/100
|-damage|p2a: Sylveon|83/100|[from] Stealth Rock
|move|p1a: Slowbro|Teleport|p1a: Slowbro
|
|t:|1601337177
|switch|p1a: Cobalion|Cobalion|100/100|[from]move: Teleport
|
|-heal|p2a: Sylveon|89/100|[from] item: Leftovers
|upkeep
|turn|30
|
|t:|1601337190
|switch|p2a: Slowbro|Slowbro-Galar, F|100/100
|move|p1a: Cobalion|Toxic|p2a: Slowbro
|-immune|p2a: Slowbro
|
|upkeep
|turn|31
|j| Stamatis
|
|t:|1601337199
|switch|p1a: Chansey|Chansey, F|81/100
|switch|p2a: Steelix|Steelix, F|100/100
|-damage|p2a: Steelix|97/100|[from] Stealth Rock
|
|-heal|p2a: Steelix|100/100|[from] item: Leftovers
|upkeep
|turn|32
|
|t:|1601337204
|switch|p1a: Slowbro|Slowbro, M|91/100 tox
|move|p2a: Steelix|Body Press|p1a: Slowbro
|-resisted|p1a: Slowbro
|-damage|p1a: Slowbro|80/100 tox
|
|-damage|p1a: Slowbro|74/100 tox|[from] psn
|upkeep
|turn|33
|
|t:|1601337209
|switch|p2a: Sylveon|Sylveon, F|89/100
|-damage|p2a: Sylveon|76/100|[from] Stealth Rock
|move|p1a: Slowbro|Scald|p2a: Sylveon
|-damage|p2a: Sylveon|60/100
|-status|p2a: Sylveon|brn
|
|-heal|p2a: Sylveon|66/100 brn|[from] item: Leftovers
|-damage|p2a: Sylveon|60/100 brn|[from] brn
|-damage|p1a: Slowbro|62/100 tox|[from] psn
|upkeep
|turn|34
|
|t:|1601337212
|move|p2a: Sylveon|Wish|p2a: Sylveon
|move|p1a: Slowbro|Teleport|p1a: Slowbro
|
|t:|1601337216
|switch|p1a: Cobalion|Cobalion|100/100|[from]move: Teleport
|
|-heal|p2a: Sylveon|66/100 brn|[from] item: Leftovers
|-damage|p2a: Sylveon|60/100 brn|[from] brn
|upkeep
|turn|35
|
|t:|1601337225
|switch|p2a: Rotom|Rotom-Wash|55/100 brn
|-damage|p2a: Rotom|43/100 brn|[from] Stealth Rock
|move|p1a: Cobalion|Close Combat|p2a: Rotom
|-damage|p2a: Rotom|6/100 brn
|-unboost|p1a: Cobalion|def|1
|-unboost|p1a: Cobalion|spd|1
|
|-heal|p2a: Rotom|71/100 brn|[from] move: Wish|[wisher] Sylveon
|-damage|p2a: Rotom|64/100 brn|[from] brn
|upkeep
|turn|36
|l| Stamatis
|
|t:|1601337230
|move|p1a: Cobalion|Close Combat|p2a: Rotom
|-damage|p2a: Rotom|30/100 brn
|-unboost|p1a: Cobalion|def|1
|-unboost|p1a: Cobalion|spd|1
|move|p2a: Rotom|Pain Split|p1a: Cobalion
|-sethp|p1a: Cobalion|62/100|[from] move: Pain Split|[silent]
|-sethp|p2a: Rotom|79/100 brn|[from] move: Pain Split
|
|-damage|p2a: Rotom|73/100 brn|[from] brn
|upkeep
|turn|37
|
|t:|1601337235
|switch|p1a: Eldegoss|Eldegoss, F|100/100
|move|p2a: Rotom|Volt Switch|p1a: Eldegoss
|-resisted|p1a: Eldegoss
|-damage|p1a: Eldegoss|90/100
|
|t:|1601337243
|switch|p2a: Sylveon|Sylveon, F|60/100 brn|[from]move: Volt Switch
|-damage|p2a: Sylveon|48/100 brn|[from] Stealth Rock
|
|-heal|p2a: Sylveon|54/100 brn|[from] item: Leftovers
|-damage|p2a: Sylveon|48/100 brn|[from] brn
|upkeep
|turn|38
|
|t:|1601337248
|switch|p1a: Cobalion|Cobalion|62/100
|move|p2a: Sylveon|Wish|p2a: Sylveon
|
|-heal|p2a: Sylveon|54/100 brn|[from] item: Leftovers
|-damage|p2a: Sylveon|48/100 brn|[from] brn
|upkeep
|turn|39
|
|t:|1601337253
|switch|p1a: Eldegoss|Eldegoss, F|100/100
|move|p2a: Sylveon|Protect||[still]
|-fail|p2a: Sylveon
|
|-heal|p2a: Sylveon|98/100 brn|[from] move: Wish|[wisher] Sylveon
|-heal|p2a: Sylveon|100/100 brn|[from] item: Leftovers
|-damage|p2a: Sylveon|94/100 brn|[from] brn
|upkeep
|turn|40
|
|t:|1601337256
|move|p2a: Sylveon|Heal Bell|p2a: Sylveon
|-activate|p2a: Sylveon|move: Heal Bell
|-curestatus|p2a: Sylveon|brn|[msg]
|-curestatus|p2: Rotom|brn|[msg]
|move|p1a: Eldegoss|Aromatherapy|p1a: Eldegoss
|-activate|p1a: Eldegoss|move: Aromatherapy
|-curestatus|p1: Slowbro|tox|[msg]
|
|-heal|p2a: Sylveon|100/100|[from] item: Leftovers
|upkeep
|turn|41
|
|t:|1601337267
|switch|p1a: Slowbro|Slowbro, M|95/100
|switch|p2a: Mienshao|Mienshao, F|100/100
|-damage|p2a: Mienshao|95/100|[from] Stealth Rock
|
|upkeep
|turn|42
|j| Stamatis
|
|t:|1601337269
|move|p2a: Mienshao|U-turn|p1a: Slowbro
|-supereffective|p1a: Slowbro
|-damage|p1a: Slowbro|66/100
|
|t:|1601337273
|switch|p2a: Slowbro|Slowbro-Galar, F|100/100|[from]move: U-turn
|move|p1a: Slowbro|Teleport|p1a: Slowbro
|
|t:|1601337277
|switch|p1a: Chansey|Chansey, F|81/100|[from]move: Teleport
|
|upkeep
|turn|43
|
|t:|1601337280
|switch|p2a: Mienshao|Mienshao, F|100/100
|-damage|p2a: Mienshao|95/100|[from] Stealth Rock
|move|p1a: Chansey|Seismic Toss|p2a: Mienshao
|-damage|p2a: Mienshao|58/100
|
|upkeep
|turn|44
|
|t:|1601337285
|switch|p1a: Weezing|Weezing-Galar, F|99/100
|-ability|p1a: Weezing|Neutralizing Gas
|move|p2a: Mienshao|U-turn|p1a: Weezing
|-resisted|p1a: Weezing
|-damage|p1a: Weezing|96/100
|
|t:|1601337295
|switch|p2a: Rotom|Rotom-Wash|73/100|[from]move: U-turn
|-damage|p2a: Rotom|60/100|[from] Stealth Rock
|
|-heal|p1a: Weezing|100/100|[from] item: Black Sludge
|upkeep
|turn|45
|
|t:|1601337300
|switch|p1a: Chansey|Chansey, F|81/100
|move|p2a: Rotom|Defog|p1a: Chansey
|-unboost|p1a: Chansey|evasion|1
|-sideend|p2: Zephyyyr|Stealth Rock|[from] move: Defog|[of] p2a: Rotom
|
|upkeep
|turn|46
|
|t:|1601337310
|move|p2a: Rotom|Volt Switch|p1a: Chansey
|-damage|p1a: Chansey|74/100
|
|t:|1601337313
|switch|p2a: Steelix|Steelix, F|100/100|[from]move: Volt Switch
|move|p1a: Chansey|Stealth Rock|p2a: Steelix
|-sidestart|p2: Zephyyyr|move: Stealth Rock
|
|upkeep
|turn|47
|
|t:|1601337318
|switch|p1a: Slowbro|Slowbro, M|99/100
|move|p2a: Steelix|Stealth Rock|p1a: Slowbro
|-sidestart|p1: Mustardman'sreturn|move: Stealth Rock
|
|upkeep
|turn|48
|
|t:|1601337323
|switch|p2a: Rotom|Rotom-Wash|60/100
|-damage|p2a: Rotom|48/100|[from] Stealth Rock
|move|p1a: Slowbro|Scald|p2a: Rotom
|-resisted|p2a: Rotom
|-damage|p2a: Rotom|32/100
|
|upkeep
|turn|49
|
|t:|1601337332
|switch|p1a: Eldegoss|Eldegoss, F|100/100
|move|p2a: Rotom|Pain Split|p1a: Eldegoss
|-sethp|p1a: Eldegoss|65/100|[from] move: Pain Split|[silent]
|-sethp|p2a: Rotom|69/100|[from] move: Pain Split
|
|upkeep
|turn|50
|
|t:|1601337338
|move|p2a: Rotom|Volt Switch|p1a: Eldegoss
|-resisted|p1a: Eldegoss
|-damage|p1a: Eldegoss|54/100
|
|t:|1601337353
|switch|p2a: Steelix|Steelix, F|100/100|[from]move: Volt Switch
|-damage|p2a: Steelix|97/100|[from] Stealth Rock
|move|p1a: Eldegoss|Pollen Puff|p2a: Steelix
|-resisted|p2a: Steelix
|-damage|p2a: Steelix|89/100
|
|-heal|p2a: Steelix|95/100|[from] item: Leftovers
|upkeep
|turn|51
|
|t:|1601337359
|switch|p1a: Slowbro|Slowbro, M|100/100
|-damage|p1a: Slowbro|88/100|[from] Stealth Rock
|move|p2a: Steelix|Toxic|p1a: Slowbro
|-status|p1a: Slowbro|tox
|
|-heal|p2a: Steelix|100/100|[from] item: Leftovers
|-damage|p1a: Slowbro|82/100 tox|[from] psn
|upkeep
|turn|52
|
|t:|1601337364
|switch|p2a: Rotom|Rotom-Wash|69/100
|-damage|p2a: Rotom|57/100|[from] Stealth Rock
|move|p1a: Slowbro|Teleport|p1a: Slowbro
|
|t:|1601337367
|switch|p1a: Eldegoss|Eldegoss, F|87/100|[from]move: Teleport
|
|upkeep
|turn|53
|
|t:|1601337371
|move|p2a: Rotom|Volt Switch|p1a: Eldegoss
|-resisted|p1a: Eldegoss
|-damage|p1a: Eldegoss|77/100
|
|t:|1601337374
|switch|p2a: Zarude|Zarude|90/100|[from]move: Volt Switch
|-damage|p2a: Zarude|78/100|[from] Stealth Rock
|move|p1a: Eldegoss|Rapid Spin|p2a: Zarude
|-damage|p2a: Zarude|73/100
|-boost|p1a: Eldegoss|spe|1
|-sideend|p1: Mustardman'sreturn|Stealth Rock|[from] move: Rapid Spin|[of] p1a: Eldegoss
|
|upkeep
|turn|54
|
|t:|1601337382
|switch|p1a: Weezing|Weezing-Galar, F|100/100
|-ability|p1a: Weezing|Neutralizing Gas
|move|p2a: Zarude|U-turn|p1a: Weezing
|-resisted|p1a: Weezing
|-damage|p1a: Weezing|95/100
|
|t:|1601337384
|switch|p2a: Steelix|Steelix, F|100/100|[from]move: U-turn
|-damage|p2a: Steelix|97/100|[from] Stealth Rock
|
|-heal|p1a: Weezing|100/100|[from] item: Black Sludge
|-heal|p2a: Steelix|100/100|[from] item: Leftovers
|upkeep
|turn|55
|
|t:|1601337390
|switch|p1a: Slowbro|Slowbro, M|100/100 tox
|move|p2a: Steelix|Stealth Rock|p1a: Slowbro
|-sidestart|p1: Mustardman'sreturn|move: Stealth Rock
|
|-damage|p1a: Slowbro|94/100 tox|[from] psn
|upkeep
|turn|56
|
|t:|1601337395
|move|p2a: Steelix|Earthquake|p1a: Slowbro
|-damage|p1a: Slowbro|77/100 tox
|move|p1a: Slowbro|Teleport|p1a: Slowbro
|
|t:|1601337397
|switch|p1a: Eldegoss|Eldegoss, F|100/100|[from]move: Teleport
|
|upkeep
|turn|57
|
|t:|1601337408
|switch|p1a: Slowbro|Slowbro, M|100/100 tox
|-damage|p1a: Slowbro|88/100 tox|[from] Stealth Rock
|switch|p2a: Slowbro|Slowbro-Galar, F|100/100
|
|-damage|p1a: Slowbro|82/100 tox|[from] psn
|upkeep
|turn|58
|
|t:|1601337411
|move|p2a: Slowbro|Calm Mind|p2a: Slowbro
|-boost|p2a: Slowbro|spa|1
|-boost|p2a: Slowbro|spd|1
|move|p1a: Slowbro|Teleport|p1a: Slowbro
|
|t:|1601337413
|switch|p1a: Chansey|Chansey, F|74/100|[from]move: Teleport
|-damage|p1a: Chansey|62/100|[from] Stealth Rock
|
|upkeep
|turn|59
|
|t:|1601337416
|move|p1a: Chansey|Seismic Toss|p2a: Slowbro
|-damage|p2a: Slowbro|75/100
|move|p2a: Slowbro|Calm Mind|p2a: Slowbro
|-boost|p2a: Slowbro|spa|1
|-boost|p2a: Slowbro|spd|1
|
|upkeep
|turn|60
|
|t:|1601337419
|move|p1a: Chansey|Seismic Toss|p2a: Slowbro
|-damage|p2a: Slowbro|50/100
|move|p2a: Slowbro|Calm Mind|p2a: Slowbro
|-boost|p2a: Slowbro|spa|1
|-boost|p2a: Slowbro|spd|1
|
|upkeep
|turn|61
|
|t:|1601337421
|move|p1a: Chansey|Seismic Toss|p2a: Slowbro
|-damage|p2a: Slowbro|24/100
|move|p2a: Slowbro|Slack Off|p2a: Slowbro
|-heal|p2a: Slowbro|74/100
|
|upkeep
|turn|62
|
|t:|1601337427
|move|p1a: Chansey|Soft-Boiled|p1a: Chansey
|-heal|p1a: Chansey|100/100
|move|p2a: Slowbro|Sludge Bomb|p1a: Chansey
|-damage|p1a: Chansey|81/100
|
|upkeep
|turn|63
|
|t:|1601337440
|switch|p2a: Steelix|Steelix, F|100/100
|-damage|p2a: Steelix|97/100|[from] Stealth Rock
|move|p1a: Chansey|Seismic Toss|p2a: Steelix
|-damage|p2a: Steelix|69/100
|
|-heal|p2a: Steelix|75/100|[from] item: Leftovers
|upkeep
|turn|64
|
|t:|1601337466
|switch|p1a: Slowbro|Slowbro, M|100/100 tox
|-damage|p1a: Slowbro|88/100 tox|[from] Stealth Rock
|switch|p2a: Mienshao|Mienshao, F|58/100
|-damage|p2a: Mienshao|52/100|[from] Stealth Rock
|
|-damage|p1a: Slowbro|82/100 tox|[from] psn
|upkeep
|turn|65
|
|t:|1601337472
|move|p2a: Mienshao|U-turn|p1a: Slowbro
|-supereffective|p1a: Slowbro
|-damage|p1a: Slowbro|55/100 tox
|
|t:|1601337485
|switch|p2a: Slowbro|Slowbro-Galar, F|100/100|[from]move: U-turn
|move|p1a: Slowbro|Teleport|p1a: Slowbro
|
|t:|1601337500
|switch|p1a: Weezing|Weezing-Galar, F|100/100|[from]move: Teleport
|-ability|p1a: Weezing|Neutralizing Gas
|-damage|p1a: Weezing|88/100|[from] Stealth Rock
|
|-heal|p1a: Weezing|94/100|[from] item: Black Sludge
|upkeep
|turn|66
|
|t:|1601337503
|move|p1a: Weezing|Dark Pulse|p2a: Slowbro
|-supereffective|p2a: Slowbro
|-damage|p2a: Slowbro|69/100
|move|p2a: Slowbro|Sludge Bomb|p1a: Weezing
|-damage|p1a: Weezing|53/100
|
|-heal|p1a: Weezing|59/100|[from] item: Black Sludge
|upkeep
|turn|67
|
|t:|1601337507
|move|p1a: Weezing|Dark Pulse|p2a: Slowbro
|-supereffective|p2a: Slowbro
|-damage|p2a: Slowbro|37/100
|cant|p2a: Slowbro|flinch
|
|-heal|p1a: Weezing|65/100|[from] item: Black Sludge
|upkeep
|turn|68
|
|t:|1601337520
|move|p1a: Weezing|Dark Pulse|p2a: Slowbro
|-supereffective|p2a: Slowbro
|-damage|p2a: Slowbro|6/100
|move|p2a: Slowbro|Slack Off|p2a: Slowbro
|-heal|p2a: Slowbro|56/100
|
|-heal|p1a: Weezing|71/100|[from] item: Black Sludge
|upkeep
|turn|69
|
|t:|1601337525
|move|p1a: Weezing|Dark Pulse|p2a: Slowbro
|-supereffective|p2a: Slowbro
|-damage|p2a: Slowbro|23/100
|cant|p2a: Slowbro|flinch
|
|-heal|p1a: Weezing|77/100|[from] item: Black Sludge
|upkeep
|turn|70
|
|t:|1601337529
|switch|p2a: Sylveon|Sylveon, F|100/100
|-damage|p2a: Sylveon|88/100|[from] Stealth Rock
|move|p1a: Weezing|Dark Pulse|p2a: Sylveon
|-resisted|p2a: Sylveon
|-damage|p2a: Sylveon|82/100
|
|-heal|p1a: Weezing|83/100|[from] item: Black Sludge
|-heal|p2a: Sylveon|89/100|[from] item: Leftovers
|upkeep
|turn|71
|
|t:|1601337537
|switch|p1a: Chansey|Chansey, F|81/100
|-damage|p1a: Chansey|68/100|[from] Stealth Rock
|move|p2a: Sylveon|Wish|p2a: Sylveon
|
|-heal|p2a: Sylveon|95/100|[from] item: Leftovers
|upkeep
|turn|72
|
|t:|1601337551
|switch|p2a: Steelix|Steelix, F|75/100
|-damage|p2a: Steelix|72/100|[from] Stealth Rock
|move|p1a: Chansey|Seismic Toss|p2a: Steelix
|-damage|p2a: Steelix|44/100
|
|-heal|p2a: Steelix|99/100|[from] move: Wish|[wisher] Sylveon
|-heal|p2a: Steelix|100/100|[from] item: Leftovers
|upkeep
|turn|73
|
|t:|1601337561
|switch|p1a: Slowbro|Slowbro, M|88/100 tox
|-damage|p1a: Slowbro|76/100 tox|[from] Stealth Rock
|switch|p2a: Zarude|Zarude|73/100
|-damage|p2a: Zarude|61/100|[from] Stealth Rock
|
|-damage|p1a: Slowbro|70/100 tox|[from] psn
|upkeep
|turn|74
|
|t:|1601337564
|switch|p1a: Cobalion|Cobalion|62/100
|-damage|p1a: Cobalion|59/100|[from] Stealth Rock
|move|p2a: Zarude|U-turn|p1a: Cobalion
|-resisted|p1a: Cobalion
|-damage|p1a: Cobalion|54/100
|-damage|p2a: Zarude|44/100|[from] item: Rocky Helmet|[of] p1a: Cobalion
|
|t:|1601337570
|switch|p2a: Steelix|Steelix, F|100/100|[from]move: U-turn
|-damage|p2a: Steelix|97/100|[from] Stealth Rock
|
|-heal|p2a: Steelix|100/100|[from] item: Leftovers
|upkeep
|turn|75
|
|t:|1601337573
|switch|p1a: Slowbro|Slowbro, M|100/100 tox
|-damage|p1a: Slowbro|88/100 tox|[from] Stealth Rock
|move|p2a: Steelix|Earthquake|p1a: Slowbro
|-damage|p1a: Slowbro|70/100 tox
|
|-damage|p1a: Slowbro|64/100 tox|[from] psn
|upkeep
|turn|76
|
|t:|1601337578
|switch|p2a: Sylveon|Sylveon, F|95/100
|-damage|p2a: Sylveon|82/100|[from] Stealth Rock
|move|p1a: Slowbro|Scald|p2a: Sylveon
|-damage|p2a: Sylveon|64/100
|-status|p2a: Sylveon|brn
|
|-heal|p2a: Sylveon|70/100 brn|[from] item: Leftovers
|-damage|p2a: Sylveon|64/100 brn|[from] brn
|-damage|p1a: Slowbro|52/100 tox|[from] psn
|upkeep
|turn|77
|
|t:|1601337580
|switch|p1a: Chansey|Chansey, F|68/100
|-damage|p1a: Chansey|56/100|[from] Stealth Rock
|move|p2a: Sylveon|Wish|p2a: Sylveon
|
|-heal|p2a: Sylveon|70/100 brn|[from] item: Leftovers
|-damage|p2a: Sylveon|64/100 brn|[from] brn
|upkeep
|turn|78
|
|t:|1601337583
|switch|p2a: Zarude|Zarude|44/100
|-damage|p2a: Zarude|32/100|[from] Stealth Rock
|move|p1a: Chansey|Seismic Toss|p2a: Zarude
|-damage|p2a: Zarude|4/100
|
|-heal|p2a: Zarude|60/100|[from] move: Wish|[wisher] Sylveon
|upkeep
|turn|79
|
|t:|1601337588
|switch|p1a: Weezing|Weezing-Galar, F|83/100
|-ability|p1a: Weezing|Neutralizing Gas
|-damage|p1a: Weezing|70/100|[from] Stealth Rock
|move|p2a: Zarude|U-turn|p1a: Weezing
|-resisted|p1a: Weezing
|-damage|p1a: Weezing|64/100
|
|t:|1601337593
|switch|p2a: Rotom|Rotom-Wash|57/100|[from]move: U-turn
|-damage|p2a: Rotom|44/100|[from] Stealth Rock
|
|-heal|p1a: Weezing|70/100|[from] item: Black Sludge
|upkeep
|turn|80
|
|t:|1601337598
|move|p2a: Rotom|Volt Switch|p1a: Weezing
|-damage|p1a: Weezing|35/100
|
|t:|1601337602
|switch|p2a: Steelix|Steelix, F|100/100|[from]move: Volt Switch
|-damage|p2a: Steelix|97/100|[from] Stealth Rock
|move|p1a: Weezing|Strange Steam|p2a: Steelix
|-resisted|p2a: Steelix
|-damage|p2a: Steelix|83/100
|
|-heal|p1a: Weezing|41/100|[from] item: Black Sludge
|-heal|p2a: Steelix|89/100|[from] item: Leftovers
|upkeep
|turn|81
|
|t:|1601337610
|switch|p1a: Eldegoss|Eldegoss, F|100/100
|switch|p2a: Rotom|Rotom-Wash|44/100
|-damage|p2a: Rotom|32/100|[from] Stealth Rock
|
|upkeep
|turn|82
|
|t:|1601337613
|move|p2a: Rotom|Volt Switch|p1a: Eldegoss
|-resisted|p1a: Eldegoss
|-damage|p1a: Eldegoss|89/100
|
|t:|1601337616
|switch|p2a: Slowbro|Slowbro-Galar, F|23/100|[from]move: Volt Switch
|move|p1a: Eldegoss|Giga Drain|p2a: Slowbro
|-resisted|p2a: Slowbro
|-damage|p2a: Slowbro|12/100
|-heal|p1a: Eldegoss|96/100|[from] drain|[of] p2a: Slowbro
|
|upkeep
|turn|83
|
|t:|1601337620
|switch|p1a: Weezing|Weezing-Galar, F|41/100
|-ability|p1a: Weezing|Neutralizing Gas
|-damage|p1a: Weezing|28/100|[from] Stealth Rock
|move|p2a: Slowbro|Slack Off|p2a: Slowbro
|-heal|p2a: Slowbro|62/100
|
|-heal|p1a: Weezing|34/100|[from] item: Black Sludge
|upkeep
|turn|84
|
|t:|1601337623
|move|p1a: Weezing|Dark Pulse|p2a: Slowbro
|-supereffective|p2a: Slowbro
|-damage|p2a: Slowbro|33/100
|cant|p2a: Slowbro|flinch
|
|-heal|p1a: Weezing|40/100|[from] item: Black Sludge
|upkeep
|turn|85
|
|t:|1601337630
|move|p1a: Weezing|Dark Pulse|p2a: Slowbro
|-supereffective|p2a: Slowbro
|-damage|p2a: Slowbro|0 fnt
|faint|p2a: Slowbro
|
|-heal|p1a: Weezing|46/100|[from] item: Black Sludge
|upkeep
|
|t:|1601337634
|switch|p2a: Rotom|Rotom-Wash|32/100
|-damage|p2a: Rotom|19/100|[from] Stealth Rock
|turn|86
|
|t:|1601337638
|switch|p1a: Eldegoss|Eldegoss, F|100/100
|move|p2a: Rotom|Volt Switch|p1a: Eldegoss
|-resisted|p1a: Eldegoss
|-damage|p1a: Eldegoss|90/100
|
|t:|1601337640
|switch|p2a: Zarude|Zarude|60/100|[from]move: Volt Switch
|-damage|p2a: Zarude|48/100|[from] Stealth Rock
|
|upkeep
|turn|87
|
|t:|1601337643
|move|p2a: Zarude|U-turn|p1a: Eldegoss
|-supereffective|p1a: Eldegoss
|-damage|p1a: Eldegoss|38/100
|
|t:|1601337647
|switch|p2a: Mienshao|Mienshao, F|85/100|[from]move: U-turn
|-damage|p2a: Mienshao|79/100|[from] Stealth Rock
|move|p1a: Eldegoss|Pollen Puff|p2a: Mienshao
|-resisted|p2a: Mienshao
|-damage|p2a: Mienshao|63/100
|
|upkeep
|turn|88
|
|t:|1601337652
|switch|p1a: Pyukumuku|Pyukumuku, F|100/100
|move|p2a: Mienshao|U-turn|p1a: Pyukumuku
|-damage|p1a: Pyukumuku|85/100
|
|t:|1601337655
|switch|p2a: Zarude|Zarude|48/100|[from]move: U-turn
|-damage|p2a: Zarude|35/100|[from] Stealth Rock
|
|upkeep
|turn|89
|
|t:|1601337661
|switch|p1a: Cobalion|Cobalion|54/100
|-damage|p1a: Cobalion|50/100|[from] Stealth Rock
|move|p2a: Zarude|Power Whip|p1a: Cobalion
|-resisted|p1a: Cobalion
|-damage|p1a: Cobalion|18/100
|-damage|p2a: Zarude|19/100|[from] item: Rocky Helmet|[of] p1a: Cobalion
|
|upkeep
|turn|90
|
|t:|1601337671
|switch|p2a: Mienshao|Mienshao, F|96/100
|-damage|p2a: Mienshao|90/100|[from] Stealth Rock
|move|p1a: Cobalion|Rest|p1a: Cobalion
|-status|p1a: Cobalion|slp|[from] move: Rest
|-heal|p1a: Cobalion|100/100 slp|[silent]
|
|upkeep
|turn|91
|
|t:|1601337675
|switch|p1a: Pyukumuku|Pyukumuku, F|85/100
|move|p2a: Mienshao|U-turn|p1a: Pyukumuku
|-damage|p1a: Pyukumuku|70/100
|
|t:|1601337678
|switch|p2a: Rotom|Rotom-Wash|19/100|[from]move: U-turn
|-damage|p2a: Rotom|7/100|[from] Stealth Rock
|
|upkeep
|turn|92
|
|t:|1601337681
|switch|p1a: Eldegoss|Eldegoss, F|71/100
|move|p2a: Rotom|Defog|p1a: Eldegoss
|-unboost|p1a: Eldegoss|evasion|1
|-sideend|p1: Mustardman'sreturn|Stealth Rock|[from] move: Defog|[of] p2a: Rotom
|-sideend|p2: Zephyyyr|Stealth Rock|[from] move: Defog|[of] p2a: Rotom
|
|upkeep
|turn|93
|
|t:|1601337685
|move|p2a: Rotom|Volt Switch|p1a: Eldegoss
|-resisted|p1a: Eldegoss
|-damage|p1a: Eldegoss|59/100
|
|t:|1601337695
|switch|p2a: Mienshao|Mienshao, F|100/100|[from]move: Volt Switch
|move|p1a: Eldegoss|Giga Drain|p2a: Mienshao
|-damage|p2a: Mienshao|57/100
|-heal|p1a: Eldegoss|77/100|[from] drain|[of] p2a: Mienshao
|
|upkeep
|turn|94
|
|t:|1601337698
|move|p2a: Mienshao|U-turn|p1a: Eldegoss
|-supereffective|p1a: Eldegoss
|-damage|p1a: Eldegoss|37/100
|
|t:|1601337701
|switch|p2a: Steelix|Steelix, F|89/100|[from]move: U-turn
|move|p1a: Eldegoss|Giga Drain|p2a: Steelix
|-damage|p2a: Steelix|67/100
|-heal|p1a: Eldegoss|49/100|[from] drain|[of] p2a: Steelix
|
|-heal|p2a: Steelix|73/100|[from] item: Leftovers
|upkeep
|turn|95
|
|t:|1601337707
|switch|p1a: Slowbro|Slowbro, M|85/100 tox
|switch|p2a: Zarude|Zarude|19/100
|
|-damage|p1a: Slowbro|79/100 tox|[from] psn
|upkeep
|turn|96
|
|t:|1601337713
|switch|p1a: Cobalion|Cobalion|100/100 slp
|move|p2a: Zarude|Close Combat|p1a: Cobalion
|-supereffective|p1a: Cobalion
|-damage|p1a: Cobalion|16/100 slp
|-unboost|p2a: Zarude|def|1
|-unboost|p2a: Zarude|spd|1
|-damage|p2a: Zarude|2/100|[from] item: Rocky Helmet|[of] p1a: Cobalion
|
|upkeep
|turn|97
|
|t:|1601337721
|switch|p2a: Sylveon|Sylveon, F|64/100 brn
|cant|p1a: Cobalion|slp
|move|p1a: Cobalion|Sleep Talk|p1a: Cobalion
|move|p1a: Cobalion|Rest|p1a: Cobalion|[from]Sleep Talk
|-fail|p1a: Cobalion
|
|-heal|p2a: Sylveon|70/100 brn|[from] item: Leftovers
|-damage|p2a: Sylveon|64/100 brn|[from] brn
|upkeep
|turn|98
|
|t:|1601337725
|switch|p1a: Chansey|Chansey, F|56/100
|move|p2a: Sylveon|Wish|p2a: Sylveon
|
|-heal|p2a: Sylveon|70/100 brn|[from] item: Leftovers
|-damage|p2a: Sylveon|64/100 brn|[from] brn
|upkeep
|turn|99
|
|t:|1601337731
|switch|p2a: Rotom|Rotom-Wash|7/100
|move|p1a: Chansey|Seismic Toss|p2a: Rotom
|-damage|p2a: Rotom|0 fnt
|faint|p2a: Rotom
|
|upkeep
|
|t:|1601337736
|switch|p2a: Zarude|Zarude|2/100
|turn|100
|
|t:|1601337738
|switch|p2a: Steelix|Steelix, F|73/100
|switch|p1a: Cobalion|Cobalion|16/100 slp
|
|-heal|p2a: Steelix|79/100|[from] item: Leftovers
|upkeep
|turn|101
|
|t:|1601337743
|switch|p1a: Eldegoss|Eldegoss, F|83/100
|move|p2a: Steelix|Stealth Rock|p1a: Eldegoss
|-sidestart|p1: Mustardman'sreturn|move: Stealth Rock
|
|-heal|p2a: Steelix|86/100|[from] item: Leftovers
|upkeep
|turn|102
|
|t:|1601337747
|move|p1a: Eldegoss|Rapid Spin|p2a: Steelix
|-resisted|p2a: Steelix
|-damage|p2a: Steelix|84/100
|-boost|p1a: Eldegoss|spe|1
|-sideend|p1: Mustardman'sreturn|Stealth Rock|[from] move: Rapid Spin|[of] p1a: Eldegoss
|move|p2a: Steelix|Toxic|p1a: Eldegoss
|-status|p1a: Eldegoss|tox
|
|-heal|p2a: Steelix|91/100|[from] item: Leftovers
|-damage|p1a: Eldegoss|76/100 tox|[from] psn
|upkeep
|turn|103
|
|t:|1601337750
|move|p1a: Eldegoss|Aromatherapy|p1a: Eldegoss
|-activate|p1a: Eldegoss|move: Aromatherapy
|-curestatus|p1a: Eldegoss|tox|[msg]
|-curestatus|p1: Slowbro|tox|[msg]
|-curestatus|p1: Cobalion|slp|[msg]
|move|p2a: Steelix|Stealth Rock|p1a: Eldegoss
|-sidestart|p1: Mustardman'sreturn|move: Stealth Rock
|
|-heal|p2a: Steelix|97/100|[from] item: Leftovers
|upkeep
|turn|104
|
|t:|1601337751
|switch|p1a: Slowbro|Slowbro, M|100/100
|-damage|p1a: Slowbro|88/100|[from] Stealth Rock
|move|p2a: Steelix|Toxic|p1a: Slowbro
|-status|p1a: Slowbro|tox
|
|-heal|p2a: Steelix|100/100|[from] item: Leftovers
|-damage|p1a: Slowbro|82/100 tox|[from] psn
|upkeep
|turn|105
|
|t:|1601337756
|switch|p2a: Sylveon|Sylveon, F|64/100 brn
|move|p1a: Slowbro|Teleport|p1a: Slowbro
|
|t:|1601337758
|switch|p1a: Chansey|Chansey, F|56/100|[from]move: Teleport
|-damage|p1a: Chansey|43/100|[from] Stealth Rock
|
|-heal|p2a: Sylveon|70/100 brn|[from] item: Leftovers
|-damage|p2a: Sylveon|64/100 brn|[from] brn
|upkeep
|turn|106
|
|t:|1601337763
|switch|p2a: Zarude|Zarude|2/100
|move|p1a: Chansey|Soft-Boiled|p1a: Chansey
|-heal|p1a: Chansey|93/100
|
|upkeep
|turn|107
|
|t:|1601337769
|switch|p2a: Mienshao|Mienshao, F|91/100
|switch|p1a: Cobalion|Cobalion|16/100
|-damage|p1a: Cobalion|13/100|[from] Stealth Rock
|
|upkeep
|turn|108
|
|t:|1601337775
|switch|p1a: Slowbro|Slowbro, M|100/100 tox
|-damage|p1a: Slowbro|88/100 tox|[from] Stealth Rock
|move|p2a: Mienshao|U-turn|p1a: Slowbro
|-supereffective|p1a: Slowbro
|-damage|p1a: Slowbro|61/100 tox
|l| Stamatis
|
|t:|1601337777
|switch|p2a: Zarude|Zarude|2/100|[from]move: U-turn
|
|-damage|p1a: Slowbro|55/100 tox|[from] psn
|upkeep
|turn|109
|
|t:|1601337781
|switch|p2a: Mienshao|Mienshao, F|100/100
|switch|p1a: Eldegoss|Eldegoss, F|100/100
|
|upkeep
|turn|110
|
|t:|1601337787
|move|p2a: Mienshao|U-turn|p1a: Eldegoss
|-supereffective|p1a: Eldegoss
|-damage|p1a: Eldegoss|65/100
|
|t:|1601337789
|switch|p2a: Steelix|Steelix, F|100/100|[from]move: U-turn
|move|p1a: Eldegoss|Rapid Spin|p2a: Steelix
|-resisted|p2a: Steelix
|-damage|p2a: Steelix|99/100
|-boost|p1a: Eldegoss|spe|1
|-sideend|p1: Mustardman'sreturn|Stealth Rock|[from] move: Rapid Spin|[of] p1a: Eldegoss
|
|-heal|p2a: Steelix|100/100|[from] item: Leftovers
|upkeep
|turn|111
|
|t:|1601337796
|switch|p1a: Slowbro|Slowbro, M|88/100 tox
|move|p2a: Steelix|Stealth Rock|p1a: Slowbro
|-sidestart|p1: Mustardman'sreturn|move: Stealth Rock
|
|-damage|p1a: Slowbro|82/100 tox|[from] psn
|upkeep
|turn|112
|
|t:|1601337804
|switch|p2a: Sylveon|Sylveon, F|64/100 brn
|move|p1a: Slowbro|Teleport|p1a: Slowbro
|
|t:|1601337806
|switch|p1a: Chansey|Chansey, F|93/100|[from]move: Teleport
|-damage|p1a: Chansey|81/100|[from] Stealth Rock
|
|-heal|p2a: Sylveon|70/100 brn|[from] item: Leftovers
|-damage|p2a: Sylveon|64/100 brn|[from] brn
|upkeep
|turn|113
|
|t:|1601337816
|switch|p2a: Zarude|Zarude|2/100
|move|p1a: Chansey|Stealth Rock|p2a: Zarude
|-sidestart|p2: Zephyyyr|move: Stealth Rock
|
|upkeep
|turn|114
|
|t:|1601337822
|switch|p1a: Cobalion|Cobalion|13/100
|-damage|p1a: Cobalion|10/100|[from] Stealth Rock
|move|p2a: Zarude|Power Whip|p1a: Cobalion|[miss]
|-miss|p2a: Zarude|p1a: Cobalion
|
|upkeep
|turn|115
|
|t:|1601337826
|move|p2a: Zarude|Power Whip|p1a: Cobalion
|-resisted|p1a: Cobalion
|-crit|p1a: Cobalion
|-damage|p1a: Cobalion|0 fnt
|-damage|p2a: Zarude|0 fnt|[from] item: Rocky Helmet|[of] p1a: Cobalion
|faint|p1a: Cobalion
|faint|p2a: Zarude
|
|upkeep
|
|t:|1601337835
|switch|p2a: Steelix|Steelix, F|100/100
|switch|p1a: Eldegoss|Eldegoss, F|99/100
|-damage|p2a: Steelix|97/100|[from] Stealth Rock
|turn|116
|
|t:|1601337837
|move|p1a: Eldegoss|Rapid Spin|p2a: Steelix
|-resisted|p2a: Steelix
|-damage|p2a: Steelix|96/100
|-boost|p1a: Eldegoss|spe|1
|-sideend|p1: Mustardman'sreturn|Stealth Rock|[from] move: Rapid Spin|[of] p1a: Eldegoss
|move|p2a: Steelix|Toxic|p1a: Eldegoss
|-status|p1a: Eldegoss|tox
|
|-heal|p2a: Steelix|100/100|[from] item: Leftovers
|-damage|p1a: Eldegoss|92/100 tox|[from] psn
|upkeep
|turn|117
|
|t:|1601337841
|switch|p1a: Slowbro|Slowbro, M|100/100 tox
|move|p2a: Steelix|Stealth Rock|p1a: Slowbro
|-sidestart|p1: Mustardman'sreturn|move: Stealth Rock
|
|-damage|p1a: Slowbro|94/100 tox|[from] psn
|upkeep
|turn|118
|
|t:|1601337846
|switch|p2a: Sylveon|Sylveon, F|64/100 brn
|-damage|p2a: Sylveon|51/100 brn|[from] Stealth Rock
|move|p1a: Slowbro|Psyshock|p2a: Sylveon
|-damage|p2a: Sylveon|27/100 brn
|
|-heal|p2a: Sylveon|33/100 brn|[from] item: Leftovers
|-damage|p2a: Sylveon|27/100 brn|[from] brn
|-damage|p1a: Slowbro|82/100 tox|[from] psn
|upkeep
|turn|119
|
|t:|1601337851
|move|p2a: Sylveon|Wish|p2a: Sylveon
|move|p1a: Slowbro|Psyshock|p2a: Sylveon
|-damage|p2a: Sylveon|3/100 brn
|
|-heal|p2a: Sylveon|9/100 brn|[from] item: Leftovers
|-damage|p2a: Sylveon|3/100 brn|[from] brn
|-damage|p1a: Slowbro|64/100 tox|[from] psn
|upkeep
|turn|120
|
|t:|1601337867
|switch|p1a: Chansey|Chansey, F|81/100
|-damage|p1a: Chansey|69/100|[from] Stealth Rock
|move|p2a: Sylveon|Protect||[still]
|-fail|p2a: Sylveon
|
|-heal|p2a: Sylveon|53/100 brn|[from] move: Wish|[wisher] Sylveon
|-heal|p2a: Sylveon|59/100 brn|[from] item: Leftovers
|-damage|p2a: Sylveon|53/100 brn|[from] brn
|upkeep
|turn|121
|
|t:|1601337870
|move|p2a: Sylveon|Wish|p2a: Sylveon
|move|p1a: Chansey|Soft-Boiled|p1a: Chansey
|-heal|p1a: Chansey|100/100
|
|-heal|p2a: Sylveon|59/100 brn|[from] item: Leftovers
|-damage|p2a: Sylveon|53/100 brn|[from] brn
|upkeep
|turn|122
|
|t:|1601337874
|move|p2a: Sylveon|Protect|p2a: Sylveon
|-singleturn|p2a: Sylveon|Protect
|move|p1a: Chansey|Toxic|p2a: Sylveon
|-activate|p2a: Sylveon|move: Protect
|
|-heal|p2a: Sylveon|100/100 brn|[from] move: Wish|[wisher] Sylveon
|-damage|p2a: Sylveon|94/100 brn|[from] brn
|upkeep
|turn|123
|
|t:|1601337877
|switch|p2a: Mienshao|Mienshao, F|100/100
|-damage|p2a: Mienshao|95/100|[from] Stealth Rock
|move|p1a: Chansey|Seismic Toss|p2a: Mienshao
|-damage|p2a: Mienshao|58/100
|
|upkeep
|turn|124
|
|t:|1601337880
|switch|p1a: Slowbro|Slowbro, M|97/100 tox
|-damage|p1a: Slowbro|85/100 tox|[from] Stealth Rock
|move|p2a: Mienshao|U-turn|p1a: Slowbro
|-supereffective|p1a: Slowbro
|-damage|p1a: Slowbro|59/100 tox
|
|t:|1601337882
|switch|p2a: Sylveon|Sylveon, F|94/100 brn|[from]move: U-turn
|-damage|p2a: Sylveon|82/100 brn|[from] Stealth Rock
|
|-heal|p2a: Sylveon|88/100 brn|[from] item: Leftovers
|-damage|p2a: Sylveon|82/100 brn|[from] brn
|-damage|p1a: Slowbro|53/100 tox|[from] psn
|upkeep
|turn|125
|
|t:|1601337888
|switch|p2a: Mienshao|Mienshao, F|91/100
|-damage|p2a: Mienshao|85/100|[from] Stealth Rock
|switch|p1a: Eldegoss|Eldegoss, F|100/100 tox
|
|-damage|p1a: Eldegoss|94/100 tox|[from] psn
|upkeep
|turn|126
|
|t:|1601337890
|move|p2a: Mienshao|U-turn|p1a: Eldegoss
|-supereffective|p1a: Eldegoss
|-damage|p1a: Eldegoss|58/100 tox
|
|t:|1601337892
|switch|p2a: Steelix|Steelix, F|100/100|[from]move: U-turn
|-damage|p2a: Steelix|97/100|[from] Stealth Rock
|move|p1a: Eldegoss|Rapid Spin|p2a: Steelix
|-resisted|p2a: Steelix
|-damage|p2a: Steelix|96/100
|-boost|p1a: Eldegoss|spe|1
|-sideend|p1: Mustardman'sreturn|Stealth Rock|[from] move: Rapid Spin|[of] p1a: Eldegoss
|
|-heal|p2a: Steelix|100/100|[from] item: Leftovers
|-damage|p1a: Eldegoss|46/100 tox|[from] psn
|upkeep
|turn|127
|
|t:|1601337895
|move|p1a: Eldegoss|Aromatherapy|p1a: Eldegoss
|-activate|p1a: Eldegoss|move: Aromatherapy
|-curestatus|p1a: Eldegoss|tox|[msg]
|-curestatus|p1: Slowbro|tox|[msg]
|move|p2a: Steelix|Stealth Rock|p1a: Eldegoss
|-sidestart|p1: Mustardman'sreturn|move: Stealth Rock
|
|upkeep
|turn|128
|
|t:|1601337899
|switch|p1a: Slowbro|Slowbro, M|86/100
|-damage|p1a: Slowbro|74/100|[from] Stealth Rock
|move|p2a: Steelix|Toxic|p1a: Slowbro
|-status|p1a: Slowbro|tox
|
|-damage|p1a: Slowbro|68/100 tox|[from] psn
|upkeep
|turn|129
|
|t:|1601337910
|switch|p2a: Mienshao|Mienshao, F|100/100
|-damage|p2a: Mienshao|95/100|[from] Stealth Rock
|move|p1a: Slowbro|Teleport|p1a: Slowbro
|
|t:|1601337912
|switch|p1a: Eldegoss|Eldegoss, F|79/100|[from]move: Teleport
|
|upkeep
|turn|130
|
|t:|1601337915
|move|p2a: Mienshao|U-turn|p1a: Eldegoss
|-supereffective|p1a: Eldegoss
|-damage|p1a: Eldegoss|41/100
|
|t:|1601337918
|switch|p2a: Steelix|Steelix, F|100/100|[from]move: U-turn
|-damage|p2a: Steelix|97/100|[from] Stealth Rock
|move|p1a: Eldegoss|Rapid Spin|p2a: Steelix
|-resisted|p2a: Steelix
|-damage|p2a: Steelix|96/100
|-boost|p1a: Eldegoss|spe|1
|-sideend|p1: Mustardman'sreturn|Stealth Rock|[from] move: Rapid Spin|[of] p1a: Eldegoss
|
|-heal|p2a: Steelix|100/100|[from] item: Leftovers
|upkeep
|turn|131
|
|t:|1601337921
|switch|p1a: Slowbro|Slowbro, M|100/100 tox
|move|p2a: Steelix|Stealth Rock|p1a: Slowbro
|-sidestart|p1: Mustardman'sreturn|move: Stealth Rock
|
|-damage|p1a: Slowbro|94/100 tox|[from] psn
|upkeep
|turn|132
|
|t:|1601337924
|switch|p2a: Sylveon|Sylveon, F|82/100 brn
|-damage|p2a: Sylveon|70/100 brn|[from] Stealth Rock
|move|p1a: Slowbro|Teleport|p1a: Slowbro
|
|t:|1601337926
|switch|p1a: Eldegoss|Eldegoss, F|74/100|[from]move: Teleport
|
|-heal|p2a: Sylveon|76/100 brn|[from] item: Leftovers
|-damage|p2a: Sylveon|70/100 brn|[from] brn
|upkeep
|turn|133
|
|t:|1601337933
|switch|p2a: Steelix|Steelix, F|100/100
|-damage|p2a: Steelix|97/100|[from] Stealth Rock
|move|p1a: Eldegoss|Rapid Spin|p2a: Steelix
|-resisted|p2a: Steelix
|-damage|p2a: Steelix|96/100
|-boost|p1a: Eldegoss|spe|1
|-sideend|p1: Mustardman'sreturn|Stealth Rock|[from] move: Rapid Spin|[of] p1a: Eldegoss
|
|-heal|p2a: Steelix|100/100|[from] item: Leftovers
|upkeep
|turn|134
|
|t:|1601337938
|switch|p1a: Slowbro|Slowbro, M|100/100 tox
|move|p2a: Steelix|Stealth Rock|p1a: Slowbro
|-sidestart|p1: Mustardman'sreturn|move: Stealth Rock
|
|-damage|p1a: Slowbro|94/100 tox|[from] psn
|upkeep
|turn|135
|
|t:|1601337948
|switch|p2a: Mienshao|Mienshao, F|100/100
|-damage|p2a: Mienshao|95/100|[from] Stealth Rock
|move|p1a: Slowbro|Teleport|p1a: Slowbro
|
|t:|1601337951
|switch|p1a: Eldegoss|Eldegoss, F|100/100|[from]move: Teleport
|
|upkeep
|turn|136
|
|t:|1601337957
|move|p2a: Mienshao|Knock Off|p1a: Eldegoss
|-damage|p1a: Eldegoss|76/100
|-enditem|p1a: Eldegoss|Heavy-Duty Boots|[from] move: Knock Off|[of] p2a: Mienshao
|move|p1a: Eldegoss|Rapid Spin|p2a: Mienshao
|-crit|p2a: Mienshao
|-damage|p2a: Mienshao|81/100
|-boost|p1a: Eldegoss|spe|1
|-sideend|p1: Mustardman'sreturn|Stealth Rock|[from] move: Rapid Spin|[of] p1a: Eldegoss
|
|upkeep
|turn|137
|
|t:|1601337962
|switch|p2a: Steelix|Steelix, F|100/100
|-damage|p2a: Steelix|97/100|[from] Stealth Rock
|move|p1a: Eldegoss|Giga Drain|p2a: Steelix
|-damage|p2a: Steelix|76/100
|-heal|p1a: Eldegoss|88/100|[from] drain|[of] p2a: Steelix
|
|-heal|p2a: Steelix|82/100|[from] item: Leftovers
|upkeep
|turn|138
|
|t:|1601337968
|move|p1a: Eldegoss|Giga Drain|p2a: Steelix
|-damage|p2a: Steelix|62/100
|-heal|p1a: Eldegoss|99/100|[from] drain|[of] p2a: Steelix
|move|p2a: Steelix|Stealth Rock|p1a: Eldegoss
|-sidestart|p1: Mustardman'sreturn|move: Stealth Rock
|
|-heal|p2a: Steelix|68/100|[from] item: Leftovers
|upkeep
|turn|139
|
|t:|1601337971
|switch|p1a: Slowbro|Slowbro, M|100/100 tox
|-damage|p1a: Slowbro|88/100 tox|[from] Stealth Rock
|move|p2a: Steelix|Toxic|p1a: Slowbro
|-fail|p1a: Slowbro|tox
|
|-heal|p2a: Steelix|74/100|[from] item: Leftovers
|-damage|p1a: Slowbro|82/100 tox|[from] psn
|upkeep
|turn|140
|
|t:|1601337977
|switch|p2a: Mienshao|Mienshao, F|100/100
|-damage|p2a: Mienshao|95/100|[from] Stealth Rock
|move|p1a: Slowbro|Scald|p2a: Mienshao
|-damage|p2a: Mienshao|45/100
|
|-damage|p1a: Slowbro|70/100 tox|[from] psn
|upkeep
|turn|141
|
|t:|1601337985
|move|p2a: Mienshao|U-turn|p1a: Slowbro
|-supereffective|p1a: Slowbro
|-damage|p1a: Slowbro|42/100 tox
|
|t:|1601337987
|switch|p2a: Steelix|Steelix, F|74/100|[from]move: U-turn
|-damage|p2a: Steelix|71/100|[from] Stealth Rock
|move|p1a: Slowbro|Slack Off|p1a: Slowbro
|-heal|p1a: Slowbro|92/100 tox
|
|-heal|p2a: Steelix|77/100|[from] item: Leftovers
|-damage|p1a: Slowbro|74/100 tox|[from] psn
|upkeep
|turn|142
|
|t:|1601337991
|switch|p2a: Sylveon|Sylveon, F|70/100 brn
|-damage|p2a: Sylveon|57/100 brn|[from] Stealth Rock
|move|p1a: Slowbro|Psyshock|p2a: Sylveon
|-damage|p2a: Sylveon|30/100 brn
|
|-heal|p2a: Sylveon|36/100 brn|[from] item: Leftovers
|-damage|p2a: Sylveon|30/100 brn|[from] brn
|-damage|p1a: Slowbro|50/100 tox|[from] psn
|upkeep
|turn|143
|
|t:|1601337997
|switch|p1a: Eldegoss|Eldegoss, F|100/100
|-damage|p1a: Eldegoss|88/100|[from] Stealth Rock
|move|p2a: Sylveon|Wish|p2a: Sylveon
|
|-heal|p2a: Sylveon|36/100 brn|[from] item: Leftovers
|-damage|p2a: Sylveon|30/100 brn|[from] brn
|upkeep
|turn|144
|
|t:|1601338002
|move|p1a: Eldegoss|Rapid Spin|p2a: Sylveon
|-damage|p2a: Sylveon|25/100 brn
|-boost|p1a: Eldegoss|spe|1
|-sideend|p1: Mustardman'sreturn|Stealth Rock|[from] move: Rapid Spin|[of] p1a: Eldegoss
|move|p2a: Sylveon|Moonblast|p1a: Eldegoss
|-damage|p1a: Eldegoss|58/100
|-unboost|p1a: Eldegoss|spa|1
|
|-heal|p2a: Sylveon|75/100 brn|[from] move: Wish|[wisher] Sylveon
|-heal|p2a: Sylveon|81/100 brn|[from] item: Leftovers
|-damage|p2a: Sylveon|75/100 brn|[from] brn
|upkeep
|turn|145
|
|t:|1601338012
|switch|p1a: Chansey|Chansey, F|100/100
|move|p2a: Sylveon|Wish|p2a: Sylveon
|
|-heal|p2a: Sylveon|81/100 brn|[from] item: Leftovers
|-damage|p2a: Sylveon|75/100 brn|[from] brn
|upkeep
|turn|146
|
|t:|1601338016
|switch|p2a: Mienshao|Mienshao, F|78/100
|-damage|p2a: Mienshao|72/100|[from] Stealth Rock
|switch|p1a: Slowbro|Slowbro, M|83/100 tox
|
|-heal|p2a: Mienshao|100/100|[from] move: Wish|[wisher] Sylveon
|-damage|p1a: Slowbro|77/100 tox|[from] psn
|upkeep
|turn|147
|
|t:|1601338022
|move|p2a: Mienshao|U-turn|p1a: Slowbro
|-supereffective|p1a: Slowbro
|-damage|p1a: Slowbro|47/100 tox
|
|t:|1601338024
|switch|p2a: Sylveon|Sylveon, F|75/100 brn|[from]move: U-turn
|-damage|p2a: Sylveon|63/100 brn|[from] Stealth Rock
|move|p1a: Slowbro|Teleport|p1a: Slowbro
|
|t:|1601338028
|switch|p1a: Chansey|Chansey, F|100/100|[from]move: Teleport
|
|-heal|p2a: Sylveon|69/100 brn|[from] item: Leftovers
|-damage|p2a: Sylveon|63/100 brn|[from] brn
|upkeep
|turn|148
|
|t:|1601338030
|switch|p2a: Mienshao|Mienshao, F|100/100
|-damage|p2a: Mienshao|95/100|[from] Stealth Rock
|move|p1a: Chansey|Seismic Toss|p2a: Mienshao
|-damage|p2a: Mienshao|58/100
|
|upkeep
|turn|149
|
|t:|1601338033
|switch|p1a: Slowbro|Slowbro, M|80/100 tox
|move|p2a: Mienshao|U-turn|p1a: Slowbro
|-supereffective|p1a: Slowbro
|-damage|p1a: Slowbro|53/100 tox
|
|t:|1601338037
|switch|p2a: Sylveon|Sylveon, F|63/100 brn|[from]move: U-turn
|-damage|p2a: Sylveon|50/100 brn|[from] Stealth Rock
|
|-heal|p2a: Sylveon|56/100 brn|[from] item: Leftovers
|-damage|p2a: Sylveon|50/100 brn|[from] brn
|-damage|p1a: Slowbro|47/100 tox|[from] psn
|upkeep
|turn|150
|
|t:|1601338040
|switch|p2a: Mienshao|Mienshao, F|91/100
|-damage|p2a: Mienshao|85/100|[from] Stealth Rock
|switch|p1a: Chansey|Chansey, F|100/100
|
|upkeep
|turn|151
|
|t:|1601338043
|switch|p1a: Slowbro|Slowbro, M|80/100 tox
|move|p2a: Mienshao|U-turn|p1a: Slowbro
|-supereffective|p1a: Slowbro
|-damage|p1a: Slowbro|53/100 tox
|
|t:|1601338047
|switch|p2a: Sylveon|Sylveon, F|50/100 brn|[from]move: U-turn
|-damage|p2a: Sylveon|38/100 brn|[from] Stealth Rock
|
|-heal|p2a: Sylveon|44/100 brn|[from] item: Leftovers
|-damage|p2a: Sylveon|38/100 brn|[from] brn
|-damage|p1a: Slowbro|47/100 tox|[from] psn
|upkeep
|turn|152
|
|t:|1601338049
|switch|p1a: Chansey|Chansey, F|100/100
|move|p2a: Sylveon|Moonblast|p1a: Chansey
|-damage|p1a: Chansey|91/100
|
|-heal|p2a: Sylveon|44/100 brn|[from] item: Leftovers
|-damage|p2a: Sylveon|38/100 brn|[from] brn
|upkeep
|turn|153
|
|t:|1601338052
|move|p2a: Sylveon|Wish|p2a: Sylveon
|move|p1a: Chansey|Seismic Toss|p2a: Sylveon
|-damage|p2a: Sylveon|12/100 brn
|
|-heal|p2a: Sylveon|19/100 brn|[from] item: Leftovers
|-damage|p2a: Sylveon|12/100 brn|[from] brn
|upkeep
|turn|154
|
|t:|1601338056
|switch|p1a: Slowbro|Slowbro, M|80/100 tox
|move|p2a: Sylveon|Protect||[still]
|-fail|p2a: Sylveon
|
|-heal|p2a: Sylveon|62/100 brn|[from] move: Wish|[wisher] Sylveon
|-heal|p2a: Sylveon|69/100 brn|[from] item: Leftovers
|-damage|p2a: Sylveon|62/100 brn|[from] brn
|-damage|p1a: Slowbro|74/100 tox|[from] psn
|upkeep
|turn|155
|
|t:|1601338058
|switch|p1a: Chansey|Chansey, F|91/100
|move|p2a: Sylveon|Moonblast|p1a: Chansey
|-damage|p1a: Chansey|81/100
|
|-heal|p2a: Sylveon|69/100 brn|[from] item: Leftovers
|-damage|p2a: Sylveon|62/100 brn|[from] brn
|upkeep
|turn|156
|-message|Zephyyyr forfeited.
|
|win|Mustardman'sreturn
|l|☆Zephyyyr
|raw|Mustardman&apos;sreturn's rating: 1704 &rarr; <strong>1723</strong><br />(+19 for winning)
|raw|Zephyyyr's rating: 1690 &rarr; <strong>1671</strong><br />(-19 for losing)
