|j|☆Mimilucha
|j|☆justdrew
|t:|1664747435
|gametype|singles
|player|p1|Mimilucha|ethan-masters|
|player|p2|justdrew|#itsjustdrew|
|teamsize|p1|6
|teamsize|p2|6
|gen|8
|tier|[Gen 8] UU
|rated|Tournament battle
|rule|Sleep Clause Mod: Limit one foe put to sleep
|rule|Species Clause: Limit one of each Pokémon
|rule|OHKO Clause: OHKO moves are banned
|rule|Evasion Items Clause: Evasion items are banned
|rule|Evasion Moves Clause: Evasion moves are banned
|rule|Endless Battle Clause: Forcing endless battles is banned
|rule|HP Percentage Mod: HP is shown in percentages
|rule|Dynamax Clause: You cannot dynamax
|clearpoke
|poke|p1|Cobalion|
|poke|p1|Reuniclus, F|
|poke|p1|Rotom-Wash|
|poke|p1|Nihilego|
|poke|p1|Salamence, M|
|poke|p1|Diggersby, M|
|poke|p2|Cobalion|
|poke|p2|Zygarde-10%|
|poke|p2|Chansey, F|
|poke|p2|Celesteela|
|poke|p2|Hydreigon, F|
|poke|p2|Dhelmise|
|teampreview
|inactive|Battle timer is ON: inactive players will automatically lose when time's up. (requested by Mimilucha)
|j| Polybius32
|c|☆Mimilucha|hf
|c|☆justdrew|hf
|
|t:|1664747459
|start
|switch|p1a: Rotom|Rotom-Wash|100/100
|switch|p2a: Cobalion|Cobalion|100/100
|turn|1
|
|t:|1664747466
|move|p2a: Cobalion|Volt Switch|p1a: Rotom
|-damage|p1a: Rotom|87/100
|
|t:|1664747467
|switch|p2a: Zygarde|Zygarde-10%|100/100|[from]move: Volt Switch
|-ability|p2a: Zygarde|Aura Break
|move|p1a: Rotom|Will-O-Wisp|p2a: Zygarde
|-status|p2a: Zygarde|brn
|
|-heal|p1a: Rotom|93/100|[from] item: Leftovers
|-damage|p2a: Zygarde|94/100 brn|[from] brn
|upkeep
|turn|2
|c|☆justdrew|woat misclick
|
|t:|1664747485
|switch|p1a: Reuniclus|Reuniclus, F|100/100
|move|p2a: Zygarde|Thousand Arrows|p1a: Reuniclus
|-damage|p1a: Reuniclus|77/100
|
|-damage|p2a: Zygarde|88/100 brn|[from] brn
|upkeep
|turn|3
|
|t:|1664747491
|switch|p2a: Chansey|Chansey, F|100/100
|move|p1a: Reuniclus|Thunder|p2a: Chansey
|-damage|p2a: Chansey|90/100
|
|upkeep
|turn|4
|
|t:|1664747497
|move|p1a: Reuniclus|Trick|p2a: Chansey
|-activate|p1a: Reuniclus|move: Trick|[of] p2a: Chansey
|-item|p2a: Chansey|Sticky Barb|[from] move: Trick
|-item|p1a: Reuniclus|Eviolite|[from] move: Trick
|move|p2a: Chansey|Teleport|p2a: Chansey
|
|t:|1664747510
|switch|p2a: Hydreigon|Hydreigon, F|100/100|[from]move: Teleport
|
|upkeep
|turn|5
|j| pikachumederic
|
|t:|1664747517
|switch|p1a: Nihilego|Nihilego|100/100
|move|p2a: Hydreigon|U-turn|p1a: Nihilego
|-resisted|p1a: Nihilego
|-damage|p1a: Nihilego|89/100
|
|t:|1664747519
|switch|p2a: Cobalion|Cobalion|100/100|[from]move: U-turn
|
|-heal|p1a: Nihilego|95/100|[from] item: Black Sludge
|upkeep
|turn|6
|
|t:|1664747525
|switch|p1a: Salamence|Salamence, M|100/100
|-ability|p1a: Salamence|Intimidate|boost
|-unboost|p2a: Cobalion|atk|1
|move|p2a: Cobalion|Stealth Rock|p1a: Salamence
|-sidestart|p1: Mimilucha|move: Stealth Rock
|
|upkeep
|turn|7
|
|t:|1664747529
|move|p2a: Cobalion|Toxic|p1a: Salamence
|-status|p1a: Salamence|tox
|move|p1a: Salamence|Defog|p2a: Cobalion
|-unboost|p2a: Cobalion|evasion|1
|-sideend|p1: Mimilucha|Stealth Rock|[from] move: Defog|[of] p1a: Salamence
|
|-damage|p1a: Salamence|94/100 tox|[from] psn
|upkeep
|turn|8
|
|t:|1664747536
|move|p2a: Cobalion|Stealth Rock|p1a: Salamence
|-sidestart|p1: Mimilucha|move: Stealth Rock
|move|p1a: Salamence|Flamethrower|p2a: Cobalion
|-supereffective|p2a: Cobalion
|-damage|p2a: Cobalion|46/100
|
|-damage|p1a: Salamence|82/100 tox|[from] psn
|upkeep
|turn|9
|
|t:|1664747544
|move|p2a: Cobalion|Volt Switch|p1a: Salamence
|-damage|p1a: Salamence|69/100 tox
|
|t:|1664747546
|switch|p2a: Chansey|Chansey, F|90/100|[from]move: Volt Switch
|move|p1a: Salamence|Defog|p2a: Chansey
|-unboost|p2a: Chansey|evasion|1
|-sideend|p1: Mimilucha|Stealth Rock|[from] move: Defog|[of] p1a: Salamence
|
|-damage|p1a: Salamence|50/100 tox|[from] psn
|-damage|p2a: Chansey|77/100|[from] item: Sticky Barb
|upkeep
|turn|10
|
|t:|1664747551
|switch|p1a: Cobalion|Cobalion|100/100
|move|p2a: Chansey|Seismic Toss|p1a: Cobalion
|-damage|p1a: Cobalion|70/100
|-damage|p2a: Chansey|61/100|[from] item: Rocky Helmet|[of] p1a: Cobalion
|
|-damage|p2a: Chansey|48/100|[from] item: Sticky Barb
|upkeep
|turn|11
|
|t:|1664747559
|move|p1a: Cobalion|Swords Dance|p1a: Cobalion
|-boost|p1a: Cobalion|atk|2
|move|p2a: Chansey|Soft-Boiled|p2a: Chansey
|-heal|p2a: Chansey|98/100
|
|-damage|p2a: Chansey|86/100|[from] item: Sticky Barb
|upkeep
|turn|12
|
|t:|1664747566
|switch|p2a: Celesteela|Celesteela|100/100
|move|p1a: Cobalion|Megahorn|p2a: Celesteela|[miss]
|-miss|p1a: Cobalion|p2a: Celesteela
|
|upkeep
|turn|13
|
|t:|1664747573
|switch|p1a: Rotom|Rotom-Wash|93/100
|move|p2a: Celesteela|Flamethrower|p1a: Rotom
|-resisted|p1a: Rotom
|-damage|p1a: Rotom|83/100
|
|-heal|p1a: Rotom|89/100|[from] item: Leftovers
|upkeep
|turn|14
|
|t:|1664747579
|move|p2a: Celesteela|Protect|p2a: Celesteela
|-singleturn|p2a: Celesteela|Protect
|move|p1a: Rotom|Volt Switch|p2a: Celesteela
|-activate|p2a: Celesteela|move: Protect
|
|-heal|p1a: Rotom|95/100|[from] item: Leftovers
|upkeep
|turn|15
|
|t:|1664747586
|switch|p2a: Hydreigon|Hydreigon, F|100/100
|move|p1a: Rotom|Volt Switch|p2a: Hydreigon
|-resisted|p2a: Hydreigon
|-damage|p2a: Hydreigon|84/100
|
|t:|1664747590
|switch|p1a: Nihilego|Nihilego|95/100|[from]move: Volt Switch
|
|-heal|p1a: Nihilego|100/100|[from] item: Black Sludge
|upkeep
|turn|16
|
|t:|1664747596
|move|p2a: Hydreigon|U-turn|p1a: Nihilego
|-resisted|p1a: Nihilego
|-damage|p1a: Nihilego|90/100
|
|t:|1664747598
|switch|p2a: Cobalion|Cobalion|46/100|[from]move: U-turn
|move|p1a: Nihilego|Stealth Rock|p2a: Cobalion
|-sidestart|p2: justdrew|move: Stealth Rock
|
|-heal|p1a: Nihilego|96/100|[from] item: Black Sludge
|upkeep
|turn|17
|
|t:|1664747602
|switch|p1a: Reuniclus|Reuniclus, F|77/100
|move|p2a: Cobalion|Stealth Rock|p1a: Reuniclus
|-sidestart|p1: Mimilucha|move: Stealth Rock
|
|upkeep
|turn|18
|
|t:|1664747607
|move|p2a: Cobalion|Volt Switch|p1a: Reuniclus
|-damage|p1a: Reuniclus|67/100
|
|t:|1664747611
|switch|p2a: Dhelmise|Dhelmise|100/100|[from]move: Volt Switch
|move|p1a: Reuniclus|Thunder|p2a: Dhelmise|[miss]
|-miss|p1a: Reuniclus|p2a: Dhelmise
|
|upkeep
|turn|19
|
|t:|1664747622
|switch|p1a: Salamence|Salamence, M|50/100 tox
|-ability|p1a: Salamence|Intimidate|boost
|-unboost|p2a: Dhelmise|atk|1
|move|p2a: Dhelmise|Rapid Spin|p1a: Salamence
|-damage|p1a: Salamence|43/100 tox
|-boost|p2a: Dhelmise|spe|1
|-sideend|p2: justdrew|Stealth Rock|[from] move: Rapid Spin|[of] p2a: Dhelmise
|
|-damage|p1a: Salamence|37/100 tox|[from] psn
|upkeep
|turn|20
|
|t:|1664747628
|switch|p2a: Hydreigon|Hydreigon, F|84/100
|move|p1a: Salamence|Roost|p1a: Salamence
|-heal|p1a: Salamence|87/100 tox
|-singleturn|p1a: Salamence|move: Roost
|
|-damage|p1a: Salamence|75/100 tox|[from] psn
|upkeep
|turn|21
|
|t:|1664747636
|switch|p1a: Cobalion|Cobalion|70/100
|-damage|p1a: Cobalion|66/100|[from] Stealth Rock
|move|p2a: Hydreigon|Dark Pulse|p1a: Cobalion
|-resisted|p1a: Cobalion
|-damage|p1a: Cobalion|37/100
|-ability|p1a: Cobalion|Justified|boost
|-boost|p1a: Cobalion|atk|1
|
|upkeep
|turn|22
|
|t:|1664747663
|switch|p2a: Zygarde|Zygarde-10%|88/100 brn
|-ability|p2a: Zygarde|Aura Break
|move|p1a: Cobalion|Stone Edge|p2a: Zygarde
|-resisted|p2a: Zygarde
|-damage|p2a: Zygarde|53/100 brn
|
|-damage|p2a: Zygarde|47/100 brn|[from] brn
|upkeep
|turn|23
|
|t:|1664747681
|switch|p1a: Salamence|Salamence, M|75/100 tox
|-ability|p1a: Salamence|Intimidate|boost
|-unboost|p2a: Zygarde|atk|1
|move|p2a: Zygarde|Thousand Arrows|p1a: Salamence
|-damage|p1a: Salamence|60/100 tox
|-start|p1a: Salamence|Smack Down
|
|-damage|p1a: Salamence|54/100 tox|[from] psn
|-damage|p2a: Zygarde|41/100 brn|[from] brn
|upkeep
|turn|24
|
|t:|1664747689
|switch|p2a: Chansey|Chansey, F|86/100
|move|p1a: Salamence|Defog|p2a: Chansey
|-unboost|p2a: Chansey|evasion|1
|-sideend|p1: Mimilucha|Stealth Rock|[from] move: Defog|[of] p1a: Salamence
|
|-damage|p1a: Salamence|41/100 tox|[from] psn
|-damage|p2a: Chansey|74/100|[from] item: Sticky Barb
|upkeep
|turn|25
|j| Cam
|
|t:|1664747703
|switch|p1a: Nihilego|Nihilego|96/100
|move|p2a: Chansey|Seismic Toss|p1a: Nihilego
|-damage|p1a: Nihilego|68/100
|
|-heal|p1a: Nihilego|74/100|[from] item: Black Sludge
|-damage|p2a: Chansey|61/100|[from] item: Sticky Barb
|upkeep
|turn|26
|
|t:|1664747715
|move|p1a: Nihilego|Stealth Rock|p2a: Chansey
|-sidestart|p2: justdrew|move: Stealth Rock
|move|p2a: Chansey|Teleport|p2a: Chansey
|
|t:|1664747717
|switch|p2a: Cobalion|Cobalion|46/100|[from]move: Teleport
|-damage|p2a: Cobalion|43/100|[from] Stealth Rock
|
|-heal|p1a: Nihilego|80/100|[from] item: Black Sludge
|upkeep
|turn|27
|j| LocalMetagross
|
|t:|1664747733
|switch|p1a: Reuniclus|Reuniclus, F|67/100
|move|p2a: Cobalion|Stealth Rock|p1a: Reuniclus
|-sidestart|p1: Mimilucha|move: Stealth Rock
|
|upkeep
|turn|28
|
|t:|1664747740
|move|p2a: Cobalion|Volt Switch|p1a: Reuniclus
|-damage|p1a: Reuniclus|55/100
|
|t:|1664747744
|switch|p2a: Dhelmise|Dhelmise|100/100|[from]move: Volt Switch
|move|p1a: Reuniclus|Thunder|p2a: Dhelmise
|-resisted|p2a: Dhelmise
|-damage|p2a: Dhelmise|87/100
|
|upkeep
|turn|29
|
|t:|1664747751
|switch|p1a: Salamence|Salamence, M|41/100 tox
|-ability|p1a: Salamence|Intimidate|boost
|-unboost|p2a: Dhelmise|atk|1
|move|p2a: Dhelmise|Rapid Spin|p1a: Salamence
|-damage|p1a: Salamence|34/100 tox
|-boost|p2a: Dhelmise|spe|1
|-sideend|p2: justdrew|Stealth Rock|[from] move: Rapid Spin|[of] p2a: Dhelmise
|
|-damage|p1a: Salamence|28/100 tox|[from] psn
|upkeep
|turn|30
|
|t:|1664747759
|switch|p2a: Hydreigon|Hydreigon, F|84/100
|move|p1a: Salamence|Roost|p1a: Salamence
|-heal|p1a: Salamence|78/100 tox
|-singleturn|p1a: Salamence|move: Roost
|
|-damage|p1a: Salamence|65/100 tox|[from] psn
|upkeep
|turn|31
|l| LocalMetagross
|j| LatinGoonie
|
|t:|1664747774
|switch|p1a: Reuniclus|Reuniclus, F|55/100
|move|p2a: Hydreigon|Dark Pulse|p1a: Reuniclus
|-supereffective|p1a: Reuniclus
|-damage|p1a: Reuniclus|0 fnt
|faint|p1a: Reuniclus
|
|upkeep
|l| LatinGoonie
|
|t:|1664747782
|switch|p1a: Diggersby|Diggersby, M|100/100
|-damage|p1a: Diggersby|94/100|[from] Stealth Rock
|turn|32
|
|t:|1664747811
|switch|p2a: Celesteela|Celesteela|100/100
|move|p1a: Diggersby|U-turn|p2a: Celesteela
|-resisted|p2a: Celesteela
|-damage|p2a: Celesteela|94/100
|
|t:|1664747814
|switch|p1a: Rotom|Rotom-Wash|95/100|[from]move: U-turn
|-damage|p1a: Rotom|82/100|[from] Stealth Rock
|
|-heal|p1a: Rotom|88/100|[from] item: Leftovers
|-heal|p2a: Celesteela|99/100|[from] item: Leftovers
|upkeep
|turn|33
|
|t:|1664747819
|move|p1a: Rotom|Will-O-Wisp|p2a: Celesteela
|-status|p2a: Celesteela|brn
|move|p2a: Celesteela|Leech Seed|p1a: Rotom
|-start|p1a: Rotom|move: Leech Seed
|
|-heal|p1a: Rotom|94/100|[from] item: Leftovers
|-heal|p2a: Celesteela|100/100 brn|[from] item: Leftovers
|-damage|p1a: Rotom|82/100|[from] Leech Seed|[of] p2a: Celesteela
|-damage|p2a: Celesteela|94/100 brn|[from] brn
|upkeep
|turn|34
|
|t:|1664747824
|switch|p1a: Salamence|Salamence, M|65/100 tox
|-ability|p1a: Salamence|Intimidate|boost
|-unboost|p2a: Celesteela|atk|1
|move|p2a: Celesteela|Leech Seed|p1a: Salamence
|-start|p1a: Salamence|move: Leech Seed
|
|-heal|p2a: Celesteela|100/100 brn|[from] item: Leftovers
|-damage|p1a: Salamence|53/100 tox|[from] Leech Seed|[of] p2a: Celesteela
|-damage|p1a: Salamence|47/100 tox|[from] psn
|-damage|p2a: Celesteela|94/100 brn|[from] brn
|upkeep
|turn|35
|
|t:|1664747828
|switch|p2a: Cobalion|Cobalion|43/100
|move|p1a: Salamence|Roost|p1a: Salamence
|-heal|p1a: Salamence|97/100 tox
|-singleturn|p1a: Salamence|move: Roost
|
|-damage|p1a: Salamence|85/100 tox|[from] Leech Seed|[of] p2a: Cobalion
|-heal|p2a: Cobalion|58/100|[silent]
|-damage|p1a: Salamence|72/100 tox|[from] psn
|upkeep
|turn|36
|
|t:|1664747837
|switch|p1a: Rotom|Rotom-Wash|82/100
|-damage|p1a: Rotom|70/100|[from] Stealth Rock
|move|p2a: Cobalion|Volt Switch|p1a: Rotom
|-crit|p1a: Rotom
|-damage|p1a: Rotom|47/100
|
|t:|1664747846
|switch|p2a: Zygarde|Zygarde-10%|41/100 brn|[from]move: Volt Switch
|-ability|p2a: Zygarde|Aura Break
|
|-heal|p1a: Rotom|53/100|[from] item: Leftovers
|-damage|p2a: Zygarde|35/100 brn|[from] brn
|upkeep
|turn|37
|
|t:|1664747849
|switch|p1a: Salamence|Salamence, M|72/100 tox
|-ability|p1a: Salamence|Intimidate|boost
|-unboost|p2a: Zygarde|atk|1
|move|p2a: Zygarde|Thousand Arrows|p1a: Salamence
|-damage|p1a: Salamence|56/100 tox
|-start|p1a: Salamence|Smack Down
|
|-damage|p1a: Salamence|50/100 tox|[from] psn
|-damage|p2a: Zygarde|29/100 brn|[from] brn
|upkeep
|turn|38
|
|t:|1664747858
|switch|p2a: Hydreigon|Hydreigon, F|84/100
|move|p1a: Salamence|Defog|p2a: Hydreigon
|-unboost|p2a: Hydreigon|evasion|1
|-sideend|p1: Mimilucha|Stealth Rock|[from] move: Defog|[of] p1a: Salamence
|
|-damage|p1a: Salamence|38/100 tox|[from] psn
|upkeep
|turn|39
|
|t:|1664747862
|switch|p1a: Nihilego|Nihilego|80/100
|move|p2a: Hydreigon|Dark Pulse|p1a: Nihilego
|-damage|p1a: Nihilego|46/100
|
|-heal|p1a: Nihilego|52/100|[from] item: Black Sludge
|upkeep
|turn|40
|
|t:|1664747868
|switch|p2a: Cobalion|Cobalion|58/100
|move|p1a: Nihilego|Stealth Rock|p2a: Cobalion
|-sidestart|p2: justdrew|move: Stealth Rock
|
|-heal|p1a: Nihilego|58/100|[from] item: Black Sludge
|upkeep
|turn|41
|
|t:|1664747870
|switch|p1a: Diggersby|Diggersby, M|94/100
|move|p2a: Cobalion|Stealth Rock|p1a: Diggersby
|-sidestart|p1: Mimilucha|move: Stealth Rock
|
|upkeep
|turn|42
|j| itsyaboiivan
|
|t:|1664747880
|switch|p2a: Zygarde|Zygarde-10%|29/100 brn
|-damage|p2a: Zygarde|23/100 brn|[from] Stealth Rock
|-ability|p2a: Zygarde|Aura Break
|move|p1a: Diggersby|Knock Off|p2a: Zygarde
|-damage|p2a: Zygarde|0 fnt
|-enditem|p2a: Zygarde|Choice Band|[from] move: Knock Off|[of] p1a: Diggersby
|faint|p2a: Zygarde
|
|upkeep
|
|t:|1664747885
|switch|p2a: Cobalion|Cobalion|58/100
|-damage|p2a: Cobalion|55/100|[from] Stealth Rock
|turn|43
|l| itsyaboiivan
|
|t:|1664747892
|switch|p1a: Salamence|Salamence, M|38/100 tox
|-ability|p1a: Salamence|Intimidate|boost
|-unboost|p2a: Cobalion|atk|1
|move|p2a: Cobalion|Volt Switch|p1a: Salamence
|-damage|p1a: Salamence|23/100 tox
|
|t:|1664747897
|switch|p2a: Hydreigon|Hydreigon, F|84/100|[from]move: Volt Switch
|-damage|p2a: Hydreigon|71/100|[from] Stealth Rock
|
|-damage|p1a: Salamence|17/100 tox|[from] psn
|upkeep
|turn|44
|j| Liz Angeles
|
|t:|1664747906
|move|p2a: Hydreigon|Dark Pulse|p1a: Salamence
|-damage|p1a: Salamence|0 fnt
|faint|p1a: Salamence
|
|upkeep
|
|t:|1664747910
|switch|p1a: Nihilego|Nihilego|58/100
|-damage|p1a: Nihilego|46/100|[from] Stealth Rock
|turn|45
|
|t:|1664747921
|switch|p2a: Cobalion|Cobalion|55/100
|-damage|p2a: Cobalion|52/100|[from] Stealth Rock
|move|p1a: Nihilego|Knock Off|p2a: Cobalion
|-resisted|p2a: Cobalion
|-crit|p2a: Cobalion
|-damage|p2a: Cobalion|45/100
|-damage|p1a: Nihilego|29/100|[from] item: Rocky Helmet|[of] p2a: Cobalion
|-ability|p2a: Cobalion|Justified|boost
|-boost|p2a: Cobalion|atk|1
|-enditem|p2a: Cobalion|Rocky Helmet|[from] move: Knock Off|[of] p1a: Nihilego
|
|-heal|p1a: Nihilego|36/100|[from] item: Black Sludge
|upkeep
|turn|46
|
|t:|1664747927
|switch|p1a: Cobalion|Cobalion|37/100
|-damage|p1a: Cobalion|34/100|[from] Stealth Rock
|move|p2a: Cobalion|Close Combat|p1a: Cobalion
|-supereffective|p1a: Cobalion
|-damage|p1a: Cobalion|0 fnt
|-unboost|p2a: Cobalion|def|1
|-unboost|p2a: Cobalion|spd|1
|-damage|p2a: Cobalion|28/100|[from] item: Rocky Helmet|[of] p1a: Cobalion
|faint|p1a: Cobalion
|
|upkeep
|
|t:|1664747929
|switch|p1a: Diggersby|Diggersby, M|94/100
|-damage|p1a: Diggersby|88/100|[from] Stealth Rock
|turn|47
|
|t:|1664747941
|switch|p2a: Celesteela|Celesteela|94/100 brn
|-damage|p2a: Celesteela|82/100 brn|[from] Stealth Rock
|move|p1a: Diggersby|Body Slam|p2a: Celesteela
|-resisted|p2a: Celesteela
|-damage|p2a: Celesteela|61/100 brn
|
|-heal|p2a: Celesteela|67/100 brn|[from] item: Leftovers
|-damage|p2a: Celesteela|61/100 brn|[from] brn
|upkeep
|turn|48
|
|t:|1664747956
|switch|p1a: Rotom|Rotom-Wash|53/100
|-damage|p1a: Rotom|40/100|[from] Stealth Rock
|switch|p2a: Cobalion|Cobalion|28/100
|-damage|p2a: Cobalion|25/100|[from] Stealth Rock
|
|-heal|p1a: Rotom|46/100|[from] item: Leftovers
|upkeep
|turn|49
|inactive|justdrew has 120 seconds left.
|l| Liz Angeles
|
|t:|1664747991
|move|p2a: Cobalion|Close Combat|p1a: Rotom
|-damage|p1a: Rotom|0 fnt
|-unboost|p2a: Cobalion|def|1
|-unboost|p2a: Cobalion|spd|1
|faint|p1a: Rotom
|
|upkeep
|
|t:|1664747998
|switch|p1a: Diggersby|Diggersby, M|88/100
|-damage|p1a: Diggersby|82/100|[from] Stealth Rock
|turn|50
|inactive|justdrew has 120 seconds left.
|
|t:|1664748009
|switch|p2a: Dhelmise|Dhelmise|87/100
|move|p1a: Diggersby|Body Slam|p2a: Dhelmise
|-immune|p2a: Dhelmise
|
|upkeep
|turn|51
|inactive|justdrew has 120 seconds left.
|
|t:|1664748020
|switch|p1a: Nihilego|Nihilego|36/100
|-damage|p1a: Nihilego|23/100|[from] Stealth Rock
|move|p2a: Dhelmise|Rapid Spin|p1a: Nihilego
|-resisted|p1a: Nihilego
|-crit|p1a: Nihilego
|-damage|p1a: Nihilego|7/100
|-boost|p2a: Dhelmise|spe|1
|-sideend|p2: justdrew|Stealth Rock|[from] move: Rapid Spin|[of] p2a: Dhelmise
|
|-heal|p1a: Nihilego|13/100|[from] item: Black Sludge
|upkeep
|turn|52
|inactive|justdrew has 120 seconds left.
|
|t:|1664748030
|move|p1a: Nihilego|Sludge Bomb|p2a: Dhelmise
|-damage|p2a: Dhelmise|50/100
|move|p2a: Dhelmise|Rapid Spin|p1a: Nihilego
|-resisted|p1a: Nihilego
|-damage|p1a: Nihilego|3/100
|-boost|p2a: Dhelmise|spe|1
|
|-heal|p1a: Nihilego|9/100|[from] item: Black Sludge
|upkeep
|turn|53
|
|t:|1664748035
|move|p1a: Nihilego|Sludge Bomb|p2a: Dhelmise
|-damage|p2a: Dhelmise|10/100
|move|p2a: Dhelmise|Rapid Spin|p1a: Nihilego
|-resisted|p1a: Nihilego
|-damage|p1a: Nihilego|0 fnt
|-boost|p2a: Dhelmise|spe|1
|faint|p1a: Nihilego
|
|upkeep
|
|t:|1664748038
|switch|p1a: Diggersby|Diggersby, M|82/100
|-damage|p1a: Diggersby|76/100|[from] Stealth Rock
|turn|54
|
|t:|1664748042
|move|p1a: Diggersby|Knock Off|p2a: Dhelmise
|-supereffective|p2a: Dhelmise
|-damage|p2a: Dhelmise|0 fnt
|-enditem|p2a: Dhelmise|Heavy-Duty Boots|[from] move: Knock Off|[of] p1a: Diggersby
|faint|p2a: Dhelmise
|
|upkeep
|
|t:|1664748044
|switch|p2a: Cobalion|Cobalion|25/100
|turn|55
|c|☆justdrew|gg
|
|t:|1664748060
|move|p1a: Diggersby|Knock Off|p2a: Cobalion
|-resisted|p2a: Cobalion
|-damage|p2a: Cobalion|14/100
|-ability|p2a: Cobalion|Justified|boost
|-boost|p2a: Cobalion|atk|1
|move|p2a: Cobalion|Close Combat|p1a: Diggersby
|-supereffective|p1a: Diggersby
|-damage|p1a: Diggersby|0 fnt
|-unboost|p2a: Cobalion|def|1
|-unboost|p2a: Cobalion|spd|1
|faint|p1a: Diggersby
|
|win|justdrew
|n|☆Mimilucha|mimilucha
|n|☆justdrew|justdrew
|n| Polybius32|polybius32
|n| pikachumederic|pikachumederic
|n| Cam|cam
