|j|☆esqimo589
|j|☆Permission Slip
|t:|1665949571
|gametype|singles
|player|p1|esqimo589|n|
|player|p2|Permission Slip|morty-masters2|
|teamsize|p1|6
|teamsize|p2|6
|gen|8
|tier|[Gen 8] UU
|rule|Sleep Clause Mod: Limit one foe put to sleep
|rule|Species Clause: Limit one of each Pokémon
|rule|OHKO Clause: OHKO moves are banned
|rule|Evasion Items Clause: Evasion items are banned
|rule|Evasion Moves Clause: Evasion moves are banned
|rule|Endless Battle Clause: Forcing endless battles is banned
|rule|HP Percentage Mod: HP is shown in percentages
|rule|Dynamax Clause: You cannot dynamax
|clearpoke
|poke|p1|Diggersby, M|
|poke|p1|Chandelure, F|
|poke|p1|Cobalion|
|poke|p1|Reuniclus, F|
|poke|p1|Tangrowth, F|
|poke|p1|Salamence, F|
|poke|p2|Excadrill, M|
|poke|p2|Salamence, M|
|poke|p2|Polteageist|
|poke|p2|Azumarill, M|
|poke|p2|Celesteela|
|poke|p2|Cobalion|
|teampreview
|inactive|Battle timer is ON: inactive players will automatically lose when time's up. (requested by esqimo589)
|c|☆Permission Slip|hf
|inactive|esqimo589 has 270 seconds left.
|
|t:|1665949601
|start
|switch|p1a: big chungus|Diggersby, M|100/100
|switch|p2a: Excadrill|Excadrill, M|100/100
|-ability|p2a: Excadrill|Mold Breaker
|turn|1
|
|t:|1665949605
|move|p1a: big chungus|U-turn|p2a: Excadrill
|-resisted|p2a: Excadrill
|-damage|p2a: Excadrill|79/100
|
|t:|1665949608
|switch|p1a: the goat|Cobalion|100/100|[from]move: U-turn
|move|p2a: Excadrill|Stealth Rock|p1a: the goat
|-sidestart|p1: esqimo589|move: Stealth Rock
|
|upkeep
|turn|2
|
|t:|1665949614
|move|p1a: the goat|Close Combat|p2a: Excadrill
|-supereffective|p2a: Excadrill
|-damage|p2a: Excadrill|0 fnt
|-unboost|p1a: the goat|def|1
|-unboost|p1a: the goat|spd|1
|faint|p2a: Excadrill
|
|upkeep
|
|t:|1665949616
|switch|p2a: Polteageist|Polteageist|100/100
|turn|3
|
|t:|1665949632
|move|p1a: the goat|Volt Switch|p2a: Polteageist
|-damage|p2a: Polteageist|84/100
|inactive|esqimo589 has 270 seconds left.
|inactive|esqimo589 has 240 seconds left.
|
|t:|1665949709
|switch|p1a: tangrussy|Tangrowth, F|100/100|[from]move: Volt Switch
|-damage|p1a: tangrussy|88/100|[from] Stealth Rock
|move|p2a: Polteageist|Shell Smash|p2a: Polteageist
|-unboost|p2a: Polteageist|def|1
|-unboost|p2a: Polteageist|spd|1
|-boost|p2a: Polteageist|atk|2
|-boost|p2a: Polteageist|spa|2
|-boost|p2a: Polteageist|spe|2
|
|upkeep
|turn|4
|
|t:|1665949717
|move|p2a: Polteageist|Stored Power|p1a: tangrussy
|-damage|p1a: tangrussy|27/100
|move|p1a: tangrussy|Knock Off|p2a: Polteageist
|-supereffective|p2a: Polteageist
|-damage|p2a: Polteageist|0 fnt
|-enditem|p2a: Polteageist|Focus Sash|[from] move: Knock Off|[of] p1a: tangrussy
|faint|p2a: Polteageist
|
|upkeep
|
|t:|1665949723
|switch|p2a: Cobalion|Cobalion|100/100
|turn|5
|
|t:|1665949736
|move|p2a: Cobalion|Rock Polish|p2a: Cobalion
|-boost|p2a: Cobalion|spe|2
|move|p1a: tangrussy|Earthquake|p2a: Cobalion
|-supereffective|p2a: Cobalion
|-enditem|p2a: Cobalion|Shuca Berry|[eat]
|-enditem|p2a: Cobalion|Shuca Berry|[weaken]
|-damage|p2a: Cobalion|82/100
|
|upkeep
|turn|6
|
|t:|1665949741
|move|p2a: Cobalion|Swords Dance|p2a: Cobalion
|-boost|p2a: Cobalion|atk|2
|move|p1a: tangrussy|Earthquake|p2a: Cobalion
|-supereffective|p2a: Cobalion
|-damage|p2a: Cobalion|44/100
|
|upkeep
|turn|7
|
|t:|1665949744
|move|p2a: Cobalion|Close Combat|p1a: tangrussy
|-damage|p1a: tangrussy|0 fnt
|-unboost|p2a: Cobalion|def|1
|-unboost|p2a: Cobalion|spd|1
|faint|p1a: tangrussy
|
|upkeep
|inactive|esqimo589 has 240 seconds left.
|
|t:|1665949764
|switch|p1a: whiteeyesbluedrag|Salamence, F|100/100
|-ability|p1a: whiteeyesbluedrag|Intimidate|boost
|-unboost|p2a: Cobalion|atk|1
|turn|8
|
|t:|1665949767
|move|p2a: Cobalion|Stone Edge|p1a: whiteeyesbluedrag
|-supereffective|p1a: whiteeyesbluedrag
|-damage|p1a: whiteeyesbluedrag|20/100
|move|p1a: whiteeyesbluedrag|Flamethrower|p2a: Cobalion
|-supereffective|p2a: Cobalion
|-damage|p2a: Cobalion|0 fnt
|faint|p2a: Cobalion
|
|upkeep
|
|t:|1665949770
|switch|p2a: Azumarill|Azumarill, M|100/100
|turn|9
|
|t:|1665949778
|move|p1a: whiteeyesbluedrag|Hurricane|p2a: Azumarill
|-damage|p2a: Azumarill|51/100
|move|p2a: Azumarill|Belly Drum|p2a: Azumarill
|-damage|p2a: Azumarill|1/100
|-setboost|p2a: Azumarill|atk|6|[from] move: Belly Drum
|-enditem|p2a: Azumarill|Sitrus Berry|[eat]
|-heal|p2a: Azumarill|26/100|[from] item: Sitrus Berry
|
|upkeep
|turn|10
|
|t:|1665949783
|move|p2a: Azumarill|Aqua Jet|p1a: whiteeyesbluedrag
|-resisted|p1a: whiteeyesbluedrag
|-damage|p1a: whiteeyesbluedrag|0 fnt
|faint|p1a: whiteeyesbluedrag
|
|upkeep
|
|t:|1665949785
|switch|p1a: the goat|Cobalion|100/100
|-damage|p1a: the goat|97/100|[from] Stealth Rock
|turn|11
|
|t:|1665949787
|move|p2a: Azumarill|Aqua Jet|p1a: the goat
|-damage|p1a: the goat|14/100
|-damage|p2a: Azumarill|10/100|[from] item: Rocky Helmet|[of] p1a: the goat
|move|p1a: the goat|Volt Switch|p2a: Azumarill
|-supereffective|p2a: Azumarill
|-damage|p2a: Azumarill|0 fnt
|faint|p2a: Azumarill
|
|t:|1665949794
|switch|p1a: this girl is fire|Chandelure, F|100/100|[from]move: Volt Switch
|
|upkeep
|
|t:|1665949797
|switch|p2a: Salamence|Salamence, M|100/100
|turn|12
|
|t:|1665949801
|move|p2a: Salamence|Dragon Dance|p2a: Salamence
|-boost|p2a: Salamence|atk|1
|-boost|p2a: Salamence|spe|1
|move|p1a: this girl is fire|Will-O-Wisp|p2a: Salamence
|-status|p2a: Salamence|brn
|-enditem|p2a: Salamence|Lum Berry|[eat]
|-curestatus|p2a: Salamence|brn|[msg]
|
|upkeep
|turn|13
|
|t:|1665949803
|move|p2a: Salamence|Outrage|p1a: this girl is fire
|-damage|p1a: this girl is fire|0 fnt
|faint|p1a: this girl is fire
|-ability|p2a: Salamence|Moxie|boost
|-boost|p2a: Salamence|atk|1
|
|upkeep
|
|t:|1665949825
|switch|p1a: big chungus|Diggersby, M|100/100
|-damage|p1a: big chungus|94/100|[from] Stealth Rock
|turn|14
|
|t:|1665949827
|move|p2a: Salamence|Outrage|p1a: big chungus|[from]lockedmove
|-damage|p1a: big chungus|0 fnt
|faint|p1a: big chungus
|-ability|p2a: Salamence|Moxie|boost
|-boost|p2a: Salamence|atk|1
|-start|p2a: Salamence|confusion|[fatigue]
|
|upkeep
|
|t:|1665949829
|switch|p1a: the goat|Cobalion|14/100
|-damage|p1a: the goat|11/100|[from] Stealth Rock
|turn|15
|c|☆esqimo589|gg
|c|☆Permission Slip|gg
|
|t:|1665949840
|-activate|p2a: Salamence|confusion
|move|p2a: Salamence|Outrage|p1a: the goat
|-resisted|p1a: the goat
|-damage|p1a: the goat|0 fnt
|-damage|p2a: Salamence|84/100|[from] item: Rocky Helmet|[of] p1a: the goat
|faint|p1a: the goat
|-ability|p2a: Salamence|Moxie|boost
|-boost|p2a: Salamence|atk|1
|
|upkeep
|
|t:|1665949844
|switch|p1a: my toe sis|Reuniclus, F|100/100
|turn|16
|
|t:|1665949846
|-activate|p2a: Salamence|confusion
|move|p2a: Salamence|Outrage|p1a: my toe sis|[from]lockedmove
|-damage|p1a: my toe sis|0 fnt
|faint|p1a: my toe sis
|
|win|Permission Slip
|j| Liz Angeles
|c|☆esqimo589|no confusions :sadge:
|c|☆esqimo589|wait uhhhh
|c|☆esqimo589|how is confusion damage calculated
|c|☆Permission Slip|oh it goes up more attack you hae
|c|☆esqimo589|oh no
|c|☆esqimo589|ahh
|c|☆esqimo589|if you hit yourself there i wouldve won
|c|☆esqimo589|and if you hit yourself the previous turn i also wouldve won
|c|☆esqimo589|painnnnn
|c|☆esqimo589|basically like a 55% or smth percent chance for me to win
