|j|☆Arno123
|j|☆kainzi611
|t:|1665764076
|gametype|singles
|player|p1|Arno123|169|1478
|player|p2|kainzi611|wallace|1362
|teamsize|p1|6
|teamsize|p2|6
|gen|8
|tier|[Gen 8] UU
|rated|
|rule|Sleep Clause Mod: Limit one foe put to sleep
|rule|Species Clause: Limit one of each Pokémon
|rule|OHKO Clause: OHKO moves are banned
|rule|Evasion Items Clause: Evasion items are banned
|rule|Evasion Moves Clause: Evasion moves are banned
|rule|Endless Battle Clause: Forcing endless battles is banned
|rule|HP Percentage Mod: HP is shown in percentages
|rule|Dynamax Clause: You cannot dynamax
|clearpoke
|poke|p1|Salamence, F|
|poke|p1|Swampert, F|
|poke|p1|Skarmory, F|
|poke|p1|Chansey, F|
|poke|p1|Crawdaunt, M|
|poke|p1|Primarina, F|
|poke|p2|Crawdaunt, M|
|poke|p2|Tangrowth, M|
|poke|p2|Chansey, F|
|poke|p2|Darmanitan, F|
|poke|p2|Mandibuzz, F|
|poke|p2|Slowbro-Galar, F|
|teampreview
|inactive|Battle timer is ON: inactive players will automatically lose when time's up. (requested by Arno123)
|
|t:|1665764090
|start
|switch|p1a: Salamence|Salamence, F|100/100
|switch|p2a: Darmanitan|Darmanitan, F|100/100
|-ability|p1a: Salamence|Intimidate|boost
|-unboost|p2a: Darmanitan|atk|1
|turn|1
|
|t:|1665764103
|switch|p2a: Mandibuzz|Mandibuzz, F|100/100
|move|p1a: Salamence|Draco Meteor|p2a: Mandibuzz
|-damage|p2a: Mandibuzz|31/100
|-unboost|p1a: Salamence|spa|2
|
|upkeep
|turn|2
|inactive|kainzi611 has 120 seconds left.
|
|t:|1665764138
|switch|p1a: Crawdaunt|Crawdaunt, M|100/100
|move|p2a: Mandibuzz|Roost|p2a: Mandibuzz
|-heal|p2a: Mandibuzz|81/100
|-singleturn|p2a: Mandibuzz|move: Roost
|
|upkeep
|turn|3
|inactive|kainzi611 has 120 seconds left.
|
|t:|1665764156
|switch|p1a: Salamence|Salamence, F|100/100
|-ability|p1a: Salamence|Intimidate|boost
|-unboost|p2a: Mandibuzz|atk|1
|move|p2a: Mandibuzz|U-turn|p1a: Salamence
|-resisted|p1a: Salamence
|-damage|p1a: Salamence|96/100
|inactive|kainzi611 has 120 seconds left.
|
|t:|1665764164
|switch|p2a: Chansey|Chansey, F|100/100|[from]move: U-turn
|
|upkeep
|turn|4
|inactive|kainzi611 has 120 seconds left.
|
|t:|1665764178
|switch|p1a: Skarmory|Skarmory, F|100/100
|move|p2a: Chansey|Stealth Rock|p1a: Skarmory
|-sidestart|p1: Arno123|move: Stealth Rock
|
|upkeep
|turn|5
|
|t:|1665764184
|move|p1a: Skarmory|Defog|p2a: Chansey
|-unboost|p2a: Chansey|evasion|1
|-sideend|p1: Arno123|Stealth Rock|[from] move: Defog|[of] p1a: Skarmory
|move|p2a: Chansey|Teleport|p2a: Chansey
|inactive|kainzi611 has 120 seconds left.
|
|t:|1665764199
|switch|p2a: Slowbro|Slowbro-Galar, F|100/100|[from]move: Teleport
|
|upkeep
|turn|6
|
|t:|1665764213
|switch|p1a: Swampert|Swampert, F|100/100
|move|p2a: Slowbro|Future Sight|p1a: Swampert
|-start|p2a: Slowbro|move: Future Sight
|
|upkeep
|turn|7
|
|t:|1665764219
|switch|p2a: Tangrowth|Tangrowth, M|100/100
|move|p1a: Swampert|Flip Turn|p2a: Tangrowth
|-resisted|p2a: Tangrowth
|-damage|p2a: Tangrowth|88/100
|-damage|p1a: Swampert|84/100|[from] item: Rocky Helmet|[of] p2a: Tangrowth
|
|t:|1665764227
|switch|p1a: Salamence|Salamence, F|96/100|[from]move: Flip Turn
|-ability|p1a: Salamence|Intimidate|boost
|-unboost|p2a: Tangrowth|atk|1
|
|upkeep
|turn|8
|
|t:|1665764235
|switch|p1a: Crawdaunt|Crawdaunt, M|100/100
|switch|p2a: Chansey|Chansey, F|100/100
|
|-end|p1a: Crawdaunt|move: Future Sight
|-immune|p1a: Crawdaunt
|upkeep
|turn|9
|
|t:|1665764244
|switch|p2a: Tangrowth|Tangrowth, M|100/100
|move|p1a: Crawdaunt|Knock Off|p2a: Tangrowth
|-damage|p2a: Tangrowth|49/100
|-damage|p1a: Crawdaunt|84/100|[from] item: Rocky Helmet|[of] p2a: Tangrowth
|-enditem|p2a: Tangrowth|Rocky Helmet|[from] move: Knock Off|[of] p1a: Crawdaunt
|
|upkeep
|turn|10
|
|t:|1665764255
|switch|p1a: Chansey|Chansey, F|100/100
|move|p2a: Tangrowth|Synthesis|p2a: Tangrowth
|-heal|p2a: Tangrowth|99/100
|
|upkeep
|turn|11
|
|t:|1665764263
|move|p2a: Tangrowth|Knock Off|p1a: Chansey
|-damage|p1a: Chansey|85/100
|-enditem|p1a: Chansey|Eviolite|[from] move: Knock Off|[of] p2a: Tangrowth
|move|p1a: Chansey|Teleport|p1a: Chansey
|
|t:|1665764268
|switch|p1a: Salamence|Salamence, F|96/100|[from]move: Teleport
|-ability|p1a: Salamence|Intimidate|boost
|-unboost|p2a: Tangrowth|atk|1
|
|upkeep
|turn|12
|
|t:|1665764277
|switch|p1a: Crawdaunt|Crawdaunt, M|84/100
|switch|p2a: Chansey|Chansey, F|100/100
|
|upkeep
|turn|13
|
|t:|1665764284
|switch|p2a: Tangrowth|Tangrowth, M|100/100
|move|p1a: Crawdaunt|Toxic|p2a: Tangrowth
|-status|p2a: Tangrowth|tox
|
|-damage|p2a: Tangrowth|94/100 tox|[from] psn
|upkeep
|turn|14
|
|t:|1665764313
|switch|p1a: Chansey|Chansey, F|85/100
|switch|p2a: Darmanitan|Darmanitan, F|100/100
|
|upkeep
|turn|15
|
|t:|1665764324
|switch|p1a: Primarina|Primarina, F|100/100
|move|p2a: Darmanitan|U-turn|p1a: Primarina
|-resisted|p1a: Primarina
|-damage|p1a: Primarina|89/100
|
|t:|1665764330
|switch|p2a: Slowbro|Slowbro-Galar, F|100/100|[from]move: U-turn
|
|-heal|p1a: Primarina|95/100|[from] item: Leftovers
|upkeep
|turn|16
|
|t:|1665764345
|switch|p1a: Skarmory|Skarmory, F|100/100
|move|p2a: Slowbro|Future Sight|p1a: Skarmory
|-start|p2a: Slowbro|move: Future Sight
|
|upkeep
|turn|17
|
|t:|1665764353
|switch|p1a: Crawdaunt|Crawdaunt, M|84/100
|move|p2a: Slowbro|Flamethrower|p1a: Crawdaunt
|-resisted|p1a: Crawdaunt
|-damage|p1a: Crawdaunt|60/100
|
|upkeep
|turn|18
|
|t:|1665764363
|switch|p2a: Tangrowth|Tangrowth, M|100/100 tox
|move|p1a: Crawdaunt|Knock Off|p2a: Tangrowth
|-damage|p2a: Tangrowth|69/100 tox
|
|-end|p1a: Crawdaunt|move: Future Sight
|-immune|p1a: Crawdaunt
|-damage|p2a: Tangrowth|63/100 tox|[from] psn
|upkeep
|turn|19
|
|t:|1665764382
|switch|p1a: Chansey|Chansey, F|85/100
|move|p2a: Tangrowth|Knock Off|p1a: Chansey
|-damage|p1a: Chansey|70/100
|
|-damage|p2a: Tangrowth|50/100 tox|[from] psn
|upkeep
|turn|20
|
|t:|1665764395
|switch|p2a: Chansey|Chansey, F|100/100
|move|p1a: Chansey|Teleport|p1a: Chansey
|
|t:|1665764399
|switch|p1a: Crawdaunt|Crawdaunt, M|60/100|[from]move: Teleport
|
|upkeep
|turn|21
|
|t:|1665764403
|move|p1a: Crawdaunt|Knock Off|p2a: Chansey
|-damage|p2a: Chansey|35/100
|-enditem|p2a: Chansey|Eviolite|[from] move: Knock Off|[of] p1a: Crawdaunt
|move|p2a: Chansey|Teleport|p2a: Chansey
|
|t:|1665764408
|switch|p2a: Darmanitan|Darmanitan, F|100/100|[from]move: Teleport
|
|upkeep
|turn|22
|
|t:|1665764413
|switch|p1a: Primarina|Primarina, F|95/100
|move|p2a: Darmanitan|U-turn|p1a: Primarina
|-resisted|p1a: Primarina
|-crit|p1a: Primarina
|-damage|p1a: Primarina|79/100
|
|t:|1665764420
|switch|p2a: Slowbro|Slowbro-Galar, F|100/100|[from]move: U-turn
|
|-heal|p1a: Primarina|85/100|[from] item: Leftovers
|upkeep
|turn|23
|
|t:|1665764426
|move|p1a: Primarina|Flip Turn|p2a: Slowbro
|-damage|p2a: Slowbro|86/100
|
|t:|1665764431
|switch|p1a: Crawdaunt|Crawdaunt, M|60/100|[from]move: Flip Turn
|move|p2a: Slowbro|Flamethrower|p1a: Crawdaunt
|-resisted|p1a: Crawdaunt
|-damage|p1a: Crawdaunt|38/100
|
|upkeep
|turn|24
|
|t:|1665764441
|switch|p2a: Tangrowth|Tangrowth, M|83/100 tox
|move|p1a: Crawdaunt|Knock Off|p2a: Tangrowth
|-damage|p2a: Tangrowth|53/100 tox
|
|-damage|p2a: Tangrowth|47/100 tox|[from] psn
|upkeep
|turn|25
|
|t:|1665764451
|move|p1a: Crawdaunt|Knock Off|p2a: Tangrowth
|-damage|p2a: Tangrowth|10/100 tox
|move|p2a: Tangrowth|Synthesis|p2a: Tangrowth
|-heal|p2a: Tangrowth|60/100 tox
|
|-damage|p2a: Tangrowth|48/100 tox|[from] psn
|upkeep
|turn|26
|
|t:|1665764474
|switch|p2a: Chansey|Chansey, F|35/100
|move|p1a: Crawdaunt|Knock Off|p2a: Chansey
|-damage|p2a: Chansey|0 fnt
|faint|p2a: Chansey
|
|upkeep
|
|t:|1665764480
|switch|p2a: Darmanitan|Darmanitan, F|100/100
|turn|27
|
|t:|1665764485
|switch|p1a: Primarina|Primarina, F|85/100
|move|p2a: Darmanitan|U-turn|p1a: Primarina
|-resisted|p1a: Primarina
|-damage|p1a: Primarina|75/100
|
|t:|1665764495
|switch|p2a: Slowbro|Slowbro-Galar, F|100/100|[from]move: U-turn
|
|-heal|p1a: Primarina|81/100|[from] item: Leftovers
|upkeep
|turn|28
|
|t:|1665764505
|move|p1a: Primarina|Flip Turn|p2a: Slowbro
|-damage|p2a: Slowbro|87/100
|
|t:|1665764512
|switch|p1a: Chansey|Chansey, F|70/100|[from]move: Flip Turn
|move|p2a: Slowbro|Flamethrower|p1a: Chansey
|-damage|p1a: Chansey|60/100
|-status|p1a: Chansey|brn
|
|-damage|p1a: Chansey|53/100 brn|[from] brn
|upkeep
|turn|29
|
|t:|1665764541
|move|p2a: Slowbro|Psyshock|p1a: Chansey
|-damage|p1a: Chansey|25/100 brn
|move|p1a: Chansey|Teleport|p1a: Chansey
|
|t:|1665764547
|-curestatus|p1a: Chansey|brn|[from] ability: Natural Cure
|switch|p1a: Crawdaunt|Crawdaunt, M|38/100|[from]move: Teleport
|
|upkeep
|turn|30
|
|t:|1665764556
|switch|p2a: Tangrowth|Tangrowth, M|81/100 tox
|move|p1a: Crawdaunt|Knock Off|p2a: Tangrowth
|-damage|p2a: Tangrowth|47/100 tox
|
|-damage|p2a: Tangrowth|41/100 tox|[from] psn
|upkeep
|turn|31
|
|t:|1665764566
|switch|p1a: Salamence|Salamence, F|96/100
|-ability|p1a: Salamence|Intimidate|boost
|-unboost|p2a: Tangrowth|atk|1
|move|p2a: Tangrowth|Giga Drain|p1a: Salamence
|-resisted|p1a: Salamence
|-damage|p1a: Salamence|88/100
|-heal|p2a: Tangrowth|44/100 tox|[from] drain|[of] p1a: Salamence
|
|-damage|p2a: Tangrowth|32/100 tox|[from] psn
|upkeep
|turn|32
|
|t:|1665764579
|switch|p2a: Slowbro|Slowbro-Galar, F|100/100
|move|p1a: Salamence|Draco Meteor|p2a: Slowbro
|-damage|p2a: Slowbro|52/100
|-unboost|p1a: Salamence|spa|2
|
|upkeep
|turn|33
|
|t:|1665764595
|switch|p1a: Crawdaunt|Crawdaunt, M|38/100
|move|p2a: Slowbro|Psyshock|p1a: Crawdaunt
|-immune|p1a: Crawdaunt
|
|upkeep
|turn|34
|
|t:|1665764606
|switch|p2a: Tangrowth|Tangrowth, M|65/100 tox
|move|p1a: Crawdaunt|Crabhammer|p2a: Tangrowth
|-resisted|p2a: Tangrowth
|-damage|p2a: Tangrowth|41/100 tox
|
|-damage|p2a: Tangrowth|35/100 tox|[from] psn
|upkeep
|turn|35
|
|t:|1665764623
|switch|p1a: Salamence|Salamence, F|88/100
|-ability|p1a: Salamence|Intimidate|boost
|-unboost|p2a: Tangrowth|atk|1
|move|p2a: Tangrowth|Synthesis|p2a: Tangrowth
|-heal|p2a: Tangrowth|85/100 tox
|
|-damage|p2a: Tangrowth|73/100 tox|[from] psn
|upkeep
|turn|36
|
|t:|1665764634
|switch|p2a: Slowbro|Slowbro-Galar, F|85/100
|move|p1a: Salamence|Hurricane|p2a: Slowbro
|-damage|p2a: Slowbro|39/100
|
|upkeep
|turn|37
|
|t:|1665764646
|move|p1a: Salamence|Hurricane|p2a: Slowbro|[miss]
|-miss|p1a: Salamence|p2a: Slowbro
|move|p2a: Slowbro|Sludge Bomb|p1a: Salamence
|-damage|p1a: Salamence|43/100
|
|upkeep
|turn|38
|
|t:|1665764664
|switch|p2a: Mandibuzz|Mandibuzz, F|81/100
|move|p1a: Salamence|Hurricane|p2a: Mandibuzz
|-damage|p2a: Mandibuzz|18/100
|-start|p2a: Mandibuzz|confusion
|
|upkeep
|turn|39
|
|t:|1665764673
|move|p1a: Salamence|Hurricane|p2a: Mandibuzz
|-damage|p2a: Mandibuzz|0 fnt
|faint|p2a: Mandibuzz
|
|upkeep
|
|t:|1665764687
|switch|p2a: Darmanitan|Darmanitan, F|100/100
|turn|40
|
|t:|1665764694
|switch|p1a: Chansey|Chansey, F|25/100
|move|p2a: Darmanitan|Rock Slide|p1a: Chansey|[miss]
|-miss|p2a: Darmanitan|p1a: Chansey
|
|upkeep
|turn|41
|
|t:|1665764705
|switch|p1a: Skarmory|Skarmory, F|100/100
|move|p2a: Darmanitan|Rock Slide|p1a: Skarmory
|-damage|p1a: Skarmory|81/100
|
|upkeep
|turn|42
|
|t:|1665764717
|switch|p2a: Slowbro|Slowbro-Galar, F|72/100
|switch|p1a: Crawdaunt|Crawdaunt, M|38/100
|
|upkeep
|turn|43
|
|t:|1665764725
|switch|p2a: Tangrowth|Tangrowth, M|100/100 tox
|move|p1a: Crawdaunt|Knock Off|p2a: Tangrowth
|-damage|p2a: Tangrowth|68/100 tox
|
|-damage|p2a: Tangrowth|62/100 tox|[from] psn
|upkeep
|turn|44
|
|t:|1665764739
|switch|p1a: Chansey|Chansey, F|25/100
|switch|p2a: Darmanitan|Darmanitan, F|100/100
|
|upkeep
|turn|45
|
|t:|1665764752
|move|p2a: Darmanitan|Flare Blitz|p1a: Chansey
|-damage|p1a: Chansey|0 fnt
|faint|p1a: Chansey
|-damage|p2a: Darmanitan|85/100|[from] Recoil
|
|upkeep
|
|t:|1665764762
|switch|p1a: Primarina|Primarina, F|81/100
|turn|46
|
|t:|1665764771
|move|p2a: Darmanitan|Flare Blitz|p1a: Primarina
|-resisted|p1a: Primarina
|-damage|p1a: Primarina|44/100
|-damage|p2a: Darmanitan|72/100|[from] Recoil
|move|p1a: Primarina|Calm Mind|p1a: Primarina
|-boost|p1a: Primarina|spa|1
|-boost|p1a: Primarina|spd|1
|
|-heal|p1a: Primarina|50/100|[from] item: Leftovers
|upkeep
|turn|47
|
|t:|1665764783
|switch|p2a: Slowbro|Slowbro-Galar, F|100/100
|move|p1a: Primarina|Scald|p2a: Slowbro
|-damage|p2a: Slowbro|74/100
|
|-heal|p1a: Primarina|56/100|[from] item: Leftovers
|upkeep
|turn|48
|
|t:|1665764803
|move|p1a: Primarina|Flip Turn|p2a: Slowbro
|-damage|p2a: Slowbro|61/100
|
|t:|1665764811
|switch|p1a: Swampert|Swampert, F|84/100|[from]move: Flip Turn
|move|p2a: Slowbro|Sludge Bomb|p1a: Swampert
|-resisted|p1a: Swampert
|-damage|p1a: Swampert|69/100
|
|upkeep
|turn|49
|
|t:|1665764836
|move|p1a: Swampert|Flip Turn|p2a: Slowbro
|-damage|p2a: Slowbro|19/100
|
|t:|1665764855
|switch|p1a: Skarmory|Skarmory, F|81/100|[from]move: Flip Turn
|move|p2a: Slowbro|Psyshock|p1a: Skarmory
|-resisted|p1a: Skarmory
|-damage|p1a: Skarmory|72/100
|
|upkeep
|turn|50
|
|t:|1665764866
|switch|p1a: Crawdaunt|Crawdaunt, M|38/100
|switch|p2a: Darmanitan|Darmanitan, F|72/100
|
|upkeep
|turn|51
|inactive|kainzi611 has 120 seconds left.
|
|t:|1665764893
|switch|p2a: Crawdaunt|Crawdaunt, M|100/100
|move|p1a: Crawdaunt|Aqua Jet|p2a: Crawdaunt
|-resisted|p2a: Crawdaunt
|-damage|p2a: Crawdaunt|71/100
|
|upkeep
|turn|52
|inactive|kainzi611 has 120 seconds left.
|
|t:|1665764917
|switch|p1a: Swampert|Swampert, F|69/100
|move|p2a: Crawdaunt|Knock Off|p1a: Swampert
|-damage|p1a: Swampert|0 fnt
|-enditem|p1a: Swampert|Choice Band|[from] move: Knock Off|[of] p2a: Crawdaunt
|faint|p1a: Swampert
|
|upkeep
|
|t:|1665764923
|switch|p1a: Salamence|Salamence, F|43/100
|-ability|p1a: Salamence|Intimidate|boost
|-unboost|p2a: Crawdaunt|atk|1
|turn|53
|inactive|kainzi611 has 120 seconds left.
|
|t:|1665764949
|move|p1a: Salamence|Hurricane|p2a: Crawdaunt
|-damage|p2a: Crawdaunt|0 fnt
|faint|p2a: Crawdaunt
|
|upkeep
|
|t:|1665764956
|switch|p2a: Darmanitan|Darmanitan, F|72/100
|turn|54
|
|t:|1665764963
|switch|p1a: Skarmory|Skarmory, F|72/100
|move|p2a: Darmanitan|Flare Blitz|p1a: Skarmory
|-supereffective|p1a: Skarmory
|-damage|p1a: Skarmory|0 fnt
|-damage|p2a: Darmanitan|56/100|[from] item: Rocky Helmet|[of] p1a: Skarmory
|faint|p1a: Skarmory
|-damage|p2a: Darmanitan|33/100|[from] Recoil
|
|upkeep
|
|t:|1665764978
|switch|p1a: Primarina|Primarina, F|56/100
|turn|55
|inactive|kainzi611 has 120 seconds left.
|
|t:|1665764989
|switch|p2a: Slowbro|Slowbro-Galar, F|52/100
|move|p1a: Primarina|Flip Turn|p2a: Slowbro
|-damage|p2a: Slowbro|38/100
|
|t:|1665764997
|switch|p1a: Salamence|Salamence, F|43/100|[from]move: Flip Turn
|-ability|p1a: Salamence|Intimidate|boost
|-unboost|p2a: Slowbro|atk|1
|
|upkeep
|turn|56
|inactive|kainzi611 has 120 seconds left.
|
|t:|1665765037
|move|p1a: Salamence|Hurricane|p2a: Slowbro|[miss]
|-miss|p1a: Salamence|p2a: Slowbro
|move|p2a: Slowbro|Sludge Bomb|p1a: Salamence
|-damage|p1a: Salamence|3/100
|
|upkeep
|turn|57
|
|t:|1665765050
|move|p1a: Salamence|Hurricane|p2a: Slowbro
|-damage|p2a: Slowbro|0 fnt
|faint|p2a: Slowbro
|
|upkeep
|inactive|kainzi611 has 90 seconds left.
|
|t:|1665765073
|switch|p2a: Darmanitan|Darmanitan, F|33/100
|turn|58
|inactive|kainzi611 has 90 seconds left.
|
|t:|1665765105
|switch|p1a: Primarina|Primarina, F|56/100
|move|p2a: Darmanitan|Flare Blitz|p1a: Primarina
|-resisted|p1a: Primarina
|-damage|p1a: Primarina|23/100
|-damage|p2a: Darmanitan|22/100|[from] Recoil
|
|-heal|p1a: Primarina|29/100|[from] item: Leftovers
|upkeep
|turn|59
|
|t:|1665765116
|move|p2a: Darmanitan|Flare Blitz|p1a: Primarina
|-resisted|p1a: Primarina
|-damage|p1a: Primarina|0 fnt
|faint|p1a: Primarina
|-damage|p2a: Darmanitan|12/100|[from] Recoil
|
|upkeep
|
|t:|1665765123
|switch|p1a: Crawdaunt|Crawdaunt, M|38/100
|turn|60
|c|☆Arno123|Alright, pretty sure this is a 50/50 play
|c|☆Arno123|either way, good game
|inactive|Arno123 has 120 seconds left.
|
|t:|1665765159
|switch|p1a: Salamence|Salamence, F|3/100
|-ability|p1a: Salamence|Intimidate|boost
|-unboost|p2a: Darmanitan|atk|1
|move|p2a: Darmanitan|Flare Blitz|p1a: Salamence
|-resisted|p1a: Salamence
|-damage|p1a: Salamence|0 fnt
|faint|p1a: Salamence
|-damage|p2a: Darmanitan|11/100|[from] Recoil
|
|upkeep
|c|☆Arno123|gg wp
|c|☆kainzi611|gg
|
|t:|1665765169
|switch|p1a: Crawdaunt|Crawdaunt, M|38/100
|turn|61
|c|☆kainzi611|wp
|
|t:|1665765173
|move|p1a: Crawdaunt|Aqua Jet|p2a: Darmanitan
|-supereffective|p2a: Darmanitan
|-damage|p2a: Darmanitan|0 fnt
|faint|p2a: Darmanitan
|
|upkeep
|c|☆kainzi611|you had me a couple of times
|
|t:|1665765180
|switch|p2a: Tangrowth|Tangrowth, M|95/100 tox
|turn|62
|
|t:|1665765188
|move|p1a: Crawdaunt|Aqua Jet|p2a: Tangrowth
|-resisted|p2a: Tangrowth
|-damage|p2a: Tangrowth|84/100 tox
|move|p2a: Tangrowth|Giga Drain|p1a: Crawdaunt
|-supereffective|p1a: Crawdaunt
|-damage|p1a: Crawdaunt|0 fnt
|-heal|p2a: Tangrowth|97/100 tox|[from] drain|[of] p1a: Crawdaunt
|faint|p1a: Crawdaunt
|
|win|kainzi611
|raw|Arno123's rating: 1478 &rarr; <strong>1452</strong><br />(-26 for losing)
|raw|kainzi611's rating: 1362 &rarr; <strong>1388</strong><br />(+26 for winning)
|c|☆Arno123|ye u2
|c|☆Arno123|good matchup
|l|☆Arno123
||Ladder isn't responding, score probably updated but might not have (Request timeout).
