|j|☆2019 01 10E
|j|☆PlasticPinnochio
|t:|1649870989
|gametype|singles
|player|p1|2019 01 10E|janine-gen2|1359
|player|p2|PlasticPinnochio|policeman-gen4|1477
|teamsize|p1|6
|teamsize|p2|6
|gen|8
|tier|[Gen 8] UU
|rated|
|rule|Sleep Clause Mod: Limit one foe put to sleep
|rule|Species Clause: Limit one of each Pokémon
|rule|OHKO Clause: OHKO moves are banned
|rule|Evasion Moves Clause: Evasion moves are banned
|rule|Endless Battle Clause: Forcing endless battles is banned
|rule|HP Percentage Mod: HP is shown in percentages
|rule|Dynamax Clause: You cannot dynamax
|clearpoke
|poke|p1|Azelf|
|poke|p1|Crawdaunt, F|
|poke|p1|Zygarde-10%|
|poke|p1|Salamence, M|
|poke|p1|Nidoking, M|
|poke|p1|Aegislash, M|
|poke|p2|Entei|
|poke|p2|Zarude|
|poke|p2|Slowking, F|
|poke|p2|Cobalion|
|poke|p2|Gardevoir, M|
|poke|p2|Mandibuzz, F|
|teampreview
|inactive|Battle timer is ON: inactive players will automatically lose when time's up. (requested by PlasticPinnochio)
|
|t:|1649870993
|start
|switch|p1a: Azelf|Azelf|100/100
|switch|p2a: Entei|Entei|100/100
|turn|1
|
|t:|1649870995
|move|p1a: Azelf|Stealth Rock|p2a: Entei
|-sidestart|p2: PlasticPinnochio|move: Stealth Rock
|move|p2a: Entei|Sacred Fire|p1a: Azelf
|-damage|p1a: Azelf|21/100
|-status|p1a: Azelf|brn
|
|-damage|p1a: Azelf|15/100 brn|[from] brn
|upkeep
|turn|2
|
|t:|1649870999
|move|p2a: Entei|Extreme Speed|p1a: Azelf
|-damage|p1a: Azelf|0 fnt
|faint|p1a: Azelf
|
|upkeep
|
|t:|1649871008
|switch|p1a: Zygarde|Zygarde-10%|100/100
|-ability|p1a: Zygarde|Aura Break
|turn|3
|
|t:|1649871014
|switch|p1a: Crawdaunt|Crawdaunt, F|100/100
|switch|p2a: Mandibuzz|Mandibuzz, F|100/100
|
|upkeep
|turn|4
|
|t:|1649871020
|move|p2a: Mandibuzz|U-turn|p1a: Crawdaunt
|-supereffective|p1a: Crawdaunt
|-damage|p1a: Crawdaunt|65/100
|
|t:|1649871023
|switch|p2a: Cobalion|Cobalion|100/100|[from]move: U-turn
|-damage|p2a: Cobalion|97/100|[from] Stealth Rock
|move|p1a: Crawdaunt|Swords Dance|p1a: Crawdaunt
|-boost|p1a: Crawdaunt|atk|2
|
|upkeep
|turn|5
|
|t:|1649871028
|move|p1a: Crawdaunt|Aqua Jet|p2a: Cobalion
|-damage|p2a: Cobalion|38/100
|-damage|p1a: Crawdaunt|48/100|[from] item: Rocky Helmet|[of] p2a: Cobalion
|-damage|p1a: Crawdaunt|38/100|[from] item: Life Orb
|move|p2a: Cobalion|Close Combat|p1a: Crawdaunt
|-supereffective|p1a: Crawdaunt
|-damage|p1a: Crawdaunt|0 fnt
|-unboost|p2a: Cobalion|def|1
|-unboost|p2a: Cobalion|spd|1
|faint|p1a: Crawdaunt
|
|upkeep
|
|t:|1649871033
|switch|p1a: Salamence|Salamence, M|100/100
|-ability|p1a: Salamence|Intimidate|boost
|-unboost|p2a: Cobalion|atk|1
|turn|6
|
|t:|1649871036
|move|p2a: Cobalion|Volt Switch|p1a: Salamence
|-damage|p1a: Salamence|86/100
|
|t:|1649871040
|switch|p2a: Gardevoir|Gardevoir, M|100/100|[from]move: Volt Switch
|-damage|p2a: Gardevoir|88/100|[from] Stealth Rock
|-ability|p2a: Gardevoir|Intimidate|[from] ability: Trace|[of] p1a: Salamence
|-ability|p2a: Gardevoir|Intimidate|boost
|-unboost|p1a: Salamence|atk|1
|move|p1a: Salamence|Dragon Dance|p1a: Salamence
|-boost|p1a: Salamence|atk|1
|-boost|p1a: Salamence|spe|1
|
|upkeep
|turn|7
|
|t:|1649871044
|switch|p1a: Aegislash|Aegislash, M|100/100
|move|p2a: Gardevoir|Moonblast|p1a: Aegislash
|-resisted|p1a: Aegislash
|-damage|p1a: Aegislash|78/100
|-unboost|p1a: Aegislash|spa|1
|
|upkeep
|turn|8
|
|t:|1649871051
|switch|p2a: Mandibuzz|Mandibuzz, F|100/100
|switch|p1a: Nidoking|Nidoking, M|100/100
|
|upkeep
|turn|9
|
|t:|1649871057
|switch|p2a: Slowking|Slowking, F|100/100
|move|p1a: Nidoking|Ice Beam|p2a: Slowking
|-resisted|p2a: Slowking
|-damage|p2a: Slowking|87/100
|
|upkeep
|turn|10
|
|t:|1649871061
|switch|p1a: Aegislash|Aegislash, M|78/100
|move|p2a: Slowking|Teleport|p2a: Slowking
|
|t:|1649871066
|switch|p2a: Entei|Entei|100/100|[from]move: Teleport
|
|upkeep
|turn|11
|
|t:|1649871071
|switch|p1a: Zygarde|Zygarde-10%|100/100
|-ability|p1a: Zygarde|Aura Break
|move|p2a: Entei|Sacred Fire|p1a: Zygarde
|-resisted|p1a: Zygarde
|-damage|p1a: Zygarde|61/100
|-status|p1a: Zygarde|brn
|
|-damage|p1a: Zygarde|55/100 brn|[from] brn
|upkeep
|turn|12
|
|t:|1649871077
|switch|p2a: Mandibuzz|Mandibuzz, F|100/100
|move|p1a: Zygarde|Glare|p2a: Mandibuzz
|-status|p2a: Mandibuzz|par
|
|-damage|p1a: Zygarde|49/100 brn|[from] brn
|upkeep
|turn|13
|
|t:|1649871081
|switch|p1a: Salamence|Salamence, M|86/100
|-ability|p1a: Salamence|Intimidate|boost
|-unboost|p2a: Mandibuzz|atk|1
|move|p2a: Mandibuzz|U-turn|p1a: Salamence
|-resisted|p1a: Salamence
|-damage|p1a: Salamence|81/100
|
|t:|1649871084
|switch|p2a: Gardevoir|Gardevoir, M|88/100|[from]move: U-turn
|-damage|p2a: Gardevoir|76/100|[from] Stealth Rock
|-ability|p2a: Gardevoir|Intimidate|[from] ability: Trace|[of] p1a: Salamence
|-ability|p2a: Gardevoir|Intimidate|boost
|-unboost|p1a: Salamence|atk|1
|
|upkeep
|turn|14
|
|t:|1649871087
|move|p2a: Gardevoir|Moonblast|p1a: Salamence
|-supereffective|p1a: Salamence
|-damage|p1a: Salamence|0 fnt
|faint|p1a: Salamence
|
|upkeep
|-message|2019 01 10E forfeited.
|
|win|PlasticPinnochio
|raw|2019 01 10E's rating: 1359 &rarr; <strong>1346</strong><br />(-13 for losing)
|raw|PlasticPinnochio's rating: 1477 &rarr; <strong>1490</strong><br />(+13 for winning)
|l|☆2019 01 10E
||Ladder isn't responding, score probably updated but might not have (Request timeout).
|l|☆PlasticPinnochio
|j|☆PlasticPinnochio
|player|p2|PlasticPinnochio|policeman-gen4
