|j|☆Zephyyyr
|j|☆detonating
|t:|1662829158
|gametype|singles
|player|p1|Zephyyyr|richboy|1551
|player|p2|detonating|psychic-gen4|1416
|teamsize|p1|6
|teamsize|p2|6
|gen|8
|tier|[Gen 8] UU
|rated|
|rule|Sleep Clause Mod: Limit one foe put to sleep
|rule|Species Clause: Limit one of each Pokémon
|rule|OHKO Clause: OHKO moves are banned
|rule|Evasion Items Clause: Evasion items are banned
|rule|Evasion Moves Clause: Evasion moves are banned
|rule|Endless Battle Clause: Forcing endless battles is banned
|rule|HP Percentage Mod: HP is shown in percentages
|rule|Dynamax Clause: You cannot dynamax
|clearpoke
|poke|p1|Xatu, M|
|poke|p1|Krookodile, M|
|poke|p1|Toxtricity, M|
|poke|p1|Celesteela|
|poke|p1|Gyarados, M|
|poke|p1|Scizor, F|
|poke|p2|Heliolisk, F|
|poke|p2|Chandelure, M|
|poke|p2|Krookodile, M|
|poke|p2|Slowking, M|
|poke|p2|Zygarde-10%|
|poke|p2|Salamence, F|
|teampreview
|inactive|Battle timer is ON: inactive players will automatically lose when time's up. (requested by detonating)
|
|t:|1662829176
|start
|switch|p1a: Krookodile|Krookodile, M|100/100
|switch|p2a: Salamence|Salamence, F|100/100
|-ability|p1a: Krookodile|Intimidate|boost
|-unboost|p2a: Salamence|atk|1
|-ability|p2a: Salamence|Intimidate|boost
|-unboost|p1a: Krookodile|atk|1
|turn|1
|
|t:|1662829180
|move|p1a: Krookodile|Stealth Rock|p2a: Salamence
|-sidestart|p2: detonating|move: Stealth Rock
|move|p2a: Salamence|Hurricane|p1a: Krookodile
|-damage|p1a: Krookodile|50/100
|
|upkeep
|turn|2
|
|t:|1662829185
|move|p1a: Krookodile|Knock Off|p2a: Salamence
|-damage|p2a: Salamence|80/100
|-enditem|p2a: Salamence|Heavy-Duty Boots|[from] move: Knock Off|[of] p1a: Krookodile
|move|p2a: Salamence|Defog|p1a: Krookodile
|-unboost|p1a: Krookodile|evasion|1
|-sideend|p2: detonating|Stealth Rock|[from] move: Defog|[of] p2a: Salamence
|
|upkeep
|turn|3
|
|t:|1662829188
|move|p1a: Krookodile|Stealth Rock|p2a: Salamence
|-sidestart|p2: detonating|move: Stealth Rock
|move|p2a: Salamence|Hurricane|p1a: Krookodile
|-damage|p1a: Krookodile|0 fnt
|faint|p1a: Krookodile
|
|upkeep
|
|t:|1662829197
|switch|p1a: Xatu|Xatu, M, shiny|100/100
|turn|4
|
|t:|1662829199
|move|p1a: Xatu|Light Screen|p1a: Xatu
|-sidestart|p1: Zephyyyr|move: Light Screen
|move|p2a: Salamence|Defog|p1a: Xatu
|move|p1a: Xatu|Defog|p2a: Salamence|[from]ability: Magic Bounce
|-unboost|p2a: Salamence|evasion|1
|-sideend|p2: detonating|Stealth Rock|[from] move: Defog|[of] p1a: Xatu
|
|upkeep
|turn|5
|
|t:|1662829216
|switch|p2a: Chandelure|Chandelure, M|100/100
|move|p1a: Xatu|Teleport|p1a: Xatu
|
|t:|1662829219
|switch|p1a: Gyarados|Gyarados, M, shiny|100/100|[from]move: Teleport
|
|upkeep
|turn|6
|
|t:|1662829223
|switch|p2a: Salamence|Salamence, F|80/100
|-ability|p2a: Salamence|Intimidate|boost
|-unboost|p1a: Gyarados|atk|1
|move|p1a: Gyarados|Dragon Dance|p1a: Gyarados
|-boost|p1a: Gyarados|atk|1
|-boost|p1a: Gyarados|spe|1
|
|upkeep
|turn|7
|
|t:|1662829227
|move|p1a: Gyarados|Dragon Dance|p1a: Gyarados
|-boost|p1a: Gyarados|atk|1
|-boost|p1a: Gyarados|spe|1
|move|p2a: Salamence|Dragon Tail|p1a: Gyarados
|-damage|p1a: Gyarados|65/100
|drag|p1a: Celesteela|Celesteela, shiny|100/100
|
|upkeep
|turn|8
|
|t:|1662829232
|switch|p2a: Slowking|Slowking, M|100/100
|move|p1a: Celesteela|Air Slash|p2a: Slowking
|-damage|p2a: Slowking|79/100
|
|-heal|p2a: Slowking|85/100|[from] item: Leftovers
|-sideend|p1: Zephyyyr|move: Light Screen
|upkeep
|turn|9
|
|t:|1662829237
|switch|p1a: Xatu|Xatu, M, shiny|100/100
|move|p2a: Slowking|Teleport|p2a: Slowking
|
|t:|1662829248
|switch|p2a: Chandelure|Chandelure, M|100/100|[from]move: Teleport
|
|upkeep
|turn|10
|
|t:|1662829251
|move|p1a: Xatu|Light Screen|p1a: Xatu
|-sidestart|p1: Zephyyyr|move: Light Screen
|move|p2a: Chandelure|Shadow Ball|p1a: Xatu
|-supereffective|p1a: Xatu
|-damage|p1a: Xatu|0 fnt
|faint|p1a: Xatu
|
|upkeep
|
|t:|1662829255
|switch|p1a: Gyarados|Gyarados, M, shiny|65/100
|turn|11
|
|t:|1662829259
|switch|p2a: Salamence|Salamence, F|80/100
|-ability|p2a: Salamence|Intimidate|boost
|-unboost|p1a: Gyarados|atk|1
|move|p1a: Gyarados|Waterfall|p2a: Salamence
|-resisted|p2a: Salamence
|-damage|p2a: Salamence|69/100
|
|upkeep
|turn|12
|
|t:|1662829264
|move|p1a: Gyarados|Ice Fang|p2a: Salamence
|-supereffective|p2a: Salamence
|-damage|p2a: Salamence|18/100
|move|p2a: Salamence|Dragon Tail|p1a: Gyarados
|-damage|p1a: Gyarados|28/100
|drag|p1a: Scizor|Scizor, F|100/100
|
|upkeep
|turn|13
|
|t:|1662829275
|move|p1a: Scizor|Swords Dance|p1a: Scizor
|-boost|p1a: Scizor|atk|2
|move|p2a: Salamence|Roost|p2a: Salamence
|-heal|p2a: Salamence|68/100
|-singleturn|p2a: Salamence|move: Roost
|
|upkeep
|turn|14
|
|t:|1662829292
|move|p1a: Scizor|Bullet Punch|p2a: Salamence
|-damage|p2a: Salamence|7/100
|-damage|p1a: Scizor|91/100|[from] item: Life Orb
|move|p2a: Salamence|Dragon Tail|p1a: Scizor
|-resisted|p1a: Scizor
|-damage|p1a: Scizor|74/100
|drag|p1a: Gyarados|Gyarados, M, shiny|28/100
|
|-sideend|p1: Zephyyyr|move: Light Screen
|upkeep
|turn|15
|
|t:|1662829316
|move|p1a: Gyarados|Dragon Dance|p1a: Gyarados
|-boost|p1a: Gyarados|atk|1
|-boost|p1a: Gyarados|spe|1
|move|p2a: Salamence|Dragon Tail|p1a: Gyarados
|-damage|p1a: Gyarados|0 fnt
|faint|p1a: Gyarados
|
|upkeep
|
|t:|1662829320
|switch|p1a: Toxtricity|Toxtricity, M|100/100
|turn|16
|
|t:|1662829328
|switch|p1a: Scizor|Scizor, F|74/100
|move|p2a: Salamence|Dragon Tail|p1a: Scizor
|-resisted|p1a: Scizor
|-damage|p1a: Scizor|57/100
|drag|p1a: Celesteela|Celesteela, shiny|100/100
|
|upkeep
|turn|17
|
|t:|1662829332
|switch|p2a: Slowking|Slowking, M|100/100
|move|p1a: Celesteela|Autotomize|p1a: Celesteela
|-boost|p1a: Celesteela|spe|2
|-start|p1a: Celesteela|Autotomize
|
|upkeep
|turn|18
|
|t:|1662829338
|move|p1a: Celesteela|Meteor Beam||[still]
|-prepare|p1a: Celesteela|Meteor Beam
|-boost|p1a: Celesteela|spa|1
|-enditem|p1a: Celesteela|Power Herb
|-anim|p1a: Celesteela|Meteor Beam|p2a: Slowking
|-damage|p2a: Slowking|64/100
|move|p2a: Slowking|Teleport|p2a: Slowking
|
|t:|1662829341
|switch|p2a: Chandelure|Chandelure, M|100/100|[from]move: Teleport
|
|upkeep
|turn|19
|
|t:|1662829344
|move|p1a: Celesteela|Air Slash|p2a: Chandelure
|-damage|p2a: Chandelure|16/100
|move|p2a: Chandelure|Flamethrower|p1a: Celesteela
|-supereffective|p1a: Celesteela
|-damage|p1a: Celesteela|0 fnt
|faint|p1a: Celesteela
|
|upkeep
|
|t:|1662829349
|switch|p1a: Scizor|Scizor, F|57/100
|turn|20
|
|t:|1662829352
|move|p1a: Scizor|Bullet Punch|p2a: Chandelure
|-resisted|p2a: Chandelure
|-damage|p2a: Chandelure|0 fnt
|faint|p2a: Chandelure
|-damage|p1a: Scizor|47/100|[from] item: Life Orb
|
|upkeep
|
|t:|1662829356
|switch|p2a: Heliolisk|Heliolisk, F|100/100
|turn|21
|
|t:|1662829364
|move|p2a: Heliolisk|Volt Switch|p1a: Scizor
|-damage|p1a: Scizor|0 fnt
|faint|p1a: Scizor
|
|t:|1662829366
|switch|p2a: Krookodile|Krookodile, M|100/100|[from]move: Volt Switch
|
|upkeep
|
|t:|1662829369
|switch|p1a: Toxtricity|Toxtricity, M|100/100
|turn|22
|-message|Zephyyyr forfeited.
|
|win|detonating
|raw|Zephyyyr's rating: 1551 &rarr; <strong>1524</strong><br />(-27 for losing)
|raw|detonating's rating: 1416 &rarr; <strong>1443</strong><br />(+27 for winning)
|l|☆Zephyyyr
||Ladder isn't responding, score probably updated but might not have (Request timeout).
