|j|☆avarice
|j|☆ok now I see ya
|t:|1602291432
|player|p1|avarice|acetrainerf-gen2|
|player|p2|ok now I see ya|brendan-gen3rs|
|teamsize|p1|6
|teamsize|p2|6
|gametype|singles
|gen|8
|tier|[Gen 8] UU
|rated|Tournament battle
|clearpoke
|poke|p1|Chansey, F|
|poke|p1|Starmie|
|poke|p1|Mamoswine, M|
|poke|p1|Terrakion|
|poke|p1|Tangela, M|
|poke|p1|Dragalge, F|
|poke|p2|Slowbro, M|
|poke|p2|Cobalion|
|poke|p2|Mamoswine, M|
|poke|p2|Chandelure, F|
|poke|p2|Zarude|
|poke|p2|Weezing-Galar, M|
|rule|Sleep Clause Mod: Limit one foe put to sleep
|rule|Species Clause: Limit one of each Pokémon
|rule|OHKO Clause: OHKO moves are banned
|rule|Evasion Moves Clause: Evasion moves are banned
|rule|Endless Battle Clause: Forcing endless battles is banned
|rule|HP Percentage Mod: HP is shown in percentages
|rule|Dynamax Clause: You cannot dynamax
|teampreview
|inactive|Battle timer is ON: inactive players will automatically lose when time's up. (requested by ok now I see ya)
|
|t:|1602291457
|start
|switch|p1a: falling|Dragalge, F|100/100
|switch|p2a: Icy Boi|Mamoswine, M|100/100
|turn|1
|
|t:|1602291462
|switch|p1a: to be so lonely|Tangela, M|100/100
|move|p2a: Icy Boi|Knock Off|p1a: to be so lonely
|-damage|p1a: to be so lonely|79/100
|-enditem|p1a: to be so lonely|Eviolite|[from] move: Knock Off|[of] p2a: Icy Boi
|-damage|p2a: Icy Boi|91/100|[from] item: Life Orb
|
|upkeep
|turn|2
|
|t:|1602291468
|switch|p2a: Mojo Jojo|Zarude|100/100
|move|p1a: to be so lonely|Sleep Powder|p2a: Mojo Jojo
|-immune|p2a: Mojo Jojo
|
|upkeep
|turn|3
|
|t:|1602291472
|move|p2a: Mojo Jojo|U-turn|p1a: to be so lonely
|-supereffective|p1a: to be so lonely
|-damage|p1a: to be so lonely|47/100
|
|t:|1602291478
|switch|p2a: Dope|Slowbro, M|100/100|[from]move: U-turn
|move|p1a: to be so lonely|Knock Off|p2a: Dope
|-supereffective|p2a: Dope
|-damage|p2a: Dope|85/100
|-enditem|p2a: Dope|Heavy-Duty Boots|[from] move: Knock Off|[of] p1a: to be so lonely
|
|upkeep
|turn|4
|
|t:|1602291483
|switch|p2a: Mojo Jojo|Zarude|100/100
|move|p1a: to be so lonely|Sleep Powder|p2a: Mojo Jojo
|-immune|p2a: Mojo Jojo
|
|upkeep
|turn|5
|
|t:|1602291488
|move|p2a: Mojo Jojo|Throat Chop|p1a: to be so lonely
|-crit|p1a: to be so lonely
|-damage|p1a: to be so lonely|6/100
|-start|p1a: to be so lonely|Throat Chop|[silent]
|move|p1a: to be so lonely|Synthesis|p1a: to be so lonely
|-heal|p1a: to be so lonely|56/100
|
|upkeep
|turn|6
|
|t:|1602291495
|move|p2a: Mojo Jojo|Power Whip|p1a: to be so lonely
|-resisted|p1a: to be so lonely
|-damage|p1a: to be so lonely|37/100
|move|p1a: to be so lonely|Knock Off|p2a: Mojo Jojo
|-resisted|p2a: Mojo Jojo
|-damage|p2a: Mojo Jojo|95/100
|-enditem|p2a: Mojo Jojo|Heavy-Duty Boots|[from] move: Knock Off|[of] p1a: to be so lonely
|
|-end|p1a: to be so lonely|Throat Chop|[silent]
|upkeep
|turn|7
|
|t:|1602291502
|move|p2a: Mojo Jojo|U-turn|p1a: to be so lonely
|-supereffective|p1a: to be so lonely
|-damage|p1a: to be so lonely|8/100
|
|t:|1602291507
|switch|p2a: Swing from the|Chandelure, F|100/100|[from]move: U-turn
|move|p1a: to be so lonely|Synthesis|p1a: to be so lonely
|-heal|p1a: to be so lonely|58/100
|
|upkeep
|turn|8
|
|t:|1602291512
|switch|p1a: she|Chansey, F|100/100
|move|p2a: Swing from the|Trick|p1a: she
|-activate|p2a: Swing from the|move: Trick|[of] p1a: she
|-item|p1a: she|Choice Scarf|[from] move: Trick
|-item|p2a: Swing from the|Eviolite|[from] move: Trick
|
|upkeep
|turn|9
|
|t:|1602291534
|switch|p2a: Bong|Weezing-Galar, M|100/100
|move|p1a: she|Teleport|p1a: she
|
|t:|1602291540
|switch|p1a: falling|Dragalge, F|100/100|[from]move: Teleport
|
|upkeep
|turn|10
|
|t:|1602291545
|switch|p2a: Koba Leon|Cobalion|100/100
|move|p1a: falling|Toxic Spikes|p2a: Koba Leon
|-sidestart|p2: ok now I see ya|move: Toxic Spikes
|
|upkeep
|turn|11
|
|t:|1602291556
|switch|p1a: watermelon sugar|Starmie|100/100
|move|p2a: Koba Leon|Volt Switch|p1a: watermelon sugar
|-supereffective|p1a: watermelon sugar
|-damage|p1a: watermelon sugar|62/100
|
|t:|1602291568
|switch|p2a: Mojo Jojo|Zarude|95/100|[from]move: Volt Switch
|-status|p2a: Mojo Jojo|psn
|
|-damage|p2a: Mojo Jojo|82/100 psn|[from] psn
|upkeep
|turn|12
|
|t:|1602291575
|switch|p1a: to be so lonely|Tangela, M|91/100
|move|p2a: Mojo Jojo|U-turn|p1a: to be so lonely
|-supereffective|p1a: to be so lonely
|-damage|p1a: to be so lonely|61/100
|
|t:|1602291578
|switch|p2a: Bong|Weezing-Galar, M|100/100|[from]move: U-turn
|
|upkeep
|turn|13
|j| pif
|
|t:|1602291589
|move|p2a: Bong|Defog|p1a: to be so lonely
|-unboost|p1a: to be so lonely|evasion|1
|-sideend|p2: ok now I see ya|Toxic Spikes|[from] move: Defog|[of] p2a: Bong
|move|p1a: to be so lonely|Sleep Powder|p2a: Bong
|-status|p2a: Bong|slp|[from] move: Sleep Powder
|
|upkeep
|turn|14
|
|t:|1602291596
|switch|p2a: Swing from the|Chandelure, F|100/100
|move|p1a: to be so lonely|Knock Off|p2a: Swing from the
|-supereffective|p2a: Swing from the
|-damage|p2a: Swing from the|64/100
|-enditem|p2a: Swing from the|Eviolite|[from] move: Knock Off|[of] p1a: to be so lonely
|
|upkeep
|turn|15
|c| pif|btw ok now i see ya do you have a smogon account
|
|t:|1602291604
|switch|p1a: she|Chansey, F|100/100
|move|p2a: Swing from the|Fire Blast|p1a: she
|-damage|p1a: she|72/100
|
|upkeep
|turn|16
|c|☆ok now I see ya|yes
|c|☆ok now I see ya|why
|c| pif|what is it
|c|☆ok now I see ya|it naaviii
|c|☆ok now I see ya|ditched it
|c|☆ok now I see ya|now it’s naviii 1
|inactive|ok now I see ya has 120 seconds left.
|c| pif|do you ever post on it
|c|☆ok now I see ya|i just joined some tourneys on naaviii
|c| pif|o ok
|inactive|ok now I see ya has 90 seconds left.
|
|t:|1602291670
|switch|p2a: Icy Boi|Mamoswine, M|91/100
|switch|p1a: golden|Terrakion|100/100
|-item|p1a: golden|Air Balloon
|
|upkeep
|turn|17
|c| pif|balloon terrakion
|c| pif|the legend
|
|t:|1602291685
|switch|p2a: Dope|Slowbro, M|100/100
|move|p1a: golden|Close Combat|p2a: Dope
|-resisted|p2a: Dope
|-damage|p2a: Dope|81/100
|-unboost|p1a: golden|def|1
|-unboost|p1a: golden|spd|1
|
|upkeep
|turn|18
|
|t:|1602291691
|switch|p1a: falling|Dragalge, F|100/100
|move|p2a: Dope|Teleport|p2a: Dope
|
|t:|1602291694
|switch|p2a: Icy Boi|Mamoswine, M|91/100|[from]move: Teleport
|
|upkeep
|turn|19
|
|t:|1602291702
|switch|p1a: canyon moon|Mamoswine, M|100/100
|move|p2a: Icy Boi|Icicle Crash|p1a: canyon moon
|-damage|p1a: canyon moon|64/100
|-damage|p2a: Icy Boi|81/100|[from] item: Life Orb
|
|upkeep
|turn|20
|inactive|ok now I see ya has 120 seconds left.
|
|t:|1602291708
|move|p1a: canyon moon|Earthquake|p2a: Icy Boi
|-damage|p2a: Icy Boi|0 fnt
|-damage|p1a: canyon moon|55/100|[from] item: Life Orb
|faint|p2a: Icy Boi
|
|upkeep
|c|☆ok now I see ya|:/
|inactive|ok now I see ya has 120 seconds left.
|
|t:|1602291718
|switch|p2a: Koba Leon|Cobalion|100/100
|turn|21
|
|t:|1602291730
|switch|p1a: to be so lonely|Tangela, M|94/100
|move|p2a: Koba Leon|Stealth Rock|p1a: to be so lonely
|-sidestart|p1: avarice|move: Stealth Rock
|
|upkeep
|turn|22
|
|t:|1602291739
|move|p2a: Koba Leon|Iron Head|p1a: to be so lonely
|-damage|p1a: to be so lonely|74/100
|cant|p1a: to be so lonely|flinch
|
|upkeep
|turn|23
|
|t:|1602291744
|move|p2a: Koba Leon|Iron Head|p1a: to be so lonely
|-damage|p1a: to be so lonely|52/100
|cant|p1a: to be so lonely|flinch
|
|upkeep
|turn|24
|
|t:|1602291758
|move|p2a: Koba Leon|Volt Switch|p1a: to be so lonely
|-resisted|p1a: to be so lonely
|-damage|p1a: to be so lonely|39/100
|
|t:|1602291759
|switch|p2a: Swing from the|Chandelure, F|64/100|[from]move: Volt Switch
|move|p1a: to be so lonely|Synthesis|p1a: to be so lonely
|-heal|p1a: to be so lonely|89/100
|
|upkeep
|turn|25
|
|t:|1602291764
|switch|p1a: golden|Terrakion|100/100
|-damage|p1a: golden|94/100|[from] Stealth Rock
|-item|p1a: golden|Air Balloon
|move|p2a: Swing from the|Fire Blast|p1a: golden
|-resisted|p1a: golden
|-damage|p1a: golden|59/100
|-enditem|p1a: golden|Air Balloon
|
|upkeep
|turn|26
|
|t:|1602291771
|switch|p2a: Dope|Slowbro, M|100/100
|move|p1a: golden|Stealth Rock|p2a: Dope
|-sidestart|p2: ok now I see ya|move: Stealth Rock
|
|upkeep
|turn|27
|
|t:|1602291781
|switch|p1a: falling|Dragalge, F|100/100
|-damage|p1a: falling|88/100|[from] Stealth Rock
|move|p2a: Dope|Psyshock|p1a: falling
|-supereffective|p1a: falling
|-damage|p1a: falling|17/100
|
|-heal|p1a: falling|23/100|[from] item: Black Sludge
|upkeep
|turn|28
|
|t:|1602291787
|move|p1a: falling|Draco Meteor|p2a: Dope
|-damage|p2a: Dope|14/100
|-unboost|p1a: falling|spa|2
|move|p2a: Dope|Psyshock|p1a: falling
|-supereffective|p1a: falling
|-damage|p1a: falling|0 fnt
|faint|p1a: falling
|
|upkeep
|c| pif|a shocking play
|
|t:|1602291800
|switch|p1a: canyon moon|Mamoswine, M|55/100
|-damage|p1a: canyon moon|42/100|[from] Stealth Rock
|turn|29
|c|☆ok now I see ya|i think i won
|j| Solonor24
|c|☆ok now I see ya|if i had balls
|c|☆ok now I see ya|and stayed in on terrakion
|j| keppy ㋛
|c|☆avarice|i dont prep for scarf chandy
|c| pif|pokemon is just who has bigger balls
|inactive|ok now I see ya has 120 seconds left.
|c|☆ok now I see ya|my chandy set
|c|☆ok now I see ya|is weird
|c|☆ok now I see ya|the 4th move
|c|☆avarice|it's bad and you should feel bad '-'
|c| pif|whoa
|c|☆ok now I see ya|nah
|c| pif|toxic avarice
|c|☆ok now I see ya|it’s ok ):/
|inactive|ok now I see ya has 90 seconds left.
|c|☆ok now I see ya|):*
|c| pif|you dont want to get m(o)uted
|c| pif|in uu room
|c| pif|XD
|c|☆avarice|:cwl:
|c| Solonor24|harassment
|c|☆ok now I see ya|mutemute
|c| Solonor24|reported
|c| pif|:l
|j| SpenderOfTime
|inactive|ok now I see ya has 60 seconds left.
|c|☆avarice|im jk idc about roomtours:(
|c| pif|its okay i am his friend
|
|t:|1602291902
|switch|p2a: Bong|Weezing-Galar, M|100/100 slp
|-damage|p2a: Bong|88/100 slp|[from] Stealth Rock
|move|p1a: canyon moon|Knock Off|p2a: Bong
|-resisted|p2a: Bong
|-damage|p2a: Bong|71/100 slp
|-enditem|p2a: Bong|Black Sludge|[from] move: Knock Off|[of] p1a: canyon moon
|-damage|p1a: canyon moon|32/100|[from] item: Life Orb
|
|upkeep
|turn|30
|
|t:|1602291907
|move|p1a: canyon moon|Icicle Crash|p2a: Bong|[miss]
|-miss|p1a: canyon moon|p2a: Bong
|cant|p2a: Bong|slp
|
|upkeep
|turn|31
|c| SpenderOfTime|rip beautiful tail
|c| pif|i icicle crashed
|c| pif|there
|c|☆ok now I see ya|i want
|c| pif|i didnt miss
|c| pif|there
|inactive|ok now I see ya has 60 seconds left.
|c|☆ok now I see ya|a life size mamo plushie
|c| pif|gay
|
|t:|1602291928
|move|p1a: canyon moon|Icicle Crash|p2a: Bong
|-damage|p2a: Bong|27/100 slp
|-damage|p1a: canyon moon|22/100|[from] item: Life Orb
|-curestatus|p2a: Bong|slp|[msg]
|move|p2a: Bong|Defog|p1a: canyon moon
|-unboost|p1a: canyon moon|evasion|1
|-sideend|p1: avarice|Stealth Rock|[from] move: Defog|[of] p2a: Bong
|-sideend|p2: ok now I see ya|Stealth Rock|[from] move: Defog|[of] p2a: Bong
|
|upkeep
|turn|32
|c|☆ok now I see ya|:/
|c|☆avarice|how would u get it in the house
|j| technosis
|j| Crushy Stuff
|c| pif|mamoswine is only 2.5 meters tall
|c| pif|you could squeeze that in
|c|☆avarice|wow i thought
|c|☆avarice|bigger
|inactive|avarice has 120 seconds left.
|inactive|ok now I see ya has 30 seconds left.
|j| M͜ygr͡ein ㋡
|
|t:|1602291960
|move|p1a: canyon moon|Icicle Crash|p2a: Bong
|-damage|p2a: Bong|0 fnt
|-damage|p1a: canyon moon|12/100|[from] item: Life Orb
|faint|p2a: Bong
|
|upkeep
|
|t:|1602291963
|switch|p2a: Koba Leon|Cobalion|100/100
|turn|33
|c| M͜ygr͡ein ㋡|VAMOOOOS
|l| M͜ygr͡ein ㋡
|c|☆ok now I see ya|si
|
|t:|1602291976
|move|p2a: Koba Leon|Iron Head|p1a: canyon moon
|-supereffective|p1a: canyon moon
|-damage|p1a: canyon moon|0 fnt
|faint|p1a: canyon moon
|
|upkeep
|c| pif|i love mamoswines short little tail
|c| pif|its adorable
|
|t:|1602291981
|switch|p1a: watermelon sugar|Starmie|62/100
|turn|34
|c|☆ok now I see ya|ik
|c| technosis|it is a pig
|c| SpenderOfTime|how dare you let him die?
|c|☆ok now I see ya|short scruffy tail
|c| Solonor24|i invented bro zarude
|c| Solonor24|just remember this
|inactive|ok now I see ya has 30 seconds left.
|
|t:|1602292003
|switch|p2a: Dope|Slowbro, M|47/100
|move|p1a: watermelon sugar|Surf|p2a: Dope
|-resisted|p2a: Dope
|-crit|p2a: Dope
|-damage|p2a: Dope|10/100
|
|upkeep
|turn|35
|c| Crushy Stuff|thats exactly how they went extinct :(
|
|t:|1602292008
|switch|p2a: Mojo Jojo|Zarude|82/100 psn
|move|p1a: watermelon sugar|Surf|p2a: Mojo Jojo
|-resisted|p2a: Mojo Jojo
|-damage|p2a: Mojo Jojo|58/100 psn
|
|-damage|p2a: Mojo Jojo|46/100 psn|[from] psn
|upkeep
|turn|36
|j| ShwiftyShiftry
|c| pif|bro zarude
|c| pif|lol
|
|t:|1602292021
|move|p1a: watermelon sugar|Ice Beam|p2a: Mojo Jojo
|-supereffective|p2a: Mojo Jojo
|-damage|p2a: Mojo Jojo|0 fnt
|faint|p2a: Mojo Jojo
|
|upkeep
|j| Atrocious-D
|inactive|ok now I see ya has 30 seconds left.
|c| pif|wait
|c| pif|why does your team
|
|t:|1602292040
|switch|p2a: Koba Leon|Cobalion|100/100
|turn|37
|c| pif|mono lose
|c| pif|to starmie
|c| pif|jeeze
|inactive|ok now I see ya has 30 seconds left.
|inactive|ok now I see ya has 20 seconds left.
|c| SpenderOfTime|koba special with thunderbolt
|inactive|ok now I see ya has 15 seconds left.
|
|t:|1602292066
|move|p1a: watermelon sugar|Surf|p2a: Koba Leon
|-damage|p2a: Koba Leon|44/100
|move|p2a: Koba Leon|Volt Switch|p1a: watermelon sugar
|-supereffective|p1a: watermelon sugar
|-crit|p1a: watermelon sugar
|-damage|p1a: watermelon sugar|2/100
|inactive|ok now I see ya has 20 seconds left this turn.
|
|t:|1602292069
|switch|p2a: Dope|Slowbro, M|43/100|[from]move: Volt Switch
|
|upkeep
|turn|38
|inactive|ok now I see ya has 30 seconds left this turn.
|c| pif|crit tbolt
|
|t:|1602292074
|move|p1a: watermelon sugar|Thunderbolt|p2a: Dope
|-supereffective|p2a: Dope
|-damage|p2a: Dope|0 fnt
|faint|p2a: Dope
|
|upkeep
|inactive|ok now I see ya has 30 seconds left this turn.
|c| SpenderOfTime|wow
|c| pif|would have won
|c|☆ok now I see ya|):
|
|t:|1602292083
|switch|p2a: Koba Leon|Cobalion|44/100
|turn|39
|
|t:|1602292086
|move|p1a: watermelon sugar|Surf|p2a: Koba Leon
|-damage|p2a: Koba Leon|0 fnt
|faint|p2a: Koba Leon
|
|upkeep
|c|☆ok now I see ya|gg
|
|t:|1602292088
|switch|p2a: Swing from the|Chandelure, F|64/100
|turn|40
|c|☆avarice|gg
|
|t:|1602292091
|move|p1a: watermelon sugar|Surf|p2a: Swing from the
|-supereffective|p2a: Swing from the
|-damage|p2a: Swing from the|0 fnt
|faint|p2a: Swing from the
|
|win|avarice
|c| SpenderOfTime|f
