|j|☆Bsuuuu
|j|☆UUM3 Hoshibi
|player|p1|Bsuuuu|swimmer-gen4dp|1455
|player|p2|UUM3 Hoshibi|201|1443
|teamsize|p1|6
|teamsize|p2|6
|gametype|singles
|gen|8
|tier|[Gen 8] UU
|rated|
|html|<div class="broadcast-red"><strong>UU is currently suspecting Mamoswine! For information on how to participate check out the <a href="https://www.smogon.com/forums/threads/3661513/">suspect thread</a>.</strong></div>
|clearpoke
|poke|p1|Celebi|
|poke|p1|Incineroar, F|
|poke|p1|Necrozma|
|poke|p1|Cobalion|
|poke|p1|Noivern, M|
|poke|p1|Vaporeon, F|
|poke|p2|Gardevoir, M|
|poke|p2|Celebi|
|poke|p2|Lucario, F|
|poke|p2|Noivern, F|
|poke|p2|Incineroar, M|
|poke|p2|Mamoswine, M|
|rule|Sleep Clause Mod: Limit one foe put to sleep
|rule|Species Clause: Limit one of each Pokémon
|rule|OHKO Clause: OHKO moves are banned
|rule|Evasion Moves Clause: Evasion moves are banned
|rule|Endless Battle Clause: Forcing endless battles is banned
|rule|HP Percentage Mod: HP is shown in percentages
|rule|Dynamax Clause: You cannot dynamax
|teampreview
|
|start
|switch|p1a: Necrozma|Necrozma|100/100
|switch|p2a: Noivern|Noivern, F|100/100
|turn|1
|inactive|Battle timer is ON: inactive players will automatically lose when time's up. (requested by Bsuuuu)
|
|move|p2a: Noivern|Hurricane|p1a: Necrozma
|-crit|p1a: Necrozma
|-damage|p1a: Necrozma|29/100
|-start|p1a: Necrozma|confusion
|-activate|p1a: Necrozma|confusion
|move|p1a: Necrozma|Knock Off|p2a: Noivern
|-damage|p2a: Noivern|72/100
|-enditem|p2a: Noivern|Heavy-Duty Boots|[from] move: Knock Off|[of] p1a: Necrozma
|
|-heal|p1a: Necrozma|35/100|[from] item: Leftovers
|upkeep
|turn|2
|
|switch|p1a: Vaporeon|Vaporeon, F|100/100
|move|p2a: Noivern|Hurricane|p1a: Vaporeon
|-damage|p1a: Vaporeon|72/100
|
|-heal|p1a: Vaporeon|78/100|[from] item: Leftovers
|upkeep
|turn|3
|
|move|p2a: Noivern|U-turn|p1a: Vaporeon
|-damage|p1a: Vaporeon|67/100
|
|switch|p2a: Gardevoir|Gardevoir, M|100/100|[from]move: U-turn
|-ability|p2a: Gardevoir|Water Absorb|[from] ability: Trace|[of] p1a: Vaporeon
|move|p1a: Vaporeon|Wish|p1a: Vaporeon
|
|-heal|p1a: Vaporeon|73/100|[from] item: Leftovers
|upkeep
|turn|4
|j| HuaiquilTest
|
|move|p2a: Gardevoir|Moonblast|p1a: Vaporeon
|-damage|p1a: Vaporeon|47/100
|move|p1a: Vaporeon|Toxic|p2a: Gardevoir
|-status|p2a: Gardevoir|tox
|
|-heal|p1a: Vaporeon|97/100|[from] move: Wish|[wisher] Vaporeon
|-heal|p1a: Vaporeon|100/100|[from] item: Leftovers
|-damage|p2a: Gardevoir|94/100 tox|[from] psn
|upkeep
|turn|5
|
|switch|p2a: Noivern|Noivern, F|72/100
|move|p1a: Vaporeon|Wish|p1a: Vaporeon
|
|upkeep
|turn|6
|
|move|p2a: Noivern|U-turn|p1a: Vaporeon
|-crit|p1a: Vaporeon
|-damage|p1a: Vaporeon|84/100
|
|switch|p2a: Gardevoir|Gardevoir, M|94/100 tox|[from]move: U-turn
|-ability|p2a: Gardevoir|Water Absorb|[from] ability: Trace|[of] p1a: Vaporeon
|move|p1a: Vaporeon|Toxic|p2a: Gardevoir
|-fail|p2a: Gardevoir|tox
|
|-heal|p1a: Vaporeon|100/100|[from] move: Wish|[wisher] Vaporeon
|-damage|p2a: Gardevoir|88/100 tox|[from] psn
|upkeep
|turn|7
|
|move|p1a: Vaporeon|Protect|p1a: Vaporeon
|-singleturn|p1a: Vaporeon|Protect
|move|p2a: Gardevoir|Trick|p1a: Vaporeon
|-activate|p1a: Vaporeon|move: Protect
|
|-damage|p2a: Gardevoir|76/100 tox|[from] psn
|upkeep
|turn|8
|
|switch|p2a: Noivern|Noivern, F|72/100
|switch|p1a: Necrozma|Necrozma|35/100
|
|-heal|p1a: Necrozma|41/100|[from] item: Leftovers
|upkeep
|turn|9
|
|switch|p1a: Vaporeon|Vaporeon, F|100/100
|move|p2a: Noivern|Hurricane|p1a: Vaporeon
|-damage|p1a: Vaporeon|72/100
|
|-heal|p1a: Vaporeon|78/100|[from] item: Leftovers
|upkeep
|turn|10
|
|move|p2a: Noivern|U-turn|p1a: Vaporeon
|-damage|p1a: Vaporeon|66/100
|
|switch|p2a: Celebi|Celebi|100/100|[from]move: U-turn
|move|p1a: Vaporeon|Wish|p1a: Vaporeon
|
|-heal|p1a: Vaporeon|72/100|[from] item: Leftovers
|upkeep
|turn|11
|
|switch|p1a: Necrozma|Necrozma|41/100
|move|p2a: Celebi|Stealth Rock|p1a: Necrozma
|-sidestart|p1: Bsuuuu|move: Stealth Rock
|
|-heal|p1a: Necrozma|99/100|[from] move: Wish|[wisher] Vaporeon
|-heal|p1a: Necrozma|100/100|[from] item: Leftovers
|upkeep
|turn|12
|
|move|p2a: Celebi|U-turn|p1a: Necrozma
|-supereffective|p1a: Necrozma
|-damage|p1a: Necrozma|83/100
|
|switch|p2a: Incineroar|Incineroar, M|100/100|[from]move: U-turn
|-ability|p2a: Incineroar|Intimidate|boost
|-unboost|p1a: Necrozma|atk|1
|move|p1a: Necrozma|Stealth Rock|p2a: Incineroar
|-sidestart|p2: UUM3 Hoshibi|move: Stealth Rock
|
|-heal|p1a: Necrozma|89/100|[from] item: Leftovers
|upkeep
|turn|13
|
|switch|p1a: Incineroar|Incineroar, F|100/100
|-ability|p1a: Incineroar|Intimidate|boost
|-unboost|p2a: Incineroar|atk|1
|move|p2a: Incineroar|Knock Off|p1a: Incineroar
|-resisted|p1a: Incineroar
|-crit|p1a: Incineroar
|-damage|p1a: Incineroar|74/100
|-enditem|p1a: Incineroar|Heavy-Duty Boots|[from] move: Knock Off|[of] p2a: Incineroar
|
|upkeep
|turn|14
|
|move|p1a: Incineroar|Knock Off|p2a: Incineroar
|-resisted|p2a: Incineroar
|-damage|p2a: Incineroar|81/100
|-enditem|p2a: Incineroar|Heavy-Duty Boots|[from] move: Knock Off|[of] p1a: Incineroar
|move|p2a: Incineroar|Parting Shot|p1a: Incineroar
|-unboost|p1a: Incineroar|atk|1
|-unboost|p1a: Incineroar|spa|1
|
|switch|p2a: Noivern|Noivern, F|72/100|[from]move: Parting Shot
|-damage|p2a: Noivern|47/100|[from] Stealth Rock
|
|upkeep
|turn|15
|
|switch|p1a: Vaporeon|Vaporeon, F|72/100
|-damage|p1a: Vaporeon|60/100|[from] Stealth Rock
|move|p2a: Noivern|Roost|p2a: Noivern
|-heal|p2a: Noivern|97/100
|-singleturn|p2a: Noivern|move: Roost
|
|-heal|p1a: Vaporeon|66/100|[from] item: Leftovers
|upkeep
|turn|16
|
|switch|p2a: Gardevoir|Gardevoir, M|76/100 tox
|-damage|p2a: Gardevoir|64/100 tox|[from] Stealth Rock
|-ability|p2a: Gardevoir|Water Absorb|[from] ability: Trace|[of] p1a: Vaporeon
|move|p1a: Vaporeon|Wish|p1a: Vaporeon
|
|-heal|p1a: Vaporeon|72/100|[from] item: Leftovers
|-damage|p2a: Gardevoir|58/100 tox|[from] psn
|upkeep
|turn|17
|
|move|p1a: Vaporeon|Protect|p1a: Vaporeon
|-singleturn|p1a: Vaporeon|Protect
|move|p2a: Gardevoir|Trick|p1a: Vaporeon
|-activate|p1a: Vaporeon|move: Protect
|
|-heal|p1a: Vaporeon|100/100|[from] move: Wish|[wisher] Vaporeon
|-damage|p2a: Gardevoir|45/100 tox|[from] psn
|upkeep
|turn|18
|
|switch|p1a: Necrozma|Necrozma|89/100
|-damage|p1a: Necrozma|77/100|[from] Stealth Rock
|move|p2a: Gardevoir|Trick|p1a: Necrozma
|-activate|p2a: Gardevoir|move: Trick|[of] p1a: Necrozma
|-item|p1a: Necrozma|Choice Scarf|[from] move: Trick
|-item|p2a: Gardevoir|Leftovers|[from] move: Trick
|
|-heal|p2a: Gardevoir|52/100 tox|[from] item: Leftovers
|-damage|p2a: Gardevoir|33/100 tox|[from] psn
|upkeep
|turn|19
|inactive|UUM3 Hoshibi has 120 seconds left.
|
|switch|p2a: Incineroar|Incineroar, M|81/100
|-damage|p2a: Incineroar|56/100|[from] Stealth Rock
|-ability|p2a: Incineroar|Intimidate|boost
|-unboost|p1a: Necrozma|atk|1
|move|p1a: Necrozma|Photon Geyser|p2a: Incineroar
|-immune|p2a: Incineroar
|
|upkeep
|turn|20
|
|switch|p1a: Noivern|Noivern, M|100/100
|move|p2a: Incineroar|Toxic|p1a: Noivern|[miss]
|-miss|p2a: Incineroar|p1a: Noivern
|
|upkeep
|turn|21
|j| dalladalla
|
|move|p1a: Noivern|Hurricane|p2a: Incineroar|[miss]
|-miss|p1a: Noivern|p2a: Incineroar
|move|p2a: Incineroar|Toxic|p1a: Noivern
|-status|p1a: Noivern|tox
|
|-damage|p1a: Noivern|94/100 tox|[from] psn
|upkeep
|turn|22
|
|move|p1a: Noivern|Hurricane|p2a: Incineroar
|-damage|p2a: Incineroar|21/100
|move|p2a: Incineroar|Parting Shot|p1a: Noivern
|-unboost|p1a: Noivern|atk|1
|-unboost|p1a: Noivern|spa|1
|inactive|UUM3 Hoshibi has 120 seconds left.
|
|switch|p2a: Mamoswine|Mamoswine, M|100/100|[from]move: Parting Shot
|-damage|p2a: Mamoswine|88/100|[from] Stealth Rock
|
|-damage|p1a: Noivern|82/100 tox|[from] psn
|upkeep
|turn|23
|
|switch|p1a: Cobalion|Cobalion|100/100
|-damage|p1a: Cobalion|97/100|[from] Stealth Rock
|move|p2a: Mamoswine|Earthquake|p1a: Cobalion
|-supereffective|p1a: Cobalion
|-enditem|p1a: Cobalion|Shuca Berry|[eat]
|-enditem|p1a: Cobalion|Shuca Berry|[weaken]
|-damage|p1a: Cobalion|37/100
|-damage|p2a: Mamoswine|78/100|[from] item: Life Orb
|
|upkeep
|turn|24
|inactive|UUM3 Hoshibi has 120 seconds left.
|
|switch|p2a: Celebi|Celebi|100/100
|-damage|p2a: Celebi|88/100|[from] Stealth Rock
|move|p1a: Cobalion|Iron Head|p2a: Celebi
|-damage|p2a: Celebi|69/100
|
|-heal|p2a: Celebi|75/100|[from] item: Leftovers
|upkeep
|turn|25
|inactive|UUM3 Hoshibi has 120 seconds left.
|
|switch|p1a: Noivern|Noivern, M|82/100 tox
|-item|p2a: Celebi|Leftovers|[from] ability: Frisk|[of] p1a: Noivern|[identify]
|move|p2a: Celebi|U-turn|p1a: Noivern
|-resisted|p1a: Noivern
|-damage|p1a: Noivern|73/100 tox
|inactive|UUM3 Hoshibi has 120 seconds left.
|
|switch|p2a: Mamoswine|Mamoswine, M|78/100|[from]move: U-turn
|-damage|p2a: Mamoswine|66/100|[from] Stealth Rock
|
|-damage|p1a: Noivern|67/100 tox|[from] psn
|upkeep
|turn|26
|
|switch|p1a: Vaporeon|Vaporeon, F|100/100
|-damage|p1a: Vaporeon|88/100|[from] Stealth Rock
|move|p2a: Mamoswine|Ice Shard|p1a: Vaporeon
|-resisted|p1a: Vaporeon
|-damage|p1a: Vaporeon|73/100
|-damage|p2a: Mamoswine|56/100|[from] item: Life Orb
|
|-heal|p1a: Vaporeon|79/100|[from] item: Leftovers
|upkeep
|turn|27
|
|move|p1a: Vaporeon|Protect|p1a: Vaporeon
|-singleturn|p1a: Vaporeon|Protect
|move|p2a: Mamoswine|Earthquake|p1a: Vaporeon
|-activate|p1a: Vaporeon|move: Protect
|
|-heal|p1a: Vaporeon|85/100|[from] item: Leftovers
|upkeep
|turn|28
|
|switch|p2a: Gardevoir|Gardevoir, M|33/100 tox
|-damage|p2a: Gardevoir|21/100 tox|[from] Stealth Rock
|-ability|p2a: Gardevoir|Water Absorb|[from] ability: Trace|[of] p1a: Vaporeon
|move|p1a: Vaporeon|Scald|p2a: Gardevoir
|-heal|p2a: Gardevoir|46/100 tox|[from] ability: Water Absorb|[of] p1a: Vaporeon
|
|-heal|p2a: Gardevoir|52/100 tox|[from] item: Leftovers
|-heal|p1a: Vaporeon|91/100|[from] item: Leftovers
|-damage|p2a: Gardevoir|46/100 tox|[from] psn
|upkeep
|turn|29
|inactive|UUM3 Hoshibi has 120 seconds left.
|
|switch|p2a: Celebi|Celebi|75/100
|-damage|p2a: Celebi|63/100|[from] Stealth Rock
|move|p1a: Vaporeon|Wish|p1a: Vaporeon
|
|-heal|p2a: Celebi|69/100|[from] item: Leftovers
|-heal|p1a: Vaporeon|97/100|[from] item: Leftovers
|upkeep
|turn|30
|inactive|UUM3 Hoshibi has 120 seconds left.
|
|switch|p1a: Incineroar|Incineroar, F|74/100
|-damage|p1a: Incineroar|49/100|[from] Stealth Rock
|-ability|p1a: Incineroar|Intimidate|boost
|-unboost|p2a: Celebi|atk|1
|move|p2a: Celebi|Psychic|p1a: Incineroar
|-immune|p1a: Incineroar
|
|-heal|p1a: Incineroar|100/100|[from] move: Wish|[wisher] Vaporeon
|-heal|p2a: Celebi|75/100|[from] item: Leftovers
|upkeep
|turn|31
|
|move|p2a: Celebi|U-turn|p1a: Incineroar
|-damage|p1a: Incineroar|91/100
|
|switch|p2a: Noivern|Noivern, F|97/100|[from]move: U-turn
|-damage|p2a: Noivern|73/100|[from] Stealth Rock
|move|p1a: Incineroar|Knock Off|p2a: Noivern
|-damage|p2a: Noivern|34/100
|
|upkeep
|turn|32
|
|move|p2a: Noivern|Roost|p2a: Noivern
|-heal|p2a: Noivern|84/100
|-singleturn|p2a: Noivern|move: Roost
|move|p1a: Incineroar|Parting Shot|p2a: Noivern
|-unboost|p2a: Noivern|atk|1
|-unboost|p2a: Noivern|spa|1
|
|switch|p1a: Vaporeon|Vaporeon, F|97/100|[from]move: Parting Shot
|-damage|p1a: Vaporeon|85/100|[from] Stealth Rock
|
|-heal|p1a: Vaporeon|91/100|[from] item: Leftovers
|upkeep
|turn|33
|
|move|p2a: Noivern|Defog|p1a: Vaporeon
|-unboost|p1a: Vaporeon|evasion|1
|-sideend|p1: Bsuuuu|Stealth Rock|[from] move: Defog|[of] p2a: Noivern
|-sideend|p2: UUM3 Hoshibi|Stealth Rock|[from] move: Defog|[of] p2a: Noivern
|move|p1a: Vaporeon|Wish|p1a: Vaporeon
|
|-heal|p1a: Vaporeon|97/100|[from] item: Leftovers
|upkeep
|turn|34
|
|switch|p1a: Necrozma|Necrozma|77/100
|move|p2a: Noivern|Hurricane|p1a: Necrozma|[miss]
|-miss|p2a: Noivern|p1a: Necrozma
|
|-heal|p1a: Necrozma|100/100|[from] move: Wish|[wisher] Vaporeon
|upkeep
|turn|35
|l| HuaiquilTest
|inactive|UUM3 Hoshibi has 120 seconds left.
|
|move|p2a: Noivern|Hurricane|p1a: Necrozma
|-damage|p1a: Necrozma|70/100
|move|p1a: Necrozma|Thunder Wave|p2a: Noivern
|-status|p2a: Noivern|par
|
|upkeep
|turn|36
|
|switch|p1a: Vaporeon|Vaporeon, F|97/100
|move|p2a: Noivern|Hurricane|p1a: Vaporeon
|-damage|p1a: Vaporeon|78/100
|
|-heal|p1a: Vaporeon|84/100|[from] item: Leftovers
|upkeep
|turn|37
|
|move|p2a: Noivern|U-turn|p1a: Vaporeon
|-damage|p1a: Vaporeon|77/100
|inactive|UUM3 Hoshibi has 120 seconds left.
|
|switch|p2a: Celebi|Celebi|75/100|[from]move: U-turn
|move|p1a: Vaporeon|Wish|p1a: Vaporeon
|
|-heal|p2a: Celebi|82/100|[from] item: Leftovers
|-heal|p1a: Vaporeon|83/100|[from] item: Leftovers
|upkeep
|turn|38
|
|switch|p1a: Necrozma|Necrozma|70/100
|move|p2a: Celebi|U-turn|p1a: Necrozma
|-supereffective|p1a: Necrozma
|-damage|p1a: Necrozma|51/100
|
|switch|p2a: Incineroar|Incineroar, M|21/100|[from]move: U-turn
|-ability|p2a: Incineroar|Intimidate|boost
|-unboost|p1a: Necrozma|atk|1
|
|-heal|p1a: Necrozma|100/100|[from] move: Wish|[wisher] Vaporeon
|upkeep
|turn|39
|
|move|p1a: Necrozma|Stealth Rock|p2a: Incineroar
|-sidestart|p2: UUM3 Hoshibi|move: Stealth Rock
|move|p2a: Incineroar|Knock Off|p1a: Necrozma
|-supereffective|p1a: Necrozma
|-damage|p1a: Necrozma|50/100
|-enditem|p1a: Necrozma|Choice Scarf|[from] move: Knock Off|[of] p2a: Incineroar
|
|upkeep
|turn|40
|
|switch|p1a: Incineroar|Incineroar, F|91/100
|-ability|p1a: Incineroar|Intimidate|boost
|-unboost|p2a: Incineroar|atk|1
|move|p2a: Incineroar|Toxic|p1a: Incineroar|[miss]
|-miss|p2a: Incineroar|p1a: Incineroar
|
|upkeep
|turn|41
|
|switch|p2a: Noivern|Noivern, F|84/100 par
|-damage|p2a: Noivern|59/100 par|[from] Stealth Rock
|move|p1a: Incineroar|Close Combat|p2a: Noivern
|-resisted|p2a: Noivern
|-damage|p2a: Noivern|38/100 par
|-unboost|p1a: Incineroar|def|1
|-unboost|p1a: Incineroar|spd|1
|
|upkeep
|turn|42
|
|move|p1a: Incineroar|Knock Off|p2a: Noivern
|-damage|p2a: Noivern|0 fnt
|faint|p2a: Noivern
|
|upkeep
|
|switch|p2a: Mamoswine|Mamoswine, M|56/100
|-damage|p2a: Mamoswine|43/100|[from] Stealth Rock
|turn|43
|
|switch|p1a: Necrozma|Necrozma|50/100
|move|p2a: Mamoswine|Earthquake|p1a: Necrozma
|-damage|p1a: Necrozma|0 fnt
|-damage|p2a: Mamoswine|33/100|[from] item: Life Orb
|faint|p1a: Necrozma
|
|upkeep
|
|switch|p1a: Celebi|Celebi|100/100
|turn|44
|
|switch|p2a: Celebi|Celebi|82/100
|-damage|p2a: Celebi|69/100|[from] Stealth Rock
|move|p1a: Celebi|Giga Drain|p2a: Celebi
|-resisted|p2a: Celebi
|-damage|p2a: Celebi|56/100
|
|-heal|p2a: Celebi|63/100|[from] item: Leftovers
|upkeep
|turn|45
|
|switch|p1a: Incineroar|Incineroar, F|91/100
|-ability|p1a: Incineroar|Intimidate|boost
|-unboost|p2a: Celebi|atk|1
|move|p2a: Celebi|Stealth Rock|p1a: Incineroar
|-sidestart|p1: Bsuuuu|move: Stealth Rock
|
|-heal|p2a: Celebi|69/100|[from] item: Leftovers
|upkeep
|turn|46
|inactive|UUM3 Hoshibi has 120 seconds left.
|
|move|p2a: Celebi|U-turn|p1a: Incineroar
|-damage|p1a: Incineroar|82/100
|inactive|UUM3 Hoshibi has 90 seconds left.
|
|switch|p2a: Incineroar|Incineroar, M|21/100|[from]move: U-turn
|-damage|p2a: Incineroar|0 fnt|[from] Stealth Rock
|faint|p2a: Incineroar
|move|p1a: Incineroar|Knock Off|p2: Incineroar|[notarget]
|-fail|p1a: Incineroar
|
|upkeep
|
|switch|p2a: Lucario|Lucario, F|100/100
|-damage|p2a: Lucario|98/100|[from] Stealth Rock
|turn|47
|
|move|p2a: Lucario|Close Combat|p1a: Incineroar
|-supereffective|p1a: Incineroar
|-damage|p1a: Incineroar|0 fnt
|-unboost|p2a: Lucario|def|1
|-unboost|p2a: Lucario|spd|1
|-damage|p2a: Lucario|88/100|[from] item: Life Orb
|faint|p1a: Incineroar
|
|upkeep
|
|switch|p1a: Noivern|Noivern, M|67/100 tox
|-item|p2a: Lucario|Life Orb|[from] ability: Frisk|[of] p1a: Noivern|[identify]
|turn|48
|
|switch|p2a: Gardevoir|Gardevoir, M|46/100 tox
|-damage|p2a: Gardevoir|34/100 tox|[from] Stealth Rock
|-ability|p2a: Gardevoir|Frisk|[from] ability: Trace|[of] p1a: Noivern
|-item|p1a: Noivern|Heavy-Duty Boots|[from] ability: Frisk|[of] p2a: Gardevoir|[identify]
|move|p1a: Noivern|Flamethrower|p2a: Gardevoir
|-damage|p2a: Gardevoir|8/100 tox
|
|-heal|p2a: Gardevoir|14/100 tox|[from] item: Leftovers
|-damage|p1a: Noivern|61/100 tox|[from] psn
|-damage|p2a: Gardevoir|8/100 tox|[from] psn
|upkeep
|turn|49
|inactive|UUM3 Hoshibi has 90 seconds left.
|
|move|p1a: Noivern|U-turn|p2a: Gardevoir
|-damage|p2a: Gardevoir|0 fnt
|faint|p2a: Gardevoir
|
|switch|p1a: Vaporeon|Vaporeon, F|83/100|[from]move: U-turn
|-damage|p1a: Vaporeon|71/100|[from] Stealth Rock
|
|-heal|p1a: Vaporeon|77/100|[from] item: Leftovers
|upkeep
|
|switch|p2a: Celebi|Celebi|69/100
|-damage|p2a: Celebi|56/100|[from] Stealth Rock
|turn|50
|
|move|p2a: Celebi|Psychic|p1a: Vaporeon
|-damage|p1a: Vaporeon|59/100
|move|p1a: Vaporeon|Wish|p1a: Vaporeon
|
|-heal|p2a: Celebi|63/100|[from] item: Leftovers
|-heal|p1a: Vaporeon|65/100|[from] item: Leftovers
|upkeep
|turn|51
|
|move|p2a: Celebi|Psychic|p1a: Vaporeon
|-damage|p1a: Vaporeon|49/100
|move|p1a: Vaporeon|Toxic|p2a: Celebi
|-status|p2a: Celebi|tox
|
|-heal|p1a: Vaporeon|99/100|[from] move: Wish|[wisher] Vaporeon
|-heal|p2a: Celebi|69/100 tox|[from] item: Leftovers
|-heal|p1a: Vaporeon|100/100|[from] item: Leftovers
|-damage|p2a: Celebi|63/100 tox|[from] psn
|upkeep
|turn|52
|
|move|p2a: Celebi|Recover|p2a: Celebi
|-heal|p2a: Celebi|100/100 tox
|move|p1a: Vaporeon|Wish|p1a: Vaporeon
|
|-damage|p2a: Celebi|88/100 tox|[from] psn
|upkeep
|turn|53
|
|move|p2a: Celebi|Psychic|p1a: Vaporeon
|-damage|p1a: Vaporeon|84/100
|move|p1a: Vaporeon|Scald|p2a: Celebi
|-resisted|p2a: Celebi
|-damage|p2a: Celebi|76/100 tox
|
|-heal|p1a: Vaporeon|100/100|[from] move: Wish|[wisher] Vaporeon
|-heal|p2a: Celebi|82/100 tox|[from] item: Leftovers
|-damage|p2a: Celebi|64/100 tox|[from] psn
|upkeep
|turn|54
|
|move|p2a: Celebi|U-turn|p1a: Vaporeon
|-damage|p1a: Vaporeon|86/100
|
|switch|p2a: Mamoswine|Mamoswine, M|33/100|[from]move: U-turn
|-damage|p2a: Mamoswine|21/100|[from] Stealth Rock
|move|p1a: Vaporeon|Wish|p1a: Vaporeon
|
|-heal|p1a: Vaporeon|92/100|[from] item: Leftovers
|upkeep
|turn|55
|
|move|p2a: Mamoswine|Earthquake|p1a: Vaporeon
|-damage|p1a: Vaporeon|21/100
|-damage|p2a: Mamoswine|11/100|[from] item: Life Orb
|move|p1a: Vaporeon|Scald|p2a: Mamoswine
|-supereffective|p2a: Mamoswine
|-damage|p2a: Mamoswine|0 fnt
|faint|p2a: Mamoswine
|
|-heal|p1a: Vaporeon|71/100|[from] move: Wish|[wisher] Vaporeon
|-heal|p1a: Vaporeon|77/100|[from] item: Leftovers
|upkeep
|
|switch|p2a: Lucario|Lucario, F|88/100
|-damage|p2a: Lucario|85/100|[from] Stealth Rock
|turn|56
|
|move|p2a: Lucario|Swords Dance|p2a: Lucario
|-boost|p2a: Lucario|atk|2
|move|p1a: Vaporeon|Scald|p2a: Lucario
|-damage|p2a: Lucario|36/100
|
|-heal|p1a: Vaporeon|83/100|[from] item: Leftovers
|upkeep
|turn|57
|
|switch|p1a: Celebi|Celebi|100/100
|-damage|p1a: Celebi|88/100|[from] Stealth Rock
|move|p2a: Lucario|Close Combat|p1a: Celebi
|-resisted|p1a: Celebi
|-damage|p1a: Celebi|10/100
|-unboost|p2a: Lucario|def|1
|-unboost|p2a: Lucario|spd|1
|-damage|p2a: Lucario|26/100|[from] item: Life Orb
|
|-heal|p1a: Celebi|16/100|[from] item: Leftovers
|upkeep
|turn|58
|
|move|p2a: Lucario|Extreme Speed|p1a: Celebi
|-damage|p1a: Celebi|0 fnt
|-damage|p2a: Lucario|16/100|[from] item: Life Orb
|faint|p1a: Celebi
|
|upkeep
|
|switch|p1a: Cobalion|Cobalion|37/100
|-damage|p1a: Cobalion|34/100|[from] Stealth Rock
|turn|59
|
|move|p2a: Lucario|Extreme Speed|p1a: Cobalion
|-resisted|p1a: Cobalion
|-damage|p1a: Cobalion|9/100
|-damage|p2a: Lucario|6/100|[from] item: Life Orb
|move|p1a: Cobalion|Close Combat|p2a: Lucario
|-supereffective|p2a: Lucario
|-damage|p2a: Lucario|0 fnt
|-unboost|p1a: Cobalion|def|1
|-unboost|p1a: Cobalion|spd|1
|faint|p2a: Lucario
|
|upkeep
|-message|UUM3 Hoshibi forfeited.
|
|win|Bsuuuu
|l|☆UUM3 Hoshibi
|l|☆Bsuuuu
