|j|☆Bhris Pink
|j|☆willow woods
|t:|1643675203
|gametype|singles
|player|p1|Bhris Pink|harlequin|1473
|player|p2|willow woods|#lily|1540
|teamsize|p1|6
|teamsize|p2|6
|gen|8
|tier|[Gen 8] UU
|rated|
|rule|Sleep Clause Mod: Limit one foe put to sleep
|rule|Species Clause: Limit one of each Pokémon
|rule|OHKO Clause: OHKO moves are banned
|rule|Evasion Moves Clause: Evasion moves are banned
|rule|Endless Battle Clause: Forcing endless battles is banned
|rule|HP Percentage Mod: HP is shown in percentages
|rule|Dynamax Clause: You cannot dynamax
|clearpoke
|poke|p1|Excadrill, M|
|poke|p1|Slowking, F|
|poke|p1|Amoonguss, M|
|poke|p1|Celesteela|
|poke|p1|Thundurus-Therian, M|
|poke|p1|Lycanroc-Dusk, M|
|poke|p2|Mamoswine, M|
|poke|p2|Azelf|
|poke|p2|Slowking, M|
|poke|p2|Cobalion|
|poke|p2|Salamence, F|
|poke|p2|Zarude-Dada|
|teampreview
|c|☆Bhris Pink|dead ladder oof
|c|☆willow woods|yea rip
|inactive|Battle timer is ON: inactive players will automatically lose when time's up. (requested by willow woods)
|
|t:|1643675239
|start
|switch|p1a: Excadrill|Excadrill, M|100/100
|switch|p2a: Salamence|Salamence, F|100/100
|-ability|p2a: Salamence|Intimidate|boost
|-unboost|p1a: Excadrill|atk|1
|-ability|p1a: Excadrill|Mold Breaker
|turn|1
|
|t:|1643675246
|switch|p2a: Zarude|Zarude-Dada|100/100
|switch|p1a: Amoonguss|Amoonguss, M|100/100
|
|upkeep
|turn|2
|
|t:|1643675253
|move|p2a: Zarude|U-turn|p1a: Amoonguss
|-damage|p1a: Amoonguss|85/100
|-damage|p2a: Zarude|84/100|[from] item: Rocky Helmet|[of] p1a: Amoonguss
|
|t:|1643675257
|switch|p2a: Slowking|Slowking, M|100/100|[from]move: U-turn
|move|p1a: Amoonguss|Spore|p2a: Slowking
|-status|p2a: Slowking|slp|[from] move: Spore
|
|upkeep
|turn|3
|
|t:|1643675266
|switch|p1a: Thundurus|Thundurus-Therian, M|100/100
|switch|p2a: Cobalion|Cobalion|100/100
|
|upkeep
|turn|4
|
|t:|1643675272
|switch|p2a: Salamence|Salamence, F|100/100
|-ability|p2a: Salamence|Intimidate|boost
|-unboost|p1a: Thundurus|atk|1
|move|p1a: Thundurus|Focus Blast|p2a: Salamence
|-resisted|p2a: Salamence
|-damage|p2a: Salamence|74/100
|
|upkeep
|turn|5
|
|t:|1643675275
|move|p1a: Thundurus|Volt Switch|p2a: Salamence
|-damage|p2a: Salamence|23/100
|
|t:|1643675283
|switch|p1a: Lycanroc|Lycanroc-Dusk, M|100/100|[from]move: Volt Switch
|move|p2a: Salamence|Roost|p2a: Salamence
|-heal|p2a: Salamence|73/100
|-singleturn|p2a: Salamence|move: Roost
|
|upkeep
|turn|6
|
|t:|1643675288
|switch|p2a: Slowking|Slowking, M|100/100 slp
|move|p1a: Lycanroc|Stone Edge|p2a: Slowking
|-damage|p2a: Slowking|52/100 slp
|-damage|p1a: Lycanroc|91/100|[from] item: Life Orb
|
|upkeep
|turn|7
|
|t:|1643675295
|switch|p2a: Cobalion|Cobalion|100/100
|move|p1a: Lycanroc|Close Combat|p2a: Cobalion
|-supereffective|p2a: Cobalion
|-damage|p2a: Cobalion|0 fnt
|-unboost|p1a: Lycanroc|def|1
|-unboost|p1a: Lycanroc|spd|1
|-damage|p1a: Lycanroc|74/100|[from] item: Rocky Helmet|[of] p2a: Cobalion
|faint|p2a: Cobalion
|-damage|p1a: Lycanroc|64/100|[from] item: Life Orb
|
|upkeep
|
|t:|1643675298
|switch|p2a: Azelf|Azelf|100/100
|turn|8
|
|t:|1643675303
|switch|p1a: Slowking|Slowking, F|100/100
|move|p2a: Azelf|Knock Off|p1a: Slowking
|-supereffective|p1a: Slowking
|-damage|p1a: Slowking|63/100
|-damage|p2a: Azelf|84/100|[from] item: Rocky Helmet|[of] p1a: Slowking
|-enditem|p1a: Slowking|Rocky Helmet|[from] move: Knock Off|[of] p2a: Azelf
|
|upkeep
|turn|9
|c|☆Bhris Pink|catch these paws
|
|t:|1643675307
|move|p2a: Azelf|U-turn|p1a: Slowking
|-supereffective|p1a: Slowking
|-damage|p1a: Slowking|35/100
|
|t:|1643675312
|switch|p2a: Mamoswine|Mamoswine, M|100/100|[from]move: U-turn
|move|p1a: Slowking|Teleport|p1a: Slowking
|
|t:|1643675316
|switch|p1a: Excadrill|Excadrill, M|100/100|[from]move: Teleport
|-ability|p1a: Excadrill|Mold Breaker
|
|upkeep
|turn|10
|
|t:|1643675319
|switch|p2a: Salamence|Salamence, F|73/100
|-ability|p2a: Salamence|Intimidate|boost
|-unboost|p1a: Excadrill|atk|1
|move|p1a: Excadrill|Iron Head|p2a: Salamence
|-damage|p2a: Salamence|40/100
|
|upkeep
|turn|11
|
|t:|1643675327
|switch|p1a: Thundurus|Thundurus-Therian, M|100/100
|move|p2a: Salamence|Roost|p2a: Salamence
|-heal|p2a: Salamence|90/100
|-singleturn|p2a: Salamence|move: Roost
|
|upkeep
|turn|12
|
|t:|1643675331
|move|p1a: Thundurus|Volt Switch|p2a: Salamence
|-damage|p2a: Salamence|37/100
|
|t:|1643675334
|switch|p1a: Slowking|Slowking, F|68/100|[from]move: Volt Switch
|move|p2a: Salamence|Roost|p2a: Salamence
|-heal|p2a: Salamence|88/100
|-singleturn|p2a: Salamence|move: Roost
|
|upkeep
|turn|13
|
|t:|1643675337
|move|p2a: Salamence|Hurricane|p1a: Slowking
|-damage|p1a: Slowking|25/100
|move|p1a: Slowking|Teleport|p1a: Slowking
|
|t:|1643675340
|switch|p1a: Lycanroc|Lycanroc-Dusk, M|64/100|[from]move: Teleport
|
|upkeep
|turn|14
|
|t:|1643675346
|move|p1a: Lycanroc|Stone Edge|p2a: Salamence|[miss]
|-miss|p1a: Lycanroc|p2a: Salamence
|move|p2a: Salamence|Draco Meteor|p1a: Lycanroc
|-damage|p1a: Lycanroc|0 fnt
|-unboost|p2a: Salamence|spa|2
|faint|p1a: Lycanroc
|
|upkeep
|
|t:|1643675349
|switch|p1a: Excadrill|Excadrill, M|100/100
|-ability|p1a: Excadrill|Mold Breaker
|turn|15
|
|t:|1643675352
|switch|p2a: Slowking|Slowking, M|85/100 slp
|move|p1a: Excadrill|Stealth Rock|p2a: Slowking
|-sidestart|p2: willow woods|move: Stealth Rock
|
|upkeep
|turn|16
|c|☆Bhris Pink|not a good boy
|
|t:|1643675355
|switch|p1a: Thundurus|Thundurus-Therian, M|100/100
|switch|p2a: Salamence|Salamence, F|88/100
|-ability|p2a: Salamence|Intimidate|boost
|-unboost|p1a: Thundurus|atk|1
|
|upkeep
|turn|17
|c|☆Bhris Pink|bad dog
|
|t:|1643675359
|move|p1a: Thundurus|Knock Off|p2a: Salamence
|-damage|p2a: Salamence|71/100
|-enditem|p2a: Salamence|Heavy-Duty Boots|[from] move: Knock Off|[of] p1a: Thundurus
|move|p2a: Salamence|Roost|p2a: Salamence
|-heal|p2a: Salamence|100/100
|-singleturn|p2a: Salamence|move: Roost
|
|upkeep
|turn|18
|
|t:|1643675362
|move|p1a: Thundurus|Volt Switch|p2a: Salamence
|-damage|p2a: Salamence|54/100
|
|t:|1643675372
|switch|p1a: Excadrill|Excadrill, M|100/100|[from]move: Volt Switch
|-ability|p1a: Excadrill|Mold Breaker
|move|p2a: Salamence|Roost|p2a: Salamence
|-heal|p2a: Salamence|100/100
|-singleturn|p2a: Salamence|move: Roost
|
|upkeep
|turn|19
|
|t:|1643675382
|move|p2a: Salamence|Flamethrower|p1a: Excadrill
|-supereffective|p1a: Excadrill
|-damage|p1a: Excadrill|31/100
|move|p1a: Excadrill|Rapid Spin|p2a: Salamence
|-damage|p2a: Salamence|80/100
|-boost|p1a: Excadrill|spe|1
|
|-heal|p1a: Excadrill|37/100|[from] item: Leftovers
|upkeep
|turn|20
|
|t:|1643675387
|switch|p2a: Zarude|Zarude-Dada|84/100
|move|p1a: Excadrill|Iron Head|p2a: Zarude
|-damage|p2a: Zarude|44/100
|
|-heal|p1a: Excadrill|43/100|[from] item: Leftovers
|upkeep
|turn|21
|
|t:|1643675392
|move|p1a: Excadrill|Iron Head|p2a: Zarude
|-damage|p2a: Zarude|4/100
|move|p2a: Zarude|U-turn|p1a: Excadrill
|-resisted|p1a: Excadrill
|-damage|p1a: Excadrill|28/100
|
|t:|1643675396
|switch|p2a: Mamoswine|Mamoswine, M|100/100|[from]move: U-turn
|-damage|p2a: Mamoswine|88/100|[from] Stealth Rock
|
|-heal|p1a: Excadrill|34/100|[from] item: Leftovers
|upkeep
|turn|22
|
|t:|1643675401
|switch|p1a: Slowking|Slowking, F|58/100
|move|p2a: Mamoswine|Ice Shard|p1a: Slowking
|-resisted|p1a: Slowking
|-damage|p1a: Slowking|48/100
|-damage|p2a: Mamoswine|78/100|[from] item: Life Orb
|
|upkeep
|turn|23
|
|t:|1643675405
|switch|p1a: Amoonguss|Amoonguss, M|100/100
|move|p2a: Mamoswine|Knock Off|p1a: Amoonguss
|-damage|p1a: Amoonguss|63/100
|-damage|p2a: Mamoswine|61/100|[from] item: Rocky Helmet|[of] p1a: Amoonguss
|-enditem|p1a: Amoonguss|Rocky Helmet|[from] move: Knock Off|[of] p2a: Mamoswine
|-damage|p2a: Mamoswine|51/100|[from] item: Life Orb
|
|upkeep
|turn|24
|
|t:|1643675409
|switch|p1a: Slowking|Slowking, F|81/100
|move|p2a: Mamoswine|Earthquake|p1a: Slowking
|-damage|p1a: Slowking|27/100
|-damage|p2a: Mamoswine|41/100|[from] item: Life Orb
|
|upkeep
|turn|25
|
|t:|1643675418
|switch|p1a: Amoonguss|Amoonguss, M|97/100
|move|p2a: Mamoswine|Icicle Crash|p1a: Amoonguss
|-supereffective|p1a: Amoonguss
|-damage|p1a: Amoonguss|7/100
|-damage|p2a: Mamoswine|32/100|[from] item: Life Orb
|
|upkeep
|turn|26
|
|t:|1643675426
|switch|p1a: Slowking|Slowking, F|60/100
|move|p2a: Mamoswine|Icicle Crash|p1a: Slowking
|-resisted|p1a: Slowking
|-damage|p1a: Slowking|38/100
|-damage|p2a: Mamoswine|22/100|[from] item: Life Orb
|
|upkeep
|turn|27
|
|t:|1643675441
|switch|p1a: Excadrill|Excadrill, M|34/100
|-ability|p1a: Excadrill|Mold Breaker
|move|p2a: Mamoswine|Knock Off|p1a: Excadrill
|-damage|p1a: Excadrill|0 fnt
|-enditem|p1a: Excadrill|Leftovers|[from] move: Knock Off|[of] p2a: Mamoswine
|faint|p1a: Excadrill
|-damage|p2a: Mamoswine|12/100|[from] item: Life Orb
|
|upkeep
|
|t:|1643675444
|switch|p1a: Slowking|Slowking, F|72/100
|turn|28
|
|t:|1643675448
|switch|p2a: Zarude|Zarude-Dada|4/100
|move|p1a: Slowking|Teleport|p1a: Slowking
|
|t:|1643675450
|switch|p1a: Celesteela|Celesteela|100/100|[from]move: Teleport
|
|upkeep
|turn|29
|
|t:|1643675454
|move|p2a: Zarude|Darkest Lariat|p1a: Celesteela
|-damage|p1a: Celesteela|59/100
|move|p1a: Celesteela|Autotomize|p1a: Celesteela
|-boost|p1a: Celesteela|spe|2
|-start|p1a: Celesteela|Autotomize
|
|upkeep
|turn|30
|c|☆willow woods|gg
|-message|willow woods forfeited.
|
|win|Bhris Pink
|raw|Bhris Pink's rating: 1473 &rarr; <strong>1497</strong><br />(+24 for winning)
|raw|willow woods's rating: 1540 &rarr; <strong>1516</strong><br />(-24 for losing)
|l|☆willow woods
