|j|☆MrManshark
|j|☆St. 78
|t:|1596920801
|player|p1|MrManshark|roxie|
|player|p2|St. 78|101|
|teamsize|p1|6
|teamsize|p2|6
|gametype|singles
|gen|8
|tier|[Gen 8] UU
|rated|Tournament battle
|clearpoke
|poke|p1|Jirachi|
|poke|p1|Weezing-Galar, M|
|poke|p1|Lycanroc-Dusk, F|
|poke|p1|Celebi|
|poke|p1|Incineroar, M|
|poke|p1|Rotom-Wash|
|poke|p2|Chandelure, M|
|poke|p2|Cobalion|
|poke|p2|Dragalge, F|
|poke|p2|Umbreon, M|
|poke|p2|Rotom-Wash|
|poke|p2|Krookodile, F|
|rule|Sleep Clause Mod: Limit one foe put to sleep
|rule|Species Clause: Limit one of each Pokémon
|rule|OHKO Clause: OHKO moves are banned
|rule|Evasion Moves Clause: Evasion moves are banned
|rule|Endless Battle Clause: Forcing endless battles is banned
|rule|HP Percentage Mod: HP is shown in percentages
|rule|Dynamax Clause: You cannot dynamax
|teampreview
|j| Art Imitates Me
|j| 467 11 11p
|l| 467 11 11p
|l| Art Imitates Me
|c|☆St. 78|Brb hold off on the timer
|c|☆MrManshark|k
|
|t:|1596920849
|start
|switch|p1a: Scrotom Wash|Rotom-Wash, shiny|100/100
|switch|p2a: Fendi|Dragalge, F|100/100
|turn|1
|j| mr. nosynergy
|
|t:|1596921009
|move|p1a: Scrotom Wash|Volt Switch|p2a: Fendi
|-resisted|p2a: Fendi
|-damage|p2a: Fendi|87/100
|
|t:|1596921015
|switch|p1a: Cancer|Jirachi, shiny|100/100|[from]move: Volt Switch
|move|p2a: Fendi|Flip Turn|p1a: Cancer
|-damage|p1a: Cancer|90/100
|
|t:|1596921021
|switch|p2a: John Elliot|Cobalion|100/100|[from]move: Flip Turn
|
|-heal|p1a: Cancer|96/100|[from] item: Leftovers
|upkeep
|turn|2
|
|t:|1596921033
|move|p2a: John Elliot|Stealth Rock|p1a: Cancer
|-sidestart|p1: MrManshark|move: Stealth Rock
|move|p1a: Cancer|Fire Punch|p2a: John Elliot
|-supereffective|p2a: John Elliot
|-damage|p2a: John Elliot|60/100
|-damage|p1a: Cancer|80/100|[from] item: Rocky Helmet|[of] p2a: John Elliot
|
|-heal|p1a: Cancer|86/100|[from] item: Leftovers
|upkeep
|turn|3
|
|t:|1596921058
|move|p2a: John Elliot|Volt Switch|p1a: Cancer
|-damage|p1a: Cancer|74/100
|
|t:|1596921072
|switch|p2a: Kholr|Rotom-Wash|100/100|[from]move: Volt Switch
|move|p1a: Cancer|Fire Punch|p2a: Kholr
|-resisted|p2a: Kholr
|-damage|p2a: Kholr|92/100
|
|-heal|p1a: Cancer|80/100|[from] item: Leftovers
|-heal|p2a: Kholr|98/100|[from] item: Leftovers
|upkeep
|turn|4
|
|t:|1596921083
|move|p1a: Cancer|Toxic|p2a: Kholr
|-status|p2a: Kholr|tox
|move|p2a: Kholr|Volt Switch|p1a: Cancer
|-crit|p1a: Cancer
|-damage|p1a: Cancer|44/100
|
|t:|1596921092
|switch|p2a: Rhude|Chandelure, M|100/100|[from]move: Volt Switch
|
|-heal|p1a: Cancer|50/100|[from] item: Leftovers
|upkeep
|turn|5
|
|t:|1596921102
|switch|p1a: Joe Exotic|Incineroar, M|100/100
|-damage|p1a: Joe Exotic|76/100|[from] Stealth Rock
|-ability|p1a: Joe Exotic|Intimidate|boost
|-unboost|p2a: Rhude|atk|1
|move|p2a: Rhude|Toxic|p1a: Joe Exotic|[miss]
|-miss|p2a: Rhude|p1a: Joe Exotic
|
|-heal|p1a: Joe Exotic|82/100|[from] item: Leftovers
|upkeep
|turn|6
|
|t:|1596921122
|switch|p2a: John Elliot|Cobalion|60/100
|move|p1a: Joe Exotic|Parting Shot|p2a: John Elliot
|-unboost|p2a: John Elliot|atk|1
|-unboost|p2a: John Elliot|spa|1
|
|t:|1596921127
|switch|p1a: Scrotom Wash|Rotom-Wash, shiny|100/100|[from]move: Parting Shot
|-damage|p1a: Scrotom Wash|88/100|[from] Stealth Rock
|
|-heal|p1a: Scrotom Wash|94/100|[from] item: Leftovers
|upkeep
|turn|7
|j| taxiway 1L
|l| taxiway 1L
|j| shuckle good
|j|+RedzoneX
|j| 467 11 11p
|
|t:|1596921155
|switch|p2a: Fendi|Dragalge, F|87/100
|move|p1a: Scrotom Wash|Hydro Pump|p2a: Fendi
|-resisted|p2a: Fendi
|-crit|p2a: Fendi
|-damage|p2a: Fendi|59/100
|
|-heal|p1a: Scrotom Wash|100/100|[from] item: Leftovers
|-heal|p2a: Fendi|65/100|[from] item: Leftovers
|upkeep
|turn|8
|
|t:|1596921166
|move|p1a: Scrotom Wash|Thunder Wave|p2a: Fendi|[miss]
|-miss|p1a: Scrotom Wash|p2a: Fendi
|move|p2a: Fendi|Sludge Bomb|p1a: Scrotom Wash
|-damage|p1a: Scrotom Wash|55/100
|
|-heal|p1a: Scrotom Wash|61/100|[from] item: Leftovers
|-heal|p2a: Fendi|71/100|[from] item: Leftovers
|upkeep
|turn|9
|
|t:|1596921178
|move|p1a: Scrotom Wash|Defog|p2a: Fendi
|-unboost|p2a: Fendi|evasion|1
|-sideend|p1: MrManshark|Stealth Rock|[from] move: Defog|[of] p1a: Scrotom Wash
|move|p2a: Fendi|Flip Turn|p1a: Scrotom Wash
|-resisted|p1a: Scrotom Wash
|-damage|p1a: Scrotom Wash|56/100
|
|t:|1596921186
|switch|p2a: Kholr|Rotom-Wash|98/100 tox|[from]move: Flip Turn
|
|-heal|p1a: Scrotom Wash|62/100|[from] item: Leftovers
|-heal|p2a: Kholr|100/100 tox|[from] item: Leftovers
|-damage|p2a: Kholr|95/100 tox|[from] psn
|upkeep
|turn|10
|
|t:|1596921197
|switch|p1a: Tingle|Celebi|100/100
|move|p2a: Kholr|Volt Switch|p1a: Tingle
|-resisted|p1a: Tingle
|-damage|p1a: Tingle|87/100
|
|t:|1596921203
|switch|p2a: Dior|Krookodile, F|100/100|[from]move: Volt Switch
|-ability|p2a: Dior|Intimidate|boost
|-unboost|p1a: Tingle|atk|1
|
|upkeep
|turn|11
|
|t:|1596921221
|switch|p2a: Uniqlo|Umbreon, M|100/100
|move|p1a: Tingle|Giga Drain|p2a: Uniqlo
|-damage|p2a: Uniqlo|75/100
|-heal|p1a: Tingle|100/100|[from] drain|[of] p2a: Uniqlo
|
|-heal|p2a: Uniqlo|81/100|[from] item: Leftovers
|upkeep
|turn|12
|
|t:|1596921251
|switch|p1a: Doug Dimmadome|Weezing-Galar, M|100/100
|-ability|p1a: Doug Dimmadome|Neutralizing Gas
|move|p2a: Uniqlo|Foul Play|p1a: Doug Dimmadome
|-resisted|p1a: Doug Dimmadome
|-damage|p1a: Doug Dimmadome|93/100
|
|-heal|p2a: Uniqlo|87/100|[from] item: Leftovers
|-heal|p1a: Doug Dimmadome|99/100|[from] item: Black Sludge
|upkeep
|turn|13
|j| OperationsResearch
|
|t:|1596921271
|move|p2a: Uniqlo|Heal Bell|p2a: Uniqlo
|-activate|p2a: Uniqlo|move: Heal Bell
|-curestatus|p2: Kholr|tox|[msg]
|move|p1a: Doug Dimmadome|Strange Steam|p2a: Uniqlo
|-supereffective|p2a: Uniqlo
|-damage|p2a: Uniqlo|60/100
|
|-heal|p2a: Uniqlo|66/100|[from] item: Leftovers
|-heal|p1a: Doug Dimmadome|100/100|[from] item: Black Sludge
|upkeep
|turn|14
|
|t:|1596921288
|move|p2a: Uniqlo|Wish|p2a: Uniqlo
|move|p1a: Doug Dimmadome|Strange Steam|p2a: Uniqlo
|-supereffective|p2a: Uniqlo
|-damage|p2a: Uniqlo|40/100
|
|-heal|p2a: Uniqlo|46/100|[from] item: Leftovers
|upkeep
|turn|15
|
|t:|1596921297
|move|p2a: Uniqlo|Protect|p2a: Uniqlo
|-singleturn|p2a: Uniqlo|Protect
|move|p1a: Doug Dimmadome|Toxic Spikes|p2a: Uniqlo
|-sidestart|p2: St. 78|move: Toxic Spikes
|
|-heal|p2a: Uniqlo|96/100|[from] move: Wish|[wisher] Uniqlo
|-heal|p2a: Uniqlo|100/100|[from] item: Leftovers
|upkeep
|turn|16
|
|t:|1596921306
|switch|p1a: Goodest Boye|Lycanroc-Dusk, F, shiny|100/100
|move|p2a: Uniqlo|Wish|p2a: Uniqlo
|
|upkeep
|turn|17
|
|t:|1596921319
|switch|p2a: Fendi|Dragalge, F|71/100
|-sideend|p2: St. 78|move: Toxic Spikes|[of] p2a: Fendi
|move|p1a: Goodest Boye|Close Combat|p2a: Fendi
|-resisted|p2a: Fendi
|-damage|p2a: Fendi|46/100
|-unboost|p1a: Goodest Boye|def|1
|-unboost|p1a: Goodest Boye|spd|1
|-damage|p1a: Goodest Boye|91/100|[from] item: Life Orb
|
|-heal|p2a: Fendi|100/100|[from] move: Wish|[wisher] Uniqlo
|upkeep
|turn|18
|
|t:|1596921338
|switch|p2a: Dior|Krookodile, F|100/100
|-ability|p2a: Dior|Intimidate|boost
|-unboost|p1a: Goodest Boye|atk|1
|move|p1a: Goodest Boye|Psychic Fangs|p2a: Dior
|-immune|p2a: Dior
|
|upkeep
|turn|19
|j| Fathiryxi
|
|t:|1596921352
|switch|p1a: Doug Dimmadome|Weezing-Galar, M|100/100
|-ability|p1a: Doug Dimmadome|Neutralizing Gas
|move|p2a: Dior|Knock Off|p1a: Doug Dimmadome
|-resisted|p1a: Doug Dimmadome
|-damage|p1a: Doug Dimmadome|83/100
|-enditem|p1a: Doug Dimmadome|Black Sludge|[from] move: Knock Off|[of] p2a: Dior
|
|upkeep
|turn|20
|
|t:|1596921369
|switch|p2a: Kholr|Rotom-Wash|95/100
|move|p1a: Doug Dimmadome|Strange Steam|p2a: Kholr
|-damage|p2a: Kholr|63/100
|
|-heal|p2a: Kholr|69/100|[from] item: Leftovers
|upkeep
|turn|21
|
|t:|1596921376
|switch|p1a: Tingle|Celebi|100/100
|move|p2a: Kholr|Volt Switch|p1a: Tingle
|-resisted|p1a: Tingle
|-damage|p1a: Tingle|89/100
|
|t:|1596921401
|switch|p2a: Rhude|Chandelure, M|100/100|[from]move: Volt Switch
|
|upkeep
|turn|22
|
|t:|1596921406
|move|p1a: Tingle|Shadow Ball|p2a: Rhude
|-supereffective|p2a: Rhude
|-damage|p2a: Rhude|0 fnt
|faint|p2a: Rhude
|
|upkeep
|
|t:|1596921416
|switch|p2a: Fendi|Dragalge, F|100/100
|turn|23
|
|t:|1596921424
|switch|p1a: Cancer|Jirachi, shiny|50/100
|move|p2a: Fendi|Toxic Spikes|p1a: Cancer
|-sidestart|p1: MrManshark|move: Toxic Spikes
|
|-heal|p1a: Cancer|56/100|[from] item: Leftovers
|upkeep
|turn|24
|
|t:|1596921438
|switch|p2a: Dior|Krookodile, F|100/100
|-ability|p2a: Dior|Intimidate|boost
|-unboost|p1a: Cancer|atk|1
|move|p1a: Cancer|Substitute|p1a: Cancer
|-start|p1a: Cancer|Substitute
|-damage|p1a: Cancer|31/100
|
|-heal|p1a: Cancer|37/100|[from] item: Leftovers
|upkeep
|turn|25
|
|t:|1596921453
|move|p2a: Dior|Knock Off|p1a: Cancer
|-supereffective|p1a: Cancer
|-end|p1a: Cancer|Substitute
|move|p1a: Cancer|Toxic|p2a: Dior
|-status|p2a: Dior|tox
|
|-heal|p1a: Cancer|43/100|[from] item: Leftovers
|-damage|p2a: Dior|94/100 tox|[from] psn
|upkeep
|turn|26
|
|t:|1596921463
|switch|p2a: Fendi|Dragalge, F|100/100
|switch|p1a: Doug Dimmadome|Weezing-Galar, M|83/100
|-ability|p1a: Doug Dimmadome|Neutralizing Gas
|-sideend|p1: MrManshark|move: Toxic Spikes|[of] p1a: Doug Dimmadome
|
|upkeep
|turn|27
|
|t:|1596921472
|move|p1a: Doug Dimmadome|Strange Steam|p2a: Fendi
|-damage|p2a: Fendi|77/100
|move|p2a: Fendi|Flip Turn|p1a: Doug Dimmadome
|-damage|p1a: Doug Dimmadome|77/100
|
|t:|1596921478
|switch|p2a: Kholr|Rotom-Wash|69/100|[from]move: Flip Turn
|
|-heal|p2a: Kholr|75/100|[from] item: Leftovers
|upkeep
|turn|28
|
|t:|1596921488
|move|p2a: Kholr|Volt Switch|p1a: Doug Dimmadome
|-damage|p1a: Doug Dimmadome|44/100
|l|+RedzoneX
|
|t:|1596921497
|switch|p2a: Fendi|Dragalge, F|77/100|[from]move: Volt Switch
|move|p1a: Doug Dimmadome|Strange Steam|p2a: Fendi
|-damage|p2a: Fendi|53/100
|
|-heal|p2a: Fendi|59/100|[from] item: Leftovers
|upkeep
|turn|29
|
|t:|1596921511
|move|p1a: Doug Dimmadome|Strange Steam|p2a: Fendi
|-damage|p2a: Fendi|37/100
|move|p2a: Fendi|Sludge Bomb|p1a: Doug Dimmadome
|-damage|p1a: Doug Dimmadome|6/100
|
|-heal|p2a: Fendi|43/100|[from] item: Leftovers
|upkeep
|turn|30
|
|t:|1596921524
|move|p1a: Doug Dimmadome|Strange Steam|p2a: Fendi
|-damage|p2a: Fendi|21/100
|move|p2a: Fendi|Flip Turn|p1a: Doug Dimmadome
|-damage|p1a: Doug Dimmadome|0 fnt
|faint|p1a: Doug Dimmadome
|
|t:|1596921532
|switch|p2a: Kholr|Rotom-Wash|75/100|[from]move: Flip Turn
|
|-heal|p2a: Kholr|81/100|[from] item: Leftovers
|upkeep
|
|t:|1596921538
|switch|p1a: Tingle|Celebi|89/100
|turn|31
|
|t:|1596921549
|switch|p2a: Uniqlo|Umbreon, M|100/100
|move|p1a: Tingle|Giga Drain|p2a: Uniqlo
|-damage|p2a: Uniqlo|77/100
|-heal|p1a: Tingle|100/100|[from] drain|[of] p2a: Uniqlo
|
|-heal|p2a: Uniqlo|83/100|[from] item: Leftovers
|upkeep
|turn|32
|
|t:|1596921560
|switch|p1a: Goodest Boye|Lycanroc-Dusk, F, shiny|91/100
|move|p2a: Uniqlo|Wish|p2a: Uniqlo
|
|-heal|p2a: Uniqlo|89/100|[from] item: Leftovers
|upkeep
|turn|33
|
|t:|1596921566
|switch|p2a: Kholr|Rotom-Wash|81/100
|move|p1a: Goodest Boye|Close Combat|p2a: Kholr
|-damage|p2a: Kholr|34/100
|-unboost|p1a: Goodest Boye|def|1
|-unboost|p1a: Goodest Boye|spd|1
|-damage|p1a: Goodest Boye|81/100|[from] item: Life Orb
|
|-heal|p2a: Kholr|99/100|[from] move: Wish|[wisher] Uniqlo
|-heal|p2a: Kholr|100/100|[from] item: Leftovers
|upkeep
|turn|34
|
|t:|1596921590
|switch|p1a: Tingle|Celebi|100/100
|move|p2a: Kholr|Volt Switch|p1a: Tingle
|-resisted|p1a: Tingle
|-damage|p1a: Tingle|87/100
|
|t:|1596921596
|switch|p2a: Dior|Krookodile, F|94/100 tox|[from]move: Volt Switch
|-ability|p2a: Dior|Intimidate|boost
|-unboost|p1a: Tingle|atk|1
|
|-damage|p2a: Dior|88/100 tox|[from] psn
|upkeep
|turn|35
|
|t:|1596921605
|switch|p1a: Joe Exotic|Incineroar, M|82/100
|-ability|p1a: Joe Exotic|Intimidate|boost
|-unboost|p2a: Dior|atk|1
|move|p2a: Dior|Knock Off|p1a: Joe Exotic
|-resisted|p1a: Joe Exotic
|-damage|p1a: Joe Exotic|68/100
|-enditem|p1a: Joe Exotic|Leftovers|[from] move: Knock Off|[of] p2a: Dior
|
|-damage|p2a: Dior|76/100 tox|[from] psn
|upkeep
|turn|36
|
|t:|1596921618
|switch|p2a: John Elliot|Cobalion|60/100
|move|p1a: Joe Exotic|Knock Off|p2a: John Elliot
|-resisted|p2a: John Elliot
|-damage|p2a: John Elliot|43/100
|-damage|p1a: Joe Exotic|52/100|[from] item: Rocky Helmet|[of] p2a: John Elliot
|-ability|p2a: John Elliot|Justified|boost
|-boost|p2a: John Elliot|atk|1
|-enditem|p2a: John Elliot|Rocky Helmet|[from] move: Knock Off|[of] p1a: Joe Exotic
|
|upkeep
|turn|37
|
|t:|1596921641
|switch|p1a: Cancer|Jirachi, shiny|43/100
|move|p2a: John Elliot|Close Combat|p1a: Cancer
|-damage|p1a: Cancer|0 fnt
|-unboost|p2a: John Elliot|def|1
|-unboost|p2a: John Elliot|spd|1
|faint|p1a: Cancer
|
|upkeep
|
|t:|1596921652
|switch|p1a: Goodest Boye|Lycanroc-Dusk, F, shiny|81/100
|turn|38
|
|t:|1596921657
|switch|p2a: Kholr|Rotom-Wash|100/100
|move|p1a: Goodest Boye|Psychic Fangs|p2a: Kholr
|-damage|p2a: Kholr|62/100
|-damage|p1a: Goodest Boye|71/100|[from] item: Life Orb
|
|-heal|p2a: Kholr|68/100|[from] item: Leftovers
|upkeep
|turn|39
|
|t:|1596921674
|move|p1a: Goodest Boye|Close Combat|p2a: Kholr
|-damage|p2a: Kholr|20/100
|-unboost|p1a: Goodest Boye|def|1
|-unboost|p1a: Goodest Boye|spd|1
|-damage|p1a: Goodest Boye|61/100|[from] item: Life Orb
|move|p2a: Kholr|Volt Switch|p1a: Goodest Boye
|-damage|p1a: Goodest Boye|3/100
|
|t:|1596921687
|switch|p2a: Dior|Krookodile, F|76/100 tox|[from]move: Volt Switch
|-ability|p2a: Dior|Intimidate|boost
|-unboost|p1a: Goodest Boye|atk|1
|
|-damage|p2a: Dior|70/100 tox|[from] psn
|upkeep
|turn|40
|
|t:|1596921701
|switch|p1a: Scrotom Wash|Rotom-Wash, shiny|62/100
|move|p2a: Dior|Earthquake|p1a: Scrotom Wash
|-immune|p1a: Scrotom Wash|[from] ability: Levitate
|
|-heal|p1a: Scrotom Wash|68/100|[from] item: Leftovers
|-damage|p2a: Dior|58/100 tox|[from] psn
|upkeep
|turn|41
|
|t:|1596921714
|switch|p2a: Uniqlo|Umbreon, M|89/100
|move|p1a: Scrotom Wash|Volt Switch|p2a: Uniqlo
|-damage|p2a: Uniqlo|74/100
|
|t:|1596921722
|switch|p1a: Goodest Boye|Lycanroc-Dusk, F, shiny|3/100|[from]move: Volt Switch
|
|-heal|p2a: Uniqlo|80/100|[from] item: Leftovers
|upkeep
|turn|42
|
|t:|1596921730
|switch|p2a: Kholr|Rotom-Wash|20/100
|move|p1a: Goodest Boye|Close Combat|p2a: Kholr
|-damage|p2a: Kholr|0 fnt
|-unboost|p1a: Goodest Boye|def|1
|-unboost|p1a: Goodest Boye|spd|1
|-damage|p1a: Goodest Boye|0 fnt|[from] item: Life Orb
|faint|p2a: Kholr
|faint|p1a: Goodest Boye
|
|upkeep
|
|t:|1596921740
|switch|p1a: Joe Exotic|Incineroar, M|52/100
|switch|p2a: Fendi|Dragalge, F|21/100
|-ability|p1a: Joe Exotic|Intimidate|boost
|-unboost|p2a: Fendi|atk|1
|turn|43
|
|t:|1596921750
|switch|p2a: John Elliot|Cobalion|43/100
|move|p1a: Joe Exotic|Flare Blitz|p2a: John Elliot
|-supereffective|p2a: John Elliot
|-damage|p2a: John Elliot|0 fnt
|-damage|p1a: Joe Exotic|40/100|[from] Recoil
|faint|p2a: John Elliot
|
|upkeep
|
|t:|1596921758
|switch|p2a: Dior|Krookodile, F|58/100 tox
|-ability|p2a: Dior|Intimidate|boost
|-unboost|p1a: Joe Exotic|atk|1
|turn|44
|
|t:|1596921773
|move|p2a: Dior|Knock Off|p1a: Joe Exotic
|-resisted|p1a: Joe Exotic
|-damage|p1a: Joe Exotic|26/100
|move|p1a: Joe Exotic|Parting Shot|p2a: Dior
|-unboost|p2a: Dior|atk|1
|-unboost|p2a: Dior|spa|1
|
|t:|1596921794
|switch|p1a: Scrotom Wash|Rotom-Wash, shiny|68/100|[from]move: Parting Shot
|
|-heal|p1a: Scrotom Wash|75/100|[from] item: Leftovers
|-damage|p2a: Dior|52/100 tox|[from] psn
|upkeep
|turn|45
|
|t:|1596921802
|move|p2a: Dior|Knock Off|p1a: Scrotom Wash
|-damage|p1a: Scrotom Wash|45/100
|-enditem|p1a: Scrotom Wash|Leftovers|[from] move: Knock Off|[of] p2a: Dior
|move|p1a: Scrotom Wash|Hydro Pump|p2a: Dior|[miss]
|-miss|p1a: Scrotom Wash|p2a: Dior
|
|-damage|p2a: Dior|40/100 tox|[from] psn
|upkeep
|turn|46
|
|t:|1596921812
|switch|p1a: Joe Exotic|Incineroar, M|26/100
|-ability|p1a: Joe Exotic|Intimidate|boost
|-unboost|p2a: Dior|atk|1
|move|p2a: Dior|Knock Off|p1a: Joe Exotic
|-resisted|p1a: Joe Exotic
|-damage|p1a: Joe Exotic|19/100
|
|-damage|p2a: Dior|22/100 tox|[from] psn
|upkeep
|turn|47
|
|t:|1596921825
|move|p2a: Dior|Knock Off|p1a: Joe Exotic
|-resisted|p1a: Joe Exotic
|-damage|p1a: Joe Exotic|12/100
|move|p1a: Joe Exotic|Knock Off|p2a: Dior
|-resisted|p2a: Dior
|-crit|p2a: Dior
|-damage|p2a: Dior|0 fnt
|-enditem|p2a: Dior|Choice Scarf|[from] move: Knock Off|[of] p1a: Joe Exotic
|faint|p2a: Dior
|
|upkeep
|
|t:|1596921833
|switch|p2a: Uniqlo|Umbreon, M|80/100
|turn|48
|
|t:|1596921838
|move|p2a: Uniqlo|Foul Play|p1a: Joe Exotic
|-resisted|p1a: Joe Exotic
|-damage|p1a: Joe Exotic|0 fnt
|faint|p1a: Joe Exotic
|
|-heal|p2a: Uniqlo|87/100|[from] item: Leftovers
|upkeep
|
|t:|1596921844
|switch|p1a: Scrotom Wash|Rotom-Wash, shiny|45/100
|turn|49
|
|t:|1596921847
|move|p1a: Scrotom Wash|Thunder Wave|p2a: Uniqlo
|-status|p2a: Uniqlo|par
|move|p2a: Uniqlo|Foul Play|p1a: Scrotom Wash
|-damage|p1a: Scrotom Wash|26/100
|
|-heal|p2a: Uniqlo|93/100 par|[from] item: Leftovers
|upkeep
|turn|50
|
|t:|1596921869
|move|p1a: Scrotom Wash|Hydro Pump|p2a: Uniqlo
|-damage|p2a: Uniqlo|69/100 par
|cant|p2a: Uniqlo|par
|
|-heal|p2a: Uniqlo|75/100 par|[from] item: Leftovers
|upkeep
|turn|51
|
|t:|1596921877
|move|p1a: Scrotom Wash|Hydro Pump|p2a: Uniqlo
|-damage|p2a: Uniqlo|52/100 par
|move|p2a: Uniqlo|Heal Bell|p2a: Uniqlo
|-activate|p2a: Uniqlo|move: Heal Bell
|-curestatus|p2a: Uniqlo|par|[msg]
|
|-heal|p2a: Uniqlo|58/100|[from] item: Leftovers
|upkeep
|turn|52
|
|t:|1596921885
|move|p1a: Scrotom Wash|Thunder Wave|p2a: Uniqlo
|-status|p2a: Uniqlo|par
|move|p2a: Uniqlo|Wish|p2a: Uniqlo
|
|-heal|p2a: Uniqlo|64/100 par|[from] item: Leftovers
|upkeep
|turn|53
|
|t:|1596921891
|move|p1a: Scrotom Wash|Volt Switch|p2a: Uniqlo
|-damage|p2a: Uniqlo|49/100 par
|
|t:|1596921895
|switch|p1a: Tingle|Celebi|87/100|[from]move: Volt Switch
|cant|p2a: Uniqlo|par
|
|-heal|p2a: Uniqlo|98/100 par|[from] move: Wish|[wisher] Uniqlo
|-heal|p2a: Uniqlo|100/100 par|[from] item: Leftovers
|upkeep
|turn|54
|
|t:|1596921906
|move|p1a: Tingle|Giga Drain|p2a: Uniqlo
|-damage|p2a: Uniqlo|74/100 par
|-heal|p1a: Tingle|100/100|[from] drain|[of] p2a: Uniqlo
|cant|p2a: Uniqlo|par
|
|-heal|p2a: Uniqlo|80/100 par|[from] item: Leftovers
|upkeep
|turn|55
|
|t:|1596921915
|switch|p1a: Scrotom Wash|Rotom-Wash, shiny|26/100
|move|p2a: Uniqlo|Wish|p2a: Uniqlo
|
|-heal|p2a: Uniqlo|86/100 par|[from] item: Leftovers
|upkeep
|turn|56
|
|t:|1596921920
|switch|p2a: Fendi|Dragalge, F|21/100
|move|p1a: Scrotom Wash|Hydro Pump|p2a: Fendi
|-resisted|p2a: Fendi
|-damage|p2a: Fendi|1/100
|
|-heal|p2a: Fendi|60/100|[from] move: Wish|[wisher] Uniqlo
|-heal|p2a: Fendi|66/100|[from] item: Leftovers
|upkeep
|turn|57
|
|t:|1596921929
|move|p1a: Scrotom Wash|Thunder Wave|p2a: Fendi
|-status|p2a: Fendi|par
|move|p2a: Fendi|Toxic Spikes|p1a: Scrotom Wash
|-sidestart|p1: MrManshark|move: Toxic Spikes
|
|-heal|p2a: Fendi|72/100 par|[from] item: Leftovers
|upkeep
|turn|58
|
|t:|1596921937
|move|p1a: Scrotom Wash|Defog|p2a: Fendi
|-unboost|p2a: Fendi|evasion|1
|-sideend|p1: MrManshark|Toxic Spikes|[from] move: Defog|[of] p1a: Scrotom Wash
|move|p2a: Fendi|Sludge Bomb|p1a: Scrotom Wash
|-damage|p1a: Scrotom Wash|0 fnt
|faint|p1a: Scrotom Wash
|
|-heal|p2a: Fendi|78/100 par|[from] item: Leftovers
|upkeep
|
|t:|1596921945
|switch|p1a: Tingle|Celebi|100/100
|turn|59
|
|t:|1596921948
|move|p1a: Tingle|Earth Power|p2a: Fendi
|-supereffective|p2a: Fendi
|-damage|p2a: Fendi|16/100 par
|move|p2a: Fendi|Sludge Bomb|p1a: Tingle
|-supereffective|p1a: Tingle
|-damage|p1a: Tingle|13/100
|-status|p1a: Tingle|psn
|
|-heal|p2a: Fendi|22/100 par|[from] item: Leftovers
|-damage|p1a: Tingle|0 fnt|[from] psn
|faint|p1a: Tingle
|
|win|St. 78
|upkeep
