|html|<div class="broadcast-blue"><strong>[Gen 8] UU is currently suspecting Moltres-Galar! For information on how to participate check out the <a href="https://www.smogon.com/forums/threads/np-ss-uu-stage-12-get-lucky.3700621/">suspect thread</a>.</strong></div>
|j|☆lambdawisp
|j|☆DDD951
|t:|1651409744
|gametype|singles
|player|p1|lambdawisp|marlon|1445
|player|p2|DDD951|102|1544
|teamsize|p1|6
|teamsize|p2|6
|gen|8
|tier|[Gen 8] UU
|rated|
|rule|Sleep Clause Mod: Limit one foe put to sleep
|rule|Species Clause: Limit one of each Pokémon
|rule|OHKO Clause: OHKO moves are banned
|rule|Evasion Moves Clause: Evasion moves are banned
|rule|Endless Battle Clause: Forcing endless battles is banned
|rule|HP Percentage Mod: HP is shown in percentages
|rule|Dynamax Clause: You cannot dynamax
|clearpoke
|poke|p1|Slowking, M|
|poke|p1|Scizor, M|
|poke|p1|Zarude-Dada|
|poke|p1|Keldeo-Resolute|
|poke|p1|Rotom-Heat|
|poke|p1|Nihilego|
|poke|p2|Aegislash, M|
|poke|p2|Gyarados, F|
|poke|p2|Starmie|
|poke|p2|Mamoswine, M|
|poke|p2|Tangrowth, M|
|poke|p2|Darmanitan, M|
|teampreview
|
|t:|1651409748
|start
|switch|p1a: Nihilego|Nihilego|100/100
|switch|p2a: Tangrowth|Tangrowth, M|100/100
|turn|1
|
|t:|1651409755
|move|p1a: Nihilego|Sludge Bomb|p2a: Tangrowth
|-supereffective|p2a: Tangrowth
|-damage|p2a: Tangrowth|44/100
|move|p2a: Tangrowth|Earthquake|p1a: Nihilego
|-supereffective|p1a: Nihilego
|-damage|p1a: Nihilego|0 fnt
|faint|p1a: Nihilego
|
|upkeep
|
|t:|1651409760
|switch|p1a: Scizor|Scizor, M|100/100
|turn|2
|
|t:|1651409764
|switch|p2a: Darmanitan|Darmanitan, M|100/100
|move|p1a: Scizor|U-turn|p2a: Darmanitan
|-resisted|p2a: Darmanitan
|-damage|p2a: Darmanitan|74/100
|
|t:|1651409767
|switch|p1a: Rotom|Rotom-Heat|100/100|[from]move: U-turn
|
|upkeep
|turn|3
|
|t:|1651409773
|move|p2a: Darmanitan|Toxic|p1a: Rotom
|-status|p1a: Rotom|tox
|move|p1a: Rotom|Volt Switch|p2a: Darmanitan
|-damage|p2a: Darmanitan|37/100
|
|t:|1651409777
|switch|p1a: Keldeo|Keldeo-Resolute|100/100|[from]move: Volt Switch
|
|upkeep
|turn|4
|
|t:|1651409781
|switch|p2a: Tangrowth|Tangrowth, M|77/100
|move|p1a: Keldeo|Flip Turn|p2a: Tangrowth
|-resisted|p2a: Tangrowth
|-damage|p2a: Tangrowth|72/100
|
|t:|1651409784
|switch|p1a: Scizor|Scizor, M|100/100|[from]move: Flip Turn
|
|upkeep
|turn|5
|
|t:|1651409791
|switch|p2a: Aegislash|Aegislash, M|100/100
|move|p1a: Scizor|U-turn|p2a: Aegislash
|-resisted|p2a: Aegislash
|-damage|p2a: Aegislash|94/100
|
|t:|1651409794
|switch|p1a: Rotom|Rotom-Heat|100/100 tox|[from]move: U-turn
|
|-heal|p2a: Aegislash|99/100|[from] item: Leftovers
|-damage|p1a: Rotom|94/100 tox|[from] psn
|upkeep
|turn|6
|
|t:|1651409805
|switch|p2a: Starmie|Starmie|100/100
|move|p1a: Rotom|Will-O-Wisp|p2a: Starmie
|-status|p2a: Starmie|brn
|
|-damage|p1a: Rotom|82/100 tox|[from] psn
|-damage|p2a: Starmie|94/100 brn|[from] brn
|upkeep
|turn|7
|
|t:|1651409813
|switch|p1a: Slowking|Slowking, M|100/100
|move|p2a: Starmie|Hydro Pump|p1a: Slowking
|-resisted|p1a: Slowking
|-damage|p1a: Slowking|76/100
|-damage|p2a: Starmie|84/100 brn|[from] item: Life Orb
|
|-damage|p2a: Starmie|78/100 brn|[from] brn
|upkeep
|turn|8
|
|t:|1651409822
|move|p2a: Starmie|Thunderbolt|p1a: Slowking
|-supereffective|p1a: Slowking
|-damage|p1a: Slowking|34/100
|-damage|p2a: Starmie|68/100 brn|[from] item: Life Orb
|move|p1a: Slowking|Future Sight|p2a: Starmie
|-start|p1a: Slowking|move: Future Sight
|
|-damage|p2a: Starmie|62/100 brn|[from] brn
|upkeep
|turn|9
|
|t:|1651409829
|switch|p1a: Zarude|Zarude-Dada|100/100
|move|p2a: Starmie|Hydro Pump|p1a: Zarude
|-resisted|p1a: Zarude
|-damage|p1a: Zarude|58/100
|-damage|p2a: Starmie|52/100 brn|[from] item: Life Orb
|
|-damage|p2a: Starmie|46/100 brn|[from] brn
|upkeep
|turn|10
|
|t:|1651409839
|move|p1a: Zarude|Darkest Lariat|p2a: Starmie
|-supereffective|p2a: Starmie
|-damage|p2a: Starmie|0 fnt
|faint|p2a: Starmie
|
|-hint|Future Sight did not hit because the target is fainted.
|upkeep
|
|t:|1651409844
|switch|p2a: Mamoswine|Mamoswine, M|100/100
|turn|11
|
|t:|1651409847
|switch|p1a: Rotom|Rotom-Heat|82/100 tox
|move|p2a: Mamoswine|Stealth Rock|p1a: Rotom
|-sidestart|p1: lambdawisp|move: Stealth Rock
|
|-damage|p1a: Rotom|75/100 tox|[from] psn
|upkeep
|turn|12
|
|t:|1651409856
|move|p2a: Mamoswine|Icicle Spear|p1a: Rotom
|-resisted|p1a: Rotom
|-damage|p1a: Rotom|67/100 tox
|-resisted|p1a: Rotom
|-damage|p1a: Rotom|59/100 tox
|-resisted|p1a: Rotom
|-damage|p1a: Rotom|51/100 tox
|-resisted|p1a: Rotom
|-damage|p1a: Rotom|43/100 tox
|-resisted|p1a: Rotom
|-damage|p1a: Rotom|34/100 tox
|-hitcount|p1a: Rotom|5
|-damage|p2a: Mamoswine|91/100|[from] item: Life Orb
|move|p1a: Rotom|Overheat|p2a: Mamoswine
|-supereffective|p2a: Mamoswine
|-damage|p2a: Mamoswine|20/100
|-unboost|p1a: Rotom|spa|2
|
|-damage|p1a: Rotom|22/100 tox|[from] psn
|upkeep
|turn|13
|
|t:|1651409872
|switch|p1a: Scizor|Scizor, M|100/100
|move|p2a: Mamoswine|Icicle Spear|p1a: Scizor
|-resisted|p1a: Scizor
|-damage|p1a: Scizor|93/100
|-resisted|p1a: Scizor
|-damage|p1a: Scizor|85/100
|-resisted|p1a: Scizor
|-damage|p1a: Scizor|77/100
|-hitcount|p1a: Scizor|3
|-damage|p2a: Mamoswine|10/100|[from] item: Life Orb
|
|upkeep
|turn|14
|
|t:|1651409881
|move|p2a: Mamoswine|Earthquake|p1a: Scizor
|-damage|p1a: Scizor|8/100
|-damage|p2a: Mamoswine|0 fnt|[from] item: Life Orb
|faint|p2a: Mamoswine
|move|p1a: Scizor|Roost|p1a: Scizor
|-heal|p1a: Scizor|58/100
|-singleturn|p1a: Scizor|move: Roost
|
|upkeep
|
|t:|1651409890
|switch|p2a: Gyarados|Gyarados, F|100/100
|-ability|p2a: Gyarados|Intimidate|boost
|-unboost|p1a: Scizor|atk|1
|turn|15
|
|t:|1651409900
|move|p2a: Gyarados|Substitute|p2a: Gyarados
|-start|p2a: Gyarados|Substitute
|-damage|p2a: Gyarados|76/100
|move|p1a: Scizor|U-turn|p2a: Gyarados
|-resisted|p2a: Gyarados
|-activate|p2a: Gyarados|move: Substitute|[damage]
|
|t:|1651409903
|switch|p1a: Zarude|Zarude-Dada|58/100|[from]move: U-turn
|-damage|p1a: Zarude|46/100|[from] Stealth Rock
|
|-heal|p2a: Gyarados|82/100|[from] item: Leftovers
|upkeep
|turn|16
|
|t:|1651409913
|move|p1a: Zarude|Power Whip|p2a: Gyarados
|-end|p2a: Gyarados|Substitute
|move|p2a: Gyarados|Bounce||[still]
|-prepare|p2a: Gyarados|Bounce
|
|-heal|p2a: Gyarados|88/100|[from] item: Leftovers
|upkeep
|turn|17
|
|t:|1651409922
|switch|p1a: Rotom|Rotom-Heat|22/100 tox
|move|p2a: Gyarados|Bounce|p1a: Rotom|[from]lockedmove
|-resisted|p1a: Rotom
|-damage|p1a: Rotom|5/100 tox
|
|-heal|p2a: Gyarados|94/100|[from] item: Leftovers
|-damage|p1a: Rotom|0 fnt|[from] psn
|faint|p1a: Rotom
|upkeep
|
|t:|1651409932
|switch|p1a: Zarude|Zarude-Dada|46/100
|-damage|p1a: Zarude|34/100|[from] Stealth Rock
|turn|18
|
|t:|1651409942
|switch|p2a: Darmanitan|Darmanitan, M|37/100
|move|p1a: Zarude|Darkest Lariat|p2a: Darmanitan
|-damage|p2a: Darmanitan|0 fnt
|faint|p2a: Darmanitan
|
|upkeep
|
|t:|1651409948
|switch|p2a: Tangrowth|Tangrowth, M|100/100
|turn|19
|
|t:|1651409955
|switch|p1a: Scizor|Scizor, M|58/100
|move|p2a: Tangrowth|Knock Off|p1a: Scizor
|-damage|p1a: Scizor|37/100
|-enditem|p1a: Scizor|Heavy-Duty Boots|[from] move: Knock Off|[of] p2a: Tangrowth
|
|upkeep
|turn|20
|
|t:|1651409964
|switch|p2a: Gyarados|Gyarados, F|94/100
|-ability|p2a: Gyarados|Intimidate|boost
|-unboost|p1a: Scizor|atk|1
|move|p1a: Scizor|Knock Off|p2a: Gyarados
|-crit|p2a: Gyarados
|-damage|p2a: Gyarados|39/100
|-enditem|p2a: Gyarados|Leftovers|[from] move: Knock Off|[of] p1a: Scizor
|
|upkeep
|turn|21
|
|t:|1651409972
|move|p2a: Gyarados|Waterfall|p1a: Scizor
|-damage|p1a: Scizor|4/100
|cant|p1a: Scizor|flinch
|
|upkeep
|turn|22
|
|t:|1651409977
|move|p1a: Scizor|Bullet Punch|p2a: Gyarados
|-resisted|p2a: Gyarados
|-damage|p2a: Gyarados|27/100
|move|p2a: Gyarados|Waterfall|p1a: Scizor
|-damage|p1a: Scizor|0 fnt
|faint|p1a: Scizor
|
|upkeep
|
|t:|1651409979
|switch|p1a: Keldeo|Keldeo-Resolute|100/100
|-damage|p1a: Keldeo|94/100|[from] Stealth Rock
|turn|23
|
|t:|1651409986
|move|p1a: Keldeo|Scald|p2a: Gyarados
|-resisted|p2a: Gyarados
|-damage|p2a: Gyarados|2/100
|move|p2a: Gyarados|Bounce||[still]
|-prepare|p2a: Gyarados|Bounce
|
|upkeep
|turn|24
|
|t:|1651410001
|switch|p1a: Slowking|Slowking, M|68/100
|move|p2a: Gyarados|Bounce|p1a: Slowking|[from]lockedmove
|-damage|p1a: Slowking|25/100
|
|upkeep
|turn|25
|
|t:|1651410008
|move|p2a: Gyarados|Bounce||[still]
|-prepare|p2a: Gyarados|Bounce
|move|p1a: Slowking|Slack Off|p1a: Slowking
|-heal|p1a: Slowking|75/100
|
|upkeep
|turn|26
|
|t:|1651410013
|move|p2a: Gyarados|Bounce|p1a: Slowking|[from]lockedmove
|-damage|p1a: Slowking|33/100
|move|p1a: Slowking|Slack Off|p1a: Slowking
|-heal|p1a: Slowking|83/100
|
|upkeep
|turn|27
|
|t:|1651410020
|move|p2a: Gyarados|Dragon Dance|p2a: Gyarados
|-boost|p2a: Gyarados|atk|1
|-boost|p2a: Gyarados|spe|1
|move|p1a: Slowking|Scald|p2a: Gyarados
|-resisted|p2a: Gyarados
|-damage|p2a: Gyarados|0 fnt
|faint|p2a: Gyarados
|
|upkeep
|
|t:|1651410027
|switch|p2a: Tangrowth|Tangrowth, M|100/100
|turn|28
|
|t:|1651410031
|move|p2a: Tangrowth|Knock Off|p1a: Slowking
|-supereffective|p1a: Slowking
|-damage|p1a: Slowking|38/100
|-enditem|p1a: Slowking|Heavy-Duty Boots|[from] move: Knock Off|[of] p2a: Tangrowth
|move|p1a: Slowking|Future Sight|p2a: Tangrowth
|-start|p1a: Slowking|move: Future Sight
|
|upkeep
|turn|29
|
|t:|1651410037
|move|p2a: Tangrowth|Giga Drain|p1a: Slowking
|-supereffective|p1a: Slowking
|-damage|p1a: Slowking|1/100
|move|p1a: Slowking|Teleport|p1a: Slowking
|
|t:|1651410045
|switch|p1a: Zarude|Zarude-Dada|34/100|[from]move: Teleport
|-damage|p1a: Zarude|22/100|[from] Stealth Rock
|
|upkeep
|turn|30
|
|t:|1651410050
|move|p1a: Zarude|U-turn|p2a: Tangrowth
|-supereffective|p2a: Tangrowth
|-damage|p2a: Tangrowth|70/100
|
|t:|1651410053
|switch|p1a: Slowking|Slowking, M|34/100|[from]move: U-turn
|-damage|p1a: Slowking|22/100|[from] Stealth Rock
|move|p2a: Tangrowth|Sludge Bomb|p1a: Slowking
|-damage|p1a: Slowking|9/100
|
|-end|p2a: Tangrowth|move: Future Sight
|-damage|p2a: Tangrowth|43/100
|upkeep
|turn|31
|
|t:|1651410061
|switch|p1a: Zarude|Zarude-Dada|22/100
|-damage|p1a: Zarude|9/100|[from] Stealth Rock
|move|p2a: Tangrowth|Giga Drain|p1a: Zarude
|-resisted|p1a: Zarude
|-damage|p1a: Zarude|0 fnt
|-heal|p2a: Tangrowth|47/100|[from] drain|[of] p1a: Zarude
|faint|p1a: Zarude
|
|upkeep
|
|t:|1651410065
|switch|p1a: Keldeo|Keldeo-Resolute|94/100
|-damage|p1a: Keldeo|88/100|[from] Stealth Rock
|turn|32
|
|t:|1651410073
|switch|p2a: Aegislash|Aegislash, M|99/100
|move|p1a: Keldeo|Secret Sword|p2a: Aegislash
|-immune|p2a: Aegislash
|
|-heal|p2a: Aegislash|100/100|[from] item: Leftovers
|upkeep
|turn|33
|-message|lambdawisp forfeited.
|
|win|DDD951
|raw|lambdawisp's rating: 1445 &rarr; <strong>1431</strong><br />(-14 for losing)
|raw|DDD951's rating: 1544 &rarr; <strong>1558</strong><br />(+14 for winning)
|l|☆lambdawisp
