|html|<div class="broadcast-blue"><strong>[Gen 8] UU is currently suspecting Thundurus-T! For information on how to participate check out the <a href="https://www.smogon.com/forums/threads/np-ss-uu-stage-11-boom-clap.3696000/">suspect thread</a>.</strong></div>
|j|☆gimme wins
|j|☆Wahoo Taco
|t:|1642726500
|gametype|singles
|player|p1|gimme wins|pokemonbreederf-gen4|
|player|p2|Wahoo Taco|firebreather|
|teamsize|p1|6
|teamsize|p2|6
|gen|8
|tier|[Gen 8] UU
|rated|Tournament battle
|rule|Sleep Clause Mod: Limit one foe put to sleep
|rule|Species Clause: Limit one of each Pokémon
|rule|OHKO Clause: OHKO moves are banned
|rule|Evasion Moves Clause: Evasion moves are banned
|rule|Endless Battle Clause: Forcing endless battles is banned
|rule|HP Percentage Mod: HP is shown in percentages
|rule|Dynamax Clause: You cannot dynamax
|clearpoke
|poke|p1|Zarude-Dada|
|poke|p1|Aegislash, F|
|poke|p1|Porygon-Z|
|poke|p1|Registeel|
|poke|p1|Azumarill, F|
|poke|p1|Noivern, M|
|poke|p2|Mamoswine, F|
|poke|p2|Azelf|
|poke|p2|Slowking, M|
|poke|p2|Cobalion|
|poke|p2|Salamence, F|
|poke|p2|Zarude-Dada|
|teampreview
|inactive|Battle timer is ON: inactive players will automatically lose when time's up. (requested by Wahoo Taco)
|
|t:|1642726524
|start
|switch|p1a: Zarude|Zarude-Dada|100/100
|switch|p2a: Cobalion|Cobalion|100/100
|turn|1
|
|t:|1642726530
|switch|p1a: Noivern|Noivern, M|100/100
|move|p2a: Cobalion|Stealth Rock|p1a: Noivern
|-sidestart|p1: gimme wins|move: Stealth Rock
|
|upkeep
|turn|2
|
|t:|1642726536
|switch|p2a: Slowking|Slowking, M|100/100
|move|p1a: Noivern|Flamethrower|p2a: Slowking
|-resisted|p2a: Slowking
|-damage|p2a: Slowking|90/100
|
|upkeep
|turn|3
|
|t:|1642726546
|move|p1a: Noivern|U-turn|p2a: Slowking
|-supereffective|p2a: Slowking
|-damage|p2a: Slowking|74/100
|
|t:|1642726550
|switch|p1a: Azumarill|Azumarill, F|100/100|[from]move: U-turn
|move|p2a: Slowking|Teleport|p2a: Slowking
|j|+Aqua8Jet
|
|t:|1642726560
|switch|p2a: Zarude|Zarude-Dada|100/100|[from]move: Teleport
|
|upkeep
|turn|4
|
|t:|1642726565
|switch|p1a: Registeel|Registeel|100/100
|-damage|p1a: Registeel|94/100|[from] Stealth Rock
|move|p2a: Zarude|Power Whip|p1a: Registeel
|-resisted|p1a: Registeel
|-damage|p1a: Registeel|75/100
|
|-heal|p1a: Registeel|81/100|[from] item: Leftovers
|upkeep
|turn|5
|
|t:|1642726569
|move|p2a: Zarude|U-turn|p1a: Registeel
|-resisted|p1a: Registeel
|-damage|p1a: Registeel|74/100
|
|t:|1642726572
|switch|p2a: Cobalion|Cobalion|100/100|[from]move: U-turn
|move|p1a: Registeel|Stealth Rock|p2a: Cobalion
|-sidestart|p2: Wahoo Taco|move: Stealth Rock
|
|-heal|p1a: Registeel|80/100|[from] item: Leftovers
|upkeep
|turn|6
|
|t:|1642726575
|move|p2a: Cobalion|Close Combat|p1a: Registeel
|-supereffective|p1a: Registeel
|-damage|p1a: Registeel|15/100
|-unboost|p2a: Cobalion|def|1
|-unboost|p2a: Cobalion|spd|1
|move|p1a: Registeel|Thunder Wave|p2a: Cobalion|[miss]
|-miss|p1a: Registeel|p2a: Cobalion
|
|-heal|p1a: Registeel|21/100|[from] item: Leftovers
|upkeep
|turn|7
|
|t:|1642726584
|move|p2a: Cobalion|Close Combat|p1a: Registeel
|-supereffective|p1a: Registeel
|-damage|p1a: Registeel|0 fnt
|-unboost|p2a: Cobalion|def|1
|-unboost|p2a: Cobalion|spd|1
|faint|p1a: Registeel
|
|upkeep
|
|t:|1642726594
|switch|p1a: Aegislash|Aegislash, F|100/100
|-damage|p1a: Aegislash|94/100|[from] Stealth Rock
|turn|8
|
|t:|1642726598
|move|p2a: Cobalion|Volt Switch|p1a: Aegislash
|-damage|p1a: Aegislash|84/100
|
|t:|1642726601
|switch|p2a: Zarude|Zarude-Dada|100/100|[from]move: Volt Switch
|-formechange|p1a: Aegislash|Aegislash-Blade||[from] ability: Stance Change
|move|p1a: Aegislash|Close Combat|p2a: Zarude
|-supereffective|p2a: Zarude
|-damage|p2a: Zarude|26/100
|-unboost|p1a: Aegislash|def|1
|-unboost|p1a: Aegislash|spd|1
|
|-heal|p1a: Aegislash|90/100|[from] item: Leftovers
|upkeep
|turn|9
|
|t:|1642726608
|switch|p1a: Noivern|Noivern, M|100/100
|move|p2a: Zarude|Darkest Lariat|p1a: Noivern
|-damage|p1a: Noivern|47/100
|
|upkeep
|turn|10
|
|t:|1642726618
|switch|p2a: Mamoswine|Mamoswine, F|100/100
|-damage|p2a: Mamoswine|88/100|[from] Stealth Rock
|move|p1a: Noivern|U-turn|p2a: Mamoswine
|-damage|p2a: Mamoswine|76/100
|j| SuloTheBoi!
|
|t:|1642726623
|switch|p1a: Azumarill|Azumarill, F|100/100|[from]move: U-turn
|
|upkeep
|turn|11
|
|t:|1642726631
|move|p2a: Mamoswine|Earthquake|p1a: Azumarill
|-damage|p1a: Azumarill|14/100
|-damage|p2a: Mamoswine|66/100|[from] item: Life Orb
|move|p1a: Azumarill|Liquidation|p2a: Mamoswine
|-supereffective|p2a: Mamoswine
|-damage|p2a: Mamoswine|0 fnt
|faint|p2a: Mamoswine
|
|upkeep
|
|t:|1642726647
|switch|p2a: Zarude|Zarude-Dada|26/100
|turn|12
|j| blackkaiser
|
|t:|1642726654
|switch|p1a: Zarude|Zarude-Dada|100/100
|-damage|p1a: Zarude|88/100|[from] Stealth Rock
|move|p2a: Zarude|Darkest Lariat|p1a: Zarude
|-resisted|p1a: Zarude
|-damage|p1a: Zarude|69/100
|
|upkeep
|turn|13
|
|t:|1642726665
|switch|p1a: Aegislash|Aegislash, F|90/100
|-damage|p1a: Aegislash|84/100|[from] Stealth Rock
|switch|p2a: Cobalion|Cobalion|100/100
|-damage|p2a: Cobalion|97/100|[from] Stealth Rock
|
|-heal|p1a: Aegislash|90/100|[from] item: Leftovers
|upkeep
|turn|14
|j| Arxtric
|
|t:|1642726671
|move|p2a: Cobalion|Volt Switch|p1a: Aegislash
|-damage|p1a: Aegislash|79/100
|
|t:|1642726673
|switch|p2a: Salamence|Salamence, F|100/100|[from]move: Volt Switch
|-ability|p2a: Salamence|Intimidate|boost
|-unboost|p1a: Aegislash|atk|1
|-formechange|p1a: Aegislash|Aegislash-Blade||[from] ability: Stance Change
|move|p1a: Aegislash|Shadow Ball|p2a: Salamence
|-damage|p2a: Salamence|47/100
|
|-heal|p1a: Aegislash|85/100|[from] item: Leftovers
|upkeep
|turn|15
|
|t:|1642726684
|move|p2a: Salamence|Flamethrower|p1a: Aegislash
|-supereffective|p1a: Aegislash
|-damage|p1a: Aegislash|0 fnt
|faint|p1a: Aegislash
|
|upkeep
|
|t:|1642726689
|switch|p1a: Noivern|Noivern, M|47/100
|turn|16
|
|t:|1642726692
|switch|p2a: Slowking|Slowking, M|100/100
|-damage|p2a: Slowking|88/100|[from] Stealth Rock
|move|p1a: Noivern|U-turn|p2a: Slowking
|-supereffective|p2a: Slowking
|-damage|p2a: Slowking|71/100
|
|t:|1642726695
|switch|p1a: Porygon-Z|Porygon-Z|100/100|[from]move: U-turn
|-damage|p1a: Porygon-Z|88/100|[from] Stealth Rock
|
|upkeep
|turn|17
|
|t:|1642726698
|move|p1a: Porygon-Z|Tri Attack|p2a: Slowking
|-damage|p2a: Slowking|0 fnt
|faint|p2a: Slowking
|
|upkeep
|
|t:|1642726707
|switch|p2a: Cobalion|Cobalion|97/100
|-damage|p2a: Cobalion|94/100|[from] Stealth Rock
|turn|18
|
|t:|1642726712
|move|p2a: Cobalion|Close Combat|p1a: Porygon-Z
|-supereffective|p1a: Porygon-Z
|-damage|p1a: Porygon-Z|0 fnt
|-unboost|p2a: Cobalion|def|1
|-unboost|p2a: Cobalion|spd|1
|faint|p1a: Porygon-Z
|
|upkeep
|
|t:|1642726714
|switch|p1a: Noivern|Noivern, M|47/100
|turn|19
|
|t:|1642726724
|switch|p2a: Zarude|Zarude-Dada|26/100
|move|p1a: Noivern|Flamethrower|p2a: Zarude
|-supereffective|p2a: Zarude
|-damage|p2a: Zarude|0 fnt
|faint|p2a: Zarude
|
|upkeep
|
|t:|1642726732
|switch|p2a: Cobalion|Cobalion|94/100
|-damage|p2a: Cobalion|91/100|[from] Stealth Rock
|turn|20
|
|t:|1642726735
|move|p1a: Noivern|Roost|p1a: Noivern
|-heal|p1a: Noivern|97/100
|-singleturn|p1a: Noivern|move: Roost
|move|p2a: Cobalion|Iron Head|p1a: Noivern
|-damage|p1a: Noivern|55/100
|
|upkeep
|turn|21
|
|t:|1642726739
|move|p1a: Noivern|Flamethrower|p2a: Cobalion
|-supereffective|p2a: Cobalion
|-damage|p2a: Cobalion|16/100
|move|p2a: Cobalion|Volt Switch|p1a: Noivern
|-damage|p1a: Noivern|37/100
|
|t:|1642726741
|switch|p2a: Azelf|Azelf|100/100|[from]move: Volt Switch
|
|upkeep
|turn|22
|
|t:|1642726748
|move|p1a: Noivern|U-turn|p2a: Azelf
|-supereffective|p2a: Azelf
|-damage|p2a: Azelf|65/100
|
|t:|1642726752
|switch|p1a: Azumarill|Azumarill, F|14/100|[from]move: U-turn
|move|p2a: Azelf|Psychic|p1a: Azumarill
|-damage|p1a: Azumarill|0 fnt
|faint|p1a: Azumarill
|
|upkeep
|
|t:|1642726762
|switch|p1a: Noivern|Noivern, M|37/100
|turn|23
|
|t:|1642726783
|switch|p2a: Cobalion|Cobalion|16/100
|-damage|p2a: Cobalion|13/100|[from] Stealth Rock
|move|p1a: Noivern|Draco Meteor|p2a: Cobalion|[miss]
|-miss|p1a: Noivern|p2a: Cobalion
|
|upkeep
|turn|24
|
|t:|1642726791
|move|p1a: Noivern|Flamethrower|p2a: Cobalion
|-supereffective|p2a: Cobalion
|-damage|p2a: Cobalion|0 fnt
|faint|p2a: Cobalion
|
|upkeep
|
|t:|1642726796
|switch|p2a: Azelf|Azelf|65/100
|turn|25
|
|t:|1642726798
|move|p1a: Noivern|U-turn|p2a: Azelf
|-supereffective|p2a: Azelf
|-damage|p2a: Azelf|32/100
|
|t:|1642726800
|switch|p1a: Zarude|Zarude-Dada|69/100|[from]move: U-turn
|-damage|p1a: Zarude|57/100|[from] Stealth Rock
|move|p2a: Azelf|Psychic|p1a: Zarude
|-immune|p1a: Zarude
|
|upkeep
|turn|26
|
|t:|1642726803
|switch|p2a: Salamence|Salamence, F|47/100
|-ability|p2a: Salamence|Intimidate|boost
|-unboost|p1a: Zarude|atk|1
|move|p1a: Zarude|U-turn|p2a: Salamence
|-resisted|p2a: Salamence
|-crit|p2a: Salamence
|-damage|p2a: Salamence|23/100
|
|t:|1642726809
|switch|p1a: Noivern|Noivern, M|37/100|[from]move: U-turn
|
|upkeep
|turn|27
|
|t:|1642726814
|move|p1a: Noivern|Draco Meteor|p2a: Salamence
|-supereffective|p2a: Salamence
|-damage|p2a: Salamence|0 fnt
|-unboost|p1a: Noivern|spa|2
|faint|p2a: Salamence
|
|upkeep
|
|t:|1642726817
|switch|p2a: Azelf|Azelf|32/100
|turn|28
|
|t:|1642726819
|move|p1a: Noivern|U-turn|p2a: Azelf
|-supereffective|p2a: Azelf
|-damage|p2a: Azelf|0 fnt
|faint|p2a: Azelf
|
|win|gimme wins
|n|☆gimme wins|gimmewins
|n|☆Wahoo Taco|wahootaco
|n| Aqua8Jet|aqua8jet
|n| SuloTheBoi!|sulotheboi
|n| blackkaiser|blackkaiser
|n| Arxtric|arxtric
|c|☆Wahoo Taco|gg
|c|☆gimme wins|gg
|l| blackkaiser
|l|☆Wahoo Taco
|j| hariyana grande
|l| hariyana grande
