|j|☆Adrift and Alone
|j|☆MegaTotomon
|t:|1633225797
|gametype|singles
|player|p1|Adrift and Alone|psychic-gen3|1499
|player|p2|MegaTotomon|fantina|1641
|teamsize|p1|6
|teamsize|p2|6
|gen|8
|tier|[Gen 8] UU
|rated|
|rule|Sleep Clause Mod: Limit one foe put to sleep
|rule|Species Clause: Limit one of each Pokémon
|rule|OHKO Clause: OHKO moves are banned
|rule|Evasion Moves Clause: Evasion moves are banned
|rule|Endless Battle Clause: Forcing endless battles is banned
|rule|HP Percentage Mod: HP is shown in percentages
|rule|Dynamax Clause: You cannot dynamax
|clearpoke
|poke|p1|Gigalith, M|
|poke|p1|Excadrill, F|
|poke|p1|Mandibuzz, F|
|poke|p1|Suicune|
|poke|p1|Jirachi|
|poke|p1|Sylveon, F|
|poke|p2|Krookodile, M|
|poke|p2|Roserade, F|
|poke|p2|Starmie|
|poke|p2|Sylveon, F|
|poke|p2|Latias, F|
|poke|p2|Aegislash, M|
|teampreview
|c|☆MegaTotomon|glhf
|j| El Bunnyrr
|
|t:|1633225835
|start
|switch|p1a: Mandibuzz|Mandibuzz, F|100/100
|switch|p2a: Krookodile|Krookodile, M|100/100
|-ability|p2a: Krookodile|Intimidate|boost
|-unboost|p1a: Mandibuzz|atk|1
|turn|1
|c| El Bunnyrr|Oml
|c| El Bunnyrr|Two Sylveons
|c| El Bunnyrr|:3
|j| ZekromIsHeat
|c|☆MegaTotomon|sylveon viable?!
|c| El Bunnyrr|Yea!
|
|t:|1633225855
|move|p2a: Krookodile|Toxic|p1a: Mandibuzz
|-status|p1a: Mandibuzz|tox
|move|p1a: Mandibuzz|U-turn|p2a: Krookodile
|-supereffective|p2a: Krookodile
|-damage|p2a: Krookodile|86/100
|
|t:|1633225859
|switch|p1a: Sylveon|Sylveon, F|100/100|[from]move: U-turn
|
|-heal|p2a: Krookodile|92/100|[from] item: Leftovers
|upkeep
|turn|2
|c| El Bunnyrr|Looks like a legit mon rn tbh
|
|t:|1633225865
|switch|p2a: Roserade|Roserade, F|100/100
|move|p1a: Sylveon|Heal Bell|p1a: Sylveon
|-activate|p1a: Sylveon|move: Heal Bell
|-curestatus|p1: Mandibuzz|tox|[msg]
|
|upkeep
|turn|3
|
|t:|1633225874
|switch|p1a: Jirachi|Jirachi|100/100
|move|p2a: Roserade|Spikes|p1a: Jirachi
|-sidestart|p1: Adrift and Alone|Spikes
|
|upkeep
|turn|4
|
|t:|1633225877
|switch|p2a: Aegislash|Aegislash, M|100/100
|move|p1a: Jirachi|U-turn|p2a: Aegislash
|-resisted|p2a: Aegislash
|-damage|p2a: Aegislash|96/100
|
|t:|1633225880
|switch|p1a: Mandibuzz|Mandibuzz, F|100/100|[from]move: U-turn
|
|-heal|p2a: Aegislash|100/100|[from] item: Leftovers
|upkeep
|turn|5
|
|t:|1633225884
|move|p1a: Mandibuzz|Foul Play|p2a: Aegislash
|-supereffective|p2a: Aegislash
|-damage|p2a: Aegislash|70/100
|move|p2a: Aegislash|Toxic|p1a: Mandibuzz
|-status|p1a: Mandibuzz|tox
|
|-heal|p2a: Aegislash|76/100|[from] item: Leftovers
|-damage|p1a: Mandibuzz|94/100 tox|[from] psn
|upkeep
|turn|6
|
|t:|1633225893
|move|p2a: Aegislash|King's Shield|p2a: Aegislash
|-singleturn|p2a: Aegislash|Protect
|move|p1a: Mandibuzz|Defog|p2a: Aegislash
|-unboost|p2a: Aegislash|evasion|1
|-sideend|p1: Adrift and Alone|Spikes|[from] move: Defog|[of] p1a: Mandibuzz
|
|-heal|p2a: Aegislash|83/100|[from] item: Leftovers
|-damage|p1a: Mandibuzz|82/100 tox|[from] psn
|upkeep
|turn|7
|
|t:|1633225902
|move|p1a: Mandibuzz|U-turn|p2a: Aegislash
|-resisted|p2a: Aegislash
|-damage|p2a: Aegislash|80/100
|
|t:|1633225906
|switch|p1a: Suicune|Suicune|100/100|[from]move: U-turn
|-ability|p1a: Suicune|Pressure
|-formechange|p2a: Aegislash|Aegislash-Blade||[from] ability: Stance Change
|move|p2a: Aegislash|Close Combat|p1a: Suicune
|-damage|p1a: Suicune|79/100
|-unboost|p2a: Aegislash|def|1
|-unboost|p2a: Aegislash|spd|1
|
|-heal|p1a: Suicune|85/100|[from] item: Leftovers
|-heal|p2a: Aegislash|86/100|[from] item: Leftovers
|upkeep
|turn|8
|
|t:|1633225914
|switch|p2a: Roserade|Roserade, F|100/100
|move|p1a: Suicune|Calm Mind|p1a: Suicune
|-boost|p1a: Suicune|spa|1
|-boost|p1a: Suicune|spd|1
|
|-heal|p1a: Suicune|91/100|[from] item: Leftovers
|upkeep
|turn|9
|
|t:|1633225919
|move|p2a: Roserade|Stun Spore|p1a: Suicune|[miss]
|-miss|p2a: Roserade|p1a: Suicune
|move|p1a: Suicune|Calm Mind|p1a: Suicune
|-boost|p1a: Suicune|spa|1
|-boost|p1a: Suicune|spd|1
|
|-heal|p1a: Suicune|97/100|[from] item: Leftovers
|upkeep
|turn|10
|
|t:|1633225923
|switch|p2a: Latias|Latias, F|100/100
|move|p1a: Suicune|Calm Mind|p1a: Suicune
|-boost|p1a: Suicune|spa|1
|-boost|p1a: Suicune|spd|1
|
|-heal|p1a: Suicune|100/100|[from] item: Leftovers
|upkeep
|turn|11
|
|t:|1633225925
|move|p2a: Latias|Calm Mind|p2a: Latias
|-boost|p2a: Latias|spa|1
|-boost|p2a: Latias|spd|1
|move|p1a: Suicune|Calm Mind|p1a: Suicune
|-boost|p1a: Suicune|spa|1
|-boost|p1a: Suicune|spd|1
|
|upkeep
|turn|12
|
|t:|1633225927
|move|p2a: Latias|Calm Mind|p2a: Latias
|-boost|p2a: Latias|spa|1
|-boost|p2a: Latias|spd|1
|move|p1a: Suicune|Calm Mind|p1a: Suicune
|-boost|p1a: Suicune|spa|1
|-boost|p1a: Suicune|spd|1
|
|upkeep
|turn|13
|
|t:|1633225932
|move|p2a: Latias|Calm Mind|p2a: Latias
|-boost|p2a: Latias|spa|1
|-boost|p2a: Latias|spd|1
|move|p1a: Suicune|Roar|p2a: Latias
|drag|p2a: Sylveon|Sylveon, F|100/100
|
|upkeep
|turn|14
|
|t:|1633225939
|switch|p2a: Latias|Latias, F|100/100
|move|p1a: Suicune|Scald|p2a: Latias
|-resisted|p2a: Latias
|-damage|p2a: Latias|61/100
|
|upkeep
|turn|15
|
|t:|1633225947
|move|p2a: Latias|Roost|p2a: Latias
|-heal|p2a: Latias|100/100
|-singleturn|p2a: Latias|move: Roost
|move|p1a: Suicune|Calm Mind|p1a: Suicune
|-boost|p1a: Suicune|spa|1
|-boost|p1a: Suicune|spd|1
|
|upkeep
|turn|16
|
|t:|1633225950
|move|p2a: Latias|Calm Mind|p2a: Latias
|-boost|p2a: Latias|spa|1
|-boost|p2a: Latias|spd|1
|move|p1a: Suicune|Scald|p2a: Latias
|-resisted|p2a: Latias
|-damage|p2a: Latias|68/100
|
|upkeep
|turn|17
|
|t:|1633225954
|move|p2a: Latias|Roost|p2a: Latias
|-heal|p2a: Latias|100/100
|-singleturn|p2a: Latias|move: Roost
|move|p1a: Suicune|Roar|p2a: Latias
|drag|p2a: Roserade|Roserade, F|100/100
|
|upkeep
|turn|18
|
|t:|1633225957
|move|p2a: Roserade|Stun Spore|p1a: Suicune
|-status|p1a: Suicune|par
|move|p1a: Suicune|Scald|p2a: Roserade
|-resisted|p2a: Roserade
|-damage|p2a: Roserade|63/100
|
|-heal|p2a: Roserade|69/100|[from] item: Black Sludge
|upkeep
|turn|19
|
|t:|1633225963
|move|p2a: Roserade|Spikes|p1a: Suicune
|-sidestart|p1: Adrift and Alone|Spikes
|cant|p1a: Suicune|par
|
|-heal|p2a: Roserade|75/100|[from] item: Black Sludge
|upkeep
|turn|20
|
|t:|1633225966
|move|p2a: Roserade|Sludge Bomb|p1a: Suicune
|-damage|p1a: Suicune|93/100 par
|move|p1a: Suicune|Scald|p2a: Roserade
|-resisted|p2a: Roserade
|-damage|p2a: Roserade|34/100
|
|-heal|p2a: Roserade|40/100|[from] item: Black Sludge
|-heal|p1a: Suicune|99/100 par|[from] item: Leftovers
|upkeep
|turn|21
|
|t:|1633225971
|move|p2a: Roserade|Synthesis|p2a: Roserade
|-heal|p2a: Roserade|90/100
|move|p1a: Suicune|Scald|p2a: Roserade
|-resisted|p2a: Roserade
|-damage|p2a: Roserade|47/100
|-status|p2a: Roserade|brn
|
|-heal|p2a: Roserade|53/100 brn|[from] item: Black Sludge
|-heal|p1a: Suicune|100/100 par|[from] item: Leftovers
|-damage|p2a: Roserade|47/100 brn|[from] brn
|upkeep
|turn|22
|
|t:|1633225976
|move|p2a: Roserade|Synthesis|p2a: Roserade
|-heal|p2a: Roserade|97/100 brn
|move|p1a: Suicune|Scald|p2a: Roserade
|-resisted|p2a: Roserade
|-damage|p2a: Roserade|58/100 brn
|
|-heal|p2a: Roserade|64/100 brn|[from] item: Black Sludge
|-damage|p2a: Roserade|58/100 brn|[from] brn
|upkeep
|turn|23
|
|t:|1633225984
|move|p2a: Roserade|Synthesis|p2a: Roserade
|-heal|p2a: Roserade|100/100 brn
|move|p1a: Suicune|Scald|p2a: Roserade
|-resisted|p2a: Roserade
|-damage|p2a: Roserade|63/100 brn
|
|-heal|p2a: Roserade|69/100 brn|[from] item: Black Sludge
|-damage|p2a: Roserade|63/100 brn|[from] brn
|upkeep
|turn|24
|
|t:|1633225995
|switch|p2a: Latias|Latias, F|100/100
|cant|p1a: Suicune|par
|
|upkeep
|turn|25
|
|t:|1633226002
|move|p2a: Latias|Calm Mind|p2a: Latias
|-boost|p2a: Latias|spa|1
|-boost|p2a: Latias|spd|1
|cant|p1a: Suicune|par
|
|upkeep
|turn|26
|
|t:|1633226006
|move|p2a: Latias|Calm Mind|p2a: Latias
|-boost|p2a: Latias|spa|1
|-boost|p2a: Latias|spd|1
|move|p1a: Suicune|Roar|p2a: Latias
|drag|p2a: Roserade|Roserade, F|63/100
|
|-heal|p2a: Roserade|69/100|[from] item: Black Sludge
|upkeep
|turn|27
|
|t:|1633226018
|switch|p2a: Latias|Latias, F|100/100
|move|p1a: Suicune|Scald|p2a: Latias
|-resisted|p2a: Latias
|-damage|p2a: Latias|56/100
|
|upkeep
|turn|28
|
|t:|1633226023
|move|p2a: Latias|Roost|p2a: Latias
|-heal|p2a: Latias|100/100
|-singleturn|p2a: Latias|move: Roost
|cant|p1a: Suicune|par
|
|upkeep
|turn|29
|
|t:|1633226027
|move|p2a: Latias|Calm Mind|p2a: Latias
|-boost|p2a: Latias|spa|1
|-boost|p2a: Latias|spd|1
|cant|p1a: Suicune|par
|
|upkeep
|turn|30
|
|t:|1633226030
|move|p2a: Latias|Calm Mind|p2a: Latias
|-boost|p2a: Latias|spa|1
|-boost|p2a: Latias|spd|1
|move|p1a: Suicune|Roar|p2a: Latias
|drag|p2a: Roserade|Roserade, F|69/100
|
|-heal|p2a: Roserade|75/100|[from] item: Black Sludge
|upkeep
|turn|31
|
|t:|1633226038
|move|p2a: Roserade|Spikes|p1a: Suicune
|-sidestart|p1: Adrift and Alone|Spikes
|cant|p1a: Suicune|par
|
|-heal|p2a: Roserade|82/100|[from] item: Black Sludge
|upkeep
|turn|32
|
|t:|1633226042
|switch|p2a: Latias|Latias, F|100/100
|move|p1a: Suicune|Scald|p2a: Latias
|-resisted|p2a: Latias
|-damage|p2a: Latias|54/100
|
|upkeep
|turn|33
|
|t:|1633226044
|move|p2a: Latias|Roost|p2a: Latias
|-heal|p2a: Latias|100/100
|-singleturn|p2a: Latias|move: Roost
|cant|p1a: Suicune|par
|
|upkeep
|turn|34
|
|t:|1633226048
|move|p2a: Latias|Calm Mind|p2a: Latias
|-boost|p2a: Latias|spa|1
|-boost|p2a: Latias|spd|1
|move|p1a: Suicune|Scald|p2a: Latias
|-resisted|p2a: Latias
|-damage|p2a: Latias|71/100
|
|upkeep
|turn|35
|
|t:|1633226054
|move|p2a: Latias|Roost|p2a: Latias
|-heal|p2a: Latias|100/100
|-singleturn|p2a: Latias|move: Roost
|cant|p1a: Suicune|par
|
|upkeep
|turn|36
|
|t:|1633226056
|move|p2a: Latias|Calm Mind|p2a: Latias
|-boost|p2a: Latias|spa|1
|-boost|p2a: Latias|spd|1
|move|p1a: Suicune|Roar|p2a: Latias
|drag|p2a: Roserade|Roserade, F|82/100
|
|-heal|p2a: Roserade|88/100|[from] item: Black Sludge
|upkeep
|turn|37
|c| El Bunnyrr|Roar CM Suicune looks lowkey good
|
|t:|1633226062
|move|p2a: Roserade|Spikes|p1a: Suicune
|-sidestart|p1: Adrift and Alone|Spikes
|move|p1a: Suicune|Scald|p2a: Roserade
|-resisted|p2a: Roserade
|-damage|p2a: Roserade|45/100
|
|-heal|p2a: Roserade|51/100|[from] item: Black Sludge
|upkeep
|turn|38
|
|t:|1633226066
|move|p2a: Roserade|Synthesis|p2a: Roserade
|-heal|p2a: Roserade|100/100
|move|p1a: Suicune|Scald|p2a: Roserade
|-resisted|p2a: Roserade
|-damage|p2a: Roserade|63/100
|
|-heal|p2a: Roserade|69/100|[from] item: Black Sludge
|upkeep
|turn|39
|c| El Bunnyrr|Adrift and Alone U still run Sylv pretty often but surprising from toto
|
|t:|1633226072
|switch|p2a: Latias|Latias, F|100/100
|move|p1a: Suicune|Scald|p2a: Latias
|-resisted|p2a: Latias
|-damage|p2a: Latias|52/100
|
|upkeep
|turn|40
|
|t:|1633226076
|move|p2a: Latias|Roost|p2a: Latias
|-heal|p2a: Latias|100/100
|-singleturn|p2a: Latias|move: Roost
|move|p1a: Suicune|Scald|p2a: Latias
|-resisted|p2a: Latias
|-damage|p2a: Latias|56/100
|
|upkeep
|turn|41
|c|☆MegaTotomon|im surprised too
|c|☆MegaTotomon|but mienshao check lati check and hydra check in one slot
|c|☆MegaTotomon|is just
|
|t:|1633226108
|move|p2a: Latias|Roost|p2a: Latias
|-heal|p2a: Latias|100/100
|-singleturn|p2a: Latias|move: Roost
|move|p1a: Suicune|Scald|p2a: Latias
|-resisted|p2a: Latias
|-damage|p2a: Latias|52/100
|
|upkeep
|turn|42
|c| El Bunnyrr|Super valuable yea
|c| El Bunnyrr|And no Buzzwole rn
|
|t:|1633226115
|move|p2a: Latias|Roost|p2a: Latias
|-heal|p2a: Latias|100/100
|-singleturn|p2a: Latias|move: Roost
|move|p1a: Suicune|Scald|p2a: Latias
|-resisted|p2a: Latias
|-damage|p2a: Latias|56/100
|
|upkeep
|turn|43
|c| El Bunnyrr|Also, wishpassing is hella good
|c|☆MegaTotomon|nice burns btw
|
|t:|1633226127
|move|p2a: Latias|Roost|p2a: Latias
|-heal|p2a: Latias|100/100
|-singleturn|p2a: Latias|move: Roost
|move|p1a: Suicune|Scald|p2a: Latias
|-resisted|p2a: Latias
|-damage|p2a: Latias|57/100
|
|upkeep
|turn|44
|
|t:|1633226137
|move|p2a: Latias|Calm Mind|p2a: Latias
|-boost|p2a: Latias|spa|1
|-boost|p2a: Latias|spd|1
|move|p1a: Suicune|Scald|p2a: Latias
|-resisted|p2a: Latias
|-damage|p2a: Latias|26/100
|
|upkeep
|turn|45
|c| El Bunnyrr|Adrift is my twin
|
|t:|1633226139
|move|p2a: Latias|Roost|p2a: Latias
|-heal|p2a: Latias|76/100
|-singleturn|p2a: Latias|move: Roost
|move|p1a: Suicune|Roar|p2a: Latias
|drag|p2a: Krookodile|Krookodile, M|92/100
|-ability|p2a: Krookodile|Intimidate|boost
|-unboost|p1a: Suicune|atk|1
|
|-heal|p2a: Krookodile|98/100|[from] item: Leftovers
|upkeep
|turn|46
|c| El Bunnyrr|Aka very unlucky
|c| El Bunnyrr|So I am
|
|t:|1633226148
|switch|p2a: Roserade|Roserade, F|69/100
|move|p1a: Suicune|Scald|p2a: Roserade
|-resisted|p2a: Roserade
|-damage|p2a: Roserade|31/100
|
|-heal|p2a: Roserade|37/100|[from] item: Black Sludge
|upkeep
|turn|47
|
|t:|1633226153
|move|p2a: Roserade|Synthesis|p2a: Roserade
|-heal|p2a: Roserade|87/100
|move|p1a: Suicune|Scald|p2a: Roserade
|-resisted|p2a: Roserade
|-damage|p2a: Roserade|48/100
|
|-heal|p2a: Roserade|54/100|[from] item: Black Sludge
|upkeep
|turn|48
|
|t:|1633226162
|switch|p1a: Excadrill|Excadrill, F|100/100
|-damage|p1a: Excadrill|76/100|[from] Spikes
|move|p2a: Roserade|Synthesis|p2a: Roserade
|-heal|p2a: Roserade|100/100
|
|-heal|p1a: Excadrill|82/100|[from] item: Leftovers
|upkeep
|turn|49
|
|t:|1633226165
|switch|p2a: Krookodile|Krookodile, M|98/100
|-ability|p2a: Krookodile|Intimidate|boost
|-unboost|p1a: Excadrill|atk|1
|move|p1a: Excadrill|Rapid Spin|p2a: Krookodile
|-damage|p2a: Krookodile|85/100
|-boost|p1a: Excadrill|spe|1
|-sideend|p1: Adrift and Alone|Spikes|[from] move: Rapid Spin|[of] p1a: Excadrill
|
|-heal|p1a: Excadrill|88/100|[from] item: Leftovers
|-heal|p2a: Krookodile|91/100|[from] item: Leftovers
|upkeep
|turn|50
|
|t:|1633226171
|switch|p1a: Sylveon|Sylveon, F|100/100
|move|p2a: Krookodile|Stealth Rock|p1a: Sylveon
|-sidestart|p1: Adrift and Alone|move: Stealth Rock
|
|-heal|p2a: Krookodile|97/100|[from] item: Leftovers
|upkeep
|turn|51
|
|t:|1633226175
|switch|p2a: Roserade|Roserade, F|100/100
|move|p1a: Sylveon|Hyper Voice|p2a: Roserade
|-resisted|p2a: Roserade
|-damage|p2a: Roserade|85/100
|
|-heal|p2a: Roserade|92/100|[from] item: Black Sludge
|upkeep
|turn|52
|
|t:|1633226181
|move|p2a: Roserade|Stun Spore|p1a: Sylveon|[miss]
|-miss|p2a: Roserade|p1a: Sylveon
|move|p1a: Sylveon|Heal Bell|p1a: Sylveon
|-activate|p1a: Sylveon|move: Heal Bell
|-curestatus|p1: Suicune|par|[msg]
|-curestatus|p1: Mandibuzz|tox|[msg]
|
|-heal|p2a: Roserade|98/100|[from] item: Black Sludge
|upkeep
|turn|53
|
|t:|1633226187
|switch|p1a: Mandibuzz|Mandibuzz, F|82/100
|move|p2a: Roserade|Sludge Bomb|p1a: Mandibuzz
|-damage|p1a: Mandibuzz|50/100
|
|-heal|p2a: Roserade|100/100|[from] item: Black Sludge
|upkeep
|turn|54
|
|t:|1633226191
|move|p2a: Roserade|Sludge Bomb|p1a: Mandibuzz
|-damage|p1a: Mandibuzz|20/100
|move|p1a: Mandibuzz|Roost|p1a: Mandibuzz
|-heal|p1a: Mandibuzz|70/100
|-singleturn|p1a: Mandibuzz|move: Roost
|
|upkeep
|turn|55
|
|t:|1633226195
|move|p2a: Roserade|Sludge Bomb|p1a: Mandibuzz
|-damage|p1a: Mandibuzz|40/100
|-status|p1a: Mandibuzz|psn
|move|p1a: Mandibuzz|Roost|p1a: Mandibuzz
|-heal|p1a: Mandibuzz|91/100 psn
|-singleturn|p1a: Mandibuzz|move: Roost
|
|-damage|p1a: Mandibuzz|78/100 psn|[from] psn
|upkeep
|turn|56
|
|t:|1633226201
|switch|p1a: Jirachi|Jirachi|100/100
|-damage|p1a: Jirachi|94/100|[from] Stealth Rock
|move|p2a: Roserade|Spikes|p1a: Jirachi
|-sidestart|p1: Adrift and Alone|Spikes
|
|upkeep
|turn|57
|
|t:|1633226204
|switch|p2a: Aegislash|Aegislash, M|86/100
|move|p1a: Jirachi|U-turn|p2a: Aegislash
|-resisted|p2a: Aegislash
|-damage|p2a: Aegislash|83/100
|
|t:|1633226210
|switch|p1a: Mandibuzz|Mandibuzz, F|78/100 psn|[from]move: U-turn
|
|-heal|p2a: Aegislash|89/100|[from] item: Leftovers
|-damage|p1a: Mandibuzz|66/100 psn|[from] psn
|upkeep
|turn|58
|
|t:|1633226224
|switch|p2a: Sylveon|Sylveon, F|100/100
|move|p1a: Mandibuzz|Defog|p2a: Sylveon
|-unboost|p2a: Sylveon|evasion|1
|-sideend|p1: Adrift and Alone|Spikes|[from] move: Defog|[of] p1a: Mandibuzz
|-sideend|p1: Adrift and Alone|Stealth Rock|[from] move: Defog|[of] p1a: Mandibuzz
|
|-damage|p1a: Mandibuzz|54/100 psn|[from] psn
|upkeep
|turn|59
|
|t:|1633226232
|switch|p1a: Gigalith|Gigalith, M|100/100
|-weather|Sandstorm|[from] ability: Sand Stream|[of] p1a: Gigalith
|move|p2a: Sylveon|Wish|p2a: Sylveon
|
|-weather|Sandstorm|[upkeep]
|-damage|p2a: Sylveon|94/100|[from] Sandstorm
|-heal|p2a: Sylveon|100/100|[from] item: Leftovers
|upkeep
|turn|60
|
|t:|1633226241
|switch|p2a: Starmie|Starmie|100/100
|move|p1a: Gigalith|Stealth Rock|p2a: Starmie
|-sidestart|p2: MegaTotomon|move: Stealth Rock
|
|-weather|Sandstorm|[upkeep]
|-damage|p2a: Starmie|94/100|[from] Sandstorm
|-heal|p2a: Starmie|100/100|[from] move: Wish|[wisher] Sylveon
|upkeep
|turn|61
|
|t:|1633226245
|move|p2a: Starmie|Rapid Spin|p1a: Gigalith
|-resisted|p1a: Gigalith
|-damage|p1a: Gigalith|98/100
|-boost|p2a: Starmie|spe|1
|-sideend|p2: MegaTotomon|Stealth Rock|[from] move: Rapid Spin|[of] p2a: Starmie
|move|p1a: Gigalith|Rock Blast|p2a: Starmie
|-damage|p2a: Starmie|87/100
|-damage|p2a: Starmie|72/100
|-damage|p2a: Starmie|59/100
|-damage|p2a: Starmie|45/100
|-damage|p2a: Starmie|32/100
|-hitcount|p2a: Starmie|5
|
|-weather|Sandstorm|[upkeep]
|-damage|p2a: Starmie|26/100|[from] Sandstorm
|-heal|p2a: Starmie|32/100|[from] item: Leftovers
|-heal|p1a: Gigalith|100/100|[from] item: Leftovers
|upkeep
|turn|62
|
|t:|1633226248
|move|p2a: Starmie|Recover|p2a: Starmie
|-heal|p2a: Starmie|82/100
|move|p1a: Gigalith|Rock Blast|p2a: Starmie
|-damage|p2a: Starmie|67/100
|-damage|p2a: Starmie|53/100
|-damage|p2a: Starmie|39/100
|-damage|p2a: Starmie|26/100
|-hitcount|p2a: Starmie|4
|
|-weather|Sandstorm|[upkeep]
|-damage|p2a: Starmie|20/100|[from] Sandstorm
|-heal|p2a: Starmie|26/100|[from] item: Leftovers
|upkeep
|turn|63
|
|t:|1633226252
|move|p2a: Starmie|Recover|p2a: Starmie
|-heal|p2a: Starmie|76/100
|move|p1a: Gigalith|Rock Blast|p2a: Starmie
|-damage|p2a: Starmie|63/100
|-crit|p2a: Starmie
|-damage|p2a: Starmie|43/100
|-hitcount|p2a: Starmie|2
|
|-weather|none
|-heal|p2a: Starmie|50/100|[from] item: Leftovers
|upkeep
|turn|64
|
|t:|1633226254
|move|p2a: Starmie|Recover|p2a: Starmie
|-heal|p2a: Starmie|99/100
|move|p1a: Gigalith|Rock Blast|p2a: Starmie
|-damage|p2a: Starmie|86/100
|-crit|p2a: Starmie
|-damage|p2a: Starmie|67/100
|-damage|p2a: Starmie|52/100
|-damage|p2a: Starmie|38/100
|-damage|p2a: Starmie|23/100
|-hitcount|p2a: Starmie|5
|
|-heal|p2a: Starmie|29/100|[from] item: Leftovers
|upkeep
|turn|65
|
|t:|1633226258
|switch|p1a: Jirachi|Jirachi|94/100
|move|p2a: Starmie|Recover|p2a: Starmie
|-heal|p2a: Starmie|79/100
|
|-heal|p2a: Starmie|85/100|[from] item: Leftovers
|upkeep
|turn|66
|
|t:|1633226277
|move|p2a: Starmie|Scald|p1a: Jirachi
|-damage|p1a: Jirachi|64/100
|move|p1a: Jirachi|Trick|p2a: Starmie
|-activate|p1a: Jirachi|move: Trick|[of] p2a: Starmie
|-item|p2a: Starmie|Choice Scarf|[from] move: Trick
|-item|p1a: Jirachi|Leftovers|[from] move: Trick
|
|-heal|p1a: Jirachi|70/100|[from] item: Leftovers
|upkeep
|turn|67
|
|t:|1633226287
|switch|p1a: Suicune|Suicune|100/100
|-ability|p1a: Suicune|Pressure
|move|p2a: Starmie|Scald|p1a: Suicune
|-resisted|p1a: Suicune
|-damage|p1a: Suicune|91/100
|
|-heal|p1a: Suicune|97/100|[from] item: Leftovers
|upkeep
|turn|68
|
|t:|1633226291
|switch|p2a: Latias|Latias, F|76/100
|switch|p1a: Gigalith|Gigalith, M|100/100
|-weather|Sandstorm|[from] ability: Sand Stream|[of] p1a: Gigalith
|
|-weather|Sandstorm|[upkeep]
|-damage|p2a: Latias|70/100|[from] Sandstorm
|upkeep
|turn|69
|
|t:|1633226299
|switch|p2a: Roserade|Roserade, F|100/100
|move|p1a: Gigalith|Stealth Rock|p2a: Roserade
|-sidestart|p2: MegaTotomon|move: Stealth Rock
|
|-weather|Sandstorm|[upkeep]
|-damage|p2a: Roserade|94/100|[from] Sandstorm
|-heal|p2a: Roserade|100/100|[from] item: Black Sludge
|upkeep
|turn|70
|
|t:|1633226302
|move|p2a: Roserade|Stun Spore|p1a: Gigalith
|-status|p1a: Gigalith|par
|cant|p1a: Gigalith|par
|
|-weather|Sandstorm|[upkeep]
|-damage|p2a: Roserade|94/100|[from] Sandstorm
|-heal|p2a: Roserade|100/100|[from] item: Black Sludge
|upkeep
|turn|71
|
|t:|1633226305
|move|p2a: Roserade|Spikes|p1a: Gigalith
|-sidestart|p1: Adrift and Alone|Spikes
|cant|p1a: Gigalith|par
|
|-weather|Sandstorm|[upkeep]
|-damage|p2a: Roserade|94/100|[from] Sandstorm
|-heal|p2a: Roserade|100/100|[from] item: Black Sludge
|upkeep
|turn|72
|
|t:|1633226307
|move|p2a: Roserade|Spikes|p1a: Gigalith
|-sidestart|p1: Adrift and Alone|Spikes
|move|p1a: Gigalith|Rock Blast|p2a: Roserade
|-damage|p2a: Roserade|86/100
|-damage|p2a: Roserade|71/100
|-damage|p2a: Roserade|57/100
|-hitcount|p2a: Roserade|3
|
|-weather|none
|-heal|p2a: Roserade|63/100|[from] item: Black Sludge
|upkeep
|turn|73
|c| El Bunnyrr|So I'll post about Sylveon
|
|t:|1633226316
|switch|p2a: Krookodile|Krookodile, M|97/100
|-damage|p2a: Krookodile|91/100|[from] Stealth Rock
|-ability|p2a: Krookodile|Intimidate|boost
|-unboost|p1a: Gigalith|atk|1
|switch|p1a: Excadrill|Excadrill, F|88/100
|-damage|p1a: Excadrill|71/100|[from] Spikes
|
|-heal|p2a: Krookodile|97/100|[from] item: Leftovers
|-heal|p1a: Excadrill|77/100|[from] item: Leftovers
|upkeep
|turn|74
|
|t:|1633226319
|switch|p1a: Mandibuzz|Mandibuzz, F|54/100 psn
|move|p2a: Krookodile|Knock Off|p1a: Mandibuzz
|-resisted|p1a: Mandibuzz
|-damage|p1a: Mandibuzz|43/100 psn
|-enditem|p1a: Mandibuzz|Heavy-Duty Boots|[from] move: Knock Off|[of] p2a: Krookodile
|
|-heal|p2a: Krookodile|100/100|[from] item: Leftovers
|-damage|p1a: Mandibuzz|31/100 psn|[from] psn
|upkeep
|turn|75
|c| El Bunnyrr|MegaTotomon and Adrift and Alone is fine if I use this replay?
|c| El Bunnyrr|Two Sylveons is lowkey
|c|☆MegaTotomon|u can but like i am haxing him so hard lmao
|c| El Bunnyrr|Rly good to show it
|
|t:|1633226338
|move|p2a: Krookodile|Stealth Rock|p1a: Mandibuzz
|-sidestart|p1: Adrift and Alone|move: Stealth Rock
|move|p1a: Mandibuzz|Roost|p1a: Mandibuzz
|-heal|p1a: Mandibuzz|81/100 psn
|-singleturn|p1a: Mandibuzz|move: Roost
|
|-damage|p1a: Mandibuzz|69/100 psn|[from] psn
|upkeep
|turn|76
|c| El Bunnyrr|Yea ik
|
|t:|1633226343
|switch|p2a: Sylveon|Sylveon, F|100/100
|-damage|p2a: Sylveon|88/100|[from] Stealth Rock
|move|p1a: Mandibuzz|Defog|p2a: Sylveon
|-unboost|p2a: Sylveon|evasion|1
|-sideend|p2: MegaTotomon|Stealth Rock|[from] move: Defog|[of] p1a: Mandibuzz
|-sideend|p1: Adrift and Alone|Spikes|[from] move: Defog|[of] p1a: Mandibuzz
|-sideend|p1: Adrift and Alone|Stealth Rock|[from] move: Defog|[of] p1a: Mandibuzz
|
|-heal|p2a: Sylveon|94/100|[from] item: Leftovers
|-damage|p1a: Mandibuzz|57/100 psn|[from] psn
|upkeep
|turn|77
|c| El Bunnyrr|It's just to show Sylv capabilities
|
|t:|1633226350
|switch|p1a: Gigalith|Gigalith, M|100/100 par
|-weather|Sandstorm|[from] ability: Sand Stream|[of] p1a: Gigalith
|move|p2a: Sylveon|Wish|p2a: Sylveon
|
|-weather|Sandstorm|[upkeep]
|-damage|p2a: Sylveon|88/100|[from] Sandstorm
|-heal|p2a: Sylveon|94/100|[from] item: Leftovers
|upkeep
|turn|78
|
|t:|1633226356
|switch|p2a: Starmie|Starmie|85/100
|move|p1a: Gigalith|Stealth Rock|p2a: Starmie
|-sidestart|p2: MegaTotomon|move: Stealth Rock
|
|-weather|Sandstorm|[upkeep]
|-damage|p2a: Starmie|79/100|[from] Sandstorm
|-heal|p2a: Starmie|100/100|[from] move: Wish|[wisher] Sylveon
|upkeep
|turn|79
|
|t:|1633226362
|move|p2a: Starmie|Rapid Spin|p1a: Gigalith
|-resisted|p1a: Gigalith
|-damage|p1a: Gigalith|97/100 par
|-boost|p2a: Starmie|spe|1
|-sideend|p2: MegaTotomon|Stealth Rock|[from] move: Rapid Spin|[of] p2a: Starmie
|cant|p1a: Gigalith|par
|
|-weather|Sandstorm|[upkeep]
|-damage|p2a: Starmie|94/100|[from] Sandstorm
|-heal|p1a: Gigalith|100/100 par|[from] item: Leftovers
|upkeep
|turn|80
|
|t:|1633226370
|switch|p2a: Krookodile|Krookodile, M|100/100
|-ability|p2a: Krookodile|Intimidate|boost
|-unboost|p1a: Gigalith|atk|1
|move|p1a: Gigalith|Stealth Rock|p2a: Krookodile
|-sidestart|p2: MegaTotomon|move: Stealth Rock
|
|-weather|Sandstorm|[upkeep]
|upkeep
|turn|81
|
|t:|1633226376
|switch|p1a: Mandibuzz|Mandibuzz, F|57/100 psn
|move|p2a: Krookodile|Stealth Rock|p1a: Mandibuzz
|-sidestart|p1: Adrift and Alone|move: Stealth Rock
|
|-weather|none
|-damage|p1a: Mandibuzz|44/100 psn|[from] psn
|upkeep
|turn|82
|
|t:|1633226381
|switch|p2a: Sylveon|Sylveon, F|94/100
|-damage|p2a: Sylveon|82/100|[from] Stealth Rock
|move|p1a: Mandibuzz|Roost|p1a: Mandibuzz
|-heal|p1a: Mandibuzz|94/100 psn
|-singleturn|p1a: Mandibuzz|move: Roost
|
|-heal|p2a: Sylveon|88/100|[from] item: Leftovers
|-damage|p1a: Mandibuzz|82/100 psn|[from] psn
|upkeep
|turn|83
|
|t:|1633226388
|move|p1a: Mandibuzz|U-turn|p2a: Sylveon
|-resisted|p2a: Sylveon
|-damage|p2a: Sylveon|83/100
|
|t:|1633226392
|switch|p1a: Sylveon|Sylveon, F|100/100|[from]move: U-turn
|-damage|p1a: Sylveon|88/100|[from] Stealth Rock
|move|p2a: Sylveon|Hyper Voice|p1a: Sylveon
|-damage|p1a: Sylveon|59/100
|
|-heal|p1a: Sylveon|65/100|[from] item: Leftovers
|-heal|p2a: Sylveon|89/100|[from] item: Leftovers
|upkeep
|turn|84
|
|t:|1633226395
|move|p1a: Sylveon|Heal Bell|p1a: Sylveon
|-activate|p1a: Sylveon|move: Heal Bell
|-curestatus|p1: Mandibuzz|psn|[msg]
|-curestatus|p1: Gigalith|par|[msg]
|move|p2a: Sylveon|Wish|p2a: Sylveon
|
|-heal|p1a: Sylveon|71/100|[from] item: Leftovers
|-heal|p2a: Sylveon|95/100|[from] item: Leftovers
|upkeep
|turn|85
|
|t:|1633226402
|switch|p1a: Excadrill|Excadrill, F|77/100
|-damage|p1a: Excadrill|74/100|[from] Stealth Rock
|switch|p2a: Roserade|Roserade, F|63/100
|-damage|p2a: Roserade|50/100|[from] Stealth Rock
|
|-heal|p2a: Roserade|100/100|[from] move: Wish|[wisher] Sylveon
|-heal|p1a: Excadrill|80/100|[from] item: Leftovers
|upkeep
|turn|86
|
|t:|1633226405
|switch|p2a: Krookodile|Krookodile, M|100/100
|-damage|p2a: Krookodile|94/100|[from] Stealth Rock
|-ability|p2a: Krookodile|Intimidate|boost
|-unboost|p1a: Excadrill|atk|1
|move|p1a: Excadrill|Earthquake|p2a: Krookodile
|-damage|p2a: Krookodile|56/100
|
|-heal|p2a: Krookodile|62/100|[from] item: Leftovers
|-heal|p1a: Excadrill|86/100|[from] item: Leftovers
|upkeep
|turn|87
|
|t:|1633226412
|switch|p1a: Mandibuzz|Mandibuzz, F|82/100
|-damage|p1a: Mandibuzz|57/100|[from] Stealth Rock
|move|p2a: Krookodile|Toxic|p1a: Mandibuzz
|-status|p1a: Mandibuzz|tox
|
|-heal|p2a: Krookodile|68/100|[from] item: Leftovers
|-damage|p1a: Mandibuzz|51/100 tox|[from] psn
|upkeep
|turn|88
|
|t:|1633226419
|switch|p2a: Latias|Latias, F|70/100
|-damage|p2a: Latias|58/100|[from] Stealth Rock
|move|p1a: Mandibuzz|Roost|p1a: Mandibuzz
|-heal|p1a: Mandibuzz|100/100 tox
|-singleturn|p1a: Mandibuzz|move: Roost
|
|-damage|p1a: Mandibuzz|88/100 tox|[from] psn
|upkeep
|turn|89
|
|t:|1633226424
|move|p2a: Latias|Roost|p2a: Latias
|-heal|p2a: Latias|100/100
|-singleturn|p2a: Latias|move: Roost
|move|p1a: Mandibuzz|U-turn|p2a: Latias
|-supereffective|p2a: Latias
|-damage|p2a: Latias|71/100
|
|t:|1633226428
|switch|p1a: Gigalith|Gigalith, M|100/100|[from]move: U-turn
|-damage|p1a: Gigalith|88/100|[from] Stealth Rock
|-weather|Sandstorm|[from] ability: Sand Stream|[of] p1a: Gigalith
|
|-weather|Sandstorm|[upkeep]
|-damage|p2a: Latias|65/100|[from] Sandstorm
|-heal|p1a: Gigalith|94/100|[from] item: Leftovers
|upkeep
|turn|90
|
|t:|1633226435
|switch|p2a: Aegislash|Aegislash, M|89/100
|-damage|p2a: Aegislash|83/100|[from] Stealth Rock
|move|p1a: Gigalith|Earthquake|p2a: Aegislash
|-supereffective|p2a: Aegislash
|-damage|p2a: Aegislash|38/100
|
|-weather|Sandstorm|[upkeep]
|-heal|p2a: Aegislash|44/100|[from] item: Leftovers
|-heal|p1a: Gigalith|100/100|[from] item: Leftovers
|upkeep
|turn|91
|
|t:|1633226445
|-formechange|p2a: Aegislash|Aegislash-Blade||[from] ability: Stance Change
|move|p2a: Aegislash|Close Combat|p1a: Gigalith
|-supereffective|p1a: Gigalith
|-crit|p1a: Gigalith
|-damage|p1a: Gigalith|26/100
|-unboost|p2a: Aegislash|def|1
|-unboost|p2a: Aegislash|spd|1
|move|p1a: Gigalith|Earthquake|p2a: Aegislash
|-supereffective|p2a: Aegislash
|-damage|p2a: Aegislash|0 fnt
|faint|p2a: Aegislash
|
|-weather|Sandstorm|[upkeep]
|-heal|p1a: Gigalith|32/100|[from] item: Leftovers
|upkeep
|
|t:|1633226462
|switch|p2a: Roserade|Roserade, F|100/100
|-damage|p2a: Roserade|88/100|[from] Stealth Rock
|turn|92
|
|t:|1633226466
|move|p2a: Roserade|Stun Spore|p1a: Gigalith
|-status|p1a: Gigalith|par
|move|p1a: Gigalith|Rock Blast|p2a: Roserade
|-damage|p2a: Roserade|73/100
|-damage|p2a: Roserade|58/100
|-damage|p2a: Roserade|44/100
|-hitcount|p2a: Roserade|3
|
|-weather|Sandstorm|[upkeep]
|-damage|p2a: Roserade|38/100|[from] Sandstorm
|-heal|p2a: Roserade|44/100|[from] item: Black Sludge
|-heal|p1a: Gigalith|38/100 par|[from] item: Leftovers
|upkeep
|turn|93
|
|t:|1633226470
|switch|p1a: Excadrill|Excadrill, F|86/100
|-damage|p1a: Excadrill|83/100|[from] Stealth Rock
|move|p2a: Roserade|Spikes|p1a: Excadrill
|-sidestart|p1: Adrift and Alone|Spikes
|
|-weather|none
|-heal|p1a: Excadrill|89/100|[from] item: Leftovers
|-heal|p2a: Roserade|50/100|[from] item: Black Sludge
|upkeep
|turn|94
|
|t:|1633226472
|move|p1a: Excadrill|Rapid Spin|p2a: Roserade
|-damage|p2a: Roserade|25/100
|-boost|p1a: Excadrill|spe|1
|-sideend|p1: Adrift and Alone|Spikes|[from] move: Rapid Spin|[of] p1a: Excadrill
|-sideend|p1: Adrift and Alone|Stealth Rock|[from] move: Rapid Spin|[of] p1a: Excadrill
|move|p2a: Roserade|Stun Spore|p1a: Excadrill
|-status|p1a: Excadrill|par
|
|-heal|p2a: Roserade|31/100|[from] item: Black Sludge
|-heal|p1a: Excadrill|96/100 par|[from] item: Leftovers
|upkeep
|turn|95
|
|t:|1633226476
|switch|p2a: Krookodile|Krookodile, M|68/100
|-damage|p2a: Krookodile|62/100|[from] Stealth Rock
|-ability|p2a: Krookodile|Intimidate|boost
|-unboost|p1a: Excadrill|atk|1
|move|p1a: Excadrill|Rapid Spin|p2a: Krookodile
|-damage|p2a: Krookodile|48/100
|-boost|p1a: Excadrill|spe|1
|
|-heal|p2a: Krookodile|54/100|[from] item: Leftovers
|-heal|p1a: Excadrill|100/100 par|[from] item: Leftovers
|upkeep
|turn|96
|
|t:|1633226480
|switch|p1a: Mandibuzz|Mandibuzz, F|88/100 tox
|move|p2a: Krookodile|Stealth Rock|p1a: Mandibuzz
|-sidestart|p1: Adrift and Alone|move: Stealth Rock
|
|-heal|p2a: Krookodile|60/100|[from] item: Leftovers
|-damage|p1a: Mandibuzz|82/100 tox|[from] psn
|upkeep
|turn|97
|
|t:|1633226488
|switch|p2a: Sylveon|Sylveon, F|95/100
|-damage|p2a: Sylveon|83/100|[from] Stealth Rock
|move|p1a: Mandibuzz|U-turn|p2a: Sylveon
|-resisted|p2a: Sylveon
|-damage|p2a: Sylveon|78/100
|
|t:|1633226492
|switch|p1a: Sylveon|Sylveon, F|71/100|[from]move: U-turn
|-damage|p1a: Sylveon|59/100|[from] Stealth Rock
|
|-heal|p1a: Sylveon|65/100|[from] item: Leftovers
|-heal|p2a: Sylveon|85/100|[from] item: Leftovers
|upkeep
|turn|98
|
|t:|1633226496
|move|p1a: Sylveon|Heal Bell|p1a: Sylveon
|-activate|p1a: Sylveon|move: Heal Bell
|-curestatus|p1: Mandibuzz|tox|[msg]
|-curestatus|p1: Gigalith|par|[msg]
|-curestatus|p1: Excadrill|par|[msg]
|move|p2a: Sylveon|Wish|p2a: Sylveon
|
|-heal|p1a: Sylveon|71/100|[from] item: Leftovers
|-heal|p2a: Sylveon|91/100|[from] item: Leftovers
|upkeep
|turn|99
|
|t:|1633226499
|switch|p2a: Latias|Latias, F|65/100
|-damage|p2a: Latias|52/100|[from] Stealth Rock
|move|p1a: Sylveon|Wish|p1a: Sylveon
|
|-heal|p2a: Latias|100/100|[from] move: Wish|[wisher] Sylveon
|-heal|p1a: Sylveon|77/100|[from] item: Leftovers
|upkeep
|turn|100
|j| t-yeu
|
|t:|1633226508
|switch|p2a: Sylveon|Sylveon, F|91/100
|-damage|p2a: Sylveon|78/100|[from] Stealth Rock
|switch|p1a: Gigalith|Gigalith, M|38/100
|-damage|p1a: Gigalith|26/100|[from] Stealth Rock
|-weather|Sandstorm|[from] ability: Sand Stream|[of] p1a: Gigalith
|
|-weather|Sandstorm|[upkeep]
|-damage|p2a: Sylveon|72/100|[from] Sandstorm
|-heal|p1a: Gigalith|78/100|[from] move: Wish|[wisher] Sylveon
|-heal|p2a: Sylveon|78/100|[from] item: Leftovers
|-heal|p1a: Gigalith|84/100|[from] item: Leftovers
|upkeep
|turn|101
|
|t:|1633226512
|move|p2a: Sylveon|Wish|p2a: Sylveon
|move|p1a: Gigalith|Rock Blast|p2a: Sylveon
|-damage|p2a: Sylveon|69/100
|-damage|p2a: Sylveon|59/100
|-damage|p2a: Sylveon|50/100
|-damage|p2a: Sylveon|41/100
|-damage|p2a: Sylveon|31/100
|-hitcount|p2a: Sylveon|5
|
|-weather|Sandstorm|[upkeep]
|-damage|p2a: Sylveon|25/100|[from] Sandstorm
|-heal|p2a: Sylveon|31/100|[from] item: Leftovers
|-heal|p1a: Gigalith|91/100|[from] item: Leftovers
|upkeep
|turn|102
|
|t:|1633226519
|switch|p2a: Krookodile|Krookodile, M|60/100
|-damage|p2a: Krookodile|54/100|[from] Stealth Rock
|-ability|p2a: Krookodile|Intimidate|boost
|-unboost|p1a: Gigalith|atk|1
|switch|p1a: Excadrill|Excadrill, F|100/100
|-damage|p1a: Excadrill|97/100|[from] Stealth Rock
|
|-weather|Sandstorm|[upkeep]
|-heal|p2a: Krookodile|100/100|[from] move: Wish|[wisher] Sylveon
|-heal|p1a: Excadrill|100/100|[from] item: Leftovers
|upkeep
|turn|103
|
|t:|1633226525
|switch|p1a: Mandibuzz|Mandibuzz, F|82/100
|-damage|p1a: Mandibuzz|57/100|[from] Stealth Rock
|move|p2a: Krookodile|Earthquake|p1a: Mandibuzz
|-immune|p1a: Mandibuzz
|
|-weather|Sandstorm|[upkeep]
|upkeep
|turn|104
|
|t:|1633226529
|move|p2a: Krookodile|Toxic|p1a: Mandibuzz
|-status|p1a: Mandibuzz|tox
|move|p1a: Mandibuzz|Roost|p1a: Mandibuzz
|-heal|p1a: Mandibuzz|100/100 tox
|-singleturn|p1a: Mandibuzz|move: Roost
|
|-weather|none
|-damage|p1a: Mandibuzz|94/100 tox|[from] psn
|upkeep
|turn|105
|
|t:|1633226539
|move|p2a: Krookodile|Knock Off|p1a: Mandibuzz
|-resisted|p1a: Mandibuzz
|-damage|p1a: Mandibuzz|87/100 tox
|move|p1a: Mandibuzz|U-turn|p2a: Krookodile
|-supereffective|p2a: Krookodile
|-damage|p2a: Krookodile|78/100
|
|t:|1633226541
|switch|p1a: Suicune|Suicune|97/100|[from]move: U-turn
|-damage|p1a: Suicune|84/100|[from] Stealth Rock
|-ability|p1a: Suicune|Pressure
|
|-heal|p2a: Krookodile|84/100|[from] item: Leftovers
|-heal|p1a: Suicune|91/100|[from] item: Leftovers
|upkeep
|turn|106
|
|t:|1633226545
|switch|p2a: Latias|Latias, F|100/100
|-damage|p2a: Latias|88/100|[from] Stealth Rock
|move|p1a: Suicune|Scald|p2a: Latias
|-resisted|p2a: Latias
|-damage|p2a: Latias|78/100
|-status|p2a: Latias|brn
|
|-heal|p1a: Suicune|97/100|[from] item: Leftovers
|-damage|p2a: Latias|72/100 brn|[from] brn
|upkeep
|turn|107
|
|t:|1633226550
|switch|p1a: Gigalith|Gigalith, M|91/100
|-damage|p1a: Gigalith|78/100|[from] Stealth Rock
|-weather|Sandstorm|[from] ability: Sand Stream|[of] p1a: Gigalith
|move|p2a: Latias|Calm Mind|p2a: Latias
|-boost|p2a: Latias|spa|1
|-boost|p2a: Latias|spd|1
|
|-weather|Sandstorm|[upkeep]
|-damage|p2a: Latias|66/100 brn|[from] Sandstorm
|-heal|p1a: Gigalith|84/100|[from] item: Leftovers
|-damage|p2a: Latias|60/100 brn|[from] brn
|upkeep
|turn|108
|
|t:|1633226553
|move|p2a: Latias|Calm Mind|p2a: Latias
|-boost|p2a: Latias|spa|1
|-boost|p2a: Latias|spd|1
|move|p1a: Gigalith|Rock Blast|p2a: Latias
|-damage|p2a: Latias|46/100 brn
|-damage|p2a: Latias|33/100 brn
|-hitcount|p2a: Latias|2
|
|-weather|Sandstorm|[upkeep]
|-damage|p2a: Latias|27/100 brn|[from] Sandstorm
|-heal|p1a: Gigalith|91/100|[from] item: Leftovers
|-damage|p2a: Latias|21/100 brn|[from] brn
|upkeep
|turn|109
|
|t:|1633226560
|move|p2a: Latias|Roost|p2a: Latias
|-heal|p2a: Latias|71/100 brn
|-singleturn|p2a: Latias|move: Roost
|move|p1a: Gigalith|Rock Blast|p2a: Latias
|-damage|p2a: Latias|57/100 brn
|-damage|p2a: Latias|44/100 brn
|-hitcount|p2a: Latias|2
|
|-weather|Sandstorm|[upkeep]
|-damage|p2a: Latias|38/100 brn|[from] Sandstorm
|-heal|p1a: Gigalith|97/100|[from] item: Leftovers
|-damage|p2a: Latias|32/100 brn|[from] brn
|upkeep
|turn|110
|
|t:|1633226563
|move|p2a: Latias|Roost|p2a: Latias
|-heal|p2a: Latias|82/100 brn
|-singleturn|p2a: Latias|move: Roost
|move|p1a: Gigalith|Rock Blast|p2a: Latias
|-damage|p2a: Latias|69/100 brn
|-damage|p2a: Latias|55/100 brn
|-damage|p2a: Latias|42/100 brn
|-damage|p2a: Latias|26/100 brn
|-damage|p2a: Latias|13/100 brn
|-hitcount|p2a: Latias|5
|
|-weather|Sandstorm|[upkeep]
|-damage|p2a: Latias|7/100 brn|[from] Sandstorm
|-heal|p1a: Gigalith|100/100|[from] item: Leftovers
|-damage|p2a: Latias|1/100 brn|[from] brn
|upkeep
|turn|111
|
|t:|1633226568
|move|p2a: Latias|Roost|p2a: Latias
|-heal|p2a: Latias|51/100 brn
|-singleturn|p2a: Latias|move: Roost
|move|p1a: Gigalith|Rock Blast|p2a: Latias
|-damage|p2a: Latias|37/100 brn
|-damage|p2a: Latias|22/100 brn
|-damage|p2a: Latias|8/100 brn
|-hitcount|p2a: Latias|3
|
|-weather|none
|-damage|p2a: Latias|2/100 brn|[from] brn
|upkeep
|turn|112
|
|t:|1633226575
|move|p2a: Latias|Roost|p2a: Latias
|-heal|p2a: Latias|52/100 brn
|-singleturn|p2a: Latias|move: Roost
|move|p1a: Gigalith|Rock Blast|p2a: Latias
|-damage|p2a: Latias|37/100 brn
|-damage|p2a: Latias|22/100 brn
|-damage|p2a: Latias|7/100 brn
|-hitcount|p2a: Latias|3
|
|-damage|p2a: Latias|1/100 brn|[from] brn
|upkeep
|turn|113
|
|t:|1633226580
|move|p2a: Latias|Thunderbolt|p1a: Gigalith
|-damage|p1a: Gigalith|43/100
|-damage|p2a: Latias|0 fnt|[from] item: Life Orb
|faint|p2a: Latias
|move|p1a: Gigalith|Rock Blast|p2: Latias|[notarget]
|-fail|p1a: Gigalith
|
|-heal|p1a: Gigalith|49/100|[from] item: Leftovers
|upkeep
|
|t:|1633226584
|switch|p2a: Starmie|Starmie|94/100
|-damage|p2a: Starmie|82/100|[from] Stealth Rock
|turn|114
|
|t:|1633226591
|switch|p1a: Suicune|Suicune|97/100
|-damage|p1a: Suicune|84/100|[from] Stealth Rock
|-ability|p1a: Suicune|Pressure
|move|p2a: Starmie|Rapid Spin|p1a: Suicune
|-damage|p1a: Suicune|80/100
|-boost|p2a: Starmie|spe|1
|-sideend|p2: MegaTotomon|Stealth Rock|[from] move: Rapid Spin|[of] p2a: Starmie
|
|-heal|p1a: Suicune|86/100|[from] item: Leftovers
|upkeep
|turn|115
|
|t:|1633226598
|switch|p2a: Sylveon|Sylveon, F|31/100
|switch|p1a: Excadrill|Excadrill, F|100/100
|-damage|p1a: Excadrill|97/100|[from] Stealth Rock
|
|-heal|p1a: Excadrill|100/100|[from] item: Leftovers
|-heal|p2a: Sylveon|38/100|[from] item: Leftovers
|upkeep
|turn|116
|
|t:|1633226604
|switch|p2a: Krookodile|Krookodile, M|84/100
|-ability|p2a: Krookodile|Intimidate|boost
|-unboost|p1a: Excadrill|atk|1
|move|p1a: Excadrill|Rapid Spin|p2a: Krookodile
|-damage|p2a: Krookodile|70/100
|-boost|p1a: Excadrill|spe|1
|-sideend|p1: Adrift and Alone|Stealth Rock|[from] move: Rapid Spin|[of] p1a: Excadrill
|
|-heal|p2a: Krookodile|76/100|[from] item: Leftovers
|upkeep
|turn|117
|
|t:|1633226608
|switch|p1a: Mandibuzz|Mandibuzz, F|87/100 tox
|move|p2a: Krookodile|Stealth Rock|p1a: Mandibuzz
|-sidestart|p1: Adrift and Alone|move: Stealth Rock
|
|-heal|p2a: Krookodile|82/100|[from] item: Leftovers
|-damage|p1a: Mandibuzz|81/100 tox|[from] psn
|upkeep
|turn|118
|
|t:|1633226612
|switch|p2a: Roserade|Roserade, F|31/100
|move|p1a: Mandibuzz|U-turn|p2a: Roserade
|-damage|p2a: Roserade|15/100
|
|t:|1633226617
|switch|p1a: Excadrill|Excadrill, F|100/100|[from]move: U-turn
|-damage|p1a: Excadrill|97/100|[from] Stealth Rock
|
|-heal|p1a: Excadrill|100/100|[from] item: Leftovers
|-heal|p2a: Roserade|21/100|[from] item: Black Sludge
|upkeep
|turn|119
|
|t:|1633226622
|move|p1a: Excadrill|Earthquake|p2a: Roserade
|-damage|p2a: Roserade|0 fnt
|faint|p2a: Roserade
|
|upkeep
|
|t:|1633226623
|switch|p2a: Krookodile|Krookodile, M|82/100
|-ability|p2a: Krookodile|Intimidate|boost
|-unboost|p1a: Excadrill|atk|1
|turn|120
|
|t:|1633226627
|switch|p2a: Sylveon|Sylveon, F|38/100
|switch|p1a: Mandibuzz|Mandibuzz, F|81/100 tox
|-damage|p1a: Mandibuzz|56/100 tox|[from] Stealth Rock
|
|-heal|p2a: Sylveon|44/100|[from] item: Leftovers
|-damage|p1a: Mandibuzz|50/100 tox|[from] psn
|upkeep
|turn|121
|
|t:|1633226632
|switch|p2a: Krookodile|Krookodile, M|82/100
|-ability|p2a: Krookodile|Intimidate|boost
|-unboost|p1a: Mandibuzz|atk|1
|move|p1a: Mandibuzz|U-turn|p2a: Krookodile
|-supereffective|p2a: Krookodile
|-damage|p2a: Krookodile|68/100
|
|t:|1633226635
|switch|p1a: Suicune|Suicune|86/100|[from]move: U-turn
|-damage|p1a: Suicune|74/100|[from] Stealth Rock
|-ability|p1a: Suicune|Pressure
|
|-heal|p2a: Krookodile|74/100|[from] item: Leftovers
|-heal|p1a: Suicune|80/100|[from] item: Leftovers
|upkeep
|turn|122
|
|t:|1633226638
|switch|p2a: Sylveon|Sylveon, F|44/100
|move|p1a: Suicune|Scald|p2a: Sylveon
|-damage|p2a: Sylveon|25/100
|
|-heal|p1a: Suicune|86/100|[from] item: Leftovers
|-heal|p2a: Sylveon|31/100|[from] item: Leftovers
|upkeep
|turn|123
|
|t:|1633226643
|move|p1a: Suicune|Calm Mind|p1a: Suicune
|-boost|p1a: Suicune|spa|1
|-boost|p1a: Suicune|spd|1
|move|p2a: Sylveon|Wish|p2a: Sylveon
|
|-heal|p1a: Suicune|92/100|[from] item: Leftovers
|-heal|p2a: Sylveon|38/100|[from] item: Leftovers
|upkeep
|turn|124
|
|t:|1633226645
|move|p1a: Suicune|Calm Mind|p1a: Suicune
|-boost|p1a: Suicune|spa|1
|-boost|p1a: Suicune|spd|1
|move|p2a: Sylveon|Hyper Voice|p1a: Suicune
|-damage|p1a: Suicune|75/100
|
|-heal|p2a: Sylveon|88/100|[from] move: Wish|[wisher] Sylveon
|-heal|p1a: Suicune|82/100|[from] item: Leftovers
|-heal|p2a: Sylveon|94/100|[from] item: Leftovers
|upkeep
|turn|125
|
|t:|1633226648
|move|p1a: Suicune|Calm Mind|p1a: Suicune
|-boost|p1a: Suicune|spa|1
|-boost|p1a: Suicune|spd|1
|move|p2a: Sylveon|Wish|p2a: Sylveon
|
|-heal|p1a: Suicune|88/100|[from] item: Leftovers
|-heal|p2a: Sylveon|99/100|[from] item: Leftovers
|upkeep
|turn|126
|
|t:|1633226652
|move|p1a: Suicune|Calm Mind|p1a: Suicune
|-boost|p1a: Suicune|spa|1
|-boost|p1a: Suicune|spd|1
|move|p2a: Sylveon|Hyper Voice|p1a: Suicune
|-damage|p1a: Suicune|77/100
|
|-heal|p2a: Sylveon|100/100|[from] move: Wish|[wisher] Sylveon
|-heal|p1a: Suicune|84/100|[from] item: Leftovers
|upkeep
|turn|127
|
|t:|1633226657
|move|p1a: Suicune|Calm Mind|p1a: Suicune
|-boost|p1a: Suicune|spa|1
|-boost|p1a: Suicune|spd|1
|move|p2a: Sylveon|Hyper Voice|p1a: Suicune
|-damage|p1a: Suicune|75/100
|
|-heal|p1a: Suicune|81/100|[from] item: Leftovers
|upkeep
|turn|128
|
|t:|1633226665
|move|p1a: Suicune|Calm Mind|p1a: Suicune
|-boost|p1a: Suicune|spa|1
|-boost|p1a: Suicune|spd|1
|move|p2a: Sylveon|Heal Bell||[still]
|-activate|p2a: Sylveon|move: Heal Bell
|-fail|p2a: Sylveon
|
|-heal|p1a: Suicune|88/100|[from] item: Leftovers
|upkeep
|turn|129
|
|t:|1633226672
|move|p1a: Suicune|Calm Mind|p1a: Suicune
|-boost|p1a: Suicune|spa|0
|-boost|p1a: Suicune|spd|0
|move|p2a: Sylveon|Wish|p2a: Sylveon
|
|-heal|p1a: Suicune|94/100|[from] item: Leftovers
|upkeep
|turn|130
|
|t:|1633226677
|switch|p2a: Starmie|Starmie|82/100
|move|p1a: Suicune|Roar|p2a: Starmie
|drag|p2a: Krookodile|Krookodile, M|74/100
|-ability|p2a: Krookodile|Intimidate|boost
|-unboost|p1a: Suicune|atk|1
|
|-heal|p2a: Krookodile|100/100|[from] move: Wish|[wisher] Sylveon
|-heal|p1a: Suicune|99/100|[from] item: Leftovers
|upkeep
|turn|131
|
|t:|1633226683
|switch|p2a: Starmie|Starmie|82/100
|move|p1a: Suicune|Scald|p2a: Starmie
|-resisted|p2a: Starmie
|-damage|p2a: Starmie|18/100
|
|-heal|p1a: Suicune|100/100|[from] item: Leftovers
|upkeep
|turn|132
|
|t:|1633226692
|move|p2a: Starmie|Scald|p1a: Suicune
|-resisted|p1a: Suicune
|-damage|p1a: Suicune|98/100
|-status|p1a: Suicune|brn
|move|p1a: Suicune|Scald|p2a: Starmie
|-resisted|p2a: Starmie
|-damage|p2a: Starmie|0 fnt
|faint|p2a: Starmie
|
|-heal|p1a: Suicune|100/100 brn|[from] item: Leftovers
|-damage|p1a: Suicune|94/100 brn|[from] brn
|upkeep
|
|t:|1633226697
|switch|p2a: Krookodile|Krookodile, M|100/100
|-ability|p2a: Krookodile|Intimidate|boost
|-unboost|p1a: Suicune|atk|1
|turn|133
|
|t:|1633226701
|switch|p2a: Sylveon|Sylveon, F|100/100
|move|p1a: Suicune|Roar|p2a: Sylveon
|drag|p2a: Krookodile|Krookodile, M|100/100
|-ability|p2a: Krookodile|Intimidate|boost
|-unboost|p1a: Suicune|atk|1
|
|-heal|p1a: Suicune|100/100 brn|[from] item: Leftovers
|-damage|p1a: Suicune|94/100 brn|[from] brn
|upkeep
|turn|134
|
|t:|1633226705
|switch|p2a: Sylveon|Sylveon, F|100/100
|move|p1a: Suicune|Rest|p1a: Suicune
|-status|p1a: Suicune|slp|[from] move: Rest
|-heal|p1a: Suicune|100/100 slp|[silent]
|
|upkeep
|turn|135
|
|t:|1633226709
|switch|p2a: Krookodile|Krookodile, M|100/100
|-ability|p2a: Krookodile|Intimidate|boost
|-unboost|p1a: Suicune|atk|1
|cant|p1a: Suicune|slp
|
|upkeep
|turn|136
|
|t:|1633226712
|switch|p2a: Sylveon|Sylveon, F|100/100
|cant|p1a: Suicune|slp
|
|upkeep
|turn|137
|
|t:|1633226715
|switch|p2a: Krookodile|Krookodile, M|100/100
|-ability|p2a: Krookodile|Intimidate|boost
|-unboost|p1a: Suicune|atk|1
|-curestatus|p1a: Suicune|slp|[msg]
|move|p1a: Suicune|Rest|p1a: Suicune
|-fail|p1a: Suicune|heal
|
|upkeep
|turn|138
|
|t:|1633226719
|move|p2a: Krookodile|Knock Off|p1a: Suicune
|-damage|p1a: Suicune|81/100
|-enditem|p1a: Suicune|Leftovers|[from] move: Knock Off|[of] p2a: Krookodile
|move|p1a: Suicune|Calm Mind|p1a: Suicune
|-boost|p1a: Suicune|spa|0
|-boost|p1a: Suicune|spd|0
|
|upkeep
|turn|139
|
|t:|1633226725
|switch|p2a: Sylveon|Sylveon, F|100/100
|move|p1a: Suicune|Rest|p1a: Suicune
|-status|p1a: Suicune|slp|[from] move: Rest
|-heal|p1a: Suicune|100/100 slp|[silent]
|
|upkeep
|turn|140
|
|t:|1633226729
|switch|p1a: Sylveon|Sylveon, F|77/100
|-damage|p1a: Sylveon|65/100|[from] Stealth Rock
|switch|p2a: Krookodile|Krookodile, M|100/100
|-ability|p2a: Krookodile|Intimidate|boost
|-unboost|p1a: Sylveon|atk|1
|
|-heal|p1a: Sylveon|71/100|[from] item: Leftovers
|upkeep
|turn|141
|
|t:|1633226735
|move|p2a: Krookodile|Earthquake|p1a: Sylveon
|-damage|p1a: Sylveon|40/100
|move|p1a: Sylveon|Hyper Voice|p2a: Krookodile
|-supereffective|p2a: Krookodile
|-damage|p2a: Krookodile|6/100
|
|-heal|p2a: Krookodile|12/100|[from] item: Leftovers
|-heal|p1a: Sylveon|46/100|[from] item: Leftovers
|upkeep
|turn|142
|c|☆MegaTotomon|gg
|-message|MegaTotomon forfeited.
|
|win|Adrift and Alone
|raw|Adrift and Alone's rating: 1499 &rarr; <strong>1527</strong><br />(+28 for winning)
|raw|MegaTotomon's rating: 1641 &rarr; <strong>1613</strong><br />(-28 for losing)
|l|☆MegaTotomon
|c|☆Adrift and Alone|Gg
|l| ZekromIsHeat
|l| El Bunnyrr
|l| t-yeu
|l|☆Adrift and Alone
|j| El Bunnyrr
