|j|☆Eazigzagoon
|j|☆Lucasm123
|t:|1657642361
|gametype|singles
|player|p1|Eazigzagoon|tuberf|1443
|player|p2|Lucasm123|101|1591
|teamsize|p1|6
|teamsize|p2|6
|gen|8
|tier|[Gen 8] UU
|rated|
|rule|Sleep Clause Mod: Limit one foe put to sleep
|rule|Species Clause: Limit one of each Pokémon
|rule|OHKO Clause: OHKO moves are banned
|rule|Evasion Moves Clause: Evasion moves are banned
|rule|Endless Battle Clause: Forcing endless battles is banned
|rule|HP Percentage Mod: HP is shown in percentages
|rule|Dynamax Clause: You cannot dynamax
|clearpoke
|poke|p1|Primarina, F|
|poke|p1|Hydreigon, M|
|poke|p1|Skarmory, M|
|poke|p1|Hippowdon, F|
|poke|p1|Slowbro-Galar, M|
|poke|p1|Azelf|
|poke|p2|Mamoswine, F|
|poke|p2|Primarina, F|
|poke|p2|Rotom-Heat|
|poke|p2|Tangrowth, M|
|poke|p2|Hydreigon, F|
|poke|p2|Cobalion|
|teampreview
|
|t:|1657642382
|start
|switch|p1a: Azelf|Azelf|100/100
|switch|p2a: Primarina|Primarina, F|100/100
|turn|1
|
|t:|1657642386
|move|p1a: Azelf|U-turn|p2a: Primarina
|-resisted|p2a: Primarina
|-damage|p2a: Primarina|91/100
|
|t:|1657642390
|switch|p1a: Primarina|Primarina, F|100/100|[from]move: U-turn
|move|p2a: Primarina|Scald|p1a: Primarina
|-resisted|p1a: Primarina
|-damage|p1a: Primarina|79/100
|
|-heal|p1a: Primarina|85/100|[from] item: Leftovers
|upkeep
|turn|2
|
|t:|1657642401
|switch|p2a: Tangrowth|Tangrowth, M|100/100
|move|p1a: Primarina|Moonblast|p2a: Tangrowth
|-damage|p2a: Tangrowth|74/100
|
|-heal|p1a: Primarina|91/100|[from] item: Leftovers
|upkeep
|turn|3
|
|t:|1657642405
|switch|p1a: Skarmory|Skarmory, M|100/100
|move|p2a: Tangrowth|Knock Off|p1a: Skarmory
|-damage|p1a: Skarmory|87/100
|-damage|p2a: Tangrowth|57/100|[from] item: Rocky Helmet|[of] p1a: Skarmory
|-enditem|p1a: Skarmory|Rocky Helmet|[from] move: Knock Off|[of] p2a: Tangrowth
|
|upkeep
|turn|4
|
|t:|1657642409
|switch|p2a: Rotom|Rotom-Heat|100/100
|move|p1a: Skarmory|Spikes|p2a: Rotom
|-sidestart|p2: Lucasm123|Spikes
|
|upkeep
|turn|5
|
|t:|1657642433
|switch|p2a: Primarina|Primarina, F|91/100
|-damage|p2a: Primarina|78/100|[from] Spikes
|switch|p1a: Hippowdon|Hippowdon, F|100/100
|-weather|Sandstorm|[from] ability: Sand Stream|[of] p1a: Hippowdon
|
|-weather|Sandstorm|[upkeep]
|-damage|p2a: Primarina|72/100|[from] Sandstorm
|upkeep
|turn|6
|
|t:|1657642437
|switch|p1a: Slowbro|Slowbro-Galar, M|100/100
|move|p2a: Primarina|Moonblast|p1a: Slowbro
|-resisted|p1a: Slowbro
|-damage|p1a: Slowbro|79/100
|
|-weather|Sandstorm|[upkeep]
|-damage|p2a: Primarina|66/100|[from] Sandstorm
|-damage|p1a: Slowbro|73/100|[from] Sandstorm
|upkeep
|turn|7
|
|t:|1657642445
|switch|p2a: Mamoswine|Mamoswine, F|100/100
|-damage|p2a: Mamoswine|88/100|[from] Spikes
|move|p1a: Slowbro|Flamethrower|p2a: Mamoswine
|-supereffective|p2a: Mamoswine
|-damage|p2a: Mamoswine|23/100
|
|-weather|Sandstorm|[upkeep]
|-damage|p1a: Slowbro|67/100|[from] Sandstorm
|upkeep
|turn|8
|
|t:|1657642454
|switch|p1a: Skarmory|Skarmory, M|87/100
|move|p2a: Mamoswine|Icicle Crash|p1a: Skarmory
|-damage|p1a: Skarmory|48/100
|-damage|p2a: Mamoswine|13/100|[from] item: Life Orb
|
|-weather|Sandstorm|[upkeep]
|upkeep
|turn|9
|
|t:|1657642459
|move|p2a: Mamoswine|Icicle Crash|p1a: Skarmory
|-damage|p1a: Skarmory|10/100
|-damage|p2a: Mamoswine|3/100|[from] item: Life Orb
|move|p1a: Skarmory|Roost|p1a: Skarmory
|-heal|p1a: Skarmory|60/100
|-singleturn|p1a: Skarmory|move: Roost
|
|-weather|none
|upkeep
|turn|10
|
|t:|1657642465
|move|p2a: Mamoswine|Icicle Crash|p1a: Skarmory
|-damage|p1a: Skarmory|20/100
|-damage|p2a: Mamoswine|0 fnt|[from] item: Life Orb
|faint|p2a: Mamoswine
|move|p1a: Skarmory|Roost|p1a: Skarmory
|-heal|p1a: Skarmory|70/100
|-singleturn|p1a: Skarmory|move: Roost
|
|upkeep
|
|t:|1657642473
|switch|p2a: Rotom|Rotom-Heat|100/100
|turn|11
|j| HelmsDeepnest
|
|t:|1657642495
|switch|p1a: Slowbro|Slowbro-Galar, M|99/100
|move|p2a: Rotom|Defog|p1a: Slowbro
|-unboost|p1a: Slowbro|evasion|1
|-sideend|p2: Lucasm123|Spikes|[from] move: Defog|[of] p2a: Rotom
|
|upkeep
|turn|12
|
|t:|1657642516
|move|p2a: Rotom|Volt Switch|p1a: Slowbro
|-damage|p1a: Slowbro|86/100
|
|t:|1657642521
|switch|p2a: Hydreigon|Hydreigon, F|100/100|[from]move: Volt Switch
|move|p1a: Slowbro|Shell Side Arm|p2a: Hydreigon|[anim] Shell Side Arm Special
|-damage|p2a: Hydreigon|58/100
|-hint|Special Shell Side Arm
|
|upkeep
|turn|13
|
|t:|1657642526
|switch|p1a: Primarina|Primarina, F|91/100
|move|p2a: Hydreigon|U-turn|p1a: Primarina
|-resisted|p1a: Primarina
|-damage|p1a: Primarina|82/100
|
|t:|1657642531
|switch|p2a: Cobalion|Cobalion|100/100|[from]move: U-turn
|
|-heal|p1a: Primarina|88/100|[from] item: Leftovers
|upkeep
|turn|14
|inactive|Battle timer is ON: inactive players will automatically lose when time's up. (requested by Lucasm123)
|
|t:|1657642578
|switch|p1a: Azelf|Azelf|100/100
|move|p2a: Cobalion|Stealth Rock|p1a: Azelf
|-sidestart|p1: Eazigzagoon|move: Stealth Rock
|
|upkeep
|turn|15
|l| HelmsDeepnest
|
|t:|1657642589
|switch|p2a: Hydreigon|Hydreigon, F|58/100
|move|p1a: Azelf|Flamethrower|p2a: Hydreigon
|-resisted|p2a: Hydreigon
|-damage|p2a: Hydreigon|41/100
|
|upkeep
|turn|16
|
|t:|1657642594
|switch|p1a: Primarina|Primarina, F|88/100
|-damage|p1a: Primarina|75/100|[from] Stealth Rock
|move|p2a: Hydreigon|U-turn|p1a: Primarina
|-resisted|p1a: Primarina
|-damage|p1a: Primarina|66/100
|
|t:|1657642601
|switch|p2a: Cobalion|Cobalion|100/100|[from]move: U-turn
|
|-heal|p1a: Primarina|72/100|[from] item: Leftovers
|upkeep
|turn|17
|
|t:|1657642609
|switch|p2a: Primarina|Primarina, F|66/100
|move|p1a: Primarina|Rest|p1a: Primarina
|-status|p1a: Primarina|slp|[from] move: Rest
|-heal|p1a: Primarina|100/100 slp|[silent]
|
|upkeep
|turn|18
|
|t:|1657642615
|switch|p1a: Slowbro|Slowbro-Galar, M|100/100
|-damage|p1a: Slowbro|88/100|[from] Stealth Rock
|move|p2a: Primarina|Scald|p1a: Slowbro
|-damage|p1a: Slowbro|50/100
|
|upkeep
|turn|19
|
|t:|1657642632
|move|p2a: Primarina|Scald|p1a: Slowbro
|-damage|p1a: Slowbro|9/100
|move|p1a: Slowbro|Shell Side Arm|p2a: Primarina|[anim] Shell Side Arm Physical
|-supereffective|p2a: Primarina
|-damage|p2a: Primarina|0 fnt
|-hint|Physical Shell Side Arm
|faint|p2a: Primarina
|
|upkeep
|
|t:|1657642638
|switch|p2a: Cobalion|Cobalion|100/100
|turn|20
|
|t:|1657642649
|switch|p1a: Hippowdon|Hippowdon, F|100/100
|-damage|p1a: Hippowdon|94/100|[from] Stealth Rock
|-weather|Sandstorm|[from] ability: Sand Stream|[of] p1a: Hippowdon
|move|p2a: Cobalion|Close Combat|p1a: Hippowdon
|-damage|p1a: Hippowdon|62/100
|-unboost|p2a: Cobalion|def|1
|-unboost|p2a: Cobalion|spd|1
|
|-weather|Sandstorm|[upkeep]
|-heal|p1a: Hippowdon|68/100|[from] item: Leftovers
|upkeep
|turn|21
|
|t:|1657642658
|switch|p2a: Tangrowth|Tangrowth, M|90/100
|move|p1a: Hippowdon|Stealth Rock|p2a: Tangrowth
|-sidestart|p2: Lucasm123|move: Stealth Rock
|
|-weather|Sandstorm|[upkeep]
|-damage|p2a: Tangrowth|84/100|[from] Sandstorm
|-heal|p1a: Hippowdon|75/100|[from] item: Leftovers
|upkeep
|turn|22
|
|t:|1657642675
|switch|p1a: Skarmory|Skarmory, M|70/100
|-damage|p1a: Skarmory|58/100|[from] Stealth Rock
|move|p2a: Tangrowth|Knock Off|p1a: Skarmory
|-damage|p1a: Skarmory|48/100
|
|-weather|Sandstorm|[upkeep]
|-damage|p2a: Tangrowth|78/100|[from] Sandstorm
|upkeep
|turn|23
|
|t:|1657642683
|switch|p2a: Rotom|Rotom-Heat|100/100
|move|p1a: Skarmory|Roost|p1a: Skarmory
|-heal|p1a: Skarmory|98/100
|-singleturn|p1a: Skarmory|move: Roost
|
|-weather|Sandstorm|[upkeep]
|-damage|p2a: Rotom|94/100|[from] Sandstorm
|upkeep
|turn|24
|
|t:|1657642711
|switch|p1a: Hydreigon|Hydreigon, M|100/100
|-damage|p1a: Hydreigon|88/100|[from] Stealth Rock
|move|p2a: Rotom|Overheat|p1a: Hydreigon
|-resisted|p1a: Hydreigon
|-damage|p1a: Hydreigon|60/100
|-unboost|p2a: Rotom|spa|2
|
|-weather|none
|upkeep
|turn|25
|
|t:|1657642715
|move|p1a: Hydreigon|U-turn|p2a: Rotom
|-resisted|p2a: Rotom
|-damage|p2a: Rotom|86/100
|
|t:|1657642718
|switch|p1a: Hippowdon|Hippowdon, F|75/100|[from]move: U-turn
|-damage|p1a: Hippowdon|68/100|[from] Stealth Rock
|-weather|Sandstorm|[from] ability: Sand Stream|[of] p1a: Hippowdon
|move|p2a: Rotom|Volt Switch|p1a: Hippowdon
|-immune|p1a: Hippowdon
|
|-weather|Sandstorm|[upkeep]
|-damage|p2a: Rotom|80/100|[from] Sandstorm
|-heal|p1a: Hippowdon|75/100|[from] item: Leftovers
|upkeep
|turn|26
|
|t:|1657642724
|switch|p2a: Cobalion|Cobalion|100/100
|-damage|p2a: Cobalion|97/100|[from] Stealth Rock
|move|p1a: Hippowdon|Toxic|p2a: Cobalion
|-immune|p2a: Cobalion
|
|-weather|Sandstorm|[upkeep]
|-heal|p1a: Hippowdon|81/100|[from] item: Leftovers
|upkeep
|turn|27
|j| HelmsDeepnest
|
|t:|1657642730
|switch|p2a: Hydreigon|Hydreigon, F|41/100
|-damage|p2a: Hydreigon|29/100|[from] Stealth Rock
|move|p1a: Hippowdon|Toxic|p2a: Hydreigon
|-status|p2a: Hydreigon|tox
|
|-weather|Sandstorm|[upkeep]
|-damage|p2a: Hydreigon|22/100 tox|[from] Sandstorm
|-heal|p1a: Hippowdon|87/100|[from] item: Leftovers
|-damage|p2a: Hydreigon|16/100 tox|[from] psn
|upkeep
|turn|28
|-message|Lucasm123 forfeited.
|
|win|Eazigzagoon
|raw|Eazigzagoon's rating: 1443 &rarr; <strong>1471</strong><br />(+28 for winning)
|raw|Lucasm123's rating: 1591 &rarr; <strong>1563</strong><br />(-28 for losing)
|l|☆Lucasm123
||Ladder isn't responding, score probably updated but might not have (Request timeout).
