|j|☆pif
|j|☆gen8ishard
|t:|1644024727
|gametype|singles
|player|p1|pif|#uutrio2ladder|1714
|player|p2|gen8ishard|youngster-gen4dp|1787
|teamsize|p1|6
|teamsize|p2|6
|gen|8
|tier|[Gen 8] UU
|rated|
|rule|Sleep Clause Mod: Limit one foe put to sleep
|rule|Species Clause: Limit one of each Pokémon
|rule|OHKO Clause: OHKO moves are banned
|rule|Evasion Moves Clause: Evasion moves are banned
|rule|Endless Battle Clause: Forcing endless battles is banned
|rule|HP Percentage Mod: HP is shown in percentages
|rule|Dynamax Clause: You cannot dynamax
|clearpoke
|poke|p1|Chansey, F|
|poke|p1|Mamoswine, M|
|poke|p1|Skarmory, F|
|poke|p1|Amoonguss, M|
|poke|p1|Keldeo-Resolute|
|poke|p1|Krookodile, F|
|poke|p2|Politoed, M|
|poke|p2|Kingdra, M|
|poke|p2|Azumarill, M|
|poke|p2|Amoonguss, M|
|poke|p2|Excadrill, M|
|poke|p2|Thundurus-Therian, M|
|teampreview
|j| Ithi
|j| Permission Slip
|j| Arxtric
|j| suloxiv ♫
|j| Aqua's Fun Alt
|
|t:|1644024778
|start
|switch|p1a: shroom of doom|Amoonguss, M|100/100
|switch|p2a: Politoed|Politoed, M|100/100
|-weather|RainDance|[from] ability: Drizzle|[of] p2a: Politoed
|turn|1
|c|☆gen8ishard|where is ramo
|c|☆gen8ishard|smh
|c|☆pif|im here
|c|☆pif|dummie
|j| glittering garbage
|j| KM
|c|☆gen8ishard|o.o
|c|☆pif|ah but thats
|j| hariyana grande
|c|☆pif|gxe
|c|☆pif|isnt it
|j| turtledoggo1
|c|☆pif|yes it is
|c| hariyana grande|or will he rain on his parade
|
|t:|1644024811
|switch|p2a: Amoonguss|Amoonguss, M|100/100
|move|p1a: shroom of doom|Sludge Bomb|p2a: Amoonguss
|-damage|p2a: Amoonguss|74/100
|-enditem|p2a: Amoonguss|Eject Button
|
|t:|1644024815
|switch|p2a: Excadrill|Excadrill, M|100/100
|-ability|p2a: Excadrill|Mold Breaker
|
|-weather|RainDance|[upkeep]
|upkeep
|turn|2
|
|t:|1644024824
|switch|p2a: Politoed|Politoed, M|100/100
|move|p1a: shroom of doom|Foul Play|p2a: Politoed
|-damage|p2a: Politoed|90/100
|
|-weather|RainDance|[upkeep]
|upkeep
|turn|3
|c| suloxiv ♫|pif is being weird
|c|☆pif|no
|c|☆pif|im not
|c|☆pif|ramo is on my account
|c|☆pif|lol gxe why do you have 70% gxe in ru
|c|☆pif|i am not talking to myself
|c|☆pif|fucking no namer
|c| suloxiv ♫|lmao?
|c|☆pif|ramo be nice
|c|☆pif|i have a reputation
|c|☆pif|please
|c|☆gen8ishard|i dont play ru.
|c|☆pif|his name is literally
|c| suloxiv ♫|bro what the heck
|
|t:|1644024849
|switch|p2a: Amoonguss|Amoonguss, M|100/100
|move|p1a: shroom of doom|Sludge Bomb|p2a: Amoonguss
|-damage|p2a: Amoonguss|72/100
|
|-weather|RainDance|[upkeep]
|upkeep
|turn|4
|c|☆pif|70to90gxe
|
|t:|1644024853
|switch|p2a: Excadrill|Excadrill, M|100/100
|-ability|p2a: Excadrill|Mold Breaker
|move|p1a: shroom of doom|Sludge Bomb|p2a: Excadrill
|-immune|p2a: Excadrill
|
|-weather|RainDance|[upkeep]
|upkeep
|turn|5
|
|t:|1644024865
|move|p2a: Excadrill|Stealth Rock|p1a: shroom of doom
|-sidestart|p1: pif|move: Stealth Rock
|move|p1a: shroom of doom|Foul Play|p2a: Excadrill
|-damage|p2a: Excadrill|64/100
|
|-weather|RainDance|[upkeep]
|-heal|p2a: Excadrill|70/100|[from] item: Leftovers
|upkeep
|turn|6
|c|☆gen8ishard|im using my rain turns like a g rn
|
|t:|1644024870
|move|p2a: Excadrill|Earthquake|p1a: shroom of doom
|-damage|p1a: shroom of doom|68/100
|-enditem|p1a: shroom of doom|Eject Button
|c| Ithi|choice specs dril go
|
|t:|1644024879
|switch|p1a: mitey bitey|Krookodile, F|100/100
|-damage|p1a: mitey bitey|94/100|[from] Stealth Rock
|-ability|p1a: mitey bitey|Intimidate|boost
|-unboost|p2a: Excadrill|atk|1
|
|-weather|RainDance|[upkeep]
|-heal|p1a: mitey bitey|100/100|[from] item: Leftovers
|-heal|p2a: Excadrill|76/100|[from] item: Leftovers
|upkeep
|turn|7
|c|☆pif|why win when you can lose
|
|t:|1644024886
|switch|p2a: Kingdra|Kingdra, M|100/100
|move|p1a: mitey bitey|Stealth Rock|p2a: Kingdra
|-sidestart|p2: gen8ishard|move: Stealth Rock
|
|-weather|RainDance|[upkeep]
|upkeep
|turn|8
|
|t:|1644024900
|switch|p1a: give her a chanse|Chansey, F|100/100
|-damage|p1a: give her a chanse|88/100|[from] Stealth Rock
|move|p2a: Kingdra|Flip Turn|p1a: give her a chanse
|-damage|p1a: give her a chanse|69/100
|j| Geknoss
|j| faded love ☭
|
|t:|1644024904
|switch|p2a: Excadrill|Excadrill, M|76/100|[from]move: Flip Turn
|-damage|p2a: Excadrill|73/100|[from] Stealth Rock
|-ability|p2a: Excadrill|Mold Breaker
|
|-weather|none
|-heal|p2a: Excadrill|80/100|[from] item: Leftovers
|upkeep
|turn|9
|
|t:|1644024911
|switch|p1a: sturdy birdy|Skarmory, F|100/100
|-damage|p1a: sturdy birdy|88/100|[from] Stealth Rock
|move|p2a: Excadrill|Rapid Spin|p1a: sturdy birdy
|-resisted|p1a: sturdy birdy
|-damage|p1a: sturdy birdy|84/100
|-boost|p2a: Excadrill|spe|1
|-damage|p2a: Excadrill|63/100|[from] item: Rocky Helmet|[of] p1a: sturdy birdy
|-sideend|p2: gen8ishard|Stealth Rock|[from] move: Rapid Spin|[of] p2a: Excadrill
|
|-heal|p2a: Excadrill|69/100|[from] item: Leftovers
|upkeep
|turn|10
|
|t:|1644024916
|switch|p2a: Politoed|Politoed, M|90/100
|-weather|RainDance|[from] ability: Drizzle|[of] p2a: Politoed
|move|p1a: sturdy birdy|Defog|p2a: Politoed
|-unboost|p2a: Politoed|evasion|1
|-sideend|p1: pif|Stealth Rock|[from] move: Defog|[of] p1a: sturdy birdy
|
|-weather|RainDance|[upkeep]
|upkeep
|turn|11
|
|t:|1644024918
|switch|p1a: shroom of doom|Amoonguss, M|100/100
|switch|p2a: Kingdra|Kingdra, M|100/100
|
|-weather|RainDance|[upkeep]
|upkeep
|turn|12
|
|t:|1644024926
|switch|p2a: Amoonguss|Amoonguss, M|100/100
|switch|p1a: give her a chanse|Chansey, F|69/100
|
|-weather|RainDance|[upkeep]
|upkeep
|turn|13
|
|t:|1644024932
|switch|p2a: Azumarill|Azumarill, M|100/100
|move|p1a: give her a chanse|Soft-Boiled|p1a: give her a chanse
|-heal|p1a: give her a chanse|100/100
|
|-weather|RainDance|[upkeep]
|upkeep
|turn|14
|
|t:|1644024936
|switch|p1a: shroom of doom|Amoonguss, M|100/100
|move|p2a: Azumarill|Liquidation|p1a: shroom of doom
|-resisted|p1a: shroom of doom
|-damage|p1a: shroom of doom|57/100
|-unboost|p1a: shroom of doom|def|1
|
|-weather|RainDance|[upkeep]
|upkeep
|turn|15
|c|☆gen8ishard|never fails
|
|t:|1644024946
|switch|p1a: sturdy birdy|Skarmory, F|84/100
|move|p2a: Azumarill|Liquidation|p1a: sturdy birdy
|-damage|p1a: sturdy birdy|11/100
|-damage|p2a: Azumarill|84/100|[from] item: Rocky Helmet|[of] p1a: sturdy birdy
|
|-weather|RainDance|[upkeep]
|upkeep
|turn|16
|c| faded love ☭|pick momento
|
|t:|1644024956
|switch|p1a: shroom of doom|Amoonguss, M|90/100
|move|p2a: Azumarill|Liquidation|p1a: shroom of doom
|-resisted|p1a: shroom of doom
|-damage|p1a: shroom of doom|46/100
|
|-weather|RainDance|[upkeep]
|upkeep
|turn|17
|c| suloxiv ♫|13 people
|c| suloxiv ♫|interesting
|
|t:|1644024968
|move|p2a: Azumarill|Liquidation|p1a: shroom of doom
|-resisted|p1a: shroom of doom
|-damage|p1a: shroom of doom|4/100
|move|p1a: shroom of doom|Spore|p2a: Azumarill
|-status|p2a: Azumarill|slp|[from] move: Spore
|
|-weather|none
|upkeep
|turn|18
|j| Roger no Rabbit
|c|☆pif|now sleep talk
|c| suloxiv ♫|sadge
|c|☆gen8ishard|so true
|c| suloxiv ♫|who runs sleep talk azu r u insane
|c|☆gen8ishard|lol
|c| suloxiv ♫|pif is going crazy
|c|☆pif|dude
|c|☆pif|you are
|c|☆pif|so mean to me
|c|☆pif|now
|c| suloxiv ♫|im kidding we're besties
|c| faded love ☭|pif is cool
|c|☆pif|you are like the asshole pichu in your smogon profile
|c|☆pif|slapping your butt
|c|☆pif|rude af
|c|☆pif|pif if he annoys u i can do the ramo special
|c| suloxiv ♫|damn im sorry :skull:
|c| suloxiv ♫|ramo literally stfu
|c|☆pif|whats the ramo special
|c|☆pif|i'll do it
|c|☆pif|spore again
|c|☆pif|no
|c|☆pif|please
|c|☆pif|dont
|c| suloxiv ♫|why did u give ramo ur account
|
|t:|1644025037
|switch|p2a: Politoed|Politoed, M|90/100
|-weather|RainDance|[from] ability: Drizzle|[of] p2a: Politoed
|move|p1a: shroom of doom|Synthesis|p1a: shroom of doom
|-heal|p1a: shroom of doom|30/100
|
|-weather|RainDance|[upkeep]
|upkeep
|turn|19
|c| suloxiv ♫|this is too funny lmao
|raw|<div class="broadcast-red"><strong>Moderated chat was set to +!</strong><br />Only users of rank + and higher can talk.</div>
|n|+KM|km
|n|+KM|km
|c|☆pif|/log KM was promoted to Room Voice by pif.
|n|+KM|km
|n|+faded love ☭|fadedlove
|n|+faded love ☭|fadedlove
|c|☆pif|/log faded love ☭ was promoted to Room Voice by pif.
|n|+faded love ☭|fadedlove
|c|+KM|not the weak ass synth
|c|☆pif|/log aqua8jet was promoted to Room Voice by pif.
|c|☆pif|but sulo can be quiet
|c|+faded love ☭|hey besties
|c|☆gen8ishard|...
|n|+Arxtric|arxtric
|n|+Arxtric|arxtric
|c|☆pif|/log Arxtric was promoted to Room Voice by pif.
|n|+Arxtric|arxtric
|
|t:|1644025060
|switch|p2a: Excadrill|Excadrill, M|69/100
|-ability|p2a: Excadrill|Mold Breaker
|switch|p1a: give her a chanse|Chansey, F|100/100
|
|-weather|RainDance|[upkeep]
|-heal|p2a: Excadrill|75/100|[from] item: Leftovers
|upkeep
|turn|20
|n|+Aqua8Jet|aquasfunalt
|n|+hariyana grande|hariyanagrande
|n|+hariyana grande|hariyanagrande
|c|☆pif|/log hariyana grande was promoted to Room Voice by pif.
|n|+hariyana grande|hariyanagrande
|
|t:|1644025067
|switch|p1a: sturdy birdy|Skarmory, F|11/100
|move|p2a: Excadrill|Swords Dance|p2a: Excadrill
|-boost|p2a: Excadrill|atk|2
|
|-weather|RainDance|[upkeep]
|-heal|p2a: Excadrill|81/100|[from] item: Leftovers
|upkeep
|turn|21
|n|+Ithi|ithi
|n|+Ithi|ithi
|c|☆pif|/log Ithi was promoted to Room Voice by pif.
|n|+Ithi|ithi
|
|t:|1644025073
|move|p2a: Excadrill|Rapid Spin|p1a: sturdy birdy
|-resisted|p1a: sturdy birdy
|-damage|p1a: sturdy birdy|2/100
|-boost|p2a: Excadrill|spe|1
|-damage|p2a: Excadrill|65/100|[from] item: Rocky Helmet|[of] p1a: sturdy birdy
|move|p1a: sturdy birdy|Body Press|p2a: Excadrill
|-supereffective|p2a: Excadrill
|-damage|p2a: Excadrill|0 fnt
|faint|p2a: Excadrill
|
|-weather|RainDance|[upkeep]
|upkeep
|c|☆gen8ishard|NO
|c|☆pif|thats a meme
|c|☆pif|for sure
|c|☆gen8ishard|MY WINCON
|c|☆gen8ishard|LOL
|n|+turtledoggo1|turtledoggo1
|n|+turtledoggo1|turtledoggo1
|c|☆pif|/log turtledoggo1 was promoted to Room Voice by pif.
|n|+turtledoggo1|turtledoggo1
|c|☆gen8ishard|gg.
|c|+KM|sturdy burdy
|c|☆pif|gg
|-message|gen8ishard forfeited.
|
|win|pif
|raw|pif's rating: 1714 &rarr; <strong>1738</strong><br />(+24 for winning)
|raw|gen8ishard's rating: 1787 &rarr; <strong>1763</strong><br />(-24 for losing)
|c|+Ithi|B)
|l|+KM
|l|+faded love ☭
|c|☆gen8ishard|i was like
|c|☆gen8ishard|spin
|c|☆gen8ishard|fo sho does 12
|l|+Arxtric
|l|+turtledoggo1
|j|+Arxtric
