|j|☆Liz Angeles
|j|☆Ichindar2
|t:|1666711278
|gametype|singles
|player|p1|Liz Angeles|marley|1519
|player|p2|Ichindar2|clerk|1447
|teamsize|p1|6
|teamsize|p2|6
|gen|8
|tier|[Gen 8] UU
|rated|
|rule|Sleep Clause Mod: Limit one foe put to sleep
|rule|Species Clause: Limit one of each Pokémon
|rule|OHKO Clause: OHKO moves are banned
|rule|Evasion Items Clause: Evasion items are banned
|rule|Evasion Moves Clause: Evasion moves are banned
|rule|Endless Battle Clause: Forcing endless battles is banned
|rule|HP Percentage Mod: HP is shown in percentages
|rule|Dynamax Clause: You cannot dynamax
|clearpoke
|poke|p1|Excadrill, M|
|poke|p1|Polteageist|
|poke|p1|Azumarill, M|
|poke|p1|Celesteela|
|poke|p1|Salamence, M|
|poke|p1|Thundurus-Therian, M|
|poke|p2|Chansey, F|
|poke|p2|Tapu Bulu|
|poke|p2|Krookodile, F|
|poke|p2|Regieleki|
|poke|p2|Suicune|
|poke|p2|Sirfetch’d, M|
|teampreview
|c|☆Ichindar2|again
|inactive|Battle timer is ON: inactive players will automatically lose when time's up. (requested by Liz Angeles)
|
|t:|1666711291
|start
|switch|p1a: Excadrill|Excadrill, M|100/100
|switch|p2a: Krookodile|Krookodile, F|100/100
|-ability|p1a: Excadrill|Mold Breaker
|-ability|p2a: Krookodile|Intimidate|boost
|-unboost|p1a: Excadrill|atk|1
|turn|1
|
|t:|1666711299
|move|p1a: Excadrill|Stealth Rock|p2a: Krookodile
|-sidestart|p2: Ichindar2|move: Stealth Rock
|move|p2a: Krookodile|Knock Off|p1a: Excadrill
|-damage|p1a: Excadrill|21/100
|-enditem|p1a: Excadrill|Focus Sash|[from] move: Knock Off|[of] p2a: Krookodile
|
|upkeep
|turn|2
|
|t:|1666711305
|move|p1a: Excadrill|Earthquake|p2a: Krookodile
|-damage|p2a: Krookodile|59/100
|move|p2a: Krookodile|Knock Off|p1a: Excadrill
|-damage|p1a: Excadrill|0 fnt
|faint|p1a: Excadrill
|
|-heal|p2a: Krookodile|65/100|[from] item: Leftovers
|upkeep
|
|t:|1666711309
|switch|p1a: Azumarill|Azumarill, M|100/100
|turn|3
|
|t:|1666711314
|move|p2a: Krookodile|Stealth Rock|p1a: Azumarill
|-sidestart|p1: Liz Angeles|move: Stealth Rock
|move|p1a: Azumarill|Belly Drum|p1a: Azumarill
|-damage|p1a: Azumarill|51/100
|-setboost|p1a: Azumarill|atk|6|[from] move: Belly Drum
|
|-heal|p2a: Krookodile|72/100|[from] item: Leftovers
|upkeep
|turn|4
|
|t:|1666711324
|move|p1a: Azumarill|Aqua Jet|p2a: Krookodile
|-supereffective|p2a: Krookodile
|-damage|p2a: Krookodile|0 fnt
|faint|p2a: Krookodile
|
|upkeep
|
|t:|1666711330
|switch|p2a: Tapu Bulu|Tapu Bulu|100/100
|-damage|p2a: Tapu Bulu|88/100|[from] Stealth Rock
|-fieldstart|move: Grassy Terrain|[from] ability: Grassy Surge|[of] p2a: Tapu Bulu
|turn|5
|
|t:|1666711335
|move|p2a: Tapu Bulu|Horn Leech|p1a: Azumarill
|-supereffective|p1a: Azumarill
|-damage|p1a: Azumarill|0 fnt
|-heal|p2a: Tapu Bulu|100/100|[from] drain|[of] p1a: Azumarill
|faint|p1a: Azumarill
|
|upkeep
|
|t:|1666711341
|switch|p1a: Celesteela|Celesteela|100/100
|-damage|p1a: Celesteela|88/100|[from] Stealth Rock
|turn|6
|
|t:|1666711350
|switch|p2a: Chansey|Chansey, F|100/100
|-damage|p2a: Chansey|88/100|[from] Stealth Rock
|move|p1a: Celesteela|Meteor Beam||[still]
|-prepare|p1a: Celesteela|Meteor Beam
|-boost|p1a: Celesteela|spa|1
|-enditem|p1a: Celesteela|Power Herb
|-anim|p1a: Celesteela|Meteor Beam|p2a: Chansey
|-damage|p2a: Chansey|71/100
|
|-heal|p2a: Chansey|77/100|[from] Grassy Terrain
|upkeep
|turn|7
|
|t:|1666711361
|move|p1a: Celesteela|Meteor Beam||[still]
|-prepare|p1a: Celesteela|Meteor Beam
|-boost|p1a: Celesteela|spa|1
|move|p2a: Chansey|Thunder Wave|p1a: Celesteela
|-status|p1a: Celesteela|par
|
|-heal|p2a: Chansey|83/100|[from] Grassy Terrain
|upkeep
|turn|8
|
|t:|1666711368
|move|p1a: Celesteela|Meteor Beam|p2a: Chansey|[from]lockedmove
|-damage|p2a: Chansey|60/100
|move|p2a: Chansey|Teleport|p2a: Chansey
|
|t:|1666711374
|switch|p2a: Sirfetch’d|Sirfetch’d, M|100/100|[from]move: Teleport
|-damage|p2a: Sirfetch’d|94/100|[from] Stealth Rock
|
|-heal|p2a: Sirfetch’d|100/100|[from] Grassy Terrain
|upkeep
|turn|9
|
|t:|1666711381
|move|p2a: Sirfetch’d|Close Combat|p1a: Celesteela
|-damage|p1a: Celesteela|0 fnt
|-unboost|p2a: Sirfetch’d|def|1
|-unboost|p2a: Sirfetch’d|spd|1
|faint|p1a: Celesteela
|
|-fieldend|move: Grassy Terrain
|upkeep
|
|t:|1666711396
|switch|p1a: Polteageist|Polteageist|100/100
|-damage|p1a: Polteageist|88/100|[from] Stealth Rock
|turn|10
|
|t:|1666711400
|move|p1a: Polteageist|Shell Smash|p1a: Polteageist
|-unboost|p1a: Polteageist|def|1
|-unboost|p1a: Polteageist|spd|1
|-boost|p1a: Polteageist|atk|2
|-boost|p1a: Polteageist|spa|2
|-boost|p1a: Polteageist|spe|2
|move|p2a: Sirfetch’d|Close Combat|p1a: Polteageist
|-damage|p1a: Polteageist|0 fnt
|-unboost|p2a: Sirfetch’d|def|1
|-unboost|p2a: Sirfetch’d|spd|1
|faint|p1a: Polteageist
|
|upkeep
|
|t:|1666711405
|switch|p1a: Thundurus|Thundurus-Therian, M|100/100
|-damage|p1a: Thundurus|76/100|[from] Stealth Rock
|turn|11
|
|t:|1666711415
|switch|p2a: Chansey|Chansey, F|60/100
|-damage|p2a: Chansey|47/100|[from] Stealth Rock
|move|p1a: Thundurus|Nasty Plot|p1a: Thundurus
|-boost|p1a: Thundurus|spa|2
|
|upkeep
|turn|12
|
|t:|1666711422
|move|p1a: Thundurus|Focus Blast|p2a: Chansey
|-supereffective|p2a: Chansey
|-damage|p2a: Chansey|0 fnt
|faint|p2a: Chansey
|
|upkeep
|
|t:|1666711432
|switch|p2a: Regieleki|Regieleki|100/100
|-damage|p2a: Regieleki|88/100|[from] Stealth Rock
|turn|13
|
|t:|1666711437
|move|p2a: Regieleki|Explosion|p1a: Thundurus
|-damage|p1a: Thundurus|0 fnt
|faint|p2a: Regieleki
|faint|p1a: Thundurus
|
|upkeep
|
|t:|1666711458
|switch|p2a: Sirfetch’d|Sirfetch’d, M|100/100
|switch|p1a: Salamence|Salamence, M|100/100
|-damage|p1a: Salamence|76/100|[from] Stealth Rock
|-damage|p2a: Sirfetch’d|94/100|[from] Stealth Rock
|turn|14
|
|t:|1666711464
|move|p1a: Salamence|Dual Wingbeat|p2a: Sirfetch’d|[miss]
|-miss|p1a: Salamence|p2a: Sirfetch’d
|move|p2a: Sirfetch’d|Brave Bird|p1a: Salamence
|-damage|p1a: Salamence|0 fnt
|faint|p1a: Salamence
|-damage|p2a: Sirfetch’d|64/100|[from] Recoil
|
|win|Ichindar2
|raw|Liz Angeles's rating: 1519 &rarr; <strong>1495</strong><br />(-24 for losing)
|raw|Ichindar2's rating: 1447 &rarr; <strong>1471</strong><br />(+24 for winning)
|l|☆Liz Angeles
|c|☆Ichindar2|gg
||Ladder isn't responding, score probably updated but might not have (Request timeout).
