|html|<div class="broadcast-blue"><strong>[Gen 8] UU is currently suspecting Mienshao! For information on how to participate check out the <a href="https://www.smogon.com/forums/threads/np-ss-uu-stage-10-3-pumped-up-kicks.3694543/">suspect thread</a>.</strong></div>
|j|☆UU11M DoonMunes
|j|☆Lavaclaw
|t:|1639203364
|gametype|singles
|player|p1|UU11M DoonMunes|ethan|1352
|player|p2|Lavaclaw|psychic-gen4|1293
|teamsize|p1|6
|teamsize|p2|6
|gen|8
|tier|[Gen 8] UU
|rated|
|rule|Sleep Clause Mod: Limit one foe put to sleep
|rule|Species Clause: Limit one of each Pokémon
|rule|OHKO Clause: OHKO moves are banned
|rule|Evasion Moves Clause: Evasion moves are banned
|rule|Endless Battle Clause: Forcing endless battles is banned
|rule|HP Percentage Mod: HP is shown in percentages
|rule|Dynamax Clause: You cannot dynamax
|clearpoke
|poke|p1|Mienshao, M|
|poke|p1|Krookodile, F|
|poke|p1|Thundurus-Therian, M|
|poke|p1|Azumarill, F|
|poke|p1|Celesteela|
|poke|p1|Moltres-Galar|
|poke|p2|Chansey, F|
|poke|p2|Skarmory, F|
|poke|p2|Slowking, F|
|poke|p2|Umbreon, F|
|poke|p2|Weezing-Galar, F|
|poke|p2|Quagsire, F|
|teampreview
|j| donsizzleclaus
|
|t:|1639203397
|start
|switch|p1a: Mienshao|Mienshao, M|100/100
|switch|p2a: Weezing|Weezing-Galar, F|100/100
|-ability|p2a: Weezing|Neutralizing Gas
|turn|1
|
|t:|1639203404
|move|p1a: Mienshao|U-turn|p2a: Weezing
|-resisted|p2a: Weezing
|-damage|p2a: Weezing|97/100
|-damage|p1a: Mienshao|84/100|[from] item: Rocky Helmet|[of] p2a: Weezing
|
|t:|1639203411
|switch|p1a: Celesteela|Celesteela|100/100|[from]move: U-turn
|move|p2a: Weezing|Strange Steam|p1a: Celesteela
|-resisted|p1a: Celesteela
|-damage|p1a: Celesteela|92/100
|
|-heal|p1a: Celesteela|98/100|[from] item: Leftovers
|upkeep
|turn|2
|
|t:|1639203419
|-end|p2a: Weezing|ability: Neutralizing Gas
|switch|p2a: Chansey|Chansey, F|100/100
|move|p1a: Celesteela|Leech Seed|p2a: Chansey
|-start|p2a: Chansey|move: Leech Seed
|
|-heal|p1a: Celesteela|100/100|[from] item: Leftovers
|-damage|p2a: Chansey|88/100|[from] Leech Seed|[of] p1a: Celesteela
|upkeep
|turn|3
|
|t:|1639203436
|switch|p1a: Krookodile|Krookodile, F|100/100
|-ability|p1a: Krookodile|Intimidate|boost
|-unboost|p2a: Chansey|atk|1
|move|p2a: Chansey|Stealth Rock|p1a: Krookodile
|-sidestart|p1: UU11M DoonMunes|move: Stealth Rock
|
|-damage|p2a: Chansey|76/100|[from] Leech Seed|[of] p1a: Krookodile
|upkeep
|turn|4
|
|t:|1639203444
|switch|p2a: Skarmory|Skarmory, F|100/100
|move|p1a: Krookodile|Knock Off|p2a: Skarmory
|-damage|p2a: Skarmory|71/100
|-enditem|p2a: Skarmory|Leftovers|[from] move: Knock Off|[of] p1a: Krookodile
|
|upkeep
|turn|5
|
|t:|1639203452
|switch|p1a: Thundurus|Thundurus-Therian, M|100/100
|move|p2a: Skarmory|Roost|p2a: Skarmory
|-heal|p2a: Skarmory|100/100
|-singleturn|p2a: Skarmory|move: Roost
|
|upkeep
|turn|6
|
|t:|1639203458
|switch|p2a: Chansey|Chansey, F|76/100
|move|p1a: Thundurus|Defog|p2a: Chansey
|-unboost|p2a: Chansey|evasion|1
|-sideend|p1: UU11M DoonMunes|Stealth Rock|[from] move: Defog|[of] p1a: Thundurus
|
|upkeep
|turn|7
|
|t:|1639203464
|move|p1a: Thundurus|Volt Switch|p2a: Chansey
|-damage|p2a: Chansey|64/100
|
|t:|1639203470
|switch|p1a: Krookodile|Krookodile, F|100/100|[from]move: Volt Switch
|-ability|p1a: Krookodile|Intimidate|boost
|-unboost|p2a: Chansey|atk|1
|move|p2a: Chansey|Toxic|p1a: Krookodile
|-status|p1a: Krookodile|tox
|
|-damage|p1a: Krookodile|94/100 tox|[from] psn
|upkeep
|turn|8
|
|t:|1639203476
|switch|p2a: Skarmory|Skarmory, F|100/100
|move|p1a: Krookodile|Stealth Rock|p2a: Skarmory
|-sidestart|p2: Lavaclaw|move: Stealth Rock
|
|-heal|p1a: Krookodile|100/100 tox|[from] item: Leftovers
|-damage|p1a: Krookodile|88/100 tox|[from] psn
|upkeep
|turn|9
|
|t:|1639203480
|switch|p1a: Thundurus|Thundurus-Therian, M|100/100
|move|p2a: Skarmory|Defog|p1a: Thundurus
|-unboost|p1a: Thundurus|evasion|1
|-sideend|p2: Lavaclaw|Stealth Rock|[from] move: Defog|[of] p2a: Skarmory
|
|upkeep
|turn|10
|
|t:|1639203487
|switch|p2a: Chansey|Chansey, F|64/100
|move|p1a: Thundurus|Volt Switch|p2a: Chansey
|-damage|p2a: Chansey|53/100
|
|t:|1639203490
|switch|p1a: Mienshao|Mienshao, M|84/100|[from]move: Volt Switch
|
|upkeep
|turn|11
|
|t:|1639203516
|switch|p2a: Weezing|Weezing-Galar, F|97/100
|-ability|p2a: Weezing|Neutralizing Gas
|move|p1a: Mienshao|U-turn|p2a: Weezing
|-resisted|p2a: Weezing
|-damage|p2a: Weezing|93/100
|-damage|p1a: Mienshao|67/100|[from] item: Rocky Helmet|[of] p2a: Weezing
|
|t:|1639203524
|switch|p1a: Thundurus|Thundurus-Therian, M|100/100|[from]move: U-turn
|
|upkeep
|turn|12
|
|t:|1639203542
|move|p1a: Thundurus|Volt Switch|p2a: Weezing
|-damage|p2a: Weezing|38/100
|
|t:|1639203545
|switch|p1a: Krookodile|Krookodile, F|88/100 tox|[from]move: Volt Switch
|move|p2a: Weezing|Strange Steam|p1a: Krookodile
|-supereffective|p1a: Krookodile
|-damage|p1a: Krookodile|17/100 tox
|-start|p1a: Krookodile|confusion
|
|-heal|p1a: Krookodile|23/100 tox|[from] item: Leftovers
|-damage|p1a: Krookodile|17/100 tox|[from] psn
|upkeep
|turn|13
|
|t:|1639203551
|-end|p2a: Weezing|ability: Neutralizing Gas
|-ability|p1a: Krookodile|Intimidate|boost
|-unboost|p2a: Weezing|atk|1
|switch|p2a: Skarmory|Skarmory, F|100/100
|-activate|p1a: Krookodile|confusion
|move|p1a: Krookodile|Stealth Rock|p2a: Skarmory
|-sidestart|p2: Lavaclaw|move: Stealth Rock
|
|-heal|p1a: Krookodile|23/100 tox|[from] item: Leftovers
|-damage|p1a: Krookodile|11/100 tox|[from] psn
|upkeep
|turn|14
|
|t:|1639203558
|-end|p1a: Krookodile|confusion
|move|p1a: Krookodile|Taunt|p2a: Skarmory
|-start|p2a: Skarmory|move: Taunt
|cant|p2a: Skarmory|move: Taunt|Defog
|
|-heal|p1a: Krookodile|17/100 tox|[from] item: Leftovers
|-damage|p1a: Krookodile|0 fnt|[from] psn
|faint|p1a: Krookodile
|upkeep
|
|t:|1639203562
|switch|p1a: Thundurus|Thundurus-Therian, M|100/100
|turn|15
|
|t:|1639203565
|switch|p2a: Quagsire|Quagsire, F|100/100
|-damage|p2a: Quagsire|94/100|[from] Stealth Rock
|move|p1a: Thundurus|Volt Switch|p2a: Quagsire
|-immune|p2a: Quagsire
|
|-heal|p2a: Quagsire|100/100|[from] item: Leftovers
|upkeep
|turn|16
|
|t:|1639203574
|switch|p2a: Chansey|Chansey, F|53/100
|-damage|p2a: Chansey|40/100|[from] Stealth Rock
|move|p1a: Thundurus|Grass Knot|p2a: Chansey
|-damage|p2a: Chansey|33/100
|
|upkeep
|turn|17
|
|t:|1639203579
|move|p1a: Thundurus|Volt Switch|p2a: Chansey
|-damage|p2a: Chansey|21/100
|
|t:|1639203588
|switch|p1a: Azumarill|Azumarill, F|100/100|[from]move: Volt Switch
|move|p2a: Chansey|Soft-Boiled|p2a: Chansey
|-heal|p2a: Chansey|71/100
|
|upkeep
|turn|18
|
|t:|1639203594
|switch|p2a: Quagsire|Quagsire, F|100/100
|-damage|p2a: Quagsire|94/100|[from] Stealth Rock
|move|p1a: Azumarill|Play Rough|p2a: Quagsire
|-damage|p2a: Quagsire|24/100
|
|-heal|p2a: Quagsire|30/100|[from] item: Leftovers
|upkeep
|turn|19
|
|t:|1639203603
|switch|p2a: Skarmory|Skarmory, F|100/100
|-damage|p2a: Skarmory|88/100|[from] Stealth Rock
|move|p1a: Azumarill|Play Rough|p2a: Skarmory
|-resisted|p2a: Skarmory
|-damage|p2a: Skarmory|61/100
|
|upkeep
|turn|20
|
|t:|1639203611
|switch|p1a: Thundurus|Thundurus-Therian, M|100/100
|move|p2a: Skarmory|Defog|p1a: Thundurus
|-unboost|p1a: Thundurus|evasion|1
|-sideend|p2: Lavaclaw|Stealth Rock|[from] move: Defog|[of] p2a: Skarmory
|
|upkeep
|turn|21
|
|t:|1639203620
|switch|p2a: Quagsire|Quagsire, F|30/100
|move|p1a: Thundurus|Volt Switch|p2a: Quagsire
|-immune|p2a: Quagsire
|
|-heal|p2a: Quagsire|36/100|[from] item: Leftovers
|upkeep
|turn|22
|
|t:|1639203635
|switch|p2a: Chansey|Chansey, F|71/100
|move|p1a: Thundurus|Grass Knot|p2a: Chansey
|-damage|p2a: Chansey|65/100
|
|upkeep
|turn|23
|
|t:|1639203641
|move|p1a: Thundurus|Volt Switch|p2a: Chansey
|-damage|p2a: Chansey|52/100
|
|t:|1639203643
|switch|p1a: Mienshao|Mienshao, M|67/100|[from]move: Volt Switch
|move|p2a: Chansey|Toxic|p1a: Mienshao
|-status|p1a: Mienshao|tox
|
|-damage|p1a: Mienshao|61/100 tox|[from] psn
|upkeep
|turn|24
|
|t:|1639203655
|switch|p2a: Slowking|Slowking, F|100/100
|move|p1a: Mienshao|Stone Edge|p2a: Slowking
|-damage|p2a: Slowking|76/100
|
|-damage|p1a: Mienshao|50/100 tox|[from] psn
|upkeep
|turn|25
|
|t:|1639203661
|switch|p1a: Moltres|Moltres-Galar|100/100
|move|p2a: Slowking|Scald|p1a: Moltres
|-damage|p1a: Moltres|85/100
|
|upkeep
|turn|26
|
|t:|1639203681
|switch|p2a: Umbreon|Umbreon, F|100/100
|move|p1a: Moltres|Fiery Wrath|p2a: Umbreon
|-resisted|p2a: Umbreon
|-damage|p2a: Umbreon|90/100
|
|-heal|p2a: Umbreon|96/100|[from] item: Leftovers
|upkeep
|turn|27
|
|t:|1639203686
|move|p1a: Moltres|Hurricane|p2a: Umbreon|[miss]
|-miss|p1a: Moltres|p2a: Umbreon
|move|p2a: Umbreon|Toxic|p1a: Moltres
|-status|p1a: Moltres|tox
|
|-heal|p2a: Umbreon|100/100|[from] item: Leftovers
|-damage|p1a: Moltres|79/100 tox|[from] psn
|upkeep
|turn|28
|
|t:|1639203694
|move|p1a: Moltres|Hurricane|p2a: Umbreon|[miss]
|-miss|p1a: Moltres|p2a: Umbreon
|move|p2a: Umbreon|Wish|p2a: Umbreon
|
|-damage|p1a: Moltres|67/100 tox|[from] psn
|upkeep
|turn|29
|
|t:|1639203701
|move|p1a: Moltres|Hurricane|p2a: Umbreon
|-damage|p2a: Umbreon|75/100
|move|p2a: Umbreon|Foul Play|p1a: Moltres
|-resisted|p1a: Moltres
|-damage|p1a: Moltres|57/100 tox
|
|-heal|p2a: Umbreon|100/100|[from] move: Wish|[wisher] Umbreon
|-damage|p1a: Moltres|39/100 tox|[from] psn
|upkeep
|turn|30
|
|t:|1639203705
|move|p1a: Moltres|Rest|p1a: Moltres
|-status|p1a: Moltres|slp|[from] move: Rest
|-heal|p1a: Moltres|100/100 slp|[silent]
|move|p2a: Umbreon|Wish|p2a: Umbreon
|
|upkeep
|turn|31
|
|t:|1639203710
|switch|p1a: Celesteela|Celesteela|100/100
|switch|p2a: Quagsire|Quagsire, F|36/100
|
|-heal|p2a: Quagsire|86/100|[from] move: Wish|[wisher] Umbreon
|-heal|p2a: Quagsire|92/100|[from] item: Leftovers
|upkeep
|turn|32
|
|t:|1639203722
|switch|p2a: Skarmory|Skarmory, F|61/100
|move|p1a: Celesteela|Seed Bomb|p2a: Skarmory
|-resisted|p2a: Skarmory
|-damage|p2a: Skarmory|58/100
|
|upkeep
|turn|33
|
|t:|1639203729
|move|p2a: Skarmory|Roost|p2a: Skarmory
|-heal|p2a: Skarmory|100/100
|-singleturn|p2a: Skarmory|move: Roost
|move|p1a: Celesteela|Leech Seed|p2a: Skarmory
|-start|p2a: Skarmory|move: Leech Seed
|
|-damage|p2a: Skarmory|88/100|[from] Leech Seed|[of] p1a: Celesteela
|upkeep
|turn|34
|
|t:|1639203736
|switch|p2a: Chansey|Chansey, F|52/100
|switch|p1a: Thundurus|Thundurus-Therian, M|100/100
|
|upkeep
|turn|35
|
|t:|1639203740
|move|p1a: Thundurus|Volt Switch|p2a: Chansey
|-damage|p2a: Chansey|41/100
|
|t:|1639203743
|switch|p1a: Mienshao|Mienshao, M|83/100 tox|[from]move: Volt Switch
|move|p2a: Chansey|Soft-Boiled|p2a: Chansey
|-heal|p2a: Chansey|91/100
|
|-damage|p1a: Mienshao|77/100 tox|[from] psn
|upkeep
|turn|36
|
|t:|1639203754
|switch|p2a: Slowking|Slowking, F|100/100
|move|p1a: Mienshao|Knock Off|p2a: Slowking
|-supereffective|p2a: Slowking
|-enditem|p2a: Slowking|Colbur Berry|[eat]
|-enditem|p2a: Slowking|Colbur Berry|[weaken]
|-damage|p2a: Slowking|78/100
|
|-damage|p1a: Mienshao|65/100 tox|[from] psn
|upkeep
|turn|37
|
|t:|1639203761
|switch|p1a: Moltres|Moltres-Galar|100/100 slp
|move|p2a: Slowking|Scald|p1a: Moltres
|-damage|p1a: Moltres|84/100 slp
|
|upkeep
|turn|38
|
|t:|1639203765
|switch|p2a: Chansey|Chansey, F|91/100
|cant|p1a: Moltres|slp
|move|p1a: Moltres|Sleep Talk|p1a: Moltres
|move|p1a: Moltres|Hurricane|p2a: Chansey|[from]move: Sleep Talk
|-damage|p2a: Chansey|79/100
|
|upkeep
|turn|39
|
|t:|1639203769
|switch|p1a: Celesteela|Celesteela|100/100
|move|p2a: Chansey|Stealth Rock|p1a: Celesteela
|-sidestart|p1: UU11M DoonMunes|move: Stealth Rock
|
|upkeep
|turn|40
|
|t:|1639203781
|switch|p2a: Umbreon|Umbreon, F|100/100
|move|p1a: Celesteela|Leech Seed|p2a: Umbreon
|-start|p2a: Umbreon|move: Leech Seed
|
|-damage|p2a: Umbreon|88/100|[from] Leech Seed|[of] p1a: Celesteela
|upkeep
|turn|41
|
|t:|1639203785
|switch|p1a: Thundurus|Thundurus-Therian, M|100/100
|move|p2a: Umbreon|Wish|p2a: Umbreon
|
|-heal|p2a: Umbreon|94/100|[from] item: Leftovers
|-damage|p2a: Umbreon|82/100|[from] Leech Seed|[of] p1a: Thundurus
|upkeep
|turn|42
|
|t:|1639203795
|move|p1a: Thundurus|Volt Switch|p2a: Umbreon
|-damage|p2a: Umbreon|59/100
|
|t:|1639203801
|switch|p1a: Mienshao|Mienshao, M|98/100 tox|[from]move: Volt Switch
|-damage|p1a: Mienshao|92/100 tox|[from] Stealth Rock
|move|p2a: Umbreon|Toxic|p1a: Mienshao
|-fail|p1a: Mienshao|tox
|
|-heal|p2a: Umbreon|100/100|[from] move: Wish|[wisher] Umbreon
|-damage|p2a: Umbreon|88/100|[from] Leech Seed|[of] p1a: Mienshao
|-heal|p1a: Mienshao|100/100 tox|[silent]
|-damage|p1a: Mienshao|95/100 tox|[from] psn
|upkeep
|turn|43
|
|t:|1639203808
|switch|p2a: Slowking|Slowking, F|100/100
|move|p1a: Mienshao|U-turn|p2a: Slowking
|-supereffective|p2a: Slowking
|-damage|p2a: Slowking|63/100
|
|t:|1639203830
|switch|p1a: Thundurus|Thundurus-Therian, M|100/100|[from]move: U-turn
|
|upkeep
|turn|44
|
|t:|1639203838
|switch|p2a: Chansey|Chansey, F|79/100
|move|p1a: Thundurus|Grass Knot|p2a: Chansey
|-damage|p2a: Chansey|72/100
|
|upkeep
|turn|45
|
|t:|1639203845
|move|p1a: Thundurus|Volt Switch|p2a: Chansey
|-damage|p2a: Chansey|61/100
|
|t:|1639203847
|switch|p1a: Celesteela|Celesteela|100/100|[from]move: Volt Switch
|-damage|p1a: Celesteela|88/100|[from] Stealth Rock
|move|p2a: Chansey|Soft-Boiled|p2a: Chansey
|-heal|p2a: Chansey|100/100
|
|-heal|p1a: Celesteela|94/100|[from] item: Leftovers
|upkeep
|turn|46
|
|t:|1639203853
|switch|p2a: Umbreon|Umbreon, F|88/100
|move|p1a: Celesteela|Leech Seed|p2a: Umbreon
|-start|p2a: Umbreon|move: Leech Seed
|
|-heal|p2a: Umbreon|94/100|[from] item: Leftovers
|-heal|p1a: Celesteela|99/100|[from] item: Leftovers
|-damage|p2a: Umbreon|82/100|[from] Leech Seed|[of] p1a: Celesteela
|-heal|p1a: Celesteela|100/100|[silent]
|upkeep
|turn|47
|
|t:|1639203859
|move|p2a: Umbreon|Wish|p2a: Umbreon
|move|p1a: Celesteela|Heavy Slam|p2a: Umbreon
|-damage|p2a: Umbreon|53/100
|
|-heal|p2a: Umbreon|59/100|[from] item: Leftovers
|-damage|p2a: Umbreon|47/100|[from] Leech Seed|[of] p1a: Celesteela
|upkeep
|turn|48
|
|t:|1639203867
|move|p2a: Umbreon|Protect|p2a: Umbreon
|-singleturn|p2a: Umbreon|Protect
|move|p1a: Celesteela|Heavy Slam|p2a: Umbreon
|-activate|p2a: Umbreon|move: Protect
|
|-heal|p2a: Umbreon|97/100|[from] move: Wish|[wisher] Umbreon
|-heal|p2a: Umbreon|100/100|[from] item: Leftovers
|-damage|p2a: Umbreon|88/100|[from] Leech Seed|[of] p1a: Celesteela
|upkeep
|turn|49
|
|t:|1639203878
|switch|p2a: Chansey|Chansey, F|100/100
|move|p1a: Celesteela|Heavy Slam|p2a: Chansey
|-damage|p2a: Chansey|74/100
|
|upkeep
|turn|50
|
|t:|1639203885
|move|p1a: Celesteela|Leech Seed|p2a: Chansey
|-start|p2a: Chansey|move: Leech Seed
|move|p2a: Chansey|Soft-Boiled|p2a: Chansey
|-heal|p2a: Chansey|100/100
|
|-damage|p2a: Chansey|88/100|[from] Leech Seed|[of] p1a: Celesteela
|upkeep
|turn|51
|
|t:|1639203891
|switch|p2a: Slowking|Slowking, F|96/100
|move|p1a: Celesteela|Heavy Slam|p2a: Slowking
|-resisted|p2a: Slowking
|-damage|p2a: Slowking|81/100
|
|upkeep
|turn|52
|
|t:|1639203896
|switch|p2a: Skarmory|Skarmory, F|88/100
|move|p1a: Celesteela|Seed Bomb|p2a: Skarmory
|-resisted|p2a: Skarmory
|-damage|p2a: Skarmory|85/100
|
|upkeep
|turn|53
|
|t:|1639203904
|switch|p2a: Slowking|Slowking, F|100/100
|switch|p1a: Thundurus|Thundurus-Therian, M|100/100
|
|upkeep
|turn|54
|
|t:|1639203909
|switch|p2a: Chansey|Chansey, F|88/100
|move|p1a: Thundurus|Defog|p2a: Chansey
|-unboost|p2a: Chansey|evasion|1
|-sideend|p1: UU11M DoonMunes|Stealth Rock|[from] move: Defog|[of] p1a: Thundurus
|
|upkeep
|turn|55
|
|t:|1639203916
|move|p1a: Thundurus|Volt Switch|p2a: Chansey
|-damage|p2a: Chansey|77/100
|
|t:|1639203919
|switch|p1a: Azumarill|Azumarill, F|100/100|[from]move: Volt Switch
|move|p2a: Chansey|Stealth Rock|p1a: Azumarill
|-sidestart|p1: UU11M DoonMunes|move: Stealth Rock
|
|upkeep
|turn|56
|inactive|Battle timer is ON: inactive players will automatically lose when time's up. (requested by Lavaclaw)
|
|t:|1639203969
|switch|p2a: Slowking|Slowking, F|100/100
|move|p1a: Azumarill|Liquidation|p2a: Slowking
|-resisted|p2a: Slowking
|-damage|p2a: Slowking|72/100
|
|upkeep
|turn|57
|
|t:|1639203982
|switch|p1a: Moltres|Moltres-Galar|84/100 slp
|move|p2a: Slowking|Scald|p1a: Moltres
|-damage|p1a: Moltres|69/100 slp
|
|upkeep
|turn|58
|
|t:|1639203994
|switch|p2a: Umbreon|Umbreon, F|88/100
|cant|p1a: Moltres|slp
|move|p1a: Moltres|Sleep Talk|p1a: Moltres
|move|p1a: Moltres|Fiery Wrath|p2a: Umbreon|[from]move: Sleep Talk
|-resisted|p2a: Umbreon
|-damage|p2a: Umbreon|79/100
|
|-heal|p2a: Umbreon|85/100|[from] item: Leftovers
|upkeep
|turn|59
|
|t:|1639204004
|-curestatus|p1a: Moltres|slp|[msg]
|move|p1a: Moltres|Hurricane|p2a: Umbreon
|-damage|p2a: Umbreon|63/100
|-start|p2a: Umbreon|confusion
|-activate|p2a: Umbreon|confusion
|move|p2a: Umbreon|Toxic|p1a: Moltres
|-status|p1a: Moltres|tox
|
|-heal|p2a: Umbreon|69/100|[from] item: Leftovers
|-damage|p1a: Moltres|63/100 tox|[from] psn
|upkeep
|turn|60
|l| donsizzleclaus
|
|t:|1639204016
|switch|p1a: Thundurus|Thundurus-Therian, M|100/100
|switch|p2a: Chansey|Chansey, F|77/100
|
|upkeep
|turn|61
|
|t:|1639204021
|move|p1a: Thundurus|Volt Switch|p2a: Chansey
|-damage|p2a: Chansey|64/100
|
|t:|1639204022
|switch|p1a: Moltres|Moltres-Galar|63/100 tox|[from]move: Volt Switch
|move|p2a: Chansey|Toxic|p1a: Moltres
|-fail|p1a: Moltres|tox
|
|-damage|p1a: Moltres|57/100 tox|[from] psn
|upkeep
|turn|62
|
|t:|1639204026
|move|p1a: Moltres|Rest|p1a: Moltres
|-status|p1a: Moltres|slp|[from] move: Rest
|-heal|p1a: Moltres|100/100 slp|[silent]
|move|p2a: Chansey|Soft-Boiled|p2a: Chansey
|-heal|p2a: Chansey|100/100
|
|upkeep
|turn|63
|
|t:|1639204032
|switch|p1a: Celesteela|Celesteela|100/100
|-damage|p1a: Celesteela|88/100|[from] Stealth Rock
|switch|p2a: Umbreon|Umbreon, F|69/100
|
|-heal|p2a: Umbreon|75/100|[from] item: Leftovers
|-heal|p1a: Celesteela|94/100|[from] item: Leftovers
|upkeep
|turn|64
|
|t:|1639204034
|move|p2a: Umbreon|Wish|p2a: Umbreon
|move|p1a: Celesteela|Leech Seed|p2a: Umbreon|[miss]
|-miss|p1a: Celesteela|p2a: Umbreon
|
|-heal|p2a: Umbreon|81/100|[from] item: Leftovers
|-heal|p1a: Celesteela|99/100|[from] item: Leftovers
|upkeep
|turn|65
|
|t:|1639204039
|switch|p2a: Weezing|Weezing-Galar, F|38/100
|-ability|p2a: Weezing|Neutralizing Gas
|move|p1a: Celesteela|Heavy Slam|p2a: Weezing
|-supereffective|p2a: Weezing
|-damage|p2a: Weezing|0 fnt
|-damage|p1a: Celesteela|84/100|[from] item: Rocky Helmet|[of] p2a: Weezing
|faint|p2a: Weezing
|-end|p2a: Weezing|ability: Neutralizing Gas
|-ability|p1a: Celesteela|Beast Boost|boost
|-boost|p1a: Celesteela|spd|1
|
|-heal|p1a: Celesteela|90/100|[from] item: Leftovers
|upkeep
|
|t:|1639204048
|switch|p2a: Skarmory|Skarmory, F|85/100
|turn|66
|
|t:|1639204051
|move|p2a: Skarmory|Iron Defense|p2a: Skarmory
|-boost|p2a: Skarmory|def|2
|move|p1a: Celesteela|Leech Seed|p2a: Skarmory
|-start|p2a: Skarmory|move: Leech Seed
|
|-heal|p1a: Celesteela|96/100|[from] item: Leftovers
|-damage|p2a: Skarmory|73/100|[from] Leech Seed|[of] p1a: Celesteela
|-heal|p1a: Celesteela|100/100|[silent]
|upkeep
|turn|67
|
|t:|1639204064
|switch|p1a: Thundurus|Thundurus-Therian, M|100/100
|move|p2a: Skarmory|Body Press|p1a: Thundurus
|-resisted|p1a: Thundurus
|-damage|p1a: Thundurus|51/100
|
|-damage|p2a: Skarmory|61/100|[from] Leech Seed|[of] p1a: Thundurus
|-heal|p1a: Thundurus|64/100|[silent]
|upkeep
|turn|68
|
|t:|1639204073
|switch|p2a: Chansey|Chansey, F|100/100
|move|p1a: Thundurus|Defog|p2a: Chansey
|-unboost|p2a: Chansey|evasion|1
|-sideend|p1: UU11M DoonMunes|Stealth Rock|[from] move: Defog|[of] p1a: Thundurus
|
|upkeep
|turn|69
|
|t:|1639204077
|move|p1a: Thundurus|Volt Switch|p2a: Chansey
|-damage|p2a: Chansey|88/100
|
|t:|1639204080
|switch|p1a: Azumarill|Azumarill, F|100/100|[from]move: Volt Switch
|move|p2a: Chansey|Stealth Rock|p1a: Azumarill
|-sidestart|p1: UU11M DoonMunes|move: Stealth Rock
|
|upkeep
|turn|70
|
|t:|1639204085
|switch|p2a: Slowking|Slowking, F|100/100
|move|p1a: Azumarill|Play Rough|p2a: Slowking
|-damage|p2a: Slowking|42/100
|
|upkeep
|turn|71
|
|t:|1639204091
|switch|p2a: Skarmory|Skarmory, F|61/100
|move|p1a: Azumarill|Play Rough|p2a: Skarmory
|-resisted|p2a: Skarmory
|-damage|p2a: Skarmory|33/100
|
|upkeep
|turn|72
|
|t:|1639204096
|switch|p1a: Thundurus|Thundurus-Therian, M|64/100
|move|p2a: Skarmory|Roost|p2a: Skarmory
|-heal|p2a: Skarmory|83/100
|-singleturn|p2a: Skarmory|move: Roost
|
|upkeep
|turn|73
|
|t:|1639204099
|switch|p2a: Chansey|Chansey, F|88/100
|move|p1a: Thundurus|Defog|p2a: Chansey
|-unboost|p2a: Chansey|evasion|1
|-sideend|p1: UU11M DoonMunes|Stealth Rock|[from] move: Defog|[of] p1a: Thundurus
|
|upkeep
|turn|74
|
|t:|1639204102
|move|p1a: Thundurus|Volt Switch|p2a: Chansey
|-damage|p2a: Chansey|75/100
|
|t:|1639204104
|switch|p1a: Mienshao|Mienshao, M|100/100 tox|[from]move: Volt Switch
|move|p2a: Chansey|Stealth Rock|p1a: Mienshao
|-sidestart|p1: UU11M DoonMunes|move: Stealth Rock
|
|-damage|p1a: Mienshao|95/100 tox|[from] psn
|upkeep
|turn|75
|
|t:|1639204134
|switch|p2a: Skarmory|Skarmory, F|83/100
|move|p1a: Mienshao|U-turn|p2a: Skarmory
|-resisted|p2a: Skarmory
|-damage|p2a: Skarmory|80/100
|
|t:|1639204136
|switch|p1a: Thundurus|Thundurus-Therian, M|64/100|[from]move: U-turn
|
|upkeep
|turn|76
|
|t:|1639204139
|switch|p2a: Chansey|Chansey, F|75/100
|move|p1a: Thundurus|Volt Switch|p2a: Chansey
|-damage|p2a: Chansey|63/100
|
|t:|1639204140
|switch|p1a: Mienshao|Mienshao, M|100/100 tox|[from]move: Volt Switch
|-damage|p1a: Mienshao|95/100 tox|[from] Stealth Rock
|
|-damage|p1a: Mienshao|89/100 tox|[from] psn
|upkeep
|turn|77
|
|t:|1639204149
|switch|p2a: Skarmory|Skarmory, F|80/100
|move|p1a: Mienshao|U-turn|p2a: Skarmory
|-resisted|p2a: Skarmory
|-damage|p2a: Skarmory|76/100
|
|t:|1639204152
|switch|p1a: Thundurus|Thundurus-Therian, M|64/100|[from]move: U-turn
|
|upkeep
|turn|78
|
|t:|1639204155
|switch|p2a: Quagsire|Quagsire, F|92/100
|move|p1a: Thundurus|Volt Switch|p2a: Quagsire
|-immune|p2a: Quagsire
|
|-heal|p2a: Quagsire|98/100|[from] item: Leftovers
|upkeep
|turn|79
|
|t:|1639204162
|switch|p2a: Chansey|Chansey, F|63/100
|move|p1a: Thundurus|Volt Switch|p2a: Chansey
|-crit|p2a: Chansey
|-damage|p2a: Chansey|45/100
|
|t:|1639204164
|switch|p1a: Mienshao|Mienshao, M|100/100 tox|[from]move: Volt Switch
|-damage|p1a: Mienshao|95/100 tox|[from] Stealth Rock
|
|-damage|p1a: Mienshao|89/100 tox|[from] psn
|upkeep
|turn|80
|
|t:|1639204167
|move|p1a: Mienshao|U-turn|p2a: Chansey
|-damage|p2a: Chansey|29/100
|
|t:|1639204170
|switch|p1a: Thundurus|Thundurus-Therian, M|64/100|[from]move: U-turn
|move|p2a: Chansey|Soft-Boiled|p2a: Chansey
|-heal|p2a: Chansey|79/100
|
|upkeep
|turn|81
|
|t:|1639204175
|move|p1a: Thundurus|Volt Switch|p2a: Chansey
|-damage|p2a: Chansey|67/100
|
|t:|1639204177
|switch|p1a: Mienshao|Mienshao, M|100/100 tox|[from]move: Volt Switch
|-damage|p1a: Mienshao|95/100 tox|[from] Stealth Rock
|move|p2a: Chansey|Seismic Toss|p1a: Mienshao
|-damage|p1a: Mienshao|58/100 tox
|
|-damage|p1a: Mienshao|52/100 tox|[from] psn
|upkeep
|turn|82
|
|t:|1639204185
|switch|p2a: Skarmory|Skarmory, F|76/100
|move|p1a: Mienshao|U-turn|p2a: Skarmory
|-resisted|p2a: Skarmory
|-damage|p2a: Skarmory|73/100
|
|t:|1639204187
|switch|p1a: Thundurus|Thundurus-Therian, M|64/100|[from]move: U-turn
|
|upkeep
|turn|83
|
|t:|1639204201
|switch|p2a: Chansey|Chansey, F|67/100
|move|p1a: Thundurus|Volt Switch|p2a: Chansey
|-damage|p2a: Chansey|56/100
|
|t:|1639204204
|switch|p1a: Mienshao|Mienshao, M|85/100 tox|[from]move: Volt Switch
|-damage|p1a: Mienshao|79/100 tox|[from] Stealth Rock
|
|-damage|p1a: Mienshao|73/100 tox|[from] psn
|upkeep
|turn|84
|
|t:|1639204214
|move|p1a: Mienshao|U-turn|p2a: Chansey
|-damage|p2a: Chansey|41/100
|
|t:|1639204215
|switch|p1a: Thundurus|Thundurus-Therian, M|64/100|[from]move: U-turn
|move|p2a: Chansey|Toxic|p1a: Thundurus
|-status|p1a: Thundurus|tox
|
|-damage|p1a: Thundurus|58/100 tox|[from] psn
|upkeep
|turn|85
|
|t:|1639204219
|move|p1a: Thundurus|Volt Switch|p2a: Chansey
|-damage|p2a: Chansey|29/100
|
|t:|1639204222
|switch|p1a: Mienshao|Mienshao, M|100/100 tox|[from]move: Volt Switch
|-damage|p1a: Mienshao|95/100 tox|[from] Stealth Rock
|move|p2a: Chansey|Soft-Boiled|p2a: Chansey
|-heal|p2a: Chansey|79/100
|
|-damage|p1a: Mienshao|89/100 tox|[from] psn
|upkeep
|turn|86
|
|t:|1639204229
|switch|p2a: Slowking|Slowking, F|75/100
|move|p1a: Mienshao|Close Combat|p2a: Slowking
|-resisted|p2a: Slowking
|-damage|p2a: Slowking|54/100
|-unboost|p1a: Mienshao|def|1
|-unboost|p1a: Mienshao|spd|1
|
|-damage|p1a: Mienshao|77/100 tox|[from] psn
|upkeep
|turn|87
|c|☆UU11M DoonMunes|Ugh
|c|☆UU11M DoonMunes|Knew it
|
|t:|1639204241
|switch|p1a: Moltres|Moltres-Galar|100/100 slp
|move|p2a: Slowking|Slack Off|p2a: Slowking
|-heal|p2a: Slowking|100/100
|
|upkeep
|turn|88
|
|t:|1639204250
|switch|p2a: Chansey|Chansey, F|79/100
|cant|p1a: Moltres|slp
|move|p1a: Moltres|Sleep Talk|p1a: Moltres
|move|p1a: Moltres|Hurricane|p2a: Chansey|[from]move: Sleep Talk
|-damage|p2a: Chansey|67/100
|
|upkeep
|turn|89
|
|t:|1639204268
|switch|p2a: Umbreon|Umbreon, F|81/100
|cant|p1a: Moltres|slp
|move|p1a: Moltres|Sleep Talk|p1a: Moltres
|move|p1a: Moltres|Hurricane|p2a: Umbreon|[from]move: Sleep Talk|[miss]
|-miss|p1a: Moltres|p2a: Umbreon
|
|-heal|p2a: Umbreon|87/100|[from] item: Leftovers
|upkeep
|turn|90
|
|t:|1639204276
|switch|p1a: Celesteela|Celesteela|100/100
|-damage|p1a: Celesteela|88/100|[from] Stealth Rock
|move|p2a: Umbreon|Toxic|p1a: Celesteela
|-immune|p1a: Celesteela
|
|-heal|p2a: Umbreon|93/100|[from] item: Leftovers
|-heal|p1a: Celesteela|94/100|[from] item: Leftovers
|upkeep
|turn|91
|
|t:|1639204281
|switch|p2a: Slowking|Slowking, F|100/100
|move|p1a: Celesteela|Leech Seed|p2a: Slowking
|-start|p2a: Slowking|move: Leech Seed
|
|-heal|p1a: Celesteela|99/100|[from] item: Leftovers
|-damage|p2a: Slowking|88/100|[from] Leech Seed|[of] p1a: Celesteela
|-heal|p1a: Celesteela|100/100|[silent]
|upkeep
|turn|92
|
|t:|1639204286
|switch|p2a: Skarmory|Skarmory, F|73/100
|move|p1a: Celesteela|Seed Bomb|p2a: Skarmory
|-resisted|p2a: Skarmory
|-crit|p2a: Skarmory
|-damage|p2a: Skarmory|68/100
|
|upkeep
|turn|93
|
|t:|1639204290
|move|p2a: Skarmory|Roost|p2a: Skarmory
|-heal|p2a: Skarmory|100/100
|-singleturn|p2a: Skarmory|move: Roost
|move|p1a: Celesteela|Leech Seed|p2a: Skarmory
|-start|p2a: Skarmory|move: Leech Seed
|
|-damage|p2a: Skarmory|88/100|[from] Leech Seed|[of] p1a: Celesteela
|upkeep
|turn|94
|
|t:|1639204296
|switch|p2a: Chansey|Chansey, F|67/100
|switch|p1a: Thundurus|Thundurus-Therian, M|58/100 tox
|
|-damage|p1a: Thundurus|52/100 tox|[from] psn
|upkeep
|turn|95
|
|t:|1639204301
|move|p1a: Thundurus|Grass Knot|p2a: Chansey
|-damage|p2a: Chansey|61/100
|move|p2a: Chansey|Seismic Toss|p1a: Thundurus
|-damage|p1a: Thundurus|18/100 tox
|
|-damage|p1a: Thundurus|6/100 tox|[from] psn
|upkeep
|turn|96
|
|t:|1639204307
|move|p1a: Thundurus|Grass Knot|p2a: Chansey
|-damage|p2a: Chansey|54/100
|move|p2a: Chansey|Soft-Boiled|p2a: Chansey
|-heal|p2a: Chansey|100/100
|
|-damage|p1a: Thundurus|0 fnt|[from] psn
|faint|p1a: Thundurus
|upkeep
|
|t:|1639204309
|switch|p1a: Mienshao|Mienshao, M|100/100 tox
|-damage|p1a: Mienshao|95/100 tox|[from] Stealth Rock
|turn|97
|
|t:|1639204321
|switch|p2a: Slowking|Slowking, F|100/100
|move|p1a: Mienshao|U-turn|p2a: Slowking
|-supereffective|p2a: Slowking
|-damage|p2a: Slowking|65/100
|
|t:|1639204335
|switch|p1a: Azumarill|Azumarill, F|100/100|[from]move: U-turn
|-damage|p1a: Azumarill|88/100|[from] Stealth Rock
|
|upkeep
|turn|98
|
|t:|1639204346
|move|p1a: Azumarill|Liquidation|p2a: Slowking
|-resisted|p2a: Slowking
|-damage|p2a: Slowking|35/100
|move|p2a: Slowking|Slack Off|p2a: Slowking
|-heal|p2a: Slowking|85/100
|
|upkeep
|turn|99
|
|t:|1639204352
|switch|p1a: Moltres|Moltres-Galar|100/100 slp
|move|p2a: Slowking|Calm Mind|p2a: Slowking
|-boost|p2a: Slowking|spa|1
|-boost|p2a: Slowking|spd|1
|
|upkeep
|turn|100
|
|t:|1639204360
|switch|p2a: Umbreon|Umbreon, F|93/100
|-curestatus|p1a: Moltres|slp|[msg]
|move|p1a: Moltres|Sleep Talk||[still]
|-fail|p1a: Moltres
|
|-heal|p2a: Umbreon|99/100|[from] item: Leftovers
|upkeep
|turn|101
|
|t:|1639204366
|switch|p1a: Mienshao|Mienshao, M|100/100 tox
|-damage|p1a: Mienshao|95/100 tox|[from] Stealth Rock
|move|p2a: Umbreon|Toxic|p1a: Mienshao
|-fail|p1a: Mienshao|tox
|
|-heal|p2a: Umbreon|100/100|[from] item: Leftovers
|-damage|p1a: Mienshao|89/100 tox|[from] psn
|upkeep
|turn|102
|
|t:|1639204372
|move|p2a: Umbreon|Protect|p2a: Umbreon
|-singleturn|p2a: Umbreon|Protect
|move|p1a: Mienshao|Close Combat|p2a: Umbreon
|-activate|p2a: Umbreon|move: Protect
|
|-damage|p1a: Mienshao|77/100 tox|[from] psn
|upkeep
|turn|103
|
|t:|1639204378
|switch|p2a: Quagsire|Quagsire, F|98/100
|move|p1a: Mienshao|Close Combat|p2a: Quagsire
|-damage|p2a: Quagsire|53/100
|-unboost|p1a: Mienshao|def|1
|-unboost|p1a: Mienshao|spd|1
|
|-heal|p2a: Quagsire|59/100|[from] item: Leftovers
|-damage|p1a: Mienshao|59/100 tox|[from] psn
|upkeep
|turn|104
|
|t:|1639204386
|switch|p1a: Moltres|Moltres-Galar|100/100
|move|p2a: Quagsire|Recover|p2a: Quagsire
|-heal|p2a: Quagsire|100/100
|
|upkeep
|turn|105
|
|t:|1639204389
|move|p1a: Moltres|Hurricane|p2a: Quagsire
|-damage|p2a: Quagsire|61/100
|move|p2a: Quagsire|Toxic|p1a: Moltres
|-status|p1a: Moltres|tox
|
|-heal|p2a: Quagsire|67/100|[from] item: Leftovers
|-damage|p1a: Moltres|94/100 tox|[from] psn
|upkeep
|turn|106
|
|t:|1639204398
|switch|p2a: Umbreon|Umbreon, F|100/100
|move|p1a: Moltres|Fiery Wrath|p2a: Umbreon
|-resisted|p2a: Umbreon
|-damage|p2a: Umbreon|91/100
|
|-heal|p2a: Umbreon|97/100|[from] item: Leftovers
|-damage|p1a: Moltres|82/100 tox|[from] psn
|upkeep
|turn|107
|
|t:|1639204403
|switch|p1a: Mienshao|Mienshao, M|92/100 tox
|-damage|p1a: Mienshao|86/100 tox|[from] Stealth Rock
|move|p2a: Umbreon|Wish|p2a: Umbreon
|
|-heal|p2a: Umbreon|100/100|[from] item: Leftovers
|-damage|p1a: Mienshao|81/100 tox|[from] psn
|upkeep
|turn|108
|
|t:|1639204409
|switch|p2a: Quagsire|Quagsire, F|67/100
|move|p1a: Mienshao|U-turn|p2a: Quagsire
|-damage|p2a: Quagsire|50/100
|
|t:|1639204414
|switch|p1a: Celesteela|Celesteela|100/100|[from]move: U-turn
|-damage|p1a: Celesteela|88/100|[from] Stealth Rock
|
|-heal|p2a: Quagsire|99/100|[from] move: Wish|[wisher] Umbreon
|-heal|p1a: Celesteela|94/100|[from] item: Leftovers
|-heal|p2a: Quagsire|100/100|[from] item: Leftovers
|upkeep
|turn|109
|
|t:|1639204418
|switch|p2a: Skarmory|Skarmory, F|88/100
|move|p1a: Celesteela|Leech Seed|p2a: Skarmory
|-start|p2a: Skarmory|move: Leech Seed
|
|-heal|p1a: Celesteela|99/100|[from] item: Leftovers
|-damage|p2a: Skarmory|76/100|[from] Leech Seed|[of] p1a: Celesteela
|-heal|p1a: Celesteela|100/100|[silent]
|upkeep
|turn|110
|
|t:|1639204424
|switch|p1a: Azumarill|Azumarill, F|88/100
|-damage|p1a: Azumarill|76/100|[from] Stealth Rock
|move|p2a: Skarmory|Iron Defense|p2a: Skarmory
|-boost|p2a: Skarmory|def|2
|
|-damage|p2a: Skarmory|64/100|[from] Leech Seed|[of] p1a: Azumarill
|-heal|p1a: Azumarill|85/100|[silent]
|upkeep
|turn|111
|
|t:|1639204434
|move|p2a: Skarmory|Roost|p2a: Skarmory
|-heal|p2a: Skarmory|100/100
|-singleturn|p2a: Skarmory|move: Roost
|move|p1a: Azumarill|Liquidation|p2a: Skarmory
|-damage|p2a: Skarmory|77/100
|
|-damage|p2a: Skarmory|65/100|[from] Leech Seed|[of] p1a: Azumarill
|-heal|p1a: Azumarill|95/100|[silent]
|upkeep
|turn|112
|
|t:|1639204440
|switch|p1a: Moltres|Moltres-Galar|82/100 tox
|move|p2a: Skarmory|Iron Defense|p2a: Skarmory
|-boost|p2a: Skarmory|def|2
|
|-damage|p2a: Skarmory|53/100|[from] Leech Seed|[of] p1a: Moltres
|-heal|p1a: Moltres|92/100 tox|[silent]
|-damage|p1a: Moltres|86/100 tox|[from] psn
|upkeep
|turn|113
|
|t:|1639204451
|switch|p2a: Chansey|Chansey, F|100/100
|move|p1a: Moltres|Fiery Wrath|p2a: Chansey
|-damage|p2a: Chansey|91/100
|
|-damage|p1a: Moltres|74/100 tox|[from] psn
|upkeep
|turn|114
|
|t:|1639204456
|switch|p2a: Umbreon|Umbreon, F|100/100
|move|p1a: Moltres|Fiery Wrath|p2a: Umbreon
|-resisted|p2a: Umbreon
|-damage|p2a: Umbreon|91/100
|
|-heal|p2a: Umbreon|97/100|[from] item: Leftovers
|-damage|p1a: Moltres|56/100 tox|[from] psn
|upkeep
|turn|115
|
|t:|1639204459
|move|p1a: Moltres|Rest|p1a: Moltres
|-status|p1a: Moltres|slp|[from] move: Rest
|-heal|p1a: Moltres|100/100 slp|[silent]
|move|p2a: Umbreon|Wish|p2a: Umbreon
|
|-heal|p2a: Umbreon|100/100|[from] item: Leftovers
|upkeep
|turn|116
|
|t:|1639204466
|switch|p2a: Skarmory|Skarmory, F|53/100
|cant|p1a: Moltres|slp
|move|p1a: Moltres|Sleep Talk|p1a: Moltres
|move|p1a: Moltres|Hurricane|p2a: Skarmory|[from]move: Sleep Talk
|-resisted|p2a: Skarmory
|-damage|p2a: Skarmory|26/100
|-start|p2a: Skarmory|confusion
|
|-heal|p2a: Skarmory|89/100|[from] move: Wish|[wisher] Umbreon
|upkeep
|turn|117
|
|t:|1639204477
|switch|p2a: Chansey|Chansey, F|91/100
|cant|p1a: Moltres|slp
|move|p1a: Moltres|Sleep Talk|p1a: Moltres
|move|p1a: Moltres|Rest||[from]move: Sleep Talk|[still]
|-fail|p1a: Moltres
|
|upkeep
|turn|118
|
|t:|1639204494
|switch|p1a: Mienshao|Mienshao, M|100/100 tox
|-damage|p1a: Mienshao|95/100 tox|[from] Stealth Rock
|move|p2a: Chansey|Seismic Toss|p1a: Mienshao
|-damage|p1a: Mienshao|58/100 tox
|
|-damage|p1a: Mienshao|52/100 tox|[from] psn
|upkeep
|turn|119
|
|t:|1639204501
|switch|p2a: Quagsire|Quagsire, F|100/100
|move|p1a: Mienshao|Close Combat|p2a: Quagsire
|-damage|p2a: Quagsire|53/100
|-unboost|p1a: Mienshao|def|1
|-unboost|p1a: Mienshao|spd|1
|
|-heal|p2a: Quagsire|59/100|[from] item: Leftovers
|-damage|p1a: Mienshao|40/100 tox|[from] psn
|upkeep
|turn|120
|
|t:|1639204505
|switch|p1a: Celesteela|Celesteela|100/100
|-damage|p1a: Celesteela|88/100|[from] Stealth Rock
|move|p2a: Quagsire|Recover|p2a: Quagsire
|-heal|p2a: Quagsire|100/100
|
|-heal|p1a: Celesteela|94/100|[from] item: Leftovers
|upkeep
|turn|121
|
|t:|1639204509
|switch|p2a: Chansey|Chansey, F|91/100
|move|p1a: Celesteela|Leech Seed|p2a: Chansey|[miss]
|-miss|p1a: Celesteela|p2a: Chansey
|
|-heal|p1a: Celesteela|99/100|[from] item: Leftovers
|upkeep
|turn|122
|
|t:|1639204516
|move|p1a: Celesteela|Leech Seed|p2a: Chansey
|-start|p2a: Chansey|move: Leech Seed
|move|p2a: Chansey|Seismic Toss|p1a: Celesteela
|-damage|p1a: Celesteela|75/100
|
|-heal|p1a: Celesteela|81/100|[from] item: Leftovers
|-damage|p2a: Chansey|79/100|[from] Leech Seed|[of] p1a: Celesteela
|-heal|p1a: Celesteela|100/100|[silent]
|upkeep
|turn|123
|
|t:|1639204524
|switch|p2a: Slowking|Slowking, F|100/100
|move|p1a: Celesteela|Heavy Slam|p2a: Slowking
|-resisted|p2a: Slowking
|-damage|p2a: Slowking|85/100
|
|upkeep
|turn|124
|
|t:|1639204529
|switch|p2a: Skarmory|Skarmory, F|89/100
|move|p1a: Celesteela|Seed Bomb|p2a: Skarmory
|-resisted|p2a: Skarmory
|-damage|p2a: Skarmory|86/100
|
|upkeep
|turn|125
|
|t:|1639204537
|switch|p2a: Slowking|Slowking, F|100/100
|switch|p1a: Azumarill|Azumarill, F|95/100
|-damage|p1a: Azumarill|82/100|[from] Stealth Rock
|
|upkeep
|turn|126
|
|t:|1639204545
|move|p1a: Azumarill|Play Rough|p2a: Slowking
|-damage|p2a: Slowking|40/100
|move|p2a: Slowking|Scald|p1a: Azumarill
|-resisted|p1a: Azumarill
|-damage|p1a: Azumarill|68/100
|
|upkeep
|turn|127
|
|t:|1639204550
|switch|p2a: Skarmory|Skarmory, F|86/100
|move|p1a: Azumarill|Play Rough|p2a: Skarmory|[miss]
|-miss|p1a: Azumarill|p2a: Skarmory
|
|upkeep
|turn|128
|
|t:|1639204554
|switch|p1a: Moltres|Moltres-Galar|100/100 slp
|move|p2a: Skarmory|Iron Defense|p2a: Skarmory
|-boost|p2a: Skarmory|def|2
|
|upkeep
|turn|129
|
|t:|1639204562
|switch|p2a: Chansey|Chansey, F|79/100
|-curestatus|p1a: Moltres|slp|[msg]
|move|p1a: Moltres|Fiery Wrath|p2a: Chansey
|-damage|p2a: Chansey|69/100
|
|upkeep
|turn|130
|
|t:|1639204571
|switch|p2a: Umbreon|Umbreon, F|100/100
|move|p1a: Moltres|Hurricane|p2a: Umbreon
|-damage|p2a: Umbreon|78/100
|
|-heal|p2a: Umbreon|84/100|[from] item: Leftovers
|upkeep
|turn|131
|
|t:|1639204575
|move|p1a: Moltres|Hurricane|p2a: Umbreon
|-damage|p2a: Umbreon|59/100
|move|p2a: Umbreon|Wish|p2a: Umbreon
|
|-heal|p2a: Umbreon|65/100|[from] item: Leftovers
|upkeep
|turn|132
|
|t:|1639204581
|switch|p1a: Celesteela|Celesteela|100/100
|-damage|p1a: Celesteela|88/100|[from] Stealth Rock
|move|p2a: Umbreon|Toxic|p1a: Celesteela
|-immune|p1a: Celesteela
|
|-heal|p2a: Umbreon|100/100|[from] move: Wish|[wisher] Umbreon
|-heal|p1a: Celesteela|94/100|[from] item: Leftovers
|upkeep
|turn|133
|
|t:|1639204585
|switch|p2a: Slowking|Slowking, F|74/100
|move|p1a: Celesteela|Heavy Slam|p2a: Slowking
|-resisted|p2a: Slowking
|-damage|p2a: Slowking|57/100
|
|-heal|p1a: Celesteela|99/100|[from] item: Leftovers
|upkeep
|turn|134
|
|t:|1639204591
|switch|p2a: Skarmory|Skarmory, F|86/100
|move|p1a: Celesteela|Seed Bomb|p2a: Skarmory
|-resisted|p2a: Skarmory
|-damage|p2a: Skarmory|83/100
|
|-heal|p1a: Celesteela|100/100|[from] item: Leftovers
|upkeep
|turn|135
|
|t:|1639204596
|switch|p1a: Moltres|Moltres-Galar|100/100
|move|p2a: Skarmory|Body Press|p1a: Moltres
|-damage|p1a: Moltres|67/100
|
|upkeep
|turn|136
|
|t:|1639204602
|switch|p2a: Umbreon|Umbreon, F|100/100
|move|p1a: Moltres|Fiery Wrath|p2a: Umbreon
|-resisted|p2a: Umbreon
|-damage|p2a: Umbreon|91/100
|
|-heal|p2a: Umbreon|97/100|[from] item: Leftovers
|upkeep
|turn|137
|
|t:|1639204614
|switch|p1a: Azumarill|Azumarill, F|68/100
|-damage|p1a: Azumarill|56/100|[from] Stealth Rock
|move|p2a: Umbreon|Toxic|p1a: Azumarill
|-status|p1a: Azumarill|tox
|
|-heal|p2a: Umbreon|100/100|[from] item: Leftovers
|-damage|p1a: Azumarill|50/100 tox|[from] psn
|upkeep
|turn|138
|
|t:|1639204619
|switch|p2a: Slowking|Slowking, F|91/100
|move|p1a: Azumarill|Liquidation|p2a: Slowking
|-resisted|p2a: Slowking
|-damage|p2a: Slowking|63/100
|
|-damage|p1a: Azumarill|37/100 tox|[from] psn
|upkeep
|turn|139
|
|t:|1639204627
|move|p1a: Azumarill|Liquidation|p2a: Slowking
|-resisted|p2a: Slowking
|-damage|p2a: Slowking|32/100
|-unboost|p2a: Slowking|def|1
|move|p2a: Slowking|Scald|p1a: Azumarill
|-resisted|p1a: Azumarill
|-damage|p1a: Azumarill|22/100 tox
|
|-damage|p1a: Azumarill|4/100 tox|[from] psn
|upkeep
|turn|140
|-message|UU11M DoonMunes forfeited.
|
|win|Lavaclaw
|raw|UU11M DoonMunes's rating: 1352 &rarr; <strong>1329</strong><br />(-23 for losing)
|raw|Lavaclaw's rating: 1293 &rarr; <strong>1322</strong><br />(+29 for winning)
|l|☆UU11M DoonMunes
