|j|☆nukeman2025
|j|☆SwitchingIsGreat
|t:|1663966712
|gametype|singles
|player|p1|nukeman2025|266|1331
|player|p2|SwitchingIsGreat|1|1547
|teamsize|p1|6
|teamsize|p2|6
|gen|8
|tier|[Gen 8] UU
|rated|
|rule|Sleep Clause Mod: Limit one foe put to sleep
|rule|Species Clause: Limit one of each Pokémon
|rule|OHKO Clause: OHKO moves are banned
|rule|Evasion Items Clause: Evasion items are banned
|rule|Evasion Moves Clause: Evasion moves are banned
|rule|Endless Battle Clause: Forcing endless battles is banned
|rule|HP Percentage Mod: HP is shown in percentages
|rule|Dynamax Clause: You cannot dynamax
|clearpoke
|poke|p1|Azelf|
|poke|p1|Nihilego|
|poke|p1|Conkeldurr, M|
|poke|p1|Salamence, M|
|poke|p1|Cobalion|
|poke|p1|Lucario, F|
|poke|p2|Reuniclus, F|
|poke|p2|Salamence, F|
|poke|p2|Cobalion|
|poke|p2|Primarina, F|
|poke|p2|Amoonguss, F|
|poke|p2|Hydreigon, F|
|teampreview
|
|t:|1663966725
|start
|switch|p1a: Azelf|Azelf|100/100
|switch|p2a: Hydreigon|Hydreigon, F|100/100
|turn|1
|inactive|Battle timer is ON: inactive players will automatically lose when time's up. (requested by nukeman2025)
|
|t:|1663966733
|move|p2a: Hydreigon|U-turn|p1a: Azelf
|-supereffective|p1a: Azelf
|-damage|p1a: Azelf|55/100
|
|t:|1663966738
|switch|p2a: Salamence|Salamence, F|100/100|[from]move: U-turn
|-ability|p2a: Salamence|Intimidate|boost
|-unboost|p1a: Azelf|atk|1
|move|p1a: Azelf|Stealth Rock|p2a: Salamence
|-sidestart|p2: SwitchingIsGreat|move: Stealth Rock
|
|upkeep
|turn|2
|
|t:|1663966744
|move|p1a: Azelf|Taunt|p2a: Salamence
|-start|p2a: Salamence|move: Taunt
|cant|p2a: Salamence|move: Taunt|Defog
|
|upkeep
|turn|3
|c|☆SwitchingIsGreat|why suicide lead elf
|c|☆SwitchingIsGreat|x.x
|
|t:|1663966761
|switch|p2a: Amoonguss|Amoonguss, F|100/100
|-damage|p2a: Amoonguss|88/100|[from] Stealth Rock
|move|p1a: Azelf|Knock Off|p2a: Amoonguss
|-damage|p2a: Amoonguss|73/100
|-enditem|p2a: Amoonguss|Black Sludge|[from] move: Knock Off|[of] p1a: Azelf
|
|upkeep
|turn|4
|
|t:|1663966778
|move|p1a: Azelf|Explosion|p2a: Amoonguss
|-damage|p2a: Amoonguss|32/100
|faint|p1a: Azelf
|move|p2a: Amoonguss|Spore|p1: Azelf|[notarget]
|-fail|p2a: Amoonguss
|
|upkeep
|
|t:|1663966785
|switch|p1a: Salamence|Salamence, M|100/100
|turn|5
|
|t:|1663966792
|move|p1a: Salamence|Dual Wingbeat|p2a: Amoonguss
|-supereffective|p2a: Amoonguss
|-damage|p2a: Amoonguss|2/100
|-supereffective|p2a: Amoonguss
|-damage|p2a: Amoonguss|0 fnt
|faint|p2a: Amoonguss
|-ability|p1a: Salamence|Moxie|boost
|-boost|p1a: Salamence|atk|1
|-hitcount|p2: Amoonguss|2
|
|upkeep
|
|t:|1663966797
|switch|p2a: Hydreigon|Hydreigon, F|100/100
|-damage|p2a: Hydreigon|88/100|[from] Stealth Rock
|turn|6
|
|t:|1663966801
|move|p1a: Salamence|Dual Wingbeat|p2a: Hydreigon
|-damage|p2a: Hydreigon|51/100
|-damage|p2a: Hydreigon|13/100
|-hitcount|p2a: Hydreigon|2
|move|p2a: Hydreigon|U-turn|p1a: Salamence
|-resisted|p1a: Salamence
|-damage|p1a: Salamence|91/100
|
|t:|1663966805
|switch|p2a: Salamence|Salamence, F|100/100|[from]move: U-turn
|-ability|p2a: Salamence|Intimidate|boost
|-unboost|p1a: Salamence|atk|1
|
|upkeep
|turn|7
|
|t:|1663966811
|move|p1a: Salamence|Dual Wingbeat|p2a: Salamence|[miss]
|-miss|p1a: Salamence|p2a: Salamence
|move|p2a: Salamence|Defog|p1a: Salamence
|-unboost|p1a: Salamence|evasion|1
|-sideend|p2: SwitchingIsGreat|Stealth Rock|[from] move: Defog|[of] p2a: Salamence
|
|upkeep
|turn|8
|
|t:|1663966816
|move|p1a: Salamence|Dual Wingbeat|p2a: Salamence
|-damage|p2a: Salamence|81/100
|-damage|p2a: Salamence|63/100
|-hitcount|p2a: Salamence|2
|move|p2a: Salamence|Dual Wingbeat|p1a: Salamence
|-damage|p1a: Salamence|66/100
|-damage|p1a: Salamence|41/100
|-hitcount|p1a: Salamence|2
|
|upkeep
|turn|9
|
|t:|1663966825
|switch|p1a: Nihilego|Nihilego|100/100
|move|p2a: Salamence|Roost|p2a: Salamence
|-heal|p2a: Salamence|100/100
|-singleturn|p2a: Salamence|move: Roost
|
|upkeep
|turn|10
|
|t:|1663966833
|switch|p2a: Cobalion|Cobalion|100/100
|move|p1a: Nihilego|Dazzling Gleam|p2a: Cobalion
|-damage|p2a: Cobalion|48/100
|-damage|p1a: Nihilego|91/100|[from] item: Life Orb
|
|upkeep
|turn|11
|
|t:|1663966838
|move|p2a: Cobalion|Iron Head|p1a: Nihilego
|-supereffective|p1a: Nihilego
|-crit|p1a: Nihilego
|-damage|p1a: Nihilego|0 fnt
|faint|p1a: Nihilego
|
|upkeep
|
|t:|1663966848
|switch|p1a: Conkeldurr|Conkeldurr, M|100/100
|turn|12
|
|t:|1663966854
|move|p2a: Cobalion|Stealth Rock|p1a: Conkeldurr
|-sidestart|p1: nukeman2025|move: Stealth Rock
|move|p1a: Conkeldurr|Knock Off|p2a: Cobalion
|-resisted|p2a: Cobalion
|-damage|p2a: Cobalion|31/100
|-damage|p1a: Conkeldurr|84/100|[from] item: Rocky Helmet|[of] p2a: Cobalion
|-ability|p2a: Cobalion|Justified|boost
|-boost|p2a: Cobalion|atk|1
|-enditem|p2a: Cobalion|Rocky Helmet|[from] move: Knock Off|[of] p1a: Conkeldurr
|
|-status|p1a: Conkeldurr|brn|[from] item: Flame Orb
|upkeep
|turn|13
|
|t:|1663966863
|switch|p2a: Salamence|Salamence, F|100/100
|-ability|p2a: Salamence|Intimidate|boost
|-unboost|p1a: Conkeldurr|atk|1
|move|p1a: Conkeldurr|Mach Punch|p2a: Salamence
|-resisted|p2a: Salamence
|-damage|p2a: Salamence|91/100
|
|-damage|p1a: Conkeldurr|78/100 brn|[from] brn
|upkeep
|turn|14
|
|t:|1663966871
|move|p2a: Salamence|Dual Wingbeat|p1a: Conkeldurr
|-supereffective|p1a: Conkeldurr
|-damage|p1a: Conkeldurr|45/100 brn
|-supereffective|p1a: Conkeldurr
|-damage|p1a: Conkeldurr|11/100 brn
|-hitcount|p1a: Conkeldurr|2
|move|p1a: Conkeldurr|Knock Off|p2a: Salamence
|-damage|p2a: Salamence|60/100
|-enditem|p2a: Salamence|Heavy-Duty Boots|[from] move: Knock Off|[of] p1a: Conkeldurr
|
|-damage|p1a: Conkeldurr|5/100 brn|[from] brn
|upkeep
|turn|15
|
|t:|1663966885
|switch|p2a: Cobalion|Cobalion|31/100
|switch|p1a: Cobalion|Cobalion, shiny|100/100
|-damage|p1a: Cobalion|97/100|[from] Stealth Rock
|
|-heal|p1a: Cobalion|100/100|[from] item: Leftovers
|upkeep
|turn|16
|
|t:|1663966893
|move|p2a: Cobalion|Close Combat|p1a: Cobalion
|-supereffective|p1a: Cobalion
|-damage|p1a: Cobalion|52/100
|-unboost|p2a: Cobalion|def|1
|-unboost|p2a: Cobalion|spd|1
|move|p1a: Cobalion|Close Combat|p2a: Cobalion
|-supereffective|p2a: Cobalion
|-damage|p2a: Cobalion|0 fnt
|-unboost|p1a: Cobalion|def|1
|-unboost|p1a: Cobalion|spd|1
|faint|p2a: Cobalion
|
|-heal|p1a: Cobalion|58/100|[from] item: Leftovers
|upkeep
|j| Moranfy
|
|t:|1663966915
|switch|p2a: Salamence|Salamence, F|60/100
|-ability|p2a: Salamence|Intimidate|boost
|-unboost|p1a: Cobalion|atk|1
|turn|17
|
|t:|1663966919
|move|p1a: Cobalion|Stealth Rock|p2a: Salamence
|-sidestart|p2: SwitchingIsGreat|move: Stealth Rock
|move|p2a: Salamence|Dual Wingbeat|p1a: Cobalion|[miss]
|-miss|p2a: Salamence|p1a: Cobalion
|
|-heal|p1a: Cobalion|64/100|[from] item: Leftovers
|upkeep
|turn|18
|
|t:|1663966925
|move|p1a: Cobalion|Thunder Wave|p2a: Salamence
|-status|p2a: Salamence|par
|move|p2a: Salamence|Roost|p2a: Salamence
|-heal|p2a: Salamence|100/100 par
|-singleturn|p2a: Salamence|move: Roost
|
|-heal|p1a: Cobalion|70/100|[from] item: Leftovers
|upkeep
|turn|19
|
|t:|1663966934
|switch|p1a: Conkeldurr|Conkeldurr, M|5/100 brn
|-damage|p1a: Conkeldurr|0 fnt|[from] Stealth Rock
|faint|p1a: Conkeldurr
|move|p2a: Salamence|Flamethrower|p1: Conkeldurr|[notarget]
|-fail|p2a: Salamence
|
|upkeep
|
|t:|1663966941
|switch|p1a: Salamence|Salamence, M|41/100
|-damage|p1a: Salamence|16/100|[from] Stealth Rock
|turn|20
|
|t:|1663966946
|switch|p2a: Hydreigon|Hydreigon, F|13/100
|-damage|p2a: Hydreigon|0 fnt|[from] Stealth Rock
|faint|p2a: Hydreigon
|move|p1a: Salamence|Outrage|p2: Hydreigon|[notarget]
|-fail|p1a: Salamence
|
|upkeep
|
|t:|1663966948
|switch|p2a: Primarina|Primarina, F|100/100
|-damage|p2a: Primarina|88/100|[from] Stealth Rock
|turn|21
|
|t:|1663966956
|move|p1a: Salamence|Outrage|p2a: Primarina
|-immune|p2a: Primarina
|move|p2a: Primarina|Moonblast|p1a: Salamence
|-supereffective|p1a: Salamence
|-damage|p1a: Salamence|0 fnt
|faint|p1a: Salamence
|
|-heal|p2a: Primarina|94/100|[from] item: Leftovers
|upkeep
|
|t:|1663966966
|switch|p1a: Cobalion|Cobalion, shiny|70/100
|-damage|p1a: Cobalion|67/100|[from] Stealth Rock
|turn|22
|
|t:|1663966970
|move|p1a: Cobalion|Iron Head|p2a: Primarina
|-damage|p2a: Primarina|68/100
|cant|p2a: Primarina|flinch
|
|-heal|p1a: Cobalion|74/100|[from] item: Leftovers
|-heal|p2a: Primarina|74/100|[from] item: Leftovers
|upkeep
|turn|23
|
|t:|1663966977
|switch|p2a: Salamence|Salamence, F|100/100 par
|-damage|p2a: Salamence|76/100 par|[from] Stealth Rock
|-ability|p2a: Salamence|Intimidate|boost
|-unboost|p1a: Cobalion|atk|1
|move|p1a: Cobalion|Iron Head|p2a: Salamence
|-damage|p2a: Salamence|62/100 par
|
|-heal|p1a: Cobalion|80/100|[from] item: Leftovers
|upkeep
|turn|24
|
|t:|1663966985
|move|p1a: Cobalion|Iron Head|p2a: Salamence
|-damage|p2a: Salamence|48/100 par
|move|p2a: Salamence|Flamethrower|p1a: Cobalion
|-supereffective|p1a: Cobalion
|-damage|p1a: Cobalion|32/100
|
|-heal|p1a: Cobalion|38/100|[from] item: Leftovers
|upkeep
|turn|25
|
|t:|1663966992
|move|p1a: Cobalion|Iron Head|p2a: Salamence
|-damage|p2a: Salamence|33/100 par
|move|p2a: Salamence|Flamethrower|p1a: Cobalion
|-supereffective|p1a: Cobalion
|-damage|p1a: Cobalion|0 fnt
|faint|p1a: Cobalion
|
|upkeep
|
|t:|1663966999
|switch|p1a: Lucario|Lucario, F, shiny|100/100
|-damage|p1a: Lucario|98/100|[from] Stealth Rock
|turn|26
|
|t:|1663967006
|move|p1a: Lucario|Rock Slide|p2a: Salamence
|-supereffective|p2a: Salamence
|-damage|p2a: Salamence|0 fnt
|faint|p2a: Salamence
|
|upkeep
|
|t:|1663967010
|switch|p2a: Primarina|Primarina, F|74/100
|-damage|p2a: Primarina|62/100|[from] Stealth Rock
|turn|27
|
|t:|1663967014
|move|p1a: Lucario|Rock Slide|p2a: Primarina
|-damage|p2a: Primarina|26/100
|cant|p2a: Primarina|flinch
|
|-heal|p2a: Primarina|32/100|[from] item: Leftovers
|upkeep
|turn|28
|
|t:|1663967019
|move|p1a: Lucario|Rock Slide|p2a: Primarina
|-damage|p2a: Primarina|0 fnt
|faint|p2a: Primarina
|
|upkeep
|
|t:|1663967021
|switch|p2a: Reuniclus|Reuniclus, F, shiny|100/100
|turn|29
|
|t:|1663967025
|move|p1a: Lucario|Rock Slide|p2a: Reuniclus
|-damage|p2a: Reuniclus|73/100
|move|p2a: Reuniclus|Psyshock|p1a: Lucario
|-damage|p1a: Lucario|37/100
|
|upkeep
|turn|30
|
|t:|1663967030
|move|p1a: Lucario|Rock Slide|p2a: Reuniclus
|-crit|p2a: Reuniclus
|-damage|p2a: Reuniclus|34/100
|cant|p2a: Reuniclus|flinch
|
|upkeep
|turn|31
|c|☆SwitchingIsGreat|what is this
|
|t:|1663967035
|move|p1a: Lucario|Rock Slide|p2a: Reuniclus
|-damage|p2a: Reuniclus|4/100
|move|p2a: Reuniclus|Psyshock|p1a: Lucario
|-damage|p1a: Lucario|0 fnt
|faint|p1a: Lucario
|
|win|SwitchingIsGreat
|raw|nukeman2025's rating: 1331 &rarr; <strong>1322</strong><br />(-9 for losing)
|raw|SwitchingIsGreat's rating: 1547 &rarr; <strong>1556</strong><br />(+9 for winning)
|l|☆nukeman2025
|c|☆SwitchingIsGreat|thank god
