|j|☆MasterHand
|j|☆ExiDudi
|t:|1666206373
|gametype|singles
|player|p1|MasterHand|volkner|1447
|player|p2|ExiDudi|doctor-gen8|1459
|teamsize|p1|6
|teamsize|p2|6
|gen|8
|tier|[Gen 8] UU
|rated|
|rule|Sleep Clause Mod: Limit one foe put to sleep
|rule|Species Clause: Limit one of each Pokémon
|rule|OHKO Clause: OHKO moves are banned
|rule|Evasion Items Clause: Evasion items are banned
|rule|Evasion Moves Clause: Evasion moves are banned
|rule|Endless Battle Clause: Forcing endless battles is banned
|rule|HP Percentage Mod: HP is shown in percentages
|rule|Dynamax Clause: You cannot dynamax
|clearpoke
|poke|p1|Durant, F|
|poke|p1|Zygarde-10%|
|poke|p1|Cloyster, F|
|poke|p1|Togekiss, F|
|poke|p1|Accelgor, M|
|poke|p1|Coalossal, F|
|poke|p2|Tyrantrum, M|
|poke|p2|Rotom-Wash|
|poke|p2|Umbreon, M|
|poke|p2|Chansey, F|
|poke|p2|Skarmory, F|
|poke|p2|Hippowdon, F|
|teampreview
|inactive|Battle timer is ON: inactive players will automatically lose when time's up. (requested by ExiDudi)
|
|t:|1666206398
|start
|switch|p1a: Accelgor|Accelgor, M, shiny|100/100
|switch|p2a: Tyrantrum|Tyrantrum, M|100/100
|turn|1
|
|t:|1666206404
|move|p1a: Accelgor|Final Gambit|p2a: Tyrantrum
|-damage|p2a: Tyrantrum|0 fnt
|faint|p1a: Accelgor
|faint|p2a: Tyrantrum
|
|upkeep
|
|t:|1666206420
|switch|p1a: Zygarde|Zygarde-10%|100/100
|switch|p2a: Rotom|Rotom-Wash|100/100
|-ability|p1a: Zygarde|Aura Break
|turn|2
|
|t:|1666206423
|switch|p2a: Hippowdon|Hippowdon, F|100/100
|-weather|Sandstorm|[from] ability: Sand Stream|[of] p2a: Hippowdon
|move|p1a: Zygarde|Thousand Arrows|p2a: Hippowdon
|-damage|p2a: Hippowdon|77/100
|
|-weather|Sandstorm|[upkeep]
|-heal|p2a: Hippowdon|83/100|[from] item: Leftovers
|upkeep
|turn|3
|
|t:|1666206442
|switch|p1a: Togekiss|Togekiss, F|100/100
|move|p2a: Hippowdon|Stealth Rock|p1a: Togekiss
|-sidestart|p1: MasterHand|move: Stealth Rock
|
|-weather|Sandstorm|[upkeep]
|-damage|p1a: Togekiss|94/100|[from] Sandstorm
|-heal|p2a: Hippowdon|89/100|[from] item: Leftovers
|upkeep
|turn|4
|
|t:|1666206471
|move|p1a: Togekiss|Nasty Plot|p1a: Togekiss
|-boost|p1a: Togekiss|spa|2
|move|p2a: Hippowdon|Toxic|p1a: Togekiss
|-status|p1a: Togekiss|tox
|
|-weather|Sandstorm|[upkeep]
|-damage|p1a: Togekiss|88/100 tox|[from] Sandstorm
|-heal|p2a: Hippowdon|95/100|[from] item: Leftovers
|-damage|p1a: Togekiss|82/100 tox|[from] psn
|upkeep
|turn|5
|
|t:|1666206479
|switch|p2a: Rotom|Rotom-Wash|100/100
|move|p1a: Togekiss|Heal Bell|p1a: Togekiss
|-activate|p1a: Togekiss|move: Heal Bell
|-curestatus|p1a: Togekiss|tox|[msg]
|
|-weather|Sandstorm|[upkeep]
|-damage|p2a: Rotom|94/100|[from] Sandstorm
|-damage|p1a: Togekiss|76/100|[from] Sandstorm
|upkeep
|turn|6
|
|t:|1666206489
|switch|p1a: Zygarde|Zygarde-10%|100/100
|-damage|p1a: Zygarde|94/100|[from] Stealth Rock
|-ability|p1a: Zygarde|Aura Break
|move|p2a: Rotom|Volt Switch|p1a: Zygarde
|-immune|p1a: Zygarde
|
|-weather|none
|upkeep
|turn|7
|
|t:|1666206491
|switch|p2a: Hippowdon|Hippowdon, F|95/100
|-weather|Sandstorm|[from] ability: Sand Stream|[of] p2a: Hippowdon
|move|p1a: Zygarde|Toxic|p2a: Hippowdon
|-status|p2a: Hippowdon|tox
|
|-weather|Sandstorm|[upkeep]
|-heal|p2a: Hippowdon|100/100 tox|[from] item: Leftovers
|-damage|p2a: Hippowdon|94/100 tox|[from] psn
|upkeep
|turn|8
|
|t:|1666206509
|switch|p1a: Togekiss|Togekiss, F|76/100
|-damage|p1a: Togekiss|51/100|[from] Stealth Rock
|move|p2a: Hippowdon|Toxic|p1a: Togekiss
|-status|p1a: Togekiss|tox
|
|-weather|Sandstorm|[upkeep]
|-damage|p1a: Togekiss|45/100 tox|[from] Sandstorm
|-heal|p2a: Hippowdon|100/100 tox|[from] item: Leftovers
|-damage|p1a: Togekiss|39/100 tox|[from] psn
|-damage|p2a: Hippowdon|88/100 tox|[from] psn
|upkeep
|turn|9
|
|t:|1666206515
|switch|p2a: Rotom|Rotom-Wash|94/100
|move|p1a: Togekiss|Roost|p1a: Togekiss
|-heal|p1a: Togekiss|89/100 tox
|-singleturn|p1a: Togekiss|move: Roost
|
|-weather|Sandstorm|[upkeep]
|-damage|p2a: Rotom|88/100|[from] Sandstorm
|-damage|p1a: Togekiss|83/100 tox|[from] Sandstorm
|-damage|p1a: Togekiss|71/100 tox|[from] psn
|upkeep
|turn|10
|
|t:|1666206519
|move|p2a: Rotom|Hydro Pump|p1a: Togekiss
|-damage|p1a: Togekiss|29/100 tox
|move|p1a: Togekiss|Roost|p1a: Togekiss
|-heal|p1a: Togekiss|80/100 tox
|-singleturn|p1a: Togekiss|move: Roost
|
|-weather|Sandstorm|[upkeep]
|-damage|p2a: Rotom|82/100|[from] Sandstorm
|-damage|p1a: Togekiss|73/100 tox|[from] Sandstorm
|-damage|p1a: Togekiss|55/100 tox|[from] psn
|upkeep
|turn|11
|
|t:|1666206530
|switch|p1a: Zygarde|Zygarde-10%|94/100
|-damage|p1a: Zygarde|88/100|[from] Stealth Rock
|-ability|p1a: Zygarde|Aura Break
|move|p2a: Rotom|Hydro Pump|p1a: Zygarde
|-damage|p1a: Zygarde|29/100
|
|-weather|none
|upkeep
|turn|12
|
|t:|1666206534
|move|p1a: Zygarde|Thousand Arrows|p2a: Rotom
|-supereffective|p2a: Rotom
|-damage|p2a: Rotom|3/100
|-start|p2a: Rotom|Smack Down
|move|p2a: Rotom|Hydro Pump|p1a: Zygarde
|-damage|p1a: Zygarde|0 fnt
|faint|p1a: Zygarde
|
|upkeep
|
|t:|1666206540
|switch|p1a: Coalossal|Coalossal, F|100/100
|turn|13
|
|t:|1666206544
|move|p2a: Rotom|Hydro Pump|p1a: Coalossal
|-supereffective|p1a: Coalossal
|-damage|p1a: Coalossal|0 fnt
|faint|p1a: Coalossal
|
|upkeep
|
|t:|1666206552
|switch|p1a: Durant|Durant, F|100/100
|-damage|p1a: Durant|88/100|[from] Stealth Rock
|turn|14
|inactive|MasterHand has 120 seconds left.
|
|t:|1666206584
|switch|p2a: Skarmory|Skarmory, F|100/100
|move|p1a: Durant|Entrainment|p2a: Skarmory
|-endability|p2a: Skarmory|Sturdy|[from] move: Entrainment
|-ability|p2a: Skarmory|Truant|[from] move: Entrainment
|
|upkeep
|turn|15
|
|t:|1666206591
|cant|p1a: Durant|ability: Truant
|move|p2a: Skarmory|Body Press|p1a: Durant
|-damage|p1a: Durant|52/100
|
|upkeep
|turn|16
|
|t:|1666206597
|switch|p2a: Hippowdon|Hippowdon, F|88/100 tox
|-weather|Sandstorm|[from] ability: Sand Stream|[of] p2a: Hippowdon
|move|p1a: Durant|Entrainment|p2a: Hippowdon
|-endability|p2a: Hippowdon|Sand Stream|[from] move: Entrainment
|-ability|p2a: Hippowdon|Truant|[from] move: Entrainment
|
|-weather|Sandstorm|[upkeep]
|-heal|p2a: Hippowdon|94/100 tox|[from] item: Leftovers
|-damage|p2a: Hippowdon|88/100 tox|[from] psn
|upkeep
|turn|17
|
|t:|1666206604
|switch|p2a: Skarmory|Skarmory, F|100/100
|cant|p1a: Durant|ability: Truant
|
|-weather|Sandstorm|[upkeep]
|upkeep
|turn|18
|j| amogusroxyrrrr
|
|t:|1666206607
|move|p1a: Durant|Entrainment|p2a: Skarmory
|-endability|p2a: Skarmory|Sturdy|[from] move: Entrainment
|-ability|p2a: Skarmory|Truant|[from] move: Entrainment
|move|p2a: Skarmory|Body Press|p1a: Durant
|-damage|p1a: Durant|14/100
|
|-weather|Sandstorm|[upkeep]
|upkeep
|turn|19
|
|t:|1666206622
|switch|p2a: Umbreon|Umbreon, M|100/100
|cant|p1a: Durant|ability: Truant
|
|-weather|Sandstorm|[upkeep]
|-damage|p2a: Umbreon|94/100|[from] Sandstorm
|-heal|p2a: Umbreon|100/100|[from] item: Leftovers
|upkeep
|turn|20
|
|t:|1666206630
|switch|p1a: Togekiss|Togekiss, F|55/100 tox
|-damage|p1a: Togekiss|30/100 tox|[from] Stealth Rock
|move|p2a: Umbreon|Foul Play|p1a: Togekiss
|-resisted|p1a: Togekiss
|-damage|p1a: Togekiss|23/100 tox
|
|-weather|none
|-damage|p1a: Togekiss|17/100 tox|[from] psn
|upkeep
|turn|21
|
|t:|1666206639
|switch|p2a: Rotom|Rotom-Wash|3/100
|move|p1a: Togekiss|Roost|p1a: Togekiss
|-heal|p1a: Togekiss|67/100 tox
|-singleturn|p1a: Togekiss|move: Roost
|
|-damage|p1a: Togekiss|55/100 tox|[from] psn
|upkeep
|turn|22
|
|t:|1666206644
|move|p2a: Rotom|Volt Switch|p1a: Togekiss
|-supereffective|p1a: Togekiss
|-damage|p1a: Togekiss|8/100 tox
|
|t:|1666206647
|switch|p2a: Skarmory|Skarmory, F|100/100|[from]move: Volt Switch
|move|p1a: Togekiss|Air Slash|p2a: Skarmory
|-resisted|p2a: Skarmory
|-damage|p2a: Skarmory|76/100
|
|-damage|p1a: Togekiss|0 fnt|[from] psn
|faint|p1a: Togekiss
|upkeep
|
|t:|1666206652
|switch|p1a: Durant|Durant, F|14/100
|-damage|p1a: Durant|2/100|[from] Stealth Rock
|turn|23
|
|t:|1666206657
|switch|p2a: Rotom|Rotom-Wash|3/100
|move|p1a: Durant|Entrainment|p2a: Rotom
|-endability|p2a: Rotom|Levitate|[from] move: Entrainment
|-ability|p2a: Rotom|Truant|[from] move: Entrainment
|
|upkeep
|turn|24
|
|t:|1666206662
|cant|p1a: Durant|ability: Truant
|move|p2a: Rotom|Volt Switch|p1a: Durant
|-damage|p1a: Durant|0 fnt
|faint|p1a: Durant
|
|t:|1666206664
|switch|p2a: Skarmory|Skarmory, F|76/100|[from]move: Volt Switch
|
|upkeep
|
|t:|1666206667
|switch|p1a: Cloyster|Cloyster, F, shiny|100/100
|-damage|p1a: Cloyster|76/100|[from] Stealth Rock
|turn|25
|
|t:|1666206672
|move|p1a: Cloyster|Shell Smash|p1a: Cloyster
|-unboost|p1a: Cloyster|def|1
|-unboost|p1a: Cloyster|spd|1
|-boost|p1a: Cloyster|atk|2
|-boost|p1a: Cloyster|spa|2
|-boost|p1a: Cloyster|spe|2
|move|p2a: Skarmory|Body Press|p1a: Cloyster
|-supereffective|p1a: Cloyster
|-damage|p1a: Cloyster|3/100
|
|upkeep
|turn|26
|
|t:|1666206674
|move|p1a: Cloyster|Icicle Spear|p2a: Skarmory
|-damage|p2a: Skarmory|62/100
|-damage|p2a: Skarmory|48/100
|-damage|p2a: Skarmory|33/100
|-damage|p2a: Skarmory|19/100
|-damage|p2a: Skarmory|3/100
|-hitcount|p2a: Skarmory|5
|move|p2a: Skarmory|Body Press|p1a: Cloyster
|-supereffective|p1a: Cloyster
|-damage|p1a: Cloyster|0 fnt
|faint|p1a: Cloyster
|
|win|ExiDudi
|raw|MasterHand's rating: 1447 &rarr; <strong>1428</strong><br />(-19 for losing)
|raw|ExiDudi's rating: 1459 &rarr; <strong>1478</strong><br />(+19 for winning)
|l|☆ExiDudi
||Ladder isn't responding, score probably updated but might not have (Request timeout).
|l| amogusroxyrrrr
|j| amogusroxyrrrr
