|j|☆hzld
|j|☆SwitchingIsGreat
|t:|1662364055
|gametype|singles
|player|p1|hzld|roughneck-gen4|1334
|player|p2|SwitchingIsGreat|266|1512
|teamsize|p1|6
|teamsize|p2|6
|gen|8
|tier|[Gen 8] UU
|rated|
|rule|Sleep Clause Mod: Limit one foe put to sleep
|rule|Species Clause: Limit one of each Pokémon
|rule|OHKO Clause: OHKO moves are banned
|rule|Evasion Items Clause: Evasion items are banned
|rule|Evasion Moves Clause: Evasion moves are banned
|rule|Endless Battle Clause: Forcing endless battles is banned
|rule|HP Percentage Mod: HP is shown in percentages
|rule|Dynamax Clause: You cannot dynamax
|clearpoke
|poke|p1|Amoonguss, F|
|poke|p1|Kingdra, M|
|poke|p1|Scizor, M|
|poke|p1|Skarmory, F|
|poke|p1|Crawdaunt, M|
|poke|p1|Politoed, F|
|poke|p2|Gastrodon-East, F|
|poke|p2|Chandelure, M|
|poke|p2|Cobalion|
|poke|p2|Hippowdon, F|
|poke|p2|Excadrill, F|
|poke|p2|Salamence, M|
|teampreview
|
|t:|1662364064
|start
|switch|p1a: Politoed|Politoed, F|100/100
|switch|p2a: Cobalion|Cobalion|100/100
|-weather|RainDance|[from] ability: Drizzle|[of] p1a: Politoed
|turn|1
|inactive|Battle timer is ON: inactive players will automatically lose when time's up. (requested by hzld)
|
|t:|1662364074
|move|p2a: Cobalion|Volt Switch|p1a: Politoed
|-supereffective|p1a: Politoed
|-damage|p1a: Politoed|78/100
|
|t:|1662364078
|switch|p2a: Gastrodon|Gastrodon-East, F, shiny|100/100|[from]move: Volt Switch
|move|p1a: Politoed|Toxic|p2a: Gastrodon
|-status|p2a: Gastrodon|tox
|
|-weather|RainDance|[upkeep]
|-damage|p2a: Gastrodon|94/100 tox|[from] psn
|upkeep
|turn|2
|
|t:|1662364089
|switch|p1a: Amoonguss|Amoonguss, F|100/100
|switch|p2a: Hippowdon|Hippowdon, F|100/100
|-weather|Sandstorm|[from] ability: Sand Stream|[of] p2a: Hippowdon
|
|-weather|Sandstorm|[upkeep]
|-damage|p1a: Amoonguss|94/100|[from] Sandstorm
|-heal|p1a: Amoonguss|100/100|[from] item: Black Sludge
|upkeep
|turn|3
|j| GrandmaGoose
|
|t:|1662364098
|move|p2a: Hippowdon|Stealth Rock|p1a: Amoonguss
|-sidestart|p1: hzld|move: Stealth Rock
|move|p1a: Amoonguss|Giga Drain|p2a: Hippowdon
|-supereffective|p2a: Hippowdon
|-damage|p2a: Hippowdon|62/100
|
|-weather|Sandstorm|[upkeep]
|-damage|p1a: Amoonguss|94/100|[from] Sandstorm
|-heal|p1a: Amoonguss|100/100|[from] item: Black Sludge
|upkeep
|turn|4
|
|t:|1662364106
|move|p2a: Hippowdon|Slack Off|p2a: Hippowdon
|-heal|p2a: Hippowdon|100/100
|move|p1a: Amoonguss|Spore|p2a: Hippowdon
|-status|p2a: Hippowdon|slp|[from] move: Spore
|
|-weather|Sandstorm|[upkeep]
|-damage|p1a: Amoonguss|94/100|[from] Sandstorm
|-heal|p1a: Amoonguss|100/100|[from] item: Black Sludge
|upkeep
|turn|5
|
|t:|1662364115
|switch|p1a: Skarmory|Skarmory, F|100/100
|-damage|p1a: Skarmory|88/100|[from] Stealth Rock
|cant|p2a: Hippowdon|slp
|
|-weather|Sandstorm|[upkeep]
|upkeep
|turn|6
|
|t:|1662364122
|switch|p2a: Chandelure|Chandelure, M, shiny|100/100
|move|p1a: Skarmory|Defog|p2a: Chandelure
|-unboost|p2a: Chandelure|evasion|1
|-sideend|p1: hzld|Stealth Rock|[from] move: Defog|[of] p1a: Skarmory
|
|-weather|Sandstorm|[upkeep]
|-damage|p2a: Chandelure|95/100|[from] Sandstorm
|upkeep
|turn|7
|
|t:|1662364141
|switch|p1a: Kingdra|Kingdra, M|100/100
|move|p2a: Chandelure|Toxic|p1a: Kingdra
|-status|p1a: Kingdra|tox
|
|-weather|Sandstorm|[upkeep]
|-damage|p1a: Kingdra|94/100 tox|[from] Sandstorm
|-damage|p2a: Chandelure|89/100|[from] Sandstorm
|-damage|p1a: Kingdra|88/100 tox|[from] psn
|upkeep
|turn|8
|
|t:|1662364150
|switch|p2a: Gastrodon|Gastrodon-East, F, shiny|94/100 tox
|move|p1a: Kingdra|Surf|p2a: Gastrodon
|-ability|p2a: Gastrodon|Storm Drain|boost
|-boost|p2a: Gastrodon|spa|1
|
|-weather|Sandstorm|[upkeep]
|-damage|p1a: Kingdra|82/100 tox|[from] Sandstorm
|-damage|p1a: Kingdra|70/100 tox|[from] psn
|-damage|p2a: Gastrodon|88/100 tox|[from] psn
|upkeep
|turn|9
|
|t:|1662364161
|switch|p1a: Amoonguss|Amoonguss, F|100/100
|switch|p2a: Hippowdon|Hippowdon, F|100/100 slp
|
|-weather|none
|upkeep
|turn|10
|
|t:|1662364167
|-curestatus|p2a: Hippowdon|slp|[msg]
|move|p2a: Hippowdon|Stealth Rock|p1a: Amoonguss
|-sidestart|p1: hzld|move: Stealth Rock
|move|p1a: Amoonguss|Giga Drain|p2a: Hippowdon
|-supereffective|p2a: Hippowdon
|-damage|p2a: Hippowdon|63/100
|
|upkeep
|turn|11
|
|t:|1662364175
|switch|p2a: Salamence|Salamence, M|100/100
|-ability|p2a: Salamence|Intimidate|boost
|-unboost|p1a: Amoonguss|atk|1
|move|p1a: Amoonguss|Giga Drain|p2a: Salamence
|-resisted|p2a: Salamence
|-damage|p2a: Salamence|94/100
|
|upkeep
|turn|12
|
|t:|1662364182
|move|p1a: Amoonguss|Protect|p1a: Amoonguss
|-singleturn|p1a: Amoonguss|Protect
|move|p2a: Salamence|Dual Wingbeat|p1a: Amoonguss
|-activate|p1a: Amoonguss|move: Protect
|
|upkeep
|turn|13
|
|t:|1662364188
|switch|p1a: Skarmory|Skarmory, F|88/100
|-damage|p1a: Skarmory|75/100|[from] Stealth Rock
|move|p2a: Salamence|Dual Wingbeat|p1a: Skarmory
|-resisted|p1a: Skarmory
|-damage|p1a: Skarmory|68/100
|-damage|p2a: Salamence|78/100|[from] item: Rocky Helmet|[of] p1a: Skarmory
|-ability|p1a: Skarmory|Weak Armor|boost
|-unboost|p1a: Skarmory|def|1
|-boost|p1a: Skarmory|spe|2
|-resisted|p1a: Skarmory
|-damage|p1a: Skarmory|56/100
|-damage|p2a: Salamence|61/100|[from] item: Rocky Helmet|[of] p1a: Skarmory
|-ability|p1a: Skarmory|Weak Armor|boost
|-unboost|p1a: Skarmory|def|1
|-boost|p1a: Skarmory|spe|2
|-hitcount|p1a: Skarmory|2
|
|upkeep
|turn|14
|c|☆SwitchingIsGreat|yoooo
|c|☆SwitchingIsGreat|what
|c|☆SwitchingIsGreat|XD
|
|t:|1662364204
|move|p1a: Skarmory|Iron Defense|p1a: Skarmory
|-boost|p1a: Skarmory|def|2
|move|p2a: Salamence|Flamethrower|p1a: Skarmory
|-supereffective|p1a: Skarmory
|-damage|p1a: Skarmory|16/100
|
|upkeep
|turn|15
|
|t:|1662364216
|move|p1a: Skarmory|Roost|p1a: Skarmory
|-heal|p1a: Skarmory|66/100
|-singleturn|p1a: Skarmory|move: Roost
|move|p2a: Salamence|Flamethrower|p1a: Skarmory
|-supereffective|p1a: Skarmory
|-damage|p1a: Skarmory|27/100
|
|upkeep
|turn|16
|
|t:|1662364223
|switch|p2a: Chandelure|Chandelure, M, shiny|89/100
|move|p1a: Skarmory|Roost|p1a: Skarmory
|-heal|p1a: Skarmory|77/100
|-singleturn|p1a: Skarmory|move: Roost
|
|upkeep
|turn|17
|
|t:|1662364231
|switch|p1a: Politoed|Politoed, F|78/100
|-damage|p1a: Politoed|65/100|[from] Stealth Rock
|-weather|RainDance|[from] ability: Drizzle|[of] p1a: Politoed
|move|p2a: Chandelure|Flamethrower|p1a: Politoed
|-resisted|p1a: Politoed
|-damage|p1a: Politoed|53/100
|
|-weather|RainDance|[upkeep]
|upkeep
|turn|18
|
|t:|1662364240
|switch|p2a: Gastrodon|Gastrodon-East, F, shiny|88/100 tox
|move|p1a: Politoed|Rest|p1a: Politoed
|-status|p1a: Politoed|slp|[from] move: Rest
|-heal|p1a: Politoed|100/100 slp|[silent]
|
|-weather|RainDance|[upkeep]
|-damage|p2a: Gastrodon|82/100 tox|[from] psn
|upkeep
|turn|19
|
|t:|1662364253
|switch|p1a: Amoonguss|Amoonguss, F|100/100
|-damage|p1a: Amoonguss|88/100|[from] Stealth Rock
|switch|p2a: Hippowdon|Hippowdon, F|63/100
|-weather|Sandstorm|[from] ability: Sand Stream|[of] p2a: Hippowdon
|
|-weather|Sandstorm|[upkeep]
|-damage|p1a: Amoonguss|82/100|[from] Sandstorm
|-heal|p1a: Amoonguss|88/100|[from] item: Black Sludge
|upkeep
|turn|20
|c|☆hzld|hf
|inactive|SwitchingIsGreat has 120 seconds left.
|
|t:|1662364305
|switch|p2a: Salamence|Salamence, M|61/100
|-ability|p2a: Salamence|Intimidate|boost
|-unboost|p1a: Amoonguss|atk|1
|move|p1a: Amoonguss|Sludge Bomb|p2a: Salamence
|-damage|p2a: Salamence|31/100
|
|-weather|Sandstorm|[upkeep]
|-damage|p2a: Salamence|25/100|[from] Sandstorm
|-damage|p1a: Amoonguss|82/100|[from] Sandstorm
|-heal|p1a: Amoonguss|88/100|[from] item: Black Sludge
|upkeep
|turn|21
|c|☆hzld|i want to 1400
|c|☆hzld|ican?
|
|t:|1662364317
|move|p1a: Amoonguss|Protect|p1a: Amoonguss
|-singleturn|p1a: Amoonguss|Protect
|move|p2a: Salamence|Roost|p2a: Salamence
|-heal|p2a: Salamence|75/100
|-singleturn|p2a: Salamence|move: Roost
|
|-weather|Sandstorm|[upkeep]
|-damage|p2a: Salamence|69/100|[from] Sandstorm
|-damage|p1a: Amoonguss|82/100|[from] Sandstorm
|-heal|p1a: Amoonguss|88/100|[from] item: Black Sludge
|upkeep
|turn|22
|c|☆SwitchingIsGreat|idk
|
|t:|1662364333
|switch|p1a: Politoed|Politoed, F|100/100 slp
|-damage|p1a: Politoed|88/100 slp|[from] Stealth Rock
|-weather|RainDance|[from] ability: Drizzle|[of] p1a: Politoed
|move|p2a: Salamence|Flamethrower|p1a: Politoed
|-resisted|p1a: Politoed
|-damage|p1a: Politoed|84/100 slp
|
|-weather|RainDance|[upkeep]
|upkeep
|turn|23
|
|t:|1662364342
|switch|p2a: Hippowdon|Hippowdon, F|63/100
|-weather|Sandstorm|[from] ability: Sand Stream|[of] p2a: Hippowdon
|cant|p1a: Politoed|slp
|move|p1a: Politoed|Sleep Talk|p1a: Politoed
|move|p1a: Politoed|Scald|p2a: Hippowdon|[from]move: Sleep Talk
|-supereffective|p2a: Hippowdon
|-damage|p2a: Hippowdon|16/100
|-status|p2a: Hippowdon|brn
|
|-weather|Sandstorm|[upkeep]
|-damage|p1a: Politoed|77/100 slp|[from] Sandstorm
|-damage|p2a: Hippowdon|10/100 brn|[from] brn
|upkeep
|turn|24
|
|t:|1662364355
|cant|p1a: Politoed|slp
|move|p1a: Politoed|Sleep Talk|p1a: Politoed
|move|p1a: Politoed|Toxic||[from]move: Sleep Talk|[still]
|-fail|p1a: Politoed
|move|p2a: Hippowdon|Slack Off|p2a: Hippowdon
|-heal|p2a: Hippowdon|60/100 brn
|
|-weather|Sandstorm|[upkeep]
|-damage|p1a: Politoed|71/100 slp|[from] Sandstorm
|-damage|p2a: Hippowdon|54/100 brn|[from] brn
|upkeep
|turn|25
|
|t:|1662364365
|switch|p2a: Gastrodon|Gastrodon-East, F, shiny|82/100 tox
|-curestatus|p1a: Politoed|slp|[msg]
|move|p1a: Politoed|Scald|p2a: Gastrodon
|-ability|p2a: Gastrodon|Storm Drain|boost
|-boost|p2a: Gastrodon|spa|1
|
|-weather|Sandstorm|[upkeep]
|-damage|p1a: Politoed|65/100|[from] Sandstorm
|-damage|p2a: Gastrodon|76/100 tox|[from] psn
|upkeep
|turn|26
|
|t:|1662364377
|switch|p1a: Amoonguss|Amoonguss, F|100/100
|-damage|p1a: Amoonguss|88/100|[from] Stealth Rock
|move|p2a: Gastrodon|Earth Power|p1a: Amoonguss
|-damage|p1a: Amoonguss|61/100
|-unboost|p1a: Amoonguss|spd|1
|
|-weather|Sandstorm|[upkeep]
|-damage|p1a: Amoonguss|55/100|[from] Sandstorm
|-heal|p1a: Amoonguss|61/100|[from] item: Black Sludge
|-damage|p2a: Gastrodon|63/100 tox|[from] psn
|upkeep
|turn|27
|
|t:|1662364395
|switch|p2a: Salamence|Salamence, M|69/100
|-ability|p2a: Salamence|Intimidate|boost
|-unboost|p1a: Amoonguss|atk|1
|move|p1a: Amoonguss|Sludge Bomb|p2a: Salamence
|-damage|p2a: Salamence|39/100
|
|-weather|Sandstorm|[upkeep]
|-damage|p2a: Salamence|33/100|[from] Sandstorm
|-damage|p1a: Amoonguss|55/100|[from] Sandstorm
|-heal|p1a: Amoonguss|61/100|[from] item: Black Sludge
|upkeep
|turn|28
|
|t:|1662364409
|switch|p1a: Skarmory|Skarmory, F|77/100
|-damage|p1a: Skarmory|65/100|[from] Stealth Rock
|move|p2a: Salamence|Roost|p2a: Salamence
|-heal|p2a: Salamence|83/100
|-singleturn|p2a: Salamence|move: Roost
|
|-weather|Sandstorm|[upkeep]
|-damage|p2a: Salamence|77/100|[from] Sandstorm
|upkeep
|turn|29
|
|t:|1662364419
|switch|p2a: Chandelure|Chandelure, M, shiny|89/100
|move|p1a: Skarmory|Defog|p2a: Chandelure
|-unboost|p2a: Chandelure|evasion|1
|-sideend|p1: hzld|Stealth Rock|[from] move: Defog|[of] p1a: Skarmory
|
|-weather|Sandstorm|[upkeep]
|-damage|p2a: Chandelure|83/100|[from] Sandstorm
|upkeep
|turn|30
|l| GrandmaGoose
|
|t:|1662364428
|switch|p1a: Amoonguss|Amoonguss, F|94/100
|move|p2a: Chandelure|Hex|p1a: Amoonguss
|-damage|p1a: Amoonguss|67/100
|
|-weather|none
|-heal|p1a: Amoonguss|73/100|[from] item: Black Sludge
|upkeep
|turn|31
|
|t:|1662364437
|switch|p1a: Politoed|Politoed, F|65/100
|-weather|RainDance|[from] ability: Drizzle|[of] p1a: Politoed
|move|p2a: Chandelure|Taunt|p1a: Politoed
|-start|p1a: Politoed|move: Taunt
|
|-weather|RainDance|[upkeep]
|upkeep
|turn|32
|
|t:|1662364445
|switch|p2a: Gastrodon|Gastrodon-East, F, shiny|63/100 tox
|move|p1a: Politoed|Scald|p2a: Gastrodon
|-ability|p2a: Gastrodon|Storm Drain|boost
|-boost|p2a: Gastrodon|spa|1
|
|-weather|RainDance|[upkeep]
|-damage|p2a: Gastrodon|57/100 tox|[from] psn
|upkeep
|turn|33
|
|t:|1662364454
|switch|p2a: Hippowdon|Hippowdon, F|54/100 brn
|-weather|Sandstorm|[from] ability: Sand Stream|[of] p2a: Hippowdon
|move|p1a: Politoed|Scald|p2a: Hippowdon
|-supereffective|p2a: Hippowdon
|-damage|p2a: Hippowdon|8/100 brn
|
|-weather|Sandstorm|[upkeep]
|-damage|p1a: Politoed|59/100|[from] Sandstorm
|-damage|p2a: Hippowdon|2/100 brn|[from] brn
|-end|p1a: Politoed|move: Taunt
|upkeep
|turn|34
|
|t:|1662364466
|switch|p2a: Gastrodon|Gastrodon-East, F, shiny|57/100 tox
|move|p1a: Politoed|Scald|p2a: Gastrodon
|-ability|p2a: Gastrodon|Storm Drain|boost
|-boost|p2a: Gastrodon|spa|1
|
|-weather|Sandstorm|[upkeep]
|-damage|p1a: Politoed|52/100|[from] Sandstorm
|-damage|p2a: Gastrodon|51/100 tox|[from] psn
|upkeep
|turn|35
|
|t:|1662364476
|switch|p1a: Amoonguss|Amoonguss, F|100/100
|move|p2a: Gastrodon|Recover|p2a: Gastrodon
|-heal|p2a: Gastrodon|100/100 tox
|
|-weather|Sandstorm|[upkeep]
|-damage|p1a: Amoonguss|94/100|[from] Sandstorm
|-heal|p1a: Amoonguss|100/100|[from] item: Black Sludge
|-damage|p2a: Gastrodon|88/100 tox|[from] psn
|upkeep
|turn|36
|
|t:|1662364495
|switch|p2a: Cobalion|Cobalion|100/100
|move|p1a: Amoonguss|Spore|p2a: Cobalion
|-status|p2a: Cobalion|slp|[from] move: Spore
|
|-weather|Sandstorm|[upkeep]
|-damage|p1a: Amoonguss|94/100|[from] Sandstorm
|-heal|p1a: Amoonguss|100/100|[from] item: Black Sludge
|upkeep
|turn|37
|
|t:|1662364504
|switch|p2a: Excadrill|Excadrill, F, shiny|100/100
|switch|p1a: Skarmory|Skarmory, F|65/100
|
|-weather|Sandstorm|[upkeep]
|upkeep
|turn|38
|inactive|SwitchingIsGreat has 120 seconds left.
|
|t:|1662364546
|move|p2a: Excadrill|Swords Dance|p2a: Excadrill
|-boost|p2a: Excadrill|atk|2
|move|p1a: Skarmory|Iron Defense|p1a: Skarmory
|-boost|p1a: Skarmory|def|2
|
|-weather|Sandstorm|[upkeep]
|upkeep
|turn|39
|
|t:|1662364553
|switch|p2a: Chandelure|Chandelure, M, shiny|83/100
|move|p1a: Skarmory|Body Press|p2a: Chandelure
|-immune|p2a: Chandelure
|
|-weather|Sandstorm|[upkeep]
|-damage|p2a: Chandelure|77/100|[from] Sandstorm
|upkeep
|turn|40
|inactive|SwitchingIsGreat has 120 seconds left.
|
|t:|1662364573
|switch|p1a: Politoed|Politoed, F|52/100
|-weather|RainDance|[from] ability: Drizzle|[of] p1a: Politoed
|move|p2a: Chandelure|Hex|p1a: Politoed
|-damage|p1a: Politoed|18/100
|
|-weather|RainDance|[upkeep]
|upkeep
|turn|41
|inactive|SwitchingIsGreat has 120 seconds left.
|
|t:|1662364585
|switch|p1a: Crawdaunt|Crawdaunt, M|100/100
|move|p2a: Chandelure|Hex|p1a: Crawdaunt
|-resisted|p1a: Crawdaunt
|-damage|p1a: Crawdaunt|58/100
|
|-weather|RainDance|[upkeep]
|upkeep
|turn|42
|
|t:|1662364595
|switch|p2a: Cobalion|Cobalion|100/100 slp
|move|p1a: Crawdaunt|Knock Off|p2a: Cobalion
|-resisted|p2a: Cobalion
|-damage|p2a: Cobalion|73/100 slp
|-damage|p1a: Crawdaunt|41/100|[from] item: Rocky Helmet|[of] p2a: Cobalion
|-ability|p2a: Cobalion|Justified|boost
|-boost|p2a: Cobalion|atk|1
|-enditem|p2a: Cobalion|Rocky Helmet|[from] move: Knock Off|[of] p1a: Crawdaunt
|
|-weather|RainDance|[upkeep]
|upkeep
|turn|43
|
|t:|1662364605
|switch|p2a: Salamence|Salamence, M|77/100
|-ability|p2a: Salamence|Intimidate|boost
|-unboost|p1a: Crawdaunt|atk|1
|move|p1a: Crawdaunt|Liquidation|p2a: Salamence
|-resisted|p2a: Salamence
|-damage|p2a: Salamence|53/100
|
|-weather|RainDance|[upkeep]
|upkeep
|turn|44
|
|t:|1662364616
|switch|p1a: Skarmory|Skarmory, F|65/100
|move|p2a: Salamence|Roost|p2a: Salamence
|-heal|p2a: Salamence|100/100
|-singleturn|p2a: Salamence|move: Roost
|
|-weather|RainDance|[upkeep]
|upkeep
|turn|45
|
|t:|1662364624
|switch|p2a: Chandelure|Chandelure, M, shiny|77/100
|move|p1a: Skarmory|Roost|p1a: Skarmory
|-heal|p1a: Skarmory|100/100
|-singleturn|p1a: Skarmory|move: Roost
|
|-weather|RainDance|[upkeep]
|upkeep
|turn|46
|
|t:|1662364632
|switch|p1a: Kingdra|Kingdra, M|70/100 tox
|move|p2a: Chandelure|Taunt|p1a: Kingdra
|-start|p1a: Kingdra|move: Taunt
|
|-weather|RainDance|[upkeep]
|-damage|p1a: Kingdra|63/100 tox|[from] psn
|upkeep
|turn|47
|
|t:|1662364640
|switch|p2a: Gastrodon|Gastrodon-East, F, shiny|88/100 tox
|move|p1a: Kingdra|Hurricane|p2a: Gastrodon
|-damage|p2a: Gastrodon|56/100 tox
|-damage|p1a: Kingdra|53/100 tox|[from] item: Life Orb
|
|-weather|none
|-damage|p1a: Kingdra|41/100 tox|[from] psn
|-damage|p2a: Gastrodon|50/100 tox|[from] psn
|upkeep
|turn|48
|
|t:|1662364651
|switch|p1a: Crawdaunt|Crawdaunt, M|41/100
|move|p2a: Gastrodon|Recover|p2a: Gastrodon
|-heal|p2a: Gastrodon|99/100 tox
|
|-damage|p2a: Gastrodon|87/100 tox|[from] psn
|upkeep
|turn|49
|
|t:|1662364658
|switch|p2a: Salamence|Salamence, M|100/100
|-ability|p2a: Salamence|Intimidate|boost
|-unboost|p1a: Crawdaunt|atk|1
|move|p1a: Crawdaunt|Knock Off|p2a: Salamence
|-damage|p2a: Salamence|63/100
|-enditem|p2a: Salamence|Heavy-Duty Boots|[from] move: Knock Off|[of] p1a: Crawdaunt
|
|upkeep
|turn|50
|
|t:|1662364677
|switch|p1a: Skarmory|Skarmory, F|100/100
|move|p2a: Salamence|Flamethrower|p1a: Skarmory
|-supereffective|p1a: Skarmory
|-damage|p1a: Skarmory|58/100
|
|upkeep
|turn|51
|
|t:|1662364685
|move|p2a: Salamence|Flamethrower|p1a: Skarmory
|-supereffective|p1a: Skarmory
|-damage|p1a: Skarmory|15/100
|move|p1a: Skarmory|Roost|p1a: Skarmory
|-heal|p1a: Skarmory|65/100
|-singleturn|p1a: Skarmory|move: Roost
|
|upkeep
|turn|52
|
|t:|1662364693
|switch|p1a: Politoed|Politoed, F|18/100
|-weather|RainDance|[from] ability: Drizzle|[of] p1a: Politoed
|move|p2a: Salamence|Flamethrower|p1a: Politoed
|-resisted|p1a: Politoed
|-damage|p1a: Politoed|14/100
|
|-weather|RainDance|[upkeep]
|upkeep
|turn|53
|
|t:|1662364702
|move|p2a: Salamence|Dual Wingbeat|p1a: Politoed
|-damage|p1a: Politoed|0 fnt
|faint|p1a: Politoed
|-hitcount|p1: Politoed|1
|
|-weather|RainDance|[upkeep]
|upkeep
|
|t:|1662364707
|switch|p1a: Kingdra|Kingdra, M|41/100 tox
|turn|54
|
|t:|1662364710
|switch|p2a: Hippowdon|Hippowdon, F|2/100 brn
|-weather|Sandstorm|[from] ability: Sand Stream|[of] p2a: Hippowdon
|move|p1a: Kingdra|Ice Beam|p2a: Hippowdon
|-supereffective|p2a: Hippowdon
|-damage|p2a: Hippowdon|0 fnt
|faint|p2a: Hippowdon
|-damage|p1a: Kingdra|31/100 tox|[from] item: Life Orb
|
|-weather|Sandstorm|[upkeep]
|-damage|p1a: Kingdra|25/100 tox|[from] Sandstorm
|-damage|p1a: Kingdra|19/100 tox|[from] psn
|upkeep
|
|t:|1662364718
|switch|p2a: Excadrill|Excadrill, F, shiny|100/100
|turn|55
|
|t:|1662364724
|switch|p1a: Skarmory|Skarmory, F|65/100
|move|p2a: Excadrill|Iron Head|p1a: Skarmory
|-resisted|p1a: Skarmory
|-damage|p1a: Skarmory|40/100
|-damage|p2a: Excadrill|84/100|[from] item: Rocky Helmet|[of] p1a: Skarmory
|-ability|p1a: Skarmory|Weak Armor|boost
|-unboost|p1a: Skarmory|def|1
|-boost|p1a: Skarmory|spe|2
|-damage|p2a: Excadrill|74/100|[from] item: Life Orb
|
|-weather|Sandstorm|[upkeep]
|upkeep
|turn|56
|
|t:|1662364735
|move|p2a: Excadrill|Rock Slide|p1a: Skarmory
|-damage|p1a: Skarmory|0 fnt
|faint|p1a: Skarmory
|-damage|p2a: Excadrill|64/100|[from] item: Life Orb
|
|-weather|Sandstorm|[upkeep]
|upkeep
|
|t:|1662364743
|switch|p1a: Crawdaunt|Crawdaunt, M|41/100
|turn|57
|
|t:|1662364746
|switch|p2a: Salamence|Salamence, M|63/100
|-ability|p2a: Salamence|Intimidate|boost
|-unboost|p1a: Crawdaunt|atk|1
|move|p1a: Crawdaunt|Aqua Jet|p2a: Salamence
|-resisted|p2a: Salamence
|-damage|p2a: Salamence|54/100
|
|-weather|Sandstorm|[upkeep]
|-damage|p2a: Salamence|48/100|[from] Sandstorm
|-damage|p1a: Crawdaunt|35/100|[from] Sandstorm
|upkeep
|turn|58
|
|t:|1662364756
|switch|p1a: Kingdra|Kingdra, M|19/100 tox
|move|p2a: Salamence|Roost|p2a: Salamence
|-heal|p2a: Salamence|98/100
|-singleturn|p2a: Salamence|move: Roost
|
|-weather|Sandstorm|[upkeep]
|-damage|p1a: Kingdra|13/100 tox|[from] Sandstorm
|-damage|p2a: Salamence|92/100|[from] Sandstorm
|-damage|p1a: Kingdra|6/100 tox|[from] psn
|upkeep
|turn|59
|
|t:|1662364766
|switch|p2a: Gastrodon|Gastrodon-East, F, shiny|87/100 tox
|move|p1a: Kingdra|Ice Beam|p2a: Gastrodon
|-damage|p2a: Gastrodon|63/100 tox
|-damage|p1a: Kingdra|0 fnt|[from] item: Life Orb
|faint|p1a: Kingdra
|
|-weather|Sandstorm|[upkeep]
|-damage|p2a: Gastrodon|57/100 tox|[from] psn
|upkeep
|
|t:|1662364777
|switch|p1a: Scizor|Scizor, M|100/100
|turn|60
|
|t:|1662364780
|switch|p2a: Salamence|Salamence, M|92/100
|-ability|p2a: Salamence|Intimidate|boost
|-unboost|p1a: Scizor|atk|1
|move|p1a: Scizor|Knock Off|p2a: Salamence
|-damage|p2a: Salamence|71/100
|
|-weather|Sandstorm|[upkeep]
|-damage|p2a: Salamence|64/100|[from] Sandstorm
|upkeep
|turn|61
|
|t:|1662364789
|switch|p1a: Amoonguss|Amoonguss, F|100/100
|move|p2a: Salamence|Flamethrower|p1a: Amoonguss
|-supereffective|p1a: Amoonguss
|-damage|p1a: Amoonguss|73/100
|
|-weather|none
|-heal|p1a: Amoonguss|79/100|[from] item: Black Sludge
|upkeep
|turn|62
|
|t:|1662364799
|switch|p2a: Excadrill|Excadrill, F, shiny|64/100
|move|p1a: Amoonguss|Spore|p2a: Excadrill
|-message|Sleep Clause Mod activated.
|
|-heal|p1a: Amoonguss|85/100|[from] item: Black Sludge
|upkeep
|turn|63
|
|t:|1662364809
|move|p2a: Excadrill|Swords Dance|p2a: Excadrill
|-boost|p2a: Excadrill|atk|2
|move|p1a: Amoonguss|Giga Drain|p2a: Excadrill
|-damage|p2a: Excadrill|35/100
|-heal|p1a: Amoonguss|97/100|[from] drain|[of] p2a: Excadrill
|
|-heal|p1a: Amoonguss|100/100|[from] item: Black Sludge
|upkeep
|turn|64
|c|☆SwitchingIsGreat|gg
|
|t:|1662364818
|move|p2a: Excadrill|Earthquake|p1a: Amoonguss
|-damage|p1a: Amoonguss|0 fnt
|faint|p1a: Amoonguss
|-damage|p2a: Excadrill|25/100|[from] item: Life Orb
|
|upkeep
|
|t:|1662364823
|switch|p1a: Scizor|Scizor, M|100/100
|turn|65
|
|t:|1662364826
|move|p1a: Scizor|Bullet Punch|p2a: Excadrill
|-resisted|p2a: Excadrill
|-damage|p2a: Excadrill|0 fnt
|faint|p2a: Excadrill
|
|upkeep
|
|t:|1662364828
|switch|p2a: Salamence|Salamence, M|64/100
|-ability|p2a: Salamence|Intimidate|boost
|-unboost|p1a: Scizor|atk|1
|turn|66
|
|t:|1662364833
|switch|p1a: Crawdaunt|Crawdaunt, M|35/100
|move|p2a: Salamence|Flamethrower|p1a: Crawdaunt
|-resisted|p1a: Crawdaunt
|-damage|p1a: Crawdaunt|14/100
|
|upkeep
|turn|67
|
|t:|1662364847
|move|p2a: Salamence|Flamethrower|p1a: Crawdaunt
|-resisted|p1a: Crawdaunt
|-damage|p1a: Crawdaunt|0 fnt
|faint|p1a: Crawdaunt
|
|upkeep
|
|t:|1662364852
|switch|p1a: Scizor|Scizor, M|100/100
|turn|68
|
|t:|1662364856
|move|p1a: Scizor|Bullet Punch|p2a: Salamence
|-damage|p2a: Salamence|23/100
|move|p2a: Salamence|Flamethrower|p1a: Scizor
|-supereffective|p1a: Scizor
|-damage|p1a: Scizor|1/100
|
|upkeep
|turn|69
|
|t:|1662364866
|switch|p2a: Chandelure|Chandelure, M, shiny|77/100
|move|p1a: Scizor|Bullet Punch|p2a: Chandelure
|-resisted|p2a: Chandelure
|-damage|p2a: Chandelure|40/100
|
|upkeep
|turn|70
|
|t:|1662364872
|move|p1a: Scizor|Bullet Punch|p2a: Chandelure
|-resisted|p2a: Chandelure
|-damage|p2a: Chandelure|2/100
|move|p2a: Chandelure|Flamethrower|p1a: Scizor
|-supereffective|p1a: Scizor
|-damage|p1a: Scizor|0 fnt
|faint|p1a: Scizor
|
|win|SwitchingIsGreat
|raw|hzld's rating: 1334 &rarr; <strong>1324</strong><br />(-10 for losing)
|raw|SwitchingIsGreat's rating: 1522 &rarr; <strong>1532</strong><br />(+10 for winning)
|c|☆SwitchingIsGreat|:>
|c|☆hzld|1522
|l|☆hzld
