|j|☆kerorek
|j|☆Fairlumbo
|t:|1640804627
|gametype|singles
|player|p1|kerorek|lass-gen4dp|1413
|player|p2|Fairlumbo|n|1478
|teamsize|p1|6
|teamsize|p2|6
|gen|8
|tier|[Gen 8] UU
|rated|
|rule|Sleep Clause Mod: Limit one foe put to sleep
|rule|Species Clause: Limit one of each Pokémon
|rule|OHKO Clause: OHKO moves are banned
|rule|Evasion Moves Clause: Evasion moves are banned
|rule|Endless Battle Clause: Forcing endless battles is banned
|rule|HP Percentage Mod: HP is shown in percentages
|rule|Dynamax Clause: You cannot dynamax
|clearpoke
|poke|p1|Crobat, M|
|poke|p1|Heliolisk, M|
|poke|p1|Hitmontop, M|
|poke|p1|Seaking, M|
|poke|p1|Avalugg, M|
|poke|p1|Mr. Mime-Galar, M|
|poke|p2|Zygarde-10%|
|poke|p2|Amoonguss, M|
|poke|p2|Nihilego|
|poke|p2|Rotom-Wash|
|poke|p2|Dhelmise|
|poke|p2|Jirachi|
|teampreview
|inactive|Battle timer is ON: inactive players will automatically lose when time's up. (requested by Fairlumbo)
|
|t:|1640804641
|start
|switch|p1a: Hitmontop|Hitmontop, M|100/100
|switch|p2a: Rotom|Rotom-Wash|100/100
|turn|1
|j| bioche80
|
|t:|1640804645
|switch|p1a: Seaking|Seaking, M|100/100
|move|p2a: Rotom|Will-O-Wisp|p1a: Seaking
|-status|p1a: Seaking|brn
|
|-damage|p1a: Seaking|94/100 brn|[from] brn
|upkeep
|turn|2
|
|t:|1640804649
|move|p2a: Rotom|Volt Switch|p1a: Seaking
|-ability|p1a: Seaking|Lightning Rod|boost
|-boost|p1a: Seaking|spa|1
|move|p1a: Seaking|Flip Turn|p2a: Rotom
|-resisted|p2a: Rotom
|-damage|p2a: Rotom|97/100
|
|t:|1640804651
|switch|p1a: Heliolisk|Heliolisk, M|100/100|[from]move: Flip Turn
|
|-heal|p2a: Rotom|100/100|[from] item: Leftovers
|upkeep
|turn|3
|
|t:|1640804657
|switch|p2a: Dhelmise|Dhelmise|100/100
|move|p1a: Heliolisk|Volt Switch|p2a: Dhelmise
|-resisted|p2a: Dhelmise
|-damage|p2a: Dhelmise|73/100
|
|t:|1640804660
|switch|p1a: Mr. Mime|Mr. Mime-Galar, M, shiny|100/100|[from]move: Volt Switch
|
|upkeep
|turn|4
|
|t:|1640804665
|switch|p2a: Jirachi|Jirachi|100/100
|move|p1a: Mr. Mime|Shadow Ball|p2a: Jirachi
|-supereffective|p2a: Jirachi
|-damage|p2a: Jirachi|34/100
|-unboost|p2a: Jirachi|spd|1
|
|upkeep
|turn|5
|
|t:|1640804670
|switch|p1a: Crobat|Crobat, M|100/100
|move|p2a: Jirachi|U-turn|p1a: Crobat
|-resisted|p1a: Crobat
|-damage|p1a: Crobat|96/100
|c| bioche80|its super coul team keroek
|
|t:|1640804676
|switch|p2a: Nihilego|Nihilego|100/100|[from]move: U-turn
|
|upkeep
|turn|6
|c|☆kerorek|thx!
|
|t:|1640804684
|switch|p1a: Seaking|Seaking, M|94/100 brn
|move|p2a: Nihilego|Power Gem|p1a: Seaking
|-damage|p1a: Seaking|62/100 brn
|
|-heal|p1a: Seaking|68/100 brn|[from] item: Leftovers
|-damage|p1a: Seaking|62/100 brn|[from] brn
|upkeep
|turn|7
|
|t:|1640804689
|switch|p2a: Amoonguss|Amoonguss, M|100/100
|move|p1a: Seaking|Rest|p1a: Seaking
|-status|p1a: Seaking|slp|[from] move: Rest
|-heal|p1a: Seaking|100/100 slp|[silent]
|
|upkeep
|turn|8
|c| bioche80|but hard for win
|
|t:|1640804698
|switch|p1a: Crobat|Crobat, M|96/100
|move|p2a: Amoonguss|Spore|p1a: Crobat
|-status|p1a: Crobat|slp|[from] move: Spore
|
|upkeep
|turn|9
|c|☆kerorek|;(
|
|t:|1640804707
|switch|p2a: Nihilego|Nihilego|100/100
|cant|p1a: Crobat|slp
|
|upkeep
|turn|10
|
|t:|1640804712
|switch|p1a: Seaking|Seaking, M|100/100 slp
|move|p2a: Nihilego|Stealth Rock|p1a: Seaking
|-sidestart|p1: kerorek|move: Stealth Rock
|
|upkeep
|turn|11
|
|t:|1640804719
|switch|p2a: Amoonguss|Amoonguss, M|100/100
|cant|p1a: Seaking|slp
|move|p1a: Seaking|Sleep Talk|p1a: Seaking
|move|p1a: Seaking|Knock Off|p2a: Amoonguss|[from]move: Sleep Talk
|-damage|p2a: Amoonguss|85/100
|-damage|p1a: Seaking|84/100 slp|[from] item: Rocky Helmet|[of] p2a: Amoonguss
|-enditem|p2a: Amoonguss|Rocky Helmet|[from] move: Knock Off|[of] p1a: Seaking
|
|-heal|p1a: Seaking|90/100 slp|[from] item: Leftovers
|upkeep
|turn|12
|
|t:|1640804727
|switch|p1a: Crobat|Crobat, M|96/100 slp
|move|p2a: Amoonguss|Foul Play|p1a: Crobat
|-damage|p1a: Crobat|79/100 slp
|
|upkeep
|turn|13
|
|t:|1640804730
|switch|p2a: Rotom|Rotom-Wash|100/100
|cant|p1a: Crobat|slp
|
|upkeep
|turn|14
|
|t:|1640804741
|switch|p1a: Seaking|Seaking, M|90/100 slp
|-damage|p1a: Seaking|78/100 slp|[from] Stealth Rock
|switch|p2a: Zygarde|Zygarde-10%|100/100
|-ability|p2a: Zygarde|Aura Break
|
|-heal|p1a: Seaking|84/100 slp|[from] item: Leftovers
|upkeep
|turn|15
|
|t:|1640804767
|switch|p1a: Avalugg|Avalugg, M|100/100
|move|p2a: Zygarde|Thousand Arrows|p1a: Avalugg
|-damage|p1a: Avalugg|77/100
|
|upkeep
|turn|16
|
|t:|1640804772
|switch|p2a: Dhelmise|Dhelmise|73/100
|move|p1a: Avalugg|Body Press|p2a: Dhelmise
|-immune|p2a: Dhelmise
|
|upkeep
|turn|17
|
|t:|1640804787
|move|p2a: Dhelmise|Anchor Shot|p1a: Avalugg
|-supereffective|p1a: Avalugg
|-damage|p1a: Avalugg|48/100
|-activate|p1a: Avalugg|trapped
|move|p1a: Avalugg|Recover|p1a: Avalugg
|-heal|p1a: Avalugg|98/100
|
|upkeep
|turn|18
|
|t:|1640804796
|switch|p2a: Rotom|Rotom-Wash|100/100
|move|p1a: Avalugg|Iron Defense|p1a: Avalugg
|-boost|p1a: Avalugg|def|2
|
|upkeep
|turn|19
|
|t:|1640804801
|switch|p1a: Seaking|Seaking, M|84/100 slp
|-damage|p1a: Seaking|71/100 slp|[from] Stealth Rock
|move|p2a: Rotom|Will-O-Wisp||[still]
|-fail|p2a: Rotom
|
|-heal|p1a: Seaking|77/100 slp|[from] item: Leftovers
|upkeep
|turn|20
|
|t:|1640804806
|switch|p2a: Amoonguss|Amoonguss, M|100/100
|cant|p1a: Seaking|slp
|move|p1a: Seaking|Sleep Talk|p1a: Seaking
|move|p1a: Seaking|Flip Turn|p2a: Amoonguss|[from]move: Sleep Talk
|-resisted|p2a: Amoonguss
|-damage|p2a: Amoonguss|94/100
|
|t:|1640804809
|switch|p1a: Crobat|Crobat, M|79/100 slp|[from]move: Flip Turn
|
|upkeep
|turn|21
|
|t:|1640804812
|switch|p2a: Rotom|Rotom-Wash|100/100
|cant|p1a: Crobat|slp
|
|upkeep
|turn|22
|
|t:|1640804820
|-curestatus|p1a: Crobat|slp|[msg]
|move|p1a: Crobat|U-turn|p2a: Rotom
|-damage|p2a: Rotom|87/100
|
|t:|1640804823
|switch|p1a: Seaking|Seaking, M|77/100 slp|[from]move: U-turn
|-damage|p1a: Seaking|65/100 slp|[from] Stealth Rock
|move|p2a: Rotom|Hydro Pump|p1a: Seaking|[miss]
|-miss|p2a: Rotom|p1a: Seaking
|
|-heal|p2a: Rotom|94/100|[from] item: Leftovers
|-heal|p1a: Seaking|71/100 slp|[from] item: Leftovers
|upkeep
|turn|23
|
|t:|1640804828
|switch|p2a: Amoonguss|Amoonguss, M|100/100
|-curestatus|p1a: Seaking|slp|[msg]
|move|p1a: Seaking|Flip Turn|p2a: Amoonguss
|-resisted|p2a: Amoonguss
|-damage|p2a: Amoonguss|93/100
|
|t:|1640804830
|switch|p1a: Crobat|Crobat, M|79/100|[from]move: Flip Turn
|
|upkeep
|turn|24
|
|t:|1640804835
|switch|p2a: Rotom|Rotom-Wash|94/100
|move|p1a: Crobat|U-turn|p2a: Rotom
|-damage|p2a: Rotom|82/100
|
|t:|1640804843
|switch|p1a: Heliolisk|Heliolisk, M|100/100|[from]move: U-turn
|-damage|p1a: Heliolisk|88/100|[from] Stealth Rock
|
|-heal|p2a: Rotom|88/100|[from] item: Leftovers
|upkeep
|turn|25
|
|t:|1640804849
|switch|p2a: Dhelmise|Dhelmise|73/100
|move|p1a: Heliolisk|Hyper Voice|p2a: Dhelmise
|-immune|p2a: Dhelmise
|
|upkeep
|turn|26
|
|t:|1640804859
|switch|p1a: Crobat|Crobat, M|79/100
|switch|p2a: Nihilego|Nihilego|100/100
|
|upkeep
|turn|27
|
|t:|1640804867
|switch|p1a: Hitmontop|Hitmontop, M|100/100
|-damage|p1a: Hitmontop|94/100|[from] Stealth Rock
|move|p2a: Nihilego|Knock Off|p1a: Hitmontop
|-resisted|p1a: Hitmontop
|-damage|p1a: Hitmontop|86/100
|-enditem|p1a: Hitmontop|Choice Band|[from] move: Knock Off|[of] p2a: Nihilego
|
|upkeep
|turn|28
|
|t:|1640804873
|switch|p2a: Rotom|Rotom-Wash|88/100
|move|p1a: Hitmontop|Triple Axel|p2a: Rotom
|-resisted|p2a: Rotom
|-damage|p2a: Rotom|84/100
|-resisted|p2a: Rotom
|-damage|p2a: Rotom|75/100
|-resisted|p2a: Rotom
|-damage|p2a: Rotom|63/100
|-hitcount|p2a: Rotom|3
|
|-heal|p2a: Rotom|70/100|[from] item: Leftovers
|upkeep
|turn|29
|
|t:|1640804878
|switch|p1a: Seaking|Seaking, M|71/100
|-damage|p1a: Seaking|59/100|[from] Stealth Rock
|move|p2a: Rotom|Will-O-Wisp|p1a: Seaking
|-status|p1a: Seaking|brn
|
|-heal|p2a: Rotom|76/100|[from] item: Leftovers
|-heal|p1a: Seaking|65/100 brn|[from] item: Leftovers
|-damage|p1a: Seaking|59/100 brn|[from] brn
|upkeep
|turn|30
|
|t:|1640804891
|switch|p2a: Amoonguss|Amoonguss, M|100/100
|move|p1a: Seaking|Knock Off|p2a: Amoonguss
|-damage|p2a: Amoonguss|95/100
|
|-heal|p1a: Seaking|65/100 brn|[from] item: Leftovers
|-damage|p1a: Seaking|59/100 brn|[from] brn
|upkeep
|turn|31
|
|t:|1640804900
|move|p1a: Seaking|Flip Turn|p2a: Amoonguss
|-resisted|p2a: Amoonguss
|-damage|p2a: Amoonguss|92/100
|
|t:|1640804917
|switch|p1a: Mr. Mime|Mr. Mime-Galar, M, shiny|100/100|[from]move: Flip Turn
|-damage|p1a: Mr. Mime|76/100|[from] Stealth Rock
|move|p2a: Amoonguss|Sludge Bomb|p1a: Mr. Mime
|-damage|p1a: Mr. Mime|37/100
|
|upkeep
|turn|32
|
|t:|1640804929
|switch|p2a: Jirachi|Jirachi|34/100
|move|p1a: Mr. Mime|Freeze-Dry|p2a: Jirachi
|-resisted|p2a: Jirachi
|-damage|p2a: Jirachi|13/100
|
|upkeep
|turn|33
|
|t:|1640804935
|switch|p1a: Crobat|Crobat, M|79/100
|move|p2a: Jirachi|U-turn|p1a: Crobat
|-resisted|p1a: Crobat
|-damage|p1a: Crobat|75/100
|
|t:|1640804939
|switch|p2a: Nihilego|Nihilego|100/100|[from]move: U-turn
|
|upkeep
|turn|34
|
|t:|1640804944
|switch|p1a: Hitmontop|Hitmontop, M|86/100
|-damage|p1a: Hitmontop|80/100|[from] Stealth Rock
|move|p2a: Nihilego|Power Gem|p1a: Hitmontop
|-resisted|p1a: Hitmontop
|-damage|p1a: Hitmontop|57/100
|
|upkeep
|turn|35
|
|t:|1640804951
|switch|p2a: Amoonguss|Amoonguss, M|100/100
|switch|p1a: Seaking|Seaking, M|59/100 brn
|-damage|p1a: Seaking|46/100 brn|[from] Stealth Rock
|
|-heal|p1a: Seaking|52/100 brn|[from] item: Leftovers
|-damage|p1a: Seaking|46/100 brn|[from] brn
|upkeep
|turn|36
|
|t:|1640804962
|switch|p2a: Dhelmise|Dhelmise|73/100
|move|p1a: Seaking|Rest|p1a: Seaking
|-status|p1a: Seaking|slp|[from] move: Rest
|-heal|p1a: Seaking|100/100 slp|[silent]
|
|upkeep
|turn|37
|
|t:|1640804967
|switch|p1a: Avalugg|Avalugg, M|98/100
|move|p2a: Dhelmise|Anchor Shot|p1a: Avalugg
|-supereffective|p1a: Avalugg
|-damage|p1a: Avalugg|71/100
|-activate|p1a: Avalugg|trapped
|
|upkeep
|turn|38
|
|t:|1640804974
|switch|p2a: Rotom|Rotom-Wash|76/100
|move|p1a: Avalugg|Body Press|p2a: Rotom
|-damage|p2a: Rotom|39/100
|
|-heal|p2a: Rotom|45/100|[from] item: Leftovers
|upkeep
|turn|39
|
|t:|1640804984
|switch|p1a: Seaking|Seaking, M|100/100 slp
|-damage|p1a: Seaking|88/100 slp|[from] Stealth Rock
|move|p2a: Rotom|Pain Split|p1a: Seaking
|-sethp|p1a: Seaking|63/100 slp|[from] move: Pain Split|[silent]
|-sethp|p2a: Rotom|75/100|[from] move: Pain Split
|
|-heal|p2a: Rotom|81/100|[from] item: Leftovers
|-heal|p1a: Seaking|69/100 slp|[from] item: Leftovers
|upkeep
|turn|40
|
|t:|1640804993
|switch|p2a: Amoonguss|Amoonguss, M|100/100
|switch|p1a: Crobat|Crobat, M|75/100
|
|upkeep
|turn|41
|
|t:|1640804997
|move|p1a: Crobat|Defog|p2a: Amoonguss
|-unboost|p2a: Amoonguss|evasion|1
|-sideend|p1: kerorek|Stealth Rock|[from] move: Defog|[of] p1a: Crobat
|move|p2a: Amoonguss|Spore|p1a: Crobat
|-status|p1a: Crobat|slp|[from] move: Spore
|
|upkeep
|turn|42
|
|t:|1640805004
|switch|p1a: Hitmontop|Hitmontop, M|57/100
|switch|p2a: Nihilego|Nihilego|100/100
|
|upkeep
|turn|43
|
|t:|1640805008
|switch|p2a: Amoonguss|Amoonguss, M|100/100
|move|p1a: Hitmontop|Earthquake|p2a: Amoonguss
|-damage|p2a: Amoonguss|78/100
|
|upkeep
|turn|44
|
|t:|1640805012
|switch|p2a: Rotom|Rotom-Wash|81/100
|move|p1a: Hitmontop|Triple Axel|p2a: Rotom
|-resisted|p2a: Rotom
|-damage|p2a: Rotom|78/100
|-resisted|p2a: Rotom
|-damage|p2a: Rotom|70/100
|-resisted|p2a: Rotom
|-damage|p2a: Rotom|59/100
|-hitcount|p2a: Rotom|3
|
|-heal|p2a: Rotom|65/100|[from] item: Leftovers
|upkeep
|turn|45
|
|t:|1640805026
|switch|p2a: Zygarde|Zygarde-10%|100/100
|-ability|p2a: Zygarde|Aura Break
|switch|p1a: Seaking|Seaking, M|69/100 slp
|
|-heal|p1a: Seaking|75/100 slp|[from] item: Leftovers
|upkeep
|turn|46
|
|t:|1640805032
|switch|p1a: Avalugg|Avalugg, M|71/100
|move|p2a: Zygarde|Toxic|p1a: Avalugg
|-status|p1a: Avalugg|tox
|
|-damage|p1a: Avalugg|65/100 tox|[from] psn
|upkeep
|turn|47
|
|t:|1640805039
|switch|p2a: Rotom|Rotom-Wash|65/100
|move|p1a: Avalugg|Recover|p1a: Avalugg
|-heal|p1a: Avalugg|100/100 tox
|
|-heal|p2a: Rotom|71/100|[from] item: Leftovers
|-damage|p1a: Avalugg|88/100 tox|[from] psn
|upkeep
|turn|48
|
|t:|1640805047
|switch|p2a: Amoonguss|Amoonguss, M|100/100
|switch|p1a: Heliolisk|Heliolisk, M|88/100
|
|upkeep
|turn|49
|
|t:|1640805053
|move|p1a: Heliolisk|Hyper Voice|p2a: Amoonguss
|-damage|p2a: Amoonguss|42/100
|move|p2a: Amoonguss|Sludge Bomb|p1a: Heliolisk
|-damage|p1a: Heliolisk|53/100
|
|upkeep
|turn|50
|
|t:|1640805058
|switch|p2a: Nihilego|Nihilego|100/100
|move|p1a: Heliolisk|Hyper Voice|p2a: Nihilego
|-resisted|p2a: Nihilego
|-damage|p2a: Nihilego|76/100
|
|-heal|p2a: Nihilego|82/100|[from] item: Black Sludge
|upkeep
|turn|51
|
|t:|1640805064
|switch|p1a: Seaking|Seaking, M|75/100 slp
|move|p2a: Nihilego|Sludge Bomb|p1a: Seaking
|-damage|p1a: Seaking|41/100 slp
|
|-heal|p2a: Nihilego|88/100|[from] item: Black Sludge
|-heal|p1a: Seaking|47/100 slp|[from] item: Leftovers
|upkeep
|turn|52
|
|t:|1640805071
|switch|p2a: Amoonguss|Amoonguss, M|75/100
|cant|p1a: Seaking|slp
|move|p1a: Seaking|Sleep Talk|p1a: Seaking
|move|p1a: Seaking|Flip Turn|p2a: Amoonguss|[from]move: Sleep Talk
|-resisted|p2a: Amoonguss
|-damage|p2a: Amoonguss|69/100
|
|t:|1640805082
|switch|p1a: Mr. Mime|Mr. Mime-Galar, M, shiny|37/100|[from]move: Flip Turn
|
|upkeep
|turn|53
|
|t:|1640805099
|switch|p2a: Jirachi|Jirachi|13/100
|move|p1a: Mr. Mime|Freeze-Dry|p2a: Jirachi
|-resisted|p2a: Jirachi
|-damage|p2a: Jirachi|0 fnt
|faint|p2a: Jirachi
|
|upkeep
|
|t:|1640805107
|switch|p2a: Nihilego|Nihilego|88/100
|turn|54
|inactive|kerorek has 120 seconds left.
|
|t:|1640805139
|switch|p1a: Crobat|Crobat, M|75/100 slp
|move|p2a: Nihilego|Sludge Bomb|p1a: Crobat
|-resisted|p1a: Crobat
|-damage|p1a: Crobat|48/100 slp
|
|-heal|p2a: Nihilego|94/100|[from] item: Black Sludge
|upkeep
|turn|55
|
|t:|1640805147
|move|p2a: Nihilego|Stealth Rock|p1a: Crobat
|-sidestart|p1: kerorek|move: Stealth Rock
|cant|p1a: Crobat|slp
|
|-heal|p2a: Nihilego|99/100|[from] item: Black Sludge
|upkeep
|turn|56
|
|t:|1640805152
|move|p2a: Nihilego|Power Gem|p1a: Crobat
|-supereffective|p1a: Crobat
|-damage|p1a: Crobat|0 fnt
|faint|p1a: Crobat
|-ability|p2a: Nihilego|Beast Boost|boost
|-boost|p2a: Nihilego|spa|1
|
|-heal|p2a: Nihilego|100/100|[from] item: Black Sludge
|upkeep
|
|t:|1640805154
|switch|p1a: Hitmontop|Hitmontop, M|57/100
|-damage|p1a: Hitmontop|51/100|[from] Stealth Rock
|turn|57
|
|t:|1640805161
|switch|p2a: Rotom|Rotom-Wash|71/100
|switch|p1a: Mr. Mime|Mr. Mime-Galar, M, shiny|37/100
|-damage|p1a: Mr. Mime|12/100|[from] Stealth Rock
|
|-heal|p2a: Rotom|77/100|[from] item: Leftovers
|upkeep
|turn|58
|
|t:|1640805189
|move|p1a: Mr. Mime|Freeze-Dry|p2a: Rotom
|-supereffective|p2a: Rotom
|-damage|p2a: Rotom|0 fnt
|faint|p2a: Rotom
|
|upkeep
|
|t:|1640805192
|switch|p2a: Nihilego|Nihilego|100/100
|turn|59
|
|t:|1640805208
|move|p2a: Nihilego|Sludge Bomb|p1a: Mr. Mime
|-damage|p1a: Mr. Mime|0 fnt
|faint|p1a: Mr. Mime
|-ability|p2a: Nihilego|Beast Boost|boost
|-boost|p2a: Nihilego|spa|1
|
|upkeep
|
|t:|1640805212
|switch|p1a: Heliolisk|Heliolisk, M|53/100
|-damage|p1a: Heliolisk|40/100|[from] Stealth Rock
|turn|60
|
|t:|1640805220
|move|p1a: Heliolisk|Volt Switch|p2a: Nihilego
|-damage|p2a: Nihilego|63/100
|
|t:|1640805225
|switch|p1a: Seaking|Seaking, M|47/100 slp|[from]move: Volt Switch
|-damage|p1a: Seaking|35/100 slp|[from] Stealth Rock
|move|p2a: Nihilego|Power Gem|p1a: Seaking
|-damage|p1a: Seaking|0 fnt
|faint|p1a: Seaking
|-ability|p2a: Nihilego|Beast Boost|boost
|-boost|p2a: Nihilego|spa|1
|
|-heal|p2a: Nihilego|70/100|[from] item: Black Sludge
|upkeep
|
|t:|1640805246
|switch|p1a: Hitmontop|Hitmontop, M|51/100
|-damage|p1a: Hitmontop|45/100|[from] Stealth Rock
|turn|61
|
|t:|1640805252
|switch|p2a: Amoonguss|Amoonguss, M|100/100
|move|p1a: Hitmontop|Mach Punch|p2a: Amoonguss
|-resisted|p2a: Amoonguss
|-damage|p2a: Amoonguss|90/100
|
|upkeep
|turn|62
|
|t:|1640805265
|move|p1a: Hitmontop|Triple Axel|p2a: Amoonguss
|-supereffective|p2a: Amoonguss
|-damage|p2a: Amoonguss|76/100
|-supereffective|p2a: Amoonguss
|-damage|p2a: Amoonguss|47/100
|-supereffective|p2a: Amoonguss
|-damage|p2a: Amoonguss|8/100
|-hitcount|p2a: Amoonguss|3
|move|p2a: Amoonguss|Spore|p1a: Hitmontop
|-status|p1a: Hitmontop|slp|[from] move: Spore
|
|upkeep
|turn|63
|
|t:|1640805275
|switch|p1a: Heliolisk|Heliolisk, M|40/100
|-damage|p1a: Heliolisk|28/100|[from] Stealth Rock
|switch|p2a: Zygarde|Zygarde-10%|100/100
|-ability|p2a: Zygarde|Aura Break
|
|upkeep
|turn|64
|
|t:|1640805281
|switch|p1a: Avalugg|Avalugg, M|88/100 tox
|move|p2a: Zygarde|Thousand Arrows|p1a: Avalugg
|-damage|p1a: Avalugg|63/100 tox
|
|-damage|p1a: Avalugg|57/100 tox|[from] psn
|upkeep
|turn|65
|-message|kerorek forfeited.
|
|win|Fairlumbo
|raw|kerorek's rating: 1413 &rarr; <strong>1397</strong><br />(-16 for losing)
|raw|Fairlumbo's rating: 1478 &rarr; <strong>1494</strong><br />(+16 for winning)
|l|☆kerorek
|l|☆Fairlumbo
|n| marluxia80|bioche80
