|j|☆Teach92
|j|☆Corporate Donkey
|t:|1666631117
|gametype|singles
|player|p1|Teach92|266|1362
|player|p2|Corporate Donkey|ingo|1386
|teamsize|p1|6
|teamsize|p2|6
|gen|8
|tier|[Gen 8] UU
|rated|
|rule|Sleep Clause Mod: Limit one foe put to sleep
|rule|Species Clause: Limit one of each Pokémon
|rule|OHKO Clause: OHKO moves are banned
|rule|Evasion Items Clause: Evasion items are banned
|rule|Evasion Moves Clause: Evasion moves are banned
|rule|Endless Battle Clause: Forcing endless battles is banned
|rule|HP Percentage Mod: HP is shown in percentages
|rule|Dynamax Clause: You cannot dynamax
|clearpoke
|poke|p1|Torkoal, M|
|poke|p1|Hatterene, F|
|poke|p1|Darmanitan, F|
|poke|p1|Venusaur, M|
|poke|p1|Swampert, M|
|poke|p1|Celesteela|
|poke|p2|Hippowdon, M|
|poke|p2|Salamence, F|
|poke|p2|Hydreigon, F|
|poke|p2|Scizor, M|
|poke|p2|Slowking, L99, M|
|poke|p2|Tangrowth, F|
|teampreview
|
|t:|1666631134
|start
|switch|p1a: Darmanitan|Darmanitan, F|100/100
|switch|p2a: Hippowdon|Hippowdon, M|100/100
|-weather|Sandstorm|[from] ability: Sand Stream|[of] p2a: Hippowdon
|turn|1
|
|t:|1666631147
|move|p1a: Darmanitan|U-turn|p2a: Hippowdon
|-damage|p2a: Hippowdon|83/100
|
|t:|1666631151
|switch|p1a: Hatterene|Hatterene, F|100/100|[from]move: U-turn
|move|p2a: Hippowdon|Earthquake|p1a: Hatterene
|-damage|p1a: Hatterene|65/100
|
|-weather|Sandstorm|[upkeep]
|-damage|p1a: Hatterene|59/100|[from] Sandstorm
|-heal|p2a: Hippowdon|89/100|[from] item: Leftovers
|-heal|p1a: Hatterene|65/100|[from] item: Leftovers
|upkeep
|turn|2
|
|t:|1666631165
|move|p2a: Hippowdon|Earthquake|p1a: Hatterene
|-damage|p1a: Hatterene|29/100
|move|p1a: Hatterene|Draining Kiss|p2a: Hippowdon
|-damage|p2a: Hippowdon|69/100
|-heal|p1a: Hatterene|50/100|[from] drain|[of] p2a: Hippowdon
|
|-weather|Sandstorm|[upkeep]
|-damage|p1a: Hatterene|44/100|[from] Sandstorm
|-heal|p2a: Hippowdon|75/100|[from] item: Leftovers
|-heal|p1a: Hatterene|50/100|[from] item: Leftovers
|upkeep
|turn|3
|
|t:|1666631178
|switch|p2a: Scizor|Scizor, M|100/100
|move|p1a: Hatterene|Draining Kiss|p2a: Scizor
|-resisted|p2a: Scizor
|-damage|p2a: Scizor|88/100
|-heal|p1a: Hatterene|60/100|[from] drain|[of] p2a: Scizor
|
|-weather|Sandstorm|[upkeep]
|-damage|p1a: Hatterene|54/100|[from] Sandstorm
|-heal|p1a: Hatterene|60/100|[from] item: Leftovers
|upkeep
|turn|4
|
|t:|1666631194
|switch|p1a: Swampert|Swampert, M|100/100
|move|p2a: Scizor|Bullet Punch|p1a: Swampert
|-resisted|p1a: Swampert
|-damage|p1a: Swampert|87/100
|
|-weather|Sandstorm|[upkeep]
|-heal|p1a: Swampert|93/100|[from] item: Leftovers
|upkeep
|turn|5
|
|t:|1666631204
|move|p2a: Scizor|Knock Off|p1a: Swampert
|-crit|p1a: Swampert
|-damage|p1a: Swampert|52/100
|-enditem|p1a: Swampert|Leftovers|[from] move: Knock Off|[of] p2a: Scizor
|move|p1a: Swampert|Stealth Rock|p2a: Scizor
|-sidestart|p2: Corporate Donkey|move: Stealth Rock
|
|-weather|none
|upkeep
|turn|6
|
|t:|1666631214
|move|p2a: Scizor|U-turn|p1a: Swampert
|-damage|p1a: Swampert|20/100
|
|t:|1666631220
|switch|p2a: Salamence|Salamence, F|100/100|[from]move: U-turn
|-ability|p2a: Salamence|Intimidate|boost
|-unboost|p1a: Swampert|atk|1
|move|p1a: Swampert|Flip Turn|p2a: Salamence
|-resisted|p2a: Salamence
|-damage|p2a: Salamence|92/100
|
|t:|1666631233
|switch|p1a: Hatterene|Hatterene, F|60/100|[from]move: Flip Turn
|
|-heal|p1a: Hatterene|66/100|[from] item: Leftovers
|upkeep
|turn|7
|
|t:|1666631241
|switch|p2a: Tangrowth|Tangrowth, F|100/100
|-damage|p2a: Tangrowth|88/100|[from] Stealth Rock
|move|p1a: Hatterene|Draining Kiss|p2a: Tangrowth
|-damage|p2a: Tangrowth|69/100
|-heal|p1a: Hatterene|84/100|[from] drain|[of] p2a: Tangrowth
|
|-heal|p1a: Hatterene|90/100|[from] item: Leftovers
|upkeep
|turn|8
|
|t:|1666631252
|switch|p1a: Celesteela|Celesteela|100/100
|move|p2a: Tangrowth|Sludge Bomb|p1a: Celesteela
|-immune|p1a: Celesteela
|
|upkeep
|turn|9
|
|t:|1666631264
|move|p1a: Celesteela|Leech Seed|p2a: Tangrowth
|-immune|p2a: Tangrowth
|move|p2a: Tangrowth|Knock Off|p1a: Celesteela
|-damage|p1a: Celesteela|85/100
|-enditem|p1a: Celesteela|Leftovers|[from] move: Knock Off|[of] p2a: Tangrowth
|
|upkeep
|turn|10
|
|t:|1666631273
|switch|p2a: Hippowdon|Hippowdon, M|75/100
|-damage|p2a: Hippowdon|69/100|[from] Stealth Rock
|-weather|Sandstorm|[from] ability: Sand Stream|[of] p2a: Hippowdon
|move|p1a: Celesteela|Flamethrower|p2a: Hippowdon
|-damage|p2a: Hippowdon|52/100
|
|-weather|Sandstorm|[upkeep]
|-heal|p2a: Hippowdon|58/100|[from] item: Leftovers
|upkeep
|turn|11
|
|t:|1666631284
|move|p1a: Celesteela|Leech Seed|p2a: Hippowdon
|-start|p2a: Hippowdon|move: Leech Seed
|move|p2a: Hippowdon|Slack Off|p2a: Hippowdon
|-heal|p2a: Hippowdon|100/100
|
|-weather|Sandstorm|[upkeep]
|-damage|p2a: Hippowdon|88/100|[from] Leech Seed|[of] p1a: Celesteela
|-heal|p1a: Celesteela|98/100|[silent]
|upkeep
|turn|12
|
|t:|1666631295
|move|p1a: Celesteela|Heavy Slam|p2a: Hippowdon
|-damage|p2a: Hippowdon|71/100
|move|p2a: Hippowdon|Stealth Rock|p1a: Celesteela
|-sidestart|p1: Teach92|move: Stealth Rock
|
|-weather|Sandstorm|[upkeep]
|-heal|p2a: Hippowdon|77/100|[from] item: Leftovers
|-damage|p2a: Hippowdon|65/100|[from] Leech Seed|[of] p1a: Celesteela
|-heal|p1a: Celesteela|100/100|[silent]
|upkeep
|turn|13
|
|t:|1666631311
|switch|p2a: Salamence|Salamence, F|92/100
|-ability|p2a: Salamence|Intimidate|boost
|-unboost|p1a: Celesteela|atk|1
|move|p1a: Celesteela|Flamethrower|p2a: Salamence
|-resisted|p2a: Salamence
|-damage|p2a: Salamence|80/100
|
|-weather|Sandstorm|[upkeep]
|-damage|p2a: Salamence|74/100|[from] Sandstorm
|upkeep
|turn|14
|
|t:|1666631322
|move|p2a: Salamence|Flamethrower|p1a: Celesteela
|-supereffective|p1a: Celesteela
|-crit|p1a: Celesteela
|-damage|p1a: Celesteela|54/100
|move|p1a: Celesteela|Leech Seed|p2a: Salamence
|-start|p2a: Salamence|move: Leech Seed
|
|-weather|none
|-damage|p2a: Salamence|62/100|[from] Leech Seed|[of] p1a: Celesteela
|-heal|p1a: Celesteela|66/100|[silent]
|upkeep
|turn|15
|
|t:|1666631337
|switch|p1a: Hatterene|Hatterene, F|90/100
|-damage|p1a: Hatterene|78/100|[from] Stealth Rock
|move|p2a: Salamence|Roost|p2a: Salamence
|-heal|p2a: Salamence|100/100
|-singleturn|p2a: Salamence|move: Roost
|
|-heal|p1a: Hatterene|84/100|[from] item: Leftovers
|-damage|p2a: Salamence|88/100|[from] Leech Seed|[of] p1a: Hatterene
|-heal|p1a: Hatterene|99/100|[silent]
|upkeep
|turn|16
|
|t:|1666631350
|switch|p2a: Slowking|Slowking, L99, M|100/100
|-damage|p2a: Slowking|88/100|[from] Stealth Rock
|move|p1a: Hatterene|Mystical Fire|p2a: Slowking
|-resisted|p2a: Slowking
|-damage|p2a: Slowking|78/100
|-unboost|p2a: Slowking|spa|1
|
|-heal|p1a: Hatterene|100/100|[from] item: Leftovers
|upkeep
|turn|17
|
|t:|1666631363
|switch|p1a: Torkoal|Torkoal, M|100/100
|-damage|p1a: Torkoal|76/100|[from] Stealth Rock
|-weather|SunnyDay|[from] ability: Drought|[of] p1a: Torkoal
|move|p2a: Slowking|Scald|p1a: Torkoal
|-supereffective|p1a: Torkoal
|-damage|p1a: Torkoal|54/100
|
|-weather|SunnyDay|[upkeep]
|upkeep
|turn|18
|
|t:|1666631375
|move|p1a: Torkoal|Rapid Spin|p2a: Slowking
|-damage|p2a: Slowking|71/100
|-boost|p1a: Torkoal|spe|1
|-sideend|p1: Teach92|Stealth Rock|[from] move: Rapid Spin|[of] p1a: Torkoal
|move|p2a: Slowking|Future Sight|p1a: Torkoal
|-start|p2a: Slowking|move: Future Sight
|
|-weather|SunnyDay|[upkeep]
|upkeep
|turn|19
|
|t:|1666631391
|switch|p1a: Swampert|Swampert, M|20/100
|move|p2a: Slowking|Teleport|p2a: Slowking
|
|t:|1666631407
|switch|p2a: Hippowdon|Hippowdon, M|65/100|[from]move: Teleport
|-damage|p2a: Hippowdon|58/100|[from] Stealth Rock
|-weather|Sandstorm|[from] ability: Sand Stream|[of] p2a: Hippowdon
|
|-weather|Sandstorm|[upkeep]
|-heal|p2a: Hippowdon|65/100|[from] item: Leftovers
|upkeep
|turn|20
|
|t:|1666631417
|move|p1a: Swampert|Flip Turn|p2a: Hippowdon
|-supereffective|p2a: Hippowdon
|-damage|p2a: Hippowdon|21/100
|
|t:|1666631426
|switch|p1a: Venusaur|Venusaur, M|100/100|[from]move: Flip Turn
|move|p2a: Hippowdon|Stealth Rock|p1a: Venusaur
|-sidestart|p1: Teach92|move: Stealth Rock
|
|-weather|Sandstorm|[upkeep]
|-damage|p1a: Venusaur|95/100|[from] Sandstorm
|-end|p1a: Venusaur|move: Future Sight
|-supereffective|p1a: Venusaur
|-damage|p1a: Venusaur|0 fnt
|faint|p1a: Venusaur
|-heal|p2a: Hippowdon|27/100|[from] item: Leftovers
|upkeep
|
|t:|1666631439
|switch|p1a: Darmanitan|Darmanitan, F|100/100
|-damage|p1a: Darmanitan|76/100|[from] Stealth Rock
|turn|21
|
|t:|1666631448
|move|p1a: Darmanitan|Rock Slide|p2a: Hippowdon
|-resisted|p2a: Hippowdon
|-damage|p2a: Hippowdon|16/100
|move|p2a: Hippowdon|Slack Off|p2a: Hippowdon
|-heal|p2a: Hippowdon|66/100
|
|-weather|Sandstorm|[upkeep]
|-damage|p1a: Darmanitan|70/100|[from] Sandstorm
|-heal|p2a: Hippowdon|72/100|[from] item: Leftovers
|upkeep
|turn|22
|
|t:|1666631462
|switch|p1a: Torkoal|Torkoal, M|54/100
|-damage|p1a: Torkoal|29/100|[from] Stealth Rock
|-weather|SunnyDay|[from] ability: Drought|[of] p1a: Torkoal
|switch|p2a: Slowking|Slowking, L99, M|100/100
|-damage|p2a: Slowking|88/100|[from] Stealth Rock
|
|-weather|SunnyDay|[upkeep]
|upkeep
|turn|23
|
|t:|1666631473
|move|p1a: Torkoal|Rapid Spin|p2a: Slowking
|-damage|p2a: Slowking|81/100
|-boost|p1a: Torkoal|spe|1
|-sideend|p1: Teach92|Stealth Rock|[from] move: Rapid Spin|[of] p1a: Torkoal
|move|p2a: Slowking|Scald|p1a: Torkoal
|-supereffective|p1a: Torkoal
|-damage|p1a: Torkoal|0 fnt
|faint|p1a: Torkoal
|
|-weather|SunnyDay|[upkeep]
|upkeep
|
|t:|1666631488
|switch|p1a: Darmanitan|Darmanitan, F|70/100
|turn|24
|
|t:|1666631492
|move|p1a: Darmanitan|U-turn|p2a: Slowking
|-supereffective|p2a: Slowking
|-damage|p2a: Slowking|45/100
|
|t:|1666631497
|switch|p1a: Celesteela|Celesteela|66/100|[from]move: U-turn
|move|p2a: Slowking|Scald|p1a: Celesteela
|-damage|p1a: Celesteela|57/100
|
|-weather|SunnyDay|[upkeep]
|upkeep
|turn|25
|
|t:|1666631507
|move|p1a: Celesteela|Heavy Slam|p2a: Slowking
|-resisted|p2a: Slowking
|-damage|p2a: Slowking|31/100
|move|p2a: Slowking|Scald|p1a: Celesteela
|-damage|p1a: Celesteela|48/100
|
|-weather|SunnyDay|[upkeep]
|upkeep
|turn|26
|
|t:|1666631517
|move|p1a: Celesteela|Heavy Slam|p2a: Slowking
|-resisted|p2a: Slowking
|-damage|p2a: Slowking|17/100
|move|p2a: Slowking|Slack Off|p2a: Slowking
|-heal|p2a: Slowking|67/100
|
|-weather|SunnyDay|[upkeep]
|upkeep
|turn|27
|
|t:|1666631525
|move|p1a: Celesteela|Heavy Slam|p2a: Slowking
|-resisted|p2a: Slowking
|-damage|p2a: Slowking|53/100
|move|p2a: Slowking|Scald|p1a: Celesteela
|-damage|p1a: Celesteela|38/100
|
|-weather|SunnyDay|[upkeep]
|upkeep
|turn|28
|
|t:|1666631534
|move|p1a: Celesteela|Leech Seed|p2a: Slowking
|-start|p2a: Slowking|move: Leech Seed
|move|p2a: Slowking|Scald|p1a: Celesteela
|-damage|p1a: Celesteela|29/100
|
|-weather|SunnyDay|[upkeep]
|-damage|p2a: Slowking|40/100|[from] Leech Seed|[of] p1a: Celesteela
|-heal|p1a: Celesteela|41/100|[silent]
|upkeep
|turn|29
|
|t:|1666631544
|switch|p2a: Hydreigon|Hydreigon, F|100/100
|-damage|p2a: Hydreigon|88/100|[from] Stealth Rock
|move|p1a: Celesteela|Heavy Slam|p2a: Hydreigon
|-damage|p2a: Hydreigon|39/100
|
|-weather|none
|upkeep
|turn|30
|
|t:|1666631557
|move|p2a: Hydreigon|Fire Blast|p1a: Celesteela
|-supereffective|p1a: Celesteela
|-damage|p1a: Celesteela|0 fnt
|faint|p1a: Celesteela
|
|upkeep
|
|t:|1666631563
|switch|p1a: Darmanitan|Darmanitan, F|70/100
|turn|31
|
|t:|1666631573
|switch|p2a: Salamence|Salamence, F|88/100
|-ability|p2a: Salamence|Intimidate|boost
|-unboost|p1a: Darmanitan|atk|1
|move|p1a: Darmanitan|Flare Blitz|p2a: Salamence
|-resisted|p2a: Salamence
|-damage|p2a: Salamence|64/100
|-damage|p1a: Darmanitan|61/100|[from] Recoil
|
|upkeep
|turn|32
|
|t:|1666631584
|switch|p1a: Hatterene|Hatterene, F|100/100
|move|p2a: Salamence|Dual Wingbeat|p1a: Hatterene
|-damage|p1a: Hatterene|83/100
|-damage|p1a: Hatterene|66/100
|-hitcount|p1a: Hatterene|2
|
|-heal|p1a: Hatterene|72/100|[from] item: Leftovers
|upkeep
|turn|33
|
|t:|1666631597
|switch|p2a: Hippowdon|Hippowdon, M|72/100
|-damage|p2a: Hippowdon|66/100|[from] Stealth Rock
|-weather|Sandstorm|[from] ability: Sand Stream|[of] p2a: Hippowdon
|move|p1a: Hatterene|Draining Kiss|p2a: Hippowdon
|-damage|p2a: Hippowdon|44/100
|-heal|p1a: Hatterene|93/100|[from] drain|[of] p2a: Hippowdon
|
|-weather|Sandstorm|[upkeep]
|-damage|p1a: Hatterene|87/100|[from] Sandstorm
|-heal|p2a: Hippowdon|50/100|[from] item: Leftovers
|-heal|p1a: Hatterene|93/100|[from] item: Leftovers
|upkeep
|turn|34
|
|t:|1666631612
|move|p2a: Hippowdon|Slack Off|p2a: Hippowdon
|-heal|p2a: Hippowdon|100/100
|move|p1a: Hatterene|Draining Kiss|p2a: Hippowdon
|-damage|p2a: Hippowdon|79/100
|-heal|p1a: Hatterene|100/100|[from] drain|[of] p2a: Hippowdon
|
|-weather|Sandstorm|[upkeep]
|-damage|p1a: Hatterene|95/100|[from] Sandstorm
|-heal|p2a: Hippowdon|85/100|[from] item: Leftovers
|-heal|p1a: Hatterene|100/100|[from] item: Leftovers
|upkeep
|turn|35
|
|t:|1666631625
|move|p2a: Hippowdon|Earthquake|p1a: Hatterene
|-damage|p1a: Hatterene|62/100
|move|p1a: Hatterene|Psyshock|p2a: Hippowdon
|-damage|p2a: Hippowdon|61/100
|
|-weather|Sandstorm|[upkeep]
|-damage|p1a: Hatterene|56/100|[from] Sandstorm
|-heal|p2a: Hippowdon|67/100|[from] item: Leftovers
|-heal|p1a: Hatterene|62/100|[from] item: Leftovers
|upkeep
|turn|36
|
|t:|1666631636
|move|p2a: Hippowdon|Earthquake|p1a: Hatterene
|-damage|p1a: Hatterene|29/100
|move|p1a: Hatterene|Draining Kiss|p2a: Hippowdon
|-damage|p2a: Hippowdon|47/100
|-heal|p1a: Hatterene|49/100|[from] drain|[of] p2a: Hippowdon
|
|-weather|Sandstorm|[upkeep]
|-damage|p1a: Hatterene|43/100|[from] Sandstorm
|-heal|p2a: Hippowdon|54/100|[from] item: Leftovers
|-heal|p1a: Hatterene|49/100|[from] item: Leftovers
|upkeep
|turn|37
|
|t:|1666631648
|switch|p2a: Scizor|Scizor, M|88/100
|move|p1a: Hatterene|Draining Kiss|p2a: Scizor
|-resisted|p2a: Scizor
|-damage|p2a: Scizor|76/100
|-heal|p1a: Hatterene|59/100|[from] drain|[of] p2a: Scizor
|
|-weather|none
|-heal|p1a: Hatterene|65/100|[from] item: Leftovers
|upkeep
|turn|38
|
|t:|1666631662
|switch|p1a: Swampert|Swampert, M|20/100
|move|p2a: Scizor|Knock Off|p1a: Swampert
|-damage|p1a: Swampert|1/100
|
|upkeep
|turn|39
|
|t:|1666631670
|move|p2a: Scizor|Roost|p2a: Scizor
|-heal|p2a: Scizor|100/100
|-singleturn|p2a: Scizor|move: Roost
|move|p1a: Swampert|Flip Turn|p2a: Scizor
|-damage|p2a: Scizor|70/100
|
|t:|1666631676
|switch|p1a: Darmanitan|Darmanitan, F|61/100|[from]move: Flip Turn
|
|upkeep
|turn|40
|
|t:|1666631686
|switch|p2a: Hippowdon|Hippowdon, M|54/100
|-damage|p2a: Hippowdon|47/100|[from] Stealth Rock
|-weather|Sandstorm|[from] ability: Sand Stream|[of] p2a: Hippowdon
|move|p1a: Darmanitan|U-turn|p2a: Hippowdon
|-damage|p2a: Hippowdon|30/100
|
|t:|1666631694
|switch|p1a: Swampert|Swampert, M|1/100|[from]move: U-turn
|
|-weather|Sandstorm|[upkeep]
|-heal|p2a: Hippowdon|36/100|[from] item: Leftovers
|upkeep
|turn|41
|
|t:|1666631706
|switch|p2a: Tangrowth|Tangrowth, F|100/100
|-damage|p2a: Tangrowth|88/100|[from] Stealth Rock
|move|p1a: Swampert|Flip Turn|p2a: Tangrowth
|-resisted|p2a: Tangrowth
|-damage|p2a: Tangrowth|79/100
|
|t:|1666631714
|switch|p1a: Darmanitan|Darmanitan, F|61/100|[from]move: Flip Turn
|
|-weather|Sandstorm|[upkeep]
|-damage|p1a: Darmanitan|55/100|[from] Sandstorm
|-damage|p2a: Tangrowth|73/100|[from] Sandstorm
|upkeep
|turn|42
|
|t:|1666631721
|switch|p2a: Hippowdon|Hippowdon, M|36/100
|-damage|p2a: Hippowdon|30/100|[from] Stealth Rock
|move|p1a: Darmanitan|Flare Blitz|p2a: Hippowdon
|-damage|p2a: Hippowdon|0 fnt
|faint|p2a: Hippowdon
|-damage|p1a: Darmanitan|43/100|[from] Recoil
|
|-weather|Sandstorm|[upkeep]
|-damage|p1a: Darmanitan|37/100|[from] Sandstorm
|upkeep
|
|t:|1666631727
|switch|p2a: Hydreigon|Hydreigon, F|39/100
|-damage|p2a: Hydreigon|27/100|[from] Stealth Rock
|turn|43
|
|t:|1666631736
|move|p2a: Hydreigon|Dark Pulse|p1a: Darmanitan
|-damage|p1a: Darmanitan|0 fnt
|faint|p1a: Darmanitan
|
|-weather|Sandstorm|[upkeep]
|-damage|p2a: Hydreigon|20/100|[from] Sandstorm
|upkeep
|-message|Teach92 forfeited.
|
|win|Corporate Donkey
|raw|Teach92's rating: 1362 &rarr; <strong>1343</strong><br />(-19 for losing)
|raw|Corporate Donkey's rating: 1386 &rarr; <strong>1405</strong><br />(+19 for winning)
|l|☆Teach92
