|j|☆BewearHugger
|j|☆CZ2I28
|player|p1|BewearHugger|pokemaniac-gen3rs|1439
|player|p2|CZ2I28|hilbert|1382
|teamsize|p1|6
|teamsize|p2|6
|gametype|singles
|gen|8
|tier|[Gen 8] UU
|rated|
|clearpoke
|poke|p1|Bewear, M|
|poke|p1|Grimmsnarl, M|
|poke|p1|Krookodile, M|
|poke|p1|Scolipede, F|
|poke|p1|Aegislash, M|
|poke|p1|Keldeo-Resolute|
|poke|p2|Tyranitar, M|
|poke|p2|Conkeldurr, M|
|poke|p2|Aegislash, M|
|poke|p2|Skarmory, F|
|poke|p2|Grimmsnarl, M|
|poke|p2|Cloyster, M|
|rule|Sleep Clause Mod: Limit one foe put to sleep
|rule|Species Clause: Limit one of each Pokémon
|rule|OHKO Clause: OHKO moves are banned
|rule|Evasion Moves Clause: Evasion moves are banned
|rule|Endless Battle Clause: Forcing endless battles is banned
|rule|HP Percentage Mod: HP is shown in percentages
|rule|Dynamax Clause: You cannot dynamax
|teampreview
|inactive|Battle timer is ON: inactive players will automatically lose when time's up. (requested by BewearHugger)
|
|start
|switch|p1a: Krookodile|Krookodile, M|100/100
|switch|p2a: Skarmory|Skarmory, F|100/100
|-ability|p1a: Krookodile|Intimidate|boost
|-unboost|p2a: Skarmory|atk|1
|turn|1
|
|move|p1a: Krookodile|Taunt|p2a: Skarmory
|-start|p2a: Skarmory|move: Taunt
|move|p2a: Skarmory|Brave Bird|p1a: Krookodile
|-damage|p1a: Krookodile|61/100
|-damage|p2a: Skarmory|85/100|[from] Recoil
|
|upkeep
|turn|2
|
|move|p1a: Krookodile|Stealth Rock|p2a: Skarmory
|-sidestart|p2: CZ2I28|move: Stealth Rock
|move|p2a: Skarmory|Brave Bird|p1a: Krookodile
|-damage|p1a: Krookodile|25/100
|-damage|p2a: Skarmory|70/100|[from] Recoil
|
|upkeep
|turn|3
|
|move|p1a: Krookodile|Knock Off|p2a: Skarmory
|-damage|p2a: Skarmory|27/100
|-enditem|p2a: Skarmory|Salac Berry|[from] move: Knock Off|[of] p1a: Krookodile
|move|p2a: Skarmory|Brave Bird|p1a: Krookodile
|-damage|p1a: Krookodile|0 fnt
|-damage|p2a: Skarmory|18/100|[from] Recoil
|faint|p1a: Krookodile
|
|-end|p2a: Skarmory|move: Taunt
|upkeep
|
|switch|p1a: Keldeo|Keldeo-Resolute|100/100
|turn|4
|
|switch|p2a: Grimmsnarl|Grimmsnarl, M|100/100
|-damage|p2a: Grimmsnarl|88/100|[from] Stealth Rock
|move|p1a: Keldeo|Secret Sword|p2a: Grimmsnarl
|-damage|p2a: Grimmsnarl|34/100
|
|upkeep
|turn|5
|
|move|p2a: Grimmsnarl|Light Screen|p2a: Grimmsnarl
|-sidestart|p2: CZ2I28|move: Light Screen
|move|p1a: Keldeo|Calm Mind|p1a: Keldeo
|-boost|p1a: Keldeo|spa|1
|-boost|p1a: Keldeo|spd|1
|
|upkeep
|turn|6
|
|move|p2a: Grimmsnarl|Reflect|p2a: Grimmsnarl
|-sidestart|p2: CZ2I28|Reflect
|move|p1a: Keldeo|Secret Sword|p2a: Grimmsnarl
|-damage|p2a: Grimmsnarl|0 fnt
|faint|p2a: Grimmsnarl
|
|upkeep
|
|switch|p2a: Conkeldurr|Conkeldurr, M|100/100
|-damage|p2a: Conkeldurr|95/100|[from] Stealth Rock
|turn|7
|
|move|p1a: Keldeo|Hydro Pump|p2a: Conkeldurr
|-damage|p2a: Conkeldurr|37/100
|move|p2a: Conkeldurr|Drain Punch|p1a: Keldeo
|-damage|p1a: Keldeo|50/100
|-heal|p2a: Conkeldurr|60/100|[from] drain|[of] p1a: Keldeo
|
|-heal|p1a: Keldeo|56/100|[from] item: Leftovers
|-status|p2a: Conkeldurr|brn|[from] item: Flame Orb
|upkeep
|turn|8
|
|move|p1a: Keldeo|Hydro Pump|p2a: Conkeldurr
|-damage|p2a: Conkeldurr|4/100 brn
|move|p2a: Conkeldurr|Drain Punch|p1a: Keldeo
|-damage|p1a: Keldeo|0 fnt
|-heal|p2a: Conkeldurr|30/100 brn|[from] drain|[of] p1a: Keldeo
|faint|p1a: Keldeo
|
|-damage|p2a: Conkeldurr|24/100 brn|[from] brn
|upkeep
|
|switch|p1a: Grimmsnarl|Grimmsnarl, M|100/100
|turn|9
|
|move|p1a: Grimmsnarl|Reflect|p1a: Grimmsnarl
|-sidestart|p1: BewearHugger|Reflect
|move|p2a: Conkeldurr|Drain Punch|p1a: Grimmsnarl
|-damage|p1a: Grimmsnarl|55/100
|-heal|p2a: Conkeldurr|47/100 brn|[from] drain|[of] p1a: Grimmsnarl
|
|-damage|p2a: Conkeldurr|41/100 brn|[from] brn
|upkeep
|turn|10
|
|move|p1a: Grimmsnarl|Spirit Break|p2a: Conkeldurr
|-supereffective|p2a: Conkeldurr
|-damage|p2a: Conkeldurr|0 fnt
|faint|p2a: Conkeldurr
|
|upkeep
|
|switch|p2a: Tyranitar|Tyranitar, M|100/100
|-damage|p2a: Tyranitar|88/100|[from] Stealth Rock
|-weather|Sandstorm|[from] ability: Sand Stream|[of] p2a: Tyranitar
|turn|11
|
|move|p2a: Tyranitar|Dragon Dance|p2a: Tyranitar
|-boost|p2a: Tyranitar|atk|1
|-boost|p2a: Tyranitar|spe|1
|move|p1a: Grimmsnarl|Spirit Break|p2a: Tyranitar
|-supereffective|p2a: Tyranitar
|-damage|p2a: Tyranitar|47/100
|-unboost|p2a: Tyranitar|spa|1
|
|-weather|Sandstorm|[upkeep]
|-damage|p1a: Grimmsnarl|49/100|[from] Sandstorm
|upkeep
|turn|12
|
|move|p2a: Tyranitar|Dragon Dance|p2a: Tyranitar
|-boost|p2a: Tyranitar|atk|1
|-boost|p2a: Tyranitar|spe|1
|move|p1a: Grimmsnarl|Spirit Break|p2a: Tyranitar
|-supereffective|p2a: Tyranitar
|-damage|p2a: Tyranitar|11/100
|-unboost|p2a: Tyranitar|spa|1
|-enditem|p2a: Tyranitar|Iapapa Berry|[eat]
|-heal|p2a: Tyranitar|44/100|[from] item: Iapapa Berry
|
|-weather|Sandstorm|[upkeep]
|-damage|p1a: Grimmsnarl|42/100|[from] Sandstorm
|-sideend|p2: CZ2I28|move: Light Screen
|upkeep
|turn|13
|
|move|p2a: Tyranitar|Stone Edge|p1a: Grimmsnarl
|-damage|p1a: Grimmsnarl|0 fnt
|faint|p1a: Grimmsnarl
|
|-weather|Sandstorm|[upkeep]
|-sideend|p2: CZ2I28|Reflect
|upkeep
|
|switch|p1a: Bewear|Bewear, M|100/100
|turn|14
|
|move|p2a: Tyranitar|Fire Punch|p1a: Bewear
|-damage|p1a: Bewear|75/100
|move|p1a: Bewear|Close Combat|p2a: Tyranitar
|-supereffective|p2a: Tyranitar
|-damage|p2a: Tyranitar|0 fnt
|-unboost|p1a: Bewear|def|1
|-unboost|p1a: Bewear|spd|1
|faint|p2a: Tyranitar
|
|-weather|Sandstorm|[upkeep]
|-damage|p1a: Bewear|69/100|[from] Sandstorm
|upkeep
|
|switch|p2a: Skarmory|Skarmory, F|18/100
|-damage|p2a: Skarmory|6/100|[from] Stealth Rock
|turn|15
|
|move|p2a: Skarmory|Stealth Rock|p1a: Bewear
|-sidestart|p1: BewearHugger|move: Stealth Rock
|move|p1a: Bewear|Double-Edge|p2a: Skarmory
|-resisted|p2a: Skarmory
|-damage|p2a: Skarmory|0 fnt
|-damage|p1a: Bewear|67/100|[from] Recoil
|faint|p2a: Skarmory
|
|-weather|none
|upkeep
|
|switch|p2a: Cloyster|Cloyster, M|100/100
|-damage|p2a: Cloyster|76/100|[from] Stealth Rock
|turn|16
|
|move|p2a: Cloyster|Icicle Spear|p1a: Bewear
|-damage|p1a: Bewear|59/100
|-damage|p1a: Bewear|52/100
|-damage|p1a: Bewear|45/100
|-damage|p1a: Bewear|37/100
|-damage|p1a: Bewear|30/100
|-hitcount|p1a: Bewear|5
|cant|p1a: Bewear|flinch
|
|-sideend|p1: BewearHugger|Reflect
|upkeep
|turn|17
|
|move|p2a: Cloyster|Icicle Spear|p1a: Bewear
|-damage|p1a: Bewear|15/100
|-damage|p1a: Bewear|1/100
|-damage|p1a: Bewear|0 fnt
|-hitcount|p1a: Bewear|3
|faint|p1a: Bewear
|
|upkeep
|
|switch|p1a: Aegislash|Aegislash, M|100/100
|-damage|p1a: Aegislash|94/100|[from] Stealth Rock
|-item|p1a: Aegislash|Air Balloon
|turn|18
|
|move|p2a: Cloyster|Icicle Spear|p1a: Aegislash
|-resisted|p1a: Aegislash
|-damage|p1a: Aegislash|87/100
|-enditem|p1a: Aegislash|Air Balloon
|-resisted|p1a: Aegislash
|-damage|p1a: Aegislash|81/100
|-resisted|p1a: Aegislash
|-damage|p1a: Aegislash|74/100
|-resisted|p1a: Aegislash
|-damage|p1a: Aegislash|68/100
|-resisted|p1a: Aegislash
|-damage|p1a: Aegislash|61/100
|-hitcount|p1a: Aegislash|5
|-formechange|p1a: Aegislash|Aegislash-Blade||[from] ability: Stance Change
|move|p1a: Aegislash|Shadow Ball|p2a: Cloyster
|-damage|p2a: Cloyster|0 fnt
|faint|p2a: Cloyster
|
|upkeep
|
|switch|p2a: Aegislash|Aegislash, M|100/100
|-damage|p2a: Aegislash|94/100|[from] Stealth Rock
|-item|p2a: Aegislash|Air Balloon
|turn|19
|
|move|p1a: Aegislash|Shadow Sneak|p2a: Aegislash
|-supereffective|p2a: Aegislash
|-damage|p2a: Aegislash|50/100
|-enditem|p2a: Aegislash|Air Balloon
|-formechange|p2a: Aegislash|Aegislash-Blade||[from] ability: Stance Change
|move|p2a: Aegislash|Shadow Sneak|p1a: Aegislash
|-supereffective|p1a: Aegislash
|-damage|p1a: Aegislash|0 fnt
|faint|p1a: Aegislash
|
|upkeep
|
|switch|p1a: Scolipede|Scolipede, F|100/100
|-damage|p1a: Scolipede|76/100|[from] Stealth Rock
|turn|20
|
|move|p1a: Scolipede|Earthquake|p2a: Aegislash
|-supereffective|p2a: Aegislash
|-damage|p2a: Aegislash|0 fnt
|-damage|p1a: Scolipede|66/100|[from] item: Life Orb
|faint|p2a: Aegislash
|
|win|BewearHugger
