|j|☆CompetitiveScum
|j|☆twerkulator
|t:|1663552628
|gametype|singles
|player|p1|CompetitiveScum|2|1340
|player|p2|twerkulator|clerkf|1439
|teamsize|p1|6
|teamsize|p2|6
|gen|8
|tier|[Gen 8] UU
|rated|
|rule|Sleep Clause Mod: Limit one foe put to sleep
|rule|Species Clause: Limit one of each Pokémon
|rule|OHKO Clause: OHKO moves are banned
|rule|Evasion Items Clause: Evasion items are banned
|rule|Evasion Moves Clause: Evasion moves are banned
|rule|Endless Battle Clause: Forcing endless battles is banned
|rule|HP Percentage Mod: HP is shown in percentages
|rule|Dynamax Clause: You cannot dynamax
|clearpoke
|poke|p1|Amoonguss, M|
|poke|p1|Swampert, F|
|poke|p1|Scizor, M|
|poke|p1|Moltres|
|poke|p1|Zygarde-10%|
|poke|p1|Keldeo-Resolute|
|poke|p2|Gardevoir, F|
|poke|p2|Zarude|
|poke|p2|Slowking, M|
|poke|p2|Salamence, F|
|poke|p2|Excadrill, M|
|poke|p2|Togedemaru, M|
|teampreview
|inactive|Battle timer is ON: inactive players will automatically lose when time's up. (requested by twerkulator)
|
|t:|1663552644
|start
|switch|p1a: Scizor|Scizor, M|100/100
|switch|p2a: Zarude|Zarude|100/100
|turn|1
|
|t:|1663552653
|move|p2a: Zarude|U-turn|p1a: Scizor
|-resisted|p1a: Scizor
|-damage|p1a: Scizor|93/100
|
|t:|1663552654
|switch|p2a: Salamence|Salamence, F|100/100|[from]move: U-turn
|-ability|p2a: Salamence|Intimidate|boost
|-unboost|p1a: Scizor|atk|1
|move|p1a: Scizor|Knock Off|p2a: Salamence
|-damage|p2a: Salamence|77/100
|-enditem|p2a: Salamence|Heavy-Duty Boots|[from] move: Knock Off|[of] p1a: Scizor
|
|-heal|p1a: Scizor|99/100|[from] item: Leftovers
|upkeep
|turn|2
|j| Rival $oul
|
|t:|1663552662
|switch|p1a: Swampert|Swampert, F|100/100
|move|p2a: Salamence|Hurricane|p1a: Swampert
|-damage|p1a: Swampert|54/100
|
|-heal|p1a: Swampert|60/100|[from] item: Leftovers
|upkeep
|turn|3
|
|t:|1663552667
|move|p2a: Salamence|Draco Meteor|p1a: Swampert
|-damage|p1a: Swampert|6/100
|-unboost|p2a: Salamence|spa|2
|move|p1a: Swampert|Stealth Rock|p2a: Salamence
|-sidestart|p2: twerkulator|move: Stealth Rock
|
|-heal|p1a: Swampert|12/100|[from] item: Leftovers
|upkeep
|turn|4
|
|t:|1663552680
|switch|p1a: Amoonguss|Amoonguss, M|100/100
|move|p2a: Salamence|Draco Meteor|p1a: Amoonguss
|-damage|p1a: Amoonguss|81/100
|-unboost|p2a: Salamence|spa|2
|
|-heal|p1a: Amoonguss|88/100|[from] item: Black Sludge
|upkeep
|turn|5
|
|t:|1663552689
|switch|p2a: Slowking|Slowking, M|100/100
|-damage|p2a: Slowking|88/100|[from] Stealth Rock
|move|p1a: Amoonguss|Toxic|p2a: Slowking
|-status|p2a: Slowking|tox
|
|-heal|p1a: Amoonguss|94/100|[from] item: Black Sludge
|-damage|p2a: Slowking|82/100 tox|[from] psn
|upkeep
|turn|6
|
|t:|1663552704
|switch|p1a: Scizor|Scizor, M|99/100
|move|p2a: Slowking|Teleport|p2a: Slowking
|
|t:|1663552709
|switch|p2a: Salamence|Salamence, F|77/100|[from]move: Teleport
|-damage|p2a: Salamence|52/100|[from] Stealth Rock
|-ability|p2a: Salamence|Intimidate|boost
|-unboost|p1a: Scizor|atk|1
|
|-heal|p1a: Scizor|100/100|[from] item: Leftovers
|upkeep
|turn|7
|
|t:|1663552726
|move|p2a: Salamence|Roost|p2a: Salamence
|-heal|p2a: Salamence|100/100
|-singleturn|p2a: Salamence|move: Roost
|move|p1a: Scizor|Roost||[still]
|-fail|p1a: Scizor|heal
|
|upkeep
|turn|8
|
|t:|1663552729
|move|p2a: Salamence|Flamethrower|p1a: Scizor
|-supereffective|p1a: Scizor
|-damage|p1a: Scizor|0 fnt
|faint|p1a: Scizor
|
|upkeep
|
|t:|1663552735
|switch|p1a: Amoonguss|Amoonguss, M|100/100
|turn|9
|
|t:|1663552738
|move|p2a: Salamence|Hurricane|p1a: Amoonguss
|-supereffective|p1a: Amoonguss
|-damage|p1a: Amoonguss|37/100
|move|p1a: Amoonguss|Spore|p2a: Salamence
|-status|p2a: Salamence|slp|[from] move: Spore
|
|-heal|p1a: Amoonguss|43/100|[from] item: Black Sludge
|upkeep
|turn|10
|
|t:|1663552745
|switch|p2a: Excadrill|Excadrill, M|100/100
|-damage|p2a: Excadrill|97/100|[from] Stealth Rock
|-ability|p2a: Excadrill|Mold Breaker
|move|p1a: Amoonguss|Sludge Bomb|p2a: Excadrill
|-immune|p2a: Excadrill
|
|-heal|p2a: Excadrill|100/100|[from] item: Leftovers
|-heal|p1a: Amoonguss|49/100|[from] item: Black Sludge
|upkeep
|turn|11
|
|t:|1663552748
|switch|p1a: Moltres|Moltres|100/100
|move|p2a: Excadrill|Rapid Spin|p1a: Moltres
|-damage|p1a: Moltres|81/100
|-boost|p2a: Excadrill|spe|1
|-sideend|p2: twerkulator|Stealth Rock|[from] move: Rapid Spin|[of] p2a: Excadrill
|
|upkeep
|turn|12
|
|t:|1663552753
|switch|p2a: Slowking|Slowking, M|100/100 tox
|move|p1a: Moltres|Flamethrower|p2a: Slowking
|-resisted|p2a: Slowking
|-damage|p2a: Slowking|83/100 tox
|
|-damage|p2a: Slowking|77/100 tox|[from] psn
|upkeep
|turn|13
|
|t:|1663552755
|move|p1a: Moltres|U-turn|p2a: Slowking
|-supereffective|p2a: Slowking
|-damage|p2a: Slowking|56/100 tox
|
|t:|1663552757
|switch|p1a: Swampert|Swampert, F|12/100|[from]move: U-turn
|move|p2a: Slowking|Teleport|p2a: Slowking
|
|t:|1663552762
|switch|p2a: Gardevoir|Gardevoir, F, shiny|100/100|[from]move: Teleport
|-ability|p2a: Gardevoir|Damp|[from] ability: Trace|[of] p1a: Swampert
|
|-heal|p1a: Swampert|19/100|[from] item: Leftovers
|upkeep
|turn|14
|
|t:|1663552765
|move|p2a: Gardevoir|Psyshock|p1a: Swampert
|-damage|p1a: Swampert|0 fnt
|faint|p1a: Swampert
|
|upkeep
|
|t:|1663552773
|switch|p1a: Moltres|Moltres|81/100
|turn|15
|
|t:|1663552775
|switch|p2a: Slowking|Slowking, M|90/100 tox
|move|p1a: Moltres|Hurricane|p2a: Slowking
|-damage|p2a: Slowking|42/100 tox
|
|-damage|p2a: Slowking|36/100 tox|[from] psn
|upkeep
|turn|16
|
|t:|1663552794
|switch|p2a: Excadrill|Excadrill, M|100/100
|-ability|p2a: Excadrill|Mold Breaker
|move|p1a: Moltres|Hurricane|p2a: Excadrill|[miss]
|-miss|p1a: Moltres|p2a: Excadrill
|
|upkeep
|turn|17
|
|t:|1663552798
|switch|p2a: Slowking|Slowking, M|69/100 tox
|move|p1a: Moltres|Hurricane|p2a: Slowking
|-damage|p2a: Slowking|25/100 tox
|
|-damage|p2a: Slowking|19/100 tox|[from] psn
|upkeep
|turn|18
|
|t:|1663552821
|switch|p2a: Excadrill|Excadrill, M|100/100
|-ability|p2a: Excadrill|Mold Breaker
|move|p1a: Moltres|U-turn|p2a: Excadrill
|-resisted|p2a: Excadrill
|-damage|p2a: Excadrill|90/100
|
|t:|1663552831
|switch|p1a: Keldeo|Keldeo-Resolute|100/100|[from]move: U-turn
|
|-heal|p2a: Excadrill|96/100|[from] item: Leftovers
|upkeep
|turn|19
|
|t:|1663552836
|move|p1a: Keldeo|Hydro Pump|p2a: Excadrill
|-supereffective|p2a: Excadrill
|-damage|p2a: Excadrill|0 fnt
|faint|p2a: Excadrill
|
|upkeep
|
|t:|1663552840
|switch|p2a: Gardevoir|Gardevoir, F, shiny|100/100
|-ability|p2a: Gardevoir|Justified|[from] ability: Trace|[of] p1a: Keldeo
|turn|20
|
|t:|1663552849
|move|p1a: Keldeo|Hydro Pump|p2a: Gardevoir
|-damage|p2a: Gardevoir|10/100
|move|p2a: Gardevoir|Psyshock|p1a: Keldeo
|-supereffective|p1a: Keldeo
|-damage|p1a: Keldeo|0 fnt
|faint|p1a: Keldeo
|
|upkeep
|
|t:|1663552860
|switch|p1a: Moltres|Moltres|81/100
|turn|21
|
|t:|1663552878
|switch|p2a: Togedemaru|Togedemaru, M|100/100
|move|p1a: Moltres|Flamethrower|p2a: Togedemaru
|-supereffective|p2a: Togedemaru
|-damage|p2a: Togedemaru|0 fnt
|faint|p2a: Togedemaru
|
|upkeep
|
|t:|1663552881
|switch|p2a: Slowking|Slowking, M|52/100 tox
|turn|22
|
|t:|1663552883
|move|p1a: Moltres|Hurricane|p2a: Slowking|[miss]
|-miss|p1a: Moltres|p2a: Slowking
|move|p2a: Slowking|Slack Off|p2a: Slowking
|-heal|p2a: Slowking|100/100 tox
|
|-damage|p2a: Slowking|94/100 tox|[from] psn
|upkeep
|turn|23
|
|t:|1663552889
|move|p1a: Moltres|Hurricane|p2a: Slowking
|-damage|p2a: Slowking|48/100 tox
|move|p2a: Slowking|Future Sight|p1a: Moltres
|-start|p2a: Slowking|move: Future Sight
|
|-damage|p2a: Slowking|36/100 tox|[from] psn
|upkeep
|turn|24
|
|t:|1663552899
|switch|p2a: Salamence|Salamence, F|100/100 slp
|-ability|p2a: Salamence|Intimidate|boost
|-unboost|p1a: Moltres|atk|1
|move|p1a: Moltres|Hurricane|p2a: Salamence
|-damage|p2a: Salamence|33/100 slp
|
|upkeep
|turn|25
|
|t:|1663552909
|switch|p1a: Amoonguss|Amoonguss, M|83/100
|cant|p2a: Salamence|slp
|
|-end|p1a: Amoonguss|move: Future Sight
|-supereffective|p1a: Amoonguss
|-damage|p1a: Amoonguss|33/100
|-heal|p1a: Amoonguss|39/100|[from] item: Black Sludge
|upkeep
|turn|26
|
|t:|1663552928
|switch|p2a: Slowking|Slowking, M|69/100 tox
|move|p1a: Amoonguss|Sludge Bomb|p2a: Slowking
|-damage|p2a: Slowking|48/100 tox
|
|-heal|p1a: Amoonguss|45/100|[from] item: Black Sludge
|-damage|p2a: Slowking|41/100 tox|[from] psn
|upkeep
|turn|27
|
|t:|1663552933
|switch|p1a: Moltres|Moltres|81/100
|move|p2a: Slowking|Teleport|p2a: Slowking
|
|t:|1663552944
|switch|p2a: Salamence|Salamence, F|33/100 slp|[from]move: Teleport
|-ability|p2a: Salamence|Intimidate|boost
|-unboost|p1a: Moltres|atk|1
|
|upkeep
|turn|28
|
|t:|1663552948
|cant|p2a: Salamence|slp
|move|p1a: Moltres|Hurricane|p2a: Salamence|[miss]
|-miss|p1a: Moltres|p2a: Salamence
|
|upkeep
|turn|29
|
|t:|1663552955
|-curestatus|p2a: Salamence|slp|[msg]
|move|p2a: Salamence|Roost|p2a: Salamence
|-heal|p2a: Salamence|84/100
|-singleturn|p2a: Salamence|move: Roost
|move|p1a: Moltres|U-turn|p2a: Salamence
|-damage|p2a: Salamence|71/100
|
|t:|1663552963
|switch|p1a: Amoonguss|Amoonguss, M|78/100|[from]move: U-turn
|
|-heal|p1a: Amoonguss|84/100|[from] item: Black Sludge
|upkeep
|turn|30
|
|t:|1663552978
|move|p2a: Salamence|Hurricane|p1a: Amoonguss|[miss]
|-miss|p2a: Salamence|p1a: Amoonguss
|move|p1a: Amoonguss|Spore|p2a: Salamence
|-status|p2a: Salamence|slp|[from] move: Spore
|
|-heal|p1a: Amoonguss|90/100|[from] item: Black Sludge
|upkeep
|turn|31
|
|t:|1663552983
|cant|p2a: Salamence|slp
|move|p1a: Amoonguss|Sludge Bomb|p2a: Salamence
|-damage|p2a: Salamence|39/100 slp
|
|-heal|p1a: Amoonguss|96/100|[from] item: Black Sludge
|upkeep
|turn|32
|
|t:|1663552987
|cant|p2a: Salamence|slp
|move|p1a: Amoonguss|Sludge Bomb|p2a: Salamence
|-damage|p2a: Salamence|3/100 slp
|
|-heal|p1a: Amoonguss|100/100|[from] item: Black Sludge
|upkeep
|turn|33
|
|t:|1663552990
|switch|p2a: Slowking|Slowking, M|75/100 tox
|move|p1a: Amoonguss|Giga Drain|p2a: Slowking
|-supereffective|p2a: Slowking
|-damage|p2a: Slowking|38/100 tox
|
|-damage|p2a: Slowking|32/100 tox|[from] psn
|upkeep
|turn|34
|
|t:|1663552999
|switch|p2a: Salamence|Salamence, F|3/100 slp
|-ability|p2a: Salamence|Intimidate|boost
|-unboost|p1a: Amoonguss|atk|1
|move|p1a: Amoonguss|Giga Drain|p2a: Salamence
|-resisted|p2a: Salamence
|-damage|p2a: Salamence|0 fnt
|faint|p2a: Salamence
|
|upkeep
|
|t:|1663553000
|switch|p2a: Gardevoir|Gardevoir, F, shiny|10/100
|-ability|p2a: Gardevoir|Regenerator|[from] ability: Trace|[of] p1a: Amoonguss
|turn|35
|
|t:|1663553004
|move|p2a: Gardevoir|Psyshock|p1a: Amoonguss
|-supereffective|p1a: Amoonguss
|-damage|p1a: Amoonguss|0 fnt
|faint|p1a: Amoonguss
|
|upkeep
|
|t:|1663553010
|switch|p1a: Moltres|Moltres|81/100
|turn|36
|
|t:|1663553018
|switch|p2a: Slowking|Slowking, M|65/100 tox
|move|p1a: Moltres|U-turn|p2a: Slowking
|-supereffective|p2a: Slowking
|-damage|p2a: Slowking|46/100 tox
|
|t:|1663553021
|switch|p1a: Zygarde|Zygarde-10%|100/100|[from]move: U-turn
|-ability|p1a: Zygarde|Aura Break
|
|-damage|p2a: Slowking|39/100 tox|[from] psn
|upkeep
|turn|37
|
|t:|1663553024
|switch|p2a: Zarude|Zarude|100/100
|move|p1a: Zygarde|Skitter Smack|p2a: Zarude
|-supereffective|p2a: Zarude
|-damage|p2a: Zarude|0 fnt
|faint|p2a: Zarude
|
|upkeep
|
|t:|1663553034
|switch|p2a: Slowking|Slowking, M|73/100 tox
|turn|38
|
|t:|1663553036
|move|p1a: Zygarde|Skitter Smack|p2a: Slowking
|-supereffective|p2a: Slowking
|-damage|p2a: Slowking|27/100 tox
|-unboost|p2a: Slowking|spa|1
|move|p2a: Slowking|Scald|p1a: Zygarde
|-damage|p1a: Zygarde|74/100
|
|-damage|p2a: Slowking|21/100 tox|[from] psn
|upkeep
|turn|39
|-message|twerkulator forfeited.
|
|win|CompetitiveScum
|raw|CompetitiveScum's rating: 1340 &rarr; <strong>1366</strong><br />(+26 for winning)
|raw|twerkulator's rating: 1439 &rarr; <strong>1413</strong><br />(-26 for losing)
|l|☆twerkulator
|c|☆CompetitiveScum|letsgo
|l| Rival $oul
||Ladder isn't responding, score probably updated but might not have (Request timeout).
