|j|☆LolzMachine
|j|☆uult1 SOMALIA
|t:|1610297144
|player|p1|LolzMachine|294|1591
|player|p2|uult1 SOMALIA|#somalia|1419
|teamsize|p1|6
|teamsize|p2|6
|gametype|singles
|gen|8
|tier|[Gen 8] UU
|rated|
|clearpoke
|poke|p1|Regidrago|
|poke|p1|Araquanid, F|
|poke|p1|Nidoqueen, F|
|poke|p1|Moltres-Galar|
|poke|p1|Mimikyu, M|
|poke|p1|Bisharp, M|
|poke|p2|Scizor, M|
|poke|p2|Mew|
|poke|p2|Scolipede, F|
|poke|p2|Hatterene, F|
|poke|p2|Azumarill, M|
|poke|p2|Mamoswine, F|
|rule|Sleep Clause Mod: Limit one foe put to sleep
|rule|Species Clause: Limit one of each Pokémon
|rule|OHKO Clause: OHKO moves are banned
|rule|Evasion Moves Clause: Evasion moves are banned
|rule|Endless Battle Clause: Forcing endless battles is banned
|rule|HP Percentage Mod: HP is shown in percentages
|rule|Dynamax Clause: You cannot dynamax
|teampreview
|inactive|Battle timer is ON: inactive players will automatically lose when time's up. (requested by uult1 SOMALIA)
|
|t:|1610297152
|start
|switch|p1a: Araquanid|Araquanid, F|100/100
|switch|p2a: DEVIL'S LANCE|Mamoswine, F|100/100
|turn|1
|
|t:|1610297176
|move|p1a: Araquanid|Magic Coat|p1a: Araquanid
|-singleturn|p1a: Araquanid|move: Magic Coat
|move|p2a: DEVIL'S LANCE|Stealth Rock|p1a: Araquanid
|move|p1a: Araquanid|Stealth Rock|p2a: DEVIL'S LANCE|[from]Magic Coat
|-sidestart|p2: uult1 SOMALIA|move: Stealth Rock
|
|upkeep
|turn|2
|
|t:|1610297182
|move|p2a: DEVIL'S LANCE|Stealth Rock|p1a: Araquanid
|-sidestart|p1: LolzMachine|move: Stealth Rock
|move|p1a: Araquanid|Liquidation|p2a: DEVIL'S LANCE
|-supereffective|p2a: DEVIL'S LANCE
|-crit|p2a: DEVIL'S LANCE
|-enditem|p2a: DEVIL'S LANCE|Focus Sash
|-damage|p2a: DEVIL'S LANCE|1/100
|
|upkeep
|turn|3
|
|t:|1610297199
|move|p2a: DEVIL'S LANCE|Earthquake|p1a: Araquanid
|-resisted|p1a: Araquanid
|-damage|p1a: Araquanid|66/100
|move|p1a: Araquanid|Liquidation|p2a: DEVIL'S LANCE
|-supereffective|p2a: DEVIL'S LANCE
|-damage|p2a: DEVIL'S LANCE|0 fnt
|faint|p2a: DEVIL'S LANCE
|
|upkeep
|
|t:|1610297204
|switch|p2a: HAMMER OF BURMA|Azumarill, M|100/100
|-damage|p2a: HAMMER OF BURMA|88/100|[from] Stealth Rock
|turn|4
|
|t:|1610297208
|move|p1a: Araquanid|Liquidation|p2a: HAMMER OF BURMA
|-resisted|p2a: HAMMER OF BURMA
|-damage|p2a: HAMMER OF BURMA|52/100
|-unboost|p2a: HAMMER OF BURMA|def|1
|move|p2a: HAMMER OF BURMA|Belly Drum|p2a: HAMMER OF BURMA
|-damage|p2a: HAMMER OF BURMA|2/100
|-setboost|p2a: HAMMER OF BURMA|atk|6|[from] move: Belly Drum
|-enditem|p2a: HAMMER OF BURMA|Sitrus Berry|[eat]
|-heal|p2a: HAMMER OF BURMA|27/100|[from] item: Sitrus Berry
|
|upkeep
|turn|5
|
|t:|1610297219
|move|p2a: HAMMER OF BURMA|Aqua Jet|p1a: Araquanid
|-resisted|p1a: Araquanid
|-damage|p1a: Araquanid|0 fnt
|faint|p1a: Araquanid
|
|upkeep
|
|t:|1610297224
|switch|p1a: Regidrago|Regidrago|100/100
|-damage|p1a: Regidrago|88/100|[from] Stealth Rock
|turn|6
|
|t:|1610297228
|move|p2a: HAMMER OF BURMA|Aqua Jet|p1a: Regidrago
|-resisted|p1a: Regidrago
|-damage|p1a: Regidrago|34/100
|move|p1a: Regidrago|Ancient Power|p2a: HAMMER OF BURMA
|-damage|p2a: HAMMER OF BURMA|0 fnt
|faint|p2a: HAMMER OF BURMA
|
|upkeep
|j| JonAmon 25
|
|t:|1610297253
|switch|p2a: DRAGON SHOT|Scizor, M|100/100
|-damage|p2a: DRAGON SHOT|88/100|[from] Stealth Rock
|turn|7
|
|t:|1610297257
|move|p2a: DRAGON SHOT|Bullet Punch|p1a: Regidrago
|-damage|p1a: Regidrago|0 fnt
|faint|p1a: Regidrago
|
|upkeep
|
|t:|1610297259
|switch|p1a: Nidoqueen|Nidoqueen, F|100/100
|-damage|p1a: Nidoqueen|94/100|[from] Stealth Rock
|turn|8
|j| Marraka$h
|
|t:|1610297274
|switch|p2a: WHEEPING WILLOW|Hatterene, F|100/100
|-damage|p2a: WHEEPING WILLOW|88/100|[from] Stealth Rock
|move|p1a: Nidoqueen|Earth Power|p2a: WHEEPING WILLOW
|-damage|p2a: WHEEPING WILLOW|28/100
|
|-heal|p2a: WHEEPING WILLOW|34/100|[from] item: Leftovers
|upkeep
|turn|9
|
|t:|1610297281
|move|p1a: Nidoqueen|Earth Power|p2a: WHEEPING WILLOW
|-damage|p2a: WHEEPING WILLOW|0 fnt
|faint|p2a: WHEEPING WILLOW
|
|upkeep
|
|t:|1610297285
|switch|p2a: NIKO STYLE|Mew|100/100
|-damage|p2a: NIKO STYLE|88/100|[from] Stealth Rock
|turn|10
|
|t:|1610297288
|switch|p1a: Moltres|Moltres-Galar|100/100
|-damage|p1a: Moltres|76/100|[from] Stealth Rock
|move|p2a: NIKO STYLE|Cosmic Power|p2a: NIKO STYLE
|-boost|p2a: NIKO STYLE|def|1
|-boost|p2a: NIKO STYLE|spd|1
|
|-heal|p2a: NIKO STYLE|94/100|[from] item: Leftovers
|upkeep
|turn|11
|
|t:|1610297293
|move|p1a: Moltres|Nasty Plot|p1a: Moltres
|-boost|p1a: Moltres|spa|2
|move|p2a: NIKO STYLE|Cosmic Power|p2a: NIKO STYLE
|-boost|p2a: NIKO STYLE|def|1
|-boost|p2a: NIKO STYLE|spd|1
|
|-heal|p2a: NIKO STYLE|100/100|[from] item: Leftovers
|upkeep
|turn|12
|
|t:|1610297295
|move|p1a: Moltres|Nasty Plot|p1a: Moltres
|-boost|p1a: Moltres|spa|2
|move|p2a: NIKO STYLE|Body Press|p1a: Moltres
|-damage|p1a: Moltres|15/100
|-ability|p1a: Moltres|Berserk|boost
|-boost|p1a: Moltres|spa|1
|
|upkeep
|turn|13
|
|t:|1610297301
|move|p1a: Moltres|Fiery Wrath|p2a: NIKO STYLE
|-supereffective|p2a: NIKO STYLE
|-damage|p2a: NIKO STYLE|0 fnt
|faint|p2a: NIKO STYLE
|
|upkeep
|
|t:|1610297304
|switch|p2a: DRAGON SHOT|Scizor, M|88/100
|-damage|p2a: DRAGON SHOT|76/100|[from] Stealth Rock
|turn|14
|
|t:|1610297306
|move|p2a: DRAGON SHOT|Bullet Punch|p1a: Moltres
|-damage|p1a: Moltres|0 fnt
|faint|p1a: Moltres
|
|upkeep
|
|t:|1610297308
|switch|p1a: Nidoqueen|Nidoqueen, F|94/100
|-damage|p1a: Nidoqueen|88/100|[from] Stealth Rock
|turn|15
|
|t:|1610297314
|move|p2a: DRAGON SHOT|Bullet Punch|p1a: Nidoqueen
|-damage|p1a: Nidoqueen|37/100
|move|p1a: Nidoqueen|Earth Power|p2a: DRAGON SHOT
|-damage|p2a: DRAGON SHOT|0 fnt
|faint|p2a: DRAGON SHOT
|
|upkeep
|
|t:|1610297318
|switch|p2a: INTO HIDING|Scolipede, F|100/100
|turn|16
|
|t:|1610297328
|move|p2a: INTO HIDING|Earthquake|p1a: Nidoqueen
|-supereffective|p1a: Nidoqueen
|-damage|p1a: Nidoqueen|0 fnt
|faint|p1a: Nidoqueen
|
|-ability|p2a: INTO HIDING|Speed Boost|boost
|-boost|p2a: INTO HIDING|spe|1
|upkeep
|
|t:|1610297331
|switch|p1a: Mimikyu|Mimikyu, M|100/100
|-damage|p1a: Mimikyu|88/100|[from] Stealth Rock
|turn|17
|
|t:|1610297336
|move|p2a: INTO HIDING|Poison Jab|p1a: Mimikyu
|-activate|p1a: Mimikyu|ability: Disguise
|-damage|p1a: Mimikyu|88/100
|detailschange|p1a: Mimikyu|Mimikyu-Busted, M
|-damage|p1a: Mimikyu|76/100|[from] pokemon: Mimikyu-Busted
|move|p1a: Mimikyu|Shadow Claw|p2a: INTO HIDING
|-damage|p2a: INTO HIDING|42/100
|-damage|p1a: Mimikyu|66/100|[from] item: Life Orb
|
|-ability|p2a: INTO HIDING|Speed Boost|boost
|-boost|p2a: INTO HIDING|spe|1
|upkeep
|turn|18
|
|t:|1610297342
|move|p1a: Mimikyu|Shadow Sneak|p2a: INTO HIDING
|-damage|p2a: INTO HIDING|6/100
|-damage|p1a: Mimikyu|56/100|[from] item: Life Orb
|move|p2a: INTO HIDING|Poison Jab|p1a: Mimikyu
|-damage|p1a: Mimikyu|2/100
|
|-ability|p2a: INTO HIDING|Speed Boost|boost
|-boost|p2a: INTO HIDING|spe|1
|upkeep
|turn|19
|
|t:|1610297345
|move|p1a: Mimikyu|Shadow Sneak|p2a: INTO HIDING
|-damage|p2a: INTO HIDING|0 fnt
|-damage|p1a: Mimikyu|0 fnt|[from] item: Life Orb
|faint|p2a: INTO HIDING
|faint|p1a: Mimikyu
|
|win|LolzMachine
|l|☆uult1 SOMALIA
|c|☆LolzMachine|gg
|l| JonAmon 25
|l| Marraka$h
||Ladder (probably) updated, but score could not be retrieved (Request timeout).
