|html|<div class="broadcast-blue"><strong>[Gen 8] UU is currently suspecting Kommo-o! For information on how to participate check out the <a href="https://www.smogon.com/forums/threads/np-ss-uu-stage-10-2-sickommo-ode.3693129/">suspect thread</a>.</strong></div>
|j|☆bizmuthdies
|j|☆PlasticPinnochio
|t:|1636134862
|gametype|singles
|player|p1|bizmuthdies|gardenia|1336
|player|p2|PlasticPinnochio|policeman|1340
|teamsize|p1|6
|teamsize|p2|6
|gen|8
|tier|[Gen 8] UU
|rated|
|rule|Sleep Clause Mod: Limit one foe put to sleep
|rule|Species Clause: Limit one of each Pokémon
|rule|OHKO Clause: OHKO moves are banned
|rule|Evasion Moves Clause: Evasion moves are banned
|rule|Endless Battle Clause: Forcing endless battles is banned
|rule|HP Percentage Mod: HP is shown in percentages
|rule|Dynamax Clause: You cannot dynamax
|clearpoke
|poke|p1|Indeedee-F, F|
|poke|p1|Zarude|
|poke|p1|Nihilego|
|poke|p1|Jirachi|
|poke|p1|Necrozma|
|poke|p1|Amoonguss, F|
|poke|p2|Togekiss, F|
|poke|p2|Aegislash, M|
|poke|p2|Rotom-Wash|
|poke|p2|Zarude-Dada|
|poke|p2|Excadrill, M|
|poke|p2|Thundurus-Therian, M|
|teampreview
|inactive|Battle timer is ON: inactive players will automatically lose when time's up. (requested by PlasticPinnochio)
|
|t:|1636134875
|start
|switch|p1a: Indeedee|Indeedee-F, F|100/100
|switch|p2a: Aegislash|Aegislash, M|100/100
|-fieldstart|move: Psychic Terrain|[from] ability: Psychic Surge|[of] p1a: Indeedee
|turn|1
|
|t:|1636134883
|move|p1a: Indeedee|Mystical Fire|p2a: Aegislash
|-supereffective|p2a: Aegislash
|-damage|p2a: Aegislash|57/100
|-unboost|p2a: Aegislash|spa|1
|-formechange|p2a: Aegislash|Aegislash-Blade||[from] ability: Stance Change
|move|p2a: Aegislash|Close Combat|p1a: Indeedee
|-damage|p1a: Indeedee|0 fnt
|-unboost|p2a: Aegislash|def|1
|-unboost|p2a: Aegislash|spd|1
|faint|p1a: Indeedee
|-damage|p2a: Aegislash|47/100|[from] item: Life Orb
|
|upkeep
|
|t:|1636134896
|switch|p1a: Zarude|Zarude|100/100
|-enditem|p1a: Zarude|Psychic Seed
|-boost|p1a: Zarude|spd|1|[from] item: Psychic Seed
|turn|2
|
|t:|1636134901
|move|p1a: Zarude|Bulk Up|p1a: Zarude
|-boost|p1a: Zarude|atk|1
|-boost|p1a: Zarude|def|1
|move|p2a: Aegislash|Close Combat|p1a: Zarude
|-supereffective|p1a: Zarude
|-damage|p1a: Zarude|19/100
|-unboost|p2a: Aegislash|def|1
|-unboost|p2a: Aegislash|spd|1
|-damage|p2a: Aegislash|37/100|[from] item: Life Orb
|
|upkeep
|turn|3
|
|t:|1636134921
|-formechange|p2a: Aegislash|Aegislash||[from] ability: Stance Change
|move|p2a: Aegislash|King's Shield|p2a: Aegislash
|-singleturn|p2a: Aegislash|Protect
|move|p1a: Zarude|Bulk Up|p1a: Zarude
|-boost|p1a: Zarude|atk|1
|-boost|p1a: Zarude|def|1
|
|upkeep
|turn|4
|
|t:|1636134930
|switch|p2a: Togekiss|Togekiss, F|100/100
|move|p1a: Zarude|Darkest Lariat|p2a: Togekiss
|-resisted|p2a: Togekiss
|-damage|p2a: Togekiss|61/100
|
|upkeep
|turn|5
|
|t:|1636134938
|move|p1a: Zarude|Power Whip|p2a: Togekiss
|-resisted|p2a: Togekiss
|-damage|p2a: Togekiss|7/100
|move|p2a: Togekiss|Air Slash|p1a: Zarude|[miss]
|-miss|p2a: Togekiss|p1a: Zarude
|
|upkeep
|turn|6
|
|t:|1636134947
|move|p1a: Zarude|Darkest Lariat|p2a: Togekiss
|-resisted|p2a: Togekiss
|-damage|p2a: Togekiss|0 fnt
|faint|p2a: Togekiss
|
|upkeep
|
|t:|1636134949
|switch|p2a: Zarude|Zarude-Dada|100/100
|turn|7
|
|t:|1636134956
|move|p2a: Zarude|Darkest Lariat|p1a: Zarude
|-resisted|p1a: Zarude
|-damage|p1a: Zarude|0 fnt
|faint|p1a: Zarude
|
|upkeep
|
|t:|1636134962
|switch|p1a: Jirachi|Jirachi|100/100
|turn|8
|
|t:|1636134966
|switch|p2a: Thundurus|Thundurus-Therian, M|100/100
|move|p1a: Jirachi|U-turn|p2a: Thundurus
|-resisted|p2a: Thundurus
|-damage|p2a: Thundurus|90/100
|
|t:|1636134972
|switch|p1a: Nihilego|Nihilego|100/100|[from]move: U-turn
|
|-fieldend|move: Psychic Terrain
|upkeep
|turn|9
|
|t:|1636134979
|switch|p2a: Excadrill|Excadrill, M|100/100
|-ability|p2a: Excadrill|Mold Breaker
|move|p1a: Nihilego|Meteor Beam||[still]
|-prepare|p1a: Nihilego|Meteor Beam
|-boost|p1a: Nihilego|spa|1
|-enditem|p1a: Nihilego|Power Herb
|-anim|p1a: Nihilego|Meteor Beam|p2a: Excadrill
|-resisted|p2a: Excadrill
|-damage|p2a: Excadrill|73/100
|
|-heal|p2a: Excadrill|79/100|[from] item: Leftovers
|upkeep
|turn|10
|c|☆bizmuthdies|fck
|c|☆bizmuthdies|i forgot to put a move
|
|t:|1636135002
|switch|p1a: Amoonguss|Amoonguss, F|100/100
|move|p2a: Excadrill|Stealth Rock|p1a: Amoonguss
|-sidestart|p1: bizmuthdies|move: Stealth Rock
|
|-heal|p2a: Excadrill|85/100|[from] item: Leftovers
|upkeep
|turn|11
|
|t:|1636135010
|switch|p2a: Rotom|Rotom-Wash|100/100
|move|p1a: Amoonguss|Foul Play|p2a: Rotom
|-damage|p2a: Rotom|91/100
|
|-heal|p2a: Rotom|97/100|[from] item: Leftovers
|upkeep
|turn|12
|
|t:|1636135017
|switch|p2a: Thundurus|Thundurus-Therian, M|90/100
|move|p1a: Amoonguss|Spore|p2a: Thundurus
|-status|p2a: Thundurus|slp|[from] move: Spore
|
|upkeep
|turn|13
|
|t:|1636135026
|switch|p1a: Nihilego|Nihilego|100/100
|-damage|p1a: Nihilego|88/100|[from] Stealth Rock
|cant|p2a: Thundurus|slp
|
|upkeep
|turn|14
|
|t:|1636135032
|switch|p2a: Excadrill|Excadrill, M|85/100
|-ability|p2a: Excadrill|Mold Breaker
|move|p1a: Nihilego|Meteor Beam||[still]
|-prepare|p1a: Nihilego|Meteor Beam
|-boost|p1a: Nihilego|spa|1
|
|-heal|p2a: Excadrill|91/100|[from] item: Leftovers
|upkeep
|turn|15
|
|t:|1636135041
|move|p1a: Nihilego|Meteor Beam|p2a: Excadrill|[from]lockedmove
|-resisted|p2a: Excadrill
|-damage|p2a: Excadrill|60/100
|move|p2a: Excadrill|Earthquake|p1a: Nihilego
|-supereffective|p1a: Nihilego
|-damage|p1a: Nihilego|0 fnt
|faint|p1a: Nihilego
|
|-heal|p2a: Excadrill|66/100|[from] item: Leftovers
|upkeep
|
|t:|1636135058
|switch|p1a: Amoonguss|Amoonguss, F|100/100
|-damage|p1a: Amoonguss|88/100|[from] Stealth Rock
|turn|16
|
|t:|1636135064
|move|p2a: Excadrill|Iron Head|p1a: Amoonguss
|-damage|p1a: Amoonguss|59/100
|-damage|p2a: Excadrill|50/100|[from] item: Rocky Helmet|[of] p1a: Amoonguss
|move|p1a: Amoonguss|Foul Play|p2a: Excadrill
|-damage|p2a: Excadrill|0 fnt
|faint|p2a: Excadrill
|
|upkeep
|
|t:|1636135080
|switch|p2a: Aegislash|Aegislash, M|37/100
|turn|17
|
|t:|1636135096
|-formechange|p2a: Aegislash|Aegislash-Blade||[from] ability: Stance Change
|move|p2a: Aegislash|Shadow Ball|p1a: Amoonguss
|-damage|p1a: Amoonguss|17/100
|-damage|p2a: Aegislash|27/100|[from] item: Life Orb
|move|p1a: Amoonguss|Foul Play|p2a: Aegislash
|-supereffective|p2a: Aegislash
|-damage|p2a: Aegislash|0 fnt
|faint|p2a: Aegislash
|
|upkeep
|
|t:|1636135099
|switch|p2a: Zarude|Zarude-Dada|100/100
|turn|18
|
|t:|1636135110
|switch|p1a: Jirachi|Jirachi|100/100
|-damage|p1a: Jirachi|94/100|[from] Stealth Rock
|move|p2a: Zarude|Bulk Up|p2a: Zarude
|-boost|p2a: Zarude|atk|1
|-boost|p2a: Zarude|def|1
|
|upkeep
|turn|19
|
|t:|1636135118
|move|p1a: Jirachi|U-turn|p2a: Zarude
|-supereffective|p2a: Zarude
|-damage|p2a: Zarude|66/100
|
|t:|1636135125
|switch|p1a: Necrozma|Necrozma|100/100|[from]move: U-turn
|-damage|p1a: Necrozma|88/100|[from] Stealth Rock
|move|p2a: Zarude|Bulk Up|p2a: Zarude
|-boost|p2a: Zarude|atk|1
|-boost|p2a: Zarude|def|1
|
|-heal|p2a: Zarude|72/100|[from] item: Leftovers
|upkeep
|turn|20
|
|t:|1636135140
|move|p2a: Zarude|Darkest Lariat|p1a: Necrozma
|-supereffective|p1a: Necrozma
|-damage|p1a: Necrozma|0 fnt
|faint|p1a: Necrozma
|
|-heal|p2a: Zarude|78/100|[from] item: Leftovers
|upkeep
|c|☆PlasticPinnochio|gg
|
|t:|1636135146
|switch|p1a: Amoonguss|Amoonguss, F|50/100
|-damage|p1a: Amoonguss|38/100|[from] Stealth Rock
|turn|21
|
|t:|1636135153
|switch|p1a: Jirachi|Jirachi|94/100
|-damage|p1a: Jirachi|88/100|[from] Stealth Rock
|move|p2a: Zarude|Darkest Lariat|p1a: Jirachi
|-supereffective|p1a: Jirachi
|-damage|p1a: Jirachi|0 fnt
|faint|p1a: Jirachi
|
|-heal|p2a: Zarude|84/100|[from] item: Leftovers
|upkeep
|
|t:|1636135162
|switch|p1a: Amoonguss|Amoonguss, F|71/100
|-damage|p1a: Amoonguss|59/100|[from] Stealth Rock
|turn|22
|
|t:|1636135168
|move|p2a: Zarude|Darkest Lariat|p1a: Amoonguss
|-damage|p1a: Amoonguss|0 fnt
|-damage|p2a: Zarude|68/100|[from] item: Rocky Helmet|[of] p1a: Amoonguss
|faint|p1a: Amoonguss
|
|win|PlasticPinnochio
|raw|bizmuthdies's rating: 1336 &rarr; <strong>1316</strong><br />(-20 for losing)
|raw|PlasticPinnochio's rating: 1340 &rarr; <strong>1360</strong><br />(+20 for winning)
|l|☆bizmuthdies
||Ladder isn't responding, score probably updated but might not have (Request timeout).
