|j|☆PatBootyham
|j|☆gogole2021
|t:|1630924265
|gametype|singles
|player|p1|PatBootyham|lucas|1103
|player|p2|gogole2021|rood|1370
|teamsize|p1|6
|teamsize|p2|6
|gen|8
|tier|[Gen 8] UU
|rated|
|rule|Sleep Clause Mod: Limit one foe put to sleep
|rule|Species Clause: Limit one of each Pokémon
|rule|OHKO Clause: OHKO moves are banned
|rule|Evasion Moves Clause: Evasion moves are banned
|rule|Endless Battle Clause: Forcing endless battles is banned
|rule|HP Percentage Mod: HP is shown in percentages
|rule|Dynamax Clause: You cannot dynamax
|clearpoke
|poke|p1|Nihilego|
|poke|p1|Skuntank, F|
|poke|p1|Slowbro-Galar, M|
|poke|p1|Toxicroak, M|
|poke|p1|Crobat, M|
|poke|p1|Gastrodon, F|
|poke|p2|Entei|
|poke|p2|Zarude|
|poke|p2|Jirachi|
|poke|p2|Reuniclus, M|
|poke|p2|Thundurus-Therian, M|
|poke|p2|Nihilego|
|teampreview
|
|t:|1630924282
|start
|switch|p1a: Slimy Gal|Gastrodon, F, shiny|100/100
|switch|p2a: Zarude|Zarude|100/100
|turn|1
|
|t:|1630924291
|move|p2a: Zarude|U-turn|p1a: Slimy Gal
|-damage|p1a: Slimy Gal|77/100
|
|t:|1630924298
|switch|p2a: Reuniclus|Reuniclus, M|100/100|[from]move: U-turn
|move|p1a: Slimy Gal|Yawn|p2a: Reuniclus
|-start|p2a: Reuniclus|move: Yawn|[of] p1a: Slimy Gal
|
|upkeep
|turn|2
|
|t:|1630924310
|switch|p2a: Zarude|Zarude|100/100
|move|p1a: Slimy Gal|Memento|p2a: Zarude
|-unboost|p2a: Zarude|atk|2
|-unboost|p2a: Zarude|spa|2
|faint|p1a: Slimy Gal
|
|upkeep
|
|t:|1630924319
|switch|p1a: Caveman w/ a gun|Slowbro-Galar, M, shiny|100/100
|turn|3
|-activate|p1a: Caveman w/ a gun|item: Quick Claw
|
|t:|1630924326
|move|p1a: Caveman w/ a gun|Belly Drum|p1a: Caveman w/ a gun
|-damage|p1a: Caveman w/ a gun|51/100
|-setboost|p1a: Caveman w/ a gun|atk|6|[from] move: Belly Drum
|move|p2a: Zarude|U-turn|p1a: Caveman w/ a gun
|-damage|p1a: Caveman w/ a gun|40/100
|
|t:|1630924345
|switch|p2a: Thundurus|Thundurus-Therian, M|100/100|[from]move: U-turn
|
|upkeep
|turn|4
|
|t:|1630924351
|move|p2a: Thundurus|Thunderbolt|p1a: Caveman w/ a gun
|-damage|p1a: Caveman w/ a gun|0 fnt
|faint|p1a: Caveman w/ a gun
|
|upkeep
|
|t:|1630924356
|switch|p1a: Imma firin mah lzr|Nihilego, shiny|100/100
|turn|5
|
|t:|1630924363
|switch|p2a: Reuniclus|Reuniclus, M|100/100
|move|p1a: Imma firin mah lzr|Meteor Beam||[still]
|-prepare|p1a: Imma firin mah lzr|Meteor Beam
|-boost|p1a: Imma firin mah lzr|spa|1
|-enditem|p1a: Imma firin mah lzr|Power Herb
|-anim|p1a: Imma firin mah lzr|Meteor Beam|p2a: Reuniclus
|-damage|p2a: Reuniclus|53/100
|
|upkeep
|turn|6
|
|t:|1630924375
|move|p1a: Imma firin mah lzr|Dazzling Gleam|p2a: Reuniclus
|-damage|p2a: Reuniclus|34/100
|move|p2a: Reuniclus|Psyshock|p1a: Imma firin mah lzr
|-supereffective|p1a: Imma firin mah lzr
|-damage|p1a: Imma firin mah lzr|0 fnt
|faint|p1a: Imma firin mah lzr
|
|upkeep
|
|t:|1630924383
|switch|p1a: Stench Flinch|Skuntank, F, shiny|100/100
|turn|7
|
|t:|1630924393
|switch|p2a: Zarude|Zarude|100/100
|move|p1a: Stench Flinch|Dark Pulse|p2a: Zarude
|-resisted|p2a: Zarude
|-damage|p2a: Zarude|85/100
|
|upkeep
|turn|8
|
|t:|1630924403
|move|p2a: Zarude|U-turn|p1a: Stench Flinch
|-damage|p1a: Stench Flinch|71/100
|
|t:|1630924409
|switch|p2a: Entei|Entei|100/100|[from]move: U-turn
|move|p1a: Stench Flinch|Sludge Bomb|p2a: Entei
|-damage|p2a: Entei|58/100
|
|upkeep
|turn|9
|
|t:|1630924420
|move|p2a: Entei|Sacred Fire|p1a: Stench Flinch
|-damage|p1a: Stench Flinch|0 fnt
|faint|p1a: Stench Flinch
|
|upkeep
|
|t:|1630924426
|switch|p1a: Here comes dat boi|Toxicroak, M, shiny|100/100
|turn|10
|
|t:|1630924431
|move|p2a: Entei|Sacred Fire|p1a: Here comes dat boi
|-damage|p1a: Here comes dat boi|0 fnt
|faint|p1a: Here comes dat boi
|
|upkeep
|
|t:|1630924437
|switch|p1a: Nightwing|Crobat, M, shiny|100/100
|turn|11
|
|t:|1630924444
|switch|p2a: Nihilego|Nihilego|100/100
|move|p1a: Nightwing|Sky Attack||[still]
|-prepare|p1a: Nightwing|Sky Attack
|-enditem|p1a: Nightwing|Power Herb
|-anim|p1a: Nightwing|Sky Attack|p2a: Nihilego
|-resisted|p2a: Nihilego
|-damage|p2a: Nihilego|46/100
|
|upkeep
|turn|12
|
|t:|1630924454
|move|p2a: Nihilego|Meteor Beam||[still]
|-prepare|p2a: Nihilego|Meteor Beam
|-boost|p2a: Nihilego|spa|1
|-enditem|p2a: Nihilego|Power Herb
|-anim|p2a: Nihilego|Meteor Beam|p1a: Nightwing
|-supereffective|p1a: Nightwing
|-damage|p1a: Nightwing|0 fnt
|faint|p1a: Nightwing
|
|win|gogole2021
|raw|PatBootyham's rating: 1103 &rarr; <strong>1094</strong><br />(-9 for losing)
|raw|gogole2021's rating: 1370 &rarr; <strong>1377</strong><br />(+7 for winning)
|l|☆PatBootyham
