|j|☆SwitchingIsGreat
|j|☆v1olette2
|t:|1662358664
|gametype|singles
|player|p1|SwitchingIsGreat|266|1511
|player|p2|v1olette2|1|1384
|teamsize|p1|6
|teamsize|p2|6
|gen|8
|tier|[Gen 8] UU
|rated|
|rule|Sleep Clause Mod: Limit one foe put to sleep
|rule|Species Clause: Limit one of each Pokémon
|rule|OHKO Clause: OHKO moves are banned
|rule|Evasion Items Clause: Evasion items are banned
|rule|Evasion Moves Clause: Evasion moves are banned
|rule|Endless Battle Clause: Forcing endless battles is banned
|rule|HP Percentage Mod: HP is shown in percentages
|rule|Dynamax Clause: You cannot dynamax
|clearpoke
|poke|p1|Gastrodon-East, F|
|poke|p1|Chandelure, F|
|poke|p1|Cobalion|
|poke|p1|Hippowdon, F|
|poke|p1|Excadrill, F|
|poke|p1|Salamence, F|
|poke|p2|Azelf|
|poke|p2|Hydreigon, F|
|poke|p2|Celebi|
|poke|p2|Skarmory, M|
|poke|p2|Chansey, F|
|poke|p2|Milotic, M|
|teampreview
|
|t:|1662358681
|start
|switch|p1a: Gastrodon|Gastrodon-East, F, shiny|100/100
|switch|p2a: Celebi|Celebi|100/100
|turn|1
|
|t:|1662358687
|switch|p1a: Salamence|Salamence, F|100/100
|-ability|p1a: Salamence|Intimidate|boost
|-unboost|p2a: Celebi|atk|1
|move|p2a: Celebi|Future Sight|p1a: Salamence
|-start|p2a: Celebi|move: Future Sight
|
|upkeep
|turn|2
|
|t:|1662358693
|switch|p2a: Chansey|Chansey, F|100/100
|move|p1a: Salamence|Flamethrower|p2a: Chansey
|-damage|p2a: Chansey|94/100
|
|upkeep
|turn|3
|
|t:|1662358699
|switch|p1a: Hippowdon|Hippowdon, F|100/100
|-weather|Sandstorm|[from] ability: Sand Stream|[of] p1a: Hippowdon
|move|p2a: Chansey|Stealth Rock|p1a: Hippowdon
|-sidestart|p1: SwitchingIsGreat|move: Stealth Rock
|
|-weather|Sandstorm|[upkeep]
|-damage|p2a: Chansey|88/100|[from] Sandstorm
|-end|p1a: Hippowdon|move: Future Sight
|-damage|p1a: Hippowdon|56/100
|upkeep
|turn|4
|
|t:|1662358708
|move|p1a: Hippowdon|Stealth Rock|p2a: Chansey
|-sidestart|p2: v1olette2|move: Stealth Rock
|move|p2a: Chansey|Teleport|p2a: Chansey
|
|t:|1662358711
|switch|p2a: Celebi|Celebi|100/100|[from]move: Teleport
|-damage|p2a: Celebi|88/100|[from] Stealth Rock
|
|-weather|Sandstorm|[upkeep]
|-damage|p2a: Celebi|82/100|[from] Sandstorm
|-heal|p2a: Celebi|88/100|[from] item: Leftovers
|upkeep
|turn|5
|inactive|Battle timer is ON: inactive players will automatically lose when time's up. (requested by SwitchingIsGreat)
|
|t:|1662358719
|switch|p1a: Chandelure|Chandelure, F, shiny|100/100
|move|p2a: Celebi|Future Sight|p1a: Chandelure
|-start|p2a: Celebi|move: Future Sight
|
|-weather|Sandstorm|[upkeep]
|-damage|p1a: Chandelure|95/100|[from] Sandstorm
|-damage|p2a: Celebi|82/100|[from] Sandstorm
|-heal|p2a: Celebi|88/100|[from] item: Leftovers
|upkeep
|turn|6
|
|t:|1662358726
|switch|p2a: Hydreigon|Hydreigon, F|100/100
|-damage|p2a: Hydreigon|88/100|[from] Stealth Rock
|move|p1a: Chandelure|Toxic|p2a: Hydreigon
|-status|p2a: Hydreigon|tox
|
|-weather|Sandstorm|[upkeep]
|-damage|p2a: Hydreigon|82/100 tox|[from] Sandstorm
|-damage|p1a: Chandelure|89/100|[from] Sandstorm
|-heal|p2a: Hydreigon|88/100 tox|[from] item: Leftovers
|-damage|p2a: Hydreigon|82/100 tox|[from] psn
|upkeep
|turn|7
|
|t:|1662358739
|switch|p1a: Gastrodon|Gastrodon-East, F, shiny|100/100
|switch|p2a: Skarmory|Skarmory, M|100/100
|-damage|p2a: Skarmory|88/100|[from] Stealth Rock
|
|-weather|Sandstorm|[upkeep]
|-end|p1a: Gastrodon|move: Future Sight
|-damage|p1a: Gastrodon|62/100
|upkeep
|turn|8
|
|t:|1662358748
|switch|p2a: Celebi|Celebi|88/100
|-damage|p2a: Celebi|75/100|[from] Stealth Rock
|switch|p1a: Chandelure|Chandelure, F, shiny|89/100
|
|-weather|Sandstorm|[upkeep]
|-damage|p1a: Chandelure|83/100|[from] Sandstorm
|-damage|p2a: Celebi|69/100|[from] Sandstorm
|-heal|p2a: Celebi|75/100|[from] item: Leftovers
|upkeep
|turn|9
|
|t:|1662358757
|switch|p2a: Hydreigon|Hydreigon, F|82/100 tox
|-damage|p2a: Hydreigon|69/100 tox|[from] Stealth Rock
|move|p1a: Chandelure|Flamethrower|p2a: Hydreigon
|-resisted|p2a: Hydreigon
|-damage|p2a: Hydreigon|44/100 tox
|
|-weather|Sandstorm|[upkeep]
|-damage|p1a: Chandelure|77/100|[from] Sandstorm
|-damage|p2a: Hydreigon|38/100 tox|[from] Sandstorm
|-heal|p2a: Hydreigon|44/100 tox|[from] item: Leftovers
|-damage|p2a: Hydreigon|38/100 tox|[from] psn
|upkeep
|turn|10
|
|t:|1662358768
|switch|p1a: Cobalion|Cobalion|100/100
|-damage|p1a: Cobalion|97/100|[from] Stealth Rock
|move|p2a: Hydreigon|Roost|p2a: Hydreigon
|-heal|p2a: Hydreigon|88/100 tox
|-singleturn|p2a: Hydreigon|move: Roost
|
|-weather|none
|-heal|p2a: Hydreigon|94/100 tox|[from] item: Leftovers
|-damage|p2a: Hydreigon|82/100 tox|[from] psn
|upkeep
|turn|11
|
|t:|1662358777
|switch|p2a: Skarmory|Skarmory, M|88/100
|-damage|p2a: Skarmory|76/100|[from] Stealth Rock
|move|p1a: Cobalion|Volt Switch|p2a: Skarmory
|-supereffective|p2a: Skarmory
|-damage|p2a: Skarmory|42/100
|
|t:|1662358780
|switch|p1a: Chandelure|Chandelure, F, shiny|77/100|[from]move: Volt Switch
|
|upkeep
|turn|12
|
|t:|1662358787
|switch|p2a: Hydreigon|Hydreigon, F|82/100 tox
|-damage|p2a: Hydreigon|69/100 tox|[from] Stealth Rock
|move|p1a: Chandelure|Hex|p2a: Hydreigon
|-resisted|p2a: Hydreigon
|-damage|p2a: Hydreigon|32/100 tox
|
|-heal|p2a: Hydreigon|39/100 tox|[from] item: Leftovers
|-damage|p2a: Hydreigon|32/100 tox|[from] psn
|upkeep
|turn|13
|
|t:|1662358796
|switch|p1a: Cobalion|Cobalion|97/100
|-damage|p1a: Cobalion|94/100|[from] Stealth Rock
|move|p2a: Hydreigon|Roost|p2a: Hydreigon
|-heal|p2a: Hydreigon|83/100 tox
|-singleturn|p2a: Hydreigon|move: Roost
|
|-heal|p2a: Hydreigon|89/100 tox|[from] item: Leftovers
|-damage|p2a: Hydreigon|76/100 tox|[from] psn
|upkeep
|turn|14
|
|t:|1662358805
|switch|p2a: Celebi|Celebi|75/100
|-damage|p2a: Celebi|63/100|[from] Stealth Rock
|move|p1a: Cobalion|Close Combat|p2a: Celebi
|-resisted|p2a: Celebi
|-damage|p2a: Celebi|43/100
|-unboost|p1a: Cobalion|def|1
|-unboost|p1a: Cobalion|spd|1
|
|-heal|p2a: Celebi|49/100|[from] item: Leftovers
|upkeep
|turn|15
|
|t:|1662358815
|move|p1a: Cobalion|Volt Switch|p2a: Celebi
|-resisted|p2a: Celebi
|-damage|p2a: Celebi|44/100
|
|t:|1662358816
|switch|p1a: Chandelure|Chandelure, F, shiny|77/100|[from]move: Volt Switch
|move|p2a: Celebi|Future Sight|p1a: Chandelure
|-start|p2a: Celebi|move: Future Sight
|
|-heal|p2a: Celebi|50/100|[from] item: Leftovers
|upkeep
|turn|16
|
|t:|1662358824
|switch|p2a: Chansey|Chansey, F|88/100
|-damage|p2a: Chansey|75/100|[from] Stealth Rock
|move|p1a: Chandelure|Taunt|p2a: Chansey
|-start|p2a: Chansey|move: Taunt
|
|upkeep
|turn|17
|
|t:|1662358832
|switch|p1a: Gastrodon|Gastrodon-East, F, shiny|62/100
|switch|p2a: Hydreigon|Hydreigon, F|76/100 tox
|-damage|p2a: Hydreigon|64/100 tox|[from] Stealth Rock
|
|-end|p1a: Gastrodon|move: Future Sight
|-damage|p1a: Gastrodon|21/100
|-heal|p2a: Hydreigon|70/100 tox|[from] item: Leftovers
|-damage|p2a: Hydreigon|64/100 tox|[from] psn
|upkeep
|turn|18
|
|t:|1662358843
|move|p2a: Hydreigon|Dark Pulse|p1a: Gastrodon
|-damage|p1a: Gastrodon|0 fnt
|faint|p1a: Gastrodon
|
|-heal|p2a: Hydreigon|70/100 tox|[from] item: Leftovers
|-damage|p2a: Hydreigon|58/100 tox|[from] psn
|upkeep
|
|t:|1662358844
|switch|p1a: Cobalion|Cobalion|94/100
|-damage|p1a: Cobalion|91/100|[from] Stealth Rock
|turn|19
|
|t:|1662358855
|switch|p2a: Celebi|Celebi|50/100
|-damage|p2a: Celebi|38/100|[from] Stealth Rock
|move|p1a: Cobalion|Iron Head|p2a: Celebi
|-crit|p2a: Celebi
|-damage|p2a: Celebi|0 fnt
|faint|p2a: Celebi
|
|upkeep
|
|t:|1662358863
|switch|p2a: Azelf|Azelf|100/100
|-damage|p2a: Azelf|88/100|[from] Stealth Rock
|turn|20
|
|t:|1662358872
|switch|p1a: Hippowdon|Hippowdon, F|56/100
|-damage|p1a: Hippowdon|50/100|[from] Stealth Rock
|-weather|Sandstorm|[from] ability: Sand Stream|[of] p1a: Hippowdon
|move|p2a: Azelf|Flamethrower|p1a: Hippowdon
|-damage|p1a: Hippowdon|20/100
|-damage|p2a: Azelf|78/100|[from] item: Life Orb
|
|-weather|Sandstorm|[upkeep]
|-damage|p2a: Azelf|72/100|[from] Sandstorm
|upkeep
|turn|21
|
|t:|1662358882
|switch|p1a: Salamence|Salamence, F|100/100
|-ability|p1a: Salamence|Intimidate|boost
|-unboost|p2a: Azelf|atk|1
|move|p2a: Azelf|Psyshock|p1a: Salamence
|-damage|p1a: Salamence|58/100
|-damage|p2a: Azelf|62/100|[from] item: Life Orb
|
|-weather|Sandstorm|[upkeep]
|-damage|p2a: Azelf|56/100|[from] Sandstorm
|-damage|p1a: Salamence|52/100|[from] Sandstorm
|upkeep
|turn|22
|
|t:|1662358894
|switch|p2a: Chansey|Chansey, F|75/100
|-damage|p2a: Chansey|63/100|[from] Stealth Rock
|move|p1a: Salamence|Dual Wingbeat|p2a: Chansey
|-damage|p2a: Chansey|50/100
|-damage|p2a: Chansey|37/100
|-hitcount|p2a: Chansey|2
|
|-weather|Sandstorm|[upkeep]
|-damage|p1a: Salamence|45/100|[from] Sandstorm
|-damage|p2a: Chansey|31/100|[from] Sandstorm
|upkeep
|turn|23
|
|t:|1662358904
|switch|p1a: Excadrill|Excadrill, F, shiny|100/100
|-damage|p1a: Excadrill|97/100|[from] Stealth Rock
|move|p2a: Chansey|Soft-Boiled|p2a: Chansey
|-heal|p2a: Chansey|81/100
|
|-weather|Sandstorm|[upkeep]
|-damage|p2a: Chansey|75/100|[from] Sandstorm
|upkeep
|turn|24
|
|t:|1662358913
|switch|p2a: Skarmory|Skarmory, M|42/100
|-damage|p2a: Skarmory|30/100|[from] Stealth Rock
|move|p1a: Excadrill|Swords Dance|p1a: Excadrill
|-boost|p1a: Excadrill|atk|2
|
|-weather|Sandstorm|[upkeep]
|upkeep
|turn|25
|
|t:|1662358935
|move|p1a: Excadrill|Rock Slide|p2a: Skarmory|[miss]
|-miss|p1a: Excadrill|p2a: Skarmory
|move|p2a: Skarmory|Roost|p2a: Skarmory
|-heal|p2a: Skarmory|80/100
|-singleturn|p2a: Skarmory|move: Roost
|
|-weather|Sandstorm|[upkeep]
|upkeep
|turn|26
|c|☆SwitchingIsGreat|as expected
|c|☆SwitchingIsGreat|xd
|c|☆v1olette2|lol
|
|t:|1662358946
|switch|p1a: Chandelure|Chandelure, F, shiny|77/100
|move|p2a: Skarmory|Body Press|p1a: Chandelure
|-immune|p1a: Chandelure
|
|-weather|Sandstorm|[upkeep]
|-damage|p1a: Chandelure|71/100|[from] Sandstorm
|upkeep
|turn|27
|
|t:|1662358956
|switch|p2a: Chansey|Chansey, F|75/100
|-damage|p2a: Chansey|62/100|[from] Stealth Rock
|move|p1a: Chandelure|Taunt|p2a: Chansey
|-start|p2a: Chansey|move: Taunt
|
|-weather|none
|upkeep
|turn|28
|
|t:|1662358963
|switch|p2a: Hydreigon|Hydreigon, F|58/100 tox
|-damage|p2a: Hydreigon|45/100 tox|[from] Stealth Rock
|move|p1a: Chandelure|Hex|p2a: Hydreigon
|-resisted|p2a: Hydreigon
|-damage|p2a: Hydreigon|6/100 tox
|
|-heal|p2a: Hydreigon|12/100 tox|[from] item: Leftovers
|-damage|p2a: Hydreigon|6/100 tox|[from] psn
|upkeep
|turn|29
|
|t:|1662358973
|switch|p1a: Cobalion|Cobalion|91/100
|-damage|p1a: Cobalion|88/100|[from] Stealth Rock
|move|p2a: Hydreigon|Roost|p2a: Hydreigon
|-heal|p2a: Hydreigon|56/100 tox
|-singleturn|p2a: Hydreigon|move: Roost
|
|-heal|p2a: Hydreigon|63/100 tox|[from] item: Leftovers
|-damage|p2a: Hydreigon|50/100 tox|[from] psn
|upkeep
|turn|30
|
|t:|1662358983
|switch|p2a: Milotic|Milotic, M, shiny|100/100
|-damage|p2a: Milotic|88/100|[from] Stealth Rock
|move|p1a: Cobalion|Close Combat|p2a: Milotic
|-damage|p2a: Milotic|48/100
|-unboost|p1a: Cobalion|def|1
|-unboost|p1a: Cobalion|spd|1
|
|-heal|p2a: Milotic|54/100|[from] item: Leftovers
|upkeep
|turn|31
|
|t:|1662358993
|move|p1a: Cobalion|Volt Switch|p2a: Milotic
|-supereffective|p2a: Milotic
|-damage|p2a: Milotic|39/100
|
|t:|1662358995
|switch|p1a: Hippowdon|Hippowdon, F|20/100|[from]move: Volt Switch
|-damage|p1a: Hippowdon|13/100|[from] Stealth Rock
|-weather|Sandstorm|[from] ability: Sand Stream|[of] p1a: Hippowdon
|move|p2a: Milotic|Recover|p2a: Milotic
|-heal|p2a: Milotic|89/100
|
|-weather|Sandstorm|[upkeep]
|-damage|p2a: Milotic|83/100|[from] Sandstorm
|-heal|p2a: Milotic|89/100|[from] item: Leftovers
|upkeep
|turn|32
|
|t:|1662359008
|switch|p1a: Salamence|Salamence, F|45/100
|-ability|p1a: Salamence|Intimidate|boost
|-unboost|p2a: Milotic|atk|1
|move|p2a: Milotic|Scald|p1a: Salamence
|-resisted|p1a: Salamence
|-damage|p1a: Salamence|32/100
|
|-weather|Sandstorm|[upkeep]
|-damage|p1a: Salamence|26/100|[from] Sandstorm
|-damage|p2a: Milotic|83/100|[from] Sandstorm
|-heal|p2a: Milotic|89/100|[from] item: Leftovers
|upkeep
|turn|33
|
|t:|1662359020
|move|p1a: Salamence|Roost|p1a: Salamence
|-heal|p1a: Salamence|76/100
|-singleturn|p1a: Salamence|move: Roost
|move|p2a: Milotic|Mirror Coat||[still]
|-fail|p2a: Milotic
|
|-weather|Sandstorm|[upkeep]
|-damage|p1a: Salamence|70/100|[from] Sandstorm
|-damage|p2a: Milotic|83/100|[from] Sandstorm
|-heal|p2a: Milotic|89/100|[from] item: Leftovers
|upkeep
|turn|34
|
|t:|1662359029
|move|p1a: Salamence|Dual Wingbeat|p2a: Milotic|[miss]
|-miss|p1a: Salamence|p2a: Milotic
|move|p2a: Milotic|Scald|p1a: Salamence
|-resisted|p1a: Salamence
|-damage|p1a: Salamence|55/100
|
|-weather|Sandstorm|[upkeep]
|-damage|p1a: Salamence|49/100|[from] Sandstorm
|-damage|p2a: Milotic|83/100|[from] Sandstorm
|-heal|p2a: Milotic|89/100|[from] item: Leftovers
|upkeep
|turn|35
|
|t:|1662359041
|move|p1a: Salamence|Dual Wingbeat|p2a: Milotic
|-crit|p2a: Milotic
|-damage|p2a: Milotic|65/100
|-damage|p2a: Milotic|46/100
|-hitcount|p2a: Milotic|2
|move|p2a: Milotic|Scald|p1a: Salamence
|-resisted|p1a: Salamence
|-damage|p1a: Salamence|35/100
|
|-weather|Sandstorm|[upkeep]
|-damage|p1a: Salamence|29/100|[from] Sandstorm
|-damage|p2a: Milotic|40/100|[from] Sandstorm
|-heal|p2a: Milotic|46/100|[from] item: Leftovers
|upkeep
|turn|36
|
|t:|1662359053
|move|p1a: Salamence|Dual Wingbeat|p2a: Milotic|[miss]
|-miss|p1a: Salamence|p2a: Milotic
|move|p2a: Milotic|Recover|p2a: Milotic
|-heal|p2a: Milotic|96/100
|
|-weather|Sandstorm|[upkeep]
|-damage|p1a: Salamence|23/100|[from] Sandstorm
|-damage|p2a: Milotic|90/100|[from] Sandstorm
|-heal|p2a: Milotic|96/100|[from] item: Leftovers
|upkeep
|turn|37
|
|t:|1662359063
|move|p1a: Salamence|Roost|p1a: Salamence
|-heal|p1a: Salamence|73/100
|-singleturn|p1a: Salamence|move: Roost
|move|p2a: Milotic|Scald|p1a: Salamence
|-resisted|p1a: Salamence
|-damage|p1a: Salamence|59/100
|-status|p1a: Salamence|brn
|
|-weather|Sandstorm|[upkeep]
|-damage|p1a: Salamence|53/100 brn|[from] Sandstorm
|-damage|p2a: Milotic|90/100|[from] Sandstorm
|-heal|p2a: Milotic|96/100|[from] item: Leftovers
|-damage|p1a: Salamence|47/100 brn|[from] brn
|upkeep
|turn|38
|
|t:|1662359081
|switch|p2a: Chansey|Chansey, F|62/100
|-damage|p2a: Chansey|50/100|[from] Stealth Rock
|move|p1a: Salamence|Dual Wingbeat|p2a: Chansey
|-crit|p2a: Chansey
|-damage|p2a: Chansey|41/100
|-damage|p2a: Chansey|34/100
|-hitcount|p2a: Chansey|2
|
|-weather|none
|-damage|p1a: Salamence|41/100 brn|[from] brn
|upkeep
|turn|39
|
|t:|1662359091
|switch|p1a: Cobalion|Cobalion|88/100
|-damage|p1a: Cobalion|85/100|[from] Stealth Rock
|move|p2a: Chansey|Soft-Boiled|p2a: Chansey
|-heal|p2a: Chansey|84/100
|
|upkeep
|turn|40
|
|t:|1662359099
|switch|p2a: Skarmory|Skarmory, M|80/100
|-damage|p2a: Skarmory|68/100|[from] Stealth Rock
|move|p1a: Cobalion|Close Combat|p2a: Skarmory
|-damage|p2a: Skarmory|40/100
|-unboost|p1a: Cobalion|def|1
|-unboost|p1a: Cobalion|spd|1
|-damage|p1a: Cobalion|69/100|[from] item: Rocky Helmet|[of] p2a: Skarmory
|
|upkeep
|turn|41
|
|t:|1662359112
|move|p1a: Cobalion|Volt Switch|p2a: Skarmory
|-supereffective|p2a: Skarmory
|-damage|p2a: Skarmory|6/100
|
|t:|1662359114
|switch|p1a: Chandelure|Chandelure, F, shiny|71/100|[from]move: Volt Switch
|move|p2a: Skarmory|Roost|p2a: Skarmory
|-heal|p2a: Skarmory|56/100
|-singleturn|p2a: Skarmory|move: Roost
|
|upkeep
|turn|42
|
|t:|1662359122
|switch|p2a: Chansey|Chansey, F|84/100
|-damage|p2a: Chansey|72/100|[from] Stealth Rock
|move|p1a: Chandelure|Taunt|p2a: Chansey
|-start|p2a: Chansey|move: Taunt
|
|upkeep
|turn|43
|
|t:|1662359134
|switch|p2a: Milotic|Milotic, M, shiny|96/100
|-damage|p2a: Milotic|84/100|[from] Stealth Rock
|move|p1a: Chandelure|Hex|p2a: Milotic
|-damage|p2a: Milotic|60/100
|
|-heal|p2a: Milotic|66/100|[from] item: Leftovers
|upkeep
|turn|44
|
|t:|1662359141
|move|p1a: Chandelure|Toxic|p2a: Milotic
|-status|p2a: Milotic|tox
|move|p2a: Milotic|Scald|p1a: Chandelure
|-supereffective|p1a: Chandelure
|-damage|p1a: Chandelure|0 fnt
|faint|p1a: Chandelure
|
|-heal|p2a: Milotic|72/100 tox|[from] item: Leftovers
|-damage|p2a: Milotic|66/100 tox|[from] psn
|upkeep
|
|t:|1662359154
|switch|p1a: Hippowdon|Hippowdon, F|13/100
|-damage|p1a: Hippowdon|7/100|[from] Stealth Rock
|-weather|Sandstorm|[from] ability: Sand Stream|[of] p1a: Hippowdon
|turn|45
|
|t:|1662359159
|switch|p1a: Salamence|Salamence, F|41/100 brn
|-ability|p1a: Salamence|Intimidate|boost
|-unboost|p2a: Milotic|atk|1
|move|p2a: Milotic|Scald|p1a: Salamence
|-resisted|p1a: Salamence
|-damage|p1a: Salamence|27/100 brn
|
|-weather|Sandstorm|[upkeep]
|-damage|p1a: Salamence|21/100 brn|[from] Sandstorm
|-damage|p2a: Milotic|60/100 tox|[from] Sandstorm
|-heal|p2a: Milotic|66/100 tox|[from] item: Leftovers
|-damage|p2a: Milotic|54/100 tox|[from] psn
|-damage|p1a: Salamence|15/100 brn|[from] brn
|upkeep
|turn|46
|
|t:|1662359172
|switch|p2a: Azelf|Azelf|56/100
|-damage|p2a: Azelf|44/100|[from] Stealth Rock
|move|p1a: Salamence|Roost|p1a: Salamence
|-heal|p1a: Salamence|65/100 brn
|-singleturn|p1a: Salamence|move: Roost
|
|-weather|Sandstorm|[upkeep]
|-damage|p2a: Azelf|37/100|[from] Sandstorm
|-damage|p1a: Salamence|59/100 brn|[from] Sandstorm
|-damage|p1a: Salamence|53/100 brn|[from] brn
|upkeep
|turn|47
|
|t:|1662359185
|switch|p1a: Hippowdon|Hippowdon, F|7/100
|-damage|p1a: Hippowdon|1/100|[from] Stealth Rock
|move|p2a: Azelf|Dazzling Gleam|p1a: Hippowdon
|-damage|p1a: Hippowdon|0 fnt
|faint|p1a: Hippowdon
|-damage|p2a: Azelf|28/100|[from] item: Life Orb
|
|-weather|Sandstorm|[upkeep]
|-damage|p2a: Azelf|21/100|[from] Sandstorm
|upkeep
|
|t:|1662359191
|switch|p1a: Excadrill|Excadrill, F, shiny|97/100
|-damage|p1a: Excadrill|94/100|[from] Stealth Rock
|turn|48
|
|t:|1662359198
|switch|p2a: Skarmory|Skarmory, M|56/100
|-damage|p2a: Skarmory|43/100|[from] Stealth Rock
|move|p1a: Excadrill|Iron Head|p2a: Skarmory
|-resisted|p2a: Skarmory
|-damage|p2a: Skarmory|27/100
|-damage|p1a: Excadrill|78/100|[from] item: Rocky Helmet|[of] p2a: Skarmory
|-damage|p1a: Excadrill|68/100|[from] item: Life Orb
|
|-weather|Sandstorm|[upkeep]
|upkeep
|turn|49
|
|t:|1662359208
|move|p1a: Excadrill|Rock Slide|p2a: Skarmory|[miss]
|-miss|p1a: Excadrill|p2a: Skarmory
|move|p2a: Skarmory|Roost|p2a: Skarmory
|-heal|p2a: Skarmory|77/100
|-singleturn|p2a: Skarmory|move: Roost
|
|-weather|Sandstorm|[upkeep]
|upkeep
|turn|50
|
|t:|1662359222
|switch|p1a: Salamence|Salamence, F|53/100 brn
|-ability|p1a: Salamence|Intimidate|boost
|-unboost|p2a: Skarmory|atk|1
|move|p2a: Skarmory|Body Press|p1a: Salamence
|-resisted|p1a: Salamence
|-damage|p1a: Salamence|39/100 brn
|
|-weather|Sandstorm|[upkeep]
|-damage|p1a: Salamence|33/100 brn|[from] Sandstorm
|-damage|p1a: Salamence|27/100 brn|[from] brn
|upkeep
|turn|51
|
|t:|1662359239
|switch|p2a: Milotic|Milotic, M, shiny|54/100 tox
|-damage|p2a: Milotic|42/100 tox|[from] Stealth Rock
|move|p1a: Salamence|Roost|p1a: Salamence
|-heal|p1a: Salamence|77/100 brn
|-singleturn|p1a: Salamence|move: Roost
|
|-weather|Sandstorm|[upkeep]
|-damage|p1a: Salamence|71/100 brn|[from] Sandstorm
|-damage|p2a: Milotic|36/100 tox|[from] Sandstorm
|-heal|p2a: Milotic|42/100 tox|[from] item: Leftovers
|-damage|p2a: Milotic|36/100 tox|[from] psn
|-damage|p1a: Salamence|64/100 brn|[from] brn
|upkeep
|turn|52
|
|t:|1662359252
|move|p1a: Salamence|Dual Wingbeat|p2a: Milotic
|-damage|p2a: Milotic|29/100 tox
|-damage|p2a: Milotic|24/100 tox
|-hitcount|p2a: Milotic|2
|move|p2a: Milotic|Recover|p2a: Milotic
|-heal|p2a: Milotic|74/100 tox
|
|-weather|none
|-heal|p2a: Milotic|80/100 tox|[from] item: Leftovers
|-damage|p2a: Milotic|68/100 tox|[from] psn
|-damage|p1a: Salamence|58/100 brn|[from] brn
|upkeep
|turn|53
|j| Maractus-4-UU
|
|t:|1662359263
|switch|p2a: Chansey|Chansey, F|72/100
|-damage|p2a: Chansey|59/100|[from] Stealth Rock
|move|p1a: Salamence|Flamethrower|p2a: Chansey
|-damage|p2a: Chansey|53/100
|
|-damage|p1a: Salamence|52/100 brn|[from] brn
|upkeep
|turn|54
|
|t:|1662359272
|move|p1a: Salamence|Roost|p1a: Salamence
|-heal|p1a: Salamence|100/100 brn
|-singleturn|p1a: Salamence|move: Roost
|move|p2a: Chansey|Teleport|p2a: Chansey
|
|t:|1662359281
|switch|p2a: Hydreigon|Hydreigon, F|50/100 tox|[from]move: Teleport
|-damage|p2a: Hydreigon|38/100 tox|[from] Stealth Rock
|
|-heal|p2a: Hydreigon|44/100 tox|[from] item: Leftovers
|-damage|p2a: Hydreigon|38/100 tox|[from] psn
|-damage|p1a: Salamence|94/100 brn|[from] brn
|upkeep
|turn|55
|
|t:|1662359290
|switch|p2a: Skarmory|Skarmory, M|77/100
|-damage|p2a: Skarmory|64/100|[from] Stealth Rock
|switch|p1a: Cobalion|Cobalion|69/100
|-damage|p1a: Cobalion|66/100|[from] Stealth Rock
|
|upkeep
|turn|56
|
|t:|1662359299
|move|p1a: Cobalion|Volt Switch|p2a: Skarmory
|-supereffective|p2a: Skarmory
|-damage|p2a: Skarmory|25/100
|
|t:|1662359303
|switch|p1a: Salamence|Salamence, F|94/100 brn|[from]move: Volt Switch
|-ability|p1a: Salamence|Intimidate|boost
|-unboost|p2a: Skarmory|atk|1
|move|p2a: Skarmory|Roost|p2a: Skarmory
|-heal|p2a: Skarmory|76/100
|-singleturn|p2a: Skarmory|move: Roost
|
|-damage|p1a: Salamence|88/100 brn|[from] brn
|upkeep
|turn|57
|
|t:|1662359313
|switch|p1a: Cobalion|Cobalion|66/100
|-damage|p1a: Cobalion|62/100|[from] Stealth Rock
|switch|p2a: Chansey|Chansey, F|53/100
|-damage|p2a: Chansey|40/100|[from] Stealth Rock
|
|upkeep
|turn|58
|
|t:|1662359325
|switch|p2a: Hydreigon|Hydreigon, F|38/100 tox
|-damage|p2a: Hydreigon|25/100 tox|[from] Stealth Rock
|move|p1a: Cobalion|Close Combat|p2a: Hydreigon
|-supereffective|p2a: Hydreigon
|-damage|p2a: Hydreigon|0 fnt
|-unboost|p1a: Cobalion|def|1
|-unboost|p1a: Cobalion|spd|1
|faint|p2a: Hydreigon
|
|upkeep
|
|t:|1662359334
|switch|p2a: Azelf|Azelf|21/100
|-damage|p2a: Azelf|9/100|[from] Stealth Rock
|turn|59
|
|t:|1662359340
|switch|p1a: Salamence|Salamence, F|88/100 brn
|-ability|p1a: Salamence|Intimidate|boost
|-unboost|p2a: Azelf|atk|1
|move|p2a: Azelf|Dazzling Gleam|p1a: Salamence
|-supereffective|p1a: Salamence
|-damage|p1a: Salamence|16/100 brn
|-damage|p2a: Azelf|0 fnt|[from] item: Life Orb
|faint|p2a: Azelf
|
|-damage|p1a: Salamence|10/100 brn|[from] brn
|upkeep
|
|t:|1662359356
|switch|p2a: Chansey|Chansey, F|40/100
|-damage|p2a: Chansey|28/100|[from] Stealth Rock
|turn|60
|inactive|SwitchingIsGreat has 120 seconds left.
|
|t:|1662359387
|move|p1a: Salamence|Roost|p1a: Salamence
|-heal|p1a: Salamence|60/100 brn
|-singleturn|p1a: Salamence|move: Roost
|move|p2a: Chansey|Soft-Boiled|p2a: Chansey
|-heal|p2a: Chansey|78/100
|
|-damage|p1a: Salamence|54/100 brn|[from] brn
|upkeep
|turn|61
|inactive|v1olette2 has 120 seconds left.
|inactive|v1olette2 has 90 seconds left.
|inactive|v1olette2 has 60 seconds left.
|inactive|v1olette2 has 30 seconds left.
|inactive|v1olette2 has 20 seconds left.
|inactive|v1olette2 has 15 seconds left.
|inactive|v1olette2 has 10 seconds left.
|inactive|v1olette2 has 5 seconds left.
|c| Maractus-4-UU|Really putting the stall in stall
|-message|v1olette2 lost due to inactivity.
|
|win|SwitchingIsGreat
|raw|SwitchingIsGreat's rating: 1516 &rarr; <strong>1529</strong><br />(+13 for winning)
|raw|v1olette2's rating: 1384 &rarr; <strong>1371</strong><br />(-13 for losing)
|l|☆v1olette2
