|j|☆HaxxLR
|j|☆Meracx
|t:|1662753734
|gametype|singles
|player|p1|HaxxLR|grimsley|
|player|p2|Meracx|thorton|
|teamsize|p1|6
|teamsize|p2|6
|gen|8
|tier|[Gen 8] UU
|rule|Sleep Clause Mod: Limit one foe put to sleep
|rule|Species Clause: Limit one of each Pokémon
|rule|OHKO Clause: OHKO moves are banned
|rule|Evasion Items Clause: Evasion items are banned
|rule|Evasion Moves Clause: Evasion moves are banned
|rule|Endless Battle Clause: Forcing endless battles is banned
|rule|HP Percentage Mod: HP is shown in percentages
|rule|Dynamax Clause: You cannot dynamax
|clearpoke
|poke|p1|Necrozma|
|poke|p1|Cobalion|
|poke|p1|Tangrowth, F|
|poke|p1|Rotom-Wash|
|poke|p1|Diggersby, M|
|poke|p1|Hippowdon, M|
|poke|p2|Zarude|
|poke|p2|Salamence, M|
|poke|p2|Slowbro-Galar, M|
|poke|p2|Rotom-Wash|
|poke|p2|Cobalion|
|poke|p2|Hippowdon, M|
|teampreview
|c|☆Meracx|hf
|c|☆HaxxLR|hf
|j| Nultiprise
|
|t:|1662753917
|start
|switch|p1a: Diggersby|Diggersby, M|100/100
|switch|p2a: Rotom|Rotom-Wash|100/100
|turn|1
|
|t:|1662753963
|switch|p1a: Tangrowth|Tangrowth, F|100/100
|move|p2a: Rotom|Trick|p1a: Tangrowth
|-activate|p2a: Rotom|move: Trick|[of] p1a: Tangrowth
|-item|p1a: Tangrowth|Choice Scarf|[from] move: Trick
|-item|p2a: Rotom|Assault Vest|[from] move: Trick
|
|upkeep
|turn|2
|j| FC Kyoko
|j| jeza.p
|c| jeza.p|j'ai mis 15 minutes a me connecter sur la game .. lol
|c| jeza.p|j'ai rate 1 tour mdr
|
|t:|1662754046
|switch|p1a: Diggersby|Diggersby, M|100/100
|move|p2a: Rotom|Hydro Pump|p1a: Diggersby|[miss]
|-miss|p2a: Rotom|p1a: Diggersby
|
|upkeep
|turn|3
|c|☆Meracx|Rooh
|
|t:|1662754088
|move|p1a: Diggersby|U-turn|p2a: Rotom
|-crit|p2a: Rotom
|-damage|p2a: Rotom|53/100
|
|t:|1662754094
|switch|p1a: Tangrowth|Tangrowth, F|100/100|[from]move: U-turn
|move|p2a: Rotom|Hydro Pump|p1a: Tangrowth|[miss]
|-miss|p2a: Rotom|p1a: Tangrowth
|
|upkeep
|turn|4
|
|t:|1662754132
|switch|p1a: Rotom|Rotom-Wash|100/100
|move|p2a: Rotom|Volt Switch|p1a: Rotom
|-damage|p1a: Rotom|75/100
|
|t:|1662754137
|switch|p2a: Zarude|Zarude|100/100|[from]move: Volt Switch
|
|-heal|p1a: Rotom|81/100|[from] item: Leftovers
|upkeep
|turn|5
|j| Maybca☆〜ゝ。∂
|j| Mirageuuuuh
|l| Maybca☆〜ゝ。∂
|l| Mirageuuuuh
|
|t:|1662754204
|switch|p1a: Cobalion|Cobalion|100/100
|move|p2a: Zarude|U-turn|p1a: Cobalion
|-resisted|p1a: Cobalion
|-damage|p1a: Cobalion|96/100
|
|t:|1662754210
|switch|p2a: Hippowdon|Hippowdon, M|100/100|[from]move: U-turn
|-weather|Sandstorm|[from] ability: Sand Stream|[of] p2a: Hippowdon
|
|-weather|Sandstorm|[upkeep]
|-heal|p1a: Cobalion|100/100|[from] item: Leftovers
|upkeep
|turn|6
|
|t:|1662754218
|switch|p1a: Hippowdon|Hippowdon, M|100/100
|move|p2a: Hippowdon|Earthquake|p1a: Hippowdon
|-damage|p1a: Hippowdon|79/100
|
|-weather|Sandstorm|[upkeep]
|-heal|p1a: Hippowdon|85/100|[from] item: Leftovers
|upkeep
|turn|7
|
|t:|1662754239
|move|p2a: Hippowdon|Toxic|p1a: Hippowdon
|-status|p1a: Hippowdon|tox
|move|p1a: Hippowdon|Toxic|p2a: Hippowdon
|-status|p2a: Hippowdon|tox
|
|-weather|Sandstorm|[upkeep]
|-heal|p1a: Hippowdon|91/100 tox|[from] item: Leftovers
|-damage|p2a: Hippowdon|94/100 tox|[from] psn
|-damage|p1a: Hippowdon|85/100 tox|[from] psn
|upkeep
|turn|8
|
|t:|1662754274
|switch|p1a: Rotom|Rotom-Wash|81/100
|move|p2a: Hippowdon|Stealth Rock|p1a: Rotom
|-sidestart|p1: HaxxLR|move: Stealth Rock
|
|-weather|Sandstorm|[upkeep]
|-damage|p1a: Rotom|75/100|[from] Sandstorm
|-heal|p1a: Rotom|81/100|[from] item: Leftovers
|-heal|p2a: Hippowdon|100/100 tox|[from] item: Leftovers
|-damage|p2a: Hippowdon|88/100 tox|[from] psn
|upkeep
|turn|9
|
|t:|1662754299
|switch|p2a: Slowbro|Slowbro-Galar, M|100/100
|move|p1a: Rotom|Defog|p2a: Slowbro
|-unboost|p2a: Slowbro|evasion|1
|-sideend|p1: HaxxLR|Stealth Rock|[from] move: Defog|[of] p1a: Rotom
|
|-weather|none
|-heal|p1a: Rotom|87/100|[from] item: Leftovers
|upkeep
|turn|10
|
|t:|1662754314
|move|p1a: Rotom|Volt Switch|p2a: Slowbro
|-damage|p2a: Slowbro|87/100
|l| jeza.p
|
|t:|1662754353
|switch|p1a: Hippowdon|Hippowdon, M|85/100 tox|[from]move: Volt Switch
|move|p2a: Slowbro|Flamethrower|p1a: Hippowdon
|-damage|p1a: Hippowdon|67/100 tox
|
|-heal|p1a: Hippowdon|73/100 tox|[from] item: Leftovers
|-damage|p1a: Hippowdon|67/100 tox|[from] psn
|upkeep
|turn|11
|
|t:|1662754366
|switch|p2a: Hippowdon|Hippowdon, M|88/100 tox
|-weather|Sandstorm|[from] ability: Sand Stream|[of] p2a: Hippowdon
|move|p1a: Hippowdon|Stealth Rock|p2a: Hippowdon
|-sidestart|p2: Meracx|move: Stealth Rock
|
|-weather|Sandstorm|[upkeep]
|-heal|p2a: Hippowdon|94/100 tox|[from] item: Leftovers
|-heal|p1a: Hippowdon|73/100 tox|[from] item: Leftovers
|-damage|p2a: Hippowdon|88/100 tox|[from] psn
|-damage|p1a: Hippowdon|60/100 tox|[from] psn
|upkeep
|turn|12
|
|t:|1662754373
|switch|p1a: Rotom|Rotom-Wash|87/100
|move|p2a: Hippowdon|Stealth Rock|p1a: Rotom
|-sidestart|p1: HaxxLR|move: Stealth Rock
|
|-weather|Sandstorm|[upkeep]
|-damage|p1a: Rotom|81/100|[from] Sandstorm
|-heal|p1a: Rotom|87/100|[from] item: Leftovers
|-heal|p2a: Hippowdon|94/100 tox|[from] item: Leftovers
|-damage|p2a: Hippowdon|82/100 tox|[from] psn
|upkeep
|turn|13
|j| PLT41 Eikichi
|
|t:|1662754393
|switch|p2a: Slowbro|Slowbro-Galar, M|100/100
|-damage|p2a: Slowbro|88/100|[from] Stealth Rock
|move|p1a: Rotom|Volt Switch|p2a: Slowbro
|-damage|p2a: Slowbro|73/100
|
|t:|1662754403
|switch|p1a: Diggersby|Diggersby, M|100/100|[from]move: Volt Switch
|-damage|p1a: Diggersby|94/100|[from] Stealth Rock
|
|-weather|Sandstorm|[upkeep]
|-damage|p2a: Slowbro|67/100|[from] Sandstorm
|upkeep
|turn|14
|
|t:|1662754425
|switch|p2a: Salamence|Salamence, M|100/100
|-ability|p2a: Salamence|Intimidate|boost
|-unboost|p1a: Diggersby|atk|1
|move|p1a: Diggersby|Body Slam|p2a: Salamence
|-damage|p2a: Salamence|71/100
|-status|p2a: Salamence|par
|
|-weather|Sandstorm|[upkeep]
|-damage|p2a: Salamence|64/100 par|[from] Sandstorm
|upkeep
|turn|15
|
|t:|1662754439
|switch|p1a: Rotom|Rotom-Wash|87/100
|-damage|p1a: Rotom|74/100|[from] Stealth Rock
|switch|p2a: Cobalion|Cobalion|100/100
|-damage|p2a: Cobalion|97/100|[from] Stealth Rock
|
|-weather|none
|-heal|p2a: Cobalion|100/100|[from] item: Leftovers
|-heal|p1a: Rotom|80/100|[from] item: Leftovers
|upkeep
|turn|16
|
|t:|1662754453
|switch|p2a: Zarude|Zarude|100/100
|move|p1a: Rotom|Volt Switch|p2a: Zarude
|-resisted|p2a: Zarude
|-damage|p2a: Zarude|87/100
|
|t:|1662754462
|switch|p1a: Diggersby|Diggersby, M|94/100|[from]move: Volt Switch
|-damage|p1a: Diggersby|88/100|[from] Stealth Rock
|
|upkeep
|turn|17
|
|t:|1662754473
|switch|p2a: Hippowdon|Hippowdon, M|82/100 tox
|-damage|p2a: Hippowdon|76/100 tox|[from] Stealth Rock
|-weather|Sandstorm|[from] ability: Sand Stream|[of] p2a: Hippowdon
|move|p1a: Diggersby|U-turn|p2a: Hippowdon
|-damage|p2a: Hippowdon|57/100 tox
|j| Le panda chill
|j| jeza.p
|
|t:|1662754488
|switch|p1a: Rotom|Rotom-Wash|80/100|[from]move: U-turn
|-damage|p1a: Rotom|68/100|[from] Stealth Rock
|
|-weather|Sandstorm|[upkeep]
|-damage|p1a: Rotom|62/100|[from] Sandstorm
|-heal|p1a: Rotom|68/100|[from] item: Leftovers
|-heal|p2a: Hippowdon|63/100 tox|[from] item: Leftovers
|-damage|p2a: Hippowdon|57/100 tox|[from] psn
|upkeep
|turn|18
|c| Le panda chill|Goo haxx
|
|t:|1662754525
|switch|p2a: Slowbro|Slowbro-Galar, M|100/100
|-damage|p2a: Slowbro|88/100|[from] Stealth Rock
|move|p1a: Rotom|Hydro Pump|p2a: Slowbro
|-damage|p2a: Slowbro|65/100
|
|-weather|Sandstorm|[upkeep]
|-damage|p1a: Rotom|62/100|[from] Sandstorm
|-damage|p2a: Slowbro|59/100|[from] Sandstorm
|-heal|p1a: Rotom|68/100|[from] item: Leftovers
|upkeep
|turn|19
|
|t:|1662754536
|move|p1a: Rotom|Volt Switch|p2a: Slowbro
|-damage|p2a: Slowbro|44/100
|
|t:|1662754577
|switch|p1a: Hippowdon|Hippowdon, M|60/100 tox|[from]move: Volt Switch
|-damage|p1a: Hippowdon|54/100 tox|[from] Stealth Rock
|move|p2a: Slowbro|Scald|p1a: Hippowdon
|-supereffective|p1a: Hippowdon
|-damage|p1a: Hippowdon|20/100 tox
|
|-weather|Sandstorm|[upkeep]
|-damage|p2a: Slowbro|38/100|[from] Sandstorm
|-heal|p1a: Hippowdon|27/100 tox|[from] item: Leftovers
|-damage|p1a: Hippowdon|20/100 tox|[from] psn
|upkeep
|turn|20
|
|t:|1662754602
|move|p1a: Hippowdon|Slack Off|p1a: Hippowdon
|-heal|p1a: Hippowdon|70/100 tox
|move|p2a: Slowbro|Scald|p1a: Hippowdon
|-supereffective|p1a: Hippowdon
|-damage|p1a: Hippowdon|37/100 tox
|
|-weather|Sandstorm|[upkeep]
|-damage|p2a: Slowbro|32/100|[from] Sandstorm
|-heal|p1a: Hippowdon|43/100 tox|[from] item: Leftovers
|-damage|p1a: Hippowdon|31/100 tox|[from] psn
|upkeep
|turn|21
|
|t:|1662754620
|switch|p2a: Zarude|Zarude|87/100
|move|p1a: Hippowdon|Earthquake|p2a: Zarude
|-resisted|p2a: Zarude
|-crit|p2a: Zarude
|-damage|p2a: Zarude|52/100
|
|-weather|none
|-heal|p1a: Hippowdon|37/100 tox|[from] item: Leftovers
|-damage|p1a: Hippowdon|19/100 tox|[from] psn
|upkeep
|turn|22
|
|t:|1662754629
|switch|p1a: Cobalion|Cobalion|100/100
|-damage|p1a: Cobalion|97/100|[from] Stealth Rock
|move|p2a: Zarude|U-turn|p1a: Cobalion
|-resisted|p1a: Cobalion
|-damage|p1a: Cobalion|92/100
|
|t:|1662754637
|switch|p2a: Hippowdon|Hippowdon, M|57/100 tox|[from]move: U-turn
|-damage|p2a: Hippowdon|51/100 tox|[from] Stealth Rock
|-weather|Sandstorm|[from] ability: Sand Stream|[of] p2a: Hippowdon
|
|-weather|Sandstorm|[upkeep]
|-heal|p1a: Cobalion|99/100|[from] item: Leftovers
|-heal|p2a: Hippowdon|57/100 tox|[from] item: Leftovers
|-damage|p2a: Hippowdon|51/100 tox|[from] psn
|upkeep
|turn|23
|
|t:|1662754660
|switch|p1a: Rotom|Rotom-Wash|68/100
|-damage|p1a: Rotom|56/100|[from] Stealth Rock
|move|p2a: Hippowdon|Slack Off|p2a: Hippowdon
|-heal|p2a: Hippowdon|100/100 tox
|
|-weather|Sandstorm|[upkeep]
|-damage|p1a: Rotom|50/100|[from] Sandstorm
|-heal|p1a: Rotom|56/100|[from] item: Leftovers
|-damage|p2a: Hippowdon|88/100 tox|[from] psn
|upkeep
|turn|24
|
|t:|1662754681
|switch|p2a: Rotom|Rotom-Wash|53/100
|-damage|p2a: Rotom|40/100|[from] Stealth Rock
|move|p1a: Rotom|Hydro Pump|p2a: Rotom
|-resisted|p2a: Rotom
|-damage|p2a: Rotom|26/100
|
|-weather|Sandstorm|[upkeep]
|-damage|p2a: Rotom|20/100|[from] Sandstorm
|-damage|p1a: Rotom|50/100|[from] Sandstorm
|-heal|p1a: Rotom|56/100|[from] item: Leftovers
|upkeep
|turn|25
|
|t:|1662754694
|move|p2a: Rotom|Volt Switch|p1a: Rotom
|-damage|p1a: Rotom|31/100
|
|t:|1662754698
|switch|p2a: Slowbro|Slowbro-Galar, M|65/100|[from]move: Volt Switch
|-damage|p2a: Slowbro|53/100|[from] Stealth Rock
|move|p1a: Rotom|Volt Switch|p2a: Slowbro
|-damage|p2a: Slowbro|39/100
|
|t:|1662754703
|switch|p1a: Diggersby|Diggersby, M|88/100|[from]move: Volt Switch
|-damage|p1a: Diggersby|82/100|[from] Stealth Rock
|
|-weather|Sandstorm|[upkeep]
|-damage|p2a: Slowbro|32/100|[from] Sandstorm
|upkeep
|turn|26
|
|t:|1662754716
|switch|p2a: Rotom|Rotom-Wash|20/100
|-damage|p2a: Rotom|7/100|[from] Stealth Rock
|move|p1a: Diggersby|Earthquake|p2a: Rotom
|-immune|p2a: Rotom|[from] ability: Levitate
|
|-weather|none
|upkeep
|turn|27
|
|t:|1662754732
|switch|p1a: Hippowdon|Hippowdon, M|19/100 tox
|-damage|p1a: Hippowdon|12/100 tox|[from] Stealth Rock
|move|p2a: Rotom|Volt Switch|p1a: Hippowdon
|-immune|p1a: Hippowdon
|
|-heal|p1a: Hippowdon|19/100 tox|[from] item: Leftovers
|-damage|p1a: Hippowdon|12/100 tox|[from] psn
|upkeep
|turn|28
|
|t:|1662754739
|move|p2a: Rotom|Hydro Pump|p1a: Hippowdon
|-supereffective|p1a: Hippowdon
|-damage|p1a: Hippowdon|0 fnt
|faint|p1a: Hippowdon
|
|upkeep
|
|t:|1662754742
|switch|p1a: Necrozma|Necrozma|100/100
|-damage|p1a: Necrozma|88/100|[from] Stealth Rock
|turn|29
|
|t:|1662754751
|move|p2a: Rotom|Volt Switch|p1a: Necrozma
|-damage|p1a: Necrozma|66/100
|
|t:|1662754754
|switch|p2a: Cobalion|Cobalion|100/100|[from]move: Volt Switch
|-damage|p2a: Cobalion|97/100|[from] Stealth Rock
|move|p1a: Necrozma|Calm Mind|p1a: Necrozma
|-boost|p1a: Necrozma|spa|1
|-boost|p1a: Necrozma|spd|1
|
|-heal|p2a: Cobalion|100/100|[from] item: Leftovers
|upkeep
|turn|30
|
|t:|1662754795
|switch|p2a: Hippowdon|Hippowdon, M|88/100 tox
|-damage|p2a: Hippowdon|82/100 tox|[from] Stealth Rock
|-weather|Sandstorm|[from] ability: Sand Stream|[of] p2a: Hippowdon
|move|p1a: Necrozma|Heat Wave|p2a: Hippowdon
|-damage|p2a: Hippowdon|47/100 tox
|
|-weather|Sandstorm|[upkeep]
|-damage|p1a: Necrozma|60/100|[from] Sandstorm
|-heal|p2a: Hippowdon|53/100 tox|[from] item: Leftovers
|-damage|p2a: Hippowdon|47/100 tox|[from] psn
|upkeep
|turn|31
|
|t:|1662754804
|move|p1a: Necrozma|Photon Geyser|p2a: Hippowdon
|-damage|p2a: Hippowdon|0 fnt
|faint|p2a: Hippowdon
|
|-weather|Sandstorm|[upkeep]
|-damage|p1a: Necrozma|54/100|[from] Sandstorm
|upkeep
|
|t:|1662754810
|switch|p2a: Zarude|Zarude|52/100
|turn|32
|l| jeza.p
|
|t:|1662754852
|move|p2a: Zarude|U-turn|p1a: Necrozma
|-supereffective|p1a: Necrozma
|-damage|p1a: Necrozma|28/100
|
|t:|1662754856
|switch|p2a: Rotom|Rotom-Wash|7/100|[from]move: U-turn
|-damage|p2a: Rotom|0 fnt|[from] Stealth Rock
|faint|p2a: Rotom
|move|p1a: Necrozma|Heat Wave|p2: Rotom|[notarget]
|-fail|p1a: Necrozma
|
|-weather|Sandstorm|[upkeep]
|-damage|p1a: Necrozma|22/100|[from] Sandstorm
|upkeep
|
|t:|1662754861
|switch|p2a: Zarude|Zarude|52/100
|turn|33
|j| jeza.p
|
|t:|1662754904
|switch|p1a: Rotom|Rotom-Wash|31/100
|-damage|p1a: Rotom|19/100|[from] Stealth Rock
|move|p2a: Zarude|U-turn|p1a: Rotom
|-damage|p1a: Rotom|0 fnt
|faint|p1a: Rotom
|
|t:|1662754913
|switch|p2a: Cobalion|Cobalion|100/100|[from]move: U-turn
|-damage|p2a: Cobalion|97/100|[from] Stealth Rock
|
|-weather|Sandstorm|[upkeep]
|-heal|p2a: Cobalion|100/100|[from] item: Leftovers
|upkeep
|
|t:|1662754920
|switch|p1a: Diggersby|Diggersby, M|82/100
|-damage|p1a: Diggersby|76/100|[from] Stealth Rock
|turn|34
|
|t:|1662754944
|switch|p2a: Salamence|Salamence, M|64/100 par
|-ability|p2a: Salamence|Intimidate|boost
|-unboost|p1a: Diggersby|atk|1
|move|p1a: Diggersby|Earthquake|p2a: Salamence
|-immune|p2a: Salamence
|
|-weather|none
|upkeep
|turn|35
|l| jeza.p
|
|t:|1662754956
|switch|p1a: Necrozma|Necrozma|22/100
|-damage|p1a: Necrozma|10/100|[from] Stealth Rock
|move|p2a: Salamence|Flamethrower|p1a: Necrozma
|-damage|p1a: Necrozma|0 fnt
|faint|p1a: Necrozma
|
|upkeep
|
|t:|1662754968
|switch|p1a: Cobalion|Cobalion|99/100
|-damage|p1a: Cobalion|96/100|[from] Stealth Rock
|turn|36
|
|t:|1662754987
|move|p1a: Cobalion|Swords Dance|p1a: Cobalion
|-boost|p1a: Cobalion|atk|2
|move|p2a: Salamence|Flamethrower|p1a: Cobalion
|-supereffective|p1a: Cobalion
|-damage|p1a: Cobalion|37/100
|
|-heal|p1a: Cobalion|44/100|[from] item: Leftovers
|upkeep
|turn|37
|
|t:|1662755008
|switch|p2a: Slowbro|Slowbro-Galar, M|66/100
|-damage|p2a: Slowbro|53/100|[from] Stealth Rock
|move|p1a: Cobalion|Stone Edge|p2a: Slowbro
|-damage|p2a: Slowbro|7/100
|
|-heal|p1a: Cobalion|50/100|[from] item: Leftovers
|upkeep
|turn|38
|
|t:|1662755018
|move|p1a: Cobalion|Close Combat|p2a: Slowbro
|-resisted|p2a: Slowbro
|-damage|p2a: Slowbro|0 fnt
|-unboost|p1a: Cobalion|def|1
|-unboost|p1a: Cobalion|spd|1
|faint|p2a: Slowbro
|
|-heal|p1a: Cobalion|56/100|[from] item: Leftovers
|upkeep
|
|t:|1662755052
|switch|p2a: Cobalion|Cobalion|100/100
|-damage|p2a: Cobalion|97/100|[from] Stealth Rock
|turn|39
|
|t:|1662755061
|switch|p1a: Tangrowth|Tangrowth, F|100/100
|-damage|p1a: Tangrowth|88/100|[from] Stealth Rock
|move|p2a: Cobalion|Close Combat|p1a: Tangrowth
|-damage|p1a: Tangrowth|60/100
|-unboost|p2a: Cobalion|def|1
|-unboost|p2a: Cobalion|spd|1
|
|-heal|p2a: Cobalion|100/100|[from] item: Leftovers
|upkeep
|turn|40
|
|t:|1662755128
|switch|p2a: Salamence|Salamence, M|64/100 par
|-ability|p2a: Salamence|Intimidate|boost
|-unboost|p1a: Tangrowth|atk|1
|move|p1a: Tangrowth|Knock Off|p2a: Salamence
|-damage|p2a: Salamence|52/100 par
|-enditem|p2a: Salamence|Heavy-Duty Boots|[from] move: Knock Off|[of] p1a: Tangrowth
|
|upkeep
|turn|41
|
|t:|1662755149
|switch|p1a: Diggersby|Diggersby, M|76/100
|-damage|p1a: Diggersby|70/100|[from] Stealth Rock
|cant|p2a: Salamence|par
|
|upkeep
|turn|42
|
|t:|1662755156
|move|p1a: Diggersby|Body Slam|p2a: Salamence
|-damage|p2a: Salamence|12/100 par
|move|p2a: Salamence|Roost|p2a: Salamence
|-heal|p2a: Salamence|62/100 par
|-singleturn|p2a: Salamence|move: Roost
|
|upkeep
|turn|43
|
|t:|1662755187
|switch|p2a: Cobalion|Cobalion|100/100
|-damage|p2a: Cobalion|97/100|[from] Stealth Rock
|move|p1a: Diggersby|Body Slam|p2a: Cobalion
|-resisted|p2a: Cobalion
|-crit|p2a: Cobalion
|-damage|p2a: Cobalion|65/100
|-status|p2a: Cobalion|par
|
|-heal|p2a: Cobalion|71/100 par|[from] item: Leftovers
|upkeep
|turn|44
|
|t:|1662755198
|switch|p1a: Tangrowth|Tangrowth, F|94/100
|-damage|p1a: Tangrowth|81/100|[from] Stealth Rock
|move|p2a: Cobalion|Swords Dance|p2a: Cobalion
|-boost|p2a: Cobalion|atk|2
|
|-heal|p2a: Cobalion|77/100 par|[from] item: Leftovers
|upkeep
|turn|45
|
|t:|1662755205
|move|p1a: Tangrowth|Focus Blast|p2a: Cobalion
|-supereffective|p2a: Cobalion
|-damage|p2a: Cobalion|0 fnt
|faint|p2a: Cobalion
|
|upkeep
|
|t:|1662755210
|switch|p2a: Salamence|Salamence, M|62/100 par
|-damage|p2a: Salamence|37/100 par|[from] Stealth Rock
|-ability|p2a: Salamence|Intimidate|boost
|-unboost|p1a: Tangrowth|atk|1
|turn|46
|l| Le panda chill
|
|t:|1662755238
|move|p1a: Tangrowth|Focus Blast|p2a: Salamence
|-resisted|p2a: Salamence
|-damage|p2a: Salamence|22/100 par
|move|p2a: Salamence|Roost|p2a: Salamence
|-heal|p2a: Salamence|72/100 par
|-singleturn|p2a: Salamence|move: Roost
|
|upkeep
|turn|47
|
|t:|1662755255
|move|p1a: Tangrowth|Focus Blast|p2a: Salamence
|-resisted|p2a: Salamence
|-damage|p2a: Salamence|56/100 par
|move|p2a: Salamence|Flamethrower|p1a: Tangrowth
|-supereffective|p1a: Tangrowth
|-damage|p1a: Tangrowth|39/100
|
|upkeep
|turn|48
|
|t:|1662755264
|move|p1a: Tangrowth|Focus Blast|p2a: Salamence|[miss]
|-miss|p1a: Tangrowth|p2a: Salamence
|cant|p2a: Salamence|par
|
|upkeep
|turn|49
|j| Le panda chill
|
|t:|1662755269
|move|p1a: Tangrowth|Focus Blast|p2a: Salamence|[miss]
|-miss|p1a: Tangrowth|p2a: Salamence
|move|p2a: Salamence|Roost|p2a: Salamence
|-heal|p2a: Salamence|100/100 par
|-singleturn|p2a: Salamence|move: Roost
|
|upkeep
|turn|50
|
|t:|1662755275
|move|p1a: Tangrowth|Focus Blast|p2a: Salamence
|-resisted|p2a: Salamence
|-damage|p2a: Salamence|85/100 par
|move|p2a: Salamence|Defog|p1a: Tangrowth
|-unboost|p1a: Tangrowth|evasion|1
|-sideend|p1: HaxxLR|Stealth Rock|[from] move: Defog|[of] p2a: Salamence
|-sideend|p2: Meracx|Stealth Rock|[from] move: Defog|[of] p2a: Salamence
|
|upkeep
|turn|51
|
|t:|1662755288
|move|p1a: Tangrowth|Focus Blast|p2a: Salamence
|-resisted|p2a: Salamence
|-damage|p2a: Salamence|71/100 par
|move|p2a: Salamence|Flamethrower|p1a: Tangrowth
|-supereffective|p1a: Tangrowth
|-damage|p1a: Tangrowth|0 fnt
|faint|p1a: Tangrowth
|
|upkeep
|
|t:|1662755297
|switch|p1a: Diggersby|Diggersby, M|70/100
|turn|52
|
|t:|1662755303
|move|p1a: Diggersby|Body Slam|p2a: Salamence
|-damage|p2a: Salamence|27/100 par
|move|p2a: Salamence|Roost|p2a: Salamence
|-heal|p2a: Salamence|77/100 par
|-singleturn|p2a: Salamence|move: Roost
|
|upkeep
|turn|53
|
|t:|1662755311
|switch|p2a: Zarude|Zarude|52/100
|move|p1a: Diggersby|Body Slam|p2a: Zarude
|-damage|p2a: Zarude|2/100
|-status|p2a: Zarude|par
|
|upkeep
|turn|54
|
|t:|1662755315
|move|p1a: Diggersby|Body Slam|p2a: Zarude
|-damage|p2a: Zarude|0 fnt
|faint|p2a: Zarude
|
|upkeep
|
|t:|1662755317
|switch|p2a: Salamence|Salamence, M|77/100 par
|-ability|p2a: Salamence|Intimidate|boost
|-unboost|p1a: Diggersby|atk|1
|turn|55
|
|t:|1662755332
|move|p1a: Diggersby|Body Slam|p2a: Salamence
|-damage|p2a: Salamence|50/100 par
|move|p2a: Salamence|Flamethrower|p1a: Diggersby
|-damage|p1a: Diggersby|40/100
|
|upkeep
|turn|56
|l| Nultiprise
|
|t:|1662755340
|move|p1a: Diggersby|Body Slam|p2a: Salamence
|-damage|p2a: Salamence|20/100 par
|move|p2a: Salamence|Roost|p2a: Salamence
|-heal|p2a: Salamence|70/100 par
|-singleturn|p2a: Salamence|move: Roost
|
|upkeep
|turn|57
|
|t:|1662755346
|move|p1a: Diggersby|Body Slam|p2a: Salamence
|-damage|p2a: Salamence|42/100 par
|move|p2a: Salamence|Roost|p2a: Salamence
|-heal|p2a: Salamence|92/100 par
|-singleturn|p2a: Salamence|move: Roost
|
|upkeep
|turn|58
|j| Nultiprise
|j| jeza.p
|
|t:|1662755403
|switch|p1a: Cobalion|Cobalion|56/100
|move|p2a: Salamence|Flamethrower|p1a: Cobalion
|-supereffective|p1a: Cobalion
|-damage|p1a: Cobalion|0 fnt
|faint|p1a: Cobalion
|
|upkeep
|
|t:|1662755407
|switch|p1a: Diggersby|Diggersby, M|40/100
|turn|59
|
|t:|1662755411
|move|p1a: Diggersby|Body Slam|p2a: Salamence
|-damage|p2a: Salamence|49/100 par
|move|p2a: Salamence|Dual Wingbeat|p1a: Diggersby|[miss]
|-miss|p2a: Salamence|p1a: Diggersby
|
|upkeep
|turn|60
|
|t:|1662755417
|move|p1a: Diggersby|Body Slam|p2a: Salamence
|-damage|p2a: Salamence|10/100 par
|cant|p2a: Salamence|par
|
|upkeep
|turn|61
|c|☆Meracx|Mdr
|c|☆Meracx|Bon gg
|l| Le panda chill
|c|☆HaxxLR|cette game est trop horrible
|
|t:|1662755435
|move|p1a: Diggersby|Body Slam|p2a: Salamence
|-damage|p2a: Salamence|0 fnt
|faint|p2a: Salamence
|
|win|HaxxLR
|c|☆Meracx|Tkt
|l| PLT41 Eikichi
|l| jeza.p
|l| Nultiprise
|j| Nultiprise
|l| Nultiprise
|l| FC Kyoko
