|j|☆Permission Slip
|j|☆Infernape369
|t:|1659890015
|gametype|singles
|player|p1|Permission Slip|clerkf|1426
|player|p2|Infernape369|ingo|1273
|teamsize|p1|6
|teamsize|p2|6
|gen|8
|tier|[Gen 8] UU
|rated|
|rule|Sleep Clause Mod: Limit one foe put to sleep
|rule|Species Clause: Limit one of each Pokémon
|rule|OHKO Clause: OHKO moves are banned
|rule|Evasion Items Clause: Evasion items are banned
|rule|Evasion Moves Clause: Evasion moves are banned
|rule|Endless Battle Clause: Forcing endless battles is banned
|rule|HP Percentage Mod: HP is shown in percentages
|rule|Dynamax Clause: You cannot dynamax
|clearpoke
|poke|p1|Starmie|
|poke|p1|Indeedee-F, F|
|poke|p1|Hydreigon, F|
|poke|p1|Swampert, M|
|poke|p1|Thundurus-Therian, M|
|poke|p1|Celesteela|
|poke|p2|Torkoal, M|
|poke|p2|Venusaur, M|
|poke|p2|Hatterene, F|
|poke|p2|Celesteela|
|poke|p2|Mamoswine, M|
|poke|p2|Salamence, F|
|teampreview
|inactive|Battle timer is ON: inactive players will automatically lose when time's up. (requested by Permission Slip)
|
|t:|1659890028
|start
|switch|p1a: Swampert|Swampert, M|100/100
|switch|p2a: Torkoal|Torkoal, M, shiny|100/100
|-weather|SunnyDay|[from] ability: Drought|[of] p2a: Torkoal
|turn|1
|
|t:|1659890034
|move|p1a: Swampert|Flip Turn|p2a: Torkoal
|-supereffective|p2a: Torkoal
|-damage|p2a: Torkoal|89/100
|
|t:|1659890039
|switch|p1a: Thundurus|Thundurus-Therian, M|100/100|[from]move: Flip Turn
|move|p2a: Torkoal|Will-O-Wisp|p1a: Thundurus
|-status|p1a: Thundurus|brn
|
|-weather|SunnyDay|[upkeep]
|-damage|p1a: Thundurus|94/100 brn|[from] brn
|upkeep
|turn|2
|
|t:|1659890044
|switch|p2a: Hatterene|Hatterene, F|100/100
|move|p1a: Thundurus|Knock Off|p2a: Hatterene
|-damage|p2a: Hatterene|89/100
|-enditem|p2a: Hatterene|Assault Vest|[from] move: Knock Off|[of] p1a: Thundurus
|
|-weather|SunnyDay|[upkeep]
|-damage|p1a: Thundurus|88/100 brn|[from] brn
|upkeep
|turn|3
|
|t:|1659890051
|move|p1a: Thundurus|Volt Switch|p2a: Hatterene
|-damage|p2a: Hatterene|58/100
|
|t:|1659890055
|switch|p1a: Swampert|Swampert, M|100/100|[from]move: Volt Switch
|move|p2a: Hatterene|Mystical Fire|p1a: Swampert
|-resisted|p1a: Swampert
|-damage|p1a: Swampert|87/100
|-unboost|p1a: Swampert|spa|1
|
|-weather|SunnyDay|[upkeep]
|-heal|p1a: Swampert|93/100|[from] item: Leftovers
|upkeep
|turn|4
|
|t:|1659890069
|switch|p2a: Celesteela|Celesteela, shiny|100/100
|move|p1a: Swampert|Earthquake|p2a: Celesteela
|-immune|p2a: Celesteela
|
|-weather|SunnyDay|[upkeep]
|-heal|p1a: Swampert|99/100|[from] item: Leftovers
|upkeep
|turn|5
|
|t:|1659890075
|move|p2a: Celesteela|Leech Seed|p1a: Swampert
|-start|p1a: Swampert|move: Leech Seed
|move|p1a: Swampert|Yawn|p2a: Celesteela
|-start|p2a: Celesteela|move: Yawn|[of] p1a: Swampert
|
|-weather|SunnyDay|[upkeep]
|-heal|p1a: Swampert|100/100|[from] item: Leftovers
|-damage|p1a: Swampert|88/100|[from] Leech Seed|[of] p2a: Celesteela
|upkeep
|turn|6
|
|t:|1659890084
|switch|p2a: Salamence|Salamence, F|100/100
|move|p1a: Swampert|Flip Turn|p2a: Salamence
|-resisted|p2a: Salamence
|-damage|p2a: Salamence|93/100
|
|t:|1659890088
|switch|p1a: Hydreigon|Hydreigon, F|100/100|[from]move: Flip Turn
|
|-weather|SunnyDay|[upkeep]
|upkeep
|turn|7
|
|t:|1659890091
|switch|p2a: Hatterene|Hatterene, F|58/100
|move|p1a: Hydreigon|Draco Meteor|p2a: Hatterene
|-immune|p2a: Hatterene
|
|-weather|SunnyDay|[upkeep]
|upkeep
|turn|8
|
|t:|1659890096
|switch|p1a: Celesteela|Celesteela|100/100
|move|p2a: Hatterene|Draining Kiss|p1a: Celesteela
|-resisted|p1a: Celesteela
|-damage|p1a: Celesteela|93/100
|-heal|p2a: Hatterene|64/100|[from] drain|[of] p1a: Celesteela
|
|-weather|none
|-heal|p1a: Celesteela|99/100|[from] item: Leftovers
|upkeep
|turn|9
|
|t:|1659890101
|move|p1a: Celesteela|Heavy Slam|p2a: Hatterene
|-supereffective|p2a: Hatterene
|-damage|p2a: Hatterene|0 fnt
|faint|p2a: Hatterene
|-ability|p1a: Celesteela|Beast Boost|boost
|-boost|p1a: Celesteela|spd|1
|
|-heal|p1a: Celesteela|100/100|[from] item: Leftovers
|upkeep
|
|t:|1659890107
|switch|p2a: Torkoal|Torkoal, M, shiny|89/100
|-weather|SunnyDay|[from] ability: Drought|[of] p2a: Torkoal
|turn|10
|
|t:|1659890110
|switch|p1a: Swampert|Swampert, M|88/100
|move|p2a: Torkoal|Weather Ball|p1a: Swampert
|-resisted|p1a: Swampert
|-damage|p1a: Swampert|72/100
|
|-weather|SunnyDay|[upkeep]
|-heal|p1a: Swampert|78/100|[from] item: Leftovers
|upkeep
|turn|11
|
|t:|1659890113
|move|p1a: Swampert|Stealth Rock|p2a: Torkoal
|-sidestart|p2: Infernape369|move: Stealth Rock
|move|p2a: Torkoal|Solar Beam||[still]
|-prepare|p2a: Torkoal|Solar Beam
|-anim|p2a: Torkoal|Solar Beam|p1a: Swampert
|-supereffective|p1a: Swampert
|-damage|p1a: Swampert|4/100
|
|-weather|SunnyDay|[upkeep]
|-heal|p1a: Swampert|10/100|[from] item: Leftovers
|upkeep
|turn|12
|
|t:|1659890116
|move|p1a: Swampert|Earthquake|p2a: Torkoal
|-supereffective|p2a: Torkoal
|-damage|p2a: Torkoal|48/100
|move|p2a: Torkoal|Rapid Spin|p1a: Swampert
|-damage|p1a: Swampert|3/100
|-boost|p2a: Torkoal|spe|1
|-sideend|p2: Infernape369|Stealth Rock|[from] move: Rapid Spin|[of] p2a: Torkoal
|
|-weather|SunnyDay|[upkeep]
|-heal|p1a: Swampert|9/100|[from] item: Leftovers
|upkeep
|turn|13
|
|t:|1659890125
|switch|p1a: Hydreigon|Hydreigon, F|100/100
|switch|p2a: Salamence|Salamence, F|93/100
|
|-weather|SunnyDay|[upkeep]
|upkeep
|turn|14
|
|t:|1659890130
|switch|p2a: Celesteela|Celesteela, shiny|100/100
|move|p1a: Hydreigon|Dark Pulse|p2a: Celesteela
|-damage|p2a: Celesteela|63/100
|
|-weather|SunnyDay|[upkeep]
|-heal|p2a: Celesteela|69/100|[from] item: Leftovers
|upkeep
|turn|15
|
|t:|1659890135
|switch|p1a: Thundurus|Thundurus-Therian, M|88/100 brn
|move|p2a: Celesteela|Leech Seed|p1a: Thundurus
|-start|p1a: Thundurus|move: Leech Seed
|
|-weather|SunnyDay|[upkeep]
|-heal|p2a: Celesteela|75/100|[from] item: Leftovers
|-damage|p1a: Thundurus|76/100 brn|[from] Leech Seed|[of] p2a: Celesteela
|-heal|p2a: Celesteela|84/100|[silent]
|-damage|p1a: Thundurus|70/100 brn|[from] brn
|upkeep
|turn|16
|
|t:|1659890140
|switch|p2a: Mamoswine|Mamoswine, M|100/100
|move|p1a: Thundurus|Knock Off|p2a: Mamoswine
|-damage|p2a: Mamoswine|88/100
|-enditem|p2a: Mamoswine|Focus Sash|[from] move: Knock Off|[of] p1a: Thundurus
|
|-weather|SunnyDay|[upkeep]
|-damage|p1a: Thundurus|58/100 brn|[from] Leech Seed|[of] p2a: Mamoswine
|-heal|p2a: Mamoswine|98/100|[silent]
|-damage|p1a: Thundurus|52/100 brn|[from] brn
|upkeep
|turn|17
|
|t:|1659890153
|switch|p1a: Swampert|Swampert, M|9/100
|move|p2a: Mamoswine|Stealth Rock|p1a: Swampert
|-sidestart|p1: Permission Slip|move: Stealth Rock
|
|-weather|none
|-heal|p1a: Swampert|16/100|[from] item: Leftovers
|upkeep
|turn|18
|
|t:|1659890156
|move|p2a: Mamoswine|Earthquake|p1a: Swampert
|-damage|p1a: Swampert|0 fnt
|faint|p1a: Swampert
|
|upkeep
|
|t:|1659890169
|switch|p1a: Indeedee|Indeedee-F, F|100/100
|-damage|p1a: Indeedee|88/100|[from] Stealth Rock
|-fieldstart|move: Psychic Terrain|[from] ability: Psychic Surge|[of] p1a: Indeedee
|turn|19
|
|t:|1659890173
|switch|p2a: Celesteela|Celesteela, shiny|84/100
|move|p1a: Indeedee|Expanding Force|p2a: Celesteela
|-resisted|p2a: Celesteela
|-damage|p2a: Celesteela|56/100
|
|-heal|p2a: Celesteela|62/100|[from] item: Leftovers
|upkeep
|turn|20
|
|t:|1659890178
|move|p1a: Indeedee|Mystical Fire|p2a: Celesteela
|-supereffective|p2a: Celesteela
|-damage|p2a: Celesteela|28/100
|-unboost|p2a: Celesteela|spa|1
|move|p2a: Celesteela|Leech Seed|p1a: Indeedee
|-start|p1a: Indeedee|move: Leech Seed
|
|-heal|p2a: Celesteela|34/100|[from] item: Leftovers
|-damage|p1a: Indeedee|76/100|[from] Leech Seed|[of] p2a: Celesteela
|-heal|p2a: Celesteela|43/100|[silent]
|upkeep
|turn|21
|
|t:|1659890183
|switch|p1a: Thundurus|Thundurus-Therian, M|52/100 brn
|move|p2a: Celesteela|Protect||[still]
|-fail|p2a: Celesteela
|
|-heal|p2a: Celesteela|49/100|[from] item: Leftovers
|-damage|p1a: Thundurus|46/100 brn|[from] brn
|upkeep
|turn|22
|
|t:|1659890188
|switch|p2a: Mamoswine|Mamoswine, M|98/100
|move|p1a: Thundurus|Focus Blast|p2a: Mamoswine|[miss]
|-miss|p1a: Thundurus|p2a: Mamoswine
|
|-damage|p1a: Thundurus|40/100 brn|[from] brn
|upkeep
|turn|23
|
|t:|1659890199
|switch|p2a: Torkoal|Torkoal, M, shiny|48/100
|-weather|SunnyDay|[from] ability: Drought|[of] p2a: Torkoal
|move|p1a: Thundurus|Focus Blast|p2a: Torkoal
|-damage|p2a: Torkoal|0 fnt
|faint|p2a: Torkoal
|
|-weather|SunnyDay|[upkeep]
|-damage|p1a: Thundurus|34/100 brn|[from] brn
|upkeep
|
|t:|1659890219
|switch|p2a: Venusaur|Venusaur, M, shiny|100/100
|turn|24
|
|t:|1659890223
|move|p2a: Venusaur|Growth|p2a: Venusaur
|-boost|p2a: Venusaur|atk|2
|-boost|p2a: Venusaur|spa|2
|move|p1a: Thundurus|Knock Off|p2a: Venusaur
|-damage|p2a: Venusaur|88/100
|-enditem|p2a: Venusaur|Life Orb|[from] move: Knock Off|[of] p1a: Thundurus
|
|-weather|SunnyDay|[upkeep]
|-damage|p1a: Thundurus|28/100 brn|[from] brn
|upkeep
|turn|25
|
|t:|1659890232
|move|p2a: Venusaur|Weather Ball|p1a: Thundurus
|-damage|p1a: Thundurus|0 fnt
|faint|p1a: Thundurus
|
|-weather|SunnyDay|[upkeep]
|upkeep
|
|t:|1659890235
|switch|p1a: Hydreigon|Hydreigon, F|100/100
|-damage|p1a: Hydreigon|88/100|[from] Stealth Rock
|turn|26
|
|t:|1659890242
|switch|p1a: Celesteela|Celesteela|100/100
|-damage|p1a: Celesteela|88/100|[from] Stealth Rock
|move|p2a: Venusaur|Weather Ball|p1a: Celesteela
|-supereffective|p1a: Celesteela
|-damage|p1a: Celesteela|0 fnt
|faint|p1a: Celesteela
|
|-weather|SunnyDay|[upkeep]
|-fieldend|move: Psychic Terrain
|upkeep
|
|t:|1659890247
|switch|p1a: Hydreigon|Hydreigon, F|88/100
|-damage|p1a: Hydreigon|76/100|[from] Stealth Rock
|turn|27
|
|t:|1659890258
|move|p2a: Venusaur|Weather Ball|p1a: Hydreigon
|-resisted|p1a: Hydreigon
|-damage|p1a: Hydreigon|26/100
|move|p1a: Hydreigon|Flamethrower|p2a: Venusaur
|-supereffective|p2a: Venusaur
|-damage|p2a: Venusaur|0 fnt
|faint|p2a: Venusaur
|
|-weather|SunnyDay|[upkeep]
|upkeep
|
|t:|1659890267
|switch|p2a: Salamence|Salamence, F|93/100
|turn|28
|
|t:|1659890272
|switch|p1a: Indeedee|Indeedee-F, F|76/100
|-damage|p1a: Indeedee|63/100|[from] Stealth Rock
|-fieldstart|move: Psychic Terrain|[from] ability: Psychic Surge|[of] p1a: Indeedee
|move|p2a: Salamence|Dragon Dance|p2a: Salamence
|-boost|p2a: Salamence|atk|1
|-boost|p2a: Salamence|spe|1
|
|-weather|SunnyDay|[upkeep]
|upkeep
|turn|29
|inactive|Infernape369 has 120 seconds left.
|
|t:|1659890320
|move|p2a: Salamence|Earthquake|p1a: Indeedee
|-damage|p1a: Indeedee|0 fnt
|faint|p1a: Indeedee
|-ability|p2a: Salamence|Moxie|boost
|-boost|p2a: Salamence|atk|1
|
|-weather|SunnyDay|[upkeep]
|upkeep
|
|t:|1659890324
|switch|p1a: Hydreigon|Hydreigon, F|26/100
|-damage|p1a: Hydreigon|14/100|[from] Stealth Rock
|turn|30
|inactive|Infernape369 has 90 seconds left.
|
|t:|1659890362
|move|p2a: Salamence|Dual Wingbeat|p1a: Hydreigon
|-crit|p1a: Hydreigon
|-damage|p1a: Hydreigon|0 fnt
|faint|p1a: Hydreigon
|-ability|p2a: Salamence|Moxie|boost
|-boost|p2a: Salamence|atk|1
|-hitcount|p1: Hydreigon|1
|
|-weather|none
|upkeep
|
|t:|1659890364
|switch|p1a: Starmie|Starmie|100/100
|-damage|p1a: Starmie|88/100|[from] Stealth Rock
|turn|31
|inactive|Infernape369 has 90 seconds left.
|
|t:|1659890378
|move|p2a: Salamence|Earthquake|p1a: Starmie
|-damage|p1a: Starmie|0 fnt
|faint|p1a: Starmie
|
|win|Infernape369
|raw|Permission Slip's rating: 1426 &rarr; <strong>1398</strong><br />(-28 for losing)
|raw|Infernape369's rating: 1273 &rarr; <strong>1308</strong><br />(+35 for winning)
