|j|☆DDD951
|j|☆Thelastravenpuff
|t:|1653705811
|gametype|singles
|player|p1|DDD951|1|1415
|player|p2|Thelastravenpuff|yellow|1242
|teamsize|p1|6
|teamsize|p2|6
|gen|8
|tier|[Gen 8] UU
|rated|
|rule|Sleep Clause Mod: Limit one foe put to sleep
|rule|Species Clause: Limit one of each Pokémon
|rule|OHKO Clause: OHKO moves are banned
|rule|Evasion Moves Clause: Evasion moves are banned
|rule|Endless Battle Clause: Forcing endless battles is banned
|rule|HP Percentage Mod: HP is shown in percentages
|rule|Dynamax Clause: You cannot dynamax
|clearpoke
|poke|p1|Aegislash, M|
|poke|p1|Gyarados, M|
|poke|p1|Starmie|
|poke|p1|Mamoswine, M|
|poke|p1|Tangrowth, M|
|poke|p1|Darmanitan, F|
|poke|p2|Celesteela|
|poke|p2|Lycanroc-Dusk, F|
|poke|p2|Tapu Bulu|
|poke|p2|Excadrill, F|
|poke|p2|Gyarados, M|
|poke|p2|Zarude|
|teampreview
|inactive|Battle timer is ON: inactive players will automatically lose when time's up. (requested by Thelastravenpuff)
|
|t:|1653705821
|start
|switch|p1a: Tangrowth|Tangrowth, M|100/100
|switch|p2a: Zarude|Zarude|100/100
|turn|1
|
|t:|1653705826
|move|p2a: Zarude|U-turn|p1a: Tangrowth
|-supereffective|p1a: Tangrowth
|-damage|p1a: Tangrowth|68/100
|
|t:|1653705830
|switch|p2a: Gyarados|Gyarados, M|100/100|[from]move: U-turn
|move|p1a: Tangrowth|Knock Off|p2a: Gyarados
|-damage|p2a: Gyarados|71/100
|-enditem|p2a: Gyarados|Heavy-Duty Boots|[from] move: Knock Off|[of] p1a: Tangrowth
|
|upkeep
|turn|2
|
|t:|1653705841
|move|p2a: Gyarados|Dragon Dance|p2a: Gyarados
|-boost|p2a: Gyarados|atk|1
|-boost|p2a: Gyarados|spe|1
|move|p1a: Tangrowth|Sludge Bomb|p2a: Gyarados
|-damage|p2a: Gyarados|49/100
|
|upkeep
|turn|3
|
|t:|1653705849
|move|p2a: Gyarados|Ice Fang|p1a: Tangrowth
|-supereffective|p1a: Tangrowth
|-damage|p1a: Tangrowth|19/100
|move|p1a: Tangrowth|Sludge Bomb|p2a: Gyarados
|-damage|p2a: Gyarados|26/100
|
|upkeep
|turn|4
|
|t:|1653705856
|switch|p1a: Gyarados|Gyarados, M|100/100
|-ability|p1a: Gyarados|Intimidate|boost
|-unboost|p2a: Gyarados|atk|1
|move|p2a: Gyarados|Dragon Dance|p2a: Gyarados
|-boost|p2a: Gyarados|atk|1
|-boost|p2a: Gyarados|spe|1
|
|upkeep
|turn|5
|
|t:|1653705864
|switch|p1a: Aegislash|Aegislash, M|100/100
|move|p2a: Gyarados|Waterfall|p1a: Aegislash
|-damage|p1a: Aegislash|44/100
|
|-heal|p1a: Aegislash|50/100|[from] item: Leftovers
|upkeep
|turn|6
|
|t:|1653705870
|-formechange|p1a: Aegislash|Aegislash-Blade||[from] ability: Stance Change
|move|p1a: Aegislash|Shadow Sneak|p2a: Gyarados
|-damage|p2a: Gyarados|0 fnt
|faint|p2a: Gyarados
|
|-heal|p1a: Aegislash|57/100|[from] item: Leftovers
|upkeep
|
|t:|1653705884
|switch|p2a: Zarude|Zarude|100/100
|turn|7
|
|t:|1653705890
|switch|p1a: Darmanitan|Darmanitan, F|100/100
|move|p2a: Zarude|U-turn|p1a: Darmanitan
|-resisted|p1a: Darmanitan
|-damage|p1a: Darmanitan|81/100
|
|t:|1653705893
|switch|p2a: Lycanroc|Lycanroc-Dusk, F|100/100|[from]move: U-turn
|
|upkeep
|turn|8
|
|t:|1653705902
|switch|p1a: Aegislash|Aegislash, M|57/100
|move|p2a: Lycanroc|Accelerock|p1a: Aegislash
|-resisted|p1a: Aegislash
|-damage|p1a: Aegislash|44/100
|-damage|p2a: Lycanroc|91/100|[from] item: Life Orb
|
|-heal|p1a: Aegislash|51/100|[from] item: Leftovers
|upkeep
|turn|9
|
|t:|1653705910
|move|p2a: Lycanroc|Crunch|p1a: Aegislash
|-supereffective|p1a: Aegislash
|-damage|p1a: Aegislash|0 fnt
|faint|p1a: Aegislash
|-damage|p2a: Lycanroc|81/100|[from] item: Life Orb
|
|upkeep
|
|t:|1653705918
|switch|p1a: Starmie|Starmie|100/100
|turn|10
|
|t:|1653705923
|switch|p2a: Tapu Bulu|Tapu Bulu|100/100
|-fieldstart|move: Grassy Terrain|[from] ability: Grassy Surge|[of] p2a: Tapu Bulu
|move|p1a: Starmie|Psyshock|p2a: Tapu Bulu
|-damage|p2a: Tapu Bulu|34/100
|-damage|p1a: Starmie|91/100|[from] item: Life Orb
|
|-heal|p2a: Tapu Bulu|40/100|[from] Grassy Terrain
|-heal|p1a: Starmie|97/100|[from] Grassy Terrain
|upkeep
|turn|11
|
|t:|1653705935
|switch|p1a: Tangrowth|Tangrowth, M|52/100
|move|p2a: Tapu Bulu|Horn Leech|p1a: Tangrowth
|-resisted|p1a: Tangrowth
|-damage|p1a: Tangrowth|33/100
|-heal|p2a: Tapu Bulu|53/100|[from] drain|[of] p1a: Tangrowth
|
|-heal|p2a: Tapu Bulu|59/100|[from] Grassy Terrain
|-heal|p1a: Tangrowth|40/100|[from] Grassy Terrain
|upkeep
|turn|12
|
|t:|1653705945
|switch|p2a: Excadrill|Excadrill, F|100/100
|-ability|p2a: Excadrill|Mold Breaker
|move|p1a: Tangrowth|Knock Off|p2a: Excadrill
|-damage|p2a: Excadrill|70/100
|-enditem|p2a: Excadrill|Focus Sash|[from] move: Knock Off|[of] p1a: Tangrowth
|
|-heal|p2a: Excadrill|76/100|[from] Grassy Terrain
|-heal|p1a: Tangrowth|46/100|[from] Grassy Terrain
|upkeep
|turn|13
|
|t:|1653705954
|move|p2a: Excadrill|Stealth Rock|p1a: Tangrowth
|-sidestart|p1: DDD951|move: Stealth Rock
|move|p1a: Tangrowth|Giga Drain|p2a: Excadrill
|-damage|p2a: Excadrill|29/100
|-heal|p1a: Tangrowth|67/100|[from] drain|[of] p2a: Excadrill
|
|-heal|p2a: Excadrill|35/100|[from] Grassy Terrain
|-heal|p1a: Tangrowth|73/100|[from] Grassy Terrain
|upkeep
|turn|14
|
|t:|1653705962
|move|p2a: Excadrill|Rock Slide|p1a: Tangrowth
|-damage|p1a: Tangrowth|55/100
|move|p1a: Tangrowth|Giga Drain|p2a: Excadrill
|-damage|p2a: Excadrill|0 fnt
|-heal|p1a: Tangrowth|70/100|[from] drain|[of] p2a: Excadrill
|faint|p2a: Excadrill
|
|-heal|p1a: Tangrowth|76/100|[from] Grassy Terrain
|-fieldend|move: Grassy Terrain
|upkeep
|
|t:|1653705970
|switch|p2a: Celesteela|Celesteela|100/100
|turn|15
|
|t:|1653705978
|move|p2a: Celesteela|Air Slash|p1a: Tangrowth
|-supereffective|p1a: Tangrowth
|-damage|p1a: Tangrowth|41/100
|move|p1a: Tangrowth|Knock Off|p2a: Celesteela
|-damage|p2a: Celesteela|83/100
|-enditem|p2a: Celesteela|Leftovers|[from] move: Knock Off|[of] p1a: Tangrowth
|
|upkeep
|turn|16
|
|t:|1653705985
|switch|p1a: Starmie|Starmie|97/100
|-damage|p1a: Starmie|84/100|[from] Stealth Rock
|move|p2a: Celesteela|Air Slash|p1a: Starmie
|-damage|p1a: Starmie|41/100
|
|upkeep
|turn|17
|
|t:|1653705991
|move|p1a: Starmie|Rapid Spin|p2a: Celesteela
|-resisted|p2a: Celesteela
|-damage|p2a: Celesteela|79/100
|-boost|p1a: Starmie|spe|1
|-sideend|p1: DDD951|Stealth Rock|[from] move: Rapid Spin|[of] p1a: Starmie
|-damage|p1a: Starmie|32/100|[from] item: Life Orb
|move|p2a: Celesteela|Air Slash|p1a: Starmie
|-damage|p1a: Starmie|0 fnt
|faint|p1a: Starmie
|-ability|p2a: Celesteela|Beast Boost|boost
|-boost|p2a: Celesteela|spd|1
|
|upkeep
|
|t:|1653706013
|switch|p1a: Gyarados|Gyarados, M|100/100
|-ability|p1a: Gyarados|Intimidate|boost
|-unboost|p2a: Celesteela|atk|1
|turn|18
|
|t:|1653706020
|move|p1a: Gyarados|Substitute|p1a: Gyarados
|-start|p1a: Gyarados|Substitute
|-damage|p1a: Gyarados|76/100
|move|p2a: Celesteela|Leech Seed||[still]
|-fail|p2a: Celesteela
|
|-heal|p1a: Gyarados|82/100|[from] item: Leftovers
|upkeep
|turn|19
|
|t:|1653706027
|move|p1a: Gyarados|Dragon Dance|p1a: Gyarados
|-boost|p1a: Gyarados|atk|1
|-boost|p1a: Gyarados|spe|1
|move|p2a: Celesteela|Air Slash|p1a: Gyarados
|-activate|p1a: Gyarados|move: Substitute|[damage]
|
|-heal|p1a: Gyarados|88/100|[from] item: Leftovers
|upkeep
|turn|20
|
|t:|1653706034
|move|p1a: Gyarados|Dragon Dance|p1a: Gyarados
|-boost|p1a: Gyarados|atk|1
|-boost|p1a: Gyarados|spe|1
|move|p2a: Celesteela|Air Slash|p1a: Gyarados|[miss]
|-miss|p2a: Celesteela|p1a: Gyarados
|
|-heal|p1a: Gyarados|94/100|[from] item: Leftovers
|upkeep
|turn|21
|
|t:|1653706041
|move|p1a: Gyarados|Dragon Dance|p1a: Gyarados
|-boost|p1a: Gyarados|atk|1
|-boost|p1a: Gyarados|spe|1
|move|p2a: Celesteela|Air Slash|p1a: Gyarados
|-end|p1a: Gyarados|Substitute
|
|-heal|p1a: Gyarados|99/100|[from] item: Leftovers
|upkeep
|turn|22
|
|t:|1653706048
|move|p1a: Gyarados|Substitute|p1a: Gyarados
|-start|p1a: Gyarados|Substitute
|-damage|p1a: Gyarados|75/100
|move|p2a: Celesteela|Air Slash|p1a: Gyarados
|-activate|p1a: Gyarados|move: Substitute|[damage]
|
|-heal|p1a: Gyarados|81/100|[from] item: Leftovers
|upkeep
|turn|23
|
|t:|1653706055
|move|p1a: Gyarados|Waterfall|p2a: Celesteela
|-damage|p2a: Celesteela|5/100
|move|p2a: Celesteela|Air Slash|p1a: Gyarados
|-end|p1a: Gyarados|Substitute
|
|-heal|p1a: Gyarados|87/100|[from] item: Leftovers
|upkeep
|turn|24
|
|t:|1653706065
|switch|p2a: Tapu Bulu|Tapu Bulu|59/100
|-fieldstart|move: Grassy Terrain|[from] ability: Grassy Surge|[of] p2a: Tapu Bulu
|move|p1a: Gyarados|Substitute|p1a: Gyarados
|-start|p1a: Gyarados|Substitute
|-damage|p1a: Gyarados|62/100
|
|-heal|p1a: Gyarados|68/100|[from] item: Leftovers
|-heal|p2a: Tapu Bulu|65/100|[from] Grassy Terrain
|upkeep
|turn|25
|
|t:|1653706074
|move|p1a: Gyarados|Bounce||[still]
|-prepare|p1a: Gyarados|Bounce
|move|p2a: Tapu Bulu|Stone Edge|p1a: Gyarados|[miss]
|-miss|p2a: Tapu Bulu|p1a: Gyarados
|
|-heal|p1a: Gyarados|75/100|[from] item: Leftovers
|-heal|p2a: Tapu Bulu|71/100|[from] Grassy Terrain
|upkeep
|turn|26
|
|t:|1653706081
|switch|p2a: Celesteela|Celesteela|5/100
|move|p1a: Gyarados|Bounce|p2a: Celesteela|[from]lockedmove
|-resisted|p2a: Celesteela
|-damage|p2a: Celesteela|0 fnt
|faint|p2a: Celesteela
|
|-heal|p1a: Gyarados|81/100|[from] item: Leftovers
|upkeep
|
|t:|1653706090
|switch|p2a: Tapu Bulu|Tapu Bulu|71/100
|turn|27
|
|t:|1653706094
|move|p1a: Gyarados|Waterfall|p2a: Tapu Bulu
|-resisted|p2a: Tapu Bulu
|-damage|p2a: Tapu Bulu|22/100
|cant|p2a: Tapu Bulu|flinch
|
|-heal|p1a: Gyarados|87/100|[from] item: Leftovers
|-heal|p2a: Tapu Bulu|28/100|[from] Grassy Terrain
|upkeep
|turn|28
|
|t:|1653706102
|move|p1a: Gyarados|Waterfall|p2a: Tapu Bulu
|-resisted|p2a: Tapu Bulu
|-damage|p2a: Tapu Bulu|0 fnt
|faint|p2a: Tapu Bulu
|
|-heal|p1a: Gyarados|93/100|[from] item: Leftovers
|-fieldend|move: Grassy Terrain
|upkeep
|
|t:|1653706107
|switch|p2a: Zarude|Zarude|100/100
|turn|29
|
|t:|1653706113
|move|p1a: Gyarados|Bounce||[still]
|-prepare|p1a: Gyarados|Bounce
|move|p2a: Zarude|U-turn|p1a: Gyarados|[miss]
|-miss|p2a: Zarude|p1a: Gyarados
|
|-heal|p1a: Gyarados|99/100|[from] item: Leftovers
|upkeep
|turn|30
|
|t:|1653706120
|move|p1a: Gyarados|Bounce|p2a: Zarude|[from]lockedmove
|-supereffective|p2a: Zarude
|-damage|p2a: Zarude|0 fnt
|faint|p2a: Zarude
|
|-heal|p1a: Gyarados|100/100|[from] item: Leftovers
|upkeep
|-message|Thelastravenpuff forfeited.
|
|win|DDD951
|raw|DDD951's rating: 1415 &rarr; <strong>1426</strong><br />(+11 for winning)
|raw|Thelastravenpuff's rating: 1242 &rarr; <strong>1229</strong><br />(-13 for losing)
|l|☆Thelastravenpuff
||Ladder isn't responding, score probably updated but might not have (Request timeout).
