|j|☆Liz Angeles
|j|☆MonaLise
|t:|1665334732
|gametype|singles
|player|p1|Liz Angeles|marley|1440
|player|p2|MonaLise|acetrainercouple|1459
|teamsize|p1|6
|teamsize|p2|6
|gen|8
|tier|[Gen 8] UU
|rated|
|rule|Sleep Clause Mod: Limit one foe put to sleep
|rule|Species Clause: Limit one of each Pokémon
|rule|OHKO Clause: OHKO moves are banned
|rule|Evasion Items Clause: Evasion items are banned
|rule|Evasion Moves Clause: Evasion moves are banned
|rule|Endless Battle Clause: Forcing endless battles is banned
|rule|HP Percentage Mod: HP is shown in percentages
|rule|Dynamax Clause: You cannot dynamax
|clearpoke
|poke|p1|Hippowdon, F|
|poke|p1|Amoonguss, F|
|poke|p1|Moltres|
|poke|p1|Azumarill, F|
|poke|p1|Raikou|
|poke|p1|Excadrill, F|
|poke|p2|Tapu Bulu|
|poke|p2|Slowking, F|
|poke|p2|Conkeldurr, F|
|poke|p2|Primarina, M|
|poke|p2|Zygarde-10%|
|poke|p2|Excadrill, F|
|teampreview
|inactive|Battle timer is ON: inactive players will automatically lose when time's up. (requested by MonaLise)
|
|t:|1665334758
|start
|switch|p1a: Hailey|Azumarill, F|100/100
|switch|p2a: Zygarde|Zygarde-10%|100/100
|-ability|p2a: Zygarde|Aura Break
|turn|1
|
|t:|1665334770
|move|p2a: Zygarde|Thousand Arrows|p1a: Hailey
|-damage|p1a: Hailey|36/100
|move|p1a: Hailey|Play Rough|p2a: Zygarde
|-supereffective|p2a: Zygarde
|-damage|p2a: Zygarde|0 fnt
|faint|p2a: Zygarde
|
|upkeep
|
|t:|1665334777
|switch|p2a: Tapu Bulu|Tapu Bulu|100/100
|-fieldstart|move: Grassy Terrain|[from] ability: Grassy Surge|[of] p2a: Tapu Bulu
|turn|2
|
|t:|1665334783
|switch|p2a: Excadrill|Excadrill, F|100/100
|-ability|p2a: Excadrill|Mold Breaker
|switch|p1a: Malediction|Amoonguss, F, shiny|100/100
|
|upkeep
|turn|3
|
|t:|1665334787
|move|p2a: Excadrill|Stealth Rock|p1a: Malediction
|-sidestart|p1: Liz Angeles|move: Stealth Rock
|move|p1a: Malediction|Spore|p2a: Excadrill
|-status|p2a: Excadrill|slp|[from] move: Spore
|
|upkeep
|turn|4
|
|t:|1665334791
|switch|p2a: Slowking|Slowking, F|100/100
|switch|p1a: Lock|Moltres|100/100
|
|upkeep
|turn|5
|
|t:|1665334798
|move|p1a: Lock|Defog|p2a: Slowking
|-unboost|p2a: Slowking|evasion|1
|-sideend|p1: Liz Angeles|Stealth Rock|[from] move: Defog|[of] p1a: Lock
|-fieldend|move: Grassy Terrain
|move|p2a: Slowking|Scald|p1a: Lock
|-supereffective|p1a: Lock
|-damage|p1a: Lock|45/100
|
|upkeep
|turn|6
|
|t:|1665334802
|switch|p1a: Kristy|Raikou, shiny|100/100
|-ability|p1a: Kristy|Pressure
|move|p2a: Slowking|Future Sight|p1a: Kristy
|-start|p2a: Slowking|move: Future Sight
|
|upkeep
|turn|7
|
|t:|1665334806
|move|p1a: Kristy|Substitute|p1a: Kristy
|-start|p1a: Kristy|Substitute
|-damage|p1a: Kristy|75/100
|move|p2a: Slowking|Teleport|p2a: Slowking
|
|t:|1665334811
|switch|p2a: Conkeldurr|Conkeldurr, F|100/100|[from]move: Teleport
|
|-heal|p1a: Kristy|82/100|[from] item: Leftovers
|-status|p2a: Conkeldurr|brn|[from] item: Flame Orb
|upkeep
|turn|8
|
|t:|1665334813
|switch|p2a: Tapu Bulu|Tapu Bulu|100/100
|-fieldstart|move: Grassy Terrain|[from] ability: Grassy Surge|[of] p2a: Tapu Bulu
|move|p1a: Kristy|Thunderbolt|p2a: Tapu Bulu
|-resisted|p2a: Tapu Bulu
|-damage|p2a: Tapu Bulu|84/100
|
|-end|p1a: Kristy|move: Future Sight
|-end|p1a: Kristy|Substitute
|-heal|p1a: Kristy|88/100|[from] Grassy Terrain
|-heal|p1a: Kristy|94/100|[from] item: Leftovers
|-heal|p2a: Tapu Bulu|91/100|[from] Grassy Terrain
|upkeep
|turn|9
|
|t:|1665334821
|switch|p1a: Malediction|Amoonguss, F, shiny|100/100
|switch|p2a: Slowking|Slowking, F|100/100
|
|upkeep
|turn|10
|
|t:|1665334824
|move|p2a: Slowking|Future Sight|p1a: Malediction
|-start|p2a: Slowking|move: Future Sight
|move|p1a: Malediction|Seed Bomb|p2a: Slowking
|-supereffective|p2a: Slowking
|-damage|p2a: Slowking|53/100
|
|-heal|p2a: Slowking|59/100|[from] Grassy Terrain
|upkeep
|turn|11
|
|t:|1665334828
|move|p2a: Slowking|Slack Off|p2a: Slowking
|-heal|p2a: Slowking|100/100
|move|p1a: Malediction|Seed Bomb|p2a: Slowking
|-supereffective|p2a: Slowking
|-damage|p2a: Slowking|58/100
|
|-heal|p2a: Slowking|64/100|[from] Grassy Terrain
|upkeep
|turn|12
|
|t:|1665334837
|switch|p1a: Kristy|Raikou, shiny|94/100
|-ability|p1a: Kristy|Pressure
|move|p2a: Slowking|Scald|p1a: Kristy
|-damage|p1a: Kristy|71/100
|
|-end|p1a: Kristy|move: Future Sight
|-damage|p1a: Kristy|30/100
|-heal|p1a: Kristy|36/100|[from] Grassy Terrain
|-heal|p1a: Kristy|42/100|[from] item: Leftovers
|-heal|p2a: Slowking|70/100|[from] Grassy Terrain
|-fieldend|move: Grassy Terrain
|upkeep
|turn|13
|
|t:|1665334849
|move|p1a: Kristy|Thunderbolt|p2a: Slowking
|-supereffective|p2a: Slowking
|-damage|p2a: Slowking|10/100
|move|p2a: Slowking|Scald|p1a: Kristy
|-damage|p1a: Kristy|18/100
|
|-heal|p1a: Kristy|25/100|[from] item: Leftovers
|upkeep
|turn|14
|
|t:|1665334856
|switch|p2a: Tapu Bulu|Tapu Bulu|91/100
|-fieldstart|move: Grassy Terrain|[from] ability: Grassy Surge|[of] p2a: Tapu Bulu
|move|p1a: Kristy|Scald|p2a: Tapu Bulu
|-resisted|p2a: Tapu Bulu
|-damage|p2a: Tapu Bulu|81/100
|-status|p2a: Tapu Bulu|brn
|
|-heal|p1a: Kristy|31/100|[from] Grassy Terrain
|-heal|p1a: Kristy|37/100|[from] item: Leftovers
|-heal|p2a: Tapu Bulu|87/100 brn|[from] Grassy Terrain
|-damage|p2a: Tapu Bulu|81/100 brn|[from] brn
|upkeep
|turn|15
|
|t:|1665334863
|switch|p2a: Slowking|Slowking, F|43/100
|move|p1a: Kristy|Substitute|p1a: Kristy
|-start|p1a: Kristy|Substitute
|-damage|p1a: Kristy|12/100
|
|-heal|p1a: Kristy|18/100|[from] Grassy Terrain
|-heal|p1a: Kristy|24/100|[from] item: Leftovers
|-heal|p2a: Slowking|49/100|[from] Grassy Terrain
|upkeep
|turn|16
|
|t:|1665334873
|move|p1a: Kristy|Thunderbolt|p2a: Slowking
|-supereffective|p2a: Slowking
|-damage|p2a: Slowking|0 fnt
|faint|p2a: Slowking
|
|-heal|p1a: Kristy|30/100|[from] Grassy Terrain
|-heal|p1a: Kristy|36/100|[from] item: Leftovers
|upkeep
|
|t:|1665334881
|switch|p2a: Tapu Bulu|Tapu Bulu|81/100 brn
|turn|17
|
|t:|1665334884
|move|p1a: Kristy|Thunderbolt|p2a: Tapu Bulu
|-resisted|p2a: Tapu Bulu
|-damage|p2a: Tapu Bulu|64/100 brn
|move|p2a: Tapu Bulu|Wood Hammer|p1a: Kristy
|-end|p1a: Kristy|Substitute
|-damage|p2a: Tapu Bulu|54/100 brn|[from] Recoil|[of] p1a: Kristy
|
|-heal|p1a: Kristy|42/100|[from] Grassy Terrain
|-heal|p1a: Kristy|48/100|[from] item: Leftovers
|-heal|p2a: Tapu Bulu|60/100 brn|[from] Grassy Terrain
|-damage|p2a: Tapu Bulu|54/100 brn|[from] brn
|upkeep
|turn|18
|c|☆MonaLise|bg
|-message|MonaLise forfeited.
|
|win|Liz Angeles
|raw|Liz Angeles's rating: 1440 &rarr; <strong>1461</strong><br />(+21 for winning)
|raw|MonaLise's rating: 1459 &rarr; <strong>1438</strong><br />(-21 for losing)
|l|☆MonaLise
||Ladder isn't responding, score probably updated but might not have (Request timeout).
