|j|☆5 pia to the top
|j|☆b3juco
|t:|1659745987
|gametype|singles
|player|p1|5 pia to the top|#uutrio2ladder|1279
|player|p2|b3juco|aromalady|1184
|teamsize|p1|5
|teamsize|p2|6
|gen|8
|tier|[Gen 8] UU
|rated|
|rule|Sleep Clause Mod: Limit one foe put to sleep
|rule|Species Clause: Limit one of each Pokémon
|rule|OHKO Clause: OHKO moves are banned
|rule|Evasion Items Clause: Evasion items are banned
|rule|Evasion Moves Clause: Evasion moves are banned
|rule|Endless Battle Clause: Forcing endless battles is banned
|rule|HP Percentage Mod: HP is shown in percentages
|rule|Dynamax Clause: You cannot dynamax
|clearpoke
|poke|p1|Salamence, M|
|poke|p1|Chansey, F|
|poke|p1|Umbreon, M|
|poke|p1|Quagsire, F|
|poke|p1|Tangrowth, M|
|poke|p2|Azelf|
|poke|p2|Excadrill, F|
|poke|p2|Primarina, M|
|poke|p2|Tangrowth, F|
|poke|p2|Lycanroc-Dusk, F|
|poke|p2|Conkeldurr, F|
|teampreview
|inactive|Battle timer is ON: inactive players will automatically lose when time's up. (requested by b3juco)
|
|t:|1659746034
|start
|switch|p1a: tang ur wang|Tangrowth, M|100/100
|switch|p2a: Tangrowth|Tangrowth, F|100/100
|turn|1
|
|t:|1659746046
|move|p1a: tang ur wang|Sludge Bomb|p2a: Tangrowth
|-supereffective|p2a: Tangrowth
|-damage|p2a: Tangrowth|63/100
|move|p2a: Tangrowth|Knock Off|p1a: tang ur wang
|-damage|p1a: tang ur wang|77/100
|-enditem|p1a: tang ur wang|Assault Vest|[from] move: Knock Off|[of] p2a: Tangrowth
|
|upkeep
|turn|2
|
|t:|1659746056
|move|p1a: tang ur wang|Sludge Bomb|p2a: Tangrowth
|-supereffective|p2a: Tangrowth
|-damage|p2a: Tangrowth|23/100
|move|p2a: Tangrowth|Rock Slide|p1a: tang ur wang
|-damage|p1a: tang ur wang|59/100
|
|upkeep
|turn|3
|
|t:|1659746063
|move|p1a: tang ur wang|Knock Off|p2a: Tangrowth
|-damage|p2a: Tangrowth|9/100
|-enditem|p2a: Tangrowth|Assault Vest|[from] move: Knock Off|[of] p1a: tang ur wang
|move|p2a: Tangrowth|Rock Slide|p1a: tang ur wang
|-crit|p1a: tang ur wang
|-damage|p1a: tang ur wang|36/100
|
|upkeep
|turn|4
|j| Shelley_Swampert
|
|t:|1659746070
|move|p1a: tang ur wang|Knock Off|p2a: Tangrowth
|-damage|p2a: Tangrowth|0 fnt
|faint|p2a: Tangrowth
|
|upkeep
|
|t:|1659746076
|switch|p2a: Azelf|Azelf|100/100
|turn|5
|
|t:|1659746081
|switch|p1a: umby wumby|Umbreon, M|100/100
|move|p2a: Azelf|U-turn|p1a: umby wumby
|-supereffective|p1a: umby wumby
|-damage|p1a: umby wumby|58/100
|
|t:|1659746086
|switch|p2a: Conkeldurr|Conkeldurr, F|100/100|[from]move: U-turn
|
|-heal|p1a: umby wumby|64/100|[from] item: Leftovers
|upkeep
|turn|6
|
|t:|1659746095
|move|p1a: umby wumby|Protect|p1a: umby wumby
|-singleturn|p1a: umby wumby|Protect
|move|p2a: Conkeldurr|Mach Punch|p1a: umby wumby
|-activate|p1a: umby wumby|move: Protect
|
|-heal|p1a: umby wumby|70/100|[from] item: Leftovers
|upkeep
|turn|7
|
|t:|1659746102
|switch|p1a: scary airy|Salamence, M|100/100
|-ability|p1a: scary airy|Intimidate|boost
|-unboost|p2a: Conkeldurr|atk|1
|switch|p2a: Azelf|Azelf|100/100
|
|upkeep
|turn|8
|j|+Mengy ㋛
|c|+Mengy ㋛|you still said es-taka-taka
|
|t:|1659746129
|switch|p1a: megan the eggin|Chansey, F|100/100
|move|p2a: Azelf|Explosion|p1a: megan the eggin
|-damage|p1a: megan the eggin|16/100
|faint|p2a: Azelf
|
|upkeep
|c|+Mengy ㋛|that's mock worthy
|
|t:|1659746137
|switch|p2a: Lycanroc|Lycanroc-Dusk, F|100/100
|turn|9
|c|☆b3juco|?
|inactive|5 pia to the top has 120 seconds left.
|c|+Mengy ㋛|sorry your opp is streaming and i'm talking to his stream
|c|+Mengy ㋛|can send link if you're interested
|c|☆b3juco|im not xd
|inactive|5 pia to the top has 90 seconds left.
|c| Shelley_Swampert|stream sniping would make laddering kind of hard
|
|t:|1659746201
|move|p2a: Lycanroc|Swords Dance|p2a: Lycanroc
|-boost|p2a: Lycanroc|atk|2
|move|p1a: megan the eggin|Toxic|p2a: Lycanroc
|-status|p2a: Lycanroc|tox
|
|-damage|p2a: Lycanroc|94/100 tox|[from] psn
|upkeep
|turn|10
|c|+Mengy ㋛|stream sniping or 5 mons
|c|+Mengy ㋛|which is a bigger deal
|inactive|5 pia to the top has 60 seconds left.
|c|☆b3juco|me has a opponent is the big deal
|
|t:|1659746248
|move|p2a: Lycanroc|Iron Head|p1a: megan the eggin
|-damage|p1a: megan the eggin|0 fnt
|faint|p1a: megan the eggin
|
|-damage|p2a: Lycanroc|82/100 tox|[from] psn
|upkeep
|c|+Mengy ㋛|I hate when that happens
|j| mood soleil
|
|t:|1659746264
|switch|p1a: poggy froggy|Quagsire, F|100/100
|turn|11
|
|t:|1659746269
|move|p2a: Lycanroc|Iron Head|p1a: poggy froggy
|-resisted|p1a: poggy froggy
|-damage|p1a: poggy froggy|86/100
|cant|p1a: poggy froggy|flinch
|
|-heal|p1a: poggy froggy|92/100|[from] item: Leftovers
|-damage|p2a: Lycanroc|63/100 tox|[from] psn
|upkeep
|turn|12
|j| NoahDeKnight
|
|t:|1659746280
|switch|p2a: Primarina|Primarina, M|100/100
|move|p1a: poggy froggy|Recover|p1a: poggy froggy
|-heal|p1a: poggy froggy|100/100
|
|upkeep
|turn|13
|
|t:|1659746286
|move|p2a: Primarina|Encore|p1a: poggy froggy
|-start|p1a: poggy froggy|Encore
|move|p1a: poggy froggy|Recover||[still]
|-fail|p1a: poggy froggy|heal
|
|upkeep
|turn|14
|
|t:|1659746293
|switch|p2a: Excadrill|Excadrill, F|100/100
|-ability|p2a: Excadrill|Mold Breaker
|switch|p1a: tang ur wang|Tangrowth, M|69/100
|
|upkeep
|turn|15
|
|t:|1659746301
|move|p2a: Excadrill|Protect|p2a: Excadrill
|-singleturn|p2a: Excadrill|Protect
|move|p1a: tang ur wang|Earthquake|p2a: Excadrill
|-activate|p2a: Excadrill|move: Protect
|
|upkeep
|turn|16
|
|t:|1659746311
|switch|p2a: Conkeldurr|Conkeldurr, F|100/100
|move|p1a: tang ur wang|Earthquake|p2a: Conkeldurr
|-damage|p2a: Conkeldurr|82/100
|
|upkeep
|turn|17
|inactive|5 pia to the top has 90 seconds left.
|
|t:|1659746320
|switch|p1a: scary airy|Salamence, M|100/100
|-ability|p1a: scary airy|Intimidate|boost
|-unboost|p2a: Conkeldurr|atk|1
|move|p2a: Conkeldurr|Poison Jab|p1a: scary airy
|-damage|p1a: scary airy|75/100
|
|upkeep
|turn|18
|
|t:|1659746327
|move|p1a: scary airy|Toxic|p2a: Conkeldurr|[miss]
|-miss|p1a: scary airy|p2a: Conkeldurr
|move|p2a: Conkeldurr|Poison Jab|p1a: scary airy
|-damage|p1a: scary airy|44/100
|
|upkeep
|turn|19
|
|t:|1659746335
|move|p1a: scary airy|Roost|p1a: scary airy
|-heal|p1a: scary airy|94/100
|-singleturn|p1a: scary airy|move: Roost
|move|p2a: Conkeldurr|Poison Jab|p1a: scary airy
|-damage|p1a: scary airy|66/100
|-status|p1a: scary airy|psn
|
|-damage|p1a: scary airy|54/100 psn|[from] psn
|upkeep
|turn|20
|
|t:|1659746344
|move|p1a: scary airy|Roost|p1a: scary airy
|-heal|p1a: scary airy|100/100 psn
|-singleturn|p1a: scary airy|move: Roost
|move|p2a: Conkeldurr|Poison Jab|p1a: scary airy
|-damage|p1a: scary airy|71/100 psn
|
|-damage|p1a: scary airy|59/100 psn|[from] psn
|upkeep
|turn|21
|c|+Mengy ㋛|I also thought metronome
|c|+Mengy ㋛|LOL
|inactive|5 pia to the top has 90 seconds left.
|c|+Mengy ㋛|thank you for the content
|
|t:|1659746377
|move|p1a: scary airy|Toxic|p2a: Conkeldurr|[miss]
|-miss|p1a: scary airy|p2a: Conkeldurr
|move|p2a: Conkeldurr|Poison Jab|p1a: scary airy
|-damage|p1a: scary airy|29/100 psn
|
|-damage|p1a: scary airy|16/100 psn|[from] psn
|upkeep
|turn|22
|
|t:|1659746384
|move|p1a: scary airy|Roost|p1a: scary airy
|-heal|p1a: scary airy|66/100 psn
|-singleturn|p1a: scary airy|move: Roost
|move|p2a: Conkeldurr|Poison Jab|p1a: scary airy
|-damage|p1a: scary airy|38/100 psn
|
|-damage|p1a: scary airy|26/100 psn|[from] psn
|upkeep
|turn|23
|
|t:|1659746393
|move|p1a: scary airy|Roost|p1a: scary airy
|-heal|p1a: scary airy|76/100 psn
|-singleturn|p1a: scary airy|move: Roost
|move|p2a: Conkeldurr|Poison Jab|p1a: scary airy
|-damage|p1a: scary airy|49/100 psn
|
|-damage|p1a: scary airy|37/100 psn|[from] psn
|upkeep
|turn|24
|
|t:|1659746403
|move|p1a: scary airy|Roost|p1a: scary airy
|-heal|p1a: scary airy|87/100 psn
|-singleturn|p1a: scary airy|move: Roost
|move|p2a: Conkeldurr|Poison Jab|p1a: scary airy
|-damage|p1a: scary airy|56/100 psn
|
|-damage|p1a: scary airy|44/100 psn|[from] psn
|upkeep
|turn|25
|inactive|5 pia to the top has 120 seconds left.
|
|t:|1659746412
|move|p1a: scary airy|Roost|p1a: scary airy
|-heal|p1a: scary airy|94/100 psn
|-singleturn|p1a: scary airy|move: Roost
|move|p2a: Conkeldurr|Poison Jab|p1a: scary airy
|-damage|p1a: scary airy|65/100 psn
|
|-damage|p1a: scary airy|53/100 psn|[from] psn
|upkeep
|turn|26
|
|t:|1659746420
|move|p1a: scary airy|Toxic|p2a: Conkeldurr
|-status|p2a: Conkeldurr|tox
|move|p2a: Conkeldurr|Poison Jab|p1a: scary airy
|-damage|p1a: scary airy|27/100 psn
|
|-damage|p1a: scary airy|14/100 psn|[from] psn
|-damage|p2a: Conkeldurr|76/100 tox|[from] psn
|upkeep
|turn|27
|
|t:|1659746428
|move|p1a: scary airy|Roost|p1a: scary airy
|-heal|p1a: scary airy|64/100 psn
|-singleturn|p1a: scary airy|move: Roost
|move|p2a: Conkeldurr|Poison Jab|p1a: scary airy
|-damage|p1a: scary airy|36/100 psn
|
|-damage|p1a: scary airy|24/100 psn|[from] psn
|-damage|p2a: Conkeldurr|64/100 tox|[from] psn
|upkeep
|turn|28
|
|t:|1659746437
|move|p1a: scary airy|Roost|p1a: scary airy
|-heal|p1a: scary airy|74/100 psn
|-singleturn|p1a: scary airy|move: Roost
|move|p2a: Conkeldurr|Poison Jab|p1a: scary airy
|-damage|p1a: scary airy|44/100 psn
|
|-damage|p1a: scary airy|31/100 psn|[from] psn
|-damage|p2a: Conkeldurr|45/100 tox|[from] psn
|upkeep
|turn|29
|c|+Mengy ㋛|it can't be sheer force
|c|+Mengy ㋛|it poisoned you
|
|t:|1659746446
|move|p1a: scary airy|Roost|p1a: scary airy
|-heal|p1a: scary airy|81/100 psn
|-singleturn|p1a: scary airy|move: Roost
|move|p2a: Conkeldurr|Poison Jab|p1a: scary airy
|-damage|p1a: scary airy|54/100 psn
|
|-damage|p1a: scary airy|41/100 psn|[from] psn
|-damage|p2a: Conkeldurr|21/100 tox|[from] psn
|upkeep
|turn|30
|
|t:|1659746459
|move|p1a: scary airy|Roost|p1a: scary airy
|-heal|p1a: scary airy|91/100 psn
|-singleturn|p1a: scary airy|move: Roost
|move|p2a: Conkeldurr|Poison Jab|p1a: scary airy
|-damage|p1a: scary airy|60/100 psn
|
|-damage|p1a: scary airy|48/100 psn|[from] psn
|-damage|p2a: Conkeldurr|0 fnt|[from] psn
|faint|p2a: Conkeldurr
|upkeep
|
|t:|1659746469
|switch|p2a: Lycanroc|Lycanroc-Dusk, F|63/100 tox
|turn|31
|c| mood soleil|guts facade does 50 so it was probably band
|
|t:|1659746476
|switch|p1a: poggy froggy|Quagsire, F|100/100
|move|p2a: Lycanroc|Accelerock|p1a: poggy froggy
|-resisted|p1a: poggy froggy
|-damage|p1a: poggy froggy|89/100
|
|-heal|p1a: poggy froggy|95/100|[from] item: Leftovers
|-damage|p2a: Lycanroc|57/100 tox|[from] psn
|upkeep
|turn|32
|
|t:|1659746487
|move|p2a: Lycanroc|Fire Fang|p1a: poggy froggy
|-resisted|p1a: poggy froggy
|-damage|p1a: poggy froggy|83/100
|move|p1a: poggy froggy|Scald|p2a: Lycanroc
|-supereffective|p2a: Lycanroc
|-damage|p2a: Lycanroc|0 fnt
|faint|p2a: Lycanroc
|
|-heal|p1a: poggy froggy|89/100|[from] item: Leftovers
|upkeep
|
|t:|1659746497
|switch|p2a: Primarina|Primarina, M|100/100
|turn|33
|
|t:|1659746525
|move|p2a: Primarina|Moonblast|p1a: poggy froggy
|-damage|p1a: poggy froggy|41/100
|move|p1a: poggy froggy|Toxic|p2a: Primarina
|-status|p2a: Primarina|tox
|
|-heal|p1a: poggy froggy|47/100|[from] item: Leftovers
|-damage|p2a: Primarina|94/100 tox|[from] psn
|upkeep
|turn|34
|inactive|5 pia to the top has 120 seconds left.
|c|☆b3juco|i used poison jab like 20 times so it kind of sells me
|
|t:|1659746548
|move|p2a: Primarina|Encore|p1a: poggy froggy
|-start|p1a: poggy froggy|Encore
|move|p1a: poggy froggy|Toxic|p2a: Primarina|[miss]
|-miss|p1a: poggy froggy|p2a: Primarina
|
|-heal|p1a: poggy froggy|53/100|[from] item: Leftovers
|-damage|p2a: Primarina|82/100 tox|[from] psn
|upkeep
|turn|35
|inactive|5 pia to the top has 120 seconds left.
|
|t:|1659746557
|switch|p1a: tang ur wang|Tangrowth, M|100/100
|move|p2a: Primarina|Moonblast|p1a: tang ur wang
|-damage|p1a: tang ur wang|54/100
|-unboost|p1a: tang ur wang|spa|1
|
|-damage|p2a: Primarina|64/100 tox|[from] psn
|upkeep
|turn|36
|
|t:|1659746565
|switch|p1a: poggy froggy|Quagsire, F|53/100
|move|p2a: Primarina|Misty Explosion|p1a: poggy froggy
|-damage|p1a: poggy froggy|6/100
|faint|p2a: Primarina
|
|-heal|p1a: poggy froggy|12/100|[from] item: Leftovers
|upkeep
|
|t:|1659746573
|switch|p2a: Excadrill|Excadrill, F|100/100
|-ability|p2a: Excadrill|Mold Breaker
|turn|37
|
|t:|1659746587
|move|p2a: Excadrill|Rapid Spin|p1a: poggy froggy
|-damage|p1a: poggy froggy|0 fnt
|-boost|p2a: Excadrill|spe|1
|faint|p1a: poggy froggy
|
|upkeep
|
|t:|1659746593
|switch|p1a: umby wumby|Umbreon, M|70/100
|turn|38
|
|t:|1659746598
|move|p2a: Excadrill|Rock Slide|p1a: umby wumby
|-damage|p1a: umby wumby|53/100
|move|p1a: umby wumby|Foul Play|p2a: Excadrill
|-damage|p2a: Excadrill|32/100
|
|-heal|p2a: Excadrill|38/100|[from] item: Leftovers
|-heal|p1a: umby wumby|60/100|[from] item: Leftovers
|upkeep
|turn|39
|c|☆b3juco|well thats gg
|
|t:|1659746610
|move|p2a: Excadrill|Rock Slide|p1a: umby wumby
|-damage|p1a: umby wumby|44/100
|cant|p1a: umby wumby|flinch
|
|-heal|p2a: Excadrill|44/100|[from] item: Leftovers
|-heal|p1a: umby wumby|51/100|[from] item: Leftovers
|upkeep
|turn|40
|l| Shelley_Swampert
|
|t:|1659746618
|move|p2a: Excadrill|Rock Slide|p1a: umby wumby
|-damage|p1a: umby wumby|34/100
|cant|p1a: umby wumby|flinch
|
|-heal|p2a: Excadrill|50/100|[from] item: Leftovers
|-heal|p1a: umby wumby|40/100|[from] item: Leftovers
|upkeep
|turn|41
|
|t:|1659746627
|move|p2a: Excadrill|Rock Slide|p1a: umby wumby
|-damage|p1a: umby wumby|24/100
|move|p1a: umby wumby|Foul Play|p2a: Excadrill
|-damage|p2a: Excadrill|0 fnt
|faint|p2a: Excadrill
|
|win|5 pia to the top
|raw|5 pia to the top's rating: 1279 &rarr; <strong>1297</strong><br />(+18 for winning)
|raw|b3juco's rating: 1184 &rarr; <strong>1166</strong><br />(-18 for losing)
|c|☆5 pia to the top|gg
|c|☆b3juco|gg
|l| mood soleil
|l| NoahDeKnight
|l|☆b3juco
|j| NoahDeKnight
|j| mood soleil
|l| NoahDeKnight
||Ladder isn't responding, score probably updated but might not have (Request timeout).
