|html|<div class="broadcast-blue"><strong>[Gen 8] UU is currently suspecting Thundurus-T! For information on how to participate check out the <a href="https://www.smogon.com/forums/threads/np-ss-uu-stage-11-boom-clap.3696000/">suspect thread</a>.</strong></div>
|j|☆UU11T HD
|j|☆poopyprincess900
|t:|1641948683
|gametype|singles
|player|p1|UU11T HD|wallace-gen3|1497
|player|p2|poopyprincess900|lucas|1346
|teamsize|p1|6
|teamsize|p2|6
|gen|8
|tier|[Gen 8] UU
|rated|
|rule|Sleep Clause Mod: Limit one foe put to sleep
|rule|Species Clause: Limit one of each Pokémon
|rule|OHKO Clause: OHKO moves are banned
|rule|Evasion Moves Clause: Evasion moves are banned
|rule|Endless Battle Clause: Forcing endless battles is banned
|rule|HP Percentage Mod: HP is shown in percentages
|rule|Dynamax Clause: You cannot dynamax
|clearpoke
|poke|p1|Chansey, F|
|poke|p1|Skarmory, F|
|poke|p1|Slowking, M|
|poke|p1|Umbreon, F|
|poke|p1|Weezing-Galar, F|
|poke|p1|Quagsire, F|
|poke|p2|Swampert, M|
|poke|p2|Heracross, F|
|poke|p2|Hydreigon, F|
|poke|p2|Gyarados, F|
|poke|p2|Aegislash, F|
|poke|p2|Gardevoir, M|
|teampreview
|inactive|Battle timer is ON: inactive players will automatically lose when time's up. (requested by poopyprincess900)
|
|t:|1641948704
|start
|switch|p1a: Chansey|Chansey, F|100/100
|switch|p2a: Aegislash|Aegislash, F|100/100
|turn|1
|
|t:|1641948713
|-formechange|p2a: Aegislash|Aegislash-Blade||[from] ability: Stance Change
|move|p2a: Aegislash|Close Combat|p1a: Chansey
|-supereffective|p1a: Chansey
|-damage|p1a: Chansey|62/100
|-unboost|p2a: Aegislash|def|1
|-unboost|p2a: Aegislash|spd|1
|move|p1a: Chansey|Stealth Rock|p2a: Aegislash
|-sidestart|p2: poopyprincess900|move: Stealth Rock
|
|upkeep
|turn|2
|
|t:|1641948719
|switch|p2a: Heracross|Heracross, F|100/100
|-damage|p2a: Heracross|88/100|[from] Stealth Rock
|move|p1a: Chansey|Soft-Boiled|p1a: Chansey
|-heal|p1a: Chansey|100/100
|
|-status|p2a: Heracross|brn|[from] item: Flame Orb
|upkeep
|turn|3
|
|t:|1641948723
|switch|p1a: Weezing|Weezing-Galar, F|100/100
|-ability|p1a: Weezing|Neutralizing Gas
|move|p2a: Heracross|Knock Off|p1a: Weezing
|-resisted|p1a: Weezing
|-damage|p1a: Weezing|95/100
|-damage|p2a: Heracross|72/100 brn|[from] item: Rocky Helmet|[of] p1a: Weezing
|-enditem|p1a: Weezing|Rocky Helmet|[from] move: Knock Off|[of] p2a: Heracross
|
|-damage|p2a: Heracross|66/100 brn|[from] brn
|upkeep
|turn|4
|
|t:|1641948747
|switch|p2a: Swampert|Swampert, M|100/100
|-damage|p2a: Swampert|94/100|[from] Stealth Rock
|move|p1a: Weezing|Flamethrower|p2a: Swampert
|-resisted|p2a: Swampert
|-damage|p2a: Swampert|86/100
|
|-heal|p2a: Swampert|92/100|[from] item: Leftovers
|upkeep
|turn|5
|
|t:|1641948755
|-end|p1a: Weezing|ability: Neutralizing Gas
|switch|p1a: Slowking|Slowking, M|100/100
|move|p2a: Swampert|Yawn|p1a: Slowking
|-start|p1a: Slowking|move: Yawn|[of] p2a: Swampert
|
|-heal|p2a: Swampert|99/100|[from] item: Leftovers
|upkeep
|turn|6
|
|t:|1641948760
|switch|p1a: Chansey|Chansey, F|100/100
|move|p2a: Swampert|Stealth Rock|p1a: Chansey
|-sidestart|p1: UU11T HD|move: Stealth Rock
|
|-heal|p2a: Swampert|100/100|[from] item: Leftovers
|upkeep
|turn|7
|
|t:|1641948766
|move|p2a: Swampert|Flip Turn|p1a: Chansey
|-damage|p1a: Chansey|87/100
|
|t:|1641948769
|switch|p2a: Aegislash|Aegislash, F|100/100|[from]move: Flip Turn
|-damage|p2a: Aegislash|94/100|[from] Stealth Rock
|move|p1a: Chansey|Seismic Toss|p2a: Aegislash
|-immune|p2a: Aegislash
|
|upkeep
|turn|8
|
|t:|1641948780
|-formechange|p2a: Aegislash|Aegislash-Blade||[from] ability: Stance Change
|move|p2a: Aegislash|Shadow Ball|p1a: Chansey
|-immune|p1a: Chansey
|move|p1a: Chansey|Soft-Boiled|p1a: Chansey
|-heal|p1a: Chansey|100/100
|
|upkeep
|turn|9
|
|t:|1641948788
|switch|p1a: Umbreon|Umbreon, F|100/100
|-damage|p1a: Umbreon|88/100|[from] Stealth Rock
|move|p2a: Aegislash|Shadow Ball|p1a: Umbreon
|-resisted|p1a: Umbreon
|-damage|p1a: Umbreon|67/100
|
|-heal|p1a: Umbreon|73/100|[from] item: Leftovers
|upkeep
|turn|10
|
|t:|1641948794
|switch|p2a: Hydreigon|Hydreigon, F|100/100
|-damage|p2a: Hydreigon|88/100|[from] Stealth Rock
|move|p1a: Umbreon|Foul Play|p2a: Hydreigon
|-resisted|p2a: Hydreigon
|-damage|p2a: Hydreigon|72/100
|
|-heal|p1a: Umbreon|79/100|[from] item: Leftovers
|upkeep
|turn|11
|
|t:|1641948799
|move|p2a: Hydreigon|Defog|p1a: Umbreon
|-unboost|p1a: Umbreon|evasion|1
|-sideend|p1: UU11T HD|Stealth Rock|[from] move: Defog|[of] p2a: Hydreigon
|-sideend|p2: poopyprincess900|Stealth Rock|[from] move: Defog|[of] p2a: Hydreigon
|move|p1a: Umbreon|Toxic|p2a: Hydreigon
|-status|p2a: Hydreigon|tox
|
|-heal|p1a: Umbreon|85/100|[from] item: Leftovers
|-damage|p2a: Hydreigon|66/100 tox|[from] psn
|upkeep
|turn|12
|
|t:|1641948804
|move|p2a: Hydreigon|Draco Meteor|p1a: Umbreon
|-damage|p1a: Umbreon|32/100
|-unboost|p2a: Hydreigon|spa|2
|-damage|p2a: Hydreigon|56/100 tox|[from] item: Life Orb
|move|p1a: Umbreon|Wish|p1a: Umbreon
|
|-heal|p1a: Umbreon|38/100|[from] item: Leftovers
|-damage|p2a: Hydreigon|44/100 tox|[from] psn
|upkeep
|turn|13
|
|t:|1641948808
|move|p1a: Umbreon|Protect|p1a: Umbreon
|-singleturn|p1a: Umbreon|Protect
|move|p2a: Hydreigon|Roost|p2a: Hydreigon
|-heal|p2a: Hydreigon|94/100 tox
|-singleturn|p2a: Hydreigon|move: Roost
|
|-heal|p1a: Umbreon|88/100|[from] move: Wish|[wisher] Umbreon
|-heal|p1a: Umbreon|94/100|[from] item: Leftovers
|-damage|p2a: Hydreigon|76/100 tox|[from] psn
|upkeep
|turn|14
|
|t:|1641948814
|switch|p2a: Heracross|Heracross, F|66/100 brn
|move|p1a: Umbreon|Toxic||[still]
|-fail|p1a: Umbreon
|
|-heal|p1a: Umbreon|99/100|[from] item: Leftovers
|-damage|p2a: Heracross|60/100 brn|[from] brn
|upkeep
|turn|15
|
|t:|1641948819
|switch|p1a: Weezing|Weezing-Galar, F|95/100
|-ability|p1a: Weezing|Neutralizing Gas
|move|p2a: Heracross|Swords Dance|p2a: Heracross
|-boost|p2a: Heracross|atk|2
|
|-damage|p2a: Heracross|54/100 brn|[from] brn
|upkeep
|turn|16
|inactive|poopyprincess900 has 120 seconds left.
|
|t:|1641948860
|switch|p2a: Aegislash|Aegislash, F|94/100
|move|p1a: Weezing|Strange Steam|p2a: Aegislash
|-resisted|p2a: Aegislash
|-damage|p2a: Aegislash|81/100
|
|upkeep
|turn|17
|inactive|UU11T HD has 120 seconds left.
|inactive|UU11T HD has 90 seconds left.
|
|t:|1641948928
|switch|p2a: Heracross|Heracross, F|54/100 brn
|-end|p1a: Weezing|ability: Neutralizing Gas
|switch|p1a: Quagsire|Quagsire, F|100/100
|
|-damage|p2a: Heracross|48/100 brn|[from] brn
|upkeep
|turn|18
|inactive|poopyprincess900 has 120 seconds left.
|
|t:|1641948939
|switch|p2a: Gyarados|Gyarados, F|100/100
|-ability|p2a: Gyarados|Intimidate|boost
|-unboost|p1a: Quagsire|atk|1
|switch|p1a: Weezing|Weezing-Galar, F|95/100
|-ability|p1a: Weezing|Neutralizing Gas
|
|upkeep
|turn|19
|
|t:|1641948953
|-end|p1a: Weezing|ability: Neutralizing Gas
|-ability|p2a: Gyarados|Intimidate|boost
|-unboost|p1a: Weezing|atk|1
|switch|p1a: Skarmory|Skarmory, F|100/100
|move|p2a: Gyarados|Waterfall|p1a: Skarmory
|-damage|p1a: Skarmory|73/100
|
|-heal|p1a: Skarmory|80/100|[from] item: Leftovers
|upkeep
|turn|20
|
|t:|1641948963
|switch|p2a: Aegislash|Aegislash, F|81/100
|move|p1a: Skarmory|Roost|p1a: Skarmory
|-heal|p1a: Skarmory|100/100
|-singleturn|p1a: Skarmory|move: Roost
|
|upkeep
|turn|21
|
|t:|1641948974
|switch|p1a: Quagsire|Quagsire, F|100/100
|-formechange|p2a: Aegislash|Aegislash-Blade||[from] ability: Stance Change
|move|p2a: Aegislash|Shadow Ball|p1a: Quagsire
|-damage|p1a: Quagsire|23/100
|
|-heal|p1a: Quagsire|29/100|[from] item: Leftovers
|upkeep
|turn|22
|
|t:|1641948981
|switch|p2a: Heracross|Heracross, F|48/100 brn
|switch|p1a: Chansey|Chansey, F|100/100
|
|-damage|p2a: Heracross|42/100 brn|[from] brn
|upkeep
|turn|23
|
|t:|1641948985
|switch|p1a: Weezing|Weezing-Galar, F|95/100
|-ability|p1a: Weezing|Neutralizing Gas
|move|p2a: Heracross|Knock Off|p1a: Weezing
|-resisted|p1a: Weezing
|-damage|p1a: Weezing|91/100
|
|-damage|p2a: Heracross|36/100 brn|[from] brn
|upkeep
|turn|24
|
|t:|1641948996
|switch|p2a: Swampert|Swampert, M|100/100
|move|p1a: Weezing|Flamethrower|p2a: Swampert
|-resisted|p2a: Swampert
|-damage|p2a: Swampert|93/100
|
|-heal|p2a: Swampert|99/100|[from] item: Leftovers
|upkeep
|turn|25
|
|t:|1641949008
|-end|p1a: Weezing|ability: Neutralizing Gas
|switch|p1a: Chansey|Chansey, F|100/100
|move|p2a: Swampert|Stealth Rock|p1a: Chansey
|-sidestart|p1: UU11T HD|move: Stealth Rock
|
|-heal|p2a: Swampert|100/100|[from] item: Leftovers
|upkeep
|turn|26
|
|t:|1641949011
|move|p2a: Swampert|Flip Turn|p1a: Chansey
|-damage|p1a: Chansey|86/100
|
|t:|1641949013
|switch|p2a: Heracross|Heracross, F|36/100 brn|[from]move: Flip Turn
|move|p1a: Chansey|Stealth Rock|p2a: Heracross
|-sidestart|p2: poopyprincess900|move: Stealth Rock
|
|-damage|p2a: Heracross|30/100 brn|[from] brn
|upkeep
|turn|27
|
|t:|1641949025
|switch|p1a: Weezing|Weezing-Galar, F|91/100
|-ability|p1a: Weezing|Neutralizing Gas
|-damage|p1a: Weezing|79/100|[from] Stealth Rock
|move|p2a: Heracross|Facade|p1a: Weezing
|-crit|p1a: Weezing
|-damage|p1a: Weezing|32/100
|
|-damage|p2a: Heracross|24/100 brn|[from] brn
|upkeep
|turn|28
|
|t:|1641949033
|switch|p2a: Gardevoir|Gardevoir, M|100/100
|-damage|p2a: Gardevoir|88/100|[from] Stealth Rock
|move|p1a: Weezing|Rest|p1a: Weezing
|-status|p1a: Weezing|slp|[from] move: Rest
|-heal|p1a: Weezing|100/100 slp|[silent]
|
|upkeep
|turn|29
|
|t:|1641949041
|-end|p1a: Weezing|ability: Neutralizing Gas
|switch|p1a: Slowking|Slowking, M|100/100
|-ability|p2a: Gardevoir|Regenerator|[from] ability: Trace|[of] p1a: Slowking
|-damage|p1a: Slowking|88/100|[from] Stealth Rock
|move|p2a: Gardevoir|Healing Wish|p2a: Gardevoir
|faint|p2a: Gardevoir
|
|upkeep
|
|t:|1641949043
|switch|p2a: Heracross|Heracross, F|24/100 brn
|-heal|p2a: Heracross|100/100|[from] move: Healing Wish
|-damage|p2a: Heracross|88/100|[from] Stealth Rock
|turn|30
|
|t:|1641949051
|switch|p2a: Aegislash|Aegislash, F|81/100
|-damage|p2a: Aegislash|75/100|[from] Stealth Rock
|move|p1a: Slowking|Psyshock|p2a: Aegislash
|-resisted|p2a: Aegislash
|-damage|p2a: Aegislash|62/100
|
|upkeep
|turn|31
|
|t:|1641949058
|switch|p1a: Umbreon|Umbreon, F|99/100
|-damage|p1a: Umbreon|87/100|[from] Stealth Rock
|-formechange|p2a: Aegislash|Aegislash-Blade||[from] ability: Stance Change
|move|p2a: Aegislash|Close Combat|p1a: Umbreon
|-supereffective|p1a: Umbreon
|-damage|p1a: Umbreon|48/100
|-unboost|p2a: Aegislash|def|1
|-unboost|p2a: Aegislash|spd|1
|
|-heal|p1a: Umbreon|54/100|[from] item: Leftovers
|upkeep
|turn|32
|
|t:|1641949065
|switch|p2a: Heracross|Heracross, F|88/100
|-damage|p2a: Heracross|76/100|[from] Stealth Rock
|move|p1a: Umbreon|Wish|p1a: Umbreon
|
|-heal|p1a: Umbreon|60/100|[from] item: Leftovers
|-status|p2a: Heracross|brn|[from] item: Flame Orb
|upkeep
|turn|33
|
|t:|1641949077
|switch|p1a: Quagsire|Quagsire, F|29/100
|-damage|p1a: Quagsire|23/100|[from] Stealth Rock
|move|p2a: Heracross|Swords Dance|p2a: Heracross
|-boost|p2a: Heracross|atk|2
|
|-heal|p1a: Quagsire|73/100|[from] move: Wish|[wisher] Umbreon
|-heal|p1a: Quagsire|79/100|[from] item: Leftovers
|-damage|p2a: Heracross|70/100 brn|[from] brn
|upkeep
|turn|34
|
|t:|1641949081
|move|p2a: Heracross|Facade|p1a: Quagsire
|-damage|p1a: Quagsire|24/100
|move|p1a: Quagsire|Scald|p2a: Heracross
|-damage|p2a: Heracross|46/100 brn
|
|-heal|p1a: Quagsire|30/100|[from] item: Leftovers
|-damage|p2a: Heracross|40/100 brn|[from] brn
|upkeep
|turn|35
|
|t:|1641949089
|move|p2a: Heracross|Facade|p1a: Quagsire
|-damage|p1a: Quagsire|0 fnt
|faint|p1a: Quagsire
|
|-damage|p2a: Heracross|34/100 brn|[from] brn
|upkeep
|
|t:|1641949092
|switch|p1a: Skarmory|Skarmory, F|100/100
|-damage|p1a: Skarmory|88/100|[from] Stealth Rock
|turn|36
|
|t:|1641949095
|move|p2a: Heracross|Close Combat|p1a: Skarmory
|-damage|p1a: Skarmory|0 fnt
|-unboost|p2a: Heracross|def|1
|-unboost|p2a: Heracross|spd|1
|faint|p1a: Skarmory
|
|-damage|p2a: Heracross|28/100 brn|[from] brn
|upkeep
|
|t:|1641949099
|switch|p1a: Umbreon|Umbreon, F|60/100
|-damage|p1a: Umbreon|47/100|[from] Stealth Rock
|turn|37
|
|t:|1641949104
|move|p1a: Umbreon|Protect|p1a: Umbreon
|-singleturn|p1a: Umbreon|Protect
|move|p2a: Heracross|Facade|p1a: Umbreon
|-activate|p1a: Umbreon|move: Protect
|
|-heal|p1a: Umbreon|53/100|[from] item: Leftovers
|-damage|p2a: Heracross|22/100 brn|[from] brn
|upkeep
|turn|38
|
|t:|1641949110
|switch|p1a: Weezing|Weezing-Galar, F|100/100 slp
|-ability|p1a: Weezing|Neutralizing Gas
|-damage|p1a: Weezing|88/100 slp|[from] Stealth Rock
|move|p2a: Heracross|Facade|p1a: Weezing
|-damage|p1a: Weezing|26/100 slp
|
|-damage|p2a: Heracross|16/100 brn|[from] brn
|upkeep
|turn|39
|
|t:|1641949113
|move|p2a: Heracross|Facade|p1a: Weezing
|-damage|p1a: Weezing|0 fnt
|faint|p1a: Weezing
|-end|p1a: Weezing|ability: Neutralizing Gas
|
|-damage|p2a: Heracross|10/100 brn|[from] brn
|upkeep
|
|t:|1641949116
|switch|p1a: Umbreon|Umbreon, F|53/100
|-damage|p1a: Umbreon|41/100|[from] Stealth Rock
|turn|40
|
|t:|1641949122
|move|p1a: Umbreon|Protect|p1a: Umbreon
|-singleturn|p1a: Umbreon|Protect
|move|p2a: Heracross|Facade|p1a: Umbreon
|-activate|p1a: Umbreon|move: Protect
|
|-heal|p1a: Umbreon|47/100|[from] item: Leftovers
|-damage|p2a: Heracross|4/100 brn|[from] brn
|upkeep
|turn|41
|
|t:|1641949128
|switch|p1a: Chansey|Chansey, F|86/100
|-damage|p1a: Chansey|74/100|[from] Stealth Rock
|move|p2a: Heracross|Facade|p1a: Chansey
|-crit|p1a: Chansey
|-damage|p1a: Chansey|0 fnt
|faint|p1a: Chansey
|
|-damage|p2a: Heracross|0 fnt|[from] brn
|faint|p2a: Heracross
|upkeep
|
|t:|1641949137
|switch|p2a: Hydreigon|Hydreigon, F|76/100 tox
|switch|p1a: Umbreon|Umbreon, F|47/100
|-damage|p2a: Hydreigon|63/100 tox|[from] Stealth Rock
|-damage|p1a: Umbreon|35/100|[from] Stealth Rock
|turn|42
|
|t:|1641949141
|move|p1a: Umbreon|Protect|p1a: Umbreon
|-singleturn|p1a: Umbreon|Protect
|move|p2a: Hydreigon|Draco Meteor|p1a: Umbreon
|-activate|p1a: Umbreon|move: Protect
|
|-heal|p1a: Umbreon|41/100|[from] item: Leftovers
|-damage|p2a: Hydreigon|57/100 tox|[from] psn
|upkeep
|turn|43
|
|t:|1641949145
|switch|p1a: Slowking|Slowking, M|100/100
|-damage|p1a: Slowking|88/100|[from] Stealth Rock
|move|p2a: Hydreigon|Draco Meteor|p1a: Slowking
|-damage|p1a: Slowking|23/100
|-unboost|p2a: Hydreigon|spa|2
|-damage|p2a: Hydreigon|47/100 tox|[from] item: Life Orb
|
|-damage|p2a: Hydreigon|35/100 tox|[from] psn
|upkeep
|turn|44
|
|t:|1641949148
|switch|p1a: Umbreon|Umbreon, F|41/100
|-damage|p1a: Umbreon|28/100|[from] Stealth Rock
|move|p2a: Hydreigon|Draco Meteor|p1a: Umbreon
|-damage|p1a: Umbreon|3/100
|-unboost|p2a: Hydreigon|spa|2
|-damage|p2a: Hydreigon|25/100 tox|[from] item: Life Orb
|
|-heal|p1a: Umbreon|9/100|[from] item: Leftovers
|-damage|p2a: Hydreigon|7/100 tox|[from] psn
|upkeep
|turn|45
|
|t:|1641949151
|move|p1a: Umbreon|Protect|p1a: Umbreon
|-singleturn|p1a: Umbreon|Protect
|move|p2a: Hydreigon|Dark Pulse|p1a: Umbreon
|-activate|p1a: Umbreon|move: Protect
|
|-heal|p1a: Umbreon|15/100|[from] item: Leftovers
|-damage|p2a: Hydreigon|0 fnt|[from] psn
|faint|p2a: Hydreigon
|upkeep
|
|t:|1641949161
|switch|p2a: Aegislash|Aegislash, F|62/100
|-damage|p2a: Aegislash|56/100|[from] Stealth Rock
|turn|46
|
|t:|1641949178
|-formechange|p2a: Aegislash|Aegislash-Blade||[from] ability: Stance Change
|move|p2a: Aegislash|Shadow Ball|p1a: Umbreon
|-resisted|p1a: Umbreon
|-damage|p1a: Umbreon|0 fnt
|faint|p1a: Umbreon
|
|upkeep
|
|t:|1641949180
|switch|p1a: Slowking|Slowking, M|56/100
|-damage|p1a: Slowking|44/100|[from] Stealth Rock
|turn|47
|
|t:|1641949183
|move|p2a: Aegislash|Shadow Ball|p1a: Slowking
|-supereffective|p1a: Slowking
|-damage|p1a: Slowking|0 fnt
|faint|p1a: Slowking
|
|win|poopyprincess900
|raw|UU11T HD's rating: 1497 &rarr; <strong>1469</strong><br />(-28 for losing)
|raw|poopyprincess900's rating: 1346 &rarr; <strong>1374</strong><br />(+28 for winning)
|l|☆UU11T HD
