|j|☆The SD sweep
|j|☆astralydia
|t:|1665080587
|gametype|singles
|player|p1|The SD sweep|siebold|
|player|p2|astralydia|caitlin|
|teamsize|p1|6
|teamsize|p2|6
|gen|8
|tier|[Gen 8] UU
|rule|Sleep Clause Mod: Limit one foe put to sleep
|rule|Species Clause: Limit one of each Pokémon
|rule|OHKO Clause: OHKO moves are banned
|rule|Evasion Items Clause: Evasion items are banned
|rule|Evasion Moves Clause: Evasion moves are banned
|rule|Endless Battle Clause: Forcing endless battles is banned
|rule|HP Percentage Mod: HP is shown in percentages
|rule|Dynamax Clause: You cannot dynamax
|clearpoke
|poke|p1|Zarude|
|poke|p1|Hippowdon, F|
|poke|p1|Keldeo-Resolute|
|poke|p1|Scizor, F|
|poke|p1|Slowking, M|
|poke|p1|Primarina, M|
|poke|p2|Salamence, M|
|poke|p2|Toxtricity, M|
|poke|p2|Celesteela|
|poke|p2|Polteageist|
|poke|p2|Hatterene, F|
|poke|p2|Swampert, M|
|teampreview
|inactive|Battle timer is ON: inactive players will automatically lose when time's up. (requested by The SD sweep)
|c|☆astralydia|hf
|j| IndeedeIsKing
|l|☆The SD sweep
|inactive|The SD sweep disconnected and has 300 seconds to reconnect!
|player|p1|
|j|☆The SD sweep
|inactive|The SD sweep reconnected and has 285 seconds left.
|player|p1|The SD sweep|siebold
|
|t:|1665080622
|start
|switch|p1a: Scizor|Scizor, F, shiny|100/100
|switch|p2a: Swampert|Swampert, M|100/100
|turn|1
|
|t:|1665080628
|move|p1a: Scizor|U-turn|p2a: Swampert
|-damage|p2a: Swampert|57/100
|
|t:|1665080630
|switch|p1a: Primarina|Primarina, M, shiny|100/100|[from]move: U-turn
|move|p2a: Swampert|Stealth Rock|p1a: Primarina
|-sidestart|p1: The SD sweep|move: Stealth Rock
|
|upkeep
|turn|2
|j| Liz Angeles
|
|t:|1665080636
|move|p1a: Primarina|Surf|p2a: Swampert
|-damage|p2a: Swampert|0 fnt
|faint|p2a: Swampert
|
|upkeep
|
|t:|1665080639
|switch|p2a: Toxtricity|Toxtricity, M|100/100
|turn|3
|
|t:|1665080643
|switch|p1a: HAZARDOUS|Hippowdon, F|100/100
|-damage|p1a: HAZARDOUS|94/100|[from] Stealth Rock
|-weather|Sandstorm|[from] ability: Sand Stream|[of] p1a: HAZARDOUS
|move|p2a: Toxtricity|Boomburst|p1a: HAZARDOUS
|-damage|p1a: HAZARDOUS|25/100
|-damage|p2a: Toxtricity|91/100|[from] item: Life Orb
|
|-weather|Sandstorm|[upkeep]
|-damage|p2a: Toxtricity|84/100|[from] Sandstorm
|-heal|p1a: HAZARDOUS|32/100|[from] item: Leftovers
|upkeep
|turn|4
|
|t:|1665080647
|move|p2a: Toxtricity|Boomburst|p1a: HAZARDOUS
|-damage|p1a: HAZARDOUS|0 fnt
|faint|p1a: HAZARDOUS
|-damage|p2a: Toxtricity|74/100|[from] item: Life Orb
|
|-weather|Sandstorm|[upkeep]
|-damage|p2a: Toxtricity|68/100|[from] Sandstorm
|upkeep
|
|t:|1665080649
|switch|p1a: VELOCITY|Keldeo-Resolute|100/100
|-damage|p1a: VELOCITY|94/100|[from] Stealth Rock
|turn|5
|c| IndeedeIsKing|That's strong
|j| amogusroxyrrrr
|
|t:|1665080660
|switch|p2a: Salamence|Salamence, M|100/100
|-ability|p2a: Salamence|Intimidate|boost
|-unboost|p1a: VELOCITY|atk|1
|move|p1a: VELOCITY|Surf|p2a: Salamence
|-resisted|p2a: Salamence
|-damage|p2a: Salamence|55/100
|
|-weather|Sandstorm|[upkeep]
|-damage|p1a: VELOCITY|88/100|[from] Sandstorm
|-damage|p2a: Salamence|49/100|[from] Sandstorm
|upkeep
|turn|6
|
|t:|1665080666
|switch|p1a: Slowking|Slowking, M, shiny|100/100
|-damage|p1a: Slowking|88/100|[from] Stealth Rock
|move|p2a: Salamence|Dual Wingbeat|p1a: Slowking
|-damage|p1a: Slowking|72/100
|-crit|p1a: Slowking
|-damage|p1a: Slowking|49/100
|-hitcount|p1a: Slowking|2
|
|-weather|Sandstorm|[upkeep]
|-damage|p2a: Salamence|43/100|[from] Sandstorm
|-damage|p1a: Slowking|43/100|[from] Sandstorm
|upkeep
|turn|7
|
|t:|1665080674
|switch|p2a: Toxtricity|Toxtricity, M|68/100
|move|p1a: Slowking|Slack Off|p1a: Slowking
|-heal|p1a: Slowking|93/100
|
|-weather|none
|upkeep
|turn|8
|
|t:|1665080677
|move|p2a: Toxtricity|Shift Gear|p2a: Toxtricity
|-boost|p2a: Toxtricity|spe|2
|-boost|p2a: Toxtricity|atk|1
|move|p1a: Slowking|Teleport|p1a: Slowking
|
|t:|1665080682
|switch|p1a: Scizor|Scizor, F, shiny|100/100|[from]move: Teleport
|-damage|p1a: Scizor|88/100|[from] Stealth Rock
|
|upkeep
|turn|9
|
|t:|1665080687
|move|p2a: Toxtricity|Overdrive|p1a: Scizor
|-damage|p1a: Scizor|0 fnt
|faint|p1a: Scizor
|-damage|p2a: Toxtricity|58/100|[from] item: Life Orb
|
|upkeep
|
|t:|1665080690
|switch|p1a: funky monkey|Zarude|100/100
|-damage|p1a: funky monkey|88/100|[from] Stealth Rock
|turn|10
|
|t:|1665080694
|move|p2a: Toxtricity|Drain Punch|p1a: funky monkey
|-supereffective|p1a: funky monkey
|-damage|p1a: funky monkey|20/100
|-heal|p2a: Toxtricity|99/100|[from] drain|[of] p1a: funky monkey
|-damage|p2a: Toxtricity|90/100|[from] item: Life Orb
|move|p1a: funky monkey|Darkest Lariat|p2a: Toxtricity
|-damage|p2a: Toxtricity|28/100
|
|upkeep
|turn|11
|c|☆The SD sweep|oof
|c|☆The SD sweep|Yeah I lose to this lmfao
|c| IndeedeIsKing|The toxtricity showcase
|
|t:|1665080713
|move|p2a: Toxtricity|Drain Punch|p1a: funky monkey
|-supereffective|p1a: funky monkey
|-damage|p1a: funky monkey|0 fnt
|-heal|p2a: Toxtricity|40/100|[from] drain|[of] p1a: funky monkey
|faint|p1a: funky monkey
|-damage|p2a: Toxtricity|30/100|[from] item: Life Orb
|
|upkeep
|c|☆astralydia|you know what I'm adding that
|c|☆astralydia|to my noms
|-message|The SD sweep forfeited.
|
|win|astralydia
|l|☆The SD sweep
|j|☆The SD sweep
|player|p1|The SD sweep|siebold
|l|☆The SD sweep
|player|p1|
|j|☆The SD sweep
|player|p1|The SD sweep|siebold
|c|☆The SD sweep|We can play again
|l| amogusroxyrrrr
|l| IndeedeIsKing
|c|☆The SD sweep|if you want
|c|☆astralydia|yeah
|c|☆astralydia|I'll be down for __several__ games
|l| Liz Angeles
|l|☆The SD sweep
|player|p1|
