|html|<div class="broadcast-blue"><strong>[Gen 8] UU is currently suspecting Latias! For information on how to participate check out the <a href="https://www.smogon.com/forums/threads/np-ss-uu-stage-10-airplanes-latias-retest.3691692/page-3#post-9007205">suspect thread</a>.</strong></div>
|j|‽IDRINKWHENIWANT
|j|☆nina rosario
|t:|1634696690
|gametype|singles
|player|p1|IDRINKWHENIWANT|ninjaboy|1650
|player|p2|nina rosario|n|1693
|teamsize|p1|6
|teamsize|p2|6
|gen|8
|tier|[Gen 8] UU
|rated|
|rule|Sleep Clause Mod: Limit one foe put to sleep
|rule|Species Clause: Limit one of each Pokémon
|rule|OHKO Clause: OHKO moves are banned
|rule|Evasion Moves Clause: Evasion moves are banned
|rule|Endless Battle Clause: Forcing endless battles is banned
|rule|HP Percentage Mod: HP is shown in percentages
|rule|Dynamax Clause: You cannot dynamax
|clearpoke
|poke|p1|Zygarde-10%|
|poke|p1|Skarmory, F|
|poke|p1|Hatterene, F|
|poke|p1|Zarude-Dada|
|poke|p1|Conkeldurr, M|
|poke|p1|Chansey, F|
|poke|p2|Gigalith, F|
|poke|p2|Excadrill, M|
|poke|p2|Conkeldurr, F|
|poke|p2|Amoonguss, M|
|poke|p2|Azelf|
|poke|p2|Latias, F|
|teampreview
|inactive|Battle timer is ON: inactive players will automatically lose when time's up. (requested by nina rosario)
|
|t:|1634696726
|start
|switch|p1a: Zarude|Zarude-Dada|100/100
|switch|p2a: Azelf|Azelf|100/100
|turn|1
|
|t:|1634696735
|switch|p1a: Skarmory|Skarmory, F|100/100
|move|p2a: Azelf|U-turn|p1a: Skarmory
|-resisted|p1a: Skarmory
|-crit|p1a: Skarmory
|-damage|p1a: Skarmory|96/100
|-damage|p2a: Azelf|84/100|[from] item: Rocky Helmet|[of] p1a: Skarmory
|
|t:|1634696744
|switch|p2a: Conkeldurr|Conkeldurr, F|100/100|[from]move: U-turn
|
|-status|p2a: Conkeldurr|brn|[from] item: Flame Orb
|upkeep
|turn|2
|
|t:|1634696752
|move|p2a: Conkeldurr|Close Combat|p1a: Skarmory
|-damage|p1a: Skarmory|33/100
|-unboost|p2a: Conkeldurr|def|1
|-unboost|p2a: Conkeldurr|spd|1
|-damage|p2a: Conkeldurr|84/100 brn|[from] item: Rocky Helmet|[of] p1a: Skarmory
|move|p1a: Skarmory|Body Press|p2a: Conkeldurr
|-damage|p2a: Conkeldurr|39/100 brn
|
|-damage|p2a: Conkeldurr|33/100 brn|[from] brn
|upkeep
|turn|3
|
|t:|1634696768
|switch|p1a: Hatterene|Hatterene, F|100/100
|move|p2a: Conkeldurr|Knock Off|p1a: Hatterene
|-damage|p1a: Hatterene|54/100
|-enditem|p1a: Hatterene|Leftovers|[from] move: Knock Off|[of] p2a: Conkeldurr
|
|-damage|p2a: Conkeldurr|27/100 brn|[from] brn
|upkeep
|turn|4
|
|t:|1634696774
|switch|p1a: Skarmory|Skarmory, F|33/100
|move|p2a: Conkeldurr|Facade|p1a: Skarmory
|-resisted|p1a: Skarmory
|-damage|p1a: Skarmory|9/100
|-damage|p2a: Conkeldurr|10/100 brn|[from] item: Rocky Helmet|[of] p1a: Skarmory
|
|-damage|p2a: Conkeldurr|4/100 brn|[from] brn
|upkeep
|turn|5
|
|t:|1634696781
|switch|p1a: Hatterene|Hatterene, F|54/100
|move|p2a: Conkeldurr|Close Combat|p1a: Hatterene
|-resisted|p1a: Hatterene
|-damage|p1a: Hatterene|31/100
|-unboost|p2a: Conkeldurr|def|1
|-unboost|p2a: Conkeldurr|spd|1
|
|-damage|p2a: Conkeldurr|0 fnt|[from] brn
|faint|p2a: Conkeldurr
|upkeep
|
|t:|1634696791
|switch|p2a: Excadrill|Excadrill, M|100/100
|turn|6
|
|t:|1634696797
|move|p2a: Excadrill|Earthquake|p1a: Hatterene
|-damage|p1a: Hatterene|0 fnt
|faint|p1a: Hatterene
|-damage|p2a: Excadrill|91/100|[from] item: Life Orb
|
|upkeep
|
|t:|1634696799
|switch|p1a: Zygarde|Zygarde-10%|100/100
|-ability|p1a: Zygarde|Aura Break
|turn|7
|
|t:|1634696806
|switch|p1a: Conkeldurr|Conkeldurr, M|100/100
|switch|p2a: Amoonguss|Amoonguss, M|100/100
|
|-status|p1a: Conkeldurr|brn|[from] item: Flame Orb
|upkeep
|turn|8
|
|t:|1634696814
|switch|p1a: Chansey|Chansey, F|100/100
|move|p2a: Amoonguss|Sludge Bomb|p1a: Chansey
|-damage|p1a: Chansey|93/100
|-status|p1a: Chansey|psn
|
|-damage|p1a: Chansey|80/100 psn|[from] psn
|upkeep
|turn|9
|
|t:|1634696823
|switch|p2a: Gigalith|Gigalith, F|100/100
|-weather|Sandstorm|[from] ability: Sand Stream|[of] p2a: Gigalith
|move|p1a: Chansey|Stealth Rock|p2a: Gigalith
|-sidestart|p2: nina rosario|move: Stealth Rock
|
|-weather|Sandstorm|[upkeep]
|-damage|p1a: Chansey|74/100 psn|[from] Sandstorm
|-damage|p1a: Chansey|62/100 psn|[from] psn
|upkeep
|turn|10
|
|t:|1634696827
|-curestatus|p1a: Chansey|psn|[from] ability: Natural Cure
|switch|p1a: Skarmory|Skarmory, F|9/100
|move|p2a: Gigalith|Stealth Rock|p1a: Skarmory
|-sidestart|p1: IDRINKWHENIWANT|move: Stealth Rock
|
|-weather|Sandstorm|[upkeep]
|upkeep
|turn|11
|
|t:|1634696830
|move|p1a: Skarmory|Roost|p1a: Skarmory
|-heal|p1a: Skarmory|59/100
|-singleturn|p1a: Skarmory|move: Roost
|move|p2a: Gigalith|Earthquake|p1a: Skarmory
|-supereffective|p1a: Skarmory
|-damage|p1a: Skarmory|24/100
|
|-weather|Sandstorm|[upkeep]
|upkeep
|turn|12
|
|t:|1634696839
|switch|p2a: Latias|Latias, F|100/100
|-damage|p2a: Latias|88/100|[from] Stealth Rock
|move|p1a: Skarmory|Roost|p1a: Skarmory
|-heal|p1a: Skarmory|74/100
|-singleturn|p1a: Skarmory|move: Roost
|
|-weather|Sandstorm|[upkeep]
|-damage|p2a: Latias|82/100|[from] Sandstorm
|upkeep
|turn|13
|
|t:|1634696845
|switch|p1a: Chansey|Chansey, F|62/100
|-damage|p1a: Chansey|49/100|[from] Stealth Rock
|move|p2a: Latias|Psyshock|p1a: Chansey
|-damage|p1a: Chansey|11/100
|
|-weather|Sandstorm|[upkeep]
|-damage|p2a: Latias|76/100|[from] Sandstorm
|-damage|p1a: Chansey|4/100|[from] Sandstorm
|upkeep
|turn|14
|
|t:|1634696854
|switch|p2a: Azelf|Azelf|84/100
|-damage|p2a: Azelf|72/100|[from] Stealth Rock
|move|p1a: Chansey|Soft-Boiled|p1a: Chansey
|-heal|p1a: Chansey|55/100
|
|-weather|Sandstorm|[upkeep]
|-damage|p2a: Azelf|65/100|[from] Sandstorm
|-damage|p1a: Chansey|48/100|[from] Sandstorm
|upkeep
|turn|15
|
|t:|1634696857
|move|p2a: Azelf|U-turn|p1a: Chansey
|-damage|p1a: Chansey|36/100
|
|t:|1634696863
|switch|p2a: Excadrill|Excadrill, M|91/100|[from]move: U-turn
|-damage|p2a: Excadrill|88/100|[from] Stealth Rock
|move|p1a: Chansey|Soft-Boiled|p1a: Chansey
|-heal|p1a: Chansey|86/100
|
|-weather|Sandstorm|[upkeep]
|-damage|p1a: Chansey|80/100|[from] Sandstorm
|upkeep
|turn|16
|
|t:|1634696867
|switch|p1a: Skarmory|Skarmory, F|74/100
|-damage|p1a: Skarmory|61/100|[from] Stealth Rock
|move|p2a: Excadrill|Swords Dance|p2a: Excadrill
|-boost|p2a: Excadrill|atk|2
|
|-weather|none
|upkeep
|turn|17
|
|t:|1634696871
|move|p2a: Excadrill|Rock Slide|p1a: Skarmory
|-damage|p1a: Skarmory|16/100
|-damage|p2a: Excadrill|78/100|[from] item: Life Orb
|move|p1a: Skarmory|Body Press|p2a: Excadrill
|-supereffective|p2a: Excadrill
|-damage|p2a: Excadrill|0 fnt
|faint|p2a: Excadrill
|
|upkeep
|
|t:|1634696876
|switch|p2a: Latias|Latias, F|76/100
|-damage|p2a: Latias|64/100|[from] Stealth Rock
|turn|18
|
|t:|1634696880
|move|p2a: Latias|Psyshock|p1a: Skarmory
|-resisted|p1a: Skarmory
|-crit|p1a: Skarmory
|-damage|p1a: Skarmory|0 fnt
|faint|p1a: Skarmory
|
|upkeep
|
|t:|1634696892
|switch|p1a: Zarude|Zarude-Dada|100/100
|turn|19
|
|t:|1634696898
|switch|p2a: Amoonguss|Amoonguss, M|100/100
|-damage|p2a: Amoonguss|88/100|[from] Stealth Rock
|move|p1a: Zarude|U-turn|p2a: Amoonguss
|-damage|p2a: Amoonguss|72/100
|-enditem|p2a: Amoonguss|Eject Button
|
|t:|1634696902
|switch|p2a: Gigalith|Gigalith, F|100/100
|-damage|p2a: Gigalith|88/100|[from] Stealth Rock
|-weather|Sandstorm|[from] ability: Sand Stream|[of] p2a: Gigalith
|
|-weather|Sandstorm|[upkeep]
|-damage|p1a: Zarude|94/100|[from] Sandstorm
|upkeep
|turn|20
|
|t:|1634696917
|move|p1a: Zarude|U-turn|p2a: Gigalith
|-damage|p2a: Gigalith|72/100
|
|t:|1634696919
|switch|p1a: Conkeldurr|Conkeldurr, M|100/100 brn|[from]move: U-turn
|-damage|p1a: Conkeldurr|94/100 brn|[from] Stealth Rock
|move|p2a: Gigalith|Earthquake|p1a: Conkeldurr
|-damage|p1a: Conkeldurr|71/100 brn
|
|-weather|Sandstorm|[upkeep]
|-damage|p1a: Conkeldurr|65/100 brn|[from] Sandstorm
|-damage|p1a: Conkeldurr|59/100 brn|[from] brn
|upkeep
|turn|21
|
|t:|1634696929
|switch|p2a: Amoonguss|Amoonguss, M|100/100
|-damage|p2a: Amoonguss|88/100|[from] Stealth Rock
|move|p1a: Conkeldurr|Facade|p2a: Amoonguss
|-damage|p2a: Amoonguss|39/100
|
|-weather|Sandstorm|[upkeep]
|-damage|p1a: Conkeldurr|53/100 brn|[from] Sandstorm
|-damage|p2a: Amoonguss|33/100|[from] Sandstorm
|-damage|p1a: Conkeldurr|47/100 brn|[from] brn
|upkeep
|turn|22
|
|t:|1634696935
|move|p1a: Conkeldurr|Facade|p2a: Amoonguss
|-damage|p2a: Amoonguss|0 fnt
|faint|p2a: Amoonguss
|
|-weather|Sandstorm|[upkeep]
|-damage|p1a: Conkeldurr|41/100 brn|[from] Sandstorm
|-damage|p1a: Conkeldurr|35/100 brn|[from] brn
|upkeep
|
|t:|1634696937
|switch|p2a: Latias|Latias, F|64/100
|-damage|p2a: Latias|51/100|[from] Stealth Rock
|turn|23
|
|t:|1634696946
|switch|p1a: Chansey|Chansey, F|80/100
|-damage|p1a: Chansey|67/100|[from] Stealth Rock
|move|p2a: Latias|Draco Meteor|p1a: Chansey
|-damage|p1a: Chansey|35/100
|-unboost|p2a: Latias|spa|2
|
|-weather|Sandstorm|[upkeep]
|-damage|p2a: Latias|45/100|[from] Sandstorm
|-damage|p1a: Chansey|29/100|[from] Sandstorm
|upkeep
|turn|24
|
|t:|1634696953
|switch|p2a: Azelf|Azelf|65/100
|-damage|p2a: Azelf|53/100|[from] Stealth Rock
|move|p1a: Chansey|Soft-Boiled|p1a: Chansey
|-heal|p1a: Chansey|79/100
|
|-weather|Sandstorm|[upkeep]
|-damage|p2a: Azelf|47/100|[from] Sandstorm
|-damage|p1a: Chansey|73/100|[from] Sandstorm
|upkeep
|turn|25
|
|t:|1634696958
|move|p2a: Azelf|U-turn|p1a: Chansey
|-damage|p1a: Chansey|60/100
|-message|nina rosario forfeited.
|
|win|IDRINKWHENIWANT
|raw|IDRINKWHENIWANT's rating: 1650 &rarr; <strong>1672</strong><br />(+22 for winning)
|raw|nina rosario's rating: 1693 &rarr; <strong>1671</strong><br />(-22 for losing)
|l|☆nina rosario
