|j|☆Alkar-Resolute
|j|☆alenpa
|t:|1605672715
|player|p1|Alkar-Resolute|youngster-gen2|1660
|player|p2|alenpa|gambler|1467
|teamsize|p1|6
|teamsize|p2|6
|gametype|singles
|gen|8
|tier|[Gen 8] UU
|rated|
|clearpoke
|poke|p1|Scizor, M|
|poke|p1|Incineroar, M|
|poke|p1|Keldeo-Resolute|
|poke|p1|Hippowdon, F|
|poke|p1|Marowak-Alola, M|
|poke|p1|Latias, F|
|poke|p2|Volcanion|
|poke|p2|Cobalion|
|poke|p2|Vikavolt, M|
|poke|p2|Tsareena, F|
|poke|p2|Kyurem|
|poke|p2|Mimikyu, M|
|rule|Sleep Clause Mod: Limit one foe put to sleep
|rule|Species Clause: Limit one of each Pokémon
|rule|OHKO Clause: OHKO moves are banned
|rule|Evasion Moves Clause: Evasion moves are banned
|rule|Endless Battle Clause: Forcing endless battles is banned
|rule|HP Percentage Mod: HP is shown in percentages
|rule|Dynamax Clause: You cannot dynamax
|teampreview
|j| EQ Enrique
|j| CrazysConstruction
|inactive|Battle timer is ON: inactive players will automatically lose when time's up. (requested by Alkar-Resolute)
|
|t:|1605672760
|start
|switch|p1a: Hippowdon|Hippowdon, F|100/100
|switch|p2a: Volcanion|Volcanion|100/100
|-weather|Sandstorm|[from] ability: Sand Stream|[of] p1a: Hippowdon
|turn|1
|j| ElectricityCat
|
|t:|1605672770
|switch|p1a: Latias|Latias, F|100/100
|move|p2a: Volcanion|Steam Eruption|p1a: Latias
|-resisted|p1a: Latias
|-damage|p1a: Latias|72/100
|-status|p1a: Latias|brn
|
|-weather|Sandstorm|[upkeep]
|-damage|p1a: Latias|66/100 brn|[from] Sandstorm
|-damage|p2a: Volcanion|94/100|[from] Sandstorm
|-heal|p2a: Volcanion|100/100|[from] item: Leftovers
|-damage|p1a: Latias|60/100 brn|[from] brn
|upkeep
|turn|2
|
|t:|1605672779
|switch|p2a: Cobalion|Cobalion|100/100
|move|p1a: Latias|Trick|p2a: Cobalion
|-activate|p1a: Latias|move: Trick|[of] p2a: Cobalion
|-item|p2a: Cobalion|Choice Scarf|[from] move: Trick
|-item|p1a: Latias|Rocky Helmet|[from] move: Trick
|
|-weather|Sandstorm|[upkeep]
|-damage|p1a: Latias|54/100 brn|[from] Sandstorm
|-damage|p1a: Latias|48/100 brn|[from] brn
|upkeep
|turn|3
|
|t:|1605672788
|switch|p2a: Volcanion|Volcanion|100/100
|move|p1a: Latias|Mystical Fire|p2a: Volcanion
|-resisted|p2a: Volcanion
|-damage|p2a: Volcanion|94/100
|-unboost|p2a: Volcanion|spa|1
|
|-weather|Sandstorm|[upkeep]
|-damage|p1a: Latias|42/100 brn|[from] Sandstorm
|-damage|p2a: Volcanion|88/100|[from] Sandstorm
|-heal|p2a: Volcanion|94/100|[from] item: Leftovers
|-damage|p1a: Latias|36/100 brn|[from] brn
|upkeep
|turn|4
|
|t:|1605672796
|switch|p1a: Keldeo|Keldeo-Resolute|100/100
|switch|p2a: Cobalion|Cobalion|100/100
|
|-weather|Sandstorm|[upkeep]
|-damage|p1a: Keldeo|94/100|[from] Sandstorm
|-heal|p1a: Keldeo|100/100|[from] item: Leftovers
|upkeep
|turn|5
|
|t:|1605672802
|move|p2a: Cobalion|Volt Switch|p1a: Keldeo
|-supereffective|p1a: Keldeo
|-damage|p1a: Keldeo|70/100
|
|t:|1605672806
|switch|p2a: Vikavolt|Vikavolt, M|100/100|[from]move: Volt Switch
|move|p1a: Keldeo|Calm Mind|p1a: Keldeo
|-boost|p1a: Keldeo|spa|1
|-boost|p1a: Keldeo|spd|1
|
|-weather|none
|-heal|p1a: Keldeo|76/100|[from] item: Leftovers
|upkeep
|turn|6
|
|t:|1605672815
|switch|p1a: Marowak|Marowak-Alola, M|100/100
|move|p2a: Vikavolt|Bug Buzz|p1a: Marowak
|-resisted|p1a: Marowak
|-damage|p1a: Marowak|70/100
|
|upkeep
|turn|7
|j| Quimera01
|
|t:|1605672836
|move|p1a: Marowak|Poltergeist|p2a: Vikavolt
|-activate|p2a: Vikavolt|move: Poltergeist|Choice Specs
|-damage|p2a: Vikavolt|8/100
|move|p2a: Vikavolt|Bug Buzz|p1a: Marowak
|-resisted|p1a: Marowak
|-damage|p1a: Marowak|39/100
|
|upkeep
|turn|8
|
|t:|1605672847
|move|p1a: Marowak|Flare Blitz|p2a: Vikavolt
|-supereffective|p2a: Vikavolt
|-damage|p2a: Vikavolt|0 fnt
|-damage|p1a: Marowak|36/100|[from] Recoil
|faint|p2a: Vikavolt
|
|upkeep
|
|t:|1605672860
|switch|p2a: Tsareena|Tsareena, F|100/100
|turn|9
|
|t:|1605672868
|switch|p1a: Hippowdon|Hippowdon, F|100/100
|-weather|Sandstorm|[from] ability: Sand Stream|[of] p1a: Hippowdon
|move|p2a: Tsareena|Knock Off|p1a: Hippowdon
|-damage|p1a: Hippowdon|83/100
|-damage|p2a: Tsareena|84/100|[from] item: Rocky Helmet|[of] p1a: Hippowdon
|-enditem|p1a: Hippowdon|Rocky Helmet|[from] move: Knock Off|[of] p2a: Tsareena
|
|-weather|Sandstorm|[upkeep]
|-damage|p2a: Tsareena|78/100|[from] Sandstorm
|upkeep
|turn|10
|
|t:|1605672873
|move|p2a: Tsareena|Knock Off|p1a: Hippowdon
|-damage|p1a: Hippowdon|69/100
|move|p1a: Hippowdon|Stealth Rock|p2a: Tsareena
|-sidestart|p2: alenpa|move: Stealth Rock
|
|-weather|Sandstorm|[upkeep]
|-damage|p2a: Tsareena|72/100|[from] Sandstorm
|upkeep
|turn|11
|
|t:|1605672877
|move|p2a: Tsareena|Rapid Spin|p1a: Hippowdon
|-damage|p1a: Hippowdon|59/100
|-boost|p2a: Tsareena|spe|1
|-sideend|p2: alenpa|Stealth Rock|[from] move: Rapid Spin|[of] p2a: Tsareena
|move|p1a: Hippowdon|Earthquake|p2a: Tsareena
|-resisted|p2a: Tsareena
|-damage|p2a: Tsareena|50/100
|
|-weather|Sandstorm|[upkeep]
|-damage|p2a: Tsareena|44/100|[from] Sandstorm
|upkeep
|turn|12
|j| GETTIN BIG ON EM
|
|t:|1605672880
|move|p2a: Tsareena|Power Whip|p1a: Hippowdon
|-supereffective|p1a: Hippowdon
|-damage|p1a: Hippowdon|0 fnt
|faint|p1a: Hippowdon
|
|-weather|Sandstorm|[upkeep]
|-damage|p2a: Tsareena|38/100|[from] Sandstorm
|upkeep
|
|t:|1605672889
|switch|p1a: Scizor|Scizor, M|100/100
|turn|13
|
|t:|1605672894
|move|p1a: Scizor|Bullet Punch||[still]
|cant|p2a: Tsareena|ability: Queenly Majesty|Bullet Punch|[of] p1a: Scizor
|move|p2a: Tsareena|Knock Off|p1a: Scizor
|-damage|p1a: Scizor|59/100
|-enditem|p1a: Scizor|Choice Band|[from] move: Knock Off|[of] p2a: Tsareena
|
|-weather|none
|upkeep
|turn|14
|
|t:|1605672901
|move|p2a: Tsareena|U-turn|p1a: Scizor
|-resisted|p1a: Scizor
|-damage|p1a: Scizor|43/100
|
|t:|1605672909
|switch|p2a: Cobalion|Cobalion|100/100|[from]move: U-turn
|move|p1a: Scizor|U-turn|p2a: Cobalion
|-resisted|p2a: Cobalion
|-damage|p2a: Cobalion|92/100
|
|t:|1605672915
|switch|p1a: Incineroar|Incineroar, M|100/100|[from]move: U-turn
|-ability|p1a: Incineroar|Intimidate|boost
|-unboost|p2a: Cobalion|atk|1
|
|upkeep
|turn|15
|
|t:|1605672919
|switch|p1a: Marowak|Marowak-Alola, M|36/100
|move|p2a: Cobalion|Stealth Rock|p1a: Marowak
|-sidestart|p1: Alkar-Resolute|move: Stealth Rock
|
|upkeep
|turn|16
|inactive|alenpa has 120 seconds left.
|
|t:|1605672953
|move|p2a: Cobalion|Stealth Rock||[still]
|-fail|p2a: Cobalion
|move|p1a: Marowak|Substitute|p1a: Marowak
|-start|p1a: Marowak|Substitute
|-damage|p1a: Marowak|11/100
|
|upkeep
|turn|17
|
|t:|1605672962
|move|p2a: Cobalion|Stealth Rock||[still]
|-fail|p2a: Cobalion
|move|p1a: Marowak|Earthquake|p2a: Cobalion
|-supereffective|p2a: Cobalion
|-damage|p2a: Cobalion|9/100
|
|upkeep
|turn|18
|
|t:|1605672965
|move|p2a: Cobalion|Stealth Rock||[still]
|-fail|p2a: Cobalion
|move|p1a: Marowak|Earthquake|p2a: Cobalion
|-supereffective|p2a: Cobalion
|-damage|p2a: Cobalion|0 fnt
|faint|p2a: Cobalion
|
|upkeep
|
|t:|1605672972
|switch|p2a: Tsareena|Tsareena, F|38/100
|turn|19
|
|t:|1605672979
|move|p2a: Tsareena|Knock Off|p1a: Marowak
|-supereffective|p1a: Marowak
|-end|p1a: Marowak|Substitute
|move|p1a: Marowak|Poltergeist|p2a: Tsareena|[miss]
|-miss|p1a: Marowak|p2a: Tsareena
|
|upkeep
|turn|20
|c|☆Alkar-Resolute|srsly
|
|t:|1605672990
|move|p2a: Tsareena|Knock Off|p1a: Marowak
|-supereffective|p1a: Marowak
|-crit|p1a: Marowak
|-damage|p1a: Marowak|0 fnt
|-enditem|p1a: Marowak|Thick Club|[from] move: Knock Off|[of] p2a: Tsareena
|faint|p1a: Marowak
|
|upkeep
|
|t:|1605672997
|switch|p1a: Keldeo|Keldeo-Resolute|76/100
|-damage|p1a: Keldeo|70/100|[from] Stealth Rock
|turn|21
|
|t:|1605673012
|switch|p2a: Mimikyu|Mimikyu, M|100/100
|move|p1a: Keldeo|Secret Sword|p2a: Mimikyu
|-immune|p2a: Mimikyu
|
|-heal|p1a: Keldeo|76/100|[from] item: Leftovers
|upkeep
|turn|22
|
|t:|1605673018
|move|p1a: Keldeo|Scald|p2a: Mimikyu
|-activate|p2a: Mimikyu|ability: Disguise
|-damage|p2a: Mimikyu|100/100
|detailschange|p2a: Mimikyu|Mimikyu-Busted, M
|-damage|p2a: Mimikyu|88/100|[from] pokemon: Mimikyu-Busted
|move|p2a: Mimikyu|Play Rough|p1a: Keldeo
|-supereffective|p1a: Keldeo
|-damage|p1a: Keldeo|0 fnt
|-damage|p2a: Mimikyu|78/100|[from] item: Life Orb
|faint|p1a: Keldeo
|
|upkeep
|
|t:|1605673031
|switch|p1a: Scizor|Scizor, M|43/100
|-damage|p1a: Scizor|31/100|[from] Stealth Rock
|turn|23
|
|t:|1605673037
|switch|p2a: Tsareena|Tsareena, F|38/100
|move|p1a: Scizor|U-turn|p2a: Tsareena
|-supereffective|p2a: Tsareena
|-damage|p2a: Tsareena|0 fnt
|faint|p2a: Tsareena
|
|t:|1605673044
|switch|p1a: Latias|Latias, F|36/100 brn|[from]move: U-turn
|-damage|p1a: Latias|24/100 brn|[from] Stealth Rock
|
|-damage|p1a: Latias|18/100 brn|[from] brn
|upkeep
|
|t:|1605673050
|switch|p2a: Mimikyu|Mimikyu-Busted, M|78/100
|turn|24
|
|t:|1605673060
|switch|p1a: Incineroar|Incineroar, M|100/100
|-ability|p1a: Incineroar|Intimidate|boost
|-unboost|p2a: Mimikyu|atk|1
|move|p2a: Mimikyu|Play Rough|p1a: Incineroar
|-damage|p1a: Incineroar|73/100
|-damage|p2a: Mimikyu|68/100|[from] item: Life Orb
|
|upkeep
|turn|25
|
|t:|1605673082
|switch|p2a: Kyurem|Kyurem|100/100
|-ability|p2a: Kyurem|Pressure
|move|p1a: Incineroar|Knock Off|p2a: Kyurem
|-damage|p2a: Kyurem|67/100
|-enditem|p2a: Kyurem|Leftovers|[from] move: Knock Off|[of] p1a: Incineroar
|
|upkeep
|turn|26
|
|t:|1605673090
|switch|p1a: Latias|Latias, F|18/100 brn
|-damage|p1a: Latias|6/100 brn|[from] Stealth Rock
|move|p2a: Kyurem|Substitute|p2a: Kyurem
|-start|p2a: Kyurem|Substitute
|-damage|p2a: Kyurem|42/100
|
|-damage|p1a: Latias|0 fnt|[from] brn
|faint|p1a: Latias
|upkeep
|
|t:|1605673100
|switch|p1a: Incineroar|Incineroar, M|73/100
|-ability|p1a: Incineroar|Intimidate|boost
|-immune|p2a: Kyurem
|turn|27
|
|t:|1605673106
|move|p2a: Kyurem|Earth Power|p1a: Incineroar
|-supereffective|p1a: Incineroar
|-damage|p1a: Incineroar|27/100
|move|p1a: Incineroar|Knock Off|p2a: Kyurem
|-activate|p2a: Kyurem|move: Substitute|[damage]
|
|upkeep
|turn|28
|l|☆Alkar-Resolute
|inactive|Alkar-Resolute disconnected and has a minute to reconnect!
|player|p1|
|c|☆alenpa|GG
|c| EQ Enrique|que hdp
|c|☆alenpa|GGGGGGGGGGG
|l| CrazysConstruction
|inactive|Alkar-Resolute has 30 seconds to reconnect!
|inactive|Alkar-Resolute has 20 seconds to reconnect!
|inactive|Alkar-Resolute has 15 seconds to reconnect!
|inactive|Alkar-Resolute has 10 seconds to reconnect!
|inactive|Alkar-Resolute has 5 seconds to reconnect!
|-message|Alkar-Resolute lost due to inactivity.
|
|win|alenpa
|raw|Alkar-Resolute's rating: 1639 &rarr; <strong>1610</strong><br />(-29 for losing)
|raw|alenpa's rating: 1467 &rarr; <strong>1496</strong><br />(+29 for winning)
