|j|☆DD Qyads
|j|☆Miss-Caratroc
|player|p1|DD Qyads|hilbert-dueldisk|1584
|player|p2|Miss-Caratroc|preschoolerf|1610
|teamsize|p1|6
|teamsize|p2|6
|gametype|singles
|gen|8
|tier|[Gen 8] UU
|rated|
|rule|Sleep Clause Mod: Limit one foe put to sleep
|rule|Species Clause: Limit one of each Pokémon
|rule|OHKO Clause: OHKO moves are banned
|rule|Evasion Moves Clause: Evasion moves are banned
|rule|Endless Battle Clause: Forcing endless battles is banned
|rule|HP Percentage Mod: HP is shown in percentages
|clearpoke
|poke|p1|Golisopod, F|
|poke|p1|Lanturn, F|
|poke|p1|Diggersby, F|
|poke|p1|Chandelure, M|
|poke|p1|Bronzong|
|poke|p1|Noivern, F|
|poke|p2|Pyukumuku, M|
|poke|p2|Sylveon, M|
|poke|p2|Avalugg, M|
|poke|p2|Bronzong|
|poke|p2|Vileplume, F|
|poke|p2|Haxorus, F|
|rule|Dynamax Clause: You cannot dynamax
|teampreview
|inactive|Battle timer is ON: inactive players will automatically lose when time's up. (requested by Miss-Caratroc)
|
|start
|switch|p1a: Chandelure|Chandelure, M|100/100
|switch|p2a: Bronzong|Bronzong|100/100
|turn|1
|
|switch|p2a: Pyukumuku|Pyukumuku, M|100/100
|move|p1a: Chandelure|Trick|p2a: Pyukumuku
|-activate|p1a: Chandelure|move: Trick|[of] p2a: Pyukumuku
|-item|p2a: Pyukumuku|Choice Scarf|[from] move: Trick
|-item|p1a: Chandelure|Leftovers|[from] move: Trick
|
|upkeep
|turn|2
|
|switch|p1a: Bronzong|Bronzong|100/100
|move|p2a: Pyukumuku|Mirror Coat||[still]
|-fail|p2a: Pyukumuku
|
|upkeep
|turn|3
|
|switch|p2a: Bronzong|Bronzong|100/100
|move|p1a: Bronzong|Stealth Rock|p2a: Bronzong
|-sidestart|p2: Miss-Caratroc|move: Stealth Rock
|
|upkeep
|turn|4
|
|switch|p1a: Chandelure|Chandelure, M|100/100
|move|p2a: Bronzong|Stealth Rock|p1a: Chandelure
|-sidestart|p1: DD Qyads|move: Stealth Rock
|
|upkeep
|turn|5
|
|switch|p2a: Sylveon|Sylveon, M|100/100
|-damage|p2a: Sylveon|88/100|[from] Stealth Rock
|move|p1a: Chandelure|Fire Blast|p2a: Sylveon
|-damage|p2a: Sylveon|53/100
|
|-heal|p2a: Sylveon|59/100|[from] item: Leftovers
|upkeep
|turn|6
|
|move|p1a: Chandelure|Shadow Ball|p2a: Sylveon
|-damage|p2a: Sylveon|36/100
|move|p2a: Sylveon|Wish|p2a: Sylveon
|
|-heal|p2a: Sylveon|42/100|[from] item: Leftovers
|upkeep
|turn|7
|
|switch|p1a: Bronzong|Bronzong|100/100
|-damage|p1a: Bronzong|94/100|[from] Stealth Rock
|move|p2a: Sylveon|Mystical Fire|p1a: Bronzong
|-supereffective|p1a: Bronzong
|-damage|p1a: Bronzong|62/100
|-unboost|p1a: Bronzong|spa|1
|
|-heal|p2a: Sylveon|92/100|[from] move: Wish|[wisher] Sylveon
|-heal|p2a: Sylveon|98/100|[from] item: Leftovers
|upkeep
|turn|8
|
|switch|p2a: Vileplume|Vileplume, F|100/100
|-damage|p2a: Vileplume|88/100|[from] Stealth Rock
|move|p1a: Bronzong|Gyro Ball|p2a: Vileplume
|-damage|p2a: Vileplume|75/100
|
|-heal|p2a: Vileplume|81/100|[from] item: Black Sludge
|upkeep
|turn|9
|
|move|p2a: Vileplume|Leech Seed|p1a: Bronzong
|-start|p1a: Bronzong|move: Leech Seed
|move|p1a: Bronzong|Psychic|p2a: Vileplume
|-supereffective|p2a: Vileplume
|-damage|p2a: Vileplume|45/100
|-unboost|p2a: Vileplume|spd|1
|
|-heal|p2a: Vileplume|51/100|[from] item: Black Sludge
|-damage|p1a: Bronzong|50/100|[from] Leech Seed|[of] p2a: Vileplume
|-heal|p2a: Vileplume|63/100|[silent]
|upkeep
|turn|10
|
|switch|p1a: Noivern|Noivern, F|100/100
|move|p2a: Vileplume|Strength Sap|p1a: Noivern
|-unboost|p1a: Noivern|atk|1
|-heal|p2a: Vileplume|99/100
|
|-heal|p2a: Vileplume|100/100|[from] item: Black Sludge
|upkeep
|turn|11
|
|switch|p2a: Pyukumuku|Pyukumuku, M|100/100
|-damage|p2a: Pyukumuku|88/100|[from] Stealth Rock
|move|p1a: Noivern|Defog|p2a: Pyukumuku
|-unboost|p2a: Pyukumuku|evasion|1
|-sideend|p2: Miss-Caratroc|Stealth Rock|[from] move: Defog|[of] p1a: Noivern
|-sideend|p1: DD Qyads|Stealth Rock|[from] move: Defog|[of] p1a: Noivern
|
|upkeep
|turn|12
|
|move|p1a: Noivern|Taunt|p2a: Pyukumuku
|-start|p2a: Pyukumuku|move: Taunt
|cant|p2a: Pyukumuku|move: Taunt|Toxic
|
|upkeep
|turn|13
|
|move|p1a: Noivern|Hurricane|p2a: Pyukumuku
|-damage|p2a: Pyukumuku|55/100
|move|p2a: Pyukumuku|Mirror Coat|p1a: Noivern
|-damage|p1a: Noivern|33/100
|
|upkeep
|turn|14
|
|switch|p1a: Lanturn|Lanturn, F|100/100
|switch|p2a: Sylveon|Sylveon, M|98/100
|
|-heal|p2a: Sylveon|100/100|[from] item: Leftovers
|upkeep
|turn|15
|
|move|p1a: Lanturn|Discharge|p2a: Sylveon
|-damage|p2a: Sylveon|85/100
|move|p2a: Sylveon|Wish|p2a: Sylveon
|
|-heal|p2a: Sylveon|91/100|[from] item: Leftovers
|upkeep
|turn|16
|
|switch|p2a: Pyukumuku|Pyukumuku, M|55/100
|move|p1a: Lanturn|Discharge|p2a: Pyukumuku
|-supereffective|p2a: Pyukumuku
|-damage|p2a: Pyukumuku|20/100
|-status|p2a: Pyukumuku|par
|
|-heal|p2a: Pyukumuku|82/100 par|[from] move: Wish|[wisher] Sylveon
|upkeep
|turn|17
|
|switch|p1a: Bronzong|Bronzong|50/100
|move|p2a: Pyukumuku|Toxic|p1a: Bronzong
|-immune|p1a: Bronzong
|
|upkeep
|turn|18
|
|switch|p2a: Bronzong|Bronzong|100/100
|move|p1a: Bronzong|Stealth Rock|p2a: Bronzong
|-sidestart|p2: Miss-Caratroc|move: Stealth Rock
|
|upkeep
|turn|19
|
|switch|p1a: Chandelure|Chandelure, M|100/100
|move|p2a: Bronzong|Stealth Rock|p1a: Chandelure
|-sidestart|p1: DD Qyads|move: Stealth Rock
|
|upkeep
|turn|20
|
|switch|p2a: Sylveon|Sylveon, M|91/100
|-damage|p2a: Sylveon|78/100|[from] Stealth Rock
|move|p1a: Chandelure|Shadow Ball|p2a: Sylveon
|-damage|p2a: Sylveon|55/100
|
|-heal|p2a: Sylveon|61/100|[from] item: Leftovers
|upkeep
|turn|21
|
|move|p1a: Chandelure|Shadow Ball|p2a: Sylveon
|-damage|p2a: Sylveon|37/100
|move|p2a: Sylveon|Wish|p2a: Sylveon
|
|-heal|p2a: Sylveon|43/100|[from] item: Leftovers
|upkeep
|turn|22
|
|move|p2a: Sylveon|Protect|p2a: Sylveon
|-singleturn|p2a: Sylveon|Protect
|move|p1a: Chandelure|Shadow Ball|p2a: Sylveon
|-activate|p2a: Sylveon|move: Protect
|
|-heal|p2a: Sylveon|93/100|[from] move: Wish|[wisher] Sylveon
|-heal|p2a: Sylveon|99/100|[from] item: Leftovers
|upkeep
|turn|23
|
|move|p1a: Chandelure|Shadow Ball|p2a: Sylveon
|-damage|p2a: Sylveon|75/100
|move|p2a: Sylveon|Wish|p2a: Sylveon
|
|-heal|p2a: Sylveon|81/100|[from] item: Leftovers
|upkeep
|turn|24
|
|switch|p2a: Haxorus|Haxorus, F|100/100
|-damage|p2a: Haxorus|88/100|[from] Stealth Rock
|-ability|p2a: Haxorus|Mold Breaker
|move|p1a: Chandelure|Shadow Ball|p2a: Haxorus
|-damage|p2a: Haxorus|13/100
|
|-heal|p2a: Haxorus|80/100|[from] move: Wish|[wisher] Sylveon
|upkeep
|turn|25
|
|move|p2a: Haxorus|Earthquake|p1a: Chandelure
|-supereffective|p1a: Chandelure
|-damage|p1a: Chandelure|0 fnt
|faint|p1a: Chandelure
|
|upkeep
|
|switch|p1a: Golisopod|Golisopod, F|100/100
|turn|26
|
|switch|p2a: Avalugg|Avalugg, M|100/100
|move|p1a: Golisopod|First Impression|p2a: Avalugg
|-damage|p2a: Avalugg|81/100
|
|upkeep
|turn|27
|
|move|p1a: Golisopod|Spikes|p2a: Avalugg
|-sidestart|p2: Miss-Caratroc|Spikes
|move|p2a: Avalugg|Rapid Spin|p1a: Golisopod
|-damage|p1a: Golisopod|90/100
|-sideend|p2: Miss-Caratroc|Spikes|[from] move: Rapid Spin|[of] p2a: Avalugg
|-sideend|p2: Miss-Caratroc|Stealth Rock|[from] move: Rapid Spin|[of] p2a: Avalugg
|-boost|p2a: Avalugg|spe|1
|
|upkeep
|turn|28
|
|move|p2a: Avalugg|Iron Defense|p2a: Avalugg
|-boost|p2a: Avalugg|def|2
|move|p1a: Golisopod|Spikes|p2a: Avalugg
|-sidestart|p2: Miss-Caratroc|Spikes
|
|upkeep
|turn|29
|
|move|p1a: Golisopod|Liquidation|p2a: Avalugg
|-damage|p2a: Avalugg|72/100
|move|p2a: Avalugg|Rapid Spin|p1a: Golisopod
|-damage|p1a: Golisopod|80/100
|-sideend|p2: Miss-Caratroc|Spikes|[from] move: Rapid Spin|[of] p2a: Avalugg
|-boost|p2a: Avalugg|spe|1
|
|upkeep
|turn|30
|
|switch|p1a: Noivern|Noivern, F|33/100
|move|p2a: Avalugg|Recover|p2a: Avalugg
|-heal|p2a: Avalugg|100/100
|
|upkeep
|turn|31
|
|switch|p2a: Sylveon|Sylveon, M|81/100
|move|p1a: Noivern|Flamethrower|p2a: Sylveon
|-damage|p2a: Sylveon|66/100
|
|-heal|p2a: Sylveon|73/100|[from] item: Leftovers
|upkeep
|turn|32
|
|switch|p1a: Diggersby|Diggersby, F|100/100
|-damage|p1a: Diggersby|94/100|[from] Stealth Rock
|move|p2a: Sylveon|Mystical Fire|p1a: Diggersby
|-damage|p1a: Diggersby|70/100
|-unboost|p1a: Diggersby|spa|1
|
|-heal|p2a: Sylveon|79/100|[from] item: Leftovers
|upkeep
|turn|33
|
|switch|p2a: Avalugg|Avalugg, M|100/100
|move|p1a: Diggersby|Body Slam|p2a: Avalugg
|-crit|p2a: Avalugg
|-damage|p2a: Avalugg|50/100
|
|upkeep
|turn|34
|
|switch|p1a: Noivern|Noivern, F|33/100
|move|p2a: Avalugg|Recover|p2a: Avalugg
|-heal|p2a: Avalugg|99/100
|
|upkeep
|turn|35
|
|switch|p2a: Sylveon|Sylveon, M|79/100
|move|p1a: Noivern|Hurricane|p2a: Sylveon|[miss]
|-miss|p1a: Noivern|p2a: Sylveon
|
|-heal|p2a: Sylveon|85/100|[from] item: Leftovers
|upkeep
|turn|36
|
|move|p1a: Noivern|Taunt|p2a: Sylveon
|-start|p2a: Sylveon|move: Taunt
|move|p2a: Sylveon|Moonblast|p1a: Noivern
|-supereffective|p1a: Noivern
|-damage|p1a: Noivern|0 fnt
|faint|p1a: Noivern
|
|-heal|p2a: Sylveon|91/100|[from] item: Leftovers
|upkeep
|
|switch|p1a: Diggersby|Diggersby, F|70/100
|-damage|p1a: Diggersby|64/100|[from] Stealth Rock
|turn|37
|
|switch|p2a: Avalugg|Avalugg, M|99/100
|move|p1a: Diggersby|Earthquake|p2a: Avalugg
|-damage|p2a: Avalugg|61/100
|
|upkeep
|turn|38
|
|switch|p1a: Lanturn|Lanturn, F|100/100
|-damage|p1a: Lanturn|88/100|[from] Stealth Rock
|move|p2a: Avalugg|Recover|p2a: Avalugg
|-heal|p2a: Avalugg|100/100
|
|upkeep
|turn|39
|
|switch|p2a: Sylveon|Sylveon, M|91/100
|move|p1a: Lanturn|Discharge|p2a: Sylveon
|-damage|p2a: Sylveon|77/100
|
|-heal|p2a: Sylveon|83/100|[from] item: Leftovers
|upkeep
|turn|40
|
|move|p2a: Sylveon|Protect|p2a: Sylveon
|-singleturn|p2a: Sylveon|Protect
|move|p1a: Lanturn|Discharge|p2a: Sylveon
|-activate|p2a: Sylveon|move: Protect
|
|-heal|p2a: Sylveon|89/100|[from] item: Leftovers
|upkeep
|turn|41
|
|switch|p2a: Vileplume|Vileplume, F|100/100
|move|p1a: Lanturn|Discharge|p2a: Vileplume
|-resisted|p2a: Vileplume
|-damage|p2a: Vileplume|84/100
|
|-heal|p2a: Vileplume|91/100|[from] item: Black Sludge
|upkeep
|turn|42
|
|move|p1a: Lanturn|Ice Beam|p2a: Vileplume
|-supereffective|p2a: Vileplume
|-damage|p2a: Vileplume|43/100
|move|p2a: Vileplume|Leech Seed|p1a: Lanturn
|-start|p1a: Lanturn|move: Leech Seed
|
|-heal|p2a: Vileplume|49/100|[from] item: Black Sludge
|-damage|p1a: Lanturn|76/100|[from] Leech Seed|[of] p2a: Vileplume
|-heal|p2a: Vileplume|63/100|[silent]
|upkeep
|turn|43
|
|move|p1a: Lanturn|Ice Beam|p2a: Vileplume
|-supereffective|p2a: Vileplume
|-damage|p2a: Vileplume|19/100
|move|p2a: Vileplume|Strength Sap|p1a: Lanturn
|-unboost|p1a: Lanturn|atk|1
|-heal|p2a: Vileplume|49/100
|
|-heal|p2a: Vileplume|56/100|[from] item: Black Sludge
|-damage|p1a: Lanturn|64/100|[from] Leech Seed|[of] p2a: Vileplume
|-heal|p2a: Vileplume|69/100|[silent]
|upkeep
|turn|44
|
|switch|p2a: Bronzong|Bronzong|100/100
|move|p1a: Lanturn|Ice Beam|p2a: Bronzong
|-resisted|p2a: Bronzong
|-damage|p2a: Bronzong|91/100
|
|-damage|p1a: Lanturn|51/100|[from] Leech Seed|[of] p2a: Bronzong
|-heal|p2a: Bronzong|100/100|[silent]
|upkeep
|turn|45
|
|move|p1a: Lanturn|Volt Switch|p2a: Bronzong
|-damage|p2a: Bronzong|79/100
|
|switch|p1a: Golisopod|Golisopod, F|80/100|[from]move: Volt Switch
|move|p2a: Bronzong|Future Sight|p1a: Golisopod
|-start|p2a: Bronzong|move: Future Sight
|
|upkeep
|turn|46
|
|switch|p2a: Avalugg|Avalugg, M|100/100
|move|p1a: Golisopod|First Impression|p2a: Avalugg
|-damage|p2a: Avalugg|80/100
|
|upkeep
|turn|47
|
|switch|p1a: Bronzong|Bronzong|50/100
|-damage|p1a: Bronzong|44/100|[from] Stealth Rock
|move|p2a: Avalugg|Recover|p2a: Avalugg
|-heal|p2a: Avalugg|100/100
|
|-end|p1a: Bronzong|move: Future Sight
|-resisted|p1a: Bronzong
|-damage|p1a: Bronzong|36/100
|upkeep
|turn|48
|inactive|DD Qyads has 120 seconds left.
|
|switch|p2a: Haxorus|Haxorus, F|80/100
|-ability|p2a: Haxorus|Mold Breaker
|move|p1a: Bronzong|Psychic|p2a: Haxorus
|-damage|p2a: Haxorus|41/100
|
|upkeep
|turn|49
|
|move|p2a: Haxorus|Earthquake|p1a: Bronzong
|-supereffective|p1a: Bronzong
|-damage|p1a: Bronzong|0 fnt
|faint|p1a: Bronzong
|
|upkeep
|
|switch|p1a: Diggersby|Diggersby, F|64/100
|-damage|p1a: Diggersby|57/100|[from] Stealth Rock
|turn|50
|
|switch|p2a: Avalugg|Avalugg, M|100/100
|move|p1a: Diggersby|Quick Attack|p2a: Avalugg
|-damage|p2a: Avalugg|83/100
|
|upkeep
|turn|51
|-message|DD Qyads forfeited.
|
|win|Miss-Caratroc
|l|☆DD Qyads
|raw|DD Qyads's rating: 1598 &rarr; <strong>1579</strong><br />(-19 for losing)
|raw|Miss-Caratroc's rating: 1611 &rarr; <strong>1630</strong><br />(+19 for winning)
