|raw|<div class="broadcast-blue"><strong>This battle is required to be public due to a player having a name starting with 'uult92q'.</div>
|j|☆CacturneRencarnado
|j|☆UULT92q Toto
|t:|1652376882
|gametype|singles
|player|p1|CacturneRencarnado|policeman-gen4|1351
|player|p2|UULT92q Toto|fantina|1538
|teamsize|p1|6
|teamsize|p2|6
|gen|8
|tier|[Gen 8] UU
|rated|
|rule|Sleep Clause Mod: Limit one foe put to sleep
|rule|Species Clause: Limit one of each Pokémon
|rule|OHKO Clause: OHKO moves are banned
|rule|Evasion Moves Clause: Evasion moves are banned
|rule|Endless Battle Clause: Forcing endless battles is banned
|rule|HP Percentage Mod: HP is shown in percentages
|rule|Dynamax Clause: You cannot dynamax
|clearpoke
|poke|p1|Rapidash, F|
|poke|p1|Carracosta, M|
|poke|p1|Dhelmise|
|poke|p1|Absol, M|
|poke|p1|Salamence, F|
|poke|p1|Vikavolt, M|
|poke|p2|Shuckle, F|
|poke|p2|Azelf|
|poke|p2|Azumarill, F|
|poke|p2|Diggersby, M|
|poke|p2|Thundurus-Therian, M|
|poke|p2|Celesteela|
|teampreview
|j| ulky
|inactive|Battle timer is ON: inactive players will automatically lose when time's up. (requested by CacturneRencarnado)
|
|t:|1652376904
|start
|switch|p1a: Carracosta|Carracosta, M|100/100
|switch|p2a: Shuckle|Shuckle, F|100/100
|turn|1
|
|t:|1652376911
|move|p1a: Carracosta|Stone Edge|p2a: Shuckle
|-supereffective|p2a: Shuckle
|-damage|p2a: Shuckle|36/100
|move|p2a: Shuckle|Encore|p1a: Carracosta
|-start|p1a: Carracosta|Encore
|
|upkeep
|turn|2
|
|t:|1652376922
|switch|p2a: Diggersby|Diggersby, M|100/100
|move|p1a: Carracosta|Stone Edge|p2a: Diggersby
|-resisted|p2a: Diggersby
|-damage|p2a: Diggersby|69/100
|
|upkeep
|turn|3
|
|t:|1652376928
|switch|p1a: Vikavolt|Vikavolt, M|100/100
|move|p2a: Diggersby|Swords Dance|p2a: Diggersby
|-boost|p2a: Diggersby|atk|2
|
|upkeep
|turn|4
|
|t:|1652376935
|move|p2a: Diggersby|Fire Punch|p1a: Vikavolt
|-supereffective|p1a: Vikavolt
|-enditem|p1a: Vikavolt|Focus Sash
|-damage|p1a: Vikavolt|1/100
|-damage|p2a: Diggersby|59/100|[from] item: Life Orb
|move|p1a: Vikavolt|Energy Ball|p2a: Diggersby
|-supereffective|p2a: Diggersby
|-crit|p2a: Diggersby
|-damage|p2a: Diggersby|0 fnt
|faint|p2a: Diggersby
|
|upkeep
|
|t:|1652376949
|switch|p2a: Celesteela|Celesteela|100/100
|turn|5
|
|t:|1652376954
|switch|p1a: Rapidash|Rapidash, F|100/100
|move|p2a: Celesteela|Air Slash|p1a: Rapidash
|-damage|p1a: Rapidash|39/100
|
|upkeep
|turn|6
|
|t:|1652376960
|switch|p2a: Azumarill|Azumarill, F|100/100
|move|p1a: Rapidash|Wild Charge|p2a: Azumarill
|-supereffective|p2a: Azumarill
|-damage|p2a: Azumarill|20/100
|-enditem|p2a: Azumarill|Sitrus Berry|[eat]
|-heal|p2a: Azumarill|45/100|[from] item: Sitrus Berry
|-damage|p1a: Rapidash|13/100|[from] Recoil
|-damage|p1a: Rapidash|3/100|[from] item: Life Orb
|
|upkeep
|turn|7
|
|t:|1652376971
|switch|p1a: Vikavolt|Vikavolt, M|1/100
|move|p2a: Azumarill|Aqua Jet|p1a: Vikavolt
|-damage|p1a: Vikavolt|0 fnt
|faint|p1a: Vikavolt
|
|upkeep
|
|t:|1652376984
|switch|p1a: Dhelmise|Dhelmise|100/100
|turn|8
|
|t:|1652376995
|move|p2a: Azumarill|Knock Off|p1a: Dhelmise
|-supereffective|p1a: Dhelmise
|-damage|p1a: Dhelmise|19/100
|-enditem|p1a: Dhelmise|Assault Vest|[from] move: Knock Off|[of] p2a: Azumarill
|move|p1a: Dhelmise|Poltergeist||[still]
|-fail|p1a: Dhelmise
|
|upkeep
|turn|9
|
|t:|1652377003
|move|p2a: Azumarill|Knock Off|p1a: Dhelmise
|-supereffective|p1a: Dhelmise
|-damage|p1a: Dhelmise|0 fnt
|faint|p1a: Dhelmise
|
|upkeep
|
|t:|1652377007
|switch|p1a: Salamence|Salamence, F|100/100
|turn|10
|
|t:|1652377014
|move|p1a: Salamence|Earthquake|p2a: Azumarill
|-damage|p2a: Azumarill|0 fnt
|faint|p2a: Azumarill
|-ability|p1a: Salamence|Moxie|boost
|-boost|p1a: Salamence|atk|1
|
|upkeep
|
|t:|1652377024
|switch|p2a: Celesteela|Celesteela|100/100
|turn|11
|inactive|CacturneRencarnado has 120 seconds left.
|
|t:|1652377060
|move|p1a: Salamence|Fire Fang|p2a: Celesteela
|-supereffective|p2a: Celesteela
|-damage|p2a: Celesteela|28/100
|move|p2a: Celesteela|Autotomize|p2a: Celesteela
|-boost|p2a: Celesteela|spe|2
|-start|p2a: Celesteela|Autotomize
|
|upkeep
|turn|12
|inactive|CacturneRencarnado has 120 seconds left.
|
|t:|1652377075
|move|p2a: Celesteela|Meteor Beam||[still]
|-prepare|p2a: Celesteela|Meteor Beam
|-boost|p2a: Celesteela|spa|1
|-enditem|p2a: Celesteela|Power Herb
|-anim|p2a: Celesteela|Meteor Beam|p1a: Salamence
|-supereffective|p1a: Salamence
|-damage|p1a: Salamence|0 fnt
|faint|p1a: Salamence
|-ability|p2a: Celesteela|Beast Boost|boost
|-boost|p2a: Celesteela|spa|1
|
|upkeep
|
|t:|1652377079
|switch|p1a: Absoluto|Absol, M|100/100
|turn|13
|
|t:|1652377085
|move|p1a: Absoluto|Sucker Punch|p2a: Celesteela
|-damage|p2a: Celesteela|0 fnt
|faint|p2a: Celesteela
|
|upkeep
|
|t:|1652377112
|switch|p2a: Thundurus|Thundurus-Therian, M|100/100
|turn|14
|inactive|CacturneRencarnado has 120 seconds left.
|
|t:|1652377142
|move|p2a: Thundurus|Focus Blast|p1a: Absoluto
|-supereffective|p1a: Absoluto
|-enditem|p1a: Absoluto|Focus Sash
|-damage|p1a: Absoluto|1/100
|move|p1a: Absoluto|Swords Dance|p1a: Absoluto
|-boost|p1a: Absoluto|atk|2
|
|upkeep
|turn|15
|inactive|UULT92q Toto has 120 seconds left.
|
|t:|1652377165
|switch|p2a: Shuckle|Shuckle, F|36/100
|move|p1a: Absoluto|Sucker Punch||[still]
|-fail|p1a: Absoluto
|
|upkeep
|turn|16
|inactive|UULT92q Toto has 120 seconds left.
|inactive|CacturneRencarnado has 120 seconds left.
|
|t:|1652377189
|move|p1a: Absoluto|Knock Off|p2a: Shuckle
|-damage|p2a: Shuckle|0 fnt
|-enditem|p2a: Shuckle|Mental Herb|[from] move: Knock Off|[of] p1a: Absoluto
|faint|p2a: Shuckle
|
|upkeep
|inactive|UULT92q Toto has 120 seconds left.
|
|t:|1652377218
|switch|p2a: Thundurus|Thundurus-Therian, M|100/100
|turn|17
|inactive|CacturneRencarnado has 120 seconds left.
|
|t:|1652377238
|move|p1a: Absoluto|Sucker Punch||[still]
|-fail|p1a: Absoluto
|move|p2a: Thundurus|Nasty Plot|p2a: Thundurus
|-boost|p2a: Thundurus|spa|2
|
|upkeep
|turn|18
|inactive|UULT92q Toto has 90 seconds left.
|
|t:|1652377271
|move|p1a: Absoluto|Sucker Punch||[still]
|-fail|p1a: Absoluto
|move|p2a: Thundurus|Nasty Plot|p2a: Thundurus
|-boost|p2a: Thundurus|spa|2
|
|upkeep
|turn|19
|inactive|CacturneRencarnado has 120 seconds left.
|inactive|UULT92q Toto has 90 seconds left.
|
|t:|1652377295
|move|p1a: Absoluto|Sucker Punch|p2a: Thundurus
|-damage|p2a: Thundurus|0 fnt
|faint|p2a: Thundurus
|
|upkeep
|-message|UULT92q Toto forfeited.
|
|win|CacturneRencarnado
|raw|CacturneRencarnado's rating: 1351 &rarr; <strong>1381</strong><br />(+30 for winning)
|raw|UULT92q Toto's rating: 1538 &rarr; <strong>1508</strong><br />(-30 for losing)
|l|☆UULT92q Toto
|l| ulky
||Ladder isn't responding, score probably updated but might not have (Request timeout).
