|html|<div class="broadcast-blue"><strong>[Gen 8] UU is currently suspecting Thundurus-T! For information on how to participate check out the <a href="https://www.smogon.com/forums/threads/np-ss-uu-stage-11-boom-clap.3696000/">suspect thread</a>.</strong></div>
|j|☆Micciu20250
|j|☆congelateur-sama
|t:|1642363205
|gametype|singles
|player|p1|Micciu20250|ninjaboy-gen3|
|player|p2|congelateur-sama|#fcpl4raichicheurs|
|teamsize|p1|6
|teamsize|p2|6
|gen|8
|tier|[Gen 8] UU
|rule|Sleep Clause Mod: Limit one foe put to sleep
|rule|Species Clause: Limit one of each Pokémon
|rule|OHKO Clause: OHKO moves are banned
|rule|Evasion Moves Clause: Evasion moves are banned
|rule|Endless Battle Clause: Forcing endless battles is banned
|rule|HP Percentage Mod: HP is shown in percentages
|rule|Dynamax Clause: You cannot dynamax
|clearpoke
|poke|p1|Crawdaunt, F|
|poke|p1|Chansey, F|
|poke|p1|Crobat, M|
|poke|p1|Krookodile, F|
|poke|p1|Skarmory, M|
|poke|p1|Celebi|
|poke|p2|Aegislash, F|
|poke|p2|Chansey, F|
|poke|p2|Quagsire, M|
|poke|p2|Umbreon, F|
|poke|p2|Weezing-Galar, M|
|poke|p2|Salamence, F|
|teampreview
|c|☆congelateur-sama|hf
|c|☆Micciu20250|hf
|c|☆Micciu20250|/log Micciu20250 made this room public.
|c|☆Micciu20250|Je link
|c|☆congelateur-sama|ok
|j| Inder
|j| Daruma
|j| mesprit lies ♪
|j| Stillau
|j| Sharow-san
|n| SanJl|mespritlies
|j| basaninho
|inactive|Battle timer is ON: inactive players will automatically lose when time's up. (requested by congelateur-sama)
|c| basaninho|Hype
|
|t:|1642363332
|start
|switch|p1a: Fut|Chansey, F|100/100
|switch|p2a: mr stinkin lincoln|Weezing-Galar, M|100/100
|-ability|p2a: mr stinkin lincoln|Neutralizing Gas
|turn|1
|
|t:|1642363339
|move|p2a: mr stinkin lincoln|Corrosive Gas|p1a: Fut
|-enditem|p1a: Fut|Eviolite|[from] move: Corrosive Gas|[of] p2a: mr stinkin lincoln
|move|p1a: Fut|Stealth Rock|p2a: mr stinkin lincoln
|-sidestart|p2: congelateur-sama|move: Stealth Rock
|
|upkeep
|turn|2
|
|t:|1642363346
|move|p2a: mr stinkin lincoln|Defog|p1a: Fut
|-unboost|p1a: Fut|evasion|1
|-sideend|p2: congelateur-sama|Stealth Rock|[from] move: Defog|[of] p2a: mr stinkin lincoln
|move|p1a: Fut|Stealth Rock|p2a: mr stinkin lincoln
|-sidestart|p2: congelateur-sama|move: Stealth Rock
|
|upkeep
|turn|3
|c| basaninho|Congélo jcrois que t'as été un peu trop prévisible sur ce coup là ...
|j| zS
|j| cielau origine ♫
|
|t:|1642363363
|move|p2a: mr stinkin lincoln|Defog|p1a: Fut
|-unboost|p1a: Fut|evasion|1
|-sideend|p2: congelateur-sama|Stealth Rock|[from] move: Defog|[of] p2a: mr stinkin lincoln
|move|p1a: Fut|Teleport|p1a: Fut
|
|t:|1642363366
|switch|p1a: Bisous|Celebi|100/100|[from]move: Teleport
|
|upkeep
|turn|4
|c|☆congelateur-sama|surement mdr
|inactive|congelateur-sama has 270 seconds left.
|j| Nailec
|inactive|Micciu20250 has 270 seconds left.
|c|☆congelateur-sama|matté moi ce gros teleport chansey + cb craw + taunt crobat + spikes
|c|☆congelateur-sama|la sauce
|c| SanJl|ptn mais la gueule
|j| Remi25
|j| Boulicrok
|inactive|congelateur-sama has 240 seconds left.
|inactive|Micciu20250 has 240 seconds left.
|
|t:|1642363454
|switch|p1a: Tournoi|Krookodile, F|100/100
|-end|p2a: mr stinkin lincoln|ability: Neutralizing Gas
|-ability|p1a: Tournoi|Intimidate|boost
|-unboost|p2a: mr stinkin lincoln|atk|1
|switch|p2a: slash and bash|Aegislash, F|100/100
|
|upkeep
|turn|5
|inactive|Micciu20250 has 210 seconds left.
|l| basaninho
|
|t:|1642363485
|switch|p1a: Fut|Chansey, F|100/100
|move|p2a: slash and bash|King's Shield||[still]
|-fail|p2a: slash and bash
|
|upkeep
|turn|6
|inactive|Micciu20250 has 210 seconds left.
|
|t:|1642363492
|switch|p1a: Un|Crobat, M|100/100
|-formechange|p2a: slash and bash|Aegislash-Blade||[from] ability: Stance Change
|move|p2a: slash and bash|Close Combat|p1a: Un
|-resisted|p1a: Un
|-damage|p1a: Un|90/100
|-unboost|p2a: slash and bash|def|1
|-unboost|p2a: slash and bash|spd|1
|
|upkeep
|turn|7
|j| S-Arcobaleno
|j| P.Otaku ☯
|inactive|Micciu20250 has 210 seconds left.
|inactive|Micciu20250 has 180 seconds left.
|j| RindaOkami
|j| Bouki
|inactive|Micciu20250 has 150 seconds left.
|
|t:|1642363572
|switch|p2a: mr stinkin lincoln|Weezing-Galar, M|100/100
|-ability|p2a: mr stinkin lincoln|Neutralizing Gas
|move|p1a: Un|U-turn|p2a: mr stinkin lincoln
|-resisted|p2a: mr stinkin lincoln
|-damage|p2a: mr stinkin lincoln|98/100
|-damage|p1a: Un|74/100|[from] item: Rocky Helmet|[of] p2a: mr stinkin lincoln
|
|t:|1642363576
|switch|p1a: Bisous|Celebi|100/100|[from]move: U-turn
|
|upkeep
|turn|8
|inactive|congelateur-sama has 240 seconds left.
|inactive|Micciu20250 has 150 seconds left.
|inactiveoff|Battle timer is now OFF.
|c|☆congelateur-sama|2 sec
|c|☆Micciu20250|Ok
|c|☆congelateur-sama|urgence
|c|☆Micciu20250|tkt
|c| Bouki|il doit faire caca
|c|☆Micciu20250|Ptdrrr
|c| P.Otaku ☯|lose micciu stp
|c| P.Otaku ☯|:paz:
|j| Skyrio
|j| Masskeauuu
|c| Daruma|il a bientôt fini de chier vous inquiétez pas
|c|☆Micciu20250|Ptdrrr
|l| RindaOkami
|c| Bouki|c'est decisif ?
|c|☆congelateur-sama|i'm here
|c| Sharow-san|oui
|c|☆Micciu20250|Pour la win de notre seul semaine
|c|☆Micciu20250|:paz:
|c|☆congelateur-sama|je relance le timer
|c|☆Micciu20250|Ok
|inactive|Battle timer is ON: inactive players will automatically lose when time's up. (requested by congelateur-sama)
|c|☆congelateur-sama|merci pour m'avoir attendu
|c|☆Micciu20250|De rien
|inactive|Micciu20250 has 120 seconds left.
|inactive|Micciu20250 has 90 seconds left.
|
|t:|1642363980
|switch|p1a: Fut|Chansey, F|100/100
|-end|p2a: mr stinkin lincoln|ability: Neutralizing Gas
|switch|p2a: slash and bash|Aegislash, F|100/100
|
|upkeep
|turn|9
|l| zS
|inactive|Micciu20250 has 90 seconds left.
|
|t:|1642364007
|switch|p1a: Un|Crobat, M|74/100
|-formechange|p2a: slash and bash|Aegislash-Blade||[from] ability: Stance Change
|move|p2a: slash and bash|Shadow Ball|p1a: Un
|-damage|p1a: Un|24/100
|
|upkeep
|turn|10
|
|t:|1642364015
|move|p1a: Un|Roost|p1a: Un
|-heal|p1a: Un|74/100
|-singleturn|p1a: Un|move: Roost
|move|p2a: slash and bash|Shadow Ball|p1a: Un
|-damage|p1a: Un|25/100
|
|upkeep
|turn|11
|
|t:|1642364021
|move|p1a: Un|Roost|p1a: Un
|-heal|p1a: Un|75/100
|-singleturn|p1a: Un|move: Roost
|move|p2a: slash and bash|Shadow Ball|p1a: Un
|-damage|p1a: Un|22/100
|
|upkeep
|turn|12
|inactive|Micciu20250 has 90 seconds left.
|
|t:|1642364028
|switch|p1a: Tournoi|Krookodile, F|100/100
|-ability|p1a: Tournoi|Intimidate|boost
|-unboost|p2a: slash and bash|atk|1
|move|p2a: slash and bash|Shadow Ball|p1a: Tournoi
|-resisted|p1a: Tournoi
|-damage|p1a: Tournoi|70/100
|-unboost|p1a: Tournoi|spd|1
|
|upkeep
|turn|13
|j| AzZoCcX
|
|t:|1642364035
|-formechange|p2a: slash and bash|Aegislash||[from] ability: Stance Change
|move|p2a: slash and bash|King's Shield|p2a: slash and bash
|-singleturn|p2a: slash and bash|Protect
|move|p1a: Tournoi|Earthquake|p2a: slash and bash
|-activate|p2a: slash and bash|move: Protect
|
|upkeep
|turn|14
|
|t:|1642364044
|switch|p1a: Un|Crobat, M|22/100
|switch|p2a: mr mencey wencey|Salamence, F|100/100
|-ability|p2a: mr mencey wencey|Intimidate|boost
|-unboost|p1a: Un|atk|1
|
|upkeep
|turn|15
|
|t:|1642364053
|move|p1a: Un|Roost|p1a: Un
|-heal|p1a: Un|72/100
|-singleturn|p1a: Un|move: Roost
|move|p2a: mr mencey wencey|Dual Wingbeat|p1a: Un
|-damage|p1a: Un|54/100
|-damage|p1a: Un|32/100
|-hitcount|p1a: Un|2
|
|upkeep
|turn|16
|j| zS
|
|t:|1642364064
|move|p1a: Un|Roost|p1a: Un
|-heal|p1a: Un|82/100
|-singleturn|p1a: Un|move: Roost
|move|p2a: mr mencey wencey|Dual Wingbeat|p1a: Un
|-damage|p1a: Un|62/100
|-damage|p1a: Un|43/100
|-hitcount|p1a: Un|2
|
|upkeep
|turn|17
|
|t:|1642364071
|move|p1a: Un|Roost|p1a: Un
|-heal|p1a: Un|93/100
|-singleturn|p1a: Un|move: Roost
|move|p2a: mr mencey wencey|Dual Wingbeat|p1a: Un
|-damage|p1a: Un|74/100
|-damage|p1a: Un|55/100
|-hitcount|p1a: Un|2
|
|upkeep
|turn|18
|
|t:|1642364075
|switch|p2a: mr stinkin lincoln|Weezing-Galar, M|98/100
|-ability|p2a: mr stinkin lincoln|Neutralizing Gas
|move|p1a: Un|U-turn|p2a: mr stinkin lincoln
|-resisted|p2a: mr stinkin lincoln
|-damage|p2a: mr stinkin lincoln|96/100
|-damage|p1a: Un|39/100|[from] item: Rocky Helmet|[of] p2a: mr stinkin lincoln
|
|t:|1642364081
|switch|p1a: Bisous|Celebi|100/100|[from]move: U-turn
|
|upkeep
|turn|19
|
|t:|1642364091
|switch|p1a: Ce|Crawdaunt, F|100/100
|move|p2a: mr stinkin lincoln|Strange Steam|p1a: Ce
|-supereffective|p1a: Ce
|-damage|p1a: Ce|0 fnt
|faint|p1a: Ce
|
|upkeep
|c| Sharow-san|boom
|c| Inder|Voilaaaaaa
|inactive|Micciu20250 has 120 seconds left.
|
|t:|1642364109
|switch|p1a: Cool|Skarmory, M|100/100
|turn|20
|
|t:|1642364117
|move|p1a: Cool|Spikes|p2a: mr stinkin lincoln
|-sidestart|p2: congelateur-sama|Spikes
|move|p2a: mr stinkin lincoln|Corrosive Gas|p1a: Cool
|-enditem|p1a: Cool|Rocky Helmet|[from] move: Corrosive Gas|[of] p2a: mr stinkin lincoln
|
|upkeep
|turn|21
|
|t:|1642364123
|switch|p1a: Tournoi|Krookodile, F|70/100
|move|p2a: mr stinkin lincoln|Defog|p1a: Tournoi
|-unboost|p1a: Tournoi|evasion|1
|-sideend|p2: congelateur-sama|Spikes|[from] move: Defog|[of] p2a: mr stinkin lincoln
|
|upkeep
|turn|22
|
|t:|1642364133
|switch|p1a: Fut|Chansey, F|100/100
|-end|p2a: mr stinkin lincoln|ability: Neutralizing Gas
|switch|p2a: mr mencey wencey|Salamence, F|100/100
|-ability|p2a: mr mencey wencey|Intimidate|boost
|-unboost|p1a: Fut|atk|1
|
|upkeep
|turn|23
|
|t:|1642364139
|switch|p2a: mr stinkin lincoln|Weezing-Galar, M|96/100
|-ability|p2a: mr stinkin lincoln|Neutralizing Gas
|move|p1a: Fut|Teleport|p1a: Fut
|
|t:|1642364142
|switch|p1a: Bisous|Celebi|100/100|[from]move: Teleport
|
|upkeep
|turn|24
|
|t:|1642364151
|switch|p1a: Un|Crobat, M|39/100
|-end|p2a: mr stinkin lincoln|ability: Neutralizing Gas
|switch|p2a: mr umby wumby|Umbreon, F|100/100
|
|upkeep
|turn|25
|
|t:|1642364156
|switch|p1a: Fut|Chansey, F|100/100
|switch|p2a: slash and bash|Aegislash, F|100/100
|
|upkeep
|turn|26
|inactive|Micciu20250 has 150 seconds left.
|
|t:|1642364189
|-formechange|p2a: slash and bash|Aegislash-Blade||[from] ability: Stance Change
|move|p2a: slash and bash|Close Combat|p1a: Fut
|-supereffective|p1a: Fut
|-damage|p1a: Fut|26/100
|-unboost|p2a: slash and bash|def|1
|-unboost|p2a: slash and bash|spd|1
|move|p1a: Fut|Soft-Boiled|p1a: Fut
|-heal|p1a: Fut|76/100
|
|upkeep
|turn|27
|inactive|Micciu20250 has 150 seconds left.
|
|t:|1642364198
|switch|p1a: Cool|Skarmory, M|100/100
|move|p2a: slash and bash|Shadow Ball|p1a: Cool
|-damage|p1a: Cool|32/100
|-unboost|p1a: Cool|spd|1
|
|upkeep
|turn|28
|inactive|Micciu20250 has 150 seconds left.
|l| AzZoCcX
|
|t:|1642364217
|switch|p1a: Tournoi|Krookodile, F|70/100
|-ability|p1a: Tournoi|Intimidate|boost
|-unboost|p2a: slash and bash|atk|1
|move|p2a: slash and bash|Shadow Ball|p1a: Tournoi
|-resisted|p1a: Tournoi
|-damage|p1a: Tournoi|35/100
|
|upkeep
|turn|29
|inactive|Micciu20250 has 150 seconds left.
|
|t:|1642364235
|switch|p1a: Bisous|Celebi|100/100
|-formechange|p2a: slash and bash|Aegislash||[from] ability: Stance Change
|move|p2a: slash and bash|King's Shield||[still]
|-fail|p2a: slash and bash
|
|upkeep
|turn|30
|
|t:|1642364242
|switch|p2a: mr umby wumby|Umbreon, F|100/100
|move|p1a: Bisous|Nasty Plot|p1a: Bisous
|-boost|p1a: Bisous|spa|2
|
|upkeep
|turn|31
|inactive|Micciu20250 has 150 seconds left.
|
|t:|1642364249
|move|p1a: Bisous|Leaf Storm|p2a: mr umby wumby
|-damage|p2a: mr umby wumby|21/100
|-unboost|p1a: Bisous|spa|2
|move|p2a: mr umby wumby|Foul Play|p1a: Bisous
|-supereffective|p1a: Bisous
|-damage|p1a: Bisous|46/100
|
|-heal|p2a: mr umby wumby|27/100|[from] item: Leftovers
|upkeep
|turn|32
|
|t:|1642364257
|switch|p2a: slash and bash|Aegislash, F|100/100
|move|p1a: Bisous|Recover|p1a: Bisous
|-heal|p1a: Bisous|96/100
|
|upkeep
|turn|33
|
|t:|1642364265
|switch|p1a: Fut|Chansey, F|76/100
|-formechange|p2a: slash and bash|Aegislash-Blade||[from] ability: Stance Change
|move|p2a: slash and bash|Shadow Ball|p1a: Fut
|-immune|p1a: Fut
|
|upkeep
|turn|34
|
|t:|1642364268
|switch|p1a: Un|Crobat, M|39/100
|move|p2a: slash and bash|Close Combat|p1a: Un
|-resisted|p1a: Un
|-damage|p1a: Un|28/100
|-unboost|p2a: slash and bash|def|1
|-unboost|p2a: slash and bash|spd|1
|
|upkeep
|turn|35
|
|t:|1642364288
|move|p1a: Un|Roost|p1a: Un
|-heal|p1a: Un|78/100
|-singleturn|p1a: Un|move: Roost
|move|p2a: slash and bash|Shadow Ball|p1a: Un
|-damage|p1a: Un|27/100
|
|upkeep
|turn|36
|l| zS
|
|t:|1642364299
|switch|p1a: Fut|Chansey, F|76/100
|move|p2a: slash and bash|Shadow Ball|p1a: Fut
|-immune|p1a: Fut
|
|upkeep
|turn|37
|inactive|Micciu20250 has 150 seconds left.
|l| P.Otaku ☯
|
|t:|1642364335
|switch|p1a: Bisous|Celebi|96/100
|move|p2a: slash and bash|Close Combat|p1a: Bisous
|-resisted|p1a: Bisous
|-damage|p1a: Bisous|78/100
|-unboost|p2a: slash and bash|def|1
|-unboost|p2a: slash and bash|spd|1
|
|upkeep
|turn|38
|j| Stecolomaxx
|inactive|Micciu20250 has 120 seconds left.
|l| Stecolomaxx
|inactive|Micciu20250 has 90 seconds left.
|
|t:|1642364401
|switch|p1a: Fut|Chansey, F|76/100
|switch|p2a: mr mencey wencey|Salamence, F|100/100
|-ability|p2a: mr mencey wencey|Intimidate|boost
|-unboost|p1a: Fut|atk|1
|
|upkeep
|turn|39
|inactive|Micciu20250 has 90 seconds left.
|inactive|Micciu20250 has 60 seconds left.
|
|t:|1642364457
|switch|p2a: mr stinkin lincoln|Weezing-Galar, M|96/100
|-ability|p2a: mr stinkin lincoln|Neutralizing Gas
|move|p1a: Fut|Stealth Rock|p2a: mr stinkin lincoln
|-sidestart|p2: congelateur-sama|move: Stealth Rock
|
|upkeep
|turn|40
|
|t:|1642364465
|move|p2a: mr stinkin lincoln|Defog|p1a: Fut
|-unboost|p1a: Fut|evasion|1
|-sideend|p2: congelateur-sama|Stealth Rock|[from] move: Defog|[of] p2a: mr stinkin lincoln
|move|p1a: Fut|Teleport|p1a: Fut
|
|t:|1642364468
|switch|p1a: Cool|Skarmory, M|32/100|[from]move: Teleport
|
|upkeep
|turn|41
|
|t:|1642364477
|-end|p2a: mr stinkin lincoln|ability: Neutralizing Gas
|switch|p2a: slash and bash|Aegislash, F|100/100
|move|p1a: Cool|Roost|p1a: Cool
|-heal|p1a: Cool|82/100
|-singleturn|p1a: Cool|move: Roost
|
|upkeep
|turn|42
|inactive|Micciu20250 has 60 seconds left.
|
|t:|1642364509
|switch|p1a: Fut|Chansey, F|76/100
|move|p2a: slash and bash|Toxic|p1a: Fut
|-status|p1a: Fut|tox
|
|-damage|p1a: Fut|70/100 tox|[from] psn
|upkeep
|turn|43
|inactive|Micciu20250 has 30 seconds left.
|
|t:|1642364531
|-curestatus|p1a: Fut|tox|[from] ability: Natural Cure
|switch|p1a: Cool|Skarmory, M|82/100
|-formechange|p2a: slash and bash|Aegislash-Blade||[from] ability: Stance Change
|move|p2a: slash and bash|Shadow Ball|p1a: Cool
|-damage|p1a: Cool|20/100
|-unboost|p1a: Cool|spd|1
|
|upkeep
|turn|44
|
|t:|1642364539
|switch|p1a: Un|Crobat, M|27/100
|move|p2a: slash and bash|Close Combat|p1a: Un
|-resisted|p1a: Un
|-damage|p1a: Un|17/100
|-unboost|p2a: slash and bash|def|1
|-unboost|p2a: slash and bash|spd|1
|
|upkeep
|turn|45
|
|t:|1642364548
|move|p1a: Un|Roost|p1a: Un
|-heal|p1a: Un|67/100
|-singleturn|p1a: Un|move: Roost
|move|p2a: slash and bash|Shadow Ball|p1a: Un
|-damage|p1a: Un|18/100
|
|upkeep
|turn|46
|
|t:|1642364555
|move|p1a: Un|Roost|p1a: Un
|-heal|p1a: Un|68/100
|-singleturn|p1a: Un|move: Roost
|move|p2a: slash and bash|Shadow Ball|p1a: Un
|-damage|p1a: Un|15/100
|-unboost|p1a: Un|spd|1
|
|upkeep
|turn|47
|
|t:|1642364571
|move|p1a: Un|U-turn|p2a: slash and bash
|-resisted|p2a: slash and bash
|-damage|p2a: slash and bash|89/100
|
|t:|1642364579
|switch|p1a: Bisous|Celebi|78/100|[from]move: U-turn
|move|p2a: slash and bash|Shadow Ball|p1a: Bisous
|-supereffective|p1a: Bisous
|-damage|p1a: Bisous|0 fnt
|faint|p1a: Bisous
|
|-heal|p2a: slash and bash|95/100|[from] item: Leftovers
|upkeep
|
|t:|1642364586
|switch|p1a: Tournoi|Krookodile, F|35/100
|-ability|p1a: Tournoi|Intimidate|boost
|-unboost|p2a: slash and bash|atk|1
|turn|48
|
|t:|1642364589
|-formechange|p2a: slash and bash|Aegislash||[from] ability: Stance Change
|move|p2a: slash and bash|King's Shield|p2a: slash and bash
|-singleturn|p2a: slash and bash|Protect
|move|p1a: Tournoi|Earthquake|p2a: slash and bash
|-activate|p2a: slash and bash|move: Protect
|
|-heal|p2a: slash and bash|100/100|[from] item: Leftovers
|upkeep
|turn|49
|c| Sharow-san|c bon la grosse menace a disparu
|
|t:|1642364596
|switch|p1a: Fut|Chansey, F|70/100
|switch|p2a: mr mencey wencey|Salamence, F|100/100
|-ability|p2a: mr mencey wencey|Intimidate|boost
|-unboost|p1a: Fut|atk|1
|
|upkeep
|turn|50
|
|t:|1642364601
|move|p2a: mr mencey wencey|Dual Wingbeat|p1a: Fut
|-damage|p1a: Fut|52/100
|-damage|p1a: Fut|33/100
|-hitcount|p1a: Fut|2
|move|p1a: Fut|Stealth Rock|p2a: mr mencey wencey
|-sidestart|p2: congelateur-sama|move: Stealth Rock
|
|upkeep
|turn|51
|
|t:|1642364605
|move|p2a: mr mencey wencey|Dual Wingbeat|p1a: Fut
|-damage|p1a: Fut|15/100
|-damage|p1a: Fut|0 fnt
|faint|p1a: Fut
|-hitcount|p1: Fut|2
|
|upkeep
|c|☆Micciu20250|gg
|c|☆congelateur-sama|gg
|
|t:|1642364614
|switch|p1a: Tournoi|Krookodile, F|35/100
|-ability|p1a: Tournoi|Intimidate|boost
|-unboost|p2a: mr mencey wencey|atk|1
|turn|52
|-message|Micciu20250 forfeited.
|
|win|congelateur-sama
|l| Sharow-san
|l| Stillau
