|j|☆Zephyyyr
|j|☆AR's Tour Alt
|t:|1628285981
|gametype|singles
|player|p1|Zephyyyr|richboy|
|player|p2|AR's Tour Alt|falkner|
|teamsize|p1|6
|teamsize|p2|6
|gen|8
|tier|[Gen 8] UU
|rated|Tournament battle
|rule|Sleep Clause Mod: Limit one foe put to sleep
|rule|Species Clause: Limit one of each Pokémon
|rule|OHKO Clause: OHKO moves are banned
|rule|Evasion Moves Clause: Evasion moves are banned
|rule|Endless Battle Clause: Forcing endless battles is banned
|rule|HP Percentage Mod: HP is shown in percentages
|rule|Dynamax Clause: You cannot dynamax
|clearpoke
|poke|p1|Azelf|
|poke|p1|Azumarill, F|
|poke|p1|Salamence, F|
|poke|p1|Moltres-Galar|
|poke|p1|Kommo-o, M|
|poke|p1|Polteageist|
|poke|p2|Zarude|
|poke|p2|Regieleki|
|poke|p2|Dracozolt|
|poke|p2|Mienshao, F|
|poke|p2|Victini|
|poke|p2|Diancie|
|teampreview
|j| DrewCareysFeet
|j| megadevolve
|c|☆AR's Tour Alt|oh no
|c|☆AR's Tour Alt|not the teapot
|
|t:|1628286002
|start
|switch|p1a: Azelf|Azelf, shiny|100/100
|switch|p2a: Cloud nine jumping|Regieleki|100/100
|turn|1
|
|t:|1628286011
|move|p2a: Cloud nine jumping|Volt Switch|p1a: Azelf
|-damage|p1a: Azelf|3/100
|j| AzZoCcX
|
|t:|1628286015
|switch|p2a: Rule the world|Diancie|100/100|[from]move: Volt Switch
|move|p1a: Azelf|Stealth Rock|p2a: Rule the world
|-sidestart|p2: AR's Tour Alt|move: Stealth Rock
|
|upkeep
|turn|2
|
|t:|1628286018
|move|p1a: Azelf|Taunt|p2a: Rule the world
|-start|p2a: Rule the world|move: Taunt
|move|p2a: Rule the world|Moonblast|p1a: Azelf
|-damage|p1a: Azelf|0 fnt
|faint|p1a: Azelf
|
|upkeep
|
|t:|1628286027
|switch|p1a: Azumarill|Azumarill, F|100/100
|turn|3
|
|t:|1628286045
|move|p1a: Azumarill|Belly Drum|p1a: Azumarill
|-damage|p1a: Azumarill|50/100
|-setboost|p1a: Azumarill|atk|6|[from] move: Belly Drum
|-enditem|p1a: Azumarill|Sitrus Berry|[eat]
|-heal|p1a: Azumarill|75/100|[from] item: Sitrus Berry
|move|p2a: Rule the world|Diamond Storm|p1a: Azumarill
|-damage|p1a: Azumarill|31/100
|
|upkeep
|turn|4
|j|%laevin
|
|t:|1628286055
|switch|p2a: Sky high punching|Zarude|100/100
|move|p1a: Azumarill|Play Rough|p2a: Sky high punching
|-supereffective|p2a: Sky high punching
|-damage|p2a: Sky high punching|0 fnt
|faint|p2a: Sky high punching
|
|upkeep
|
|t:|1628286060
|switch|p2a: Engines running|Dracozolt|100/100
|-damage|p2a: Engines running|88/100|[from] Stealth Rock
|turn|5
|
|t:|1628286065
|move|p1a: Azumarill|Aqua Jet|p2a: Engines running
|-resisted|p2a: Engines running
|-damage|p2a: Engines running|26/100
|move|p2a: Engines running|Bolt Beak|p1a: Azumarill
|-supereffective|p1a: Azumarill
|-damage|p1a: Azumarill|0 fnt
|faint|p1a: Azumarill
|
|upkeep
|
|t:|1628286072
|switch|p1a: Polteageist|Polteageist|100/100
|turn|6
|
|t:|1628286076
|move|p2a: Engines running|Bolt Beak|p1a: Polteageist
|-enditem|p1a: Polteageist|Focus Sash
|-damage|p1a: Polteageist|1/100
|-ability|p1a: Polteageist|Weak Armor|boost
|-unboost|p1a: Polteageist|def|1
|-boost|p1a: Polteageist|spe|2
|move|p1a: Polteageist|Shell Smash|p1a: Polteageist
|-unboost|p1a: Polteageist|def|1
|-unboost|p1a: Polteageist|spd|1
|-boost|p1a: Polteageist|atk|2
|-boost|p1a: Polteageist|spa|2
|-boost|p1a: Polteageist|spe|2
|
|upkeep
|turn|7
|
|t:|1628286087
|move|p1a: Polteageist|Shadow Ball|p2a: Engines running
|-damage|p2a: Engines running|0 fnt
|faint|p2a: Engines running
|
|upkeep
|j| Fathiryxi
|j| Crying Seaman
|
|t:|1628286093
|switch|p2a: Rule the world|Diancie|100/100
|-damage|p2a: Rule the world|88/100|[from] Stealth Rock
|turn|8
|
|t:|1628286112
|move|p1a: Polteageist|Stored Power|p2a: Rule the world
|-damage|p2a: Rule the world|7/100
|move|p2a: Rule the world|Moonblast|p1a: Polteageist
|-damage|p1a: Polteageist|0 fnt
|faint|p1a: Polteageist
|
|-heal|p2a: Rule the world|13/100|[from] item: Leftovers
|upkeep
|
|t:|1628286117
|switch|p1a: Salamence|Salamence, F|100/100
|turn|9
|
|t:|1628286120
|move|p1a: Salamence|Earthquake|p2a: Rule the world
|-supereffective|p2a: Rule the world
|-damage|p2a: Rule the world|0 fnt
|faint|p2a: Rule the world
|-ability|p1a: Salamence|Moxie|boost
|-boost|p1a: Salamence|atk|1
|
|upkeep
|
|t:|1628286123
|switch|p2a: Treasure hunting|Mienshao, F|100/100
|-damage|p2a: Treasure hunting|95/100|[from] Stealth Rock
|turn|10
|
|t:|1628286130
|move|p2a: Treasure hunting|Stone Edge|p1a: Salamence
|-supereffective|p1a: Salamence
|-damage|p1a: Salamence|0 fnt
|faint|p1a: Salamence
|-damage|p2a: Treasure hunting|85/100|[from] item: Life Orb
|
|upkeep
|
|t:|1628286136
|switch|p1a: Kommo-o|Kommo-o, M|100/100
|turn|11
|
|t:|1628286149
|move|p2a: Treasure hunting|Close Combat|p1a: Kommo-o
|-damage|p1a: Kommo-o|24/100
|-unboost|p2a: Treasure hunting|def|1
|-unboost|p2a: Treasure hunting|spd|1
|-damage|p2a: Treasure hunting|75/100|[from] item: Life Orb
|move|p1a: Kommo-o|Clanging Scales|p2a: Treasure hunting
|-damage|p2a: Treasure hunting|0 fnt
|faint|p2a: Treasure hunting
|-unboost|p1a: Kommo-o|def|1
|-enditem|p1a: Kommo-o|Throat Spray
|-boost|p1a: Kommo-o|spa|1|[from] item: Throat Spray
|
|upkeep
|
|t:|1628286160
|switch|p2a: Cloud nine jumping|Regieleki|100/100
|-damage|p2a: Cloud nine jumping|88/100|[from] Stealth Rock
|turn|12
|
|t:|1628286162
|move|p2a: Cloud nine jumping|Thunderbolt|p1a: Kommo-o
|-resisted|p1a: Kommo-o
|-damage|p1a: Kommo-o|0 fnt
|faint|p1a: Kommo-o
|
|upkeep
|
|t:|1628286164
|switch|p1a: Moltres|Moltres-Galar|100/100
|turn|13
|j| MegaTotomon
|
|t:|1628286168
|move|p2a: Cloud nine jumping|Thunderbolt|p1a: Moltres
|-supereffective|p1a: Moltres
|-damage|p1a: Moltres|0 fnt
|faint|p1a: Moltres
|
|win|AR's Tour Alt
|n|☆Zephyyyr|zephyyyr
|n|☆AR's Tour Alt|arstouralt
|n| DrewCareysFeet|drewcareysfeet
|n| megadevolve|megadevolve
|n| AzZoCcX|azzoccx
|n| laevin|laevin
|n| Fathiryxi|fathiryxi
|n| Crying Seaman|cryingseaman
|n| MegaTotomon|megatotomon
