|html|<div class="broadcast-blue"><strong>[Gen 8] UU is currently suspecting Scizor! For information on how to participate check out the <a href="https://www.smogon.com/forums/threads/ss-uu-stage-12-2-spider-dance.3704866/">suspect thread</a>.</strong></div>
|j|☆kokoabean99
|j|☆Corporate Donkey
|t:|1658630923
|gametype|singles
|player|p1|kokoabean99|169|1312
|player|p2|Corporate Donkey|ingo|1328
|teamsize|p1|6
|teamsize|p2|6
|gen|8
|tier|[Gen 8] UU
|rated|
|rule|Sleep Clause Mod: Limit one foe put to sleep
|rule|Species Clause: Limit one of each Pokémon
|rule|OHKO Clause: OHKO moves are banned
|rule|Evasion Moves Clause: Evasion moves are banned
|rule|Endless Battle Clause: Forcing endless battles is banned
|rule|HP Percentage Mod: HP is shown in percentages
|rule|Dynamax Clause: You cannot dynamax
|clearpoke
|poke|p1|Conkeldurr, F|
|poke|p1|Hippowdon, M|
|poke|p1|Excadrill, M|
|poke|p1|Celebi|
|poke|p1|Primarina, F|
|poke|p1|Thundurus-Therian, M|
|poke|p2|Krookodile, M|
|poke|p2|Salamence, M|
|poke|p2|Azelf|
|poke|p2|Scizor, M|
|poke|p2|Primarina, F|
|poke|p2|Tangrowth, M|
|teampreview
|c|☆Corporate Donkey|gl hf
|c|☆kokoabean99|u2
|c|☆Corporate Donkey|thanks
|
|t:|1658630963
|start
|switch|p1a: Excadrill|Excadrill, M|100/100
|switch|p2a: Azelf|Azelf|100/100
|turn|1
|
|t:|1658630968
|move|p2a: Azelf|U-turn|p1a: Excadrill
|-resisted|p1a: Excadrill
|-damage|p1a: Excadrill|88/100
|
|t:|1658630971
|switch|p2a: Shady|Krookodile, M|100/100|[from]move: U-turn
|-ability|p2a: Shady|Intimidate|boost
|-unboost|p1a: Excadrill|atk|1
|move|p1a: Excadrill|Rapid Spin|p2a: Shady
|-damage|p2a: Shady|84/100
|-boost|p1a: Excadrill|spe|1
|-damage|p1a: Excadrill|78/100|[from] item: Life Orb
|
|-heal|p2a: Shady|90/100|[from] item: Leftovers
|upkeep
|turn|2
|
|t:|1658630980
|switch|p1a: Primarina|Primarina, F|100/100
|move|p2a: Shady|Earthquake|p1a: Primarina
|-damage|p1a: Primarina|50/100
|
|-heal|p2a: Shady|96/100|[from] item: Leftovers
|upkeep
|turn|3
|
|t:|1658630988
|switch|p2a: Boyardee|Tangrowth, M|100/100
|move|p1a: Primarina|Hyper Voice|p2a: Boyardee
|-resisted|p2a: Boyardee
|-damage|p2a: Boyardee|85/100
|
|upkeep
|turn|4
|
|t:|1658631001
|switch|p1a: Thundurus|Thundurus-Therian, M|100/100
|move|p2a: Boyardee|Knock Off|p1a: Thundurus
|-damage|p1a: Thundurus|69/100
|-enditem|p1a: Thundurus|Life Orb|[from] move: Knock Off|[of] p2a: Boyardee
|
|upkeep
|turn|5
|
|t:|1658631008
|move|p1a: Thundurus|Thunderbolt|p2a: Boyardee
|-resisted|p2a: Boyardee
|-damage|p2a: Boyardee|69/100
|move|p2a: Boyardee|Sludge Bomb|p1a: Thundurus
|-damage|p1a: Thundurus|37/100
|
|upkeep
|turn|6
|
|t:|1658631013
|move|p1a: Thundurus|Sludge Wave|p2a: Boyardee
|-supereffective|p2a: Boyardee
|-damage|p2a: Boyardee|28/100
|move|p2a: Boyardee|Sludge Bomb|p1a: Thundurus
|-damage|p1a: Thundurus|8/100
|-status|p1a: Thundurus|psn
|
|-damage|p1a: Thundurus|0 fnt|[from] psn
|faint|p1a: Thundurus
|upkeep
|
|t:|1658631027
|switch|p1a: Primarina|Primarina, F|50/100
|turn|7
|
|t:|1658631031
|switch|p2a: Slash|Scizor, M|100/100
|move|p1a: Primarina|Moonblast|p2a: Slash
|-resisted|p2a: Slash
|-damage|p2a: Slash|68/100
|-unboost|p2a: Slash|spa|1
|
|upkeep
|turn|8
|
|t:|1658631038
|move|p2a: Slash|Swords Dance|p2a: Slash
|-boost|p2a: Slash|atk|2
|move|p1a: Primarina|Hyper Voice|p2a: Slash
|-damage|p2a: Slash|5/100
|
|upkeep
|turn|9
|
|t:|1658631049
|move|p2a: Slash|Bullet Punch|p1a: Primarina
|-damage|p1a: Primarina|0 fnt
|faint|p1a: Primarina
|
|upkeep
|
|t:|1658631054
|switch|p1a: Conkeldurr|Conkeldurr, F|100/100
|turn|10
|
|t:|1658631057
|switch|p2a: Rodrigo|Salamence, M|100/100
|-ability|p2a: Rodrigo|Intimidate|boost
|-unboost|p1a: Conkeldurr|atk|1
|move|p1a: Conkeldurr|Mach Punch|p2a: Rodrigo
|-resisted|p2a: Rodrigo
|-damage|p2a: Rodrigo|93/100
|
|-status|p1a: Conkeldurr|brn|[from] item: Flame Orb
|upkeep
|turn|11
|
|t:|1658631060
|move|p2a: Rodrigo|Hurricane|p1a: Conkeldurr
|-supereffective|p1a: Conkeldurr
|-damage|p1a: Conkeldurr|1/100 brn
|move|p1a: Conkeldurr|Knock Off|p2a: Rodrigo
|-damage|p2a: Rodrigo|55/100
|-enditem|p2a: Rodrigo|Heavy-Duty Boots|[from] move: Knock Off|[of] p1a: Conkeldurr
|
|-damage|p1a: Conkeldurr|0 fnt|[from] brn
|faint|p1a: Conkeldurr
|upkeep
|
|t:|1658631067
|switch|p1a: Hippowdon|Hippowdon, M|100/100
|-weather|Sandstorm|[from] ability: Sand Stream|[of] p1a: Hippowdon
|turn|12
|
|t:|1658631072
|switch|p2a: Sirena|Primarina, F|100/100
|switch|p1a: Excadrill|Excadrill, M|78/100
|
|-weather|Sandstorm|[upkeep]
|-damage|p2a: Sirena|94/100|[from] Sandstorm
|-heal|p2a: Sirena|100/100|[from] item: Leftovers
|upkeep
|turn|13
|
|t:|1658631076
|move|p1a: Excadrill|Earthquake|p2a: Sirena
|-damage|p2a: Sirena|20/100
|-damage|p1a: Excadrill|68/100|[from] item: Life Orb
|move|p2a: Sirena|Scald|p1a: Excadrill
|-supereffective|p1a: Excadrill
|-damage|p1a: Excadrill|0 fnt
|faint|p1a: Excadrill
|
|-weather|Sandstorm|[upkeep]
|-damage|p2a: Sirena|14/100|[from] Sandstorm
|-heal|p2a: Sirena|20/100|[from] item: Leftovers
|upkeep
|
|t:|1658631079
|switch|p1a: Celebi|Celebi|100/100
|turn|14
|
|t:|1658631083
|move|p1a: Celebi|Psychic|p2a: Sirena
|-damage|p2a: Sirena|0 fnt
|faint|p2a: Sirena
|
|-weather|Sandstorm|[upkeep]
|-damage|p1a: Celebi|94/100|[from] Sandstorm
|-heal|p1a: Celebi|100/100|[from] item: Leftovers
|upkeep
|
|t:|1658631085
|switch|p2a: Azelf|Azelf|100/100
|turn|15
|
|t:|1658631092
|move|p2a: Azelf|U-turn|p1a: Celebi
|-supereffective|p1a: Celebi
|-damage|p1a: Celebi|30/100
|
|t:|1658631096
|switch|p2a: Slash|Scizor, M|5/100|[from]move: U-turn
|move|p1a: Celebi|Thunder Wave|p2a: Slash
|-status|p2a: Slash|par
|
|-weather|Sandstorm|[upkeep]
|-damage|p1a: Celebi|24/100|[from] Sandstorm
|-heal|p1a: Celebi|30/100|[from] item: Leftovers
|upkeep
|turn|16
|
|t:|1658631102
|cant|p2a: Slash|par
|move|p1a: Celebi|Giga Drain|p2a: Slash
|-resisted|p2a: Slash
|-damage|p2a: Slash|0 fnt
|-heal|p1a: Celebi|32/100|[from] drain|[of] p2a: Slash
|faint|p2a: Slash
|
|-weather|none
|-heal|p1a: Celebi|39/100|[from] item: Leftovers
|upkeep
|
|t:|1658631106
|switch|p2a: Azelf|Azelf|100/100
|turn|17
|
|t:|1658631108
|switch|p1a: Hippowdon|Hippowdon, M|100/100
|-weather|Sandstorm|[from] ability: Sand Stream|[of] p1a: Hippowdon
|move|p2a: Azelf|Flamethrower|p1a: Hippowdon
|-damage|p1a: Hippowdon|66/100
|
|-weather|Sandstorm|[upkeep]
|-damage|p2a: Azelf|94/100|[from] Sandstorm
|-heal|p1a: Hippowdon|72/100|[from] item: Leftovers
|upkeep
|turn|18
|
|t:|1658631115
|switch|p1a: Celebi|Celebi|39/100
|move|p2a: Azelf|Energy Ball|p1a: Celebi
|-resisted|p1a: Celebi
|-damage|p1a: Celebi|29/100
|
|-weather|Sandstorm|[upkeep]
|-damage|p2a: Azelf|88/100|[from] Sandstorm
|-damage|p1a: Celebi|23/100|[from] Sandstorm
|-heal|p1a: Celebi|29/100|[from] item: Leftovers
|upkeep
|turn|19
|
|t:|1658631121
|move|p2a: Azelf|U-turn|p1a: Celebi
|-supereffective|p1a: Celebi
|-damage|p1a: Celebi|0 fnt
|faint|p1a: Celebi
|
|t:|1658631124
|switch|p2a: Boyardee|Tangrowth, M|61/100|[from]move: U-turn
|
|-weather|Sandstorm|[upkeep]
|-damage|p2a: Boyardee|55/100|[from] Sandstorm
|upkeep
|
|t:|1658631130
|switch|p1a: Hippowdon|Hippowdon, M|72/100
|turn|20
|j| ajisawesome222
|
|t:|1658631132
|move|p1a: Hippowdon|Earthquake|p2a: Boyardee
|-resisted|p2a: Boyardee
|-damage|p2a: Boyardee|42/100
|move|p2a: Boyardee|Power Whip|p1a: Hippowdon
|-supereffective|p1a: Hippowdon
|-damage|p1a: Hippowdon|32/100
|
|-weather|Sandstorm|[upkeep]
|-damage|p2a: Boyardee|35/100|[from] Sandstorm
|-heal|p1a: Hippowdon|38/100|[from] item: Leftovers
|upkeep
|turn|21
|
|t:|1658631138
|move|p1a: Hippowdon|Earthquake|p2a: Boyardee
|-resisted|p2a: Boyardee
|-damage|p2a: Boyardee|23/100
|move|p2a: Boyardee|Power Whip|p1a: Hippowdon
|-supereffective|p1a: Hippowdon
|-damage|p1a: Hippowdon|0 fnt
|faint|p1a: Hippowdon
|
|win|Corporate Donkey
|raw|kokoabean99's rating: 1312 &rarr; <strong>1293</strong><br />(-19 for losing)
|raw|Corporate Donkey's rating: 1328 &rarr; <strong>1347</strong><br />(+19 for winning)
|c|☆Corporate Donkey|gg
|c|☆kokoabean99|gg
|l|☆kokoabean99
|l|☆Corporate Donkey
||Ladder isn't responding, score probably updated but might not have (Request timeout).
