|j|☆Bamarah
|j|☆Super2evil
|player|p1|Bamarah|eusine-gen2|1241
|player|p2|Super2evil|red|1202
|teamsize|p1|6
|teamsize|p2|6
|gametype|singles
|gen|8
|tier|[Gen 8] UU
|rated|
|clearpoke
|poke|p1|Noivern, M|
|poke|p1|Gengar, M|
|poke|p1|Keldeo-Resolute|
|poke|p1|Darmanitan, M|
|poke|p1|Skarmory, M|
|poke|p1|Blissey, F|
|poke|p2|Blissey, F|
|poke|p2|Morpeko, F|
|poke|p2|Skarmory, F|
|poke|p2|Incineroar, M|
|poke|p2|Druddigon, F|
|poke|p2|Necrozma|
|rule|Sleep Clause Mod: Limit one foe put to sleep
|rule|Species Clause: Limit one of each Pokémon
|rule|OHKO Clause: OHKO moves are banned
|rule|Evasion Moves Clause: Evasion moves are banned
|rule|Endless Battle Clause: Forcing endless battles is banned
|rule|HP Percentage Mod: HP is shown in percentages
|rule|Dynamax Clause: You cannot dynamax
|teampreview
|inactive|Battle timer is ON: inactive players will automatically lose when time's up. (requested by Bamarah)
|
|start
|switch|p1a: Darmanitan|Darmanitan, M, shiny|100/100
|switch|p2a: Necrozma|Necrozma|100/100
|turn|1
|
|move|p1a: Darmanitan|U-turn|p2a: Necrozma
|-supereffective|p2a: Necrozma
|-damage|p2a: Necrozma|70/100
|-enditem|p2a: Necrozma|Weakness Policy
|-boost|p2a: Necrozma|atk|2|[from] item: Weakness Policy
|-boost|p2a: Necrozma|spa|2|[from] item: Weakness Policy
|
|switch|p1a: Blissey|Blissey, F, shiny|100/100|[from]move: U-turn
|move|p2a: Necrozma|Earthquake|p1a: Blissey
|-damage|p1a: Blissey|0 fnt
|faint|p1a: Blissey
|
|upkeep
|
|switch|p1a: Gengar|Gengar, M, shiny|100/100
|turn|2
|
|move|p1a: Gengar|Shadow Ball|p2a: Necrozma
|-supereffective|p2a: Necrozma
|-damage|p2a: Necrozma|0 fnt
|-damage|p1a: Gengar|91/100|[from] item: Life Orb
|faint|p2a: Necrozma
|
|upkeep
|
|switch|p2a: Blissey|Blissey, F|100/100
|turn|3
|
|switch|p1a: Keldeo|Keldeo-Resolute|100/100
|move|p2a: Blissey|Teleport|p2a: Blissey
|inactive|Super2evil has 120 seconds left.
|
|switch|p2a: Skarmory|Skarmory, F|100/100|[from]move: Teleport
|
|upkeep
|turn|4
|inactive|Super2evil has 120 seconds left.
|
|move|p1a: Keldeo|Surf|p2a: Skarmory
|-damage|p2a: Skarmory|23/100
|-damage|p1a: Keldeo|91/100|[from] item: Life Orb
|move|p2a: Skarmory|Stealth Rock|p1a: Keldeo
|-sidestart|p1: Bamarah|move: Stealth Rock
|
|upkeep
|turn|5
|
|switch|p2a: Blissey|Blissey, F|100/100
|move|p1a: Keldeo|Surf|p2a: Blissey
|-damage|p2a: Blissey|84/100
|-damage|p1a: Keldeo|81/100|[from] item: Life Orb
|
|-heal|p2a: Blissey|90/100|[from] item: Leftovers
|upkeep
|turn|6
|
|move|p1a: Keldeo|Secret Sword|p2a: Blissey
|-supereffective|p2a: Blissey
|-damage|p2a: Blissey|0 fnt
|-damage|p1a: Keldeo|71/100|[from] item: Life Orb
|faint|p2a: Blissey
|
|upkeep
|
|switch|p2a: Morpeko|Morpeko, F|100/100
|turn|7
|
|move|p2a: Morpeko|Fake Out|p1a: Keldeo
|-crit|p1a: Keldeo
|-damage|p1a: Keldeo|48/100
|-damage|p2a: Morpeko|90/100|[from] item: Life Orb
|cant|p1a: Keldeo|flinch
|
|-formechange|p2a: Morpeko|Morpeko-Hangry||[from] ability: Hunger Switch
|upkeep
|turn|8
|
|switch|p2a: Skarmory|Skarmory, F|23/100
|move|p1a: Keldeo|Secret Sword|p2a: Skarmory
|-damage|p2a: Skarmory|0 fnt
|-damage|p1a: Keldeo|38/100|[from] item: Life Orb
|faint|p2a: Skarmory
|
|upkeep
|
|switch|p2a: Druddigon|Druddigon, F|100/100
|turn|9
|
|move|p1a: Keldeo|Icy Wind|p2a: Druddigon|[miss]
|-miss|p1a: Keldeo|p2a: Druddigon
|move|p2a: Druddigon|Superpower|p1a: Keldeo
|-damage|p1a: Keldeo|1/100
|-unboost|p2a: Druddigon|atk|1
|-unboost|p2a: Druddigon|def|1
|
|upkeep
|turn|10
|
|move|p2a: Druddigon|Sucker Punch|p1a: Keldeo
|-resisted|p1a: Keldeo
|-damage|p1a: Keldeo|0 fnt
|faint|p1a: Keldeo
|
|upkeep
|
|switch|p1a: Noivern|Noivern, M, shiny|100/100
|-damage|p1a: Noivern|76/100|[from] Stealth Rock
|turn|11
|
|switch|p2a: Incineroar|Incineroar, M|100/100
|-ability|p2a: Incineroar|Intimidate|boost
|-unboost|p1a: Noivern|atk|1
|move|p1a: Noivern|Draco Meteor|p2a: Incineroar
|-damage|p2a: Incineroar|22/100
|-unboost|p1a: Noivern|spa|2
|-damage|p1a: Noivern|66/100|[from] item: Life Orb
|
|upkeep
|turn|12
|
|switch|p2a: Druddigon|Druddigon, F|100/100
|move|p1a: Noivern|Defog|p2a: Druddigon
|-unboost|p2a: Druddigon|evasion|1
|-sideend|p1: Bamarah|Stealth Rock|[from] move: Defog|[of] p1a: Noivern
|
|upkeep
|turn|13
|
|switch|p2a: Incineroar|Incineroar, M|22/100
|-ability|p2a: Incineroar|Intimidate|boost
|-unboost|p1a: Noivern|atk|1
|move|p1a: Noivern|Draco Meteor|p2a: Incineroar
|-damage|p2a: Incineroar|0 fnt
|-unboost|p1a: Noivern|spa|2
|-damage|p1a: Noivern|56/100|[from] item: Life Orb
|faint|p2a: Incineroar
|
|upkeep
|
|switch|p2a: Morpeko|Morpeko, F|90/100
|turn|14
|
|switch|p1a: Gengar|Gengar, M, shiny|91/100
|move|p2a: Morpeko|Fake Out|p1a: Gengar
|-immune|p1a: Gengar
|
|-formechange|p2a: Morpeko|Morpeko-Hangry||[from] ability: Hunger Switch
|upkeep
|turn|15
|
|move|p1a: Gengar|Sludge Wave|p2a: Morpeko
|-damage|p2a: Morpeko|0 fnt
|-damage|p1a: Gengar|81/100|[from] item: Life Orb
|faint|p2a: Morpeko
|
|upkeep
|
|switch|p2a: Druddigon|Druddigon, F|100/100
|turn|16
|
|move|p2a: Druddigon|Sucker Punch|p1a: Gengar
|-supereffective|p1a: Gengar
|-damage|p1a: Gengar|4/100
|move|p1a: Gengar|Shadow Ball|p2a: Druddigon
|-damage|p2a: Druddigon|46/100
|-damage|p1a: Gengar|0 fnt|[from] item: Life Orb
|faint|p1a: Gengar
|
|upkeep
|
|switch|p1a: Darmanitan|Darmanitan, M, shiny|100/100
|turn|17
|
|move|p2a: Druddigon|Sucker Punch|p1a: Darmanitan
|-damage|p1a: Darmanitan|71/100
|move|p1a: Darmanitan|Earthquake|p2a: Druddigon
|-damage|p2a: Druddigon|16/100
|
|upkeep
|turn|18
|
|move|p2a: Druddigon|Sucker Punch|p1a: Darmanitan
|-damage|p1a: Darmanitan|39/100
|move|p1a: Darmanitan|Earthquake|p2a: Druddigon
|-damage|p2a: Druddigon|0 fnt
|faint|p2a: Druddigon
|
|win|Bamarah
|l|☆Super2evil
