|raw|<div class="broadcast-blue"><strong>This battle is required to be public due to a player having a name starting with 'uult91w'.</div>
|j|☆UULT91w Mantis
|j|☆UULT91w TT
|t:|1652057967
|gametype|singles
|player|p1|UULT91w Mantis|faba|1631
|player|p2|UULT91w TT|cynthia|1549
|teamsize|p1|6
|teamsize|p2|6
|gen|8
|tier|[Gen 8] UU
|rated|
|rule|Sleep Clause Mod: Limit one foe put to sleep
|rule|Species Clause: Limit one of each Pokémon
|rule|OHKO Clause: OHKO moves are banned
|rule|Evasion Moves Clause: Evasion moves are banned
|rule|Endless Battle Clause: Forcing endless battles is banned
|rule|HP Percentage Mod: HP is shown in percentages
|rule|Dynamax Clause: You cannot dynamax
|clearpoke
|poke|p1|Indeedee-F, F|
|poke|p1|Excadrill, M|
|poke|p1|Omastar, M|
|poke|p1|Polteageist-Antique|
|poke|p1|Cloyster, F|
|poke|p1|Amoonguss, F|
|poke|p2|Hippowdon, M|
|poke|p2|Skarmory, M|
|poke|p2|Azumarill, F|
|poke|p2|Hydreigon, M|
|poke|p2|Tentacruel, M|
|poke|p2|Scizor, M|
|teampreview
|inactive|Battle timer is ON: inactive players will automatically lose when time's up. (requested by UULT91w Mantis)
|inactive|UULT91w TT has 120 seconds left.
|j| youke
|
|t:|1652058026
|start
|switch|p1a: Indeedee|Indeedee-F, F|100/100
|switch|p2a: Skarmory|Skarmory, M, shiny|100/100
|-fieldstart|move: Psychic Terrain|[from] ability: Psychic Surge|[of] p1a: Indeedee
|turn|1
|
|t:|1652058035
|switch|p2a: Hydreigon|Hydreigon, M, shiny|100/100
|move|p1a: Indeedee|Mystical Fire|p2a: Hydreigon
|-resisted|p2a: Hydreigon
|-damage|p2a: Hydreigon|89/100
|-unboost|p2a: Hydreigon|spa|1
|
|upkeep
|turn|2
|
|t:|1652058044
|switch|p1a: Amoonguss|Amoonguss, F|100/100
|move|p2a: Hydreigon|U-turn|p1a: Amoonguss
|-damage|p1a: Amoonguss|89/100
|-enditem|p1a: Amoonguss|Eject Button
|
|t:|1652058055
|switch|p1a: Omastar|Omastar, M|100/100
|
|upkeep
|turn|3
|
|t:|1652058065
|move|p2a: Hydreigon|U-turn|p1a: Omastar
|-damage|p1a: Omastar|84/100
|-ability|p1a: Omastar|Weak Armor|boost
|-unboost|p1a: Omastar|def|1
|-boost|p1a: Omastar|spe|2
|
|t:|1652058073
|switch|p2a: Tentacruel|Tentacruel, M, shiny|100/100|[from]move: U-turn
|move|p1a: Omastar|Shell Smash|p1a: Omastar
|-unboost|p1a: Omastar|def|1
|-unboost|p1a: Omastar|spd|1
|-boost|p1a: Omastar|atk|2
|-boost|p1a: Omastar|spa|2
|-boost|p1a: Omastar|spe|2
|
|upkeep
|turn|4
|
|t:|1652058081
|move|p1a: Omastar|Meteor Beam||[still]
|-prepare|p1a: Omastar|Meteor Beam
|-boost|p1a: Omastar|spa|1
|-enditem|p1a: Omastar|Power Herb
|-anim|p1a: Omastar|Meteor Beam|p2a: Tentacruel|[miss]
|-miss|p1a: Omastar|p2a: Tentacruel
|move|p2a: Tentacruel|Scald|p1a: Omastar
|-damage|p1a: Omastar|27/100
|
|upkeep
|turn|5
|
|t:|1652058088
|move|p1a: Omastar|Surf|p2a: Tentacruel
|-resisted|p2a: Tentacruel
|-damage|p2a: Tentacruel|55/100
|move|p2a: Tentacruel|Scald|p1a: Omastar
|-damage|p1a: Omastar|0 fnt
|faint|p1a: Omastar
|
|-heal|p2a: Tentacruel|61/100|[from] item: Black Sludge
|upkeep
|
|t:|1652058097
|switch|p1a: Excadrill|Excadrill, M|100/100
|-ability|p1a: Excadrill|Mold Breaker
|turn|6
|
|t:|1652058102
|switch|p2a: Skarmory|Skarmory, M, shiny|100/100
|move|p1a: Excadrill|Earthquake|p2a: Skarmory
|-immune|p2a: Skarmory
|
|upkeep
|turn|7
|
|t:|1652058111
|move|p1a: Excadrill|Stealth Rock|p2a: Skarmory
|-sidestart|p2: UULT91w TT|move: Stealth Rock
|move|p2a: Skarmory|Spikes|p1a: Excadrill
|-sidestart|p1: UULT91w Mantis|Spikes
|
|upkeep
|turn|8
|
|t:|1652058115
|move|p1a: Excadrill|Rapid Spin|p2a: Skarmory
|-resisted|p2a: Skarmory
|-damage|p2a: Skarmory|95/100
|-boost|p1a: Excadrill|spe|1
|-damage|p1a: Excadrill|84/100|[from] item: Rocky Helmet|[of] p2a: Skarmory
|-sideend|p1: UULT91w Mantis|Spikes|[from] move: Rapid Spin|[of] p1a: Excadrill
|move|p2a: Skarmory|Spikes|p1a: Excadrill
|-sidestart|p1: UULT91w Mantis|Spikes
|
|-heal|p1a: Excadrill|90/100|[from] item: Leftovers
|-fieldend|move: Psychic Terrain
|upkeep
|turn|9
|
|t:|1652058118
|switch|p1a: Indeedee|Indeedee-F, F|100/100
|-damage|p1a: Indeedee|88/100|[from] Spikes
|-fieldstart|move: Psychic Terrain|[from] ability: Psychic Surge|[of] p1a: Indeedee
|move|p2a: Skarmory|Spikes|p1a: Indeedee
|-sidestart|p1: UULT91w Mantis|Spikes
|
|upkeep
|turn|10
|
|t:|1652058123
|switch|p1a: Excadrill|Excadrill, M|90/100
|-damage|p1a: Excadrill|73/100|[from] Spikes
|-ability|p1a: Excadrill|Mold Breaker
|switch|p2a: Hydreigon|Hydreigon, M, shiny|89/100
|-damage|p2a: Hydreigon|77/100|[from] Stealth Rock
|
|-heal|p1a: Excadrill|79/100|[from] item: Leftovers
|upkeep
|turn|11
|
|t:|1652058126
|move|p2a: Hydreigon|Fire Blast|p1a: Excadrill
|-supereffective|p1a: Excadrill
|-damage|p1a: Excadrill|7/100
|move|p1a: Excadrill|Rapid Spin|p2a: Hydreigon
|-damage|p2a: Hydreigon|58/100
|-boost|p1a: Excadrill|spe|1
|-sideend|p1: UULT91w Mantis|Spikes|[from] move: Rapid Spin|[of] p1a: Excadrill
|
|-heal|p1a: Excadrill|13/100|[from] item: Leftovers
|upkeep
|turn|12
|
|t:|1652058136
|switch|p2a: Code|Scizor, M|100/100
|move|p1a: Excadrill|Iron Head|p2a: Code
|-resisted|p2a: Code
|-damage|p2a: Code|84/100
|
|-heal|p1a: Excadrill|19/100|[from] item: Leftovers
|upkeep
|turn|13
|
|t:|1652058146
|switch|p2a: Skarmory|Skarmory, M, shiny|95/100
|-damage|p2a: Skarmory|83/100|[from] Stealth Rock
|move|p1a: Excadrill|Earthquake|p2a: Skarmory
|-immune|p2a: Skarmory
|
|-heal|p1a: Excadrill|25/100|[from] item: Leftovers
|upkeep
|turn|14
|
|t:|1652058150
|switch|p1a: Polteageist|Polteageist-Antique|100/100
|move|p2a: Skarmory|Spikes|p1a: Polteageist
|-sidestart|p1: UULT91w Mantis|Spikes
|
|upkeep
|turn|15
|
|t:|1652058155
|switch|p2a: Hippowdon|Hippowdon, M, shiny|100/100
|-damage|p2a: Hippowdon|94/100|[from] Stealth Rock
|-weather|Sandstorm|[from] ability: Sand Stream|[of] p2a: Hippowdon
|move|p1a: Polteageist|Shell Smash|p1a: Polteageist
|-unboost|p1a: Polteageist|def|1
|-unboost|p1a: Polteageist|spd|1
|-boost|p1a: Polteageist|atk|2
|-boost|p1a: Polteageist|spa|2
|-boost|p1a: Polteageist|spe|2
|
|-weather|Sandstorm|[upkeep]
|-damage|p1a: Polteageist|94/100|[from] Sandstorm
|-heal|p2a: Hippowdon|100/100|[from] item: Leftovers
|upkeep
|turn|16
|
|t:|1652058173
|switch|p2a: Hydreigon|Hydreigon, M, shiny|58/100
|-damage|p2a: Hydreigon|46/100|[from] Stealth Rock
|move|p1a: Polteageist|Stored Power|p2a: Hydreigon
|-immune|p2a: Hydreigon
|
|-weather|Sandstorm|[upkeep]
|-damage|p2a: Hydreigon|40/100|[from] Sandstorm
|-damage|p1a: Polteageist|88/100|[from] Sandstorm
|-fieldend|move: Psychic Terrain
|upkeep
|turn|17
|
|t:|1652058179
|move|p2a: Hydreigon|Dark Pulse|p1a: Polteageist
|-supereffective|p1a: Polteageist
|-damage|p1a: Polteageist|0 fnt
|faint|p1a: Polteageist
|
|-weather|Sandstorm|[upkeep]
|-damage|p2a: Hydreigon|34/100|[from] Sandstorm
|upkeep
|
|t:|1652058186
|switch|p1a: Amoonguss|Amoonguss, F|100/100
|-damage|p1a: Amoonguss|88/100|[from] Spikes
|turn|18
|
|t:|1652058189
|move|p2a: Hydreigon|Dark Pulse|p1a: Amoonguss
|-damage|p1a: Amoonguss|47/100
|cant|p1a: Amoonguss|flinch
|
|-weather|Sandstorm|[upkeep]
|-damage|p2a: Hydreigon|28/100|[from] Sandstorm
|-damage|p1a: Amoonguss|41/100|[from] Sandstorm
|upkeep
|turn|19
|
|t:|1652058192
|move|p2a: Hydreigon|Dark Pulse|p1a: Amoonguss
|-damage|p1a: Amoonguss|3/100
|move|p1a: Amoonguss|Spore|p2a: Hydreigon
|-status|p2a: Hydreigon|slp|[from] move: Spore
|
|-weather|none
|upkeep
|turn|20
|
|t:|1652058203
|switch|p2a: Hippowdon|Hippowdon, M, shiny|100/100
|-damage|p2a: Hippowdon|94/100|[from] Stealth Rock
|-weather|Sandstorm|[from] ability: Sand Stream|[of] p2a: Hippowdon
|switch|p1a: Excadrill|Excadrill, M|25/100
|-damage|p1a: Excadrill|13/100|[from] Spikes
|-ability|p1a: Excadrill|Mold Breaker
|
|-weather|Sandstorm|[upkeep]
|-heal|p1a: Excadrill|19/100|[from] item: Leftovers
|-heal|p2a: Hippowdon|100/100|[from] item: Leftovers
|upkeep
|turn|21
|
|t:|1652058207
|switch|p2a: Skarmory|Skarmory, M, shiny|83/100
|-damage|p2a: Skarmory|71/100|[from] Stealth Rock
|move|p1a: Excadrill|Rapid Spin|p2a: Skarmory
|-resisted|p2a: Skarmory
|-damage|p2a: Skarmory|66/100
|-boost|p1a: Excadrill|spe|1
|-damage|p1a: Excadrill|2/100|[from] item: Rocky Helmet|[of] p2a: Skarmory
|-sideend|p1: UULT91w Mantis|Spikes|[from] move: Rapid Spin|[of] p1a: Excadrill
|
|-weather|Sandstorm|[upkeep]
|-heal|p1a: Excadrill|8/100|[from] item: Leftovers
|upkeep
|turn|22
|
|t:|1652058211
|switch|p1a: Indeedee|Indeedee-F, F|88/100
|-fieldstart|move: Psychic Terrain|[from] ability: Psychic Surge|[of] p1a: Indeedee
|move|p2a: Skarmory|Spikes|p1a: Indeedee
|-sidestart|p1: UULT91w Mantis|Spikes
|
|-weather|Sandstorm|[upkeep]
|-damage|p1a: Indeedee|82/100|[from] Sandstorm
|upkeep
|turn|23
|
|t:|1652058223
|switch|p2a: Hippowdon|Hippowdon, M, shiny|100/100
|-damage|p2a: Hippowdon|94/100|[from] Stealth Rock
|move|p1a: Indeedee|Healing Wish|p1a: Indeedee
|faint|p1a: Indeedee
|
|-weather|Sandstorm|[upkeep]
|-heal|p2a: Hippowdon|100/100|[from] item: Leftovers
|upkeep
|
|t:|1652058228
|switch|p1a: Cloyster|Cloyster, F|100/100
|-damage|p1a: Cloyster|88/100|[from] Spikes
|turn|24
|
|t:|1652058236
|move|p1a: Cloyster|Shell Smash|p1a: Cloyster
|-unboost|p1a: Cloyster|def|1
|-unboost|p1a: Cloyster|spd|1
|-boost|p1a: Cloyster|atk|2
|-boost|p1a: Cloyster|spa|2
|-boost|p1a: Cloyster|spe|2
|move|p2a: Hippowdon|Earthquake|p1a: Cloyster
|-damage|p1a: Cloyster|40/100
|
|-weather|none
|upkeep
|turn|25
|
|t:|1652058245
|switch|p2a: Hydreigon|Hydreigon, M, shiny|28/100 slp
|-damage|p2a: Hydreigon|15/100 slp|[from] Stealth Rock
|move|p1a: Cloyster|Icicle Spear|p2a: Hydreigon
|-supereffective|p2a: Hydreigon
|-damage|p2a: Hydreigon|0 fnt
|faint|p2a: Hydreigon
|-hitcount|p2: Hydreigon|1
|
|upkeep
|
|t:|1652058250
|switch|p2a: Code|Scizor, M|84/100
|turn|26
|
|t:|1652058254
|switch|p2a: Hippowdon|Hippowdon, M, shiny|100/100
|-damage|p2a: Hippowdon|94/100|[from] Stealth Rock
|-weather|Sandstorm|[from] ability: Sand Stream|[of] p2a: Hippowdon
|move|p1a: Cloyster|Rock Blast|p2a: Hippowdon
|-resisted|p2a: Hippowdon
|-damage|p2a: Hippowdon|89/100
|-resisted|p2a: Hippowdon
|-damage|p2a: Hippowdon|84/100
|-resisted|p2a: Hippowdon
|-damage|p2a: Hippowdon|79/100
|-resisted|p2a: Hippowdon
|-damage|p2a: Hippowdon|74/100
|-resisted|p2a: Hippowdon
|-damage|p2a: Hippowdon|69/100
|-hitcount|p2a: Hippowdon|5
|
|-weather|Sandstorm|[upkeep]
|-damage|p1a: Cloyster|34/100|[from] Sandstorm
|-heal|p2a: Hippowdon|75/100|[from] item: Leftovers
|upkeep
|turn|27
|
|t:|1652058273
|switch|p2a: Tentacruel|Tentacruel, M, shiny|61/100
|-damage|p2a: Tentacruel|49/100|[from] Stealth Rock
|move|p1a: Cloyster|Icicle Spear|p2a: Tentacruel
|-resisted|p2a: Tentacruel
|-damage|p2a: Tentacruel|38/100
|-resisted|p2a: Tentacruel
|-damage|p2a: Tentacruel|26/100
|-resisted|p2a: Tentacruel
|-damage|p2a: Tentacruel|13/100
|-resisted|p2a: Tentacruel
|-damage|p2a: Tentacruel|1/100
|-resisted|p2a: Tentacruel
|-crit|p2a: Tentacruel
|-damage|p2a: Tentacruel|0 fnt
|faint|p2a: Tentacruel
|-hitcount|p2: Tentacruel|5
|
|-weather|Sandstorm|[upkeep]
|-damage|p1a: Cloyster|28/100|[from] Sandstorm
|upkeep
|
|t:|1652058277
|switch|p2a: Code|Scizor, M|84/100
|turn|28
|
|t:|1652058281
|switch|p2a: Skarmory|Skarmory, M, shiny|66/100
|-damage|p2a: Skarmory|54/100|[from] Stealth Rock
|move|p1a: Cloyster|Rock Blast|p2a: Skarmory
|-damage|p2a: Skarmory|46/100
|-damage|p2a: Skarmory|37/100
|-damage|p2a: Skarmory|27/100
|-damage|p2a: Skarmory|19/100
|-damage|p2a: Skarmory|11/100
|-hitcount|p2a: Skarmory|5
|
|-weather|Sandstorm|[upkeep]
|-damage|p1a: Cloyster|22/100|[from] Sandstorm
|upkeep
|turn|29
|
|t:|1652058286
|move|p1a: Cloyster|Icicle Spear|p2a: Skarmory
|-damage|p2a: Skarmory|0 fnt
|faint|p2a: Skarmory
|-hitcount|p2: Skarmory|1
|
|-weather|Sandstorm|[upkeep]
|-damage|p1a: Cloyster|16/100|[from] Sandstorm
|-fieldend|move: Psychic Terrain
|upkeep
|
|t:|1652058289
|switch|p2a: Code|Scizor, M|84/100
|turn|30
|
|t:|1652058304
|switch|p1a: Amoonguss|Amoonguss, F|36/100
|-heal|p1a: Amoonguss|100/100|[from] move: Healing Wish
|-damage|p1a: Amoonguss|88/100|[from] Spikes
|move|p2a: Code|Bullet Punch|p1a: Amoonguss
|-damage|p1a: Amoonguss|67/100
|
|-weather|none
|upkeep
|turn|31
|
|t:|1652058314
|move|p2a: Code|U-turn|p1a: Amoonguss
|-damage|p1a: Amoonguss|44/100
|
|t:|1652058315
|switch|p2a: Hippowdon|Hippowdon, M, shiny|75/100|[from]move: U-turn
|-damage|p2a: Hippowdon|69/100|[from] Stealth Rock
|-weather|Sandstorm|[from] ability: Sand Stream|[of] p2a: Hippowdon
|move|p1a: Amoonguss|Spore|p2a: Hippowdon
|-status|p2a: Hippowdon|slp|[from] move: Spore
|
|-weather|Sandstorm|[upkeep]
|-damage|p1a: Amoonguss|38/100|[from] Sandstorm
|-heal|p2a: Hippowdon|75/100 slp|[from] item: Leftovers
|upkeep
|turn|32
|
|t:|1652058324
|switch|p2a: Code|Scizor, M|84/100
|switch|p1a: Cloyster|Cloyster, F|16/100
|-damage|p1a: Cloyster|3/100|[from] Spikes
|
|-weather|Sandstorm|[upkeep]
|-damage|p1a: Cloyster|0 fnt|[from] Sandstorm
|faint|p1a: Cloyster
|upkeep
|
|t:|1652058327
|switch|p1a: Amoonguss|Amoonguss, F|71/100
|-damage|p1a: Amoonguss|59/100|[from] Spikes
|turn|33
|
|t:|1652058351
|move|p2a: Code|Knock Off|p1a: Amoonguss
|-damage|p1a: Amoonguss|45/100
|move|p1a: Amoonguss|Foul Play|p2a: Code
|-damage|p2a: Code|59/100
|
|-weather|Sandstorm|[upkeep]
|-damage|p1a: Amoonguss|39/100|[from] Sandstorm
|upkeep
|turn|34
|
|t:|1652058364
|move|p2a: Code|Bullet Punch|p1a: Amoonguss
|-damage|p1a: Amoonguss|17/100
|move|p1a: Amoonguss|Foul Play|p2a: Code
|-damage|p2a: Code|30/100
|
|-weather|Sandstorm|[upkeep]
|-damage|p1a: Amoonguss|11/100|[from] Sandstorm
|upkeep
|turn|35
|
|t:|1652058370
|move|p2a: Code|Roost|p2a: Code
|-heal|p2a: Code|80/100
|-singleturn|p2a: Code|move: Roost
|move|p1a: Amoonguss|Foul Play|p2a: Code
|-damage|p2a: Code|54/100
|
|-weather|none
|upkeep
|turn|36
|
|t:|1652058377
|switch|p1a: Excadrill|Excadrill, M|8/100
|-damage|p1a: Excadrill|0 fnt|[from] Spikes
|faint|p1a: Excadrill
|move|p2a: Code|Bullet Punch|p1: Excadrill|[notarget]
|-fail|p2a: Code
|
|upkeep
|
|t:|1652058378
|switch|p1a: Amoonguss|Amoonguss, F|44/100
|-damage|p1a: Amoonguss|32/100|[from] Spikes
|turn|37
|-message|UULT91w Mantis forfeited.
|
|win|UULT91w TT
|raw|UULT91w Mantis's rating: 1631 &rarr; <strong>1607</strong><br />(-24 for losing)
|raw|UULT91w TT's rating: 1557 &rarr; <strong>1581</strong><br />(+24 for winning)
|l|☆UULT91w TT
||Ladder isn't responding, score probably updated but might not have (Request timeout).
