|j|☆Berzangelus
|j|☆The Gabagool King
|t:|1667917904
|gametype|singles
|player|p1|Berzangelus|veteran|1408
|player|p2|The Gabagool King|1|1535
|teamsize|p1|6
|teamsize|p2|6
|gen|8
|tier|[Gen 8] UU
|rated|
|rule|Sleep Clause Mod: Limit one foe put to sleep
|rule|Species Clause: Limit one of each Pokémon
|rule|OHKO Clause: OHKO moves are banned
|rule|Evasion Items Clause: Evasion items are banned
|rule|Evasion Moves Clause: Evasion moves are banned
|rule|Endless Battle Clause: Forcing endless battles is banned
|rule|HP Percentage Mod: HP is shown in percentages
|rule|Dynamax Clause: You cannot dynamax
|clearpoke
|poke|p1|Crawdaunt, M|
|poke|p1|Tangrowth, M|
|poke|p1|Sylveon, M|
|poke|p1|Thundurus-Therian, M|
|poke|p1|Darmanitan, M|
|poke|p1|Nihilego|
|poke|p2|Tapu Bulu|
|poke|p2|Chansey, F|
|poke|p2|Conkeldurr, M|
|poke|p2|Excadrill, M|
|poke|p2|Azelf|
|poke|p2|Salamence, F|
|teampreview
|inactive|Battle timer is ON: inactive players will automatically lose when time's up. (requested by Berzangelus)
|
|t:|1667917931
|start
|switch|p1a: Crawdaunt|Crawdaunt, M|100/100
|switch|p2a: Azelf|Azelf|100/100
|turn|1
|
|t:|1667917948
|move|p2a: Azelf|U-turn|p1a: Crawdaunt
|-supereffective|p1a: Crawdaunt
|-damage|p1a: Crawdaunt|48/100
|-enditem|p1a: Crawdaunt|Weakness Policy
|-boost|p1a: Crawdaunt|atk|2|[from] item: Weakness Policy
|-boost|p1a: Crawdaunt|spa|2|[from] item: Weakness Policy
|
|t:|1667917951
|switch|p2a: Salamence|Salamence, F|100/100|[from]move: U-turn
|-ability|p2a: Salamence|Intimidate|boost
|-unboost|p1a: Crawdaunt|atk|1
|move|p1a: Crawdaunt|Dragon Dance|p1a: Crawdaunt
|-boost|p1a: Crawdaunt|atk|1
|-boost|p1a: Crawdaunt|spe|1
|
|upkeep
|turn|2
|
|t:|1667917965
|move|p1a: Crawdaunt|Knock Off|p2a: Salamence
|-damage|p2a: Salamence|0 fnt
|-enditem|p2a: Salamence|Heavy-Duty Boots|[from] move: Knock Off|[of] p1a: Crawdaunt
|faint|p2a: Salamence
|
|upkeep
|
|t:|1667917973
|switch|p2a: Conkeldurr|Conkeldurr, M|100/100
|turn|3
|
|t:|1667917979
|move|p1a: Crawdaunt|Aqua Jet|p2a: Conkeldurr
|-crit|p2a: Conkeldurr
|-damage|p2a: Conkeldurr|8/100
|move|p2a: Conkeldurr|Mach Punch|p1a: Crawdaunt
|-supereffective|p1a: Crawdaunt
|-damage|p1a: Crawdaunt|0 fnt
|faint|p1a: Crawdaunt
|
|-status|p2a: Conkeldurr|brn|[from] item: Flame Orb
|upkeep
|
|t:|1667917986
|switch|p1a: Sylveon|Sylveon, M|100/100
|turn|4
|
|t:|1667917989
|switch|p2a: Excadrill|Excadrill, M|100/100
|-ability|p2a: Excadrill|Mold Breaker
|move|p1a: Sylveon|Quick Attack|p2a: Excadrill
|-resisted|p2a: Excadrill
|-damage|p2a: Excadrill|93/100
|
|-heal|p2a: Excadrill|99/100|[from] item: Leftovers
|upkeep
|turn|5
|
|t:|1667918008
|switch|p1a: Tangrowth|Tangrowth, M|100/100
|move|p2a: Excadrill|Stealth Rock|p1a: Tangrowth
|-sidestart|p1: Berzangelus|move: Stealth Rock
|
|-heal|p2a: Excadrill|100/100|[from] item: Leftovers
|upkeep
|turn|6
|
|t:|1667918018
|move|p2a: Excadrill|Iron Head|p1a: Tangrowth
|-damage|p1a: Tangrowth|78/100
|-damage|p2a: Excadrill|84/100|[from] item: Rocky Helmet|[of] p1a: Tangrowth
|cant|p1a: Tangrowth|flinch
|
|-heal|p2a: Excadrill|90/100|[from] item: Leftovers
|upkeep
|turn|7
|
|t:|1667918028
|move|p2a: Excadrill|Iron Head|p1a: Tangrowth
|-damage|p1a: Tangrowth|55/100
|-damage|p2a: Excadrill|73/100|[from] item: Rocky Helmet|[of] p1a: Tangrowth
|cant|p1a: Tangrowth|flinch
|
|-heal|p2a: Excadrill|79/100|[from] item: Leftovers
|upkeep
|turn|8
|j| xhingdong
|
|t:|1667918041
|switch|p2a: Chansey|Chansey, F|100/100
|move|p1a: Tangrowth|Giga Drain|p2a: Chansey
|-damage|p2a: Chansey|92/100
|-heal|p1a: Tangrowth|63/100|[from] drain|[of] p2a: Chansey
|
|upkeep
|turn|9
|
|t:|1667918045
|switch|p1a: Thundurus|Thundurus-Therian, M|100/100
|move|p2a: Chansey|Teleport|p2a: Chansey
|
|t:|1667918049
|switch|p2a: Tapu Bulu|Tapu Bulu|100/100|[from]move: Teleport
|-fieldstart|move: Grassy Terrain|[from] ability: Grassy Surge|[of] p2a: Tapu Bulu
|
|upkeep
|turn|10
|
|t:|1667918053
|move|p2a: Tapu Bulu|Stone Edge|p1a: Thundurus
|-supereffective|p1a: Thundurus
|-damage|p1a: Thundurus|2/100
|move|p1a: Thundurus|Sludge Wave|p2a: Tapu Bulu
|-supereffective|p2a: Tapu Bulu
|-damage|p2a: Tapu Bulu|0 fnt
|faint|p2a: Tapu Bulu
|
|upkeep
|
|t:|1667918056
|switch|p2a: Azelf|Azelf|100/100
|turn|11
|
|t:|1667918061
|switch|p1a: Sylveon|Sylveon, M|100/100
|-damage|p1a: Sylveon|88/100|[from] Stealth Rock
|move|p2a: Azelf|Psyshock|p1a: Sylveon
|-damage|p1a: Sylveon|42/100
|
|-heal|p1a: Sylveon|48/100|[from] Grassy Terrain
|upkeep
|turn|12
|
|t:|1667918071
|move|p2a: Azelf|Nasty Plot|p2a: Azelf
|-boost|p2a: Azelf|spa|2
|move|p1a: Sylveon|Draining Kiss|p2a: Azelf
|-damage|p2a: Azelf|72/100
|-heal|p1a: Sylveon|65/100|[from] drain|[of] p2a: Azelf
|
|-heal|p1a: Sylveon|71/100|[from] Grassy Terrain
|upkeep
|turn|13
|
|t:|1667918077
|move|p1a: Sylveon|Quick Attack|p2a: Azelf
|-damage|p2a: Azelf|55/100
|move|p2a: Azelf|Psyshock|p1a: Sylveon
|-damage|p1a: Sylveon|0 fnt
|faint|p1a: Sylveon
|
|-fieldend|move: Grassy Terrain
|upkeep
|j| Smokes-phone
|
|t:|1667918082
|switch|p1a: Darmanitan|Darmanitan, M|100/100
|-damage|p1a: Darmanitan|76/100|[from] Stealth Rock
|turn|14
|
|t:|1667918087
|switch|p2a: Chansey|Chansey, F|92/100
|move|p1a: Darmanitan|U-turn|p2a: Chansey
|-damage|p2a: Chansey|74/100
|
|t:|1667918092
|switch|p1a: Thundurus|Thundurus-Therian, M|2/100|[from]move: U-turn
|
|upkeep
|turn|15
|
|t:|1667918095
|move|p1a: Thundurus|Defog|p2a: Chansey
|-unboost|p2a: Chansey|evasion|1
|-sideend|p1: Berzangelus|Stealth Rock|[from] move: Defog|[of] p1a: Thundurus
|move|p2a: Chansey|Teleport|p2a: Chansey
|
|t:|1667918099
|switch|p2a: Excadrill|Excadrill, M|79/100|[from]move: Teleport
|-ability|p2a: Excadrill|Mold Breaker
|
|-heal|p2a: Excadrill|86/100|[from] item: Leftovers
|upkeep
|turn|16
|
|t:|1667918105
|move|p1a: Thundurus|Grass Knot|p2a: Excadrill
|-damage|p2a: Excadrill|56/100
|move|p2a: Excadrill|Stealth Rock|p1a: Thundurus
|-sidestart|p1: Berzangelus|move: Stealth Rock
|
|-heal|p2a: Excadrill|62/100|[from] item: Leftovers
|upkeep
|turn|17
|
|t:|1667918113
|move|p1a: Thundurus|Defog|p2a: Excadrill
|-unboost|p2a: Excadrill|evasion|1
|-sideend|p1: Berzangelus|Stealth Rock|[from] move: Defog|[of] p1a: Thundurus
|move|p2a: Excadrill|Rapid Spin|p1a: Thundurus
|-damage|p1a: Thundurus|0 fnt
|-boost|p2a: Excadrill|spe|1
|faint|p1a: Thundurus
|
|-heal|p2a: Excadrill|68/100|[from] item: Leftovers
|upkeep
|
|t:|1667918121
|switch|p1a: Darmanitan|Darmanitan, M|76/100
|turn|18
|
|t:|1667918124
|switch|p2a: Chansey|Chansey, F|74/100
|move|p1a: Darmanitan|Flare Blitz|p2a: Chansey
|-damage|p2a: Chansey|12/100
|-damage|p1a: Darmanitan|35/100|[from] Recoil
|
|upkeep
|turn|19
|
|t:|1667918143
|move|p1a: Darmanitan|Flare Blitz|p2a: Chansey
|-damage|p2a: Chansey|0 fnt
|faint|p2a: Chansey
|-damage|p1a: Darmanitan|27/100|[from] Recoil
|
|upkeep
|
|t:|1667918148
|switch|p2a: Conkeldurr|Conkeldurr, M|8/100 brn
|turn|20
|
|t:|1667918158
|switch|p1a: Tangrowth|Tangrowth, M|96/100
|switch|p2a: Azelf|Azelf|55/100
|
|upkeep
|turn|21
|
|t:|1667918163
|move|p2a: Azelf|Flamethrower|p1a: Tangrowth
|-supereffective|p1a: Tangrowth
|-damage|p1a: Tangrowth|11/100
|move|p1a: Tangrowth|Sleep Powder|p2a: Azelf|[miss]
|-miss|p1a: Tangrowth|p2a: Azelf
|
|upkeep
|turn|22
|
|t:|1667918176
|move|p2a: Azelf|Psyshock|p1a: Tangrowth
|-damage|p1a: Tangrowth|0 fnt
|faint|p1a: Tangrowth
|
|upkeep
|
|t:|1667918179
|switch|p1a: Darmanitan|Darmanitan, M|27/100
|turn|23
|
|t:|1667918187
|switch|p2a: Excadrill|Excadrill, M|68/100
|-ability|p2a: Excadrill|Mold Breaker
|move|p1a: Darmanitan|U-turn|p2a: Excadrill
|-resisted|p2a: Excadrill
|-damage|p2a: Excadrill|48/100
|
|t:|1667918190
|switch|p1a: Nihilego|Nihilego|100/100|[from]move: U-turn
|
|-heal|p2a: Excadrill|54/100|[from] item: Leftovers
|upkeep
|turn|24
|
|t:|1667918204
|move|p1a: Nihilego|Meteor Beam||[still]
|-prepare|p1a: Nihilego|Meteor Beam
|-boost|p1a: Nihilego|spa|1
|-enditem|p1a: Nihilego|Power Herb
|-anim|p1a: Nihilego|Meteor Beam|p2a: Excadrill
|-resisted|p2a: Excadrill
|-damage|p2a: Excadrill|22/100
|move|p2a: Excadrill|Iron Head|p1a: Nihilego
|-supereffective|p1a: Nihilego
|-damage|p1a: Nihilego|0 fnt
|faint|p1a: Nihilego
|
|-heal|p2a: Excadrill|28/100|[from] item: Leftovers
|upkeep
|
|t:|1667918210
|switch|p1a: Darmanitan|Darmanitan, M|27/100
|turn|25
|
|t:|1667918215
|move|p1a: Darmanitan|Flare Blitz|p2a: Excadrill
|-supereffective|p2a: Excadrill
|-damage|p2a: Excadrill|0 fnt
|faint|p2a: Excadrill
|-damage|p1a: Darmanitan|18/100|[from] Recoil
|
|upkeep
|
|t:|1667918218
|switch|p2a: Conkeldurr|Conkeldurr, M|8/100 brn
|turn|26
|
|t:|1667918219
|move|p2a: Conkeldurr|Mach Punch|p1a: Darmanitan
|-damage|p1a: Darmanitan|0 fnt
|faint|p1a: Darmanitan
|
|win|The Gabagool King
|raw|Berzangelus's rating: 1408 &rarr; <strong>1395</strong><br />(-13 for losing)
|raw|The Gabagool King's rating: 1535 &rarr; <strong>1548</strong><br />(+13 for winning)
|l|☆Berzangelus
