|j|☆congelateur-sama
|j|☆kyozinn334
|inactive|Battle timer is ON: inactive players will automatically lose when time's up.
|t:|1656768009
|gametype|singles
|player|p1|congelateur-sama|#fcpl4raichicheurs|
|player|p2|kyozinn334|steven|
|teamsize|p1|6
|teamsize|p2|6
|gen|8
|tier|[Gen 8] UU
|rated|Tournament battle
|rule|Sleep Clause Mod: Limit one foe put to sleep
|rule|Species Clause: Limit one of each Pokémon
|rule|OHKO Clause: OHKO moves are banned
|rule|Evasion Moves Clause: Evasion moves are banned
|rule|Endless Battle Clause: Forcing endless battles is banned
|rule|HP Percentage Mod: HP is shown in percentages
|rule|Dynamax Clause: You cannot dynamax
|clearpoke
|poke|p1|Registeel|
|poke|p1|Noivern, F|
|poke|p1|Thundurus-Therian, M|
|poke|p1|Primarina, F|
|poke|p1|Nidoqueen, F|
|poke|p1|Zarude-Dada|
|poke|p2|Hydreigon, F|
|poke|p2|Azumarill, F|
|poke|p2|Hippowdon, F|
|poke|p2|Nihilego|
|poke|p2|Porygon2|
|poke|p2|Celesteela|
|teampreview
|c|☆congelateur-sama|hf
|j| ShinyVolcanionGet!
|inactive|congelateur-sama has 120 seconds left.
|
|t:|1656768053
|start
|switch|p1a: Primarina|Primarina, F|100/100
|switch|p2a: Hippowdon|Hippowdon, F|100/100
|-weather|Sandstorm|[from] ability: Sand Stream|[of] p2a: Hippowdon
|turn|1
|
|t:|1656768061
|move|p1a: Primarina|Scald|p2a: Hippowdon
|-supereffective|p2a: Hippowdon
|-damage|p2a: Hippowdon|50/100
|-status|p2a: Hippowdon|brn
|-enditem|p2a: Hippowdon|Sitrus Berry|[eat]
|-heal|p2a: Hippowdon|75/100 brn|[from] item: Sitrus Berry
|move|p2a: Hippowdon|Yawn|p1a: Primarina
|-start|p1a: Primarina|move: Yawn|[of] p2a: Hippowdon
|
|-weather|Sandstorm|[upkeep]
|-damage|p1a: Primarina|94/100|[from] Sandstorm
|-heal|p1a: Primarina|100/100|[from] item: Leftovers
|-damage|p2a: Hippowdon|69/100 brn|[from] brn
|upkeep
|turn|2
|
|t:|1656768069
|move|p1a: Primarina|Scald|p2a: Hippowdon
|-supereffective|p2a: Hippowdon
|-damage|p2a: Hippowdon|23/100 brn
|move|p2a: Hippowdon|Yawn||[still]
|-fail|p2a: Hippowdon
|
|-weather|Sandstorm|[upkeep]
|-damage|p1a: Primarina|94/100|[from] Sandstorm
|-heal|p1a: Primarina|100/100|[from] item: Leftovers
|-damage|p2a: Hippowdon|17/100 brn|[from] brn
|-end|p1a: Primarina|move: Yawn|[silent]
|-status|p1a: Primarina|slp
|upkeep
|turn|3
|
|t:|1656768080
|cant|p1a: Primarina|slp
|move|p1a: Primarina|Sleep Talk|p1a: Primarina
|move|p1a: Primarina|Moonblast|p2a: Hippowdon|[from]move: Sleep Talk
|-damage|p2a: Hippowdon|0 fnt
|faint|p2a: Hippowdon
|
|-weather|Sandstorm|[upkeep]
|-damage|p1a: Primarina|94/100 slp|[from] Sandstorm
|-heal|p1a: Primarina|100/100 slp|[from] item: Leftovers
|upkeep
|
|t:|1656768094
|switch|p2a: Porygon2|Porygon2|100/100
|turn|4
|
|t:|1656768102
|cant|p1a: Primarina|slp
|move|p1a: Primarina|Sleep Talk|p1a: Primarina
|move|p1a: Primarina|Scald|p2a: Porygon2|[from]move: Sleep Talk
|-crit|p2a: Porygon2
|-damage|p2a: Porygon2|71/100
|move|p2a: Porygon2|Discharge|p1a: Primarina
|-supereffective|p1a: Primarina
|-damage|p1a: Primarina|56/100 slp
|
|-weather|Sandstorm|[upkeep]
|-damage|p1a: Primarina|50/100 slp|[from] Sandstorm
|-damage|p2a: Porygon2|65/100|[from] Sandstorm
|-heal|p1a: Primarina|56/100 slp|[from] item: Leftovers
|upkeep
|turn|5
|
|t:|1656768115
|switch|p1a: Nidoqueen|Nidoqueen, F|100/100
|move|p2a: Porygon2|Discharge|p1a: Nidoqueen
|-immune|p1a: Nidoqueen
|
|-weather|none
|upkeep
|turn|6
|
|t:|1656768120
|move|p1a: Nidoqueen|Stealth Rock|p2a: Porygon2
|-sidestart|p2: kyozinn334|move: Stealth Rock
|move|p2a: Porygon2|Recover|p2a: Porygon2
|-heal|p2a: Porygon2|100/100
|
|upkeep
|turn|7
|
|t:|1656768123
|switch|p1a: Thundurus|Thundurus-Therian, M|100/100
|move|p2a: Porygon2|Ice Beam|p1a: Thundurus
|-supereffective|p1a: Thundurus
|-damage|p1a: Thundurus|20/100
|
|upkeep
|turn|8
|
|t:|1656768133
|move|p1a: Thundurus|Knock Off|p2a: Porygon2
|-damage|p2a: Porygon2|89/100
|-enditem|p2a: Porygon2|Eviolite|[from] move: Knock Off|[of] p1a: Thundurus
|move|p2a: Porygon2|Ice Beam|p1a: Thundurus
|-supereffective|p1a: Thundurus
|-damage|p1a: Thundurus|0 fnt
|faint|p1a: Thundurus
|
|upkeep
|
|t:|1656768142
|switch|p1a: Zarude|Zarude-Dada|100/100
|turn|9
|
|t:|1656768149
|move|p1a: Zarude|Close Combat|p2a: Porygon2
|-supereffective|p2a: Porygon2
|-damage|p2a: Porygon2|2/100
|-unboost|p1a: Zarude|def|1
|-unboost|p1a: Zarude|spd|1
|move|p2a: Porygon2|Ice Beam|p1a: Zarude
|-supereffective|p1a: Zarude
|-damage|p1a: Zarude|14/100
|
|upkeep
|turn|10
|
|t:|1656768158
|move|p1a: Zarude|Close Combat|p2a: Porygon2
|-supereffective|p2a: Porygon2
|-damage|p2a: Porygon2|0 fnt
|-unboost|p1a: Zarude|def|1
|-unboost|p1a: Zarude|spd|1
|faint|p2a: Porygon2
|
|upkeep
|
|t:|1656768169
|switch|p2a: Celesteela|Celesteela|100/100
|-damage|p2a: Celesteela|88/100|[from] Stealth Rock
|turn|11
|
|t:|1656768176
|move|p1a: Zarude|Close Combat|p2a: Celesteela
|-damage|p2a: Celesteela|45/100
|-unboost|p1a: Zarude|def|1
|-unboost|p1a: Zarude|spd|1
|move|p2a: Celesteela|Heavy Slam|p1a: Zarude
|-damage|p1a: Zarude|0 fnt
|faint|p1a: Zarude
|-ability|p2a: Celesteela|Beast Boost|boost
|-boost|p2a: Celesteela|spd|1
|
|-heal|p2a: Celesteela|52/100|[from] item: Leftovers
|upkeep
|
|t:|1656768185
|switch|p1a: Nidoqueen|Nidoqueen, F|100/100
|turn|12
|
|t:|1656768189
|move|p1a: Nidoqueen|Thunderbolt|p2a: Celesteela
|-supereffective|p2a: Celesteela
|-damage|p2a: Celesteela|16/100
|move|p2a: Celesteela|Leech Seed|p1a: Nidoqueen
|-start|p1a: Nidoqueen|move: Leech Seed
|
|-heal|p2a: Celesteela|22/100|[from] item: Leftovers
|-damage|p1a: Nidoqueen|88/100|[from] Leech Seed|[of] p2a: Celesteela
|-heal|p2a: Celesteela|33/100|[silent]
|upkeep
|turn|13
|
|t:|1656768195
|switch|p1a: Noivern|Noivern, F|100/100
|move|p2a: Celesteela|Air Slash|p1a: Noivern
|-damage|p1a: Noivern|62/100
|
|-heal|p2a: Celesteela|39/100|[from] item: Leftovers
|upkeep
|turn|14
|
|t:|1656768200
|move|p1a: Noivern|Flamethrower|p2a: Celesteela
|-supereffective|p2a: Celesteela
|-damage|p2a: Celesteela|14/100
|move|p2a: Celesteela|Leech Seed|p1a: Noivern
|-start|p1a: Noivern|move: Leech Seed
|
|-heal|p2a: Celesteela|20/100|[from] item: Leftovers
|-damage|p1a: Noivern|49/100|[from] Leech Seed|[of] p2a: Celesteela
|-heal|p2a: Celesteela|29/100|[silent]
|upkeep
|turn|15
|
|t:|1656768209
|switch|p1a: Nidoqueen|Nidoqueen, F|88/100
|move|p2a: Celesteela|Air Slash|p1a: Nidoqueen
|-damage|p1a: Nidoqueen|57/100
|
|-heal|p2a: Celesteela|35/100|[from] item: Leftovers
|upkeep
|turn|16
|
|t:|1656768215
|move|p1a: Nidoqueen|Thunderbolt|p2a: Celesteela
|-supereffective|p2a: Celesteela
|-damage|p2a: Celesteela|0 fnt
|faint|p2a: Celesteela
|
|upkeep
|
|t:|1656768222
|switch|p2a: Azumarill|Azumarill, F|100/100
|-damage|p2a: Azumarill|88/100|[from] Stealth Rock
|turn|17
|
|t:|1656768231
|move|p2a: Azumarill|Aqua Tail|p1a: Nidoqueen
|-supereffective|p1a: Nidoqueen
|-damage|p1a: Nidoqueen|0 fnt
|faint|p1a: Nidoqueen
|
|upkeep
|
|t:|1656768235
|switch|p1a: Registeel|Registeel|100/100
|turn|18
|
|t:|1656768238
|move|p2a: Azumarill|Aqua Tail|p1a: Registeel
|-damage|p1a: Registeel|68/100
|move|p1a: Registeel|Iron Defense|p1a: Registeel
|-boost|p1a: Registeel|def|2
|
|upkeep
|turn|19
|
|t:|1656768246
|move|p2a: Azumarill|Aqua Tail|p1a: Registeel
|-damage|p1a: Registeel|51/100
|move|p1a: Registeel|Body Press|p2a: Azumarill
|-resisted|p2a: Azumarill
|-damage|p2a: Azumarill|53/100
|
|upkeep
|turn|20
|
|t:|1656768254
|move|p2a: Azumarill|Aqua Tail|p1a: Registeel
|-damage|p1a: Registeel|35/100
|move|p1a: Registeel|Rest|p1a: Registeel
|-status|p1a: Registeel|slp|[from] move: Rest
|-heal|p1a: Registeel|100/100 slp|[silent]
|-enditem|p1a: Registeel|Chesto Berry|[eat]
|-curestatus|p1a: Registeel|slp|[msg]
|
|upkeep
|turn|21
|
|t:|1656768262
|move|p2a: Azumarill|Aqua Tail|p1a: Registeel
|-damage|p1a: Registeel|83/100
|move|p1a: Registeel|Amnesia|p1a: Registeel
|-boost|p1a: Registeel|spd|2
|
|upkeep
|turn|22
|
|t:|1656768266
|move|p2a: Azumarill|Aqua Tail|p1a: Registeel
|-damage|p1a: Registeel|68/100
|move|p1a: Registeel|Iron Defense|p1a: Registeel
|-boost|p1a: Registeel|def|2
|
|upkeep
|turn|23
|
|t:|1656768271
|move|p2a: Azumarill|Aqua Tail|p1a: Registeel
|-damage|p1a: Registeel|58/100
|move|p1a: Registeel|Body Press|p2a: Azumarill
|-resisted|p2a: Azumarill
|-damage|p2a: Azumarill|0 fnt
|faint|p2a: Azumarill
|
|upkeep
|
|t:|1656768277
|switch|p2a: Hydreigon|Hydreigon, F|100/100
|-damage|p2a: Hydreigon|88/100|[from] Stealth Rock
|turn|24
|
|t:|1656768280
|move|p2a: Hydreigon|Fire Blast|p1a: Registeel|[miss]
|-miss|p2a: Hydreigon|p1a: Registeel
|move|p1a: Registeel|Body Press|p2a: Hydreigon
|-supereffective|p2a: Hydreigon
|-damage|p2a: Hydreigon|0 fnt
|faint|p2a: Hydreigon
|
|upkeep
|-message|kyozinn334 forfeited.
|
|win|congelateur-sama
|n|☆congelateur-sama|congelateursama
|n|☆kyozinn334|kyozinn334
|n| ShinyVolcanionGet!|shinyvolcanionget
