|j|☆Rabzzz
|j|☆Frostytheswoleman
|t:|1667397956
|gametype|singles
|player|p1|Rabzzz|2|1474
|player|p2|Frostytheswoleman|brawly|1351
|teamsize|p1|6
|teamsize|p2|6
|gen|8
|tier|[Gen 8] UU
|rated|
|rule|Sleep Clause Mod: Limit one foe put to sleep
|rule|Species Clause: Limit one of each Pokémon
|rule|OHKO Clause: OHKO moves are banned
|rule|Evasion Items Clause: Evasion items are banned
|rule|Evasion Moves Clause: Evasion moves are banned
|rule|Endless Battle Clause: Forcing endless battles is banned
|rule|HP Percentage Mod: HP is shown in percentages
|rule|Dynamax Clause: You cannot dynamax
|clearpoke
|poke|p1|Keldeo-Resolute|
|poke|p1|Mamoswine, M|
|poke|p1|Celesteela|
|poke|p1|Zarude|
|poke|p1|Rotom-Heat|
|poke|p1|Weezing-Galar, F|
|poke|p2|Sneasel, F|
|poke|p2|Necrozma|
|poke|p2|Noivern, F|
|poke|p2|Milotic, F|
|poke|p2|Crawdaunt, F|
|poke|p2|Zygarde-10%|
|teampreview
|inactive|Battle timer is ON: inactive players will automatically lose when time's up. (requested by Frostytheswoleman)
|
|t:|1667397981
|start
|switch|p1a: Mamoswine|Mamoswine, M|100/100
|switch|p2a: Nocturna|Noivern, F, shiny|100/100
|-item|p1a: Mamoswine|Choice Band|[from] ability: Frisk|[of] p2a: Nocturna|[identify]
|turn|1
|
|t:|1667398000
|switch|p2a: Kitkallos|Milotic, F, shiny|100/100
|switch|p1a: Rotom|Rotom-Heat|100/100
|
|-status|p2a: Kitkallos|brn|[from] item: Flame Orb
|upkeep
|turn|2
|c|☆Frostytheswoleman|Gl
|
|t:|1667398010
|move|p1a: Rotom|Volt Switch|p2a: Kitkallos
|-supereffective|p2a: Kitkallos
|-damage|p2a: Kitkallos|64/100 brn
|
|t:|1667398017
|switch|p1a: Keldeo|Keldeo-Resolute|100/100|[from]move: Volt Switch
|move|p2a: Kitkallos|Scald|p1a: Keldeo
|-resisted|p1a: Keldeo
|-damage|p1a: Keldeo|84/100
|-status|p1a: Keldeo|brn
|
|-damage|p1a: Keldeo|78/100 brn|[from] brn
|-damage|p2a: Kitkallos|58/100 brn|[from] brn
|upkeep
|turn|3
|
|t:|1667398027
|move|p1a: Keldeo|Secret Sword|p2a: Kitkallos
|-damage|p2a: Kitkallos|23/100 brn
|move|p2a: Kitkallos|Recover|p2a: Kitkallos
|-heal|p2a: Kitkallos|73/100 brn
|
|-damage|p1a: Keldeo|71/100 brn|[from] brn
|-damage|p2a: Kitkallos|66/100 brn|[from] brn
|upkeep
|turn|4
|
|t:|1667398040
|switch|p1a: Zarude|Zarude|100/100
|move|p2a: Kitkallos|Recover|p2a: Kitkallos
|-heal|p2a: Kitkallos|100/100 brn
|
|-damage|p2a: Kitkallos|94/100 brn|[from] brn
|upkeep
|turn|5
|
|t:|1667398050
|move|p1a: Zarude|U-turn|p2a: Kitkallos
|-damage|p2a: Kitkallos|81/100 brn
|
|t:|1667398053
|switch|p1a: Celesteela|Celesteela|100/100|[from]move: U-turn
|move|p2a: Kitkallos|Scald|p1a: Celesteela
|-damage|p1a: Celesteela|83/100
|
|-heal|p1a: Celesteela|89/100|[from] item: Leftovers
|-damage|p2a: Kitkallos|75/100 brn|[from] brn
|upkeep
|turn|6
|
|t:|1667398060
|move|p2a: Kitkallos|Scald|p1a: Celesteela
|-damage|p1a: Celesteela|70/100
|move|p1a: Celesteela|Leech Seed|p2a: Kitkallos|[miss]
|-miss|p1a: Celesteela|p2a: Kitkallos
|
|-heal|p1a: Celesteela|76/100|[from] item: Leftovers
|-damage|p2a: Kitkallos|69/100 brn|[from] brn
|upkeep
|turn|7
|
|t:|1667398070
|move|p1a: Celesteela|Protect|p1a: Celesteela
|-singleturn|p1a: Celesteela|Protect
|move|p2a: Kitkallos|Scald|p1a: Celesteela
|-activate|p1a: Celesteela|move: Protect
|
|-heal|p1a: Celesteela|82/100|[from] item: Leftovers
|-damage|p2a: Kitkallos|63/100 brn|[from] brn
|upkeep
|turn|8
|
|t:|1667398074
|move|p2a: Kitkallos|Scald|p1a: Celesteela
|-damage|p1a: Celesteela|65/100
|move|p1a: Celesteela|Leech Seed|p2a: Kitkallos
|-start|p2a: Kitkallos|move: Leech Seed
|
|-heal|p1a: Celesteela|71/100|[from] item: Leftovers
|-damage|p2a: Kitkallos|51/100 brn|[from] Leech Seed|[of] p1a: Celesteela
|-heal|p1a: Celesteela|83/100|[silent]
|-damage|p2a: Kitkallos|45/100 brn|[from] brn
|upkeep
|turn|9
|
|t:|1667398088
|switch|p1a: Keldeo|Keldeo-Resolute|71/100 brn
|move|p2a: Kitkallos|Recover|p2a: Kitkallos
|-heal|p2a: Kitkallos|95/100 brn
|
|-damage|p2a: Kitkallos|82/100 brn|[from] Leech Seed|[of] p1a: Keldeo
|-heal|p1a: Keldeo|87/100 brn|[silent]
|-damage|p1a: Keldeo|80/100 brn|[from] brn
|-damage|p2a: Kitkallos|76/100 brn|[from] brn
|upkeep
|turn|10
|
|t:|1667398097
|move|p1a: Keldeo|Air Slash|p2a: Kitkallos
|-damage|p2a: Kitkallos|48/100 brn
|move|p2a: Kitkallos|Recover|p2a: Kitkallos
|-heal|p2a: Kitkallos|98/100 brn
|
|-damage|p2a: Kitkallos|86/100 brn|[from] Leech Seed|[of] p1a: Keldeo
|-heal|p1a: Keldeo|96/100 brn|[silent]
|-damage|p1a: Keldeo|89/100 brn|[from] brn
|-damage|p2a: Kitkallos|80/100 brn|[from] brn
|upkeep
|turn|11
|
|t:|1667398107
|switch|p2a: Nocturna|Noivern, F, shiny|100/100
|-item|p1a: Keldeo|Choice Specs|[from] ability: Frisk|[of] p2a: Nocturna|[identify]
|move|p1a: Keldeo|Air Slash|p2a: Nocturna
|-damage|p2a: Nocturna|52/100
|
|-damage|p1a: Keldeo|83/100 brn|[from] brn
|upkeep
|turn|12
|
|t:|1667398116
|switch|p1a: Celesteela|Celesteela|83/100
|move|p2a: Nocturna|U-turn|p1a: Celesteela
|-resisted|p1a: Celesteela
|-damage|p1a: Celesteela|81/100
|
|t:|1667398125
|switch|p2a: Crawdaunt|Crawdaunt, F, shiny|100/100|[from]move: U-turn
|
|-heal|p1a: Celesteela|87/100|[from] item: Leftovers
|upkeep
|turn|13
|
|t:|1667398131
|move|p1a: Celesteela|Protect|p1a: Celesteela
|-singleturn|p1a: Celesteela|Protect
|move|p2a: Crawdaunt|Knock Off|p1a: Celesteela
|-activate|p1a: Celesteela|move: Protect
|
|-heal|p1a: Celesteela|93/100|[from] item: Leftovers
|upkeep
|turn|14
|
|t:|1667398135
|switch|p1a: Weezing|Weezing-Galar, F|100/100
|move|p2a: Crawdaunt|Knock Off|p1a: Weezing
|-resisted|p1a: Weezing
|-damage|p1a: Weezing|64/100
|-enditem|p1a: Weezing|Leftovers|[from] move: Knock Off|[of] p2a: Crawdaunt
|
|upkeep
|turn|15
|
|t:|1667398143
|switch|p2a: Kitkallos|Milotic, F, shiny|80/100 brn
|move|p1a: Weezing|Strange Steam|p2a: Kitkallos
|-damage|p2a: Kitkallos|61/100 brn
|
|-damage|p2a: Kitkallos|55/100 brn|[from] brn
|upkeep
|turn|16
|
|t:|1667398153
|switch|p1a: Zarude|Zarude|100/100
|move|p2a: Kitkallos|Recover|p2a: Kitkallos
|-heal|p2a: Kitkallos|100/100 brn
|
|-damage|p2a: Kitkallos|94/100 brn|[from] brn
|upkeep
|turn|17
|
|t:|1667398158
|move|p1a: Zarude|U-turn|p2a: Kitkallos
|-damage|p2a: Kitkallos|82/100 brn
|
|t:|1667398161
|switch|p1a: Celesteela|Celesteela|93/100|[from]move: U-turn
|move|p2a: Kitkallos|Recover|p2a: Kitkallos
|-heal|p2a: Kitkallos|100/100 brn
|
|-heal|p1a: Celesteela|99/100|[from] item: Leftovers
|-damage|p2a: Kitkallos|94/100 brn|[from] brn
|upkeep
|turn|18
|
|t:|1667398168
|move|p2a: Kitkallos|Scald|p1a: Celesteela
|-damage|p1a: Celesteela|81/100
|move|p1a: Celesteela|Leech Seed|p2a: Kitkallos
|-start|p2a: Kitkallos|move: Leech Seed
|
|-heal|p1a: Celesteela|87/100|[from] item: Leftovers
|-damage|p2a: Kitkallos|82/100 brn|[from] Leech Seed|[of] p1a: Celesteela
|-heal|p1a: Celesteela|99/100|[silent]
|-damage|p2a: Kitkallos|76/100 brn|[from] brn
|upkeep
|turn|19
|
|t:|1667398179
|switch|p2a: Crawdaunt|Crawdaunt, F, shiny|100/100
|switch|p1a: Weezing|Weezing-Galar, F|64/100
|
|upkeep
|turn|20
|
|t:|1667398186
|switch|p1a: Zarude|Zarude|100/100
|move|p2a: Crawdaunt|Crabhammer|p1a: Zarude
|-resisted|p1a: Zarude
|-damage|p1a: Zarude|53/100
|
|upkeep
|turn|21
|
|t:|1667398197
|switch|p2a: Nocturna|Noivern, F, shiny|52/100
|-item|p1a: Zarude|Choice Scarf|[from] ability: Frisk|[of] p2a: Nocturna|[identify]
|move|p1a: Zarude|U-turn|p2a: Nocturna
|-resisted|p2a: Nocturna
|-damage|p2a: Nocturna|37/100
|
|t:|1667398202
|switch|p1a: Mamoswine|Mamoswine, M|100/100|[from]move: U-turn
|
|upkeep
|turn|22
|
|t:|1667398212
|switch|p2a: Kitkallos|Milotic, F, shiny|76/100 brn
|move|p1a: Mamoswine|Earthquake|p2a: Kitkallos
|-damage|p2a: Kitkallos|32/100 brn
|
|-damage|p2a: Kitkallos|26/100 brn|[from] brn
|upkeep
|turn|23
|
|t:|1667398230
|switch|p1a: Celesteela|Celesteela|99/100
|move|p2a: Kitkallos|Recover|p2a: Kitkallos
|-heal|p2a: Kitkallos|76/100 brn
|
|-heal|p1a: Celesteela|100/100|[from] item: Leftovers
|-damage|p2a: Kitkallos|70/100 brn|[from] brn
|upkeep
|turn|24
|
|t:|1667398237
|move|p2a: Kitkallos|Scald|p1a: Celesteela
|-damage|p1a: Celesteela|81/100
|-status|p1a: Celesteela|brn
|move|p1a: Celesteela|Leech Seed|p2a: Kitkallos
|-start|p2a: Kitkallos|move: Leech Seed
|
|-heal|p1a: Celesteela|87/100 brn|[from] item: Leftovers
|-damage|p2a: Kitkallos|58/100 brn|[from] Leech Seed|[of] p1a: Celesteela
|-heal|p1a: Celesteela|99/100 brn|[silent]
|-damage|p2a: Kitkallos|52/100 brn|[from] brn
|-damage|p1a: Celesteela|94/100 brn|[from] brn
|upkeep
|turn|25
|
|t:|1667398248
|switch|p1a: Zarude|Zarude|53/100
|move|p2a: Kitkallos|Recover|p2a: Kitkallos
|-heal|p2a: Kitkallos|100/100 brn
|
|-damage|p2a: Kitkallos|88/100 brn|[from] Leech Seed|[of] p1a: Zarude
|-heal|p1a: Zarude|67/100|[silent]
|-damage|p2a: Kitkallos|82/100 brn|[from] brn
|upkeep
|turn|26
|
|t:|1667398253
|move|p1a: Zarude|Power Whip|p2a: Kitkallos|[miss]
|-miss|p1a: Zarude|p2a: Kitkallos
|move|p2a: Kitkallos|Ice Beam|p1a: Zarude
|-supereffective|p1a: Zarude
|-damage|p1a: Zarude|21/100
|
|-damage|p2a: Kitkallos|70/100 brn|[from] Leech Seed|[of] p1a: Zarude
|-heal|p1a: Zarude|35/100|[silent]
|-damage|p2a: Kitkallos|63/100 brn|[from] brn
|upkeep
|turn|27
|
|t:|1667398263
|switch|p1a: Mamoswine|Mamoswine, M|100/100
|switch|p2a: Nocturna|Noivern, F, shiny|37/100
|-item|p1a: Mamoswine|Choice Band|[from] ability: Frisk|[of] p2a: Nocturna|[identify]
|
|upkeep
|turn|28
|
|t:|1667398268
|switch|p2a: Kitkallos|Milotic, F, shiny|63/100 brn
|move|p1a: Mamoswine|Ice Shard|p2a: Kitkallos
|-resisted|p2a: Kitkallos
|-damage|p2a: Kitkallos|56/100 brn
|
|-damage|p2a: Kitkallos|49/100 brn|[from] brn
|upkeep
|turn|29
|
|t:|1667398275
|switch|p1a: Celesteela|Celesteela|94/100 brn
|switch|p2a: Crawdaunt|Crawdaunt, F, shiny|100/100
|
|-heal|p1a: Celesteela|99/100 brn|[from] item: Leftovers
|-damage|p1a: Celesteela|94/100 brn|[from] brn
|upkeep
|turn|30
|
|t:|1667398284
|move|p1a: Celesteela|Protect|p1a: Celesteela
|-singleturn|p1a: Celesteela|Protect
|move|p2a: Crawdaunt|Crabhammer|p1a: Celesteela
|-activate|p1a: Celesteela|move: Protect
|
|-heal|p1a: Celesteela|99/100 brn|[from] item: Leftovers
|-damage|p1a: Celesteela|94/100 brn|[from] brn
|upkeep
|turn|31
|
|t:|1667398299
|switch|p1a: Keldeo|Keldeo-Resolute|83/100 brn
|move|p2a: Crawdaunt|Crabhammer|p1a: Keldeo
|-resisted|p1a: Keldeo
|-damage|p1a: Keldeo|23/100 brn
|
|-damage|p1a: Keldeo|17/100 brn|[from] brn
|upkeep
|turn|32
|
|t:|1667398316
|switch|p2a: Nocturna|Noivern, F, shiny|37/100
|-item|p1a: Keldeo|Choice Specs|[from] ability: Frisk|[of] p2a: Nocturna|[identify]
|move|p1a: Keldeo|Secret Sword|p2a: Nocturna
|-resisted|p2a: Nocturna
|-damage|p2a: Nocturna|0 fnt
|faint|p2a: Nocturna
|
|-damage|p1a: Keldeo|11/100 brn|[from] brn
|upkeep
|
|t:|1667398323
|switch|p2a: Narga|Sneasel, F, shiny|100/100
|turn|33
|
|t:|1667398331
|switch|p1a: Weezing|Weezing-Galar, F|64/100
|move|p2a: Narga|Knock Off|p1a: Weezing
|-resisted|p1a: Weezing
|-damage|p1a: Weezing|53/100
|-damage|p2a: Narga|91/100|[from] item: Life Orb
|
|upkeep
|turn|34
|
|t:|1667398343
|switch|p1a: Mamoswine|Mamoswine, M|100/100
|move|p2a: Narga|Triple Axel|p1a: Mamoswine
|-damage|p1a: Mamoswine|94/100
|-damage|p1a: Mamoswine|80/100
|-damage|p1a: Mamoswine|63/100
|-hitcount|p1a: Mamoswine|3
|-damage|p2a: Narga|81/100|[from] item: Life Orb
|
|upkeep
|turn|35
|
|t:|1667398352
|switch|p1a: Weezing|Weezing-Galar, F|53/100
|move|p2a: Narga|Low Kick|p1a: Weezing
|-resisted|p1a: Weezing
|-damage|p1a: Weezing|50/100
|-damage|p2a: Narga|71/100|[from] item: Life Orb
|
|upkeep
|turn|36
|
|t:|1667398358
|move|p2a: Narga|Triple Axel|p1a: Weezing
|-damage|p1a: Weezing|43/100
|-crit|p1a: Weezing
|-damage|p1a: Weezing|22/100
|-hitcount|p1a: Weezing|2
|-damage|p2a: Narga|61/100|[from] item: Life Orb
|move|p1a: Weezing|Strange Steam|p2a: Narga
|-supereffective|p2a: Narga
|-damage|p2a: Narga|0 fnt
|faint|p2a: Narga
|
|upkeep
|
|t:|1667398365
|switch|p2a: Zygarde|Zygarde-10%|100/100
|-ability|p2a: Zygarde|Aura Break
|turn|37
|
|t:|1667398369
|move|p2a: Zygarde|Dragon Dance|p2a: Zygarde
|-boost|p2a: Zygarde|atk|1
|-boost|p2a: Zygarde|spe|1
|move|p1a: Weezing|Strange Steam|p2a: Zygarde
|-supereffective|p2a: Zygarde
|-damage|p2a: Zygarde|11/100
|
|upkeep
|turn|38
|
|t:|1667398385
|move|p2a: Zygarde|Thousand Arrows|p1a: Weezing
|-supereffective|p1a: Weezing
|-damage|p1a: Weezing|0 fnt
|faint|p1a: Weezing
|-damage|p2a: Zygarde|1/100|[from] item: Life Orb
|
|upkeep
|inactive|Rabzzz has 120 seconds left.
|
|t:|1667398412
|switch|p1a: Celesteela|Celesteela|94/100 brn
|turn|39
|
|t:|1667398415
|move|p2a: Zygarde|Thousand Arrows|p1a: Celesteela
|-damage|p1a: Celesteela|38/100 brn
|-start|p1a: Celesteela|Smack Down
|-damage|p2a: Zygarde|0 fnt|[from] item: Life Orb
|faint|p2a: Zygarde
|move|p1a: Celesteela|Heavy Slam|p2: Zygarde|[notarget]
|-fail|p1a: Celesteela
|
|-heal|p1a: Celesteela|44/100 brn|[from] item: Leftovers
|-damage|p1a: Celesteela|38/100 brn|[from] brn
|upkeep
|
|t:|1667398424
|switch|p2a: Crawdaunt|Crawdaunt, F, shiny|100/100
|turn|40
|
|t:|1667398432
|move|p2a: Crawdaunt|Knock Off|p1a: Celesteela
|-damage|p1a: Celesteela|0 fnt
|-enditem|p1a: Celesteela|Leftovers|[from] move: Knock Off|[of] p2a: Crawdaunt
|faint|p1a: Celesteela
|
|upkeep
|
|t:|1667398450
|switch|p1a: Keldeo|Keldeo-Resolute|11/100 brn
|turn|41
|
|t:|1667398460
|switch|p2a: Kitkallos|Milotic, F, shiny|49/100 brn
|move|p1a: Keldeo|Secret Sword|p2a: Kitkallos
|-damage|p2a: Kitkallos|17/100 brn
|
|-damage|p1a: Keldeo|5/100 brn|[from] brn
|-damage|p2a: Kitkallos|11/100 brn|[from] brn
|upkeep
|turn|42
|
|t:|1667398462
|move|p1a: Keldeo|Secret Sword|p2a: Kitkallos
|-damage|p2a: Kitkallos|0 fnt
|faint|p2a: Kitkallos
|
|-damage|p1a: Keldeo|0 fnt|[from] brn
|faint|p1a: Keldeo
|upkeep
|
|t:|1667398475
|switch|p1a: Zarude|Zarude|35/100
|switch|p2a: Necrozma|Necrozma, shiny|100/100
|turn|43
|
|t:|1667398480
|move|p1a: Zarude|Darkest Lariat|p2a: Necrozma
|-supereffective|p2a: Necrozma
|-damage|p2a: Necrozma|51/100
|move|p2a: Necrozma|Trick Room|p2a: Necrozma
|-fieldstart|move: Trick Room|[of] p2a: Necrozma
|
|-heal|p2a: Necrozma|57/100|[from] item: Leftovers
|upkeep
|turn|44
|
|t:|1667398496
|switch|p2a: Crawdaunt|Crawdaunt, F, shiny|100/100
|move|p1a: Zarude|Darkest Lariat|p2a: Crawdaunt
|-resisted|p2a: Crawdaunt
|-damage|p2a: Crawdaunt|69/100
|
|upkeep
|turn|45
|
|t:|1667398510
|switch|p1a: Rotom|Rotom-Heat|100/100
|move|p2a: Crawdaunt|Crabhammer|p1a: Rotom|[miss]
|-miss|p2a: Crawdaunt|p1a: Rotom
|
|upkeep
|turn|46
|
|t:|1667398514
|move|p2a: Crawdaunt|Crabhammer|p1a: Rotom
|-supereffective|p1a: Rotom
|-damage|p1a: Rotom|0 fnt
|faint|p1a: Rotom
|
|upkeep
|
|t:|1667398533
|switch|p1a: Zarude|Zarude|35/100
|turn|47
|
|t:|1667398539
|move|p2a: Crawdaunt|Crabhammer|p1a: Zarude
|-resisted|p1a: Zarude
|-crit|p1a: Zarude
|-damage|p1a: Zarude|0 fnt
|faint|p1a: Zarude
|
|-fieldend|move: Trick Room
|upkeep
|
|t:|1667398541
|switch|p1a: Mamoswine|Mamoswine, M|63/100
|turn|48
|
|t:|1667398544
|switch|p2a: Necrozma|Necrozma, shiny|57/100
|move|p1a: Mamoswine|Earthquake|p2a: Necrozma
|-damage|p2a: Necrozma|0 fnt
|faint|p2a: Necrozma
|
|upkeep
|
|t:|1667398546
|switch|p2a: Crawdaunt|Crawdaunt, F, shiny|69/100
|turn|49
|
|t:|1667398547
|move|p2a: Crawdaunt|Aqua Jet|p1a: Mamoswine
|-supereffective|p1a: Mamoswine
|-damage|p1a: Mamoswine|0 fnt
|faint|p1a: Mamoswine
|
|win|Frostytheswoleman
|raw|Rabzzz's rating: 1474 &rarr; <strong>1447</strong><br />(-27 for losing)
|raw|Frostytheswoleman's rating: 1351 &rarr; <strong>1378</strong><br />(+27 for winning)
|l|☆Rabzzz
|c|☆Frostytheswoleman|Gg
||Ladder isn't responding, score probably updated but might not have (Request timeout).
