|j|☆Sushis aux Sucres
|j|☆Moutemoute
|t:|1643410508
|gametype|singles
|player|p1|Sushis aux Sucres|idol|
|player|p2|Moutemoute|#moutemoute|
|teamsize|p1|6
|teamsize|p2|6
|gen|8
|tier|[Gen 8] UU
|rated|Tournament battle
|rule|Sleep Clause Mod: Limit one foe put to sleep
|rule|Species Clause: Limit one of each Pokémon
|rule|OHKO Clause: OHKO moves are banned
|rule|Evasion Moves Clause: Evasion moves are banned
|rule|Endless Battle Clause: Forcing endless battles is banned
|rule|HP Percentage Mod: HP is shown in percentages
|rule|Dynamax Clause: You cannot dynamax
|clearpoke
|poke|p1|Tangrowth, M|
|poke|p1|Slowking, L99, M|
|poke|p1|Moltres-Galar|
|poke|p1|Klefki, F|
|poke|p1|Lycanroc-Dusk, F|
|poke|p1|Swampert, F|
|poke|p2|Keldeo-Resolute|
|poke|p2|Swampert, M|
|poke|p2|Tentacruel, M|
|poke|p2|Tapu Bulu|
|poke|p2|Zygarde-10%|
|poke|p2|Celesteela|
|teampreview
|j| Dunoks
|c|☆Moutemoute|hf
|j| hariyana grande
|c|☆Sushis aux Sucres|u2
|j| Micciu20250
|j| Arxtric
|c| hariyana grande|dog vs dog
|j|+Aqua8Jet
|
|t:|1643410577
|start
|switch|p1a: Slowking|Slowking, L99, M|100/100
|switch|p2a: Swampert|Swampert, M|100/100
|turn|1
|
|t:|1643410605
|move|p2a: Swampert|Stealth Rock|p1a: Slowking
|-sidestart|p1: Sushis aux Sucres|move: Stealth Rock
|move|p1a: Slowking|Scald|p2a: Swampert
|-damage|p2a: Swampert|84/100
|
|-heal|p2a: Swampert|90/100|[from] item: Leftovers
|upkeep
|turn|2
|j| Arch en Ciel 22
|
|t:|1643410614
|move|p2a: Swampert|Toxic|p1a: Slowking
|-status|p1a: Slowking|tox
|move|p1a: Slowking|Teleport|p1a: Slowking
|
|t:|1643410615
|switch|p1a: Tangrowth|Tangrowth, M|100/100|[from]move: Teleport
|-damage|p1a: Tangrowth|88/100|[from] Stealth Rock
|
|-heal|p2a: Swampert|96/100|[from] item: Leftovers
|upkeep
|turn|3
|
|t:|1643410624
|switch|p2a: Tentacruel|Tentacruel, M|100/100
|move|p1a: Tangrowth|Knock Off|p2a: Tentacruel
|-damage|p2a: Tentacruel|78/100
|-enditem|p2a: Tentacruel|Black Sludge|[from] move: Knock Off|[of] p1a: Tangrowth
|
|upkeep
|turn|4
|
|t:|1643410636
|switch|p1a: Klefki|Klefki, F|100/100
|-damage|p1a: Klefki|94/100|[from] Stealth Rock
|move|p2a: Tentacruel|Knock Off|p1a: Klefki
|-resisted|p1a: Klefki
|-damage|p1a: Klefki|86/100
|-enditem|p1a: Klefki|Leftovers|[from] move: Knock Off|[of] p2a: Tentacruel
|
|upkeep
|turn|5
|
|t:|1643410643
|move|p1a: Klefki|Defog|p2a: Tentacruel
|-unboost|p2a: Tentacruel|evasion|1
|-sideend|p1: Sushis aux Sucres|Stealth Rock|[from] move: Defog|[of] p1a: Klefki
|move|p2a: Tentacruel|Scald|p1a: Klefki
|-damage|p1a: Klefki|67/100
|
|upkeep
|turn|6
|
|t:|1643410648
|move|p1a: Klefki|Thunder Wave|p2a: Tentacruel
|-status|p2a: Tentacruel|par
|move|p2a: Tentacruel|Knock Off|p1a: Klefki
|-resisted|p1a: Klefki
|-damage|p1a: Klefki|62/100
|
|upkeep
|turn|7
|
|t:|1643410670
|switch|p1a: Slowking|Slowking, L99, M|100/100 tox
|move|p2a: Tentacruel|Scald|p1a: Slowking
|-resisted|p1a: Slowking
|-damage|p1a: Slowking|94/100 tox
|
|-damage|p1a: Slowking|87/100 tox|[from] psn
|upkeep
|turn|8
|
|t:|1643410682
|switch|p2a: Swampert|Swampert, M|96/100
|move|p1a: Slowking|Psyshock|p2a: Swampert
|-damage|p2a: Swampert|72/100
|
|-heal|p2a: Swampert|78/100|[from] item: Leftovers
|-damage|p1a: Slowking|75/100 tox|[from] psn
|upkeep
|turn|9
|
|t:|1643410693
|switch|p1a: Tangrowth|Tangrowth, M|100/100
|move|p2a: Swampert|Stealth Rock|p1a: Tangrowth
|-sidestart|p1: Sushis aux Sucres|move: Stealth Rock
|
|-heal|p2a: Swampert|84/100|[from] item: Leftovers
|upkeep
|turn|10
|
|t:|1643410704
|move|p2a: Swampert|Toxic|p1a: Tangrowth
|-status|p1a: Tangrowth|tox
|move|p1a: Tangrowth|Knock Off|p2a: Swampert
|-damage|p2a: Swampert|62/100
|-enditem|p2a: Swampert|Leftovers|[from] move: Knock Off|[of] p1a: Tangrowth
|
|-damage|p1a: Tangrowth|94/100 tox|[from] psn
|upkeep
|turn|11
|
|t:|1643410728
|move|p2a: Swampert|Flip Turn|p1a: Tangrowth
|-resisted|p1a: Tangrowth
|-damage|p1a: Tangrowth|88/100 tox
|-damage|p2a: Swampert|45/100|[from] item: Rocky Helmet|[of] p1a: Tangrowth
|
|t:|1643410732
|switch|p2a: Tentacruel|Tentacruel, M|78/100 par|[from]move: Flip Turn
|move|p1a: Tangrowth|Knock Off|p2a: Tentacruel
|-damage|p2a: Tentacruel|62/100 par
|
|-damage|p1a: Tangrowth|75/100 tox|[from] psn
|upkeep
|turn|12
|
|t:|1643410748
|switch|p2a: Zygarde|Zygarde-10%|100/100
|-ability|p2a: Zygarde|Aura Break
|switch|p1a: Klefki|Klefki, F|62/100
|-damage|p1a: Klefki|56/100|[from] Stealth Rock
|
|upkeep
|turn|13
|
|t:|1643410756
|switch|p1a: Tangrowth|Tangrowth, M|100/100 tox
|-damage|p1a: Tangrowth|88/100 tox|[from] Stealth Rock
|move|p2a: Zygarde|Thousand Arrows|p1a: Tangrowth
|-resisted|p1a: Tangrowth
|-damage|p1a: Tangrowth|73/100 tox
|
|-damage|p1a: Tangrowth|67/100 tox|[from] psn
|upkeep
|turn|14
|
|t:|1643410772
|switch|p2a: Tentacruel|Tentacruel, M|62/100 par
|move|p1a: Tangrowth|Synthesis|p1a: Tangrowth
|-heal|p1a: Tangrowth|100/100 tox
|
|-damage|p1a: Tangrowth|88/100 tox|[from] psn
|upkeep
|turn|15
|
|t:|1643410783
|switch|p2a: Zygarde|Zygarde-10%|100/100
|-ability|p2a: Zygarde|Aura Break
|switch|p1a: Klefki|Klefki, F|56/100
|-damage|p1a: Klefki|50/100|[from] Stealth Rock
|
|upkeep
|turn|16
|
|t:|1643410794
|switch|p1a: Tangrowth|Tangrowth, M|100/100 tox
|-damage|p1a: Tangrowth|88/100 tox|[from] Stealth Rock
|move|p2a: Zygarde|Thousand Waves|p1a: Tangrowth
|-resisted|p1a: Tangrowth
|-damage|p1a: Tangrowth|73/100 tox
|-activate|p1a: Tangrowth|trapped
|
|-damage|p1a: Tangrowth|66/100 tox|[from] psn
|upkeep
|turn|17
|
|t:|1643410813
|switch|p2a: Tentacruel|Tentacruel, M|62/100 par
|move|p1a: Tangrowth|Synthesis|p1a: Tangrowth
|-heal|p1a: Tangrowth|100/100 tox
|
|-damage|p1a: Tangrowth|88/100 tox|[from] psn
|upkeep
|turn|18
|
|t:|1643410822
|switch|p1a: Klefki|Klefki, F|50/100
|-damage|p1a: Klefki|44/100|[from] Stealth Rock
|move|p2a: Tentacruel|Scald|p1a: Klefki
|-damage|p1a: Klefki|24/100
|
|upkeep
|turn|19
|
|t:|1643410827
|switch|p2a: Swampert|Swampert, M|45/100
|move|p1a: Klefki|Defog|p2a: Swampert
|-unboost|p2a: Swampert|evasion|1
|-sideend|p1: Sushis aux Sucres|Stealth Rock|[from] move: Defog|[of] p1a: Klefki
|
|upkeep
|turn|20
|j| White Gehenna
|
|t:|1643410846
|move|p1a: Klefki|Play Rough|p2a: Swampert
|-damage|p2a: Swampert|19/100
|move|p2a: Swampert|Stealth Rock|p1a: Klefki
|-sidestart|p1: Sushis aux Sucres|move: Stealth Rock
|
|upkeep
|turn|21
|
|t:|1643410857
|move|p1a: Klefki|Play Rough|p2a: Swampert
|-damage|p2a: Swampert|0 fnt
|faint|p2a: Swampert
|
|upkeep
|
|t:|1643410861
|switch|p2a: Zygarde|Zygarde-10%|100/100
|-ability|p2a: Zygarde|Aura Break
|turn|22
|
|t:|1643410873
|move|p1a: Klefki|Defog|p2a: Zygarde
|-unboost|p2a: Zygarde|evasion|1
|-sideend|p1: Sushis aux Sucres|Stealth Rock|[from] move: Defog|[of] p1a: Klefki
|move|p2a: Zygarde|Thousand Arrows|p1a: Klefki
|-supereffective|p1a: Klefki
|-damage|p1a: Klefki|0 fnt
|faint|p1a: Klefki
|
|upkeep
|
|t:|1643410889
|switch|p1a: Tangrowth|Tangrowth, M|100/100 tox
|turn|23
|
|t:|1643410897
|switch|p2a: Tentacruel|Tentacruel, M|62/100 par
|switch|p1a: Lycanroc|Lycanroc-Dusk, F|100/100
|
|upkeep
|turn|24
|
|t:|1643410924
|switch|p2a: Celesteela|Celesteela|100/100
|move|p1a: Lycanroc|Stone Edge|p2a: Celesteela
|-damage|p2a: Celesteela|54/100
|-damage|p1a: Lycanroc|91/100|[from] item: Life Orb
|
|-heal|p2a: Celesteela|60/100|[from] item: Leftovers
|upkeep
|turn|25
|l| Arxtric
|c|☆Moutemoute|mama mia
|
|t:|1643410949
|switch|p1a: Slowking|Slowking, L99, M|100/100 tox
|move|p2a: Celesteela|Leech Seed|p1a: Slowking
|-start|p1a: Slowking|move: Leech Seed
|
|-heal|p2a: Celesteela|66/100|[from] item: Leftovers
|-damage|p1a: Slowking|88/100 tox|[from] Leech Seed|[of] p2a: Celesteela
|-heal|p2a: Celesteela|78/100|[silent]
|-damage|p1a: Slowking|82/100 tox|[from] psn
|upkeep
|turn|26
|c|☆Sushis aux Sucres|hihi
|j| Arxtric
|
|t:|1643410969
|move|p2a: Celesteela|Protect|p2a: Celesteela
|-singleturn|p2a: Celesteela|Protect
|move|p1a: Slowking|Teleport|p1a: Slowking
|
|t:|1643410971
|switch|p1a: Swampert|Swampert, F|100/100|[from]move: Teleport
|
|-heal|p2a: Celesteela|84/100|[from] item: Leftovers
|upkeep
|turn|27
|
|t:|1643410980
|switch|p2a: Tapu Bulu|Tapu Bulu|100/100
|-fieldstart|move: Grassy Terrain|[from] ability: Grassy Surge|[of] p2a: Tapu Bulu
|move|p1a: Swampert|Stealth Rock|p2a: Tapu Bulu
|-sidestart|p2: Moutemoute|move: Stealth Rock
|
|upkeep
|turn|28
|j|+pokemonisfun
|j| goofsta
|
|t:|1643410989
|switch|p1a: Tangrowth|Tangrowth, M|100/100 tox
|move|p2a: Tapu Bulu|Swords Dance|p2a: Tapu Bulu
|-boost|p2a: Tapu Bulu|atk|2
|
|-damage|p1a: Tangrowth|94/100 tox|[from] psn
|upkeep
|turn|29
|c|☆Moutemoute|sadge time
|c|☆Sushis aux Sucres|hum
|c|☆Moutemoute|how do i beat this
|c|☆Moutemoute|!dt dragon ascent
|raw|<ul class="utilichart"><li class="result"><span class="col movenamecol"><a href="https://dex.pokemonshowdown.com/moves/dragonascent">Dragon Ascent</a></span> <span class="col typecol"><img src="//play.pokemonshowdown.com/sprites/types/Flying.png" alt="Flying" width="32" height="14"><img src="//play.pokemonshowdown.com/sprites/categories/Physical.png" alt="Physical" width="32" height="14"></span> <span class="col labelcol"><em>Power</em><br>120</span> <span class="col widelabelcol"><em>Accuracy</em><br>100%</span> <span class="col pplabelcol"><em>PP</em><br>8</span> <span class="col movedesccol">Lowers the user's Defense and Sp. Def by 1.</span> </li><li style="clear:both"></li></ul>
|raw|<font size="1"><font color="#686868">Priority:</font> 0&nbsp;|&ThickSpace;<font color="#686868">Gen:</font> 6&nbsp;|&ThickSpace;&#10003; Contact&nbsp;|&ThickSpace;<font color="#686868">Z-Power:</font> 190&nbsp;|&ThickSpace;<font color="#686868">Dynamax Power:</font> 140&nbsp;|&ThickSpace;<font color="#686868">Target:</font> Any Pokémon</font>

|c|☆Moutemoute|ah yes
|c|☆Moutemoute|this
|c|+pokemonisfun|i want sushi
|c|+pokemonisfun|someone turn on timer
|c|+pokemonisfun|tbh
|c|☆Sushis aux Sucres|oml
|l| goofsta
|c| hariyana grande|megahorn him now
|c|☆Moutemoute|y but sushi with sugar
|c|☆Sushis aux Sucres|true
|c|☆Moutemoute|sounds awful
|c|☆Sushis aux Sucres|the bug horn
|c|+pokemonisfun|why is that awful
|c|+pokemonisfun|its just sweet sushi
|c|☆Moutemoute|puke
|c|+pokemonisfun|dude
|
|t:|1643411097
|move|p2a: Tapu Bulu|Megahorn|p1a: Tangrowth
|-supereffective|p1a: Tangrowth
|-damage|p1a: Tangrowth|1/100 tox
|-damage|p2a: Tapu Bulu|84/100|[from] item: Rocky Helmet|[of] p1a: Tangrowth
|move|p1a: Tangrowth|Sludge Bomb|p2a: Tapu Bulu
|-supereffective|p2a: Tapu Bulu
|-damage|p2a: Tapu Bulu|0 fnt
|faint|p2a: Tapu Bulu
|
|-heal|p1a: Tangrowth|7/100 tox|[from] Grassy Terrain
|-damage|p1a: Tangrowth|0 fnt|[from] psn
|faint|p1a: Tangrowth
|upkeep
|c|+pokemonisfun|people put sugar on everything
|c| hariyana grande|LOLOO
|c|☆Moutemoute|NOOOOOOOOOOOOOOOOOOOOO
|c| hariyana grande|LMFAOOOOOO
|c|☆Moutemoute|bulu
|c|☆Moutemoute|u so wack
|c|☆Sushis aux Sucres|oml
|c|☆Moutemoute|i swear
|c|+pokemonisfun|moute literally tried to bluff in a roomtour
|c|+pokemonisfun|...
|
|t:|1643411123
|switch|p2a: Celesteela|Celesteela|84/100
|switch|p1a: Swampert|Swampert, F|100/100
|-damage|p2a: Celesteela|71/100|[from] Stealth Rock
|turn|30
|c| hariyana grande|that was good
|c|+pokemonisfun|no it was cringe
|
|t:|1643411133
|move|p2a: Celesteela|Leech Seed|p1a: Swampert
|-start|p1a: Swampert|move: Leech Seed
|move|p1a: Swampert|Flip Turn|p2a: Celesteela
|-damage|p2a: Celesteela|57/100
|c| hariyana grande|it led to good laffs
|
|t:|1643411144
|switch|p1a: Slowking|Slowking, L99, M|100/100 tox|[from]move: Flip Turn
|
|-heal|p2a: Celesteela|63/100|[from] item: Leftovers
|-damage|p1a: Slowking|94/100 tox|[from] psn
|upkeep
|turn|31
|
|t:|1643411150
|move|p2a: Celesteela|Protect|p2a: Celesteela
|-singleturn|p2a: Celesteela|Protect
|move|p1a: Slowking|Scald|p2a: Celesteela
|-activate|p2a: Celesteela|move: Protect
|
|-heal|p2a: Celesteela|69/100|[from] item: Leftovers
|-heal|p1a: Slowking|100/100 tox|[from] Grassy Terrain
|-damage|p1a: Slowking|88/100 tox|[from] psn
|-fieldend|move: Grassy Terrain
|upkeep
|turn|32
|
|t:|1643411158
|move|p2a: Celesteela|Heavy Slam|p1a: Slowking
|-resisted|p1a: Slowking
|-damage|p1a: Slowking|69/100 tox
|move|p1a: Slowking|Scald|p2a: Celesteela
|-damage|p2a: Celesteela|51/100
|
|-heal|p2a: Celesteela|57/100|[from] item: Leftovers
|-damage|p1a: Slowking|51/100 tox|[from] psn
|upkeep
|turn|33
|c|+pokemonisfun|i love how slowking has its hands behind its back
|
|t:|1643411174
|move|p2a: Celesteela|Heavy Slam|p1a: Slowking
|-resisted|p1a: Slowking
|-damage|p1a: Slowking|29/100 tox
|move|p1a: Slowking|Teleport|p1a: Slowking
|c|+pokemonisfun|its cute
|
|t:|1643411178
|switch|p1a: Swampert|Swampert, F|100/100|[from]move: Teleport
|
|-heal|p2a: Celesteela|63/100|[from] item: Leftovers
|upkeep
|turn|34
|
|t:|1643411182
|move|p2a: Celesteela|Protect|p2a: Celesteela
|-singleturn|p2a: Celesteela|Protect
|move|p1a: Swampert|Flip Turn|p2a: Celesteela
|-activate|p2a: Celesteela|move: Protect
|
|-heal|p2a: Celesteela|69/100|[from] item: Leftovers
|upkeep
|turn|35
|
|t:|1643411186
|move|p2a: Celesteela|Flamethrower|p1a: Swampert
|-resisted|p1a: Swampert
|-damage|p1a: Swampert|90/100
|-status|p1a: Swampert|brn
|move|p1a: Swampert|Flip Turn|p2a: Celesteela
|-damage|p2a: Celesteela|62/100
|c| hariyana grande|gentleman's posture
|c|☆Moutemoute|ok
|c|☆Moutemoute|burn granted
|c|☆Moutemoute|nice
|c|☆Sushis aux Sucres|err
|
|t:|1643411199
|switch|p1a: Slowking|Slowking, L99, M|63/100 tox|[from]move: Flip Turn
|
|-heal|p2a: Celesteela|68/100|[from] item: Leftovers
|-damage|p1a: Slowking|56/100 tox|[from] psn
|upkeep
|turn|36
|c|+pokemonisfun|moute bragging about hax
|c|+pokemonisfun|toxic
|
|t:|1643411208
|switch|p2a: Tentacruel|Tentacruel, M|62/100 par
|-damage|p2a: Tentacruel|49/100 par|[from] Stealth Rock
|move|p1a: Slowking|Scald|p2a: Tentacruel
|-resisted|p2a: Tentacruel
|-damage|p2a: Tentacruel|39/100 par
|
|-damage|p1a: Slowking|44/100 tox|[from] psn
|upkeep
|turn|37
|c|☆Moutemoute|tenta
|c|☆Moutemoute|for the love of god
|c|☆Moutemoute|don't be para
|
|t:|1643411222
|switch|p1a: Swampert|Swampert, F|90/100 brn
|move|p2a: Tentacruel|Rapid Spin|p1a: Swampert
|-damage|p1a: Swampert|85/100 brn
|-boost|p2a: Tentacruel|spe|1
|-sideend|p2: Moutemoute|Stealth Rock|[from] move: Rapid Spin|[of] p2a: Tentacruel
|
|-heal|p1a: Swampert|91/100 brn|[from] item: Leftovers
|-damage|p1a: Swampert|85/100 brn|[from] brn
|upkeep
|turn|38
|
|t:|1643411241
|move|p2a: Tentacruel|Knock Off|p1a: Swampert
|-damage|p1a: Swampert|75/100 brn
|-enditem|p1a: Swampert|Leftovers|[from] move: Knock Off|[of] p2a: Tentacruel
|move|p1a: Swampert|Flip Turn|p2a: Tentacruel
|-resisted|p2a: Tentacruel
|-damage|p2a: Tentacruel|33/100 par
|
|t:|1643411244
|switch|p1a: Lycanroc|Lycanroc-Dusk, F|91/100|[from]move: Flip Turn
|
|upkeep
|turn|39
|c|+pokemonisfun|doge
|c|☆Moutemoute|not worried
|c|☆Moutemoute|i have the better doge
|
|t:|1643411278
|move|p1a: Lycanroc|Accelerock|p2a: Tentacruel
|-damage|p2a: Tentacruel|0 fnt
|faint|p2a: Tentacruel
|-damage|p1a: Lycanroc|81/100|[from] item: Life Orb
|
|upkeep
|
|t:|1643411280
|switch|p2a: Zygarde|Zygarde-10%|100/100
|-ability|p2a: Zygarde|Aura Break
|turn|40
|c|☆Moutemoute|oof off
|c|+pokemonisfun|its woof woof
|c|☆Sushis aux Sucres|hello
|c|☆Moutemoute|mine do oof oof
|j| Fairlumbo
|c|☆Moutemoute|time to reveal coil
|l| Arxtric
|
|t:|1643411397
|switch|p1a: Moltres|Moltres-Galar|100/100
|move|p2a: Zygarde|Thousand Arrows|p1a: Moltres
|-damage|p1a: Moltres|38/100
|-start|p1a: Moltres|Smack Down
|-ability|p1a: Moltres|Berserk|boost
|-boost|p1a: Moltres|spa|1
|
|upkeep
|turn|41
|c|☆Moutemoute|stronk
|
|t:|1643411416
|move|p2a: Zygarde|Thousand Arrows|p1a: Moltres
|-damage|p1a: Moltres|0 fnt
|faint|p1a: Moltres
|
|upkeep
|c|+pokemonisfun|doge
|c|☆Moutemoute|oof oof
|
|t:|1643411463
|switch|p1a: Slowking|Slowking, L99, M|77/100 tox
|turn|42
|
|t:|1643411484
|switch|p2a: Keldeo|Keldeo-Resolute|100/100
|move|p1a: Slowking|Scald|p2a: Keldeo
|-resisted|p2a: Keldeo
|-damage|p2a: Keldeo|87/100
|-status|p2a: Keldeo|brn
|
|-heal|p2a: Keldeo|93/100 brn|[from] item: Leftovers
|-damage|p1a: Slowking|71/100 tox|[from] psn
|-damage|p2a: Keldeo|87/100 brn|[from] brn
|upkeep
|turn|43
|l|+Aqua8Jet
|c|☆Moutemoute|this is fine
|c|☆Moutemoute|(it's not)
|
|t:|1643411499
|move|p2a: Keldeo|Substitute|p2a: Keldeo
|-start|p2a: Keldeo|Substitute
|-damage|p2a: Keldeo|62/100 brn
|move|p1a: Slowking|Psyshock|p2a: Keldeo
|-supereffective|p2a: Keldeo
|-end|p2a: Keldeo|Substitute
|
|-heal|p2a: Keldeo|68/100 brn|[from] item: Leftovers
|-damage|p1a: Slowking|59/100 tox|[from] psn
|-damage|p2a: Keldeo|62/100 brn|[from] brn
|upkeep
|turn|44
|
|t:|1643411506
|move|p2a: Keldeo|Substitute|p2a: Keldeo
|-start|p2a: Keldeo|Substitute
|-damage|p2a: Keldeo|37/100 brn
|move|p1a: Slowking|Psyshock|p2a: Keldeo
|-supereffective|p2a: Keldeo
|-crit|p2a: Keldeo
|-end|p2a: Keldeo|Substitute
|
|-heal|p2a: Keldeo|43/100 brn|[from] item: Leftovers
|-damage|p1a: Slowking|40/100 tox|[from] psn
|-damage|p2a: Keldeo|37/100 brn|[from] brn
|upkeep
|turn|45
|
|t:|1643411563
|switch|p1a: Swampert|Swampert, F|75/100 brn
|move|p2a: Keldeo|Substitute|p2a: Keldeo
|-start|p2a: Keldeo|Substitute
|-damage|p2a: Keldeo|12/100 brn
|
|-heal|p2a: Keldeo|18/100 brn|[from] item: Leftovers
|-damage|p2a: Keldeo|12/100 brn|[from] brn
|-damage|p1a: Swampert|68/100 brn|[from] brn
|upkeep
|turn|46
|
|t:|1643411588
|move|p2a: Keldeo|Calm Mind|p2a: Keldeo
|-boost|p2a: Keldeo|spa|1
|-boost|p2a: Keldeo|spd|1
|move|p1a: Swampert|Stealth Rock|p2a: Keldeo
|-sidestart|p2: Moutemoute|move: Stealth Rock
|
|-heal|p2a: Keldeo|18/100 brn|[from] item: Leftovers
|-damage|p2a: Keldeo|12/100 brn|[from] brn
|-damage|p1a: Swampert|62/100 brn|[from] brn
|upkeep
|turn|47
|
|t:|1643411597
|move|p2a: Keldeo|Secret Sword|p1a: Swampert
|-damage|p1a: Swampert|17/100 brn
|move|p1a: Swampert|Flip Turn|p2a: Keldeo
|-resisted|p2a: Keldeo
|-activate|p2a: Keldeo|move: Substitute|[damage]
|
|t:|1643411603
|switch|p1a: Slowking|Slowking, L99, M|74/100 tox|[from]move: Flip Turn
|
|-heal|p2a: Keldeo|18/100 brn|[from] item: Leftovers
|-damage|p1a: Slowking|68/100 tox|[from] psn
|-damage|p2a: Keldeo|12/100 brn|[from] brn
|upkeep
|turn|48
|
|t:|1643411632
|move|p2a: Keldeo|Secret Sword|p1a: Slowking
|-resisted|p1a: Slowking
|-damage|p1a: Slowking|38/100 tox
|move|p1a: Slowking|Slack Off|p1a: Slowking
|-heal|p1a: Slowking|88/100 tox
|
|-heal|p2a: Keldeo|18/100 brn|[from] item: Leftovers
|-damage|p1a: Slowking|76/100 tox|[from] psn
|-damage|p2a: Keldeo|12/100 brn|[from] brn
|upkeep
|turn|49
|
|t:|1643411644
|move|p2a: Keldeo|Secret Sword|p1a: Slowking
|-resisted|p1a: Slowking
|-damage|p1a: Slowking|44/100 tox
|move|p1a: Slowking|Psyshock|p2a: Keldeo
|-supereffective|p2a: Keldeo
|-end|p2a: Keldeo|Substitute
|
|-heal|p2a: Keldeo|18/100 brn|[from] item: Leftovers
|-damage|p1a: Slowking|25/100 tox|[from] psn
|-damage|p2a: Keldeo|12/100 brn|[from] brn
|upkeep
|turn|50
|
|t:|1643411654
|switch|p1a: Swampert|Swampert, F|17/100 brn
|move|p2a: Keldeo|Secret Sword|p1a: Swampert
|-damage|p1a: Swampert|0 fnt
|faint|p1a: Swampert
|
|-heal|p2a: Keldeo|18/100 brn|[from] item: Leftovers
|-damage|p2a: Keldeo|12/100 brn|[from] brn
|upkeep
|
|t:|1643411656
|switch|p1a: Slowking|Slowking, L99, M|58/100 tox
|turn|51
|
|t:|1643411664
|move|p2a: Keldeo|Secret Sword|p1a: Slowking
|-resisted|p1a: Slowking
|-damage|p1a: Slowking|28/100 tox
|move|p1a: Slowking|Teleport|p1a: Slowking
|
|t:|1643411668
|switch|p1a: Lycanroc|Lycanroc-Dusk, F|81/100|[from]move: Teleport
|
|-heal|p2a: Keldeo|18/100 brn|[from] item: Leftovers
|-damage|p2a: Keldeo|12/100 brn|[from] brn
|upkeep
|turn|52
|
|t:|1643411681
|move|p1a: Lycanroc|Psychic Fangs|p2a: Keldeo
|-supereffective|p2a: Keldeo
|-damage|p2a: Keldeo|0 fnt
|faint|p2a: Keldeo
|-damage|p1a: Lycanroc|71/100|[from] item: Life Orb
|
|upkeep
|
|t:|1643411683
|switch|p2a: Zygarde|Zygarde-10%|100/100
|-damage|p2a: Zygarde|94/100|[from] Stealth Rock
|-ability|p2a: Zygarde|Aura Break
|turn|53
|c|☆Moutemoute|oof oof
|c|☆Moutemoute|part 3
|c|☆Sushis aux Sucres|gg
|
|t:|1643411785
|switch|p1a: Slowking|Slowking, L99, M|61/100 tox
|move|p2a: Zygarde|Thousand Arrows|p1a: Slowking
|-damage|p1a: Slowking|8/100 tox
|
|-damage|p1a: Slowking|2/100 tox|[from] psn
|upkeep
|turn|54
|c|☆Moutemoute|gg
|
|t:|1643411791
|move|p2a: Zygarde|Thousand Arrows|p1a: Slowking
|-damage|p1a: Slowking|0 fnt
|faint|p1a: Slowking
|
|upkeep
|
|t:|1643411793
|switch|p1a: Lycanroc|Lycanroc-Dusk, F|71/100
|turn|55
|
|t:|1643411796
|move|p2a: Zygarde|Thousand Arrows|p1a: Lycanroc
|-supereffective|p1a: Lycanroc
|-damage|p1a: Lycanroc|0 fnt
|faint|p1a: Lycanroc
|
|win|Moutemoute
|n|☆Sushis aux Sucres|sushisauxsucres
|n|☆Moutemoute|moutemoute
|n| Dunoks|dunoks
|n| hariyana grande|hariyanagrande
|n| Micciu20250|micciu20250
|n| Arch en Ciel 22|archenciel22
|n| White Gehenna|whitegehenna
|n| pokemonisfun|pokemonisfun
|n| Fairlumbo|fairlumbo
|c|☆Moutemoute|god of doge
|l| White Gehenna
|l|☆Moutemoute
|l|☆Sushis aux Sucres
|l| hariyana grande
|j| Arxtric
|l| Dunoks
|l| pokemonisfun
|j| Dunoks
