|j|☆Springerk
|j|☆UULT91wpokemonisfu
|t:|1652035520
|gametype|singles
|player|p1|Springerk|tuberf|1516
|player|p2|UULT91wpokemonisfu|#uutrio2ladder|1735
|teamsize|p1|6
|teamsize|p2|6
|gen|8
|tier|[Gen 8] UU
|rated|
|rule|Sleep Clause Mod: Limit one foe put to sleep
|rule|Species Clause: Limit one of each Pokémon
|rule|OHKO Clause: OHKO moves are banned
|rule|Evasion Moves Clause: Evasion moves are banned
|rule|Endless Battle Clause: Forcing endless battles is banned
|rule|HP Percentage Mod: HP is shown in percentages
|rule|Dynamax Clause: You cannot dynamax
|clearpoke
|poke|p1|Tangrowth, F|
|poke|p1|Mamoswine, M|
|poke|p1|Hydreigon, F|
|poke|p1|Keldeo-Resolute|
|poke|p1|Crobat, M|
|poke|p1|Jirachi|
|poke|p2|Zygarde-10%|
|poke|p2|Primarina, F|
|poke|p2|Scizor, M|
|poke|p2|Slowking, M|
|poke|p2|Krookodile, M|
|poke|p2|Rotom-Heat|
|teampreview
|j| RLplayer
|j| Opela
|c|☆Springerk|oh hello
|c|☆UULT91wpokemonisfu|oh hi there
|c|☆UULT91wpokemonisfu|glhf again
|c|☆Springerk|gl hf
|j| NathanHC
|j| Gods armada
|
|t:|1652035577
|start
|switch|p1a: Gardien des nuages|Crobat, M|100/100
|switch|p2a: seal that squeals|Primarina, F|100/100
|turn|1
|j|+Mengy ㋛
|
|t:|1652035591
|move|p1a: Gardien des nuages|U-turn|p2a: seal that squeals
|-resisted|p2a: seal that squeals
|-damage|p2a: seal that squeals|88/100
|l| NathanHC
|j| UULT91w Mantis
|
|t:|1652035605
|switch|p1a: Génie des Désirs|Jirachi|100/100|[from]move: U-turn
|move|p2a: seal that squeals|Moonblast|p1a: Génie des Désirs
|-resisted|p1a: Génie des Désirs
|-damage|p1a: Génie des Désirs|68/100
|
|-heal|p1a: Génie des Désirs|74/100|[from] item: Leftovers
|upkeep
|turn|2
|
|t:|1652035611
|switch|p2a: mitey bitey|Krookodile, M|100/100
|-ability|p2a: mitey bitey|Intimidate|boost
|-unboost|p1a: Génie des Désirs|atk|1
|move|p1a: Génie des Désirs|Stealth Rock|p2a: mitey bitey
|-sidestart|p2: UULT91wpokemonisfu|move: Stealth Rock
|
|-heal|p1a: Génie des Désirs|80/100|[from] item: Leftovers
|upkeep
|turn|3
|
|t:|1652035628
|move|p1a: Génie des Désirs|U-turn|p2a: mitey bitey
|-supereffective|p2a: mitey bitey
|-damage|p2a: mitey bitey|75/100
|
|t:|1652035653
|switch|p1a: Assassin des bois|Tangrowth, F|100/100|[from]move: U-turn
|move|p2a: mitey bitey|Stealth Rock|p1a: Assassin des bois
|-sidestart|p1: Springerk|move: Stealth Rock
|
|-heal|p2a: mitey bitey|81/100|[from] item: Leftovers
|upkeep
|turn|4
|
|t:|1652035673
|move|p2a: mitey bitey|Taunt|p1a: Assassin des bois
|-start|p1a: Assassin des bois|move: Taunt
|cant|p1a: Assassin des bois|move: Taunt|Sleep Powder
|
|-heal|p2a: mitey bitey|87/100|[from] item: Leftovers
|upkeep
|turn|5
|
|t:|1652035684
|switch|p2a: chuggy buggy|Scizor, M|100/100
|move|p1a: Assassin des bois|Knock Off|p2a: chuggy buggy
|-damage|p2a: chuggy buggy|84/100
|-enditem|p2a: chuggy buggy|Heavy-Duty Boots|[from] move: Knock Off|[of] p1a: Assassin des bois
|
|upkeep
|turn|6
|
|t:|1652035702
|switch|p1a: Cheval indomptable|Keldeo-Resolute|100/100
|-damage|p1a: Cheval indomptable|94/100|[from] Stealth Rock
|move|p2a: chuggy buggy|Knock Off|p1a: Cheval indomptable
|-resisted|p1a: Cheval indomptable
|-damage|p1a: Cheval indomptable|79/100
|-ability|p1a: Cheval indomptable|Justified|boost
|-boost|p1a: Cheval indomptable|atk|1
|-enditem|p1a: Cheval indomptable|Leftovers|[from] move: Knock Off|[of] p2a: chuggy buggy
|
|upkeep
|turn|7
|
|t:|1652035720
|switch|p1a: Hydre des Enfers|Hydreigon, F|100/100
|-damage|p1a: Hydre des Enfers|88/100|[from] Stealth Rock
|move|p2a: chuggy buggy|Knock Off|p1a: Hydre des Enfers
|-resisted|p1a: Hydre des Enfers
|-damage|p1a: Hydre des Enfers|71/100
|-enditem|p1a: Hydre des Enfers|Choice Specs|[from] move: Knock Off|[of] p2a: chuggy buggy
|
|upkeep
|turn|8
|
|t:|1652035739
|switch|p2a: seal that squeals|Primarina, F|88/100
|-damage|p2a: seal that squeals|75/100|[from] Stealth Rock
|move|p1a: Hydre des Enfers|Dark Pulse|p2a: seal that squeals
|-resisted|p2a: seal that squeals
|-damage|p2a: seal that squeals|55/100
|
|upkeep
|turn|9
|
|t:|1652035748
|move|p1a: Hydre des Enfers|U-turn|p2a: seal that squeals
|-resisted|p2a: seal that squeals
|-damage|p2a: seal that squeals|44/100
|
|t:|1652035761
|switch|p1a: Génie des Désirs|Jirachi|80/100|[from]move: U-turn
|-damage|p1a: Génie des Désirs|74/100|[from] Stealth Rock
|move|p2a: seal that squeals|Moonblast|p1a: Génie des Désirs
|-resisted|p1a: Génie des Désirs
|-damage|p1a: Génie des Désirs|40/100
|
|-heal|p1a: Génie des Désirs|46/100|[from] item: Leftovers
|upkeep
|turn|10
|
|t:|1652035779
|switch|p2a: think PINK|Slowking, M|100/100
|-damage|p2a: think PINK|88/100|[from] Stealth Rock
|move|p1a: Génie des Désirs|U-turn|p2a: think PINK
|-supereffective|p2a: think PINK
|-damage|p2a: think PINK|64/100
|
|t:|1652035790
|switch|p1a: Hydre des Enfers|Hydreigon, F|71/100|[from]move: U-turn
|-damage|p1a: Hydre des Enfers|59/100|[from] Stealth Rock
|
|upkeep
|turn|11
|
|t:|1652035797
|move|p1a: Hydre des Enfers|Dark Pulse|p2a: think PINK
|-supereffective|p2a: think PINK
|-enditem|p2a: think PINK|Colbur Berry|[eat]
|-enditem|p2a: think PINK|Colbur Berry|[weaken]
|-damage|p2a: think PINK|32/100
|move|p2a: think PINK|Teleport|p2a: think PINK
|
|t:|1652035802
|switch|p2a: Zygarde-10% off|Zygarde-10%|100/100|[from]move: Teleport
|-damage|p2a: Zygarde-10% off|94/100|[from] Stealth Rock
|-ability|p2a: Zygarde-10% off|Aura Break
|
|upkeep
|turn|12
|
|t:|1652035808
|switch|p2a: shakey bakey|Rotom-Heat|100/100
|switch|p1a: Assassin des bois|Tangrowth, F|100/100
|-damage|p1a: Assassin des bois|88/100|[from] Stealth Rock
|
|upkeep
|turn|13
|
|t:|1652035818
|switch|p1a: Cheval indomptable|Keldeo-Resolute|79/100
|-damage|p1a: Cheval indomptable|73/100|[from] Stealth Rock
|move|p2a: shakey bakey|Overheat|p1a: Cheval indomptable
|-resisted|p1a: Cheval indomptable
|-damage|p1a: Cheval indomptable|44/100
|-unboost|p2a: shakey bakey|spa|2
|
|upkeep
|turn|14
|
|t:|1652035834
|switch|p1a: Hydre des Enfers|Hydreigon, F|59/100
|-damage|p1a: Hydre des Enfers|47/100|[from] Stealth Rock
|switch|p2a: think PINK|Slowking, M|65/100
|-damage|p2a: think PINK|53/100|[from] Stealth Rock
|
|upkeep
|turn|15
|
|t:|1652035849
|switch|p2a: mitey bitey|Krookodile, M|87/100
|-damage|p2a: mitey bitey|81/100|[from] Stealth Rock
|-ability|p2a: mitey bitey|Intimidate|boost
|-unboost|p1a: Hydre des Enfers|atk|1
|move|p1a: Hydre des Enfers|Dark Pulse|p2a: mitey bitey
|-resisted|p2a: mitey bitey
|-damage|p2a: mitey bitey|52/100
|
|-heal|p2a: mitey bitey|58/100|[from] item: Leftovers
|upkeep
|turn|16
|c|☆Springerk|oww did you switch your evs
|
|t:|1652035905
|move|p1a: Hydre des Enfers|U-turn|p2a: mitey bitey
|-supereffective|p2a: mitey bitey
|-damage|p2a: mitey bitey|30/100
|c|☆UULT91wpokemonisfu|for who
|c|☆UULT91wpokemonisfu|well no
|c|☆UULT91wpokemonisfu|i didnt switch any evs
|c|☆Springerk|ah ok np
|j| HighburyDialSquare
|c|☆Springerk|I thought for krook
|l| HighburyDialSquare
|
|t:|1652035946
|switch|p1a: Cheval indomptable|Keldeo-Resolute|44/100|[from]move: U-turn
|-damage|p1a: Cheval indomptable|38/100|[from] Stealth Rock
|move|p2a: mitey bitey|Knock Off|p1a: Cheval indomptable
|-resisted|p1a: Cheval indomptable
|-crit|p1a: Cheval indomptable
|-damage|p1a: Cheval indomptable|9/100
|-ability|p1a: Cheval indomptable|Justified|boost
|-boost|p1a: Cheval indomptable|atk|1
|
|-heal|p2a: mitey bitey|36/100|[from] item: Leftovers
|upkeep
|turn|17
|
|t:|1652035969
|switch|p1a: Hydre des Enfers|Hydreigon, F|47/100
|-damage|p1a: Hydre des Enfers|34/100|[from] Stealth Rock
|switch|p2a: think PINK|Slowking, M|86/100
|-damage|p2a: think PINK|74/100|[from] Stealth Rock
|
|upkeep
|turn|18
|
|t:|1652035981
|move|p1a: Hydre des Enfers|Dark Pulse|p2a: think PINK
|-supereffective|p2a: think PINK
|-damage|p2a: think PINK|5/100
|move|p2a: think PINK|Teleport|p2a: think PINK
|l|+Mengy ㋛
|
|t:|1652035988
|switch|p2a: Zygarde-10% off|Zygarde-10%|94/100|[from]move: Teleport
|-damage|p2a: Zygarde-10% off|88/100|[from] Stealth Rock
|-ability|p2a: Zygarde-10% off|Aura Break
|
|upkeep
|turn|19
|
|t:|1652035998
|switch|p2a: shakey bakey|Rotom-Heat|100/100
|switch|p1a: Assassin des bois|Tangrowth, F|100/100
|-damage|p1a: Assassin des bois|88/100|[from] Stealth Rock
|
|upkeep
|turn|20
|
|t:|1652036016
|switch|p1a: Cheval indomptable|Keldeo-Resolute|9/100
|-damage|p1a: Cheval indomptable|3/100|[from] Stealth Rock
|move|p2a: shakey bakey|Volt Switch|p1a: Cheval indomptable
|-supereffective|p1a: Cheval indomptable
|-damage|p1a: Cheval indomptable|0 fnt
|faint|p1a: Cheval indomptable
|
|t:|1652036039
|switch|p2a: think PINK|Slowking, M|39/100|[from]move: Volt Switch
|-damage|p2a: think PINK|26/100|[from] Stealth Rock
|
|upkeep
|
|t:|1652036044
|switch|p1a: Hydre des Enfers|Hydreigon, F|34/100
|-damage|p1a: Hydre des Enfers|22/100|[from] Stealth Rock
|turn|21
|
|t:|1652036053
|switch|p2a: mitey bitey|Krookodile, M|36/100
|-damage|p2a: mitey bitey|30/100|[from] Stealth Rock
|-ability|p2a: mitey bitey|Intimidate|boost
|-unboost|p1a: Hydre des Enfers|atk|1
|move|p1a: Hydre des Enfers|Dark Pulse|p2a: mitey bitey
|-resisted|p2a: mitey bitey
|-damage|p2a: mitey bitey|3/100
|
|-heal|p2a: mitey bitey|9/100|[from] item: Leftovers
|upkeep
|turn|22
|
|t:|1652036064
|move|p1a: Hydre des Enfers|Dark Pulse|p2a: mitey bitey
|-resisted|p2a: mitey bitey
|-damage|p2a: mitey bitey|0 fnt
|faint|p2a: mitey bitey
|
|upkeep
|
|t:|1652036070
|switch|p2a: Zygarde-10% off|Zygarde-10%|88/100
|-damage|p2a: Zygarde-10% off|82/100|[from] Stealth Rock
|-ability|p2a: Zygarde-10% off|Aura Break
|turn|23
|
|t:|1652036083
|switch|p1a: Assassin des bois|Tangrowth, F|100/100
|-damage|p1a: Assassin des bois|88/100|[from] Stealth Rock
|move|p2a: Zygarde-10% off|Thousand Arrows|p1a: Assassin des bois
|-resisted|p1a: Assassin des bois
|-damage|p1a: Assassin des bois|73/100
|
|upkeep
|turn|24
|j| Shneakyninja2
|
|t:|1652036098
|switch|p2a: seal that squeals|Primarina, F|44/100
|-damage|p2a: seal that squeals|32/100|[from] Stealth Rock
|move|p1a: Assassin des bois|Sleep Powder|p2a: seal that squeals
|-status|p2a: seal that squeals|slp|[from] move: Sleep Powder
|
|upkeep
|turn|25
|
|t:|1652036110
|switch|p2a: chuggy buggy|Scizor, M|84/100
|-damage|p2a: chuggy buggy|71/100|[from] Stealth Rock
|switch|p1a: Gardien des nuages|Crobat, M|100/100
|
|upkeep
|turn|26
|
|t:|1652036114
|move|p1a: Gardien des nuages|Brave Bird|p2a: chuggy buggy
|-damage|p2a: chuggy buggy|34/100
|-damage|p1a: Gardien des nuages|87/100|[from] Recoil
|move|p2a: chuggy buggy|Roost|p2a: chuggy buggy
|-heal|p2a: chuggy buggy|84/100
|-singleturn|p2a: chuggy buggy|move: Roost
|
|upkeep
|turn|27
|
|t:|1652036121
|move|p1a: Gardien des nuages|U-turn|p2a: chuggy buggy
|-resisted|p2a: chuggy buggy
|-damage|p2a: chuggy buggy|77/100
|
|t:|1652036125
|switch|p1a: Assassin des bois|Tangrowth, F|100/100|[from]move: U-turn
|-damage|p1a: Assassin des bois|88/100|[from] Stealth Rock
|move|p2a: chuggy buggy|Roost|p2a: chuggy buggy
|-heal|p2a: chuggy buggy|100/100
|-singleturn|p2a: chuggy buggy|move: Roost
|
|upkeep
|turn|28
|
|t:|1652036136
|switch|p1a: Génie des Désirs|Jirachi|46/100
|-damage|p1a: Génie des Désirs|40/100|[from] Stealth Rock
|move|p2a: chuggy buggy|Swords Dance|p2a: chuggy buggy
|-boost|p2a: chuggy buggy|atk|2
|
|-heal|p1a: Génie des Désirs|46/100|[from] item: Leftovers
|upkeep
|turn|29
|
|t:|1652036143
|switch|p2a: shakey bakey|Rotom-Heat|100/100
|move|p1a: Génie des Désirs|Healing Wish|p1a: Génie des Désirs
|faint|p1a: Génie des Désirs
|
|upkeep
|
|t:|1652036148
|switch|p1a: Hydre des Enfers|Hydreigon, F|22/100
|-heal|p1a: Hydre des Enfers|100/100|[from] move: Healing Wish
|-damage|p1a: Hydre des Enfers|88/100|[from] Stealth Rock
|turn|30
|
|t:|1652036160
|move|p1a: Hydre des Enfers|Dark Pulse|p2a: shakey bakey
|-damage|p2a: shakey bakey|59/100
|move|p2a: shakey bakey|Pain Split|p1a: Hydre des Enfers
|-sethp|p1a: Hydre des Enfers|72/100|[from] move: Pain Split|[silent]
|-sethp|p2a: shakey bakey|77/100|[from] move: Pain Split
|
|upkeep
|turn|31
|
|t:|1652036176
|move|p1a: Hydre des Enfers|Dark Pulse|p2a: shakey bakey
|-damage|p2a: shakey bakey|32/100
|cant|p2a: shakey bakey|flinch
|
|upkeep
|turn|32
|
|t:|1652036184
|move|p1a: Hydre des Enfers|Dark Pulse|p2a: shakey bakey
|-damage|p2a: shakey bakey|0 fnt
|faint|p2a: shakey bakey
|
|upkeep
|
|t:|1652036185
|switch|p2a: Zygarde-10% off|Zygarde-10%|82/100
|-damage|p2a: Zygarde-10% off|76/100|[from] Stealth Rock
|-ability|p2a: Zygarde-10% off|Aura Break
|turn|33
|
|t:|1652036194
|move|p2a: Zygarde-10% off|Thousand Arrows|p1a: Hydre des Enfers
|-damage|p1a: Hydre des Enfers|3/100
|-start|p1a: Hydre des Enfers|Smack Down
|move|p1a: Hydre des Enfers|Dark Pulse|p2a: Zygarde-10% off
|-damage|p2a: Zygarde-10% off|11/100
|
|upkeep
|turn|34
|j| cryingg
|l| cryingg
|
|t:|1652036222
|switch|p1a: Assassin des bois|Tangrowth, F|100/100
|-damage|p1a: Assassin des bois|88/100|[from] Stealth Rock
|move|p2a: Zygarde-10% off|Thousand Arrows|p1a: Assassin des bois
|-resisted|p1a: Assassin des bois
|-damage|p1a: Assassin des bois|73/100
|
|upkeep
|turn|35
|
|t:|1652036234
|switch|p1a: Doyen des Glaciers|Mamoswine, M|100/100
|-damage|p1a: Doyen des Glaciers|88/100|[from] Stealth Rock
|move|p2a: Zygarde-10% off|Thousand Arrows|p1a: Doyen des Glaciers
|-damage|p1a: Doyen des Glaciers|22/100
|
|upkeep
|turn|36
|
|t:|1652036243
|move|p2a: Zygarde-10% off|Thousand Arrows|p1a: Doyen des Glaciers
|-damage|p1a: Doyen des Glaciers|0 fnt
|faint|p1a: Doyen des Glaciers
|
|upkeep
|
|t:|1652036246
|switch|p1a: Gardien des nuages|Crobat, M|87/100
|turn|37
|
|t:|1652036251
|move|p1a: Gardien des nuages|Brave Bird|p2a: Zygarde-10% off
|-damage|p2a: Zygarde-10% off|0 fnt
|faint|p2a: Zygarde-10% off
|-damage|p1a: Gardien des nuages|84/100|[from] Recoil
|
|upkeep
|
|t:|1652036253
|switch|p2a: chuggy buggy|Scizor, M|100/100
|-damage|p2a: chuggy buggy|88/100|[from] Stealth Rock
|turn|38
|
|t:|1652036260
|move|p1a: Gardien des nuages|Brave Bird|p2a: chuggy buggy
|-damage|p2a: chuggy buggy|49/100
|-damage|p1a: Gardien des nuages|70/100|[from] Recoil
|move|p2a: chuggy buggy|Roost|p2a: chuggy buggy
|-heal|p2a: chuggy buggy|99/100
|-singleturn|p2a: chuggy buggy|move: Roost
|
|upkeep
|turn|39
|
|t:|1652036268
|move|p1a: Gardien des nuages|U-turn|p2a: chuggy buggy
|-resisted|p2a: chuggy buggy
|-damage|p2a: chuggy buggy|92/100
|
|t:|1652036270
|switch|p1a: Assassin des bois|Tangrowth, F|100/100|[from]move: U-turn
|-damage|p1a: Assassin des bois|88/100|[from] Stealth Rock
|move|p2a: chuggy buggy|Roost|p2a: chuggy buggy
|-heal|p2a: chuggy buggy|100/100
|-singleturn|p2a: chuggy buggy|move: Roost
|
|upkeep
|turn|40
|l| UULT91w Mantis
|
|t:|1652036286
|switch|p1a: Gardien des nuages|Crobat, M|70/100
|move|p2a: chuggy buggy|Swords Dance|p2a: chuggy buggy
|-boost|p2a: chuggy buggy|atk|2
|
|upkeep
|turn|41
|
|t:|1652036290
|move|p2a: chuggy buggy|Bullet Punch|p1a: Gardien des nuages
|-damage|p1a: Gardien des nuages|0 fnt
|faint|p1a: Gardien des nuages
|
|upkeep
|c|☆Springerk|gg
|c|☆UULT91wpokemonisfu|gg
|j| NathanHC
|l| NathanHC
|c|☆Springerk|ggo dluck for the tour
|c|☆UULT91wpokemonisfu|ty
|-message|Springerk forfeited.
|
|win|UULT91wpokemonisfu
|raw|Springerk's rating: 1516 &rarr; <strong>1507</strong><br />(-9 for losing)
|raw|UULT91wpokemonisfu's rating: 1735 &rarr; <strong>1744</strong><br />(+9 for winning)
|l|☆Springerk
|n| battlefleet|godsarmada
||Ladder isn't responding, score probably updated but might not have (Request timeout).
|l| RLplayer
|l| Shneakyninja2
