|j|☆Cute Strength
|j|☆Moontalks
|inactive|Battle timer is ON: inactive players will automatically lose when time's up.
|t:|1664453497
|gametype|singles
|player|p1|Cute Strength|valerie|
|player|p2|Moontalks|ethan-masters|
|teamsize|p1|6
|teamsize|p2|6
|gen|8
|tier|[Gen 8] UU
|rated|Tournament battle
|rule|Sleep Clause Mod: Limit one foe put to sleep
|rule|Species Clause: Limit one of each Pokémon
|rule|OHKO Clause: OHKO moves are banned
|rule|Evasion Items Clause: Evasion items are banned
|rule|Evasion Moves Clause: Evasion moves are banned
|rule|Endless Battle Clause: Forcing endless battles is banned
|rule|HP Percentage Mod: HP is shown in percentages
|rule|Dynamax Clause: You cannot dynamax
|clearpoke
|poke|p1|Thundurus-Therian, M|
|poke|p1|Zarude|
|poke|p1|Moltres|
|poke|p1|Slowking, F|
|poke|p1|Cobalion|
|poke|p1|Diggersby, F|
|poke|p2|Scizor, M|
|poke|p2|Keldeo-Resolute|
|poke|p2|Thundurus-Therian, M|
|poke|p2|Tangrowth, M|
|poke|p2|Nihilego|
|poke|p2|Noivern, M|
|teampreview
|inactive|Moontalks also wants the timer to be on.
|j|@palapapop
|
|t:|1664453520
|start
|switch|p1a: Diggersby|Diggersby, F|100/100
|switch|p2a: Tangrowth|Tangrowth, M|100/100
|turn|1
|
|t:|1664453527
|move|p1a: Diggersby|U-turn|p2a: Tangrowth
|-supereffective|p2a: Tangrowth
|-damage|p2a: Tangrowth|64/100
|
|t:|1664453531
|switch|p1a: Zarude|Zarude|100/100|[from]move: U-turn
|move|p2a: Tangrowth|Focus Blast|p1a: Zarude
|-supereffective|p1a: Zarude
|-damage|p1a: Zarude|42/100
|
|upkeep
|turn|2
|
|t:|1664453537
|move|p1a: Zarude|U-turn|p2a: Tangrowth
|-supereffective|p2a: Tangrowth
|-damage|p2a: Tangrowth|38/100
|
|t:|1664453540
|switch|p1a: Moltres|Moltres|100/100|[from]move: U-turn
|move|p2a: Tangrowth|Knock Off|p1a: Moltres
|-damage|p1a: Moltres|77/100
|-status|p2a: Tangrowth|brn|[from] ability: Flame Body|[of] p1a: Moltres
|-enditem|p1a: Moltres|Heavy-Duty Boots|[from] move: Knock Off|[of] p2a: Tangrowth
|
|-damage|p2a: Tangrowth|31/100 brn|[from] brn
|upkeep
|turn|3
|c|☆Cute Strength|bruh
|
|t:|1664453549
|switch|p2a: Nihilego|Nihilego|100/100
|move|p1a: Moltres|U-turn|p2a: Nihilego
|-resisted|p2a: Nihilego
|-damage|p2a: Nihilego|90/100
|
|t:|1664453555
|switch|p1a: Diggersby|Diggersby, F|100/100|[from]move: U-turn
|
|-heal|p2a: Nihilego|96/100|[from] item: Black Sludge
|upkeep
|turn|4
|
|t:|1664453560
|switch|p2a: Scizor|Scizor, M|100/100
|move|p1a: Diggersby|Ice Punch|p2a: Scizor
|-resisted|p2a: Scizor
|-damage|p2a: Scizor|87/100
|
|upkeep
|turn|5
|
|t:|1664453571
|switch|p1a: Cobalion|Cobalion|100/100
|switch|p2a: Keldeo|Keldeo-Resolute|100/100
|
|upkeep
|turn|6
|
|t:|1664453579
|switch|p1a: Slowking|Slowking, F|100/100
|switch|p2a: Nihilego|Nihilego|96/100
|
|-heal|p2a: Nihilego|100/100|[from] item: Black Sludge
|upkeep
|turn|7
|
|t:|1664453587
|move|p2a: Nihilego|Stealth Rock|p1a: Slowking
|-sidestart|p1: Cute Strength|move: Stealth Rock
|move|p1a: Slowking|Scald|p2a: Nihilego
|-supereffective|p2a: Nihilego
|-damage|p2a: Nihilego|59/100
|
|-heal|p2a: Nihilego|65/100|[from] item: Black Sludge
|upkeep
|turn|8
|
|t:|1664453594
|switch|p2a: Tangrowth|Tangrowth, M|65/100 brn
|move|p1a: Slowking|Scald|p2a: Tangrowth
|-resisted|p2a: Tangrowth
|-damage|p2a: Tangrowth|54/100 brn
|
|-damage|p2a: Tangrowth|48/100 brn|[from] brn
|upkeep
|turn|9
|
|t:|1664453597
|switch|p2a: Noivern|Noivern, M|100/100
|move|p1a: Slowking|Ice Beam|p2a: Noivern
|-supereffective|p2a: Noivern
|-damage|p2a: Noivern|0 fnt
|faint|p2a: Noivern
|
|upkeep
|
|t:|1664453607
|switch|p2a: Thundurus|Thundurus-Therian, M|100/100
|turn|10
|
|t:|1664453614
|switch|p1a: Thundurus|Thundurus-Therian, M|100/100
|move|p2a: Thundurus|Volt Switch|p1a: Thundurus
|-immune|p1a: Thundurus|[from] ability: Volt Absorb
|
|upkeep
|turn|11
|
|t:|1664453620
|move|p2a: Thundurus|Psychic|p1a: Thundurus
|-damage|p1a: Thundurus|55/100
|move|p1a: Thundurus|Knock Off|p2a: Thundurus
|-damage|p2a: Thundurus|71/100
|-enditem|p2a: Thundurus|Heavy-Duty Boots|[from] move: Knock Off|[of] p1a: Thundurus
|
|upkeep
|turn|12
|
|t:|1664453626
|switch|p2a: Scizor|Scizor, M|87/100
|move|p1a: Thundurus|Psychic|p2a: Scizor
|-resisted|p2a: Scizor
|-damage|p2a: Scizor|72/100
|
|upkeep
|turn|13
|
|t:|1664453633
|move|p1a: Thundurus|Volt Switch|p2a: Scizor
|-damage|p2a: Scizor|37/100
|
|t:|1664453638
|switch|p1a: Moltres|Moltres|77/100|[from]move: Volt Switch
|-damage|p1a: Moltres|27/100|[from] Stealth Rock
|move|p2a: Scizor|Roost|p2a: Scizor
|-heal|p2a: Scizor|87/100
|-singleturn|p2a: Scizor|move: Roost
|
|upkeep
|turn|14
|
|t:|1664453646
|switch|p2a: Nihilego|Nihilego|65/100
|move|p1a: Moltres|Hurricane|p2a: Nihilego|[miss]
|-miss|p1a: Moltres|p2a: Nihilego
|
|-heal|p2a: Nihilego|71/100|[from] item: Black Sludge
|upkeep
|turn|15
|
|t:|1664453652
|move|p2a: Nihilego|Toxic Spikes|p1a: Moltres
|-sidestart|p1: Cute Strength|move: Toxic Spikes
|move|p1a: Moltres|Hurricane|p2a: Nihilego
|-resisted|p2a: Nihilego
|-damage|p2a: Nihilego|53/100
|
|-heal|p2a: Nihilego|59/100|[from] item: Black Sludge
|upkeep
|turn|16
|
|t:|1664453659
|move|p2a: Nihilego|Power Gem|p1a: Moltres
|-supereffective|p1a: Moltres
|-damage|p1a: Moltres|0 fnt
|faint|p1a: Moltres
|-ability|p2a: Nihilego|Beast Boost|boost
|-boost|p2a: Nihilego|spe|1
|
|-heal|p2a: Nihilego|65/100|[from] item: Black Sludge
|upkeep
|
|t:|1664453664
|switch|p1a: Cobalion|Cobalion|100/100
|-damage|p1a: Cobalion|97/100|[from] Stealth Rock
|turn|17
|
|t:|1664453670
|switch|p2a: Tangrowth|Tangrowth, M|81/100 brn
|move|p1a: Cobalion|Iron Head|p2a: Tangrowth
|-damage|p2a: Tangrowth|60/100 brn
|
|-damage|p2a: Tangrowth|54/100 brn|[from] brn
|upkeep
|turn|18
|
|t:|1664453677
|move|p1a: Cobalion|Stealth Rock|p2a: Tangrowth
|-sidestart|p2: Moontalks|move: Stealth Rock
|move|p2a: Tangrowth|Focus Blast|p1a: Cobalion
|-supereffective|p1a: Cobalion
|-damage|p1a: Cobalion|22/100
|
|-damage|p2a: Tangrowth|48/100 brn|[from] brn
|upkeep
|turn|19
|
|t:|1664453683
|switch|p1a: Slowking|Slowking, F|100/100
|-damage|p1a: Slowking|88/100|[from] Stealth Rock
|-status|p1a: Slowking|psn
|move|p2a: Tangrowth|Focus Blast|p1a: Slowking
|-resisted|p1a: Slowking
|-damage|p1a: Slowking|77/100 psn
|
|-damage|p1a: Slowking|64/100 psn|[from] psn
|-damage|p2a: Tangrowth|42/100 brn|[from] brn
|upkeep
|turn|20
|c|@palapapop|bon ça touche 2 focus blast là
|c|@palapapop|3
|
|t:|1664453693
|switch|p2a: Keldeo|Keldeo-Resolute|100/100
|-damage|p2a: Keldeo|94/100|[from] Stealth Rock
|switch|p1a: Zarude|Zarude|42/100
|
|upkeep
|turn|21
|c|@palapapop|stop haxx Moontalks
|c|☆Moontalks|haxx j'avoue
|
|t:|1664453702
|move|p2a: Keldeo|Secret Sword|p1a: Zarude
|-supereffective|p1a: Zarude
|-damage|p1a: Zarude|0 fnt
|faint|p1a: Zarude
|
|upkeep
|
|t:|1664453708
|switch|p1a: Thundurus|Thundurus-Therian, M|55/100
|turn|22
|
|t:|1664453712
|switch|p2a: Tangrowth|Tangrowth, M|75/100 brn
|-damage|p2a: Tangrowth|63/100 brn|[from] Stealth Rock
|move|p1a: Thundurus|Psychic|p2a: Tangrowth
|-damage|p2a: Tangrowth|37/100 brn
|
|-damage|p2a: Tangrowth|31/100 brn|[from] brn
|upkeep
|turn|23
|
|t:|1664453720
|move|p1a: Thundurus|Volt Switch|p2a: Tangrowth
|-resisted|p2a: Tangrowth
|-damage|p2a: Tangrowth|16/100 brn
|
|t:|1664453723
|switch|p1a: Cobalion|Cobalion|22/100|[from]move: Volt Switch
|-damage|p1a: Cobalion|19/100|[from] Stealth Rock
|move|p2a: Tangrowth|Knock Off|p1a: Cobalion
|-resisted|p1a: Cobalion
|-damage|p1a: Cobalion|14/100
|-damage|p2a: Tangrowth|0 fnt|[from] item: Rocky Helmet|[of] p1a: Cobalion
|-ability|p1a: Cobalion|Justified|boost
|-boost|p1a: Cobalion|atk|1
|faint|p2a: Tangrowth
|
|upkeep
|
|t:|1664453733
|switch|p2a: Scizor|Scizor, M|87/100
|turn|24
|
|t:|1664453737
|move|p1a: Cobalion|Close Combat|p2a: Scizor
|-damage|p2a: Scizor|23/100
|-unboost|p1a: Cobalion|def|1
|-unboost|p1a: Cobalion|spd|1
|move|p2a: Scizor|Roost|p2a: Scizor
|-heal|p2a: Scizor|73/100
|-singleturn|p2a: Scizor|move: Roost
|
|upkeep
|turn|25
|
|t:|1664453744
|move|p2a: Scizor|Bullet Punch|p1a: Cobalion
|-resisted|p1a: Cobalion
|-damage|p1a: Cobalion|0 fnt
|-damage|p2a: Scizor|56/100|[from] item: Rocky Helmet|[of] p1a: Cobalion
|faint|p1a: Cobalion
|
|upkeep
|
|t:|1664453751
|switch|p1a: Thundurus|Thundurus-Therian, M|55/100
|turn|26
|
|t:|1664453755
|move|p1a: Thundurus|Focus Blast|p2a: Scizor
|-damage|p2a: Scizor|11/100
|move|p2a: Scizor|Roost|p2a: Scizor
|-heal|p2a: Scizor|61/100
|-singleturn|p2a: Scizor|move: Roost
|
|upkeep
|turn|27
|
|t:|1664453763
|move|p1a: Thundurus|Psychic|p2a: Scizor
|-resisted|p2a: Scizor
|-damage|p2a: Scizor|44/100
|move|p2a: Scizor|Roost|p2a: Scizor
|-heal|p2a: Scizor|94/100
|-singleturn|p2a: Scizor|move: Roost
|
|upkeep
|turn|28
|
|t:|1664453767
|move|p1a: Thundurus|Focus Blast|p2a: Scizor
|-damage|p2a: Scizor|55/100
|move|p2a: Scizor|Knock Off|p1a: Thundurus
|-damage|p1a: Thundurus|13/100
|-enditem|p1a: Thundurus|Heavy-Duty Boots|[from] move: Knock Off|[of] p2a: Scizor
|
|upkeep
|turn|29
|
|t:|1664453772
|move|p2a: Scizor|Bullet Punch|p1a: Thundurus
|-resisted|p1a: Thundurus
|-damage|p1a: Thundurus|0 fnt
|faint|p1a: Thundurus
|
|upkeep
|
|t:|1664453776
|switch|p1a: Slowking|Slowking, F|97/100 psn
|-damage|p1a: Slowking|85/100 psn|[from] Stealth Rock
|turn|30
|
|t:|1664453778
|move|p2a: Scizor|U-turn|p1a: Slowking
|-supereffective|p1a: Slowking
|-damage|p1a: Slowking|39/100 psn
|
|t:|1664453780
|switch|p2a: Keldeo|Keldeo-Resolute|94/100|[from]move: U-turn
|-damage|p2a: Keldeo|88/100|[from] Stealth Rock
|move|p1a: Slowking|Scald|p2a: Keldeo
|-resisted|p2a: Keldeo
|-damage|p2a: Keldeo|71/100
|
|-damage|p1a: Slowking|27/100 psn|[from] psn
|upkeep
|turn|31
|
|t:|1664453785
|move|p2a: Keldeo|Secret Sword|p1a: Slowking
|-resisted|p1a: Slowking
|-damage|p1a: Slowking|2/100 psn
|move|p1a: Slowking|Slack Off|p1a: Slowking
|-heal|p1a: Slowking|52/100 psn
|
|-damage|p1a: Slowking|40/100 psn|[from] psn
|upkeep
|turn|32
|c|☆Cute Strength|gg
|
|t:|1664453790
|move|p2a: Keldeo|Secret Sword|p1a: Slowking
|-resisted|p1a: Slowking
|-damage|p1a: Slowking|15/100 psn
|move|p1a: Slowking|Slack Off|p1a: Slowking
|-heal|p1a: Slowking|65/100 psn
|
|-damage|p1a: Slowking|52/100 psn|[from] psn
|upkeep
|turn|33
|c|☆Moontalks|gg
|
|t:|1664453796
|switch|p2a: Thundurus|Thundurus-Therian, M|71/100
|-damage|p2a: Thundurus|46/100|[from] Stealth Rock
|move|p1a: Slowking|Slack Off|p1a: Slowking
|-heal|p1a: Slowking|100/100 psn
|
|-damage|p1a: Slowking|88/100 psn|[from] psn
|upkeep
|turn|34
|
|t:|1664453799
|move|p2a: Thundurus|Grass Knot|p1a: Slowking
|-supereffective|p1a: Slowking
|-damage|p1a: Slowking|37/100 psn
|move|p1a: Slowking|Ice Beam|p2a: Thundurus
|-supereffective|p2a: Thundurus
|-damage|p2a: Thundurus|0 fnt
|faint|p2a: Thundurus
|
|-damage|p1a: Slowking|24/100 psn|[from] psn
|upkeep
|
|t:|1664453802
|switch|p2a: Scizor|Scizor, M|55/100
|turn|35
|
|t:|1664453809
|move|p2a: Scizor|Roost|p2a: Scizor
|-heal|p2a: Scizor|100/100
|-singleturn|p2a: Scizor|move: Roost
|move|p1a: Slowking|Slack Off|p1a: Slowking
|-heal|p1a: Slowking|74/100 psn
|
|-damage|p1a: Slowking|62/100 psn|[from] psn
|upkeep
|turn|36
|
|t:|1664453814
|move|p2a: Scizor|U-turn|p1a: Slowking
|-supereffective|p1a: Slowking
|-damage|p1a: Slowking|21/100 psn
|
|t:|1664453816
|switch|p2a: Nihilego|Nihilego|65/100|[from]move: U-turn
|-damage|p2a: Nihilego|53/100|[from] Stealth Rock
|move|p1a: Slowking|Slack Off|p1a: Slowking
|-heal|p1a: Slowking|71/100 psn
|
|-heal|p2a: Nihilego|59/100|[from] item: Black Sludge
|-damage|p1a: Slowking|58/100 psn|[from] psn
|upkeep
|turn|37
|
|t:|1664453821
|move|p2a: Nihilego|Sludge Bomb|p1a: Slowking
|-damage|p1a: Slowking|26/100 psn
|move|p1a: Slowking|Scald|p2a: Nihilego
|-supereffective|p2a: Nihilego
|-damage|p2a: Nihilego|17/100
|
|-heal|p2a: Nihilego|23/100|[from] item: Black Sludge
|-damage|p1a: Slowking|14/100 psn|[from] psn
|upkeep
|turn|38
|
|t:|1664453824
|move|p2a: Nihilego|Sludge Bomb|p1a: Slowking
|-damage|p1a: Slowking|0 fnt
|faint|p1a: Slowking
|-ability|p2a: Nihilego|Beast Boost|boost
|-boost|p2a: Nihilego|spe|1
|
|-heal|p2a: Nihilego|29/100|[from] item: Black Sludge
|upkeep
|
|t:|1664453826
|switch|p1a: Diggersby|Diggersby, F|100/100
|-damage|p1a: Diggersby|94/100|[from] Stealth Rock
|-status|p1a: Diggersby|psn
|turn|39
|
|t:|1664453833
|move|p2a: Nihilego|Sludge Bomb|p1a: Diggersby
|-resisted|p1a: Diggersby
|-damage|p1a: Diggersby|65/100 psn
|move|p1a: Diggersby|Earthquake|p2a: Nihilego
|-supereffective|p2a: Nihilego
|-damage|p2a: Nihilego|0 fnt
|faint|p2a: Nihilego
|
|-damage|p1a: Diggersby|53/100 psn|[from] psn
|upkeep
|
|t:|1664453836
|switch|p2a: Scizor|Scizor, M|100/100
|turn|40
|
|t:|1664453839
|move|p1a: Diggersby|Earthquake|p2a: Scizor
|-damage|p2a: Scizor|46/100
|move|p2a: Scizor|Knock Off|p1a: Diggersby
|-damage|p1a: Diggersby|16/100 psn
|-enditem|p1a: Diggersby|Choice Scarf|[from] move: Knock Off|[of] p2a: Scizor
|
|-damage|p1a: Diggersby|4/100 psn|[from] psn
|upkeep
|turn|41
|
|t:|1664453843
|move|p2a: Scizor|Bullet Punch|p1a: Diggersby
|-damage|p1a: Diggersby|0 fnt
|faint|p1a: Diggersby
|
|win|Moontalks
|n|☆Cute Strength|cutestrength
|n|☆Moontalks|moontalks
|n| palapapop|palapapop
