|j|☆Bamarah
|j|☆estarossa ㋛
|player|p1|Bamarah|eusine-gen2|1420
|player|p2|estarossa ㋛|depotagent|1334
|teamsize|p1|6
|teamsize|p2|6
|gametype|singles
|gen|8
|tier|[Gen 8] UU
|rated|
|clearpoke
|poke|p1|Noivern, M|
|poke|p1|Keldeo-Resolute|
|poke|p1|Darmanitan, M|
|poke|p1|Chandelure, M|
|poke|p1|Skarmory, M|
|poke|p1|Blissey, F|
|poke|p2|Skarmory, F|
|poke|p2|Jirachi|
|poke|p2|Krookodile, F|
|poke|p2|Mienshao, M|
|poke|p2|Tentacruel, F|
|poke|p2|Slowking, F|
|rule|Sleep Clause Mod: Limit one foe put to sleep
|rule|Species Clause: Limit one of each Pokémon
|rule|OHKO Clause: OHKO moves are banned
|rule|Evasion Moves Clause: Evasion moves are banned
|rule|Endless Battle Clause: Forcing endless battles is banned
|rule|HP Percentage Mod: HP is shown in percentages
|rule|Dynamax Clause: You cannot dynamax
|teampreview
|inactive|Battle timer is ON: inactive players will automatically lose when time's up. (requested by Bamarah)
|inactive|estarossa ㋛ has 120 seconds left.
|
|start
|switch|p1a: Darmanitan|Darmanitan, M, shiny|100/100
|switch|p2a: Krookodile|Krookodile, F|100/100
|-ability|p2a: Krookodile|Intimidate|boost
|-unboost|p1a: Darmanitan|atk|1
|turn|1
|
|move|p1a: Darmanitan|U-turn|p2a: Krookodile
|-supereffective|p2a: Krookodile
|-damage|p2a: Krookodile|56/100
|
|switch|p1a: Noivern|Noivern, M, shiny|100/100|[from]move: U-turn
|move|p2a: Krookodile|Stealth Rock|p1a: Noivern
|-sidestart|p1: Bamarah|move: Stealth Rock
|
|upkeep
|turn|2
|
|switch|p2a: Tentacruel|Tentacruel, F|100/100
|move|p1a: Noivern|Defog|p2a: Tentacruel
|-fail|p2a: Tentacruel|unboost|[from] ability: Clear Body|[of] p2a: Tentacruel
|-sideend|p1: Bamarah|Stealth Rock|[from] move: Defog|[of] p1a: Noivern
|
|upkeep
|turn|3
|
|move|p1a: Noivern|Draco Meteor|p2a: Tentacruel
|-damage|p2a: Tentacruel|45/100
|-unboost|p1a: Noivern|spa|2
|-damage|p1a: Noivern|91/100|[from] item: Life Orb
|move|p2a: Tentacruel|Knock Off|p1a: Noivern
|-damage|p1a: Noivern|70/100
|-enditem|p1a: Noivern|Life Orb|[from] move: Knock Off|[of] p2a: Tentacruel
|
|-heal|p2a: Tentacruel|51/100|[from] item: Black Sludge
|upkeep
|turn|4
|
|move|p1a: Noivern|Draco Meteor|p2a: Tentacruel
|-damage|p2a: Tentacruel|29/100
|-unboost|p1a: Noivern|spa|2
|move|p2a: Tentacruel|Toxic Spikes|p1a: Noivern
|-sidestart|p1: Bamarah|move: Toxic Spikes
|
|-heal|p2a: Tentacruel|35/100|[from] item: Black Sludge
|upkeep
|turn|5
|
|move|p1a: Noivern|Defog|p2a: Tentacruel
|-fail|p2a: Tentacruel|unboost|[from] ability: Clear Body|[of] p2a: Tentacruel
|-sideend|p1: Bamarah|Toxic Spikes|[from] move: Defog|[of] p1a: Noivern
|move|p2a: Tentacruel|Rapid Spin|p1a: Noivern
|-crit|p1a: Noivern
|-damage|p1a: Noivern|55/100
|-boost|p2a: Tentacruel|spe|1
|
|-heal|p2a: Tentacruel|41/100|[from] item: Black Sludge
|upkeep
|turn|6
|inactive|Bamarah has 120 seconds left.
|
|switch|p1a: Chandelure|Chandelure, M, shiny|100/100
|move|p2a: Tentacruel|Toxic Spikes|p1a: Chandelure
|-sidestart|p1: Bamarah|move: Toxic Spikes
|
|-heal|p2a: Tentacruel|47/100|[from] item: Black Sludge
|upkeep
|turn|7
|
|move|p2a: Tentacruel|Knock Off|p1a: Chandelure
|-supereffective|p1a: Chandelure
|-damage|p1a: Chandelure|59/100
|-enditem|p1a: Chandelure|Choice Scarf|[from] move: Knock Off|[of] p2a: Tentacruel
|move|p1a: Chandelure|Psychic|p2a: Tentacruel
|-supereffective|p2a: Tentacruel
|-damage|p2a: Tentacruel|0 fnt
|faint|p2a: Tentacruel
|
|upkeep
|j| 467 11 11p
|
|switch|p2a: Krookodile|Krookodile, F|56/100
|-ability|p2a: Krookodile|Intimidate|boost
|-unboost|p1a: Chandelure|atk|1
|turn|8
|inactive|Bamarah has 120 seconds left.
|
|move|p2a: Krookodile|Smack Down|p1a: Chandelure
|-supereffective|p1a: Chandelure
|-damage|p1a: Chandelure|12/100
|move|p1a: Chandelure|Energy Ball|p2a: Krookodile
|-supereffective|p2a: Krookodile
|-damage|p2a: Krookodile|0 fnt
|faint|p2a: Krookodile
|
|upkeep
|
|switch|p2a: Jirachi|Jirachi, shiny|100/100
|turn|9
|
|move|p2a: Jirachi|Calm Mind|p2a: Jirachi
|-boost|p2a: Jirachi|spa|1
|-boost|p2a: Jirachi|spd|1
|move|p1a: Chandelure|Flamethrower|p2a: Jirachi
|-supereffective|p2a: Jirachi
|-damage|p2a: Jirachi|33/100
|
|-heal|p2a: Jirachi|39/100|[from] item: Leftovers
|upkeep
|turn|10
|
|move|p2a: Jirachi|Psyshock|p1a: Chandelure
|-damage|p1a: Chandelure|0 fnt
|faint|p1a: Chandelure
|
|-heal|p2a: Jirachi|45/100|[from] item: Leftovers
|upkeep
|
|switch|p1a: Noivern|Noivern, M, shiny|55/100
|turn|11
|
|move|p1a: Noivern|Defog|p2a: Jirachi
|-unboost|p2a: Jirachi|evasion|1
|-sideend|p1: Bamarah|Toxic Spikes|[from] move: Defog|[of] p1a: Noivern
|move|p2a: Jirachi|Wish|p2a: Jirachi
|
|-heal|p2a: Jirachi|52/100|[from] item: Leftovers
|upkeep
|turn|12
|
|move|p1a: Noivern|Flamethrower|p2a: Jirachi
|-supereffective|p2a: Jirachi
|-damage|p2a: Jirachi|19/100
|move|p2a: Jirachi|Aura Sphere|p1a: Noivern
|-resisted|p1a: Noivern
|-damage|p1a: Noivern|30/100
|
|-heal|p2a: Jirachi|69/100|[from] move: Wish|[wisher] Jirachi
|-heal|p2a: Jirachi|75/100|[from] item: Leftovers
|upkeep
|turn|13
|
|switch|p1a: Darmanitan|Darmanitan, M, shiny|100/100
|move|p2a: Jirachi|Wish|p2a: Jirachi
|
|-heal|p2a: Jirachi|81/100|[from] item: Leftovers
|upkeep
|turn|14
|
|switch|p2a: Slowking|Slowking, F, shiny|100/100
|move|p1a: Darmanitan|U-turn|p2a: Slowking
|-supereffective|p2a: Slowking
|-damage|p2a: Slowking|62/100
|
|switch|p1a: Blissey|Blissey, F, shiny|100/100|[from]move: U-turn
|
|-heal|p2a: Slowking|100/100|[from] move: Wish|[wisher] Jirachi
|upkeep
|turn|15
|
|move|p1a: Blissey|Thunder Wave|p2a: Slowking
|-status|p2a: Slowking|par
|cant|p2a: Slowking|par
|
|upkeep
|turn|16
|
|move|p1a: Blissey|Wish|p1a: Blissey
|move|p2a: Slowking|Future Sight|p1a: Blissey
|-start|p2a: Slowking|move: Future Sight
|
|upkeep
|turn|17
|
|move|p1a: Blissey|Thunder Wave|p2a: Slowking
|-fail|p2a: Slowking|par
|move|p2a: Slowking|Psyshock|p1a: Blissey
|-damage|p1a: Blissey|42/100
|
|-heal|p1a: Blissey|92/100|[from] move: Wish|[wisher] Blissey
|-heal|p1a: Blissey|98/100|[from] item: Leftovers
|upkeep
|turn|18
|
|move|p1a: Blissey|Wish|p1a: Blissey
|cant|p2a: Slowking|par
|
|-end|p1a: Blissey|move: Future Sight
|-damage|p1a: Blissey|87/100
|-heal|p1a: Blissey|94/100|[from] item: Leftovers
|upkeep
|turn|19
|inactive|Bamarah has 120 seconds left.
|
|switch|p1a: Noivern|Noivern, M, shiny|30/100
|cant|p2a: Slowking|par
|
|-heal|p1a: Noivern|100/100|[from] move: Wish|[wisher] Blissey
|upkeep
|turn|20
|inactive|Bamarah has 120 seconds left.
|
|move|p1a: Noivern|Draco Meteor|p2a: Slowking
|-damage|p2a: Slowking|59/100 par
|-unboost|p1a: Noivern|spa|2
|move|p2a: Slowking|Future Sight|p1a: Noivern
|-start|p2a: Slowking|move: Future Sight
|
|upkeep
|turn|21
|
|switch|p1a: Blissey|Blissey, F, shiny|94/100
|move|p2a: Slowking|Teleport|p2a: Slowking
|
|switch|p2a: Mienshao|Mienshao, M, shiny|100/100|[from]move: Teleport
|
|-heal|p1a: Blissey|99/100|[from] item: Leftovers
|upkeep
|turn|22
|
|switch|p1a: Noivern|Noivern, M, shiny|100/100
|move|p2a: Mienshao|Close Combat|p1a: Noivern
|-resisted|p1a: Noivern
|-damage|p1a: Noivern|58/100
|-unboost|p2a: Mienshao|def|1
|-unboost|p2a: Mienshao|spd|1
|
|-end|p1a: Noivern|move: Future Sight
|-crit|p1a: Noivern
|-damage|p1a: Noivern|0 fnt
|upkeep
|faint|p1a: Noivern
|
|switch|p1a: Darmanitan|Darmanitan, M, shiny|100/100
|turn|23
|
|move|p2a: Mienshao|Close Combat|p1a: Darmanitan
|-damage|p1a: Darmanitan|12/100
|-unboost|p2a: Mienshao|def|1
|-unboost|p2a: Mienshao|spd|1
|move|p1a: Darmanitan|U-turn|p2a: Mienshao
|-resisted|p2a: Mienshao
|-damage|p2a: Mienshao|53/100
|
|switch|p1a: Skarmory|Skarmory, M, shiny|100/100|[from]move: U-turn
|
|upkeep
|turn|24
|
|switch|p2a: Jirachi|Jirachi, shiny|81/100
|move|p1a: Skarmory|Iron Defense|p1a: Skarmory
|-boost|p1a: Skarmory|def|2
|
|-heal|p2a: Jirachi|88/100|[from] item: Leftovers
|upkeep
|turn|25
|
|move|p2a: Jirachi|Calm Mind|p2a: Jirachi
|-boost|p2a: Jirachi|spa|1
|-boost|p2a: Jirachi|spd|1
|move|p1a: Skarmory|Body Press|p2a: Jirachi
|-damage|p2a: Jirachi|19/100
|
|-heal|p2a: Jirachi|25/100|[from] item: Leftovers
|upkeep
|turn|26
|
|move|p2a: Jirachi|Aura Sphere|p1a: Skarmory
|-damage|p1a: Skarmory|41/100
|move|p1a: Skarmory|Body Press|p2a: Jirachi
|-damage|p2a: Jirachi|0 fnt
|faint|p2a: Jirachi
|
|-heal|p1a: Skarmory|47/100|[from] item: Leftovers
|upkeep
|
|switch|p2a: Slowking|Slowking, F, shiny|92/100 par
|turn|27
|
|move|p1a: Skarmory|Roost|p1a: Skarmory
|-heal|p1a: Skarmory|98/100
|-singleturn|p1a: Skarmory|move: Roost
|move|p2a: Slowking|Scald|p1a: Skarmory
|-damage|p1a: Skarmory|48/100
|
|-heal|p1a: Skarmory|54/100|[from] item: Leftovers
|upkeep
|turn|28
|
|move|p1a: Skarmory|Roost|p1a: Skarmory
|-heal|p1a: Skarmory|100/100
|-singleturn|p1a: Skarmory|move: Roost
|move|p2a: Slowking|Future Sight|p1a: Skarmory
|-start|p2a: Slowking|move: Future Sight
|
|upkeep
|turn|29
|
|move|p1a: Skarmory|Night Slash|p2a: Slowking
|-supereffective|p2a: Slowking
|-damage|p2a: Slowking|73/100 par
|cant|p2a: Slowking|par
|
|upkeep
|turn|30
|
|switch|p1a: Blissey|Blissey, F, shiny|99/100
|move|p2a: Slowking|Scald|p1a: Blissey
|-damage|p1a: Blissey|93/100
|
|-end|p1a: Blissey|move: Future Sight
|-damage|p1a: Blissey|81/100
|-heal|p1a: Blissey|87/100|[from] item: Leftovers
|upkeep
|turn|31
|
|move|p1a: Blissey|Wish|p1a: Blissey
|move|p2a: Slowking|Future Sight|p1a: Blissey
|-start|p2a: Slowking|move: Future Sight
|
|-heal|p1a: Blissey|93/100|[from] item: Leftovers
|upkeep
|turn|32
|-message|estarossa ㋛ forfeited.
|
|win|Bamarah
|l|☆estarossa ㋛
