|j|☆Queen of Bean ✿
|j|☆pokemonisfun
|t:|1665881681
|gametype|singles
|player|p1|Queen of Bean ✿|hexmaniac-gen6|1514
|player|p2|pokemonisfun|#uutrio2ladder|1764
|teamsize|p1|6
|teamsize|p2|6
|gen|8
|tier|[Gen 8] UU
|rated|
|rule|Sleep Clause Mod: Limit one foe put to sleep
|rule|Species Clause: Limit one of each Pokémon
|rule|OHKO Clause: OHKO moves are banned
|rule|Evasion Items Clause: Evasion items are banned
|rule|Evasion Moves Clause: Evasion moves are banned
|rule|Endless Battle Clause: Forcing endless battles is banned
|rule|HP Percentage Mod: HP is shown in percentages
|rule|Dynamax Clause: You cannot dynamax
|clearpoke
|poke|p1|Reuniclus, M|
|poke|p1|Zarude-Dada|
|poke|p1|Skarmory, M|
|poke|p1|Primarina, M|
|poke|p1|Salamence, M|
|poke|p1|Hippowdon, M|
|poke|p2|Primarina, M|
|poke|p2|Jirachi|
|poke|p2|Nidoqueen, F|
|poke|p2|Salamence, M|
|poke|p2|Zarude|
|poke|p2|Scizor, M|
|teampreview
|c|☆Queen of Bean ✿|hi
|c|☆Queen of Bean ✿|lol
|c|☆pokemonisfun|hi
|c|☆pokemonisfun|lol
|c|☆Queen of Bean ✿|glhf :)
|c|☆pokemonisfun|;)
|
|t:|1665881708
|start
|switch|p1a: Reuniclus|Reuniclus, M|100/100
|switch|p2a: punchy wunchy|Scizor, M|100/100
|turn|1
|
|t:|1665881715
|switch|p1a: Skarmory|Skarmory, M|100/100
|move|p2a: punchy wunchy|Knock Off|p1a: Skarmory
|-damage|p1a: Skarmory|84/100
|-damage|p2a: punchy wunchy|84/100|[from] item: Rocky Helmet|[of] p1a: Skarmory
|-enditem|p1a: Skarmory|Rocky Helmet|[from] move: Knock Off|[of] p2a: punchy wunchy
|
|upkeep
|turn|2
|
|t:|1665881743
|switch|p1a: Reuniclus|Reuniclus, M|100/100
|switch|p2a: seal that squeals|Primarina, M|100/100
|
|upkeep
|turn|3
|
|t:|1665881750
|switch|p2a: punchy wunchy|Scizor, M|84/100
|move|p1a: Reuniclus|Thunder|p2a: punchy wunchy
|-damage|p2a: punchy wunchy|21/100
|-status|p2a: punchy wunchy|par
|
|upkeep
|turn|4
|c|☆Queen of Bean ✿|paraed
|
|t:|1665881766
|switch|p2a: inch by flinch|Jirachi|100/100
|move|p1a: Reuniclus|Psychic|p2a: inch by flinch
|-resisted|p2a: inch by flinch
|-damage|p2a: inch by flinch|87/100
|
|-heal|p2a: inch by flinch|93/100|[from] item: Leftovers
|upkeep
|turn|5
|
|t:|1665881773
|move|p2a: inch by flinch|Iron Head|p1a: Reuniclus
|-damage|p1a: Reuniclus|74/100
|move|p1a: Reuniclus|Thunder|p2a: inch by flinch
|-damage|p2a: inch by flinch|50/100
|-status|p2a: inch by flinch|par
|
|-heal|p2a: inch by flinch|56/100 par|[from] item: Leftovers
|upkeep
|turn|6
|c|☆Queen of Bean ✿|paraed
|
|t:|1665881781
|switch|p1a: Skarmory|Skarmory, M|84/100
|move|p2a: inch by flinch|Wish|p2a: inch by flinch
|
|-heal|p2a: inch by flinch|62/100 par|[from] item: Leftovers
|upkeep
|turn|7
|
|t:|1665881793
|move|p1a: Skarmory|Spikes|p2a: inch by flinch
|-sidestart|p2: pokemonisfun|Spikes
|move|p2a: inch by flinch|U-turn|p1a: Skarmory
|-resisted|p1a: Skarmory
|-damage|p1a: Skarmory|81/100
|
|t:|1665881796
|switch|p2a: punchy wunchy|Scizor, M|21/100 par|[from]move: U-turn
|
|-heal|p2a: punchy wunchy|80/100 par|[from] move: Wish|[wisher] inch by flinch
|upkeep
|turn|8
|c|☆Queen of Bean ✿|woah
|c|☆Queen of Bean ✿|whys that guy so slow
|c|☆Queen of Bean ✿|oh
|c|☆Queen of Bean ✿|para
|c|☆pokemonisfun|because you haxed me with thunder twice in a row
|
|t:|1665881815
|move|p1a: Skarmory|Spikes|p2a: punchy wunchy
|-sidestart|p2: pokemonisfun|Spikes
|move|p2a: punchy wunchy|U-turn|p1a: Skarmory
|-resisted|p1a: Skarmory
|-damage|p1a: Skarmory|77/100
|
|t:|1665881820
|switch|p2a: airy scary|Salamence, M|100/100|[from]move: U-turn
|-ability|p2a: airy scary|Intimidate|boost
|-unboost|p1a: Skarmory|atk|1
|
|upkeep
|turn|9
|c|☆Queen of Bean ✿|i forgot
|
|t:|1665881826
|switch|p1a: Primarina|Primarina, M|100/100
|move|p2a: airy scary|Defog|p1a: Primarina
|-unboost|p1a: Primarina|evasion|1
|-sideend|p2: pokemonisfun|Spikes|[from] move: Defog|[of] p2a: airy scary
|
|upkeep
|turn|10
|
|t:|1665881833
|switch|p2a: inch by flinch|Jirachi|62/100 par
|move|p1a: Primarina|Calm Mind|p1a: Primarina
|-boost|p1a: Primarina|spa|1
|-boost|p1a: Primarina|spd|1
|
|-heal|p2a: inch by flinch|69/100 par|[from] item: Leftovers
|upkeep
|turn|11
|
|t:|1665881841
|move|p2a: inch by flinch|U-turn|p1a: Primarina
|-resisted|p1a: Primarina
|-damage|p1a: Primarina|94/100
|
|t:|1665881847
|switch|p2a: funky monkey|Zarude|100/100|[from]move: U-turn
|move|p1a: Primarina|Moonblast|p2a: funky monkey
|-supereffective|p2a: funky monkey
|-damage|p2a: funky monkey|0 fnt
|faint|p2a: funky monkey
|
|-heal|p1a: Primarina|99/100|[from] item: Leftovers
|upkeep
|c|☆Queen of Bean ✿|why
|
|t:|1665881856
|switch|p2a: inch by flinch|Jirachi|69/100 par
|turn|12
|c|☆pokemonisfun|because not fucking everyone moonblasts onjirachi
|
|t:|1665881867
|move|p2a: inch by flinch|Iron Head|p1a: Primarina
|-damage|p1a: Primarina|79/100
|move|p1a: Primarina|Calm Mind|p1a: Primarina
|-boost|p1a: Primarina|spa|1
|-boost|p1a: Primarina|spd|1
|
|-heal|p2a: inch by flinch|75/100 par|[from] item: Leftovers
|-heal|p1a: Primarina|85/100|[from] item: Leftovers
|upkeep
|turn|13
|c|☆Queen of Bean ✿|i do
|
|t:|1665881886
|move|p2a: inch by flinch|Iron Head|p1a: Primarina
|-damage|p1a: Primarina|60/100
|cant|p1a: Primarina|flinch
|
|-heal|p2a: inch by flinch|81/100 par|[from] item: Leftovers
|-heal|p1a: Primarina|66/100|[from] item: Leftovers
|upkeep
|turn|14
|c|☆Queen of Bean ✿|are you sure i paraed you
|c|☆Queen of Bean ✿|it doesnt seem to be doign anything
|
|t:|1665881907
|move|p2a: inch by flinch|Iron Head|p1a: Primarina
|-damage|p1a: Primarina|45/100
|cant|p1a: Primarina|flinch
|
|-heal|p2a: inch by flinch|87/100 par|[from] item: Leftovers
|-heal|p1a: Primarina|51/100|[from] item: Leftovers
|upkeep
|turn|15
|
|t:|1665881912
|cant|p2a: inch by flinch|par
|move|p1a: Primarina|Rest|p1a: Primarina
|-status|p1a: Primarina|slp|[from] move: Rest
|-heal|p1a: Primarina|100/100 slp|[silent]
|
|-heal|p2a: inch by flinch|93/100 par|[from] item: Leftovers
|upkeep
|turn|16
|
|t:|1665881921
|move|p2a: inch by flinch|Iron Head|p1a: Primarina
|-damage|p1a: Primarina|77/100 slp
|cant|p1a: Primarina|slp
|cant|p1a: Primarina|flinch
|
|-heal|p2a: inch by flinch|99/100 par|[from] item: Leftovers
|-heal|p1a: Primarina|83/100 slp|[from] item: Leftovers
|upkeep
|turn|17
|
|t:|1665881927
|cant|p2a: inch by flinch|par
|cant|p1a: Primarina|slp
|move|p1a: Primarina|Sleep Talk|p1a: Primarina
|move|p1a: Primarina|Moonblast|p2a: inch by flinch|[from]move: Sleep Talk
|-resisted|p2a: inch by flinch
|-damage|p2a: inch by flinch|66/100 par
|
|-heal|p2a: inch by flinch|73/100 par|[from] item: Leftovers
|-heal|p1a: Primarina|89/100 slp|[from] item: Leftovers
|upkeep
|turn|18
|
|t:|1665881938
|cant|p2a: inch by flinch|par
|-curestatus|p1a: Primarina|slp|[msg]
|move|p1a: Primarina|Calm Mind|p1a: Primarina
|-boost|p1a: Primarina|spa|1
|-boost|p1a: Primarina|spd|1
|
|-heal|p2a: inch by flinch|79/100 par|[from] item: Leftovers
|-heal|p1a: Primarina|95/100|[from] item: Leftovers
|upkeep
|turn|19
|
|t:|1665881942
|move|p2a: inch by flinch|Wish|p2a: inch by flinch
|move|p1a: Primarina|Moonblast|p2a: inch by flinch
|-resisted|p2a: inch by flinch
|-damage|p2a: inch by flinch|36/100 par
|
|-heal|p2a: inch by flinch|43/100 par|[from] item: Leftovers
|-heal|p1a: Primarina|100/100|[from] item: Leftovers
|upkeep
|turn|20
|
|t:|1665881947
|switch|p2a: punchy wunchy|Scizor, M|80/100 par
|move|p1a: Primarina|Calm Mind|p1a: Primarina
|-boost|p1a: Primarina|spa|1
|-boost|p1a: Primarina|spd|1
|
|-heal|p2a: punchy wunchy|100/100 par|[from] move: Wish|[wisher] inch by flinch
|upkeep
|turn|21
|
|t:|1665881950
|move|p1a: Primarina|Moonblast|p2a: punchy wunchy
|-resisted|p2a: punchy wunchy
|-damage|p2a: punchy wunchy|31/100 par
|-unboost|p2a: punchy wunchy|spa|1
|move|p2a: punchy wunchy|Knock Off|p1a: Primarina
|-resisted|p1a: Primarina
|-damage|p1a: Primarina|89/100
|-enditem|p1a: Primarina|Leftovers|[from] move: Knock Off|[of] p2a: punchy wunchy
|
|upkeep
|turn|22
|
|t:|1665881957
|move|p2a: punchy wunchy|Bullet Punch|p1a: Primarina
|-damage|p1a: Primarina|66/100
|move|p1a: Primarina|Moonblast|p2a: punchy wunchy
|-resisted|p2a: punchy wunchy
|-damage|p2a: punchy wunchy|0 fnt
|faint|p2a: punchy wunchy
|
|upkeep
|
|t:|1665881960
|switch|p2a: inch by flinch|Jirachi|43/100 par
|turn|23
|
|t:|1665881967
|move|p2a: inch by flinch|Iron Head|p1a: Primarina
|-damage|p1a: Primarina|45/100
|cant|p1a: Primarina|flinch
|
|-heal|p2a: inch by flinch|49/100 par|[from] item: Leftovers
|upkeep
|turn|24
|
|t:|1665881973
|cant|p2a: inch by flinch|par
|move|p1a: Primarina|Rest|p1a: Primarina
|-status|p1a: Primarina|slp|[from] move: Rest
|-heal|p1a: Primarina|100/100 slp|[silent]
|
|-heal|p2a: inch by flinch|55/100 par|[from] item: Leftovers
|upkeep
|turn|25
|
|t:|1665881977
|move|p2a: inch by flinch|Iron Head|p1a: Primarina
|-damage|p1a: Primarina|77/100 slp
|cant|p1a: Primarina|slp
|move|p1a: Primarina|Sleep Talk|p1a: Primarina
|move|p1a: Primarina|Moonblast|p2a: inch by flinch|[from]move: Sleep Talk
|-resisted|p2a: inch by flinch
|-damage|p2a: inch by flinch|2/100 par
|
|-heal|p2a: inch by flinch|9/100 par|[from] item: Leftovers
|upkeep
|turn|26
|
|t:|1665881986
|move|p2a: inch by flinch|Iron Head|p1a: Primarina
|-damage|p1a: Primarina|54/100 slp
|cant|p1a: Primarina|slp
|cant|p1a: Primarina|flinch
|
|-heal|p2a: inch by flinch|15/100 par|[from] item: Leftovers
|upkeep
|turn|27
|
|t:|1665882001
|move|p2a: inch by flinch|Iron Head|p1a: Primarina
|-damage|p1a: Primarina|30/100 slp
|-curestatus|p1a: Primarina|slp|[msg]
|cant|p1a: Primarina|flinch
|
|-heal|p2a: inch by flinch|21/100 par|[from] item: Leftovers
|upkeep
|turn|28
|
|t:|1665882012
|move|p2a: inch by flinch|Iron Head|p1a: Primarina
|-damage|p1a: Primarina|7/100
|cant|p1a: Primarina|flinch
|
|-heal|p2a: inch by flinch|27/100 par|[from] item: Leftovers
|upkeep
|turn|29
|c|☆Queen of Bean ✿|ohnooo
|j| gewwge
|
|t:|1665882027
|switch|p1a: Zarude|Zarude-Dada|100/100
|move|p2a: inch by flinch|U-turn|p1a: Zarude
|-supereffective|p1a: Zarude
|-damage|p1a: Zarude|39/100
|
|t:|1665882036
|switch|p2a: queenbean 69420|Nidoqueen, F|100/100|[from]move: U-turn
|
|upkeep
|turn|30
|
|t:|1665882047
|move|p1a: Zarude|U-turn|p2a: queenbean 69420
|-resisted|p2a: queenbean 69420
|-damage|p2a: queenbean 69420|88/100
|
|t:|1665882050
|switch|p1a: Primarina|Primarina, M|7/100|[from]move: U-turn
|move|p2a: queenbean 69420|Flamethrower|p1a: Primarina
|-resisted|p1a: Primarina
|-damage|p1a: Primarina|0 fnt
|faint|p1a: Primarina
|
|upkeep
|
|t:|1665882056
|switch|p1a: Salamence|Salamence, M|100/100
|-ability|p1a: Salamence|Intimidate|boost
|-unboost|p2a: queenbean 69420|atk|1
|turn|31
|
|t:|1665882064
|switch|p2a: airy scary|Salamence, M|100/100
|-ability|p2a: airy scary|Intimidate|boost
|-unboost|p1a: Salamence|atk|1
|move|p1a: Salamence|Earthquake|p2a: airy scary
|-immune|p2a: airy scary
|
|upkeep
|turn|32
|
|t:|1665882076
|switch|p2a: seal that squeals|Primarina, M|100/100
|switch|p1a: Reuniclus|Reuniclus, M|74/100
|
|upkeep
|turn|33
|
|t:|1665882103
|switch|p1a: Salamence|Salamence, M|100/100
|-ability|p1a: Salamence|Intimidate|boost
|-unboost|p2a: seal that squeals|atk|1
|move|p2a: seal that squeals|Hydro Pump|p1a: Salamence|[miss]
|-miss|p2a: seal that squeals|p1a: Salamence
|
|upkeep
|turn|34
|
|t:|1665882110
|move|p1a: Salamence|Earthquake|p2a: seal that squeals
|-damage|p2a: seal that squeals|58/100
|move|p2a: seal that squeals|Hydro Pump|p1a: Salamence
|-resisted|p1a: Salamence
|-crit|p1a: Salamence
|-damage|p1a: Salamence|33/100
|
|upkeep
|turn|35
|
|t:|1665882116
|switch|p2a: airy scary|Salamence, M|100/100
|-ability|p2a: airy scary|Intimidate|boost
|-unboost|p1a: Salamence|atk|1
|move|p1a: Salamence|Roost|p1a: Salamence
|-heal|p1a: Salamence|83/100
|-singleturn|p1a: Salamence|move: Roost
|
|upkeep
|turn|36
|
|t:|1665882120
|switch|p2a: seal that squeals|Primarina, M|58/100
|switch|p1a: Reuniclus|Reuniclus, M|74/100
|
|upkeep
|turn|37
|
|t:|1665882124
|move|p2a: seal that squeals|Moonblast|p1a: Reuniclus
|-damage|p1a: Reuniclus|5/100
|move|p1a: Reuniclus|Thunder|p2a: seal that squeals|[miss]
|-miss|p1a: Reuniclus|p2a: seal that squeals
|
|upkeep
|turn|38
|c|☆Queen of Bean ✿|:OOOO
|
|t:|1665882147
|move|p2a: seal that squeals|Moonblast|p1a: Reuniclus
|-damage|p1a: Reuniclus|0 fnt
|faint|p1a: Reuniclus
|
|upkeep
|
|t:|1665882149
|switch|p1a: Zarude|Zarude-Dada|39/100
|turn|39
|
|t:|1665882155
|switch|p2a: airy scary|Salamence, M|100/100
|-ability|p2a: airy scary|Intimidate|boost
|-unboost|p1a: Zarude|atk|1
|move|p1a: Zarude|U-turn|p2a: airy scary
|-resisted|p2a: airy scary
|-damage|p2a: airy scary|92/100
|
|t:|1665882158
|switch|p1a: Hippowdon|Hippowdon, M|100/100|[from]move: U-turn
|-weather|Sandstorm|[from] ability: Sand Stream|[of] p1a: Hippowdon
|
|-weather|Sandstorm|[upkeep]
|-damage|p2a: airy scary|86/100|[from] Sandstorm
|upkeep
|turn|40
|
|t:|1665882166
|move|p2a: airy scary|Toxic|p1a: Hippowdon
|-status|p1a: Hippowdon|tox
|move|p1a: Hippowdon|Earthquake|p2a: airy scary
|-immune|p2a: airy scary
|
|-weather|Sandstorm|[upkeep]
|-damage|p2a: airy scary|80/100|[from] Sandstorm
|-damage|p1a: Hippowdon|94/100 tox|[from] psn
|upkeep
|turn|41
|
|t:|1665882171
|move|p2a: airy scary|Flamethrower|p1a: Hippowdon
|-crit|p1a: Hippowdon
|-damage|p1a: Hippowdon|68/100 tox
|move|p1a: Hippowdon|Earthquake|p2a: airy scary
|-immune|p2a: airy scary
|
|-weather|Sandstorm|[upkeep]
|-damage|p2a: airy scary|74/100|[from] Sandstorm
|-damage|p1a: Hippowdon|55/100 tox|[from] psn
|upkeep
|turn|42
|
|t:|1665882179
|switch|p2a: inch by flinch|Jirachi|27/100 par
|move|p1a: Hippowdon|Earthquake|p2a: inch by flinch
|-supereffective|p2a: inch by flinch
|-damage|p2a: inch by flinch|0 fnt
|faint|p2a: inch by flinch
|
|-weather|Sandstorm|[upkeep]
|-damage|p1a: Hippowdon|37/100 tox|[from] psn
|upkeep
|
|t:|1665882192
|switch|p2a: seal that squeals|Primarina, M|58/100
|turn|43
|
|t:|1665882203
|switch|p1a: Skarmory|Skarmory, M|77/100
|move|p2a: seal that squeals|Moonblast|p1a: Skarmory
|-resisted|p1a: Skarmory
|-damage|p1a: Skarmory|24/100
|
|-weather|none
|upkeep
|turn|44
|
|t:|1665882208
|move|p2a: seal that squeals|Moonblast|p1a: Skarmory
|-resisted|p1a: Skarmory
|-damage|p1a: Skarmory|0 fnt
|faint|p1a: Skarmory
|
|upkeep
|
|t:|1665882212
|switch|p1a: Zarude|Zarude-Dada|39/100
|turn|45
|
|t:|1665882219
|switch|p2a: airy scary|Salamence, M|74/100
|-ability|p2a: airy scary|Intimidate|boost
|-unboost|p1a: Zarude|atk|1
|move|p1a: Zarude|Power Whip|p2a: airy scary
|-resisted|p2a: airy scary
|-damage|p2a: airy scary|63/100
|
|upkeep
|turn|46
|
|t:|1665882224
|switch|p1a: Hippowdon|Hippowdon, M|37/100 tox
|-weather|Sandstorm|[from] ability: Sand Stream|[of] p1a: Hippowdon
|move|p2a: airy scary|Roost|p2a: airy scary
|-heal|p2a: airy scary|100/100
|-singleturn|p2a: airy scary|move: Roost
|
|-weather|Sandstorm|[upkeep]
|-damage|p2a: airy scary|94/100|[from] Sandstorm
|-damage|p1a: Hippowdon|30/100 tox|[from] psn
|upkeep
|turn|47
|
|t:|1665882231
|switch|p2a: queenbean 69420|Nidoqueen, F|88/100
|move|p1a: Hippowdon|Slack Off|p1a: Hippowdon
|-heal|p1a: Hippowdon|80/100 tox
|
|-weather|Sandstorm|[upkeep]
|-damage|p1a: Hippowdon|68/100 tox|[from] psn
|upkeep
|turn|48
|
|t:|1665882243
|move|p2a: queenbean 69420|Earth Power|p1a: Hippowdon
|-damage|p1a: Hippowdon|20/100 tox
|move|p1a: Hippowdon|Earthquake|p2a: queenbean 69420
|-supereffective|p2a: queenbean 69420
|-damage|p2a: queenbean 69420|11/100
|
|-weather|Sandstorm|[upkeep]
|-damage|p1a: Hippowdon|1/100 tox|[from] psn
|upkeep
|turn|49
|
|t:|1665882251
|switch|p1a: Salamence|Salamence, M|83/100
|-ability|p1a: Salamence|Intimidate|boost
|-unboost|p2a: queenbean 69420|atk|1
|move|p2a: queenbean 69420|Sludge Wave|p1a: Salamence
|-damage|p1a: Salamence|14/100
|
|-weather|Sandstorm|[upkeep]
|-damage|p1a: Salamence|8/100|[from] Sandstorm
|upkeep
|turn|50
|
|t:|1665882254
|move|p1a: Salamence|Earthquake|p2a: queenbean 69420
|-supereffective|p2a: queenbean 69420
|-damage|p2a: queenbean 69420|0 fnt
|faint|p2a: queenbean 69420
|
|-weather|none
|upkeep
|
|t:|1665882257
|switch|p2a: airy scary|Salamence, M|94/100
|-ability|p2a: airy scary|Intimidate|boost
|-unboost|p1a: Salamence|atk|1
|turn|51
|
|t:|1665882262
|move|p2a: airy scary|Flamethrower|p1a: Salamence
|-resisted|p1a: Salamence
|-damage|p1a: Salamence|0 fnt
|faint|p1a: Salamence
|
|upkeep
|
|t:|1665882264
|switch|p1a: Hippowdon|Hippowdon, M|1/100 tox
|-weather|Sandstorm|[from] ability: Sand Stream|[of] p1a: Hippowdon
|turn|52
|
|t:|1665882266
|move|p2a: airy scary|Flamethrower|p1a: Hippowdon
|-damage|p1a: Hippowdon|0 fnt
|faint|p1a: Hippowdon
|
|-weather|Sandstorm|[upkeep]
|-damage|p2a: airy scary|88/100|[from] Sandstorm
|upkeep
|c|☆Queen of Bean ✿|naurrrrrr
|
|t:|1665882273
|switch|p1a: Zarude|Zarude-Dada|39/100
|turn|53
|
|t:|1665882288
|move|p1a: Zarude|Darkest Lariat|p2a: airy scary
|-damage|p2a: airy scary|48/100
|move|p2a: airy scary|Flamethrower|p1a: Zarude
|-supereffective|p1a: Zarude
|-damage|p1a: Zarude|0 fnt
|faint|p1a: Zarude
|
|win|pokemonisfun
|raw|Queen of Bean ✿'s rating: 1514 &rarr; <strong>1506</strong><br />(-8 for losing)
|raw|pokemonisfun's rating: 1764 &rarr; <strong>1772</strong><br />(+8 for winning)
|l|☆pokemonisfun
