|j|☆Mimilucha
|j|☆cielau origine ♫
|t:|1664392102
|gametype|singles
|player|p1|Mimilucha|ethan-masters|
|player|p2|cielau origine ♫|nate|
|teamsize|p1|6
|teamsize|p2|6
|gen|8
|tier|[Gen 8] UU
|rule|Sleep Clause Mod: Limit one foe put to sleep
|rule|Species Clause: Limit one of each Pokémon
|rule|OHKO Clause: OHKO moves are banned
|rule|Evasion Items Clause: Evasion items are banned
|rule|Evasion Moves Clause: Evasion moves are banned
|rule|Endless Battle Clause: Forcing endless battles is banned
|rule|HP Percentage Mod: HP is shown in percentages
|rule|Dynamax Clause: You cannot dynamax
|clearpoke
|poke|p1|Hippowdon, M|
|poke|p1|Zarude|
|poke|p1|Slowking, M|
|poke|p1|Salazzle, F|
|poke|p1|Salamence, M|
|poke|p1|Scizor, M|
|poke|p2|Gyarados, M|
|poke|p2|Necrozma|
|poke|p2|Celesteela|
|poke|p2|Cobalion|
|poke|p2|Scolipede, F|
|poke|p2|Azelf|
|teampreview
|inactive|Battle timer is ON: inactive players will automatically lose when time's up. (requested by Mimilucha)
|c|☆cielau origine ♫|hf !
|c|☆Mimilucha|hf
|inactive|Mimilucha has 270 seconds left.
|
|t:|1664392140
|start
|switch|p1a: Salamence|Salamence, M|100/100
|switch|p2a: Scolipede|Scolipede, F|100/100
|-ability|p1a: Salamence|Intimidate|boost
|-unboost|p2a: Scolipede|atk|1
|turn|1
|j| Phxo'
|c| Phxo'|Go MIMILIMI
|l| Phxo'
|c|☆Mimilucha|,
|
|t:|1664392163
|move|p2a: Scolipede|Spikes|p1a: Salamence
|-sidestart|p1: Mimilucha|Spikes
|move|p1a: Salamence|Dual Wingbeat|p2a: Scolipede
|-supereffective|p2a: Scolipede
|-damage|p2a: Scolipede|47/100
|-supereffective|p2a: Scolipede
|-damage|p2a: Scolipede|0 fnt
|faint|p2a: Scolipede
|-hitcount|p2: Scolipede|2
|
|upkeep
|j| Pheo' grosse merde
|inactive|cielau origine ♫ has 270 seconds left.
|
|t:|1664392187
|switch|p2a: Necrozma|Necrozma|100/100
|turn|2
|
|t:|1664392190
|switch|p1a: Slowking|Slowking, M|100/100
|move|p2a: Necrozma|Autotomize|p2a: Necrozma
|-boost|p2a: Necrozma|spe|2
|-start|p2a: Necrozma|Autotomize
|
|upkeep
|turn|3
|
|t:|1664392197
|switch|p2a: Azelf|Azelf|100/100
|move|p1a: Slowking|Thunder Wave|p2a: Azelf
|-status|p2a: Azelf|par
|
|upkeep
|turn|4
|
|t:|1664392203
|cant|p2a: Azelf|par
|move|p1a: Slowking|Teleport|p1a: Slowking
|
|t:|1664392206
|switch|p1a: Zarude|Zarude|100/100|[from]move: Teleport
|-damage|p1a: Zarude|88/100|[from] Spikes
|
|upkeep
|turn|5
|
|t:|1664392210
|switch|p2a: Cobalion|Cobalion|100/100
|move|p1a: Zarude|U-turn|p2a: Cobalion
|-resisted|p2a: Cobalion
|-damage|p2a: Cobalion|94/100
|
|t:|1664392212
|switch|p1a: Salazzle|Salazzle, F|100/100|[from]move: U-turn
|
|upkeep
|turn|6
|
|t:|1664392217
|switch|p2a: Gyarados|Gyarados, M|100/100
|move|p1a: Salazzle|Flamethrower|p2a: Gyarados
|-resisted|p2a: Gyarados
|-damage|p2a: Gyarados|79/100
|
|-heal|p2a: Gyarados|85/100|[from] item: Leftovers
|upkeep
|turn|7
|
|t:|1664392225
|switch|p1a: Salamence|Salamence, M|100/100
|-ability|p1a: Salamence|Intimidate|boost
|-unboost|p2a: Gyarados|atk|1
|move|p2a: Gyarados|Dragon Dance|p2a: Gyarados
|-boost|p2a: Gyarados|atk|1
|-boost|p2a: Gyarados|spe|1
|
|-heal|p2a: Gyarados|91/100|[from] item: Leftovers
|upkeep
|turn|8
|
|t:|1664392230
|move|p2a: Gyarados|Dragon Dance|p2a: Gyarados
|-boost|p2a: Gyarados|atk|1
|-boost|p2a: Gyarados|spe|1
|move|p1a: Salamence|Dual Wingbeat|p2a: Gyarados
|-damage|p2a: Gyarados|68/100
|-damage|p2a: Gyarados|44/100
|-hitcount|p2a: Gyarados|2
|
|-heal|p2a: Gyarados|50/100|[from] item: Leftovers
|upkeep
|turn|9
|
|t:|1664392242
|switch|p1a: Scizor|Scizor, M|100/100
|move|p2a: Gyarados|Bounce||[still]
|-prepare|p2a: Gyarados|Bounce
|
|-heal|p2a: Gyarados|56/100|[from] item: Leftovers
|upkeep
|turn|10
|
|t:|1664392245
|move|p2a: Gyarados|Bounce|p1a: Scizor|[from]lockedmove
|-damage|p1a: Scizor|43/100
|-status|p1a: Scizor|par
|cant|p1a: Scizor|par
|
|-heal|p2a: Gyarados|62/100|[from] item: Leftovers
|upkeep
|turn|11
|
|t:|1664392253
|switch|p1a: Salamence|Salamence, M|100/100
|-ability|p1a: Salamence|Intimidate|boost
|-unboost|p2a: Gyarados|atk|1
|move|p2a: Gyarados|Waterfall|p1a: Salamence
|-resisted|p1a: Salamence
|-damage|p1a: Salamence|82/100
|
|-heal|p2a: Gyarados|68/100|[from] item: Leftovers
|upkeep
|turn|12
|
|t:|1664392257
|move|p2a: Gyarados|Dragon Dance|p2a: Gyarados
|-boost|p2a: Gyarados|atk|1
|-boost|p2a: Gyarados|spe|1
|move|p1a: Salamence|Dual Wingbeat|p2a: Gyarados
|-damage|p2a: Gyarados|46/100
|-crit|p2a: Gyarados
|-damage|p2a: Gyarados|14/100
|-hitcount|p2a: Gyarados|2
|
|-heal|p2a: Gyarados|20/100|[from] item: Leftovers
|upkeep
|turn|13
|
|t:|1664392264
|move|p2a: Gyarados|Bounce||[still]
|-prepare|p2a: Gyarados|Bounce
|move|p1a: Salamence|Roost|p1a: Salamence
|-heal|p1a: Salamence|100/100
|-singleturn|p1a: Salamence|move: Roost
|
|-heal|p2a: Gyarados|26/100|[from] item: Leftovers
|upkeep
|turn|14
|
|t:|1664392271
|move|p2a: Gyarados|Bounce|p1a: Salamence|[from]lockedmove
|-damage|p1a: Salamence|48/100
|move|p1a: Salamence|Dual Wingbeat|p2a: Gyarados
|-damage|p2a: Gyarados|3/100
|-damage|p2a: Gyarados|0 fnt
|faint|p2a: Gyarados
|-hitcount|p2: Gyarados|2
|
|upkeep
|
|t:|1664392283
|switch|p2a: Cobalion|Cobalion|94/100
|turn|15
|
|t:|1664392288
|move|p2a: Cobalion|Swords Dance|p2a: Cobalion
|-boost|p2a: Cobalion|atk|2
|move|p1a: Salamence|Flamethrower|p2a: Cobalion
|-supereffective|p2a: Cobalion
|-damage|p2a: Cobalion|45/100
|-enditem|p2a: Cobalion|Weakness Policy
|-boost|p2a: Cobalion|atk|2|[from] item: Weakness Policy
|-boost|p2a: Cobalion|spa|2|[from] item: Weakness Policy
|
|upkeep
|turn|16
|
|t:|1664392295
|move|p2a: Cobalion|Iron Head|p1a: Salamence
|-damage|p1a: Salamence|0 fnt
|faint|p1a: Salamence
|
|upkeep
|
|t:|1664392298
|switch|p1a: Salazzle|Salazzle, F|100/100
|turn|17
|
|t:|1664392305
|move|p1a: Salazzle|Flamethrower|p2a: Cobalion
|-supereffective|p2a: Cobalion
|-damage|p2a: Cobalion|0 fnt
|faint|p2a: Cobalion
|
|upkeep
|
|t:|1664392308
|switch|p2a: Azelf|Azelf|100/100 par
|turn|18
|
|t:|1664392314
|switch|p1a: Scizor|Scizor, M|43/100 par
|move|p2a: Azelf|Nasty Plot|p2a: Azelf
|-boost|p2a: Azelf|spa|2
|
|upkeep
|turn|19
|
|t:|1664392319
|move|p1a: Scizor|Bullet Punch|p2a: Azelf
|-damage|p2a: Azelf|58/100 par
|cant|p2a: Azelf|par
|
|upkeep
|turn|20
|
|t:|1664392322
|move|p2a: Azelf|Flamethrower|p1a: Scizor
|-supereffective|p1a: Scizor
|-damage|p1a: Scizor|0 fnt
|faint|p1a: Scizor
|
|upkeep
|
|t:|1664392324
|switch|p1a: Zarude|Zarude|88/100
|-damage|p1a: Zarude|76/100|[from] Spikes
|turn|21
|
|t:|1664392335
|move|p1a: Zarude|U-turn|p2a: Azelf
|-supereffective|p2a: Azelf
|-damage|p2a: Azelf|0 fnt
|faint|p2a: Azelf
|
|t:|1664392337
|switch|p1a: Slowking|Slowking, M|100/100|[from]move: U-turn
|
|upkeep
|
|t:|1664392342
|switch|p2a: Celesteela|Celesteela|100/100
|turn|22
|
|t:|1664392344
|move|p2a: Celesteela|Meteor Beam||[still]
|-prepare|p2a: Celesteela|Meteor Beam
|-boost|p2a: Celesteela|spa|1
|-enditem|p2a: Celesteela|Power Herb
|-anim|p2a: Celesteela|Meteor Beam|p1a: Slowking
|-damage|p1a: Slowking|56/100
|move|p1a: Slowking|Thunder Wave|p2a: Celesteela
|-status|p2a: Celesteela|par
|
|upkeep
|turn|23
|
|t:|1664392351
|switch|p1a: Salazzle|Salazzle, F|100/100
|cant|p2a: Celesteela|par
|
|upkeep
|turn|24
|
|t:|1664392355
|move|p1a: Salazzle|Flamethrower|p2a: Celesteela
|-supereffective|p2a: Celesteela
|-crit|p2a: Celesteela
|-damage|p2a: Celesteela|0 fnt
|faint|p2a: Celesteela
|
|upkeep
|
|t:|1664392357
|switch|p2a: Necrozma|Necrozma|100/100
|turn|25
|j| Micciu20250
|
|t:|1664392373
|switch|p1a: Slowking|Slowking, M|89/100
|move|p2a: Necrozma|Autotomize|p2a: Necrozma
|-boost|p2a: Necrozma|spe|2
|-start|p2a: Necrozma|Autotomize
|
|upkeep
|turn|26
|
|t:|1664392377
|move|p2a: Necrozma|Meteor Beam||[still]
|-prepare|p2a: Necrozma|Meteor Beam
|-boost|p2a: Necrozma|spa|1
|-enditem|p2a: Necrozma|Power Herb
|-anim|p2a: Necrozma|Meteor Beam|p1a: Slowking
|-damage|p1a: Slowking|39/100
|move|p1a: Slowking|Thunder Wave|p2a: Necrozma
|-status|p2a: Necrozma|par
|
|upkeep
|turn|27
|c|☆cielau origine ♫|miss
|
|t:|1664392385
|move|p2a: Necrozma|Autotomize|p2a: Necrozma
|-boost|p2a: Necrozma|spe|2
|-start|p2a: Necrozma|Autotomize
|move|p1a: Slowking|Teleport|p1a: Slowking
|inactive|Mimilucha has 270 seconds left.
|
|t:|1664392422
|switch|p1a: Hippowdon|Hippowdon, M|100/100|[from]move: Teleport
|-damage|p1a: Hippowdon|88/100|[from] Spikes
|-weather|Sandstorm|[from] ability: Sand Stream|[of] p1a: Hippowdon
|
|-weather|Sandstorm|[upkeep]
|-damage|p2a: Necrozma|94/100 par|[from] Sandstorm
|-heal|p1a: Hippowdon|94/100|[from] item: Leftovers
|upkeep
|turn|28
|
|t:|1664392428
|cant|p2a: Necrozma|par
|move|p1a: Hippowdon|Earthquake|p2a: Necrozma
|-damage|p2a: Necrozma|54/100 par
|
|-weather|Sandstorm|[upkeep]
|-damage|p2a: Necrozma|48/100 par|[from] Sandstorm
|-heal|p1a: Hippowdon|100/100|[from] item: Leftovers
|upkeep
|turn|29
|
|t:|1664392431
|move|p2a: Necrozma|Photon Geyser|p1a: Hippowdon
|-damage|p1a: Hippowdon|37/100
|move|p1a: Hippowdon|Earthquake|p2a: Necrozma
|-damage|p2a: Necrozma|11/100 par
|
|-weather|Sandstorm|[upkeep]
|-damage|p2a: Necrozma|5/100 par|[from] Sandstorm
|-heal|p1a: Hippowdon|44/100|[from] item: Leftovers
|upkeep
|turn|30
|c|☆cielau origine ♫|gg
|c|☆Mimilucha|gg
|-message|cielau origine ♫ forfeited.
|
|win|Mimilucha
|c| Micciu20250|Ofc
