|html|<div class="broadcast-blue"><strong>[Gen 8] UU is currently suspecting Thundurus-T! For information on how to participate check out the <a href="https://www.smogon.com/forums/threads/np-ss-uu-stage-11-boom-clap.3696000/">suspect thread</a>.</strong></div>
|j|☆joliemome
|j|☆SpinnMaster65
|t:|1641846018
|gametype|singles
|player|p1|joliemome|beauty-gen4dp|1340
|player|p2|SpinnMaster65|hilbert|1172
|teamsize|p1|6
|teamsize|p2|6
|gen|8
|tier|[Gen 8] UU
|rated|
|rule|Sleep Clause Mod: Limit one foe put to sleep
|rule|Species Clause: Limit one of each Pokémon
|rule|OHKO Clause: OHKO moves are banned
|rule|Evasion Moves Clause: Evasion moves are banned
|rule|Endless Battle Clause: Forcing endless battles is banned
|rule|HP Percentage Mod: HP is shown in percentages
|rule|Dynamax Clause: You cannot dynamax
|clearpoke
|poke|p1|Keldeo-Resolute|
|poke|p1|Mandibuzz, F|
|poke|p1|Darmanitan, M|
|poke|p1|Swampert, M|
|poke|p1|Tapu Bulu|
|poke|p1|Celesteela|
|poke|p2|Tangrowth, M|
|poke|p2|Gyarados, F|
|poke|p2|Mandibuzz, F|
|poke|p2|Chansey, F|
|poke|p2|Marowak-Alola, M|
|poke|p2|Crobat, F|
|teampreview
|
|t:|1641846045
|start
|switch|p1a: Swampert|Swampert, M|100/100
|switch|p2a: Tangrowth|Tangrowth, M|100/100
|turn|1
|
|t:|1641846053
|move|p2a: Tangrowth|Knock Off|p1a: Swampert
|-damage|p1a: Swampert|74/100
|-enditem|p1a: Swampert|Leftovers|[from] move: Knock Off|[of] p2a: Tangrowth
|move|p1a: Swampert|Toxic|p2a: Tangrowth
|-status|p2a: Tangrowth|tox
|
|-damage|p2a: Tangrowth|94/100 tox|[from] psn
|upkeep
|turn|2
|
|t:|1641846063
|switch|p2a: Batman|Crobat, F|100/100
|switch|p1a: Darmanitan|Darmanitan, M|100/100
|
|upkeep
|turn|3
|
|t:|1641846074
|move|p1a: Darmanitan|Flare Blitz|p2a: Batman
|-crit|p2a: Batman
|-damage|p2a: Batman|0 fnt
|faint|p2a: Batman
|-damage|p1a: Darmanitan|71/100|[from] Recoil
|
|upkeep
|
|t:|1641846085
|switch|p2a: Chinese Dragon|Gyarados, F, shiny|100/100
|turn|4
|
|t:|1641846090
|switch|p1a: Mandibuzz|Mandibuzz, F|100/100
|move|p2a: Chinese Dragon|Dragon Dance|p2a: Chinese Dragon
|-boost|p2a: Chinese Dragon|atk|1
|-boost|p2a: Chinese Dragon|spe|1
|
|upkeep
|turn|5
|
|t:|1641846096
|move|p2a: Chinese Dragon|Ice Fang|p1a: Mandibuzz
|-supereffective|p1a: Mandibuzz
|-damage|p1a: Mandibuzz|38/100
|move|p1a: Mandibuzz|Foul Play|p2a: Chinese Dragon
|-damage|p2a: Chinese Dragon|0 fnt
|faint|p2a: Chinese Dragon
|
|upkeep
|
|t:|1641846107
|switch|p2a: NHS|Chansey, F|100/100
|turn|6
|
|t:|1641846110
|move|p1a: Mandibuzz|Taunt|p2a: NHS
|-start|p2a: NHS|move: Taunt
|cant|p2a: NHS|move: Taunt|Thunder Wave
|
|upkeep
|turn|7
|
|t:|1641846115
|move|p1a: Mandibuzz|Roost|p1a: Mandibuzz
|-heal|p1a: Mandibuzz|88/100
|-singleturn|p1a: Mandibuzz|move: Roost
|move|p2a: NHS|Seismic Toss|p1a: Mandibuzz
|-damage|p1a: Mandibuzz|64/100
|
|upkeep
|turn|8
|
|t:|1641846132
|switch|p1a: Celesteela|Celesteela|100/100
|move|p2a: NHS|Seismic Toss|p1a: Celesteela
|-damage|p1a: Celesteela|71/100
|
|-end|p2a: NHS|move: Taunt
|upkeep
|turn|9
|
|t:|1641846143
|move|p1a: Celesteela|Heavy Slam|p2a: NHS
|-damage|p2a: NHS|42/100
|move|p2a: NHS|Heal Bell|p2a: NHS
|-activate|p2a: NHS|move: Heal Bell
|-curestatus|p2: Tangrowth|tox|[msg]
|
|upkeep
|turn|10
|
|t:|1641846150
|switch|p2a: Tangrowth|Tangrowth, M|94/100
|move|p1a: Celesteela|Heavy Slam|p2a: Tangrowth
|-damage|p2a: Tangrowth|28/100
|
|upkeep
|turn|11
|
|t:|1641846159
|move|p1a: Celesteela|Heavy Slam|p2a: Tangrowth
|-damage|p2a: Tangrowth|0 fnt
|faint|p2a: Tangrowth
|-ability|p1a: Celesteela|Beast Boost|boost
|-boost|p1a: Celesteela|atk|1
|
|upkeep
|
|t:|1641846166
|switch|p2a: Pele|Marowak-Alola, M|100/100
|turn|12
|
|t:|1641846172
|switch|p1a: Swampert|Swampert, M|74/100
|move|p2a: Pele|Flame Charge|p1a: Swampert
|-resisted|p1a: Swampert
|-damage|p1a: Swampert|55/100
|-boost|p2a: Pele|spe|1
|
|upkeep
|turn|13
|
|t:|1641846184
|move|p2a: Pele|Low Kick|p1a: Swampert
|-damage|p1a: Swampert|16/100
|move|p1a: Swampert|High Horsepower|p2a: Pele
|-supereffective|p2a: Pele
|-damage|p2a: Pele|9/100
|
|upkeep
|turn|14
|
|t:|1641846191
|move|p2a: Pele|Flame Charge|p1a: Swampert
|-resisted|p1a: Swampert
|-damage|p1a: Swampert|0 fnt
|-boost|p2a: Pele|spe|1
|faint|p1a: Swampert
|
|upkeep
|
|t:|1641846199
|switch|p1a: Darmanitan|Darmanitan, M|71/100
|turn|15
|
|t:|1641846202
|move|p1a: Darmanitan|Flare Blitz|p2a: Pele
|-resisted|p2a: Pele
|-damage|p2a: Pele|0 fnt
|faint|p2a: Pele
|-damage|p1a: Darmanitan|69/100|[from] Recoil
|
|upkeep
|
|t:|1641846209
|switch|p2a: Mandibuzz|Mandibuzz, F|100/100
|turn|16
|
|t:|1641846220
|move|p1a: Darmanitan|Flare Blitz|p2a: Mandibuzz
|-damage|p2a: Mandibuzz|38/100
|-damage|p1a: Darmanitan|45/100|[from] Recoil
|move|p2a: Mandibuzz|Knock Off|p1a: Darmanitan
|-damage|p1a: Darmanitan|0 fnt
|-enditem|p1a: Darmanitan|Choice Scarf|[from] move: Knock Off|[of] p2a: Mandibuzz
|faint|p1a: Darmanitan
|
|upkeep
|
|t:|1641846233
|switch|p1a: Keldeo|Keldeo-Resolute|100/100
|turn|17
|
|t:|1641846243
|move|p1a: Keldeo|Secret Sword|p2a: Mandibuzz
|-damage|p2a: Mandibuzz|0 fnt
|faint|p2a: Mandibuzz
|
|upkeep
|
|t:|1641846252
|switch|p2a: NHS|Chansey, F|42/100
|turn|18
|c|☆joliemome|gg
|
|t:|1641846260
|move|p1a: Keldeo|Secret Sword|p2a: NHS
|-supereffective|p2a: NHS
|-damage|p2a: NHS|0 fnt
|faint|p2a: NHS
|
|win|joliemome
|raw|joliemome's rating: 1340 &rarr; <strong>1351</strong><br />(+11 for winning)
|raw|SpinnMaster65's rating: 1172 &rarr; <strong>1158</strong><br />(-14 for losing)
|c|☆SpinnMaster65|GG
|l|☆SpinnMaster65
||Ladder isn't responding, score probably updated but might not have (Request timeout).
