|j|☆lmbadlol
|j|☆pokemonisfun
|t:|1666910989
|gametype|singles
|player|p1|lmbadlol|birdkeeper-gen4dp|1438
|player|p2|pokemonisfun|#uutrio2ladder|1750
|teamsize|p1|6
|teamsize|p2|6
|gen|8
|tier|[Gen 8] UU
|rated|
|rule|Sleep Clause Mod: Limit one foe put to sleep
|rule|Species Clause: Limit one of each Pokémon
|rule|OHKO Clause: OHKO moves are banned
|rule|Evasion Items Clause: Evasion items are banned
|rule|Evasion Moves Clause: Evasion moves are banned
|rule|Endless Battle Clause: Forcing endless battles is banned
|rule|HP Percentage Mod: HP is shown in percentages
|rule|Dynamax Clause: You cannot dynamax
|clearpoke
|poke|p1|Azelf|
|poke|p1|Sneasel, M|
|poke|p1|Lanturn, F|
|poke|p1|Primarina, M|
|poke|p1|Skarmory, F|
|poke|p1|Umbreon, F|
|poke|p2|Regice|
|poke|p2|Jirachi|
|poke|p2|Swampert, M|
|poke|p2|Salamence, F|
|poke|p2|Hydreigon, M|
|poke|p2|Conkeldurr, M|
|teampreview
|inactive|Battle timer is ON: inactive players will automatically lose when time's up. (requested by lmbadlol)
|j| Waloogi67
|inactive|pokemonisfun has 120 seconds left.
|inactive|pokemonisfun has 90 seconds left.
|
|t:|1666911088
|start
|switch|p1a: Azelf|Azelf|100/100
|switch|p2a: jim's madness|Hydreigon, M|100/100
|turn|1
|
|t:|1666911095
|move|p1a: Azelf|U-turn|p2a: jim's madness
|-supereffective|p2a: jim's madness
|-damage|p2a: jim's madness|59/100
|c|☆pokemonisfun|glhf
|
|t:|1666911108
|switch|p1a: Primarina|Primarina, M|100/100|[from]move: U-turn
|move|p2a: jim's madness|U-turn|p1a: Primarina
|-resisted|p1a: Primarina
|-damage|p1a: Primarina|91/100
|c|☆lmbadlol|glhf
|j| ms.minecraft
|
|t:|1666911119
|switch|p2a: jim's pillow|Jirachi|100/100|[from]move: U-turn
|
|upkeep
|turn|2
|
|t:|1666911124
|switch|p1a: Lanturn|Lanturn, F|100/100
|move|p2a: jim's pillow|U-turn|p1a: Lanturn
|-damage|p1a: Lanturn|83/100
|
|t:|1666911135
|switch|p2a: jim's guard|Conkeldurr, M|100/100|[from]move: U-turn
|
|-heal|p1a: Lanturn|89/100|[from] item: Leftovers
|-status|p2a: jim's guard|brn|[from] item: Flame Orb
|upkeep
|turn|3
|
|t:|1666911147
|move|p1a: Lanturn|Volt Switch|p2a: jim's guard
|-damage|p2a: jim's guard|65/100 brn
|
|t:|1666911151
|switch|p1a: Skarmory|Skarmory, F|100/100|[from]move: Volt Switch
|move|p2a: jim's guard|Knock Off|p1a: Skarmory
|-damage|p1a: Skarmory|63/100
|-damage|p2a: jim's guard|48/100 brn|[from] item: Rocky Helmet|[of] p1a: Skarmory
|-enditem|p1a: Skarmory|Rocky Helmet|[from] move: Knock Off|[of] p2a: jim's guard
|
|-damage|p2a: jim's guard|42/100 brn|[from] brn
|upkeep
|turn|4
|
|t:|1666911157
|switch|p2a: jim's ride|Salamence, F|100/100
|-ability|p2a: jim's ride|Intimidate|boost
|-unboost|p1a: Skarmory|atk|1
|move|p1a: Skarmory|Stealth Rock|p2a: jim's ride
|-sidestart|p2: pokemonisfun|move: Stealth Rock
|
|upkeep
|turn|5
|
|t:|1666911164
|switch|p1a: Primarina|Primarina, M|91/100
|move|p2a: jim's ride|Defog|p1a: Primarina
|-unboost|p1a: Primarina|evasion|1
|-sideend|p2: pokemonisfun|Stealth Rock|[from] move: Defog|[of] p2a: jim's ride
|
|upkeep
|turn|6
|
|t:|1666911171
|switch|p2a: jim|Regice|100/100
|move|p1a: Primarina|Flip Turn|p2a: jim
|-damage|p2a: jim|89/100
|
|t:|1666911180
|switch|p1a: Sneasel|Sneasel, M|100/100|[from]move: Flip Turn
|
|upkeep
|turn|7
|
|t:|1666911196
|switch|p2a: jim's pet|Swampert, M|100/100
|move|p1a: Sneasel|Knock Off|p2a: jim's pet
|-damage|p2a: jim's pet|57/100
|-enditem|p2a: jim's pet|Leftovers|[from] move: Knock Off|[of] p1a: Sneasel
|
|upkeep
|turn|8
|inactive|lmbadlol has 120 seconds left.
|
|t:|1666911235
|switch|p1a: Lanturn|Lanturn, F|89/100
|move|p2a: jim's pet|Stealth Rock|p1a: Lanturn
|-sidestart|p1: lmbadlol|move: Stealth Rock
|
|-heal|p1a: Lanturn|95/100|[from] item: Leftovers
|upkeep
|turn|9
|inactive|lmbadlol has 120 seconds left.
|
|t:|1666911259
|move|p1a: Lanturn|Scald|p2a: jim's pet
|-damage|p2a: jim's pet|32/100
|-status|p2a: jim's pet|brn
|move|p2a: jim's pet|Flip Turn|p1a: Lanturn
|-resisted|p1a: Lanturn
|-damage|p1a: Lanturn|85/100
|
|t:|1666911263
|switch|p2a: jim's pillow|Jirachi|100/100|[from]move: Flip Turn
|
|-heal|p1a: Lanturn|91/100|[from] item: Leftovers
|upkeep
|turn|10
|
|t:|1666911274
|move|p2a: jim's pillow|Wish|p2a: jim's pillow
|move|p1a: Lanturn|Volt Switch|p2a: jim's pillow
|-damage|p2a: jim's pillow|77/100
|
|t:|1666911280
|switch|p1a: Skarmory|Skarmory, F|63/100|[from]move: Volt Switch
|-damage|p1a: Skarmory|51/100|[from] Stealth Rock
|
|-heal|p2a: jim's pillow|83/100|[from] item: Leftovers
|upkeep
|turn|11
|
|t:|1666911286
|move|p2a: jim's pillow|U-turn|p1a: Skarmory
|-resisted|p1a: Skarmory
|-damage|p1a: Skarmory|49/100
|
|t:|1666911288
|switch|p2a: jim's guard|Conkeldurr, M|42/100 brn|[from]move: U-turn
|move|p1a: Skarmory|Defog|p2a: jim's guard
|-unboost|p2a: jim's guard|evasion|1
|-sideend|p1: lmbadlol|Stealth Rock|[from] move: Defog|[of] p1a: Skarmory
|
|-heal|p2a: jim's guard|96/100 brn|[from] move: Wish|[wisher] jim's pillow
|-damage|p2a: jim's guard|90/100 brn|[from] brn
|upkeep
|turn|12
|
|t:|1666911294
|move|p1a: Skarmory|Brave Bird|p2a: jim's guard
|-supereffective|p2a: jim's guard
|-damage|p2a: jim's guard|28/100 brn
|-damage|p1a: Skarmory|26/100|[from] Recoil
|move|p2a: jim's guard|Close Combat|p1a: Skarmory
|-damage|p1a: Skarmory|0 fnt
|-unboost|p2a: jim's guard|def|1
|-unboost|p2a: jim's guard|spd|1
|faint|p1a: Skarmory
|
|-damage|p2a: jim's guard|21/100 brn|[from] brn
|upkeep
|inactive|lmbadlol has 120 seconds left.
|
|t:|1666911354
|switch|p1a: Azelf|Azelf|100/100
|turn|13
|inactive|lmbadlol has 90 seconds left.
|
|t:|1666911379
|switch|p2a: jim|Regice|89/100
|move|p1a: Azelf|Psychic|p2a: jim
|-damage|p2a: jim|67/100
|
|upkeep
|turn|14
|inactive|lmbadlol has 90 seconds left.
|inactive|pokemonisfun has 120 seconds left.
|
|t:|1666911397
|switch|p1a: Sneasel|Sneasel, M|100/100
|switch|p2a: jim's pillow|Jirachi|83/100
|
|-heal|p2a: jim's pillow|90/100|[from] item: Leftovers
|upkeep
|turn|15
|inactive|lmbadlol has 90 seconds left.
|inactive|lmbadlol has 60 seconds left.
|
|t:|1666911437
|move|p2a: jim's pillow|Protect|p2a: jim's pillow
|-singleturn|p2a: jim's pillow|Protect
|move|p1a: Sneasel|Knock Off|p2a: jim's pillow
|-activate|p2a: jim's pillow|move: Protect
|
|-heal|p2a: jim's pillow|96/100|[from] item: Leftovers
|upkeep
|turn|16
|inactive|lmbadlol has 60 seconds left.
|inactive|pokemonisfun has 120 seconds left.
|
|t:|1666911486
|switch|p1a: Primarina|Primarina, M|91/100
|switch|p2a: jim's ride|Salamence, F|100/100
|-ability|p2a: jim's ride|Intimidate|boost
|-unboost|p1a: Primarina|atk|1
|
|upkeep
|turn|17
|j| amogusroxyrrrr
|
|t:|1666911503
|switch|p2a: jim's pillow|Jirachi|96/100
|move|p1a: Primarina|Flip Turn|p2a: jim's pillow
|-damage|p2a: jim's pillow|87/100
|inactive|lmbadlol has 30 seconds left.
|
|t:|1666911525
|switch|p1a: Sneasel|Sneasel, M|100/100|[from]move: Flip Turn
|
|-heal|p2a: jim's pillow|94/100|[from] item: Leftovers
|upkeep
|turn|18
|
|t:|1666911530
|move|p2a: jim's pillow|Protect|p2a: jim's pillow
|-singleturn|p2a: jim's pillow|Protect
|move|p1a: Sneasel|Knock Off|p2a: jim's pillow
|-activate|p2a: jim's pillow|move: Protect
|
|-heal|p2a: jim's pillow|99/100|[from] item: Leftovers
|upkeep
|turn|19
|
|t:|1666911533
|switch|p2a: jim's ride|Salamence, F|100/100
|-ability|p2a: jim's ride|Intimidate|boost
|-fail|p1a: Sneasel|unboost|Attack|[from] ability: Inner Focus|[of] p1a: Sneasel
|move|p1a: Sneasel|Knock Off|p2a: jim's ride
|-damage|p2a: jim's ride|48/100
|-enditem|p2a: jim's ride|Heavy-Duty Boots|[from] move: Knock Off|[of] p1a: Sneasel
|
|upkeep
|turn|20
|
|t:|1666911551
|switch|p1a: Azelf|Azelf|100/100
|move|p2a: jim's ride|Roost|p2a: jim's ride
|-heal|p2a: jim's ride|98/100
|-singleturn|p2a: jim's ride|move: Roost
|
|upkeep
|turn|21
|
|t:|1666911558
|move|p1a: Azelf|Trick|p2a: jim's ride
|-activate|p1a: Azelf|move: Trick|[of] p2a: jim's ride
|-item|p2a: jim's ride|Choice Scarf|[from] move: Trick
|-enditem|p1a: Azelf|Choice Scarf|[silent]|[from] move: Trick
|move|p2a: jim's ride|Dual Wingbeat|p1a: Azelf
|-damage|p1a: Azelf|74/100
|-damage|p1a: Azelf|44/100
|-hitcount|p1a: Azelf|2
|
|upkeep
|turn|22
|
|t:|1666911571
|switch|p2a: jim's pillow|Jirachi|99/100
|switch|p1a: Lanturn|Lanturn, F|91/100
|
|-heal|p2a: jim's pillow|100/100|[from] item: Leftovers
|-heal|p1a: Lanturn|97/100|[from] item: Leftovers
|upkeep
|turn|23
|
|t:|1666911596
|move|p2a: jim's pillow|Wish|p2a: jim's pillow
|move|p1a: Lanturn|Scald|p2a: jim's pillow
|-damage|p2a: jim's pillow|74/100
|-status|p2a: jim's pillow|brn
|
|-heal|p2a: jim's pillow|80/100 brn|[from] item: Leftovers
|-heal|p1a: Lanturn|100/100|[from] item: Leftovers
|-damage|p2a: jim's pillow|74/100 brn|[from] brn
|upkeep
|turn|24
|
|t:|1666911603
|move|p2a: jim's pillow|U-turn|p1a: Lanturn
|-damage|p1a: Lanturn|92/100
|
|t:|1666911607
|switch|p2a: jim's pet|Swampert, M|32/100 brn|[from]move: U-turn
|move|p1a: Lanturn|Scald|p2a: jim's pet
|-damage|p2a: jim's pet|10/100 brn
|
|-heal|p2a: jim's pet|60/100 brn|[from] move: Wish|[wisher] jim's pillow
|-heal|p1a: Lanturn|98/100|[from] item: Leftovers
|-damage|p2a: jim's pet|53/100 brn|[from] brn
|upkeep
|turn|25
|inactive|lmbadlol has 30 seconds left.
|inactive|lmbadlol has 20 seconds left.
|inactive|lmbadlol has 15 seconds left.
|
|t:|1666911647
|switch|p1a: Primarina|Primarina, M|91/100
|move|p2a: jim's pet|Stealth Rock|p1a: Primarina
|-sidestart|p1: lmbadlol|move: Stealth Rock
|
|-damage|p2a: jim's pet|47/100 brn|[from] brn
|upkeep
|turn|26
|inactive|lmbadlol has 25 seconds left this turn.
|
|t:|1666911664
|move|p1a: Primarina|Moonblast|p2a: jim's pet
|-damage|p2a: jim's pet|0 fnt
|faint|p2a: jim's pet
|
|upkeep
|inactive|lmbadlol has 30 seconds left this turn.
|
|t:|1666911666
|switch|p2a: jim's pillow|Jirachi|74/100 brn
|turn|27
|
|t:|1666911672
|switch|p1a: Sneasel|Sneasel, M|100/100
|-damage|p1a: Sneasel|76/100|[from] Stealth Rock
|move|p2a: jim's pillow|Wish|p2a: jim's pillow
|
|-heal|p2a: jim's pillow|80/100 brn|[from] item: Leftovers
|-damage|p2a: jim's pillow|74/100 brn|[from] brn
|upkeep
|turn|28
|j| BugLugJug
|
|t:|1666911690
|switch|p2a: jim|Regice|67/100
|move|p1a: Sneasel|Knock Off|p2a: jim
|-damage|p2a: jim|15/100
|-enditem|p2a: jim|Heavy-Duty Boots|[from] move: Knock Off|[of] p1a: Sneasel
|
|-heal|p2a: jim|71/100|[from] move: Wish|[wisher] jim's pillow
|upkeep
|turn|29
|inactive|pokemonisfun has 120 seconds left.
|l| BugLugJug
|inactive|lmbadlol has 30 seconds left.
|inactive|pokemonisfun has 90 seconds left.
|
|t:|1666911750
|move|p1a: Sneasel|Knock Off|p2a: jim
|-damage|p2a: jim|36/100
|move|p2a: jim|Thunderbolt|p1a: Sneasel
|-damage|p1a: Sneasel|38/100
|
|upkeep
|turn|30
|inactive|lmbadlol has 30 seconds left.
|inactive|pokemonisfun has 90 seconds left.
|
|t:|1666911789
|move|p1a: Sneasel|Knock Off|p2a: jim
|-damage|p2a: jim|4/100
|move|p2a: jim|Rest|p2a: jim
|-status|p2a: jim|slp|[from] move: Rest
|-heal|p2a: jim|100/100 slp|[silent]
|
|upkeep
|turn|31
|inactive|lmbadlol has 30 seconds left.
|
|t:|1666911798
|move|p1a: Sneasel|Knock Off|p2a: jim
|-damage|p2a: jim|71/100 slp
|cant|p2a: jim|slp
|move|p2a: jim|Sleep Talk|p2a: jim
|move|p2a: jim|Thunderbolt|p1a: Sneasel|[from]move: Sleep Talk
|-damage|p1a: Sneasel|2/100
|
|upkeep
|turn|32
|
|t:|1666911805
|move|p1a: Sneasel|Knock Off|p2a: jim
|-damage|p2a: jim|42/100 slp
|cant|p2a: jim|slp
|move|p2a: jim|Sleep Talk|p2a: jim
|move|p2a: jim|Thunderbolt|p1a: Sneasel|[from]move: Sleep Talk
|-damage|p1a: Sneasel|0 fnt
|faint|p1a: Sneasel
|
|upkeep
|inactive|lmbadlol has 30 seconds left.
|
|t:|1666911819
|switch|p1a: Primarina|Primarina, M|91/100
|-damage|p1a: Primarina|78/100|[from] Stealth Rock
|turn|33
|j| Swagmoar
|inactive|lmbadlol has 30 seconds left.
|inactive|pokemonisfun has 90 seconds left.
|inactive|pokemonisfun has 60 seconds left.
|
|t:|1666911869
|switch|p2a: jim's guard|Conkeldurr, M|21/100 brn
|move|p1a: Primarina|Moonblast|p2a: jim's guard
|-supereffective|p2a: jim's guard
|-damage|p2a: jim's guard|0 fnt
|faint|p2a: jim's guard
|
|upkeep
|inactive|lmbadlol has 30 seconds left this turn.
|
|t:|1666911872
|switch|p2a: jim's pillow|Jirachi|74/100 brn
|turn|34
|inactive|lmbadlol has 30 seconds left.
|
|t:|1666911885
|switch|p1a: Lanturn|Lanturn, F|98/100
|-damage|p1a: Lanturn|85/100|[from] Stealth Rock
|move|p2a: jim's pillow|Wish|p2a: jim's pillow
|
|-heal|p2a: jim's pillow|80/100 brn|[from] item: Leftovers
|-heal|p1a: Lanturn|91/100|[from] item: Leftovers
|-damage|p2a: jim's pillow|74/100 brn|[from] brn
|upkeep
|turn|35
|
|t:|1666911893
|move|p2a: jim's pillow|U-turn|p1a: Lanturn
|-damage|p1a: Lanturn|81/100
|
|t:|1666911896
|switch|p2a: jim|Regice|42/100 slp|[from]move: U-turn
|move|p1a: Lanturn|Charge Beam|p2a: jim
|-damage|p2a: jim|33/100 slp
|
|-heal|p2a: jim|89/100 slp|[from] move: Wish|[wisher] jim's pillow
|-heal|p1a: Lanturn|87/100|[from] item: Leftovers
|upkeep
|turn|36
|inactive|pokemonisfun has 60 seconds left.
|j| King Kunta
|
|t:|1666911928
|move|p1a: Lanturn|Charge Beam|p2a: jim
|-damage|p2a: jim|80/100 slp
|-boost|p1a: Lanturn|spa|1
|-curestatus|p2a: jim|slp|[msg]
|move|p2a: jim|Ice Beam|p1a: Lanturn
|-resisted|p1a: Lanturn
|-damage|p1a: Lanturn|71/100
|
|-heal|p1a: Lanturn|77/100|[from] item: Leftovers
|upkeep
|turn|37
|inactive|lmbadlol has 60 seconds left.
|
|t:|1666911935
|move|p1a: Lanturn|Charge Beam|p2a: jim
|-damage|p2a: jim|69/100
|move|p2a: jim|Ice Beam|p1a: Lanturn
|-resisted|p1a: Lanturn
|-damage|p1a: Lanturn|62/100
|
|-heal|p1a: Lanturn|68/100|[from] item: Leftovers
|upkeep
|turn|38
|
|t:|1666911939
|move|p1a: Lanturn|Charge Beam|p2a: jim
|-damage|p2a: jim|56/100
|-boost|p1a: Lanturn|spa|1
|move|p2a: jim|Ice Beam|p1a: Lanturn
|-resisted|p1a: Lanturn
|-damage|p1a: Lanturn|53/100
|
|-heal|p1a: Lanturn|59/100|[from] item: Leftovers
|upkeep
|turn|39
|
|t:|1666911947
|switch|p2a: jim's madness|Hydreigon, M|59/100
|move|p1a: Lanturn|Charge Beam|p2a: jim's madness
|-resisted|p2a: jim's madness
|-damage|p2a: jim's madness|39/100
|
|-heal|p1a: Lanturn|66/100|[from] item: Leftovers
|upkeep
|turn|40
|
|t:|1666911953
|switch|p1a: Umbreon|Umbreon, F|100/100
|-damage|p1a: Umbreon|88/100|[from] Stealth Rock
|move|p2a: jim's madness|Draco Meteor|p1a: Umbreon
|-damage|p1a: Umbreon|52/100
|-unboost|p2a: jim's madness|spa|2
|
|-heal|p1a: Umbreon|58/100|[from] item: Leftovers
|upkeep
|turn|41
|inactive|lmbadlol has 90 seconds left.
|inactive|pokemonisfun has 90 seconds left.
|
|t:|1666911963
|switch|p2a: jim|Regice|56/100
|move|p1a: Umbreon|Foul Play|p2a: jim
|-damage|p2a: jim|45/100
|
|-heal|p1a: Umbreon|64/100|[from] item: Leftovers
|upkeep
|turn|42
|
|t:|1666911969
|move|p1a: Umbreon|Wish|p1a: Umbreon
|move|p2a: jim|Ice Beam|p1a: Umbreon
|-damage|p1a: Umbreon|47/100
|
|-heal|p1a: Umbreon|53/100|[from] item: Leftovers
|upkeep
|turn|43
|
|t:|1666911974
|move|p1a: Umbreon|Foul Play|p2a: jim
|-damage|p2a: jim|35/100
|move|p2a: jim|Rest|p2a: jim
|-status|p2a: jim|slp|[from] move: Rest
|-heal|p2a: jim|100/100 slp|[silent]
|
|-heal|p1a: Umbreon|100/100|[from] move: Wish|[wisher] Umbreon
|upkeep
|turn|44
|
|t:|1666911978
|move|p1a: Umbreon|Wish|p1a: Umbreon
|cant|p2a: jim|slp
|move|p2a: jim|Sleep Talk|p2a: jim
|move|p2a: jim|Ice Beam|p1a: Umbreon|[from]move: Sleep Talk
|-damage|p1a: Umbreon|83/100
|
|-heal|p1a: Umbreon|90/100|[from] item: Leftovers
|upkeep
|turn|45
|inactive|lmbadlol has 120 seconds left.
|
|t:|1666911988
|switch|p1a: Lanturn|Lanturn, F|66/100
|-damage|p1a: Lanturn|53/100|[from] Stealth Rock
|cant|p2a: jim|slp
|move|p2a: jim|Sleep Talk|p2a: jim
|move|p2a: jim|Rest||[from]move: Sleep Talk|[still]
|-fail|p2a: jim
|
|-heal|p1a: Lanturn|97/100|[from] move: Wish|[wisher] Umbreon
|-heal|p1a: Lanturn|100/100|[from] item: Leftovers
|upkeep
|turn|46
|
|t:|1666911992
|move|p1a: Lanturn|Charge Beam|p2a: jim
|-damage|p2a: jim|92/100 slp
|-curestatus|p2a: jim|slp|[msg]
|move|p2a: jim|Ice Beam|p1a: Lanturn
|-resisted|p1a: Lanturn
|-damage|p1a: Lanturn|86/100
|
|-heal|p1a: Lanturn|92/100|[from] item: Leftovers
|upkeep
|turn|47
|
|t:|1666911998
|move|p1a: Lanturn|Charge Beam|p2a: jim
|-damage|p2a: jim|84/100
|-boost|p1a: Lanturn|spa|1
|move|p2a: jim|Ice Beam|p1a: Lanturn
|-resisted|p1a: Lanturn
|-damage|p1a: Lanturn|77/100
|
|-heal|p1a: Lanturn|83/100|[from] item: Leftovers
|upkeep
|turn|48
|
|t:|1666912002
|move|p1a: Lanturn|Charge Beam|p2a: jim
|-damage|p2a: jim|70/100
|-boost|p1a: Lanturn|spa|1
|move|p2a: jim|Ice Beam|p1a: Lanturn
|-resisted|p1a: Lanturn
|-damage|p1a: Lanturn|67/100
|-status|p1a: Lanturn|frz
|
|-heal|p1a: Lanturn|73/100 frz|[from] item: Leftovers
|upkeep
|turn|49
|
|t:|1666912007
|-curestatus|p1a: Lanturn|frz|[from] move: Scald
|move|p1a: Lanturn|Scald|p2a: jim
|-damage|p2a: jim|43/100
|-status|p2a: jim|brn
|move|p2a: jim|Ice Beam|p1a: Lanturn
|-resisted|p1a: Lanturn
|-damage|p1a: Lanturn|57/100
|-status|p1a: Lanturn|frz
|
|-heal|p1a: Lanturn|64/100 frz|[from] item: Leftovers
|-damage|p2a: jim|37/100 brn|[from] brn
|upkeep
|turn|50
|
|t:|1666912019
|switch|p2a: jim's madness|Hydreigon, M|39/100
|-curestatus|p1a: Lanturn|frz|[from] move: Scald
|move|p1a: Lanturn|Scald|p2a: jim's madness
|-resisted|p2a: jim's madness
|-damage|p2a: jim's madness|4/100
|-status|p2a: jim's madness|brn
|
|-heal|p1a: Lanturn|70/100|[from] item: Leftovers
|-damage|p2a: jim's madness|0 fnt|[from] brn
|faint|p2a: jim's madness
|upkeep
|
|t:|1666912025
|switch|p2a: jim's ride|Salamence, F|98/100
|-ability|p2a: jim's ride|Intimidate|boost
|-unboost|p1a: Lanturn|atk|1
|turn|51
|
|t:|1666912045
|switch|p1a: Azelf|Azelf|44/100
|-damage|p1a: Azelf|32/100|[from] Stealth Rock
|move|p2a: jim's ride|Dual Wingbeat|p1a: Azelf
|-damage|p1a: Azelf|3/100
|-damage|p1a: Azelf|0 fnt
|faint|p1a: Azelf
|-hitcount|p1: Azelf|2
|
|upkeep
|
|t:|1666912061
|switch|p1a: Primarina|Primarina, M|78/100
|-damage|p1a: Primarina|66/100|[from] Stealth Rock
|turn|52
|inactive|lmbadlol has 120 seconds left.
|
|t:|1666912076
|move|p2a: jim's ride|Dual Wingbeat|p1a: Primarina|[miss]
|-miss|p2a: jim's ride|p1a: Primarina
|move|p1a: Primarina|Surf|p2a: jim's ride
|-resisted|p2a: jim's ride
|-damage|p2a: jim's ride|61/100
|
|upkeep
|turn|53
|inactive|lmbadlol has 120 seconds left.
|
|t:|1666912093
|switch|p1a: Umbreon|Umbreon, F|90/100
|-damage|p1a: Umbreon|77/100|[from] Stealth Rock
|move|p2a: jim's ride|Dual Wingbeat|p1a: Umbreon
|-damage|p1a: Umbreon|65/100
|-damage|p1a: Umbreon|52/100
|-hitcount|p1a: Umbreon|2
|
|-heal|p1a: Umbreon|58/100|[from] item: Leftovers
|upkeep
|turn|54
|inactive|lmbadlol has 120 seconds left.
|
|t:|1666912116
|switch|p2a: jim|Regice|37/100 brn
|move|p1a: Umbreon|Wish|p1a: Umbreon
|
|-heal|p1a: Umbreon|64/100|[from] item: Leftovers
|-damage|p2a: jim|31/100 brn|[from] brn
|upkeep
|turn|55
|
|t:|1666912133
|switch|p1a: Primarina|Primarina, M|66/100
|-damage|p1a: Primarina|54/100|[from] Stealth Rock
|move|p2a: jim|Rest|p2a: jim
|-status|p2a: jim|slp|[from] move: Rest
|-heal|p2a: jim|100/100 slp|[silent]
|
|-heal|p1a: Primarina|100/100|[from] move: Wish|[wisher] Umbreon
|upkeep
|turn|56
|
|t:|1666912141
|move|p1a: Primarina|Moonblast|p2a: jim
|-damage|p2a: jim|65/100 slp
|cant|p2a: jim|slp
|move|p2a: jim|Sleep Talk|p2a: jim
|move|p2a: jim|Thunderbolt|p1a: Primarina|[from]move: Sleep Talk
|-supereffective|p1a: Primarina
|-damage|p1a: Primarina|59/100
|
|upkeep
|turn|57
|
|t:|1666912145
|switch|p2a: jim's pillow|Jirachi|74/100 brn
|move|p1a: Primarina|Moonblast|p2a: jim's pillow
|-resisted|p2a: jim's pillow
|-damage|p2a: jim's pillow|42/100 brn
|
|-heal|p2a: jim's pillow|49/100 brn|[from] item: Leftovers
|-damage|p2a: jim's pillow|42/100 brn|[from] brn
|upkeep
|turn|58
|inactive|lmbadlol has 120 seconds left.
|
|t:|1666912154
|switch|p1a: Umbreon|Umbreon, F|64/100
|-damage|p1a: Umbreon|52/100|[from] Stealth Rock
|move|p2a: jim's pillow|Wish|p2a: jim's pillow
|
|-heal|p2a: jim's pillow|49/100 brn|[from] item: Leftovers
|-heal|p1a: Umbreon|58/100|[from] item: Leftovers
|-damage|p2a: jim's pillow|42/100 brn|[from] brn
|upkeep
|turn|59
|
|t:|1666912166
|move|p2a: jim's pillow|Protect|p2a: jim's pillow
|-singleturn|p2a: jim's pillow|Protect
|move|p1a: Umbreon|Wish|p1a: Umbreon
|
|-heal|p2a: jim's pillow|92/100 brn|[from] move: Wish|[wisher] jim's pillow
|-heal|p2a: jim's pillow|99/100 brn|[from] item: Leftovers
|-heal|p1a: Umbreon|64/100|[from] item: Leftovers
|-damage|p2a: jim's pillow|92/100 brn|[from] brn
|upkeep
|turn|60
|
|t:|1666912181
|switch|p1a: Primarina|Primarina, M|59/100
|-damage|p1a: Primarina|46/100|[from] Stealth Rock
|move|p2a: jim's pillow|Wish|p2a: jim's pillow
|
|-heal|p1a: Primarina|100/100|[from] move: Wish|[wisher] Umbreon
|-heal|p2a: jim's pillow|99/100 brn|[from] item: Leftovers
|-damage|p2a: jim's pillow|92/100 brn|[from] brn
|upkeep
|turn|61
|
|t:|1666912188
|move|p2a: jim's pillow|U-turn|p1a: Primarina
|-resisted|p1a: Primarina
|-damage|p1a: Primarina|95/100
|
|t:|1666912191
|switch|p2a: jim|Regice|65/100 slp|[from]move: U-turn
|move|p1a: Primarina|Surf|p2a: jim
|-damage|p2a: jim|28/100 slp
|
|-heal|p2a: jim|84/100 slp|[from] move: Wish|[wisher] jim's pillow
|upkeep
|turn|62
|
|t:|1666912199
|move|p1a: Primarina|Surf|p2a: jim
|-damage|p2a: jim|47/100 slp
|cant|p2a: jim|slp
|move|p2a: jim|Sleep Talk|p2a: jim
|move|p2a: jim|Thunderbolt|p1a: Primarina|[from]move: Sleep Talk
|-supereffective|p1a: Primarina
|-damage|p1a: Primarina|54/100
|
|upkeep
|turn|63
|
|t:|1666912209
|move|p1a: Primarina|Surf|p2a: jim
|-damage|p2a: jim|15/100 slp
|-curestatus|p2a: jim|slp|[msg]
|move|p2a: jim|Rest|p2a: jim
|-status|p2a: jim|slp|[from] move: Rest
|-heal|p2a: jim|100/100 slp|[silent]
|
|upkeep
|turn|64
|
|t:|1666912215
|move|p1a: Primarina|Surf|p2a: jim
|-damage|p2a: jim|66/100 slp
|cant|p2a: jim|slp
|move|p2a: jim|Sleep Talk|p2a: jim
|move|p2a: jim|Rest||[from]move: Sleep Talk|[still]
|-fail|p2a: jim
|
|upkeep
|turn|65
|
|t:|1666912219
|move|p1a: Primarina|Surf|p2a: jim
|-damage|p2a: jim|33/100 slp
|cant|p2a: jim|slp
|move|p2a: jim|Sleep Talk|p2a: jim
|move|p2a: jim|Thunderbolt|p1a: Primarina|[from]move: Sleep Talk
|-supereffective|p1a: Primarina
|-damage|p1a: Primarina|7/100
|
|upkeep
|turn|66
|inactive|pokemonisfun has 120 seconds left.
|j| BugLugJug
|
|t:|1666912267
|switch|p2a: jim's ride|Salamence, F|61/100
|-ability|p2a: jim's ride|Intimidate|boost
|-unboost|p1a: Primarina|atk|1
|move|p1a: Primarina|Surf|p2a: jim's ride
|-resisted|p2a: jim's ride
|-damage|p2a: jim's ride|4/100
|
|upkeep
|turn|67
|
|t:|1666912280
|move|p2a: jim's ride|Dual Wingbeat|p1a: Primarina
|-damage|p1a: Primarina|0 fnt
|faint|p1a: Primarina
|-hitcount|p1: Primarina|1
|
|upkeep
|
|t:|1666912285
|switch|p1a: Umbreon|Umbreon, F|64/100
|-damage|p1a: Umbreon|52/100|[from] Stealth Rock
|turn|68
|
|t:|1666912291
|switch|p2a: jim|Regice|33/100 slp
|move|p1a: Umbreon|Wish|p1a: Umbreon
|
|-heal|p1a: Umbreon|58/100|[from] item: Leftovers
|upkeep
|turn|69
|
|t:|1666912296
|move|p1a: Umbreon|Foul Play|p2a: jim
|-damage|p2a: jim|23/100 slp
|-curestatus|p2a: jim|slp|[msg]
|move|p2a: jim|Rest|p2a: jim
|-status|p2a: jim|slp|[from] move: Rest
|-heal|p2a: jim|100/100 slp|[silent]
|
|-heal|p1a: Umbreon|100/100|[from] move: Wish|[wisher] Umbreon
|upkeep
|turn|70
|
|t:|1666912299
|move|p1a: Umbreon|Wish|p1a: Umbreon
|cant|p2a: jim|slp
|
|upkeep
|turn|71
|
|t:|1666912301
|switch|p1a: Lanturn|Lanturn, F|70/100
|-damage|p1a: Lanturn|57/100|[from] Stealth Rock
|cant|p2a: jim|slp
|
|-heal|p1a: Lanturn|100/100|[from] move: Wish|[wisher] Umbreon
|upkeep
|turn|72
|
|t:|1666912311
|move|p1a: Lanturn|Charge Beam|p2a: jim
|-crit|p2a: jim
|-damage|p2a: jim|88/100 slp
|-boost|p1a: Lanturn|spa|1
|-curestatus|p2a: jim|slp|[msg]
|move|p2a: jim|Thunderbolt|p1a: Lanturn
|-immune|p1a: Lanturn|[from] ability: Volt Absorb
|
|upkeep
|turn|73
|
|t:|1666912323
|move|p1a: Lanturn|Charge Beam|p2a: jim
|-damage|p2a: jim|75/100
|-boost|p1a: Lanturn|spa|1
|move|p2a: jim|Ice Beam|p1a: Lanturn
|-resisted|p1a: Lanturn
|-damage|p1a: Lanturn|86/100
|
|-heal|p1a: Lanturn|92/100|[from] item: Leftovers
|upkeep
|turn|74
|
|t:|1666912326
|move|p1a: Lanturn|Charge Beam|p2a: jim
|-damage|p2a: jim|58/100
|move|p2a: jim|Ice Beam|p1a: Lanturn
|-resisted|p1a: Lanturn
|-damage|p1a: Lanturn|77/100
|
|-heal|p1a: Lanturn|83/100|[from] item: Leftovers
|upkeep
|turn|75
|
|t:|1666912330
|move|p1a: Lanturn|Charge Beam|p2a: jim
|-damage|p2a: jim|42/100
|-boost|p1a: Lanturn|spa|1
|move|p2a: jim|Ice Beam|p1a: Lanturn
|-resisted|p1a: Lanturn
|-damage|p1a: Lanturn|66/100
|-status|p1a: Lanturn|frz
|
|-heal|p1a: Lanturn|72/100 frz|[from] item: Leftovers
|upkeep
|turn|76
|
|t:|1666912346
|-curestatus|p1a: Lanturn|frz|[from] move: Scald
|move|p1a: Lanturn|Scald|p2a: jim
|-damage|p2a: jim|8/100
|move|p2a: jim|Rest|p2a: jim
|-status|p2a: jim|slp|[from] move: Rest
|-heal|p2a: jim|100/100 slp|[silent]
|
|-heal|p1a: Lanturn|79/100|[from] item: Leftovers
|upkeep
|turn|77
|
|t:|1666912355
|switch|p2a: jim's pillow|Jirachi|92/100 brn
|move|p1a: Lanturn|Charge Beam|p2a: jim's pillow
|-damage|p2a: jim's pillow|56/100 brn
|-boost|p1a: Lanturn|spa|1
|
|-heal|p2a: jim's pillow|62/100 brn|[from] item: Leftovers
|-heal|p1a: Lanturn|85/100|[from] item: Leftovers
|-damage|p2a: jim's pillow|56/100 brn|[from] brn
|upkeep
|turn|78
|
|t:|1666912358
|move|p2a: jim's pillow|Protect|p2a: jim's pillow
|-singleturn|p2a: jim's pillow|Protect
|move|p1a: Lanturn|Charge Beam|p2a: jim's pillow
|-activate|p2a: jim's pillow|move: Protect
|
|-heal|p2a: jim's pillow|62/100 brn|[from] item: Leftovers
|-heal|p1a: Lanturn|91/100|[from] item: Leftovers
|-damage|p2a: jim's pillow|56/100 brn|[from] brn
|upkeep
|turn|79
|
|t:|1666912364
|move|p2a: jim's pillow|Wish|p2a: jim's pillow
|move|p1a: Lanturn|Charge Beam|p2a: jim's pillow
|-damage|p2a: jim's pillow|11/100 brn
|-boost|p1a: Lanturn|spa|1
|
|-heal|p2a: jim's pillow|17/100 brn|[from] item: Leftovers
|-heal|p1a: Lanturn|97/100|[from] item: Leftovers
|-damage|p2a: jim's pillow|11/100 brn|[from] brn
|upkeep
|turn|80
|
|t:|1666912376
|move|p2a: jim's pillow|Iron Head|p1a: Lanturn
|-resisted|p1a: Lanturn
|-damage|p1a: Lanturn|93/100
|cant|p1a: Lanturn|flinch
|
|-heal|p2a: jim's pillow|61/100 brn|[from] move: Wish|[wisher] jim's pillow
|-heal|p2a: jim's pillow|67/100 brn|[from] item: Leftovers
|-heal|p1a: Lanturn|99/100|[from] item: Leftovers
|-damage|p2a: jim's pillow|61/100 brn|[from] brn
|upkeep
|turn|81
|c|☆pokemonisfun|gg
|c|☆pokemonisfun|rip
|-message|pokemonisfun forfeited.
|
|win|lmbadlol
|raw|lmbadlol's rating: 1438 &rarr; <strong>1472</strong><br />(+34 for winning)
|raw|pokemonisfun's rating: 1750 &rarr; <strong>1716</strong><br />(-34 for losing)
