|j|☆above the j
|j|☆notily
|t:|1601041218
|player|p1|above the j|kimonogirl|
|player|p2|notily|tate|
|teamsize|p1|6
|teamsize|p2|6
|gametype|singles
|gen|8
|tier|[Gen 8] UU
|rated|Tournament battle
|html|<div class="broadcast-blue"><strong>UU is currently suspecting Lycanroc-Dusk! For information on how to participate check out the <a href="https://www.smogon.com/forums/threads/3670407/">suspect thread</a>.</strong></div>
|clearpoke
|poke|p1|Sylveon, F|
|poke|p1|Mienshao, M|
|poke|p1|Zarude|
|poke|p1|Rotom-Wash|
|poke|p1|Steelix, F|
|poke|p1|Slowbro-Galar, F|
|poke|p2|Weezing-Galar, F|
|poke|p2|Golurk|
|poke|p2|Cobalion|
|poke|p2|Zarude|
|poke|p2|Slowbro, F|
|poke|p2|Talonflame, M|
|rule|Sleep Clause Mod: Limit one foe put to sleep
|rule|Species Clause: Limit one of each Pokémon
|rule|OHKO Clause: OHKO moves are banned
|rule|Evasion Moves Clause: Evasion moves are banned
|rule|Endless Battle Clause: Forcing endless battles is banned
|rule|HP Percentage Mod: HP is shown in percentages
|rule|Dynamax Clause: You cannot dynamax
|teampreview
|c|☆above the j|hf
|c|☆notily|hf
|
|t:|1601041249
|start
|switch|p1a: Mienshao|Mienshao, M|100/100
|switch|p2a: Slowbro|Slowbro, F|100/100
|turn|1
|
|t:|1601041274
|move|p1a: Mienshao|Knock Off|p2a: Slowbro
|-supereffective|p2a: Slowbro
|-damage|p2a: Slowbro|63/100
|-enditem|p2a: Slowbro|Heavy-Duty Boots|[from] move: Knock Off|[of] p1a: Mienshao
|move|p2a: Slowbro|Teleport|p2a: Slowbro
|j| HYDREIGON SPECS
|
|t:|1601041284
|switch|p2a: Weezing|Weezing-Galar, F|100/100|[from]move: Teleport
|
|upkeep
|turn|2
|
|t:|1601041289
|switch|p1a: Steelix|Steelix, F|100/100
|move|p2a: Weezing|Will-O-Wisp|p1a: Steelix
|-status|p1a: Steelix|brn
|
|-damage|p1a: Steelix|94/100 brn|[from] brn
|upkeep
|turn|3
|
|t:|1601041295
|switch|p2a: Golurk|Golurk|100/100
|move|p1a: Steelix|Stealth Rock|p2a: Golurk
|-sidestart|p2: notily|move: Stealth Rock
|
|-heal|p1a: Steelix|100/100 brn|[from] item: Leftovers
|-damage|p1a: Steelix|94/100 brn|[from] brn
|upkeep
|turn|4
|j| treeckomaman
|
|t:|1601041307
|switch|p1a: Rotom|Rotom-Wash|100/100
|move|p2a: Golurk|Poltergeist||[still]
|-fail|p2a: Golurk
|
|upkeep
|turn|5
|n| 7MM|treeckomaman
|
|t:|1601041316
|switch|p2a: Zarude|Zarude|100/100
|move|p1a: Rotom|Volt Switch|p2a: Zarude
|-resisted|p2a: Zarude
|-damage|p2a: Zarude|89/100
|l| HYDREIGON SPECS
|
|t:|1601041322
|switch|p1a: Mienshao|Mienshao, M|100/100|[from]move: Volt Switch
|
|upkeep
|turn|6
|
|t:|1601041325
|switch|p2a: Talonflame|Talonflame, M|100/100
|move|p1a: Mienshao|U-turn|p2a: Talonflame
|-resisted|p2a: Talonflame
|-damage|p2a: Talonflame|94/100
|j| Frosty_Feathers
|
|t:|1601041336
|switch|p1a: Rotom|Rotom-Wash|100/100|[from]move: U-turn
|
|upkeep
|turn|7
|j| ojr
|
|t:|1601041349
|move|p2a: Talonflame|Will-O-Wisp|p1a: Rotom
|-status|p1a: Rotom|brn
|move|p1a: Rotom|Volt Switch|p2a: Talonflame
|-supereffective|p2a: Talonflame
|-crit|p2a: Talonflame
|-damage|p2a: Talonflame|0 fnt
|faint|p2a: Talonflame
|
|t:|1601041367
|switch|p1a: Slowbro|Slowbro-Galar, F|100/100|[from]move: Volt Switch
|
|upkeep
|
|t:|1601041397
|switch|p2a: Golurk|Golurk|100/100
|-damage|p2a: Golurk|94/100|[from] Stealth Rock
|turn|8
|
|t:|1601041419
|switch|p2a: Zarude|Zarude|89/100
|switch|p1a: Sylveon|Sylveon, F|100/100
|
|upkeep
|turn|9
|
|t:|1601041425
|move|p2a: Zarude|U-turn|p1a: Sylveon
|-resisted|p1a: Sylveon
|-damage|p1a: Sylveon|89/100
|
|t:|1601041428
|switch|p2a: Weezing|Weezing-Galar, F|100/100|[from]move: U-turn
|-damage|p2a: Weezing|88/100|[from] Stealth Rock
|move|p1a: Sylveon|Heal Bell|p1a: Sylveon
|-activate|p1a: Sylveon|move: Heal Bell
|-curestatus|p1: Steelix|brn|[msg]
|-curestatus|p1: Rotom|brn|[msg]
|
|-heal|p1a: Sylveon|95/100|[from] item: Leftovers
|upkeep
|turn|10
|
|t:|1601041447
|switch|p1a: Slowbro|Slowbro-Galar, F|100/100
|move|p2a: Weezing|Will-O-Wisp|p1a: Slowbro
|-status|p1a: Slowbro|brn
|
|-damage|p1a: Slowbro|94/100 brn|[from] brn
|upkeep
|turn|11
|j| Solonor24
|
|t:|1601041452
|switch|p2a: Slowbro|Slowbro, F|96/100
|-damage|p2a: Slowbro|84/100|[from] Stealth Rock
|move|p1a: Slowbro|Scald|p2a: Slowbro
|-resisted|p2a: Slowbro
|-damage|p2a: Slowbro|75/100
|
|-damage|p1a: Slowbro|88/100 brn|[from] brn
|upkeep
|turn|12
|
|t:|1601041458
|move|p1a: Slowbro|Sludge Bomb|p2a: Slowbro
|-damage|p2a: Slowbro|42/100
|-status|p2a: Slowbro|psn
|move|p2a: Slowbro|Future Sight|p1a: Slowbro
|-start|p2a: Slowbro|move: Future Sight
|
|-damage|p1a: Slowbro|82/100 brn|[from] brn
|-damage|p2a: Slowbro|30/100 psn|[from] psn
|upkeep
|turn|13
|c| 7MM|solo
|c| 7MM|i thought this was u
|
|t:|1601041471
|move|p1a: Slowbro|Scald|p2a: Slowbro
|-resisted|p2a: Slowbro
|-crit|p2a: Slowbro
|-damage|p2a: Slowbro|16/100 psn
|move|p2a: Slowbro|Teleport|p2a: Slowbro
|c| Solonor24|lol na
|
|t:|1601041477
|switch|p2a: Golurk|Golurk|94/100|[from]move: Teleport
|-damage|p2a: Golurk|88/100|[from] Stealth Rock
|
|-damage|p1a: Slowbro|76/100 brn|[from] brn
|upkeep
|turn|14
|c| Solonor24|im just on i dont play anymore
|c| Solonor24|unless i get challenges from friends
|c| 7MM|play majors
|c| 7MM|for fun
|
|t:|1601041507
|switch|p1a: Steelix|Steelix, F|94/100
|move|p2a: Golurk|Ice Punch|p1a: Steelix
|-damage|p1a: Steelix|79/100
|
|-end|p1a: Steelix|move: Future Sight
|-resisted|p1a: Steelix
|-damage|p1a: Steelix|58/100
|-heal|p1a: Steelix|65/100|[from] item: Leftovers
|upkeep
|turn|15
|c| Solonor24|i was considering it but
|c| 7MM|bring fun teams
|
|t:|1601041516
|switch|p2a: Zarude|Zarude|89/100
|switch|p1a: Rotom|Rotom-Wash|100/100
|
|upkeep
|turn|16
|c| Solonor24|i dont want to tbh
|c| Solonor24|want a brek from mons
|
|t:|1601041526
|switch|p1a: Steelix|Steelix, F|65/100
|move|p2a: Zarude|Power Whip|p1a: Steelix
|-damage|p1a: Steelix|38/100
|
|-heal|p1a: Steelix|44/100|[from] item: Leftovers
|upkeep
|turn|17
|c| Solonor24|until december
|
|t:|1601041535
|move|p2a: Zarude|Power Whip|p1a: Steelix
|-damage|p1a: Steelix|14/100
|move|p1a: Steelix|Body Press|p2a: Zarude
|-supereffective|p2a: Zarude
|-damage|p2a: Zarude|16/100
|
|-heal|p1a: Steelix|20/100|[from] item: Leftovers
|upkeep
|turn|18
|c| 7MM|yeah that could be good
|
|t:|1601041548
|move|p2a: Zarude|Power Whip|p1a: Steelix
|-damage|p1a: Steelix|0 fnt
|faint|p1a: Steelix
|
|upkeep
|c|☆above the j|good decision solonor
|
|t:|1601041553
|switch|p1a: Mienshao|Mienshao, M|100/100
|turn|19
|c| Solonor24|7mm are u back in school now bro
|
|t:|1601041569
|switch|p2a: Cobalion|Cobalion|100/100
|-damage|p2a: Cobalion|97/100|[from] Stealth Rock
|move|p1a: Mienshao|U-turn|p2a: Cobalion
|-resisted|p2a: Cobalion
|-damage|p2a: Cobalion|92/100
|c| 7MM|yeah i am
|
|t:|1601041576
|switch|p1a: Rotom|Rotom-Wash|100/100|[from]move: U-turn
|
|upkeep
|turn|20
|c| 7MM|been super busy
|c| Solonor24|ye
|
|t:|1601041588
|move|p2a: Cobalion|Volt Switch|p1a: Rotom
|-damage|p1a: Rotom|87/100
|
|t:|1601041589
|switch|p2a: Golurk|Golurk|88/100|[from]move: Volt Switch
|-damage|p2a: Golurk|82/100|[from] Stealth Rock
|move|p1a: Rotom|Hydro Pump|p2a: Golurk|[miss]
|-miss|p1a: Rotom|p2a: Golurk
|
|upkeep
|turn|21
|
|t:|1601041597
|switch|p2a: Cobalion|Cobalion|92/100
|-damage|p2a: Cobalion|89/100|[from] Stealth Rock
|move|p1a: Rotom|Hydro Pump|p2a: Cobalion
|-damage|p2a: Cobalion|32/100
|
|upkeep
|turn|22
|c| 7MM|profs in online class be giving extra work
|c| 7MM|everyday
|c| Solonor24|bro thats facts
|c| Solonor24|lmao
|
|t:|1601041607
|move|p2a: Cobalion|Close Combat|p1a: Rotom
|-damage|p1a: Rotom|41/100
|-unboost|p2a: Cobalion|def|1
|-unboost|p2a: Cobalion|spd|1
|move|p1a: Rotom|Hydro Pump|p2a: Cobalion
|-damage|p2a: Cobalion|0 fnt
|faint|p2a: Cobalion
|
|upkeep
|
|t:|1601041611
|switch|p2a: Zarude|Zarude|16/100
|turn|23
|j| so gimmick
|
|t:|1601041633
|switch|p1a: Sylveon|Sylveon, F|95/100
|move|p2a: Zarude|Jungle Healing|p2a: Zarude
|-heal|p2a: Zarude|41/100
|
|-heal|p1a: Sylveon|100/100|[from] item: Leftovers
|upkeep
|turn|24
|
|t:|1601041638
|move|p2a: Zarude|U-turn|p1a: Sylveon
|-resisted|p1a: Sylveon
|-damage|p1a: Sylveon|89/100
|
|t:|1601041640
|switch|p2a: Weezing|Weezing-Galar, F|88/100|[from]move: U-turn
|-damage|p2a: Weezing|76/100|[from] Stealth Rock
|move|p1a: Sylveon|Hyper Voice|p2a: Weezing
|-resisted|p2a: Weezing
|-damage|p2a: Weezing|48/100
|
|-heal|p1a: Sylveon|95/100|[from] item: Leftovers
|upkeep
|turn|25
|
|t:|1601041657
|move|p1a: Sylveon|Protect|p1a: Sylveon
|-singleturn|p1a: Sylveon|Protect
|move|p2a: Weezing|Pain Split|p1a: Sylveon
|-activate|p1a: Sylveon|move: Protect
|
|-heal|p1a: Sylveon|100/100|[from] item: Leftovers
|upkeep
|turn|26
|
|t:|1601041675
|switch|p1a: Rotom|Rotom-Wash|41/100
|move|p2a: Weezing|Sludge Bomb|p1a: Rotom
|-damage|p1a: Rotom|10/100
|
|upkeep
|turn|27
|j| KrookKing
|
|t:|1601041695
|switch|p2a: Zarude|Zarude|41/100
|move|p1a: Rotom|Hydro Pump|p2a: Zarude
|-resisted|p2a: Zarude
|-damage|p2a: Zarude|22/100
|
|upkeep
|turn|28
|
|t:|1601041715
|move|p2a: Zarude|U-turn|p1a: Rotom
|-crit|p1a: Rotom
|-damage|p1a: Rotom|0 fnt
|faint|p1a: Rotom
|
|t:|1601041726
|switch|p2a: Golurk|Golurk|82/100|[from]move: U-turn
|-damage|p2a: Golurk|76/100|[from] Stealth Rock
|
|upkeep
|
|t:|1601041732
|switch|p1a: Zarude|Zarude|100/100
|turn|29
|
|t:|1601041744
|switch|p2a: Zarude|Zarude|22/100
|move|p1a: Zarude|Darkest Lariat|p2a: Zarude
|-resisted|p2a: Zarude
|-damage|p2a: Zarude|0 fnt
|faint|p2a: Zarude
|
|upkeep
|
|t:|1601041747
|switch|p2a: Weezing|Weezing-Galar, F|48/100
|-damage|p2a: Weezing|36/100|[from] Stealth Rock
|turn|30
|j| 467 11 11p
|
|t:|1601041758
|move|p1a: Zarude|Darkest Lariat|p2a: Weezing
|-resisted|p2a: Weezing
|-damage|p2a: Weezing|16/100
|-damage|p1a: Zarude|84/100|[from] item: Rocky Helmet|[of] p2a: Weezing
|move|p2a: Weezing|Pain Split|p1a: Zarude
|-sethp|p1a: Zarude|50/100|[from] move: Pain Split|[silent]
|-sethp|p2a: Weezing|52/100|[from] move: Pain Split
|
|upkeep
|turn|31
|
|t:|1601041770
|switch|p1a: Slowbro|Slowbro-Galar, F|100/100 brn
|move|p2a: Weezing|Sludge Bomb|p1a: Slowbro
|-resisted|p1a: Slowbro
|-damage|p1a: Slowbro|87/100 brn
|
|-damage|p1a: Slowbro|81/100 brn|[from] brn
|upkeep
|turn|32
|j| GW
|
|t:|1601041783
|switch|p2a: Slowbro|Slowbro, F|49/100 psn
|-damage|p2a: Slowbro|37/100 psn|[from] Stealth Rock
|move|p1a: Slowbro|Scald|p2a: Slowbro
|-resisted|p2a: Slowbro
|-damage|p2a: Slowbro|28/100 psn
|
|-damage|p1a: Slowbro|75/100 brn|[from] brn
|-damage|p2a: Slowbro|16/100 psn|[from] psn
|upkeep
|turn|33
|
|t:|1601041821
|move|p1a: Slowbro|Sludge Bomb|p2a: Slowbro
|-crit|p2a: Slowbro
|-damage|p2a: Slowbro|0 fnt
|faint|p2a: Slowbro
|
|-damage|p1a: Slowbro|69/100 brn|[from] brn
|upkeep
|
|t:|1601041824
|switch|p2a: Golurk|Golurk|76/100
|-damage|p2a: Golurk|70/100|[from] Stealth Rock
|turn|34
|j| island spices
|
|t:|1601041831
|switch|p1a: Sylveon|Sylveon, F|100/100
|move|p2a: Golurk|Poltergeist|p1a: Sylveon
|-activate|p1a: Sylveon|move: Poltergeist|Leftovers
|-damage|p1a: Sylveon|39/100
|
|-heal|p1a: Sylveon|45/100|[from] item: Leftovers
|upkeep
|turn|35
|
|t:|1601041851
|move|p2a: Golurk|Heavy Slam|p1a: Sylveon
|-supereffective|p1a: Sylveon
|-damage|p1a: Sylveon|0 fnt
|faint|p1a: Sylveon
|
|upkeep
|
|t:|1601041857
|switch|p1a: Mienshao|Mienshao, M|100/100
|turn|36
|
|t:|1601041868
|move|p1a: Mienshao|Knock Off|p2a: Golurk
|-supereffective|p2a: Golurk
|-damage|p2a: Golurk|0 fnt
|-enditem|p2a: Golurk|Assault Vest|[from] move: Knock Off|[of] p1a: Mienshao
|faint|p2a: Golurk
|
|upkeep
|
|t:|1601041870
|switch|p2a: Weezing|Weezing-Galar, F|52/100
|-damage|p2a: Weezing|40/100|[from] Stealth Rock
|turn|37
|c|☆notily|gg
|c|☆above the j|Gg
|c|☆notily|fuck that rotom set
|c|☆above the j|indeed
|
|t:|1601041890
|move|p1a: Mienshao|Knock Off|p2a: Weezing
|-resisted|p2a: Weezing
|-damage|p2a: Weezing|28/100
|-damage|p1a: Mienshao|84/100|[from] item: Rocky Helmet|[of] p2a: Weezing
|-enditem|p2a: Weezing|Rocky Helmet|[from] move: Knock Off|[of] p1a: Mienshao
|move|p2a: Weezing|Strange Steam|p1a: Mienshao
|-supereffective|p1a: Mienshao
|-damage|p1a: Mienshao|0 fnt
|faint|p1a: Mienshao
|
|upkeep
|
|t:|1601041897
|switch|p1a: Zarude|Zarude|50/100
|turn|38
|
|t:|1601041903
|move|p1a: Zarude|Power Whip|p2a: Weezing
|-resisted|p2a: Weezing
|-damage|p2a: Weezing|1/100
|move|p2a: Weezing|Pain Split|p1a: Zarude
|-sethp|p1a: Zarude|25/100|[from] move: Pain Split|[silent]
|-sethp|p2a: Weezing|26/100|[from] move: Pain Split
|
|upkeep
|turn|39
|
|t:|1601041910
|move|p1a: Zarude|Power Whip|p2a: Weezing|[miss]
|-miss|p1a: Zarude|p2a: Weezing
|move|p2a: Weezing|Strange Steam|p1a: Zarude
|-supereffective|p1a: Zarude
|-damage|p1a: Zarude|0 fnt
|faint|p1a: Zarude
|
|upkeep
|
|t:|1601041911
|switch|p1a: Slowbro|Slowbro-Galar, F|100/100 brn
|turn|40
|
|t:|1601041915
|move|p2a: Weezing|Pain Split|p1a: Slowbro
|-sethp|p1a: Slowbro|61/100 brn|[from] move: Pain Split|[silent]
|-sethp|p2a: Weezing|72/100|[from] move: Pain Split
|move|p1a: Slowbro|Calm Mind|p1a: Slowbro
|-boost|p1a: Slowbro|spa|1
|-boost|p1a: Slowbro|spd|1
|
|-damage|p1a: Slowbro|55/100 brn|[from] brn
|upkeep
|turn|41
|
|t:|1601041921
|move|p2a: Weezing|Strange Steam|p1a: Slowbro
|-resisted|p1a: Slowbro
|-damage|p1a: Slowbro|47/100 brn
|move|p1a: Slowbro|Slack Off|p1a: Slowbro
|-heal|p1a: Slowbro|97/100 brn
|
|-damage|p1a: Slowbro|91/100 brn|[from] brn
|upkeep
|turn|42
|
|t:|1601041925
|move|p2a: Weezing|Strange Steam|p1a: Slowbro
|-resisted|p1a: Slowbro
|-damage|p1a: Slowbro|82/100 brn
|move|p1a: Slowbro|Sludge Bomb|p2a: Weezing
|-damage|p2a: Weezing|5/100
|
|-damage|p1a: Slowbro|76/100 brn|[from] brn
|upkeep
|turn|43
|
|t:|1601041931
|move|p2a: Weezing|Pain Split|p1a: Slowbro
|-sethp|p1a: Slowbro|40/100 brn|[from] move: Pain Split|[silent]
|-sethp|p2a: Weezing|47/100|[from] move: Pain Split
|move|p1a: Slowbro|Sludge Bomb|p2a: Weezing
|-damage|p2a: Weezing|0 fnt
|faint|p2a: Weezing
|
|win|above the j
|l|☆notily
|l| 7MM
|l|☆above the j
|l| KrookKing
|l| 467 11 11p
|l| Solonor24
|l| so gimmick
|l| GW
|l| ojr
|l| island spices
|j|☆above the j
|player|p1|above the j|kimonogirl
