|j|☆mister vain
|j|☆braden13579
|player|p1|mister vain|lucas|1504
|player|p2|braden13579|190|1491
|teamsize|p1|6
|teamsize|p2|6
|gametype|singles
|gen|8
|tier|[Gen 8] UU
|rated|
|clearpoke
|poke|p1|Ribombee, F|
|poke|p1|Krookodile, F|
|poke|p1|Aegislash, M|
|poke|p1|Scolipede, F|
|poke|p1|Talonflame, M|
|poke|p1|Crawdaunt, M|
|poke|p2|Aegislash, M|
|poke|p2|Tyranitar, M|
|poke|p2|Rotom-Wash|
|poke|p2|Incineroar, M|
|poke|p2|Gengar, F|
|poke|p2|Conkeldurr, M|
|rule|Sleep Clause Mod: Limit one foe put to sleep
|rule|Species Clause: Limit one of each Pokémon
|rule|OHKO Clause: OHKO moves are banned
|rule|Evasion Moves Clause: Evasion moves are banned
|rule|Endless Battle Clause: Forcing endless battles is banned
|rule|HP Percentage Mod: HP is shown in percentages
|rule|Dynamax Clause: You cannot dynamax
|teampreview
|
|start
|switch|p1a: Krookodile|Krookodile, F|100/100
|switch|p2a: Rotom|Rotom-Wash|100/100
|-ability|p1a: Krookodile|Intimidate|boost
|-unboost|p2a: Rotom|atk|1
|turn|1
|
|move|p1a: Krookodile|Knock Off|p2a: Rotom
|-damage|p2a: Rotom|60/100
|-enditem|p2a: Rotom|Leftovers|[from] move: Knock Off|[of] p1a: Krookodile
|move|p2a: Rotom|Will-O-Wisp|p1a: Krookodile
|-status|p1a: Krookodile|brn
|
|-damage|p1a: Krookodile|94/100 brn|[from] brn
|upkeep
|turn|2
|
|move|p1a: Krookodile|Stealth Rock|p2a: Rotom
|-sidestart|p2: braden13579|move: Stealth Rock
|move|p2a: Rotom|Hydro Pump|p1a: Krookodile|[miss]
|-miss|p2a: Rotom|p1a: Krookodile
|
|-damage|p1a: Krookodile|88/100 brn|[from] brn
|upkeep
|turn|3
|
|move|p1a: Krookodile|Knock Off|p2a: Rotom
|-damage|p2a: Rotom|47/100
|move|p2a: Rotom|Hydro Pump|p1a: Krookodile
|-supereffective|p1a: Krookodile
|-damage|p1a: Krookodile|0 fnt
|faint|p1a: Krookodile
|
|upkeep
|
|switch|p1a: Scolipede|Scolipede, F|100/100
|turn|4
|
|move|p1a: Scolipede|Megahorn|p2a: Rotom
|-damage|p2a: Rotom|0 fnt
|-damage|p1a: Scolipede|91/100|[from] item: Life Orb
|faint|p2a: Rotom
|
|-ability|p1a: Scolipede|Speed Boost|boost
|-boost|p1a: Scolipede|spe|1
|upkeep
|
|switch|p2a: Aegislash|Aegislash, M|100/100
|-damage|p2a: Aegislash|94/100|[from] Stealth Rock
|turn|5
|
|switch|p1a: Ribombee|Ribombee, F|100/100
|-formechange|p2a: Aegislash|Aegislash-Blade||[from] ability: Stance Change
|move|p2a: Aegislash|Shadow Ball|p1a: Ribombee
|-enditem|p1a: Ribombee|Focus Sash
|-damage|p1a: Ribombee|1/100
|
|upkeep
|turn|6
|
|switch|p2a: Gengar|Gengar, F|100/100
|-damage|p2a: Gengar|88/100|[from] Stealth Rock
|move|p1a: Ribombee|Sticky Web|p2a: Gengar
|-sidestart|p2: braden13579|move: Sticky Web
|
|upkeep
|turn|7
|
|move|p2a: Gengar|Shadow Ball|p1a: Ribombee
|-damage|p1a: Ribombee|0 fnt
|faint|p1a: Ribombee
|
|upkeep
|
|switch|p1a: Crawdaunt|Crawdaunt, M|100/100
|turn|8
|
|move|p2a: Gengar|Shadow Ball|p1a: Crawdaunt
|-resisted|p1a: Crawdaunt
|-damage|p1a: Crawdaunt|60/100
|move|p1a: Crawdaunt|Swords Dance|p1a: Crawdaunt
|-boost|p1a: Crawdaunt|atk|2
|
|upkeep
|turn|9
|
|move|p1a: Crawdaunt|Aqua Jet|p2a: Gengar
|-damage|p2a: Gengar|0 fnt
|-start|p1a: Crawdaunt|Disable|Aqua Jet|[from] ability: Cursed Body|[of] p2a: Gengar
|-damage|p1a: Crawdaunt|50/100|[from] item: Life Orb
|faint|p2a: Gengar
|
|upkeep
|
|switch|p2a: Conkeldurr|Conkeldurr, M|100/100
|-damage|p2a: Conkeldurr|94/100|[from] Stealth Rock
|-activate|p2a: Conkeldurr|move: Sticky Web
|-unboost|p2a: Conkeldurr|spe|1
|turn|10
|
|switch|p1a: Talonflame|Talonflame, M|100/100
|move|p2a: Conkeldurr|Knock Off|p1a: Talonflame
|-damage|p1a: Talonflame|39/100
|-enditem|p1a: Talonflame|Heavy-Duty Boots|[from] move: Knock Off|[of] p2a: Conkeldurr
|
|-status|p2a: Conkeldurr|brn|[from] item: Flame Orb
|upkeep
|turn|11
|
|switch|p1a: Crawdaunt|Crawdaunt, M|50/100
|switch|p2a: Tyranitar|Tyranitar, M|100/100
|-damage|p2a: Tyranitar|88/100|[from] Stealth Rock
|-activate|p2a: Tyranitar|move: Sticky Web
|-unboost|p2a: Tyranitar|spe|1
|-weather|Sandstorm|[from] ability: Sand Stream|[of] p2a: Tyranitar
|
|-weather|Sandstorm|[upkeep]
|-damage|p1a: Crawdaunt|44/100|[from] Sandstorm
|upkeep
|turn|12
|
|move|p1a: Crawdaunt|Crabhammer|p2a: Tyranitar
|-supereffective|p2a: Tyranitar
|-damage|p2a: Tyranitar|0 fnt
|-damage|p1a: Crawdaunt|35/100|[from] item: Life Orb
|faint|p2a: Tyranitar
|
|-weather|Sandstorm|[upkeep]
|-damage|p1a: Crawdaunt|29/100|[from] Sandstorm
|upkeep
|
|switch|p2a: Conkeldurr|Conkeldurr, M|94/100 brn
|-activate|p2a: Conkeldurr|move: Sticky Web
|-unboost|p2a: Conkeldurr|spe|1
|-damage|p2a: Conkeldurr|88/100 brn|[from] Stealth Rock
|turn|13
|
|move|p1a: Crawdaunt|Aqua Jet|p2a: Conkeldurr
|-damage|p2a: Conkeldurr|57/100 brn
|-damage|p1a: Crawdaunt|19/100|[from] item: Life Orb
|move|p2a: Conkeldurr|Knock Off|p1a: Crawdaunt
|-resisted|p1a: Crawdaunt
|-damage|p1a: Crawdaunt|0 fnt
|-enditem|p1a: Crawdaunt|Life Orb|[from] move: Knock Off|[of] p2a: Conkeldurr
|faint|p1a: Crawdaunt
|
|-weather|Sandstorm|[upkeep]
|-damage|p2a: Conkeldurr|51/100 brn|[from] Sandstorm
|-damage|p2a: Conkeldurr|45/100 brn|[from] brn
|upkeep
|
|switch|p1a: Talonflame|Talonflame, M|39/100
|turn|14
|
|move|p2a: Conkeldurr|Mach Punch|p1a: Talonflame
|-resisted|p1a: Talonflame
|-damage|p1a: Talonflame|12/100
|move|p1a: Talonflame|Brave Bird|p2a: Conkeldurr
|-supereffective|p2a: Conkeldurr
|-damage|p2a: Conkeldurr|0 fnt
|-damage|p1a: Talonflame|0 fnt|[from] Recoil
|faint|p2a: Conkeldurr
|faint|p1a: Talonflame
|
|-weather|Sandstorm|[upkeep]
|upkeep
|j| Emilia 486
|
|switch|p1a: Aegislash|Aegislash, M|100/100
|switch|p2a: Incineroar|Incineroar, M|100/100
|-item|p1a: Aegislash|Air Balloon
|-ability|p2a: Incineroar|Intimidate|boost
|-unboost|p1a: Aegislash|atk|1
|turn|15
|
|-formechange|p1a: Aegislash|Aegislash-Blade||[from] ability: Stance Change
|move|p1a: Aegislash|Close Combat|p2a: Incineroar
|-supereffective|p2a: Incineroar
|-damage|p2a: Incineroar|42/100
|-unboost|p1a: Aegislash|def|1
|-unboost|p1a: Aegislash|spd|1
|move|p2a: Incineroar|Knock Off|p1a: Aegislash
|-supereffective|p1a: Aegislash
|-damage|p1a: Aegislash|0 fnt
|-enditem|p1a: Aegislash|Air Balloon
|faint|p1a: Aegislash
|
|-weather|none
|upkeep
|
|switch|p1a: Scolipede|Scolipede, F|91/100
|turn|16
|
|move|p1a: Scolipede|Earthquake|p2a: Incineroar
|-supereffective|p2a: Incineroar
|-damage|p2a: Incineroar|0 fnt
|-damage|p1a: Scolipede|81/100|[from] item: Life Orb
|faint|p2a: Incineroar
|
|-ability|p1a: Scolipede|Speed Boost|boost
|-boost|p1a: Scolipede|spe|1
|upkeep
|
|switch|p2a: Aegislash|Aegislash, M|94/100
|-activate|p2a: Aegislash|move: Sticky Web
|-unboost|p2a: Aegislash|spe|1
|-damage|p2a: Aegislash|88/100|[from] Stealth Rock
|turn|17
|
|move|p1a: Scolipede|Earthquake|p2a: Aegislash
|-supereffective|p2a: Aegislash
|-damage|p2a: Aegislash|0 fnt
|-damage|p1a: Scolipede|71/100|[from] item: Life Orb
|faint|p2a: Aegislash
|
|win|mister vain
|raw|mister vain's rating: 1504 &rarr; <strong>1523</strong><br />(+19 for winning)
|raw|braden13579's rating: 1492 &rarr; <strong>1472</strong><br />(-20 for losing)
|l|☆braden13579
|l|☆mister vain
