|j|☆Ichindar2
|j|☆Gryphonex
|t:|1666733343
|gametype|singles
|player|p1|Ichindar2|clerk|1446
|player|p2|Gryphonex|gardenia|1613
|teamsize|p1|6
|teamsize|p2|6
|gen|8
|tier|[Gen 8] UU
|rated|
|rule|Sleep Clause Mod: Limit one foe put to sleep
|rule|Species Clause: Limit one of each Pokémon
|rule|OHKO Clause: OHKO moves are banned
|rule|Evasion Items Clause: Evasion items are banned
|rule|Evasion Moves Clause: Evasion moves are banned
|rule|Endless Battle Clause: Forcing endless battles is banned
|rule|HP Percentage Mod: HP is shown in percentages
|rule|Dynamax Clause: You cannot dynamax
|clearpoke
|poke|p1|Tapu Bulu|
|poke|p1|Sirfetch’d, F|
|poke|p1|Primarina, F|
|poke|p1|Chansey, F|
|poke|p1|Regieleki|
|poke|p1|Krookodile, M|
|poke|p2|Hydreigon, M|
|poke|p2|Crawdaunt, F|
|poke|p2|Zarude|
|poke|p2|Salamence, F|
|poke|p2|Chansey, F|
|poke|p2|Corsola-Galar, M|
|teampreview
|
|t:|1666733357
|start
|switch|p1a: Krookodile|Krookodile, M|100/100
|switch|p2a: Corsola|Corsola-Galar, M|100/100
|-ability|p1a: Krookodile|Intimidate|boost
|-unboost|p2a: Corsola|atk|1
|turn|1
|
|t:|1666733363
|move|p1a: Krookodile|Taunt|p2a: Corsola
|-start|p2a: Corsola|move: Taunt
|cant|p2a: Corsola|move: Taunt|Will-O-Wisp
|
|upkeep
|turn|2
|
|t:|1666733368
|switch|p2a: Crawdaunt|Crawdaunt, F|100/100
|move|p1a: Krookodile|Knock Off|p2a: Crawdaunt
|-resisted|p2a: Crawdaunt
|-damage|p2a: Crawdaunt|62/100
|-enditem|p2a: Crawdaunt|Choice Band|[from] move: Knock Off|[of] p1a: Krookodile
|
|upkeep
|turn|3
|
|t:|1666733376
|move|p2a: Crawdaunt|Aqua Jet|p1a: Krookodile
|-supereffective|p1a: Krookodile
|-damage|p1a: Krookodile|42/100
|move|p1a: Krookodile|High Horsepower|p2a: Crawdaunt
|-damage|p2a: Crawdaunt|0 fnt
|faint|p2a: Crawdaunt
|
|-heal|p1a: Krookodile|48/100|[from] item: Leftovers
|upkeep
|
|t:|1666733388
|switch|p2a: Zarude|Zarude|100/100
|turn|4
|
|t:|1666733399
|switch|p1a: Tapu Bulu|Tapu Bulu|100/100
|-fieldstart|move: Grassy Terrain|[from] ability: Grassy Surge|[of] p1a: Tapu Bulu
|move|p2a: Zarude|U-turn|p1a: Tapu Bulu
|-damage|p1a: Tapu Bulu|74/100
|-damage|p2a: Zarude|84/100|[from] item: Rocky Helmet|[of] p1a: Tapu Bulu
|
|t:|1666733409
|switch|p2a: Hydreigon|Hydreigon, M|100/100|[from]move: U-turn
|
|-heal|p1a: Tapu Bulu|80/100|[from] Grassy Terrain
|upkeep
|turn|5
|
|t:|1666733415
|switch|p1a: Chansey|Chansey, F|100/100
|move|p2a: Hydreigon|Flamethrower|p1a: Chansey
|-damage|p1a: Chansey|85/100
|
|-heal|p1a: Chansey|91/100|[from] Grassy Terrain
|upkeep
|turn|6
|
|t:|1666733424
|switch|p2a: Chansey|Chansey, F|100/100
|move|p1a: Chansey|Thunder Wave|p2a: Chansey
|-status|p2a: Chansey|par
|
|-heal|p1a: Chansey|98/100|[from] Grassy Terrain
|upkeep
|turn|7
|
|t:|1666733432
|move|p1a: Chansey|Teleport|p1a: Chansey
|
|t:|1666733434
|switch|p1a: Sirfetch’d|Sirfetch’d, F|100/100|[from]move: Teleport
|move|p2a: Chansey|Teleport|p2a: Chansey
|
|t:|1666733440
|-curestatus|p2a: Chansey|par|[from] ability: Natural Cure
|switch|p2a: Salamence|Salamence, F|100/100|[from]move: Teleport
|-ability|p2a: Salamence|Intimidate|boost
|-unboost|p1a: Sirfetch’d|atk|1
|
|upkeep
|turn|8
|
|t:|1666733451
|switch|p1a: Chansey|Chansey, F|98/100
|move|p2a: Salamence|Toxic|p1a: Chansey
|-status|p1a: Chansey|tox
|
|-heal|p1a: Chansey|100/100 tox|[from] Grassy Terrain
|-damage|p1a: Chansey|94/100 tox|[from] psn
|-fieldend|move: Grassy Terrain
|upkeep
|turn|9
|
|t:|1666733467
|switch|p2a: Chansey|Chansey, F|100/100
|move|p1a: Chansey|Teleport|p1a: Chansey
|
|t:|1666733470
|-curestatus|p1a: Chansey|tox|[from] ability: Natural Cure
|switch|p1a: Krookodile|Krookodile, M|48/100|[from]move: Teleport
|-ability|p1a: Krookodile|Intimidate|boost
|-unboost|p2a: Chansey|atk|1
|
|-heal|p1a: Krookodile|55/100|[from] item: Leftovers
|upkeep
|turn|10
|
|t:|1666733485
|move|p1a: Krookodile|Stealth Rock|p2a: Chansey
|-sidestart|p2: Gryphonex|move: Stealth Rock
|move|p2a: Chansey|Seismic Toss|p1a: Krookodile
|-damage|p1a: Krookodile|28/100
|
|-heal|p1a: Krookodile|34/100|[from] item: Leftovers
|upkeep
|turn|11
|
|t:|1666733491
|move|p1a: Krookodile|Knock Off|p2a: Chansey
|-damage|p2a: Chansey|67/100
|-enditem|p2a: Chansey|Eviolite|[from] move: Knock Off|[of] p1a: Krookodile
|move|p2a: Chansey|Seismic Toss|p1a: Krookodile
|-damage|p1a: Krookodile|7/100
|
|-heal|p1a: Krookodile|13/100|[from] item: Leftovers
|upkeep
|turn|12
|
|t:|1666733499
|switch|p2a: Salamence|Salamence, F|100/100
|-ability|p2a: Salamence|Intimidate|boost
|-unboost|p1a: Krookodile|atk|1
|move|p1a: Krookodile|High Horsepower|p2a: Salamence
|-immune|p2a: Salamence
|
|-heal|p1a: Krookodile|19/100|[from] item: Leftovers
|upkeep
|turn|13
|
|t:|1666733508
|move|p1a: Krookodile|Knock Off|p2a: Salamence
|-damage|p2a: Salamence|77/100
|-enditem|p2a: Salamence|Heavy-Duty Boots|[from] move: Knock Off|[of] p1a: Krookodile
|move|p2a: Salamence|Flamethrower|p1a: Krookodile
|-damage|p1a: Krookodile|0 fnt
|faint|p1a: Krookodile
|
|upkeep
|
|t:|1666733519
|switch|p1a: Regieleki|Regieleki|100/100
|turn|14
|
|t:|1666733525
|move|p1a: Regieleki|Thunderbolt|p2a: Salamence
|-damage|p2a: Salamence|0 fnt
|faint|p2a: Salamence
|-damage|p1a: Regieleki|91/100|[from] item: Life Orb
|
|upkeep
|
|t:|1666733536
|switch|p2a: Chansey|Chansey, F|67/100
|-damage|p2a: Chansey|55/100|[from] Stealth Rock
|turn|15
|
|t:|1666733543
|move|p1a: Regieleki|Volt Switch|p2a: Chansey
|-damage|p2a: Chansey|23/100
|-damage|p1a: Regieleki|81/100|[from] item: Life Orb
|
|t:|1666733548
|switch|p1a: Sirfetch’d|Sirfetch’d, F|100/100|[from]move: Volt Switch
|move|p2a: Chansey|Soft-Boiled|p2a: Chansey
|-heal|p2a: Chansey|73/100
|
|upkeep
|turn|16
|
|t:|1666733554
|switch|p2a: Corsola|Corsola-Galar, M|100/100
|-damage|p2a: Corsola|88/100|[from] Stealth Rock
|move|p1a: Sirfetch’d|Brave Bird|p2a: Corsola
|-damage|p2a: Corsola|39/100
|-start|p1a: Sirfetch’d|Disable|Brave Bird|[from] ability: Cursed Body|[of] p2a: Corsola
|-damage|p1a: Sirfetch’d|81/100|[from] Recoil
|
|upkeep
|turn|17
|
|t:|1666733564
|switch|p1a: Chansey|Chansey, F|94/100
|move|p2a: Corsola|Strength Sap|p1a: Chansey
|-unboost|p1a: Chansey|atk|1
|-heal|p2a: Corsola|43/100
|
|upkeep
|turn|18
|
|t:|1666733571
|move|p2a: Corsola|Stealth Rock|p1a: Chansey
|-sidestart|p1: Ichindar2|move: Stealth Rock
|move|p1a: Chansey|Teleport|p1a: Chansey
|
|t:|1666733575
|switch|p1a: Sirfetch’d|Sirfetch’d, F|81/100|[from]move: Teleport
|-damage|p1a: Sirfetch’d|75/100|[from] Stealth Rock
|
|upkeep
|turn|19
|
|t:|1666733583
|move|p1a: Sirfetch’d|Brave Bird|p2a: Corsola
|-damage|p2a: Corsola|0 fnt
|faint|p2a: Corsola
|-damage|p1a: Sirfetch’d|58/100|[from] Recoil
|
|upkeep
|
|t:|1666733589
|switch|p2a: Zarude|Zarude|84/100
|-damage|p2a: Zarude|72/100|[from] Stealth Rock
|turn|20
|
|t:|1666733598
|switch|p1a: Tapu Bulu|Tapu Bulu|80/100
|-damage|p1a: Tapu Bulu|68/100|[from] Stealth Rock
|-fieldstart|move: Grassy Terrain|[from] ability: Grassy Surge|[of] p1a: Tapu Bulu
|move|p2a: Zarude|Power Whip|p1a: Tapu Bulu
|-resisted|p1a: Tapu Bulu
|-damage|p1a: Tapu Bulu|25/100
|-damage|p2a: Zarude|55/100|[from] item: Rocky Helmet|[of] p1a: Tapu Bulu
|
|-heal|p2a: Zarude|61/100|[from] Grassy Terrain
|-heal|p1a: Tapu Bulu|31/100|[from] Grassy Terrain
|upkeep
|turn|21
|
|t:|1666733611
|move|p2a: Zarude|Power Whip|p1a: Tapu Bulu
|-resisted|p1a: Tapu Bulu
|-damage|p1a: Tapu Bulu|0 fnt
|-damage|p2a: Zarude|45/100|[from] item: Rocky Helmet|[of] p1a: Tapu Bulu
|faint|p1a: Tapu Bulu
|
|-heal|p2a: Zarude|51/100|[from] Grassy Terrain
|upkeep
|
|t:|1666733625
|switch|p1a: Regieleki|Regieleki|81/100
|-damage|p1a: Regieleki|68/100|[from] Stealth Rock
|turn|22
|
|t:|1666733630
|move|p1a: Regieleki|Explosion|p2a: Zarude
|-damage|p2a: Zarude|0 fnt
|faint|p1a: Regieleki
|faint|p2a: Zarude
|
|upkeep
|
|t:|1666733640
|switch|p1a: Sirfetch’d|Sirfetch’d, F|58/100
|switch|p2a: Hydreigon|Hydreigon, M|100/100
|-damage|p2a: Hydreigon|88/100|[from] Stealth Rock
|-damage|p1a: Sirfetch’d|52/100|[from] Stealth Rock
|turn|23
|
|t:|1666733647
|switch|p1a: Chansey|Chansey, F|94/100
|-damage|p1a: Chansey|82/100|[from] Stealth Rock
|move|p2a: Hydreigon|Draco Meteor|p1a: Chansey
|-damage|p1a: Chansey|54/100
|-unboost|p2a: Hydreigon|spa|2
|
|-heal|p1a: Chansey|60/100|[from] Grassy Terrain
|upkeep
|turn|24
|
|t:|1666733659
|switch|p2a: Chansey|Chansey, F|73/100
|-damage|p2a: Chansey|61/100|[from] Stealth Rock
|move|p1a: Chansey|Teleport|p1a: Chansey
|
|t:|1666733663
|switch|p1a: Sirfetch’d|Sirfetch’d, F|52/100|[from]move: Teleport
|-damage|p1a: Sirfetch’d|46/100|[from] Stealth Rock
|
|-heal|p1a: Sirfetch’d|52/100|[from] Grassy Terrain
|-heal|p2a: Chansey|67/100|[from] Grassy Terrain
|-fieldend|move: Grassy Terrain
|upkeep
|turn|25
|
|t:|1666733681
|move|p1a: Sirfetch’d|Close Combat|p2a: Chansey
|-supereffective|p2a: Chansey
|-damage|p2a: Chansey|0 fnt
|-unboost|p1a: Sirfetch’d|def|1
|-unboost|p1a: Sirfetch’d|spd|1
|faint|p2a: Chansey
|
|upkeep
|c|☆Ichindar2|gg
|
|t:|1666733687
|switch|p2a: Hydreigon|Hydreigon, M|88/100
|-damage|p2a: Hydreigon|76/100|[from] Stealth Rock
|turn|26
|
|t:|1666733693
|switch|p1a: Chansey|Chansey, F|60/100
|-damage|p1a: Chansey|47/100|[from] Stealth Rock
|move|p2a: Hydreigon|Dark Pulse|p1a: Chansey
|-damage|p1a: Chansey|28/100
|
|upkeep
|turn|27
|
|t:|1666733701
|move|p2a: Hydreigon|Dark Pulse|p1a: Chansey
|-damage|p1a: Chansey|9/100
|move|p1a: Chansey|Soft-Boiled|p1a: Chansey
|-heal|p1a: Chansey|59/100
|
|upkeep
|turn|28
|
|t:|1666733706
|move|p2a: Hydreigon|Dark Pulse|p1a: Chansey
|-damage|p1a: Chansey|42/100
|move|p1a: Chansey|Soft-Boiled|p1a: Chansey
|-heal|p1a: Chansey|92/100
|
|upkeep
|turn|29
|
|t:|1666733712
|move|p2a: Hydreigon|Dark Pulse|p1a: Chansey
|-damage|p1a: Chansey|72/100
|move|p1a: Chansey|Seismic Toss|p2a: Hydreigon
|-damage|p2a: Hydreigon|45/100
|
|upkeep
|turn|30
|
|t:|1666733718
|move|p2a: Hydreigon|Dark Pulse|p1a: Chansey
|-damage|p1a: Chansey|55/100
|move|p1a: Chansey|Soft-Boiled|p1a: Chansey
|-heal|p1a: Chansey|100/100
|
|upkeep
|turn|31
|
|t:|1666733724
|move|p2a: Hydreigon|Dark Pulse|p1a: Chansey
|-damage|p1a: Chansey|81/100
|move|p1a: Chansey|Seismic Toss|p2a: Hydreigon
|-damage|p2a: Hydreigon|14/100
|
|upkeep
|turn|32
|inactive|Battle timer is ON: inactive players will automatically lose when time's up. (requested by Ichindar2)
|
|t:|1666733741
|move|p2a: Hydreigon|Dark Pulse|p1a: Chansey
|-damage|p1a: Chansey|64/100
|move|p1a: Chansey|Seismic Toss|p2a: Hydreigon
|-damage|p2a: Hydreigon|0 fnt
|faint|p2a: Hydreigon
|
|win|Ichindar2
|raw|Ichindar2's rating: 1446 &rarr; <strong>1475</strong><br />(+29 for winning)
|raw|Gryphonex's rating: 1613 &rarr; <strong>1584</strong><br />(-29 for losing)
|l|☆Gryphonex
||Ladder isn't responding, score probably updated but might not have (Request timeout).
