|html|<div class="broadcast-blue"><strong>[Gen 8] UU is currently suspecting Terrakion! For information on how to participate check out the <a href="https://www.smogon.com/forums/threads/np-ss-uu-stage-8-3-rack-city.3678591/">suspect thread</a>.</strong></div>
|j|☆EliotEnRetar
|j|☆Pudistor Black
|t:|1614333583
|player|p1|EliotEnRetar|falkner|1536
|player|p2|Pudistor Black|giovanni|1285
|teamsize|p1|6
|teamsize|p2|6
|gametype|singles
|gen|8
|tier|[Gen 8] UU
|rated|
|clearpoke
|poke|p1|Porygon-Z|
|poke|p1|Krookodile, M|
|poke|p1|Rotom-Wash|
|poke|p1|Scizor, M|
|poke|p1|Talonflame, M|
|poke|p1|Sylveon, M|
|poke|p2|Amoonguss, F|
|poke|p2|Chansey, F|
|poke|p2|Skarmory, M|
|poke|p2|Pyukumuku, F|
|poke|p2|Sylveon, M|
|poke|p2|Salazzle, F|
|rule|Sleep Clause Mod: Limit one foe put to sleep
|rule|Species Clause: Limit one of each Pokémon
|rule|OHKO Clause: OHKO moves are banned
|rule|Evasion Moves Clause: Evasion moves are banned
|rule|Endless Battle Clause: Forcing endless battles is banned
|rule|HP Percentage Mod: HP is shown in percentages
|rule|Dynamax Clause: You cannot dynamax
|teampreview
|
|t:|1614333600
|start
|switch|p1a: CauetBurger|Rotom-Wash|100/100
|switch|p2a: Salazzle|Salazzle, F|100/100
|turn|1
|
|t:|1614333611
|move|p2a: Salazzle|Toxic|p1a: CauetBurger
|-status|p1a: CauetBurger|tox
|move|p1a: CauetBurger|Hydro Pump|p2a: Salazzle
|-supereffective|p2a: Salazzle
|-damage|p2a: Salazzle|0 fnt
|faint|p2a: Salazzle
|
|-damage|p1a: CauetBurger|94/100 tox|[from] psn
|upkeep
|
|t:|1614333621
|switch|p2a: Amoonguss|Amoonguss, F|100/100
|turn|2
|
|t:|1614333647
|move|p1a: CauetBurger|Volt Switch|p2a: Amoonguss
|-resisted|p2a: Amoonguss
|-damage|p2a: Amoonguss|88/100
|
|t:|1614333651
|switch|p1a: BizouJeManvol|Talonflame, M|100/100|[from]move: Volt Switch
|move|p2a: Amoonguss|Spore|p1a: BizouJeManvol
|-status|p1a: BizouJeManvol|slp|[from] move: Spore
|
|upkeep
|turn|3
|
|t:|1614333660
|switch|p1a: Schlass|Scizor, M|100/100
|move|p2a: Amoonguss|Foul Play|p1a: Schlass
|-damage|p1a: Schlass|58/100
|
|upkeep
|turn|4
|
|t:|1614333668
|switch|p2a: Skarmory|Skarmory, M|100/100
|move|p1a: Schlass|U-turn|p2a: Skarmory
|-resisted|p2a: Skarmory
|-damage|p2a: Skarmory|95/100
|-damage|p1a: Schlass|41/100|[from] item: Rocky Helmet|[of] p2a: Skarmory
|
|t:|1614333680
|switch|p1a: CauetBurger|Rotom-Wash|94/100 tox|[from]move: U-turn
|
|-heal|p1a: CauetBurger|100/100 tox|[from] item: Leftovers
|-damage|p1a: CauetBurger|94/100 tox|[from] psn
|upkeep
|turn|5
|
|t:|1614333691
|switch|p2a: Amoonguss|Amoonguss, F|100/100
|move|p1a: CauetBurger|Volt Switch|p2a: Amoonguss
|-resisted|p2a: Amoonguss
|-damage|p2a: Amoonguss|88/100
|
|t:|1614333702
|switch|p1a: Porygon-NUBL|Porygon-Z|100/100|[from]move: Volt Switch
|
|upkeep
|turn|6
|
|t:|1614333707
|switch|p2a: Chansey|Chansey, F|100/100
|move|p1a: Porygon-NUBL|Tri Attack|p2a: Chansey
|-crit|p2a: Chansey
|-damage|p2a: Chansey|58/100
|
|upkeep
|turn|7
|
|t:|1614333713
|move|p1a: Porygon-NUBL|Tri Attack|p2a: Chansey
|-damage|p2a: Chansey|33/100
|move|p2a: Chansey|Soft-Boiled|p2a: Chansey
|-heal|p2a: Chansey|83/100
|
|upkeep
|turn|8
|
|t:|1614333719
|move|p1a: Porygon-NUBL|Tri Attack|p2a: Chansey
|-damage|p2a: Chansey|58/100
|-status|p2a: Chansey|brn
|move|p2a: Chansey|Stealth Rock|p1a: Porygon-NUBL
|-sidestart|p1: EliotEnRetar|move: Stealth Rock
|
|-damage|p2a: Chansey|52/100 brn|[from] brn
|upkeep
|turn|9
|
|t:|1614333730
|switch|p1a: Krookodile|Krookodile, M|100/100
|-damage|p1a: Krookodile|94/100|[from] Stealth Rock
|-ability|p1a: Krookodile|Intimidate|boost
|-unboost|p2a: Chansey|atk|1
|move|p2a: Chansey|Soft-Boiled|p2a: Chansey
|-heal|p2a: Chansey|100/100 brn
|
|-damage|p2a: Chansey|94/100 brn|[from] brn
|upkeep
|turn|10
|
|t:|1614333750
|switch|p2a: Skarmory|Skarmory, M|95/100
|move|p1a: Krookodile|Knock Off|p2a: Skarmory
|-damage|p2a: Skarmory|68/100
|-damage|p1a: Krookodile|78/100|[from] item: Rocky Helmet|[of] p2a: Skarmory
|-enditem|p2a: Skarmory|Rocky Helmet|[from] move: Knock Off|[of] p1a: Krookodile
|
|upkeep
|turn|11
|
|t:|1614333758
|switch|p1a: CauetBurger|Rotom-Wash|94/100 tox
|-damage|p1a: CauetBurger|82/100 tox|[from] Stealth Rock
|move|p2a: Skarmory|Whirlwind|p1a: CauetBurger
|drag|p1a: BizouJeManvol|Talonflame, M|100/100 slp
|
|upkeep
|turn|12
|
|t:|1614333767
|switch|p1a: CauetBurger|Rotom-Wash|82/100 tox
|-damage|p1a: CauetBurger|69/100 tox|[from] Stealth Rock
|move|p2a: Skarmory|Roost|p2a: Skarmory
|-heal|p2a: Skarmory|100/100
|-singleturn|p2a: Skarmory|move: Roost
|
|-heal|p1a: CauetBurger|75/100 tox|[from] item: Leftovers
|-damage|p1a: CauetBurger|69/100 tox|[from] psn
|upkeep
|turn|13
|
|t:|1614333777
|switch|p2a: Chansey|Chansey, F|94/100
|move|p1a: CauetBurger|Defog|p2a: Chansey
|-unboost|p2a: Chansey|evasion|1
|-sideend|p1: EliotEnRetar|Stealth Rock|[from] move: Defog|[of] p1a: CauetBurger
|
|-heal|p1a: CauetBurger|75/100 tox|[from] item: Leftovers
|-damage|p1a: CauetBurger|63/100 tox|[from] psn
|upkeep
|turn|14
|
|t:|1614333786
|move|p1a: CauetBurger|Volt Switch|p2a: Chansey
|-damage|p2a: Chansey|86/100
|
|t:|1614333790
|switch|p1a: Schlass|Scizor, M|41/100|[from]move: Volt Switch
|move|p2a: Chansey|Stealth Rock|p1a: Schlass
|-sidestart|p1: EliotEnRetar|move: Stealth Rock
|
|upkeep
|turn|15
|
|t:|1614333796
|switch|p2a: Skarmory|Skarmory, M|100/100
|move|p1a: Schlass|U-turn|p2a: Skarmory
|-resisted|p2a: Skarmory
|-damage|p2a: Skarmory|95/100
|
|t:|1614333804
|switch|p1a: Porygon-NUBL|Porygon-Z|100/100|[from]move: U-turn
|-damage|p1a: Porygon-NUBL|88/100|[from] Stealth Rock
|
|upkeep
|turn|16
|
|t:|1614333810
|switch|p2a: Chansey|Chansey, F|86/100
|move|p1a: Porygon-NUBL|Trick|p2a: Chansey
|-activate|p1a: Porygon-NUBL|move: Trick|[of] p2a: Chansey
|-item|p2a: Chansey|Choice Specs|[from] move: Trick
|-item|p1a: Porygon-NUBL|Eviolite|[from] move: Trick
|
|upkeep
|turn|17
|
|t:|1614333817
|move|p1a: Porygon-NUBL|Tri Attack|p2a: Chansey
|-damage|p2a: Chansey|58/100
|move|p2a: Chansey|Teleport|p2a: Chansey
|
|t:|1614333824
|switch|p2a: Sylveon|Sylveon, M|100/100|[from]move: Teleport
|
|upkeep
|turn|18
|
|t:|1614333830
|move|p1a: Porygon-NUBL|Trick|p2a: Sylveon
|-activate|p1a: Porygon-NUBL|move: Trick|[of] p2a: Sylveon
|-item|p2a: Sylveon|Eviolite|[from] move: Trick
|-item|p1a: Porygon-NUBL|Leftovers|[from] move: Trick
|move|p2a: Sylveon|Wish|p2a: Sylveon
|
|-heal|p1a: Porygon-NUBL|94/100|[from] item: Leftovers
|upkeep
|turn|19
|
|t:|1614333841
|switch|p2a: Chansey|Chansey, F|58/100
|move|p1a: Porygon-NUBL|Tri Attack|p2a: Chansey
|-damage|p2a: Chansey|33/100
|
|-heal|p2a: Chansey|61/100|[from] move: Wish|[wisher] Sylveon
|-heal|p1a: Porygon-NUBL|100/100|[from] item: Leftovers
|upkeep
|turn|20
|
|t:|1614333849
|move|p1a: Porygon-NUBL|Tri Attack|p2a: Chansey
|-damage|p2a: Chansey|35/100
|move|p2a: Chansey|Seismic Toss|p1a: Porygon-NUBL
|-damage|p1a: Porygon-NUBL|68/100
|
|-heal|p1a: Porygon-NUBL|74/100|[from] item: Leftovers
|upkeep
|turn|21
|
|t:|1614333861
|move|p1a: Porygon-NUBL|Tri Attack|p2a: Chansey
|-damage|p2a: Chansey|8/100
|move|p2a: Chansey|Seismic Toss|p1a: Porygon-NUBL
|-damage|p1a: Porygon-NUBL|42/100
|
|-heal|p1a: Porygon-NUBL|48/100|[from] item: Leftovers
|upkeep
|turn|22
|
|t:|1614333869
|move|p1a: Porygon-NUBL|Psychic|p2a: Chansey
|-damage|p2a: Chansey|0 fnt
|faint|p2a: Chansey
|
|-heal|p1a: Porygon-NUBL|55/100|[from] item: Leftovers
|upkeep
|
|t:|1614333885
|switch|p2a: Sylveon|Sylveon, M|100/100
|turn|23
|
|t:|1614333892
|move|p1a: Porygon-NUBL|Tri Attack|p2a: Sylveon
|-damage|p2a: Sylveon|69/100
|move|p2a: Sylveon|Hyper Voice|p1a: Porygon-NUBL
|-damage|p1a: Porygon-NUBL|3/100
|
|-heal|p1a: Porygon-NUBL|9/100|[from] item: Leftovers
|upkeep
|turn|24
|
|t:|1614333901
|switch|p1a: Ouais|Sylveon, M|100/100
|-damage|p1a: Ouais|88/100|[from] Stealth Rock
|move|p2a: Sylveon|Wish|p2a: Sylveon
|
|-heal|p1a: Ouais|94/100|[from] item: Leftovers
|upkeep
|turn|25
|
|t:|1614333915
|move|p1a: Ouais|Wish|p1a: Ouais
|move|p2a: Sylveon|Hyper Voice|p1a: Ouais
|-damage|p1a: Ouais|72/100
|
|-heal|p2a: Sylveon|100/100|[from] move: Wish|[wisher] Sylveon
|-heal|p1a: Ouais|78/100|[from] item: Leftovers
|upkeep
|turn|26
|
|t:|1614333924
|switch|p1a: CauetBurger|Rotom-Wash|63/100 tox
|-damage|p1a: CauetBurger|50/100 tox|[from] Stealth Rock
|move|p2a: Sylveon|Hyper Voice|p1a: CauetBurger
|-damage|p1a: CauetBurger|5/100 tox
|
|-heal|p1a: CauetBurger|70/100 tox|[from] move: Wish|[wisher] Ouais
|-heal|p1a: CauetBurger|76/100 tox|[from] item: Leftovers
|-damage|p1a: CauetBurger|70/100 tox|[from] psn
|upkeep
|turn|27
|
|t:|1614333935
|move|p1a: CauetBurger|Defog|p2a: Sylveon
|-unboost|p2a: Sylveon|evasion|1
|-sideend|p1: EliotEnRetar|Stealth Rock|[from] move: Defog|[of] p1a: CauetBurger
|move|p2a: Sylveon|Hyper Voice|p1a: CauetBurger
|-damage|p1a: CauetBurger|29/100 tox
|
|-heal|p1a: CauetBurger|35/100 tox|[from] item: Leftovers
|-damage|p1a: CauetBurger|23/100 tox|[from] psn
|upkeep
|turn|28
|
|t:|1614333944
|move|p1a: CauetBurger|Volt Switch|p2a: Sylveon
|-damage|p2a: Sylveon|87/100
|
|t:|1614333947
|switch|p1a: Ouais|Sylveon, M|78/100|[from]move: Volt Switch
|move|p2a: Sylveon|Hyper Voice|p1a: Ouais
|-damage|p1a: Ouais|54/100
|
|-heal|p1a: Ouais|60/100|[from] item: Leftovers
|upkeep
|turn|29
|
|t:|1614333955
|move|p2a: Sylveon|Wish|p2a: Sylveon
|move|p1a: Ouais|Wish|p1a: Ouais
|
|-heal|p1a: Ouais|66/100|[from] item: Leftovers
|upkeep
|turn|30
|
|t:|1614333961
|move|p1a: Ouais|Yawn|p2a: Sylveon
|-start|p2a: Sylveon|move: Yawn|[of] p1a: Ouais
|move|p2a: Sylveon|Hyper Voice|p1a: Ouais
|-damage|p1a: Ouais|41/100
|
|-heal|p1a: Ouais|91/100|[from] move: Wish|[wisher] Ouais
|-heal|p2a: Sylveon|100/100|[from] move: Wish|[wisher] Sylveon
|-heal|p1a: Ouais|97/100|[from] item: Leftovers
|upkeep
|turn|31
|
|t:|1614333975
|switch|p2a: Amoonguss|Amoonguss, F|100/100
|move|p1a: Ouais|Wish|p1a: Ouais
|
|-heal|p1a: Ouais|100/100|[from] item: Leftovers
|upkeep
|turn|32
|
|t:|1614333990
|move|p1a: Ouais|Yawn|p2a: Amoonguss
|-start|p2a: Amoonguss|move: Yawn|[of] p1a: Ouais
|move|p2a: Amoonguss|Giga Drain|p1a: Ouais
|-damage|p1a: Ouais|88/100
|
|-heal|p1a: Ouais|100/100|[from] move: Wish|[wisher] Ouais
|upkeep
|turn|33
|
|t:|1614334002
|switch|p2a: Skarmory|Skarmory, M|95/100
|move|p1a: Ouais|Heal Bell|p1a: Ouais
|-activate|p1a: Ouais|move: Heal Bell
|-curestatus|p1: BizouJeManvol|slp|[msg]
|-curestatus|p1: CauetBurger|tox|[msg]
|
|upkeep
|turn|34
|
|t:|1614334009
|switch|p1a: CauetBurger|Rotom-Wash|23/100
|move|p2a: Skarmory|Spikes|p1a: CauetBurger
|-sidestart|p1: EliotEnRetar|Spikes
|
|-heal|p1a: CauetBurger|29/100|[from] item: Leftovers
|upkeep
|turn|35
|
|t:|1614334020
|move|p1a: CauetBurger|Defog|p2a: Skarmory
|-unboost|p2a: Skarmory|evasion|1
|-sideend|p1: EliotEnRetar|Spikes|[from] move: Defog|[of] p1a: CauetBurger
|move|p2a: Skarmory|Spikes|p1a: CauetBurger
|-sidestart|p1: EliotEnRetar|Spikes
|
|-heal|p1a: CauetBurger|35/100|[from] item: Leftovers
|upkeep
|turn|36
|
|t:|1614334028
|switch|p2a: Amoonguss|Amoonguss, F|100/100
|move|p1a: CauetBurger|Defog|p2a: Amoonguss
|-unboost|p2a: Amoonguss|evasion|1
|-sideend|p1: EliotEnRetar|Spikes|[from] move: Defog|[of] p1a: CauetBurger
|
|-heal|p1a: CauetBurger|42/100|[from] item: Leftovers
|upkeep
|turn|37
|
|t:|1614334039
|move|p1a: CauetBurger|Volt Switch|p2a: Amoonguss
|-resisted|p2a: Amoonguss
|-damage|p2a: Amoonguss|89/100
|
|t:|1614334044
|switch|p1a: Krookodile|Krookodile, M|78/100|[from]move: Volt Switch
|-ability|p1a: Krookodile|Intimidate|boost
|-unboost|p2a: Amoonguss|atk|1
|move|p2a: Amoonguss|Sludge Bomb|p1a: Krookodile
|-resisted|p1a: Krookodile
|-damage|p1a: Krookodile|60/100
|
|upkeep
|turn|38
|
|t:|1614334055
|move|p1a: Krookodile|Stealth Rock|p2a: Amoonguss
|-sidestart|p2: Pudistor Black|move: Stealth Rock
|move|p2a: Amoonguss|Giga Drain|p1a: Krookodile
|-supereffective|p1a: Krookodile
|-damage|p1a: Krookodile|0 fnt
|-heal|p2a: Amoonguss|100/100|[from] drain|[of] p1a: Krookodile
|faint|p1a: Krookodile
|
|upkeep
|
|t:|1614334062
|switch|p1a: BizouJeManvol|Talonflame, M|100/100
|turn|39
|
|t:|1614334072
|switch|p2a: Pyukumuku|Pyukumuku, F|100/100
|-damage|p2a: Pyukumuku|88/100|[from] Stealth Rock
|move|p1a: BizouJeManvol|Brave Bird|p2a: Pyukumuku
|-damage|p2a: Pyukumuku|53/100
|-damage|p1a: BizouJeManvol|88/100|[from] Recoil
|
|-heal|p2a: Pyukumuku|59/100|[from] item: Leftovers
|upkeep
|turn|40
|
|t:|1614334084
|move|p1a: BizouJeManvol|Brave Bird|p2a: Pyukumuku
|-crit|p2a: Pyukumuku
|-damage|p2a: Pyukumuku|12/100
|-damage|p1a: BizouJeManvol|72/100|[from] Recoil
|move|p2a: Pyukumuku|Recover|p2a: Pyukumuku
|-heal|p2a: Pyukumuku|62/100
|
|-heal|p2a: Pyukumuku|68/100|[from] item: Leftovers
|upkeep
|turn|41
|
|t:|1614334094
|move|p1a: BizouJeManvol|U-turn|p2a: Pyukumuku
|-damage|p2a: Pyukumuku|54/100
|
|t:|1614334098
|switch|p1a: Porygon-NUBL|Porygon-Z|9/100|[from]move: U-turn
|move|p2a: Pyukumuku|Toxic|p1a: Porygon-NUBL
|-status|p1a: Porygon-NUBL|tox
|
|-heal|p1a: Porygon-NUBL|15/100 tox|[from] item: Leftovers
|-heal|p2a: Pyukumuku|60/100|[from] item: Leftovers
|-damage|p1a: Porygon-NUBL|9/100 tox|[from] psn
|upkeep
|turn|42
|
|t:|1614334127
|move|p1a: Porygon-NUBL|Thunderbolt|p2a: Pyukumuku
|-supereffective|p2a: Pyukumuku
|-damage|p2a: Pyukumuku|8/100
|move|p2a: Pyukumuku|Recover|p2a: Pyukumuku
|-heal|p2a: Pyukumuku|58/100
|
|-heal|p1a: Porygon-NUBL|15/100 tox|[from] item: Leftovers
|-heal|p2a: Pyukumuku|64/100|[from] item: Leftovers
|-damage|p1a: Porygon-NUBL|3/100 tox|[from] psn
|upkeep
|turn|43
|
|t:|1614334141
|switch|p1a: Ouais|Sylveon, M|100/100
|switch|p2a: Sylveon|Sylveon, M|100/100
|-damage|p2a: Sylveon|88/100|[from] Stealth Rock
|
|upkeep
|turn|44
|
|t:|1614334148
|move|p1a: Ouais|Wish|p1a: Ouais
|move|p2a: Sylveon|Wish|p2a: Sylveon
|
|upkeep
|turn|45
|
|t:|1614334157
|move|p2a: Sylveon|Hyper Voice|p1a: Ouais
|-damage|p1a: Ouais|77/100
|move|p1a: Ouais|Heal Bell|p1a: Ouais
|-activate|p1a: Ouais|move: Heal Bell
|-curestatus|p1: Porygon-NUBL|tox|[msg]
|
|-heal|p1a: Ouais|100/100|[from] move: Wish|[wisher] Ouais
|-heal|p2a: Sylveon|100/100|[from] move: Wish|[wisher] Sylveon
|upkeep
|turn|46
|
|t:|1614334171
|move|p2a: Sylveon|Wish|p2a: Sylveon
|move|p1a: Ouais|Wish|p1a: Ouais
|
|upkeep
|turn|47
|
|t:|1614334176
|switch|p1a: Schlass|Scizor, M|41/100
|move|p2a: Sylveon|Hyper Voice|p1a: Schlass
|-resisted|p1a: Schlass
|-damage|p1a: Schlass|14/100
|
|-heal|p1a: Schlass|77/100|[from] move: Wish|[wisher] Ouais
|upkeep
|turn|48
|
|t:|1614334185
|move|p2a: Sylveon|Protect|p2a: Sylveon
|-singleturn|p2a: Sylveon|Protect
|move|p1a: Schlass|U-turn|p2a: Sylveon
|-activate|p2a: Sylveon|move: Protect
|
|upkeep
|turn|49
|
|t:|1614334195
|move|p1a: Schlass|U-turn|p2a: Sylveon
|-resisted|p2a: Sylveon
|-damage|p2a: Sylveon|76/100
|
|t:|1614334198
|switch|p1a: Ouais|Sylveon, M|100/100|[from]move: U-turn
|move|p2a: Sylveon|Hyper Voice|p1a: Ouais
|-damage|p1a: Ouais|77/100
|
|-heal|p1a: Ouais|83/100|[from] item: Leftovers
|upkeep
|turn|50
|
|t:|1614334206
|move|p2a: Sylveon|Wish|p2a: Sylveon
|move|p1a: Ouais|Wish|p1a: Ouais
|
|-heal|p1a: Ouais|89/100|[from] item: Leftovers
|upkeep
|turn|51
|
|t:|1614334216
|switch|p2a: Pyukumuku|Pyukumuku, F|64/100
|-damage|p2a: Pyukumuku|51/100|[from] Stealth Rock
|move|p1a: Ouais|Yawn|p2a: Pyukumuku
|-start|p2a: Pyukumuku|move: Yawn|[of] p1a: Ouais
|
|-heal|p1a: Ouais|100/100|[from] move: Wish|[wisher] Ouais
|-heal|p2a: Pyukumuku|100/100|[from] move: Wish|[wisher] Sylveon
|upkeep
|turn|52
|
|t:|1614334226
|move|p1a: Ouais|Hyper Voice|p2a: Pyukumuku
|-damage|p2a: Pyukumuku|68/100
|move|p2a: Pyukumuku|Block|p1a: Ouais
|-activate|p1a: Ouais|trapped
|
|-heal|p2a: Pyukumuku|74/100|[from] item: Leftovers
|-end|p2a: Pyukumuku|move: Yawn|[silent]
|-status|p2a: Pyukumuku|slp
|upkeep
|turn|53
|
|t:|1614334234
|move|p1a: Ouais|Hyper Voice|p2a: Pyukumuku
|-damage|p2a: Pyukumuku|37/100 slp
|cant|p2a: Pyukumuku|slp
|
|-heal|p2a: Pyukumuku|43/100 slp|[from] item: Leftovers
|upkeep
|turn|54
|
|t:|1614334241
|move|p1a: Ouais|Hyper Voice|p2a: Pyukumuku
|-damage|p2a: Pyukumuku|9/100 slp
|-curestatus|p2a: Pyukumuku|slp|[msg]
|move|p2a: Pyukumuku|Recover|p2a: Pyukumuku
|-heal|p2a: Pyukumuku|59/100
|
|-heal|p2a: Pyukumuku|65/100|[from] item: Leftovers
|upkeep
|turn|55
|
|t:|1614334253
|move|p1a: Ouais|Yawn|p2a: Pyukumuku
|-start|p2a: Pyukumuku|move: Yawn|[of] p1a: Ouais
|move|p2a: Pyukumuku|Soak|p1a: Ouais
|-start|p1a: Ouais|typechange|Water
|
|-heal|p2a: Pyukumuku|71/100|[from] item: Leftovers
|upkeep
|turn|56
|
|t:|1614334261
|move|p1a: Ouais|Hyper Voice|p2a: Pyukumuku
|-damage|p2a: Pyukumuku|49/100
|move|p2a: Pyukumuku|Recover|p2a: Pyukumuku
|-heal|p2a: Pyukumuku|99/100
|
|-heal|p2a: Pyukumuku|100/100|[from] item: Leftovers
|-end|p2a: Pyukumuku|move: Yawn|[silent]
|-status|p2a: Pyukumuku|slp
|upkeep
|turn|57
|
|t:|1614334270
|move|p1a: Ouais|Hyper Voice|p2a: Pyukumuku
|-damage|p2a: Pyukumuku|77/100 slp
|cant|p2a: Pyukumuku|slp
|
|-heal|p2a: Pyukumuku|83/100 slp|[from] item: Leftovers
|upkeep
|turn|58
|
|t:|1614334276
|move|p1a: Ouais|Hyper Voice|p2a: Pyukumuku
|-damage|p2a: Pyukumuku|60/100 slp
|-curestatus|p2a: Pyukumuku|slp|[msg]
|move|p2a: Pyukumuku|Toxic|p1a: Ouais
|-status|p1a: Ouais|tox
|
|-heal|p2a: Pyukumuku|66/100|[from] item: Leftovers
|-damage|p1a: Ouais|94/100 tox|[from] psn
|upkeep
|turn|59
|
|t:|1614334286
|move|p1a: Ouais|Yawn|p2a: Pyukumuku
|-start|p2a: Pyukumuku|move: Yawn|[of] p1a: Ouais
|move|p2a: Pyukumuku|Recover|p2a: Pyukumuku
|-heal|p2a: Pyukumuku|100/100
|
|-heal|p1a: Ouais|100/100 tox|[from] item: Leftovers
|-damage|p1a: Ouais|88/100 tox|[from] psn
|upkeep
|turn|60
|
|t:|1614334295
|move|p1a: Ouais|Heal Bell|p1a: Ouais
|-activate|p1a: Ouais|move: Heal Bell
|-curestatus|p1a: Ouais|tox|[msg]
|move|p2a: Pyukumuku|Soak|p1a: Ouais
|-fail|p1a: Ouais
|
|-heal|p1a: Ouais|94/100|[from] item: Leftovers
|-end|p2a: Pyukumuku|move: Yawn|[silent]
|-status|p2a: Pyukumuku|slp
|upkeep
|turn|61
|
|t:|1614334304
|move|p1a: Ouais|Hyper Voice|p2a: Pyukumuku
|-damage|p2a: Pyukumuku|79/100 slp
|cant|p2a: Pyukumuku|slp
|
|-heal|p1a: Ouais|100/100|[from] item: Leftovers
|-heal|p2a: Pyukumuku|85/100 slp|[from] item: Leftovers
|upkeep
|turn|62
|
|t:|1614334312
|move|p1a: Ouais|Yawn||[still]
|-fail|p1a: Ouais
|cant|p2a: Pyukumuku|slp
|
|-heal|p2a: Pyukumuku|91/100 slp|[from] item: Leftovers
|upkeep
|turn|63
|
|t:|1614334319
|move|p1a: Ouais|Yawn||[still]
|-fail|p1a: Ouais
|cant|p2a: Pyukumuku|slp
|
|-heal|p2a: Pyukumuku|97/100 slp|[from] item: Leftovers
|upkeep
|turn|64
|
|t:|1614334325
|move|p1a: Ouais|Yawn||[still]
|-fail|p1a: Ouais
|-curestatus|p2a: Pyukumuku|slp|[msg]
|move|p2a: Pyukumuku|Toxic|p1a: Ouais
|-status|p1a: Ouais|tox
|
|-heal|p2a: Pyukumuku|100/100|[from] item: Leftovers
|-damage|p1a: Ouais|94/100 tox|[from] psn
|upkeep
|turn|65
|
|t:|1614334333
|move|p1a: Ouais|Hyper Voice|p2a: Pyukumuku
|-damage|p2a: Pyukumuku|77/100
|move|p2a: Pyukumuku|Soak|p1a: Ouais
|-fail|p1a: Ouais
|
|-heal|p1a: Ouais|100/100 tox|[from] item: Leftovers
|-heal|p2a: Pyukumuku|83/100|[from] item: Leftovers
|-damage|p1a: Ouais|88/100 tox|[from] psn
|upkeep
|turn|66
|
|t:|1614334342
|move|p1a: Ouais|Hyper Voice|p2a: Pyukumuku
|-damage|p2a: Pyukumuku|59/100
|move|p2a: Pyukumuku|Soak|p1a: Ouais
|-fail|p1a: Ouais
|
|-heal|p1a: Ouais|94/100 tox|[from] item: Leftovers
|-heal|p2a: Pyukumuku|65/100|[from] item: Leftovers
|-damage|p1a: Ouais|76/100 tox|[from] psn
|upkeep
|turn|67
|
|t:|1614334354
|move|p1a: Ouais|Heal Bell|p1a: Ouais
|-activate|p1a: Ouais|move: Heal Bell
|-curestatus|p1a: Ouais|tox|[msg]
|move|p2a: Pyukumuku|Recover|p2a: Pyukumuku
|-heal|p2a: Pyukumuku|100/100
|
|-heal|p1a: Ouais|82/100|[from] item: Leftovers
|upkeep
|turn|68
|
|t:|1614334363
|move|p1a: Ouais|Hyper Voice|p2a: Pyukumuku
|-crit|p2a: Pyukumuku
|-damage|p2a: Pyukumuku|65/100
|move|p2a: Pyukumuku|Toxic|p1a: Ouais
|-status|p1a: Ouais|tox
|
|-heal|p1a: Ouais|88/100 tox|[from] item: Leftovers
|-heal|p2a: Pyukumuku|72/100|[from] item: Leftovers
|-damage|p1a: Ouais|82/100 tox|[from] psn
|upkeep
|turn|69
|
|t:|1614334377
|move|p1a: Ouais|Yawn|p2a: Pyukumuku
|-start|p2a: Pyukumuku|move: Yawn|[of] p1a: Ouais
|move|p2a: Pyukumuku|Recover|p2a: Pyukumuku
|-heal|p2a: Pyukumuku|100/100
|
|-heal|p1a: Ouais|88/100 tox|[from] item: Leftovers
|-damage|p1a: Ouais|76/100 tox|[from] psn
|upkeep
|turn|70
|
|t:|1614334387
|move|p1a: Ouais|Heal Bell|p1a: Ouais
|-activate|p1a: Ouais|move: Heal Bell
|-curestatus|p1a: Ouais|tox|[msg]
|move|p2a: Pyukumuku|Toxic|p1a: Ouais
|-status|p1a: Ouais|tox
|
|-heal|p1a: Ouais|82/100 tox|[from] item: Leftovers
|-damage|p1a: Ouais|76/100 tox|[from] psn
|-end|p2a: Pyukumuku|move: Yawn|[silent]
|-status|p2a: Pyukumuku|slp
|upkeep
|turn|71
|
|t:|1614334398
|move|p1a: Ouais|Hyper Voice|p2a: Pyukumuku
|-damage|p2a: Pyukumuku|76/100 slp
|cant|p2a: Pyukumuku|slp
|
|-heal|p1a: Ouais|82/100 tox|[from] item: Leftovers
|-heal|p2a: Pyukumuku|82/100 slp|[from] item: Leftovers
|-damage|p1a: Ouais|70/100 tox|[from] psn
|upkeep
|turn|72
|
|t:|1614334406
|move|p1a: Ouais|Hyper Voice|p2a: Pyukumuku
|-damage|p2a: Pyukumuku|61/100 slp
|cant|p2a: Pyukumuku|slp
|
|-heal|p1a: Ouais|76/100 tox|[from] item: Leftovers
|-heal|p2a: Pyukumuku|67/100 slp|[from] item: Leftovers
|-damage|p1a: Ouais|58/100 tox|[from] psn
|upkeep
|turn|73
|
|t:|1614334414
|move|p1a: Ouais|Hyper Voice|p2a: Pyukumuku
|-damage|p2a: Pyukumuku|42/100 slp
|-curestatus|p2a: Pyukumuku|slp|[msg]
|move|p2a: Pyukumuku|Recover|p2a: Pyukumuku
|-heal|p2a: Pyukumuku|92/100
|
|-heal|p1a: Ouais|64/100 tox|[from] item: Leftovers
|-heal|p2a: Pyukumuku|98/100|[from] item: Leftovers
|-damage|p1a: Ouais|40/100 tox|[from] psn
|upkeep
|turn|74
|
|t:|1614334426
|move|p1a: Ouais|Heal Bell|p1a: Ouais
|-activate|p1a: Ouais|move: Heal Bell
|-curestatus|p1a: Ouais|tox|[msg]
|move|p2a: Pyukumuku|Soak|p1a: Ouais
|-fail|p1a: Ouais
|
|-heal|p1a: Ouais|46/100|[from] item: Leftovers
|-heal|p2a: Pyukumuku|100/100|[from] item: Leftovers
|upkeep
|turn|75
|
|t:|1614334435
|move|p1a: Ouais|Yawn|p2a: Pyukumuku
|-start|p2a: Pyukumuku|move: Yawn|[of] p1a: Ouais
|move|p2a: Pyukumuku|Toxic|p1a: Ouais
|-status|p1a: Ouais|tox
|
|-heal|p1a: Ouais|52/100 tox|[from] item: Leftovers
|-damage|p1a: Ouais|46/100 tox|[from] psn
|upkeep
|turn|76
|
|t:|1614334443
|move|p1a: Ouais|Wish|p1a: Ouais
|move|p2a: Pyukumuku|Toxic|p1a: Ouais
|-fail|p1a: Ouais|tox
|
|-heal|p1a: Ouais|52/100 tox|[from] item: Leftovers
|-damage|p1a: Ouais|40/100 tox|[from] psn
|-end|p2a: Pyukumuku|move: Yawn|[silent]
|-status|p2a: Pyukumuku|slp
|upkeep
|turn|77
|
|t:|1614334451
|move|p1a: Ouais|Hyper Voice|p2a: Pyukumuku
|-damage|p2a: Pyukumuku|79/100 slp
|cant|p2a: Pyukumuku|slp
|
|-heal|p1a: Ouais|90/100 tox|[from] move: Wish|[wisher] Ouais
|-heal|p1a: Ouais|96/100 tox|[from] item: Leftovers
|-heal|p2a: Pyukumuku|85/100 slp|[from] item: Leftovers
|-damage|p1a: Ouais|77/100 tox|[from] psn
|upkeep
|turn|78
|
|t:|1614334462
|move|p1a: Ouais|Hyper Voice|p2a: Pyukumuku
|-damage|p2a: Pyukumuku|62/100 slp
|-curestatus|p2a: Pyukumuku|slp|[msg]
|move|p2a: Pyukumuku|Soak|p1a: Ouais
|-fail|p1a: Ouais
|
|-heal|p1a: Ouais|83/100 tox|[from] item: Leftovers
|-heal|p2a: Pyukumuku|68/100|[from] item: Leftovers
|-damage|p1a: Ouais|59/100 tox|[from] psn
|upkeep
|turn|79
|
|t:|1614334473
|move|p1a: Ouais|Hyper Voice|p2a: Pyukumuku
|-damage|p2a: Pyukumuku|43/100
|move|p2a: Pyukumuku|Toxic|p1a: Ouais
|-fail|p1a: Ouais|tox
|
|-heal|p1a: Ouais|65/100 tox|[from] item: Leftovers
|-heal|p2a: Pyukumuku|50/100|[from] item: Leftovers
|-damage|p1a: Ouais|35/100 tox|[from] psn
|upkeep
|turn|80
|
|t:|1614334482
|move|p1a: Ouais|Yawn|p2a: Pyukumuku
|-start|p2a: Pyukumuku|move: Yawn|[of] p1a: Ouais
|move|p2a: Pyukumuku|Recover|p2a: Pyukumuku
|-heal|p2a: Pyukumuku|99/100
|
|-heal|p1a: Ouais|41/100 tox|[from] item: Leftovers
|-heal|p2a: Pyukumuku|100/100|[from] item: Leftovers
|-damage|p1a: Ouais|4/100 tox|[from] psn
|upkeep
|turn|81
|
|t:|1614334503
|move|p1a: Ouais|Heal Bell|p1a: Ouais
|-activate|p1a: Ouais|move: Heal Bell
|-curestatus|p1a: Ouais|tox|[msg]
|move|p2a: Pyukumuku|Toxic|p1a: Ouais|[miss]
|-miss|p2a: Pyukumuku|p1a: Ouais
|
|-heal|p1a: Ouais|10/100|[from] item: Leftovers
|-end|p2a: Pyukumuku|move: Yawn|[silent]
|-status|p2a: Pyukumuku|slp
|upkeep
|turn|82
|
|t:|1614334513
|move|p1a: Ouais|Wish|p1a: Ouais
|cant|p2a: Pyukumuku|slp
|
|-heal|p1a: Ouais|16/100|[from] item: Leftovers
|upkeep
|turn|83
|
|t:|1614334520
|move|p1a: Ouais|Wish||[still]
|-fail|p1a: Ouais
|cant|p2a: Pyukumuku|slp
|
|-heal|p1a: Ouais|66/100|[from] move: Wish|[wisher] Ouais
|-heal|p1a: Ouais|73/100|[from] item: Leftovers
|upkeep
|turn|84
|
|t:|1614334527
|move|p1a: Ouais|Wish|p1a: Ouais
|cant|p2a: Pyukumuku|slp
|
|-heal|p1a: Ouais|79/100|[from] item: Leftovers
|upkeep
|turn|85
|
|t:|1614334532
|move|p1a: Ouais|Yawn||[still]
|-fail|p1a: Ouais
|-curestatus|p2a: Pyukumuku|slp|[msg]
|move|p2a: Pyukumuku|Toxic|p1a: Ouais
|-status|p1a: Ouais|tox
|
|-heal|p1a: Ouais|100/100 tox|[from] move: Wish|[wisher] Ouais
|-damage|p1a: Ouais|94/100 tox|[from] psn
|upkeep
|turn|86
|c|☆EliotEnRetar|you're realy enjoying pokemon rn ?
|c|☆EliotEnRetar|like its fun
|
|t:|1614334556
|move|p1a: Ouais|Wish|p1a: Ouais
|move|p2a: Pyukumuku|Soak|p1a: Ouais
|-fail|p1a: Ouais
|
|-heal|p1a: Ouais|100/100 tox|[from] item: Leftovers
|-damage|p1a: Ouais|88/100 tox|[from] psn
|upkeep
|turn|87
|
|t:|1614334563
|move|p1a: Ouais|Heal Bell|p1a: Ouais
|-activate|p1a: Ouais|move: Heal Bell
|-curestatus|p1a: Ouais|tox|[msg]
|move|p2a: Pyukumuku|Soak|p1a: Ouais
|-fail|p1a: Ouais
|
|-heal|p1a: Ouais|100/100|[from] move: Wish|[wisher] Ouais
|upkeep
|turn|88
|
|t:|1614334574
|move|p1a: Ouais|Yawn|p2a: Pyukumuku
|-start|p2a: Pyukumuku|move: Yawn|[of] p1a: Ouais
|move|p2a: Pyukumuku|Toxic|p1a: Ouais
|-status|p1a: Ouais|tox
|
|-damage|p1a: Ouais|94/100 tox|[from] psn
|upkeep
|turn|89
|
|t:|1614334586
|move|p1a: Ouais|Wish|p1a: Ouais
|move|p2a: Pyukumuku|Soak|p1a: Ouais
|-fail|p1a: Ouais
|
|-heal|p1a: Ouais|100/100 tox|[from] item: Leftovers
|-damage|p1a: Ouais|88/100 tox|[from] psn
|-end|p2a: Pyukumuku|move: Yawn|[silent]
|-status|p2a: Pyukumuku|slp
|upkeep
|turn|90
|c|☆Pudistor Black|Le StAlL C'eSt PaS Du JeU
|inactive|Battle timer is ON: inactive players will automatically lose when time's up. (requested by EliotEnRetar)
|
|t:|1614334595
|move|p1a: Ouais|Wish||[still]
|-fail|p1a: Ouais
|cant|p2a: Pyukumuku|slp
|
|-heal|p1a: Ouais|100/100 tox|[from] move: Wish|[wisher] Ouais
|-damage|p1a: Ouais|82/100 tox|[from] psn
|upkeep
|turn|91
|
|t:|1614334604
|move|p1a: Ouais|Wish|p1a: Ouais
|cant|p2a: Pyukumuku|slp
|
|-heal|p1a: Ouais|88/100 tox|[from] item: Leftovers
|-damage|p1a: Ouais|64/100 tox|[from] psn
|upkeep
|turn|92
|c|☆EliotEnRetar|bah oui gros fdp
|c|☆Pudistor Black|Encore
|c|☆EliotEnRetar|la grosse chatte à ta mère
|c|☆Pudistor Black|Ouiiii
|c|☆Pudistor Black|Insulte moi
|inactive|EliotEnRetar has 120 seconds left.
|c|☆EliotEnRetar|t'as juste chatter comme un connard
|
|t:|1614334639
|move|p1a: Ouais|Yawn||[still]
|-fail|p1a: Ouais
|-curestatus|p2a: Pyukumuku|slp|[msg]
|move|p2a: Pyukumuku|Soak|p1a: Ouais
|-fail|p1a: Ouais
|
|-heal|p1a: Ouais|100/100 tox|[from] move: Wish|[wisher] Ouais
|-damage|p1a: Ouais|70/100 tox|[from] psn
|upkeep
|turn|93
|c|☆Pudistor Black|Encore stp
|
|t:|1614334655
|move|p1a: Ouais|Yawn|p2a: Pyukumuku
|-start|p2a: Pyukumuku|move: Yawn|[of] p1a: Ouais
|move|p2a: Pyukumuku|Soak|p1a: Ouais
|-fail|p1a: Ouais
|
|-heal|p1a: Ouais|76/100 tox|[from] item: Leftovers
|-damage|p1a: Ouais|40/100 tox|[from] psn
|upkeep
|turn|94
|
|t:|1614334668
|switch|p2a: Sylveon|Sylveon, M|76/100
|-damage|p2a: Sylveon|64/100|[from] Stealth Rock
|move|p1a: Ouais|Yawn|p2a: Sylveon
|-start|p2a: Sylveon|move: Yawn|[of] p1a: Ouais
|
|-heal|p1a: Ouais|46/100 tox|[from] item: Leftovers
|-damage|p1a: Ouais|3/100 tox|[from] psn
|upkeep
|turn|95
|
|t:|1614334686
|switch|p2a: Skarmory|Skarmory, M|95/100
|-damage|p2a: Skarmory|83/100|[from] Stealth Rock
|switch|p1a: Schlass|Scizor, M|77/100
|
|upkeep
|turn|96
|
|t:|1614334698
|move|p1a: Schlass|U-turn|p2a: Skarmory
|-resisted|p2a: Skarmory
|-damage|p2a: Skarmory|77/100
|
|t:|1614334700
|switch|p1a: CauetBurger|Rotom-Wash|42/100|[from]move: U-turn
|move|p2a: Skarmory|Spikes|p1a: CauetBurger
|-sidestart|p1: EliotEnRetar|Spikes
|
|-heal|p1a: CauetBurger|48/100|[from] item: Leftovers
|upkeep
|turn|97
|
|t:|1614334708
|switch|p2a: Amoonguss|Amoonguss, F|100/100
|-damage|p2a: Amoonguss|88/100|[from] Stealth Rock
|move|p1a: CauetBurger|Defog|p2a: Amoonguss
|-unboost|p2a: Amoonguss|evasion|1
|-sideend|p2: Pudistor Black|Stealth Rock|[from] move: Defog|[of] p1a: CauetBurger
|-sideend|p1: EliotEnRetar|Spikes|[from] move: Defog|[of] p1a: CauetBurger
|
|-heal|p1a: CauetBurger|54/100|[from] item: Leftovers
|upkeep
|turn|98
|
|t:|1614334721
|move|p1a: CauetBurger|Volt Switch|p2a: Amoonguss
|-resisted|p2a: Amoonguss
|-damage|p2a: Amoonguss|75/100
|
|t:|1614334725
|switch|p1a: BizouJeManvol|Talonflame, M|72/100|[from]move: Volt Switch
|move|p2a: Amoonguss|Spore|p1a: BizouJeManvol
|-status|p1a: BizouJeManvol|slp|[from] move: Spore
|
|upkeep
|turn|99
|
|t:|1614334737
|switch|p1a: Ouais|Sylveon, M|3/100 tox
|move|p2a: Amoonguss|Foul Play|p1a: Ouais
|-resisted|p1a: Ouais
|-damage|p1a: Ouais|0 fnt
|faint|p1a: Ouais
|
|upkeep
|inactive|EliotEnRetar has 90 seconds left.
|
|t:|1614334749
|switch|p1a: Schlass|Scizor, M|77/100
|turn|100
|
|t:|1614334756
|switch|p2a: Skarmory|Skarmory, M|77/100
|move|p1a: Schlass|Dual Wingbeat|p2a: Skarmory
|-resisted|p2a: Skarmory
|-damage|p2a: Skarmory|70/100
|-resisted|p2a: Skarmory
|-damage|p2a: Skarmory|63/100
|-hitcount|p2a: Skarmory|2
|
|upkeep
|turn|101
|
|t:|1614334769
|move|p1a: Schlass|U-turn|p2a: Skarmory
|-resisted|p2a: Skarmory
|-damage|p2a: Skarmory|58/100
|
|t:|1614334772
|switch|p1a: CauetBurger|Rotom-Wash|54/100|[from]move: U-turn
|move|p2a: Skarmory|Spikes|p1a: CauetBurger
|-sidestart|p1: EliotEnRetar|Spikes
|
|-heal|p1a: CauetBurger|60/100|[from] item: Leftovers
|upkeep
|turn|102
|
|t:|1614334785
|switch|p2a: Sylveon|Sylveon, M|64/100
|move|p1a: CauetBurger|Defog|p2a: Sylveon
|-unboost|p2a: Sylveon|evasion|1
|-sideend|p1: EliotEnRetar|Spikes|[from] move: Defog|[of] p1a: CauetBurger
|
|-heal|p1a: CauetBurger|67/100|[from] item: Leftovers
|upkeep
|turn|103
|
|t:|1614334794
|move|p1a: CauetBurger|Volt Switch|p2a: Sylveon
|-damage|p2a: Sylveon|50/100
|
|t:|1614334797
|switch|p1a: Schlass|Scizor, M|77/100|[from]move: Volt Switch
|move|p2a: Sylveon|Wish|p2a: Sylveon
|
|upkeep
|turn|104
|
|t:|1614334804
|move|p2a: Sylveon|Protect|p2a: Sylveon
|-singleturn|p2a: Sylveon|Protect
|move|p1a: Schlass|U-turn|p2a: Sylveon
|-activate|p2a: Sylveon|move: Protect
|
|-heal|p2a: Sylveon|99/100|[from] move: Wish|[wisher] Sylveon
|upkeep
|turn|105
|
|t:|1614334816
|switch|p2a: Skarmory|Skarmory, M|58/100
|move|p1a: Schlass|Bullet Punch|p2a: Skarmory
|-resisted|p2a: Skarmory
|-damage|p2a: Skarmory|46/100
|
|upkeep
|turn|106
|
|t:|1614334823
|move|p1a: Schlass|U-turn|p2a: Skarmory
|-resisted|p2a: Skarmory
|-damage|p2a: Skarmory|40/100
|
|t:|1614334826
|switch|p1a: CauetBurger|Rotom-Wash|67/100|[from]move: U-turn
|move|p2a: Skarmory|Roost|p2a: Skarmory
|-heal|p2a: Skarmory|90/100
|-singleturn|p2a: Skarmory|move: Roost
|
|-heal|p1a: CauetBurger|73/100|[from] item: Leftovers
|upkeep
|turn|107
|j| Supra652
|l| Supra652
|
|t:|1614334838
|switch|p2a: Amoonguss|Amoonguss, F|100/100
|move|p1a: CauetBurger|Volt Switch|p2a: Amoonguss
|-resisted|p2a: Amoonguss
|-damage|p2a: Amoonguss|88/100
|
|t:|1614334844
|switch|p1a: Schlass|Scizor, M|77/100|[from]move: Volt Switch
|
|upkeep
|turn|108
|
|t:|1614334853
|move|p1a: Schlass|U-turn|p2a: Amoonguss
|-damage|p2a: Amoonguss|60/100
|-damage|p1a: Schlass|61/100|[from] item: Rocky Helmet|[of] p2a: Amoonguss
|
|t:|1614334857
|switch|p1a: BizouJeManvol|Talonflame, M|72/100 slp|[from]move: U-turn
|move|p2a: Amoonguss|Giga Drain|p1a: BizouJeManvol
|-resisted|p1a: BizouJeManvol
|-crit|p1a: BizouJeManvol
|-damage|p1a: BizouJeManvol|58/100 slp
|-heal|p2a: Amoonguss|65/100|[from] drain|[of] p1a: BizouJeManvol
|
|upkeep
|turn|109
|
|t:|1614334865
|cant|p1a: BizouJeManvol|slp
|move|p2a: Amoonguss|Foul Play|p1a: BizouJeManvol
|-damage|p1a: BizouJeManvol|21/100 slp
|
|upkeep
|turn|110
|
|t:|1614334871
|cant|p1a: BizouJeManvol|slp
|move|p2a: Amoonguss|Foul Play|p1a: BizouJeManvol
|-damage|p1a: BizouJeManvol|0 fnt
|faint|p1a: BizouJeManvol
|
|upkeep
|inactive|EliotEnRetar has 120 seconds left.
|
|t:|1614334876
|switch|p1a: Schlass|Scizor, M|61/100
|turn|111
|inactive|EliotEnRetar has 120 seconds left.
|
|t:|1614334887
|move|p1a: Schlass|U-turn|p2a: Amoonguss
|-damage|p2a: Amoonguss|34/100
|-damage|p1a: Schlass|44/100|[from] item: Rocky Helmet|[of] p2a: Amoonguss
|
|t:|1614334891
|switch|p1a: CauetBurger|Rotom-Wash|73/100|[from]move: U-turn
|move|p2a: Amoonguss|Spore|p1a: CauetBurger
|-status|p1a: CauetBurger|slp|[from] move: Spore
|
|-heal|p1a: CauetBurger|79/100 slp|[from] item: Leftovers
|upkeep
|turn|112
|inactive|EliotEnRetar has 120 seconds left.
|
|t:|1614334899
|switch|p1a: Schlass|Scizor, M|44/100
|move|p2a: Amoonguss|Giga Drain|p1a: Schlass
|-resisted|p1a: Schlass
|-damage|p1a: Schlass|37/100
|-heal|p2a: Amoonguss|37/100|[from] drain|[of] p1a: Schlass
|
|upkeep
|turn|113
|inactive|EliotEnRetar has 120 seconds left.
|
|t:|1614334909
|switch|p2a: Skarmory|Skarmory, M|90/100
|move|p1a: Schlass|U-turn|p2a: Skarmory
|-resisted|p2a: Skarmory
|-damage|p2a: Skarmory|84/100
|inactive|EliotEnRetar has 120 seconds left.
|
|t:|1614334914
|switch|p1a: Porygon-NUBL|Porygon-Z|3/100|[from]move: U-turn
|
|-heal|p1a: Porygon-NUBL|9/100|[from] item: Leftovers
|upkeep
|turn|114
|inactive|EliotEnRetar has 120 seconds left.
|
|t:|1614334923
|switch|p2a: Sylveon|Sylveon, M|99/100
|move|p1a: Porygon-NUBL|Thunderbolt|p2a: Sylveon
|-damage|p2a: Sylveon|83/100
|
|-heal|p1a: Porygon-NUBL|15/100|[from] item: Leftovers
|upkeep
|turn|115
|inactive|EliotEnRetar has 120 seconds left.
|
|t:|1614334930
|switch|p1a: Schlass|Scizor, M|37/100
|move|p2a: Sylveon|Hyper Voice|p1a: Schlass
|-resisted|p1a: Schlass
|-damage|p1a: Schlass|11/100
|
|upkeep
|turn|116
|inactive|EliotEnRetar has 120 seconds left.
|
|t:|1614334938
|switch|p1a: Porygon-NUBL|Porygon-Z|15/100
|move|p2a: Sylveon|Protect||[still]
|-fail|p2a: Sylveon
|
|-heal|p1a: Porygon-NUBL|21/100|[from] item: Leftovers
|upkeep
|turn|117
|inactive|EliotEnRetar has 120 seconds left.
|
|t:|1614334950
|move|p1a: Porygon-NUBL|Tri Attack|p2a: Sylveon
|-damage|p2a: Sylveon|51/100
|move|p2a: Sylveon|Hyper Voice|p1a: Porygon-NUBL
|-damage|p1a: Porygon-NUBL|0 fnt
|faint|p1a: Porygon-NUBL
|
|upkeep
|
|t:|1614334956
|switch|p1a: Schlass|Scizor, M|11/100
|turn|118
|
|t:|1614334961
|move|p2a: Sylveon|Protect|p2a: Sylveon
|-singleturn|p2a: Sylveon|Protect
|move|p1a: Schlass|Bullet Punch|p2a: Sylveon
|-activate|p2a: Sylveon|move: Protect
|
|upkeep
|turn|119
|inactive|EliotEnRetar has 120 seconds left.
|
|t:|1614334968
|switch|p2a: Skarmory|Skarmory, M|84/100
|move|p1a: Schlass|Bullet Punch|p2a: Skarmory
|-resisted|p2a: Skarmory
|-damage|p2a: Skarmory|71/100
|
|upkeep
|turn|120
|inactive|EliotEnRetar has 120 seconds left.
|
|t:|1614334975
|move|p1a: Schlass|Swords Dance|p1a: Schlass
|-boost|p1a: Schlass|atk|2
|move|p2a: Skarmory|Spikes|p1a: Schlass
|-sidestart|p1: EliotEnRetar|Spikes
|
|upkeep
|turn|121
|inactive|EliotEnRetar has 120 seconds left.
|
|t:|1614334981
|move|p1a: Schlass|Dual Wingbeat|p2a: Skarmory
|-resisted|p2a: Skarmory
|-damage|p2a: Skarmory|57/100
|-resisted|p2a: Skarmory
|-damage|p2a: Skarmory|43/100
|-hitcount|p2a: Skarmory|2
|move|p2a: Skarmory|Whirlwind|p1a: Schlass
|drag|p1a: CauetBurger|Rotom-Wash|79/100 slp
|
|-heal|p1a: CauetBurger|85/100 slp|[from] item: Leftovers
|upkeep
|turn|122
|inactive|EliotEnRetar has 120 seconds left.
|
|t:|1614334992
|switch|p2a: Amoonguss|Amoonguss, F|70/100
|cant|p1a: CauetBurger|slp
|
|-heal|p1a: CauetBurger|92/100 slp|[from] item: Leftovers
|upkeep
|turn|123
|
|t:|1614335004
|-curestatus|p1a: CauetBurger|slp|[msg]
|move|p1a: CauetBurger|Defog|p2a: Amoonguss
|-unboost|p2a: Amoonguss|evasion|1
|-sideend|p1: EliotEnRetar|Spikes|[from] move: Defog|[of] p1a: CauetBurger
|move|p2a: Amoonguss|Giga Drain|p1a: CauetBurger
|-supereffective|p1a: CauetBurger
|-damage|p1a: CauetBurger|44/100
|-heal|p2a: Amoonguss|87/100|[from] drain|[of] p1a: CauetBurger
|
|-heal|p1a: CauetBurger|50/100|[from] item: Leftovers
|upkeep
|turn|124
|
|t:|1614335016
|move|p1a: CauetBurger|Volt Switch|p2a: Amoonguss
|-resisted|p2a: Amoonguss
|-damage|p2a: Amoonguss|76/100
|-message|EliotEnRetar forfeited.
|
|win|Pudistor Black
|l|☆EliotEnRetar
|raw|EliotEnRetar's rating: 1536 &rarr; <strong>1504</strong><br />(-32 for losing)
|raw|Pudistor Black's rating: 1285 &rarr; <strong>1325</strong><br />(+40 for winning)
