|j|☆chopthatwood99
|j|☆Low Ladder Terror
|t:|1605077391
|player|p1|chopthatwood99|blaine|
|player|p2|Low Ladder Terror|iris-gen5bw2|
|teamsize|p1|6
|teamsize|p2|6
|gametype|singles
|gen|8
|tier|[Gen 8] UU
|rated|Tournament battle
|clearpoke
|poke|p1|Aegislash, F|
|poke|p1|Bisharp, M|
|poke|p1|Conkeldurr, F|
|poke|p1|Flygon, M|
|poke|p1|Kyurem|
|poke|p1|Jirachi|
|poke|p2|Raikou|
|poke|p2|Tapu Bulu|
|poke|p2|Gardevoir, F|
|poke|p2|Volcanion|
|poke|p2|Krookodile, F|
|poke|p2|Scizor, F|
|rule|Sleep Clause Mod: Limit one foe put to sleep
|rule|Species Clause: Limit one of each Pokémon
|rule|OHKO Clause: OHKO moves are banned
|rule|Evasion Moves Clause: Evasion moves are banned
|rule|Endless Battle Clause: Forcing endless battles is banned
|rule|HP Percentage Mod: HP is shown in percentages
|rule|Dynamax Clause: You cannot dynamax
|teampreview
|c|☆chopthatwood99|hf
|inactive|Battle timer is ON: inactive players will automatically lose when time's up. (requested by Low Ladder Terror)
|j|+ThatTheDamned
|
|t:|1605077424
|start
|switch|p1a: Kyurem|Kyurem|100/100
|switch|p2a: Krookodile|Krookodile, F|100/100
|-ability|p2a: Krookodile|Intimidate|boost
|-unboost|p1a: Kyurem|atk|1
|-ability|p1a: Kyurem|Pressure
|turn|1
|
|t:|1605077443
|switch|p2a: Volcanion|Volcanion|100/100
|move|p1a: Kyurem|Freeze-Dry|p2a: Volcanion
|-damage|p2a: Volcanion|36/100
|
|upkeep
|turn|2
|
|t:|1605077452
|switch|p2a: Scizor|Scizor, F|100/100
|move|p1a: Kyurem|Freeze-Dry|p2a: Scizor
|-resisted|p2a: Scizor
|-damage|p2a: Scizor|62/100
|
|upkeep
|turn|3
|
|t:|1605077457
|switch|p1a: Aegislash|Aegislash, F|100/100
|move|p2a: Scizor|U-turn|p1a: Aegislash
|-resisted|p1a: Aegislash
|-damage|p1a: Aegislash|92/100
|
|t:|1605077460
|switch|p2a: Krookodile|Krookodile, F|100/100|[from]move: U-turn
|-ability|p2a: Krookodile|Intimidate|boost
|-unboost|p1a: Aegislash|atk|1
|
|-heal|p1a: Aegislash|98/100|[from] item: Leftovers
|upkeep
|turn|4
|
|t:|1605077466
|move|p1a: Aegislash|King's Shield|p1a: Aegislash
|-singleturn|p1a: Aegislash|Protect
|move|p2a: Krookodile|Stealth Rock|p1a: Aegislash
|-sidestart|p1: chopthatwood99|move: Stealth Rock
|
|-heal|p1a: Aegislash|100/100|[from] item: Leftovers
|upkeep
|turn|5
|
|t:|1605077473
|switch|p1a: Flygon|Flygon, M|100/100
|-damage|p1a: Flygon|95/100|[from] Stealth Rock
|move|p2a: Krookodile|Knock Off|p1a: Flygon
|-damage|p1a: Flygon|28/100
|-enditem|p1a: Flygon|Life Orb|[from] move: Knock Off|[of] p2a: Krookodile
|
|upkeep
|turn|6
|
|t:|1605077484
|switch|p2a: Gardevoir|Gardevoir, F|100/100
|-ability|p2a: Gardevoir|Levitate|[from] ability: Trace|[of] p1a: Flygon
|move|p1a: Flygon|Roost|p1a: Flygon
|-heal|p1a: Flygon|78/100
|-singleturn|p1a: Flygon|move: Roost
|
|upkeep
|turn|7
|
|t:|1605077492
|switch|p1a: Aegislash|Aegislash, F|100/100
|-damage|p1a: Aegislash|94/100|[from] Stealth Rock
|move|p2a: Gardevoir|Moonblast|p1a: Aegislash
|-resisted|p1a: Aegislash
|-damage|p1a: Aegislash|75/100
|
|-heal|p1a: Aegislash|82/100|[from] item: Leftovers
|upkeep
|turn|8
|
|t:|1605077502
|switch|p2a: Krookodile|Krookodile, F|100/100
|-ability|p2a: Krookodile|Intimidate|boost
|-unboost|p1a: Aegislash|atk|1
|move|p1a: Aegislash|Substitute|p1a: Aegislash
|-start|p1a: Aegislash|Substitute
|-damage|p1a: Aegislash|57/100
|
|-heal|p1a: Aegislash|63/100|[from] item: Leftovers
|upkeep
|turn|9
|
|t:|1605077507
|move|p2a: Krookodile|Taunt|p1a: Aegislash
|-start|p1a: Aegislash|move: Taunt
|cant|p1a: Aegislash|move: Taunt|Toxic
|
|-heal|p1a: Aegislash|69/100|[from] item: Leftovers
|upkeep
|turn|10
|
|t:|1605077515
|move|p2a: Krookodile|Knock Off|p1a: Aegislash
|-supereffective|p1a: Aegislash
|-end|p1a: Aegislash|Substitute
|-formechange|p1a: Aegislash|Aegislash-Blade||[from] ability: Stance Change
|move|p1a: Aegislash|Shadow Ball|p2a: Krookodile
|-resisted|p2a: Krookodile
|-damage|p2a: Krookodile|65/100
|-unboost|p2a: Krookodile|spd|1
|
|-heal|p1a: Aegislash|75/100|[from] item: Leftovers
|upkeep
|turn|11
|
|t:|1605077527
|switch|p1a: Flygon|Flygon, M|78/100
|-damage|p1a: Flygon|72/100|[from] Stealth Rock
|move|p2a: Krookodile|Knock Off|p1a: Flygon
|-damage|p1a: Flygon|26/100
|
|upkeep
|turn|12
|
|t:|1605077536
|switch|p2a: Tapu Bulu|Tapu Bulu, shiny|100/100
|-fieldstart|move: Grassy Terrain|[from] ability: Grassy Surge|[of] p2a: Tapu Bulu
|move|p1a: Flygon|Roost|p1a: Flygon
|-heal|p1a: Flygon|76/100
|-singleturn|p1a: Flygon|move: Roost
|
|upkeep
|turn|13
|
|t:|1605077544
|switch|p1a: Bisharp|Bisharp, M|100/100
|-damage|p1a: Bisharp|95/100|[from] Stealth Rock
|move|p2a: Tapu Bulu|Darkest Lariat|p1a: Bisharp
|-resisted|p1a: Bisharp
|-damage|p1a: Bisharp|76/100
|
|-heal|p1a: Bisharp|82/100|[from] Grassy Terrain
|upkeep
|turn|14
|
|t:|1605077549
|move|p2a: Tapu Bulu|Close Combat|p1a: Bisharp
|-supereffective|p1a: Bisharp
|-damage|p1a: Bisharp|0 fnt
|-unboost|p2a: Tapu Bulu|def|1
|-unboost|p2a: Tapu Bulu|spd|1
|faint|p1a: Bisharp
|
|upkeep
|
|t:|1605077555
|switch|p1a: Kyurem|Kyurem|100/100
|-damage|p1a: Kyurem|76/100|[from] Stealth Rock
|-ability|p1a: Kyurem|Pressure
|turn|15
|
|t:|1605077563
|switch|p2a: Volcanion|Volcanion|36/100
|move|p1a: Kyurem|Freeze-Dry|p2a: Volcanion
|-damage|p2a: Volcanion|0 fnt
|faint|p2a: Volcanion
|
|-heal|p1a: Kyurem|82/100|[from] Grassy Terrain
|upkeep
|
|t:|1605077569
|switch|p2a: Scizor|Scizor, F|62/100
|turn|16
|
|t:|1605077573
|switch|p1a: Aegislash|Aegislash, F|75/100
|-damage|p1a: Aegislash|69/100|[from] Stealth Rock
|move|p2a: Scizor|Bullet Punch|p1a: Aegislash
|-resisted|p1a: Aegislash
|-damage|p1a: Aegislash|54/100
|
|-heal|p2a: Scizor|68/100|[from] Grassy Terrain
|-heal|p1a: Aegislash|60/100|[from] item: Leftovers
|-heal|p1a: Aegislash|67/100|[from] Grassy Terrain
|-fieldend|move: Grassy Terrain
|upkeep
|turn|17
|
|t:|1605077578
|move|p2a: Scizor|U-turn|p1a: Aegislash
|-resisted|p1a: Aegislash
|-damage|p1a: Aegislash|59/100
|
|t:|1605077584
|switch|p2a: Krookodile|Krookodile, F|65/100|[from]move: U-turn
|-ability|p2a: Krookodile|Intimidate|boost
|-unboost|p1a: Aegislash|atk|1
|-formechange|p1a: Aegislash|Aegislash-Blade||[from] ability: Stance Change
|move|p1a: Aegislash|Shadow Ball|p2a: Krookodile
|-resisted|p2a: Krookodile
|-damage|p2a: Krookodile|33/100
|
|-heal|p1a: Aegislash|65/100|[from] item: Leftovers
|upkeep
|turn|18
|
|t:|1605077592
|-formechange|p1a: Aegislash|Aegislash||[from] ability: Stance Change
|move|p1a: Aegislash|King's Shield|p1a: Aegislash
|-singleturn|p1a: Aegislash|Protect
|move|p2a: Krookodile|Knock Off|p1a: Aegislash
|-activate|p1a: Aegislash|move: Protect
|-unboost|p2a: Krookodile|atk|1
|
|-heal|p1a: Aegislash|71/100|[from] item: Leftovers
|upkeep
|turn|19
|
|t:|1605077596
|switch|p1a: Flygon|Flygon, M|76/100
|-damage|p1a: Flygon|70/100|[from] Stealth Rock
|move|p2a: Krookodile|Knock Off|p1a: Flygon
|-damage|p1a: Flygon|42/100
|
|upkeep
|turn|20
|
|t:|1605077604
|switch|p2a: Tapu Bulu|Tapu Bulu, shiny|100/100
|-fieldstart|move: Grassy Terrain|[from] ability: Grassy Surge|[of] p2a: Tapu Bulu
|move|p1a: Flygon|Fire Blast|p2a: Tapu Bulu
|-supereffective|p2a: Tapu Bulu
|-damage|p2a: Tapu Bulu|32/100
|
|-heal|p2a: Tapu Bulu|38/100|[from] item: Leftovers
|-heal|p2a: Tapu Bulu|44/100|[from] Grassy Terrain
|upkeep
|turn|21
|
|t:|1605077613
|switch|p2a: Gardevoir|Gardevoir, F|100/100
|-ability|p2a: Gardevoir|Levitate|[from] ability: Trace|[of] p1a: Flygon
|move|p1a: Flygon|Fire Blast|p2a: Gardevoir
|-damage|p2a: Gardevoir|70/100
|-status|p2a: Gardevoir|brn
|
|-damage|p2a: Gardevoir|64/100 brn|[from] brn
|upkeep
|turn|22
|
|t:|1605077624
|switch|p2a: Krookodile|Krookodile, F|33/100
|-ability|p2a: Krookodile|Intimidate|boost
|-unboost|p1a: Flygon|atk|1
|switch|p1a: Jirachi|Jirachi|100/100
|-damage|p1a: Jirachi|94/100|[from] Stealth Rock
|
|-heal|p1a: Jirachi|100/100|[from] Grassy Terrain
|-heal|p2a: Krookodile|39/100|[from] Grassy Terrain
|upkeep
|turn|23
|
|t:|1605077634
|move|p1a: Jirachi|U-turn|p2a: Krookodile
|-supereffective|p2a: Krookodile
|-damage|p2a: Krookodile|0 fnt
|-damage|p1a: Jirachi|84/100|[from] item: Rocky Helmet|[of] p2a: Krookodile
|faint|p2a: Krookodile
|
|t:|1605077639
|switch|p1a: Conkeldurr|Conkeldurr, F|100/100|[from]move: U-turn
|-damage|p1a: Conkeldurr|95/100|[from] Stealth Rock
|
|-heal|p1a: Conkeldurr|100/100|[from] Grassy Terrain
|-status|p1a: Conkeldurr|brn|[from] item: Flame Orb
|upkeep
|
|t:|1605077644
|switch|p2a: Gardevoir|Gardevoir, F|64/100 brn
|-ability|p2a: Gardevoir|Guts|[from] ability: Trace|[of] p1a: Conkeldurr
|turn|24
|
|t:|1605077654
|switch|p1a: Jirachi|Jirachi|84/100
|-damage|p1a: Jirachi|78/100|[from] Stealth Rock
|move|p2a: Gardevoir|Moonblast|p1a: Jirachi
|-resisted|p1a: Jirachi
|-damage|p1a: Jirachi|52/100
|
|-heal|p1a: Jirachi|58/100|[from] Grassy Terrain
|-heal|p2a: Gardevoir|70/100 brn|[from] Grassy Terrain
|-fieldend|move: Grassy Terrain
|-damage|p2a: Gardevoir|64/100 brn|[from] brn
|upkeep
|turn|25
|
|t:|1605077664
|switch|p2a: Raikou|Raikou, shiny|100/100
|-ability|p2a: Raikou|Pressure
|move|p1a: Jirachi|Wish|p1a: Jirachi
|
|upkeep
|turn|26
|
|t:|1605077682
|switch|p1a: Conkeldurr|Conkeldurr, F|100/100 brn
|-damage|p1a: Conkeldurr|95/100 brn|[from] Stealth Rock
|move|p2a: Raikou|Scald|p1a: Conkeldurr
|-crit|p1a: Conkeldurr
|-damage|p1a: Conkeldurr|40/100 brn
|
|-heal|p1a: Conkeldurr|89/100 brn|[from] move: Wish|[wisher] Jirachi
|-damage|p1a: Conkeldurr|83/100 brn|[from] brn
|upkeep
|turn|27
|
|t:|1605077687
|move|p2a: Raikou|Substitute|p2a: Raikou
|-start|p2a: Raikou|Substitute
|-damage|p2a: Raikou|76/100
|move|p1a: Conkeldurr|Close Combat|p2a: Raikou
|-end|p2a: Raikou|Substitute
|-unboost|p1a: Conkeldurr|def|1
|-unboost|p1a: Conkeldurr|spd|1
|
|-heal|p2a: Raikou|82/100|[from] item: Leftovers
|-damage|p1a: Conkeldurr|77/100 brn|[from] brn
|upkeep
|turn|28
|
|t:|1605077694
|move|p1a: Conkeldurr|Mach Punch|p2a: Raikou
|-damage|p2a: Raikou|33/100
|move|p2a: Raikou|Thunderbolt|p1a: Conkeldurr
|-damage|p1a: Conkeldurr|0 fnt
|faint|p1a: Conkeldurr
|
|-heal|p2a: Raikou|39/100|[from] item: Leftovers
|upkeep
|
|t:|1605077707
|switch|p1a: Jirachi|Jirachi|58/100
|-damage|p1a: Jirachi|52/100|[from] Stealth Rock
|turn|29
|
|t:|1605077726
|move|p1a: Jirachi|U-turn|p2a: Raikou
|-damage|p2a: Raikou|11/100
|
|t:|1605077728
|switch|p1a: Flygon|Flygon, M|42/100|[from]move: U-turn
|-damage|p1a: Flygon|36/100|[from] Stealth Rock
|move|p2a: Raikou|Calm Mind|p2a: Raikou
|-boost|p2a: Raikou|spa|1
|-boost|p2a: Raikou|spd|1
|
|-heal|p2a: Raikou|18/100|[from] item: Leftovers
|upkeep
|turn|30
|
|t:|1605077746
|move|p2a: Raikou|Scald|p1a: Flygon
|-damage|p1a: Flygon|0 fnt
|faint|p1a: Flygon
|
|-heal|p2a: Raikou|24/100|[from] item: Leftovers
|upkeep
|
|t:|1605077748
|switch|p1a: Jirachi|Jirachi|52/100
|-damage|p1a: Jirachi|46/100|[from] Stealth Rock
|turn|31
|
|t:|1605077755
|switch|p2a: Tapu Bulu|Tapu Bulu, shiny|44/100
|-fieldstart|move: Grassy Terrain|[from] ability: Grassy Surge|[of] p2a: Tapu Bulu
|move|p1a: Jirachi|U-turn|p2a: Tapu Bulu
|-damage|p2a: Tapu Bulu|24/100
|
|t:|1605077760
|switch|p1a: Kyurem|Kyurem|82/100|[from]move: U-turn
|-damage|p1a: Kyurem|57/100|[from] Stealth Rock
|-ability|p1a: Kyurem|Pressure
|
|-heal|p1a: Kyurem|63/100|[from] Grassy Terrain
|-heal|p2a: Tapu Bulu|30/100|[from] item: Leftovers
|-heal|p2a: Tapu Bulu|36/100|[from] Grassy Terrain
|upkeep
|turn|32
|
|t:|1605077773
|move|p1a: Kyurem|Ice Beam|p2a: Tapu Bulu
|-supereffective|p2a: Tapu Bulu
|-damage|p2a: Tapu Bulu|0 fnt
|faint|p2a: Tapu Bulu
|
|-heal|p1a: Kyurem|69/100|[from] Grassy Terrain
|upkeep
|
|t:|1605077780
|switch|p2a: Scizor|Scizor, F|68/100
|turn|33
|c|☆chopthatwood99|whoa you're way higher on the ladder than me lol
|inactive|Low Ladder Terror has 120 seconds left.
|c|☆chopthatwood99|this has been a fun game so far man, i appreciate it
|c|☆chopthatwood99|Im learning alot from this
|inactive|Low Ladder Terror has 90 seconds left.
|
|t:|1605077843
|switch|p1a: Aegislash|Aegislash, F|71/100
|-damage|p1a: Aegislash|65/100|[from] Stealth Rock
|move|p2a: Scizor|U-turn|p1a: Aegislash
|-resisted|p1a: Aegislash
|-damage|p1a: Aegislash|57/100
|inactive|Low Ladder Terror has 90 seconds left.
|
|t:|1605077851
|switch|p2a: Raikou|Raikou, shiny|24/100|[from]move: U-turn
|-ability|p2a: Raikou|Pressure
|
|-heal|p2a: Raikou|30/100|[from] item: Leftovers
|-heal|p2a: Raikou|36/100|[from] Grassy Terrain
|-heal|p1a: Aegislash|63/100|[from] item: Leftovers
|-heal|p1a: Aegislash|69/100|[from] Grassy Terrain
|upkeep
|turn|34
|
|t:|1605077857
|move|p2a: Raikou|Thunderbolt|p1a: Aegislash
|-damage|p1a: Aegislash|34/100
|-formechange|p1a: Aegislash|Aegislash-Blade||[from] ability: Stance Change
|move|p1a: Aegislash|Shadow Ball|p2a: Raikou
|-damage|p2a: Raikou|0 fnt
|faint|p2a: Raikou
|
|-heal|p1a: Aegislash|40/100|[from] item: Leftovers
|-heal|p1a: Aegislash|46/100|[from] Grassy Terrain
|upkeep
|inactive|Low Ladder Terror has 90 seconds left.
|
|t:|1605077870
|switch|p2a: Scizor|Scizor, F|68/100
|turn|35
|
|t:|1605077890
|move|p2a: Scizor|Swords Dance|p2a: Scizor
|-boost|p2a: Scizor|atk|2
|move|p1a: Aegislash|Shadow Ball|p2a: Scizor
|-damage|p2a: Scizor|6/100
|
|-heal|p2a: Scizor|12/100|[from] Grassy Terrain
|-heal|p1a: Aegislash|52/100|[from] item: Leftovers
|-heal|p1a: Aegislash|59/100|[from] Grassy Terrain
|-fieldend|move: Grassy Terrain
|upkeep
|turn|36
|
|t:|1605077904
|move|p2a: Scizor|Bullet Punch|p1a: Aegislash
|-resisted|p1a: Aegislash
|-damage|p1a: Aegislash|0 fnt
|faint|p1a: Aegislash
|
|upkeep
|
|t:|1605077907
|switch|p1a: Jirachi|Jirachi|46/100
|-damage|p1a: Jirachi|40/100|[from] Stealth Rock
|turn|37
|
|t:|1605077912
|move|p2a: Scizor|Bullet Punch|p1a: Jirachi
|-resisted|p1a: Jirachi
|-damage|p1a: Jirachi|0 fnt
|faint|p1a: Jirachi
|
|upkeep
|
|t:|1605077913
|switch|p1a: Kyurem|Kyurem|69/100
|-damage|p1a: Kyurem|44/100|[from] Stealth Rock
|-ability|p1a: Kyurem|Pressure
|turn|38
|c|☆Low Ladder Terror|gg
|c|☆chopthatwood99|gg man
|c|☆Low Ladder Terror|fun game
|
|t:|1605077920
|move|p2a: Scizor|Bullet Punch|p1a: Kyurem
|-supereffective|p1a: Kyurem
|-damage|p1a: Kyurem|0 fnt
|faint|p1a: Kyurem
|
|win|Low Ladder Terror
|c|☆Low Ladder Terror|close
|l|☆Low Ladder Terror
