|j|☆kujojotarou
|j|☆Liz Angeles
|t:|1666701776
|gametype|singles
|player|p1|kujojotarou|gentleman-gen4|1303
|player|p2|Liz Angeles|marley|1546
|teamsize|p1|6
|teamsize|p2|6
|gen|8
|tier|[Gen 8] UU
|rated|
|rule|Sleep Clause Mod: Limit one foe put to sleep
|rule|Species Clause: Limit one of each Pokémon
|rule|OHKO Clause: OHKO moves are banned
|rule|Evasion Items Clause: Evasion items are banned
|rule|Evasion Moves Clause: Evasion moves are banned
|rule|Endless Battle Clause: Forcing endless battles is banned
|rule|HP Percentage Mod: HP is shown in percentages
|rule|Dynamax Clause: You cannot dynamax
|clearpoke
|poke|p1|Cobalion|
|poke|p1|Mamoswine, F|
|poke|p1|Azumarill, M|
|poke|p1|Nihilego|
|poke|p1|Excadrill, F|
|poke|p1|Darmanitan, F|
|poke|p2|Chansey, F|
|poke|p2|Tapu Bulu|
|poke|p2|Tentacruel, F|
|poke|p2|Skarmory, M|
|poke|p2|Hippowdon, F|
|poke|p2|Cofagrigus, F|
|teampreview
|
|t:|1666701785
|start
|switch|p1a: Cobalion|Cobalion|100/100
|switch|p2a: Cofagrigus|Cofagrigus, F|100/100
|turn|1
|
|t:|1666701791
|move|p1a: Cobalion|Taunt|p2a: Cofagrigus
|-start|p2a: Cofagrigus|move: Taunt
|cant|p2a: Cofagrigus|move: Taunt|Will-O-Wisp
|
|upkeep
|turn|2
|
|t:|1666701797
|move|p1a: Cobalion|Stealth Rock|p2a: Cofagrigus
|-sidestart|p2: Liz Angeles|move: Stealth Rock
|move|p2a: Cofagrigus|Body Press|p1a: Cobalion
|-supereffective|p1a: Cobalion
|-damage|p1a: Cobalion|48/100
|
|upkeep
|turn|3
|
|t:|1666701804
|move|p1a: Cobalion|Volt Switch|p2a: Cofagrigus
|-damage|p2a: Cofagrigus|86/100
|
|t:|1666701810
|switch|p1a: Azumarill|Azumarill, M|100/100|[from]move: Volt Switch
|move|p2a: Cofagrigus|Body Press|p1a: Azumarill
|-resisted|p1a: Azumarill
|-damage|p1a: Azumarill|82/100
|
|-end|p2a: Cofagrigus|move: Taunt
|upkeep
|turn|4
|
|t:|1666701820
|switch|p2a: Tapu Bulu|Tapu Bulu|100/100
|-damage|p2a: Tapu Bulu|88/100|[from] Stealth Rock
|-fieldstart|move: Grassy Terrain|[from] ability: Grassy Surge|[of] p2a: Tapu Bulu
|move|p1a: Azumarill|Knock Off|p2a: Tapu Bulu
|-resisted|p2a: Tapu Bulu
|-damage|p2a: Tapu Bulu|68/100
|-enditem|p2a: Tapu Bulu|Leftovers|[from] move: Knock Off|[of] p1a: Azumarill
|
|-heal|p2a: Tapu Bulu|74/100|[from] Grassy Terrain
|-heal|p1a: Azumarill|88/100|[from] Grassy Terrain
|upkeep
|turn|5
|
|t:|1666701834
|switch|p1a: Cobalion|Cobalion|48/100
|move|p2a: Tapu Bulu|Horn Leech|p1a: Cobalion
|-resisted|p1a: Cobalion
|-damage|p1a: Cobalion|32/100
|-heal|p2a: Tapu Bulu|82/100|[from] drain|[of] p1a: Cobalion
|
|-heal|p1a: Cobalion|38/100|[from] Grassy Terrain
|-heal|p2a: Tapu Bulu|88/100|[from] Grassy Terrain
|upkeep
|turn|6
|
|t:|1666701846
|switch|p2a: Skarmory|Skarmory, M|100/100
|-damage|p2a: Skarmory|88/100|[from] Stealth Rock
|move|p1a: Cobalion|Volt Switch|p2a: Skarmory
|-supereffective|p2a: Skarmory
|-damage|p2a: Skarmory|52/100
|
|t:|1666701858
|switch|p1a: Mamoswine|Mamoswine, F|100/100|[from]move: Volt Switch
|
|upkeep
|turn|7
|
|t:|1666701866
|move|p1a: Mamoswine|Icicle Crash|p2a: Skarmory|[miss]
|-miss|p1a: Mamoswine|p2a: Skarmory
|move|p2a: Skarmory|Roost|p2a: Skarmory
|-heal|p2a: Skarmory|100/100
|-singleturn|p2a: Skarmory|move: Roost
|
|upkeep
|turn|8
|
|t:|1666701873
|move|p1a: Mamoswine|Icicle Crash|p2a: Skarmory
|-damage|p2a: Skarmory|65/100
|-damage|p1a: Mamoswine|91/100|[from] item: Life Orb
|move|p2a: Skarmory|Spikes|p1a: Mamoswine
|-sidestart|p1: kujojotarou|Spikes
|
|-heal|p1a: Mamoswine|97/100|[from] Grassy Terrain
|-fieldend|move: Grassy Terrain
|upkeep
|turn|9
|
|t:|1666701881
|switch|p1a: Excadrill|Excadrill, F|100/100
|-damage|p1a: Excadrill|88/100|[from] Spikes
|-ability|p1a: Excadrill|Mold Breaker
|move|p2a: Skarmory|Roost|p2a: Skarmory
|-heal|p2a: Skarmory|100/100
|-singleturn|p2a: Skarmory|move: Roost
|
|-heal|p1a: Excadrill|94/100|[from] item: Leftovers
|upkeep
|turn|10
|
|t:|1666701895
|move|p1a: Excadrill|Rapid Spin|p2a: Skarmory
|-resisted|p2a: Skarmory
|-damage|p2a: Skarmory|95/100
|-boost|p1a: Excadrill|spe|1
|-damage|p1a: Excadrill|78/100|[from] item: Rocky Helmet|[of] p2a: Skarmory
|-sideend|p1: kujojotarou|Spikes|[from] move: Rapid Spin|[of] p1a: Excadrill
|move|p2a: Skarmory|Body Press|p1a: Excadrill
|-supereffective|p1a: Excadrill
|-damage|p1a: Excadrill|0 fnt
|faint|p1a: Excadrill
|
|upkeep
|
|t:|1666701909
|switch|p1a: Darmanitan|Darmanitan, F|100/100
|turn|11
|
|t:|1666701918
|switch|p2a: Hippowdon|Hippowdon, F|100/100
|-damage|p2a: Hippowdon|94/100|[from] Stealth Rock
|-weather|Sandstorm|[from] ability: Sand Stream|[of] p2a: Hippowdon
|move|p1a: Darmanitan|Flare Blitz|p2a: Hippowdon
|-damage|p2a: Hippowdon|40/100
|-damage|p1a: Darmanitan|79/100|[from] Recoil
|
|-weather|Sandstorm|[upkeep]
|-damage|p1a: Darmanitan|73/100|[from] Sandstorm
|-heal|p2a: Hippowdon|46/100|[from] item: Leftovers
|upkeep
|turn|12
|
|t:|1666701930
|switch|p2a: Tentacruel|Tentacruel, F|100/100
|-damage|p2a: Tentacruel|88/100|[from] Stealth Rock
|move|p1a: Darmanitan|Flare Blitz|p2a: Tentacruel
|-resisted|p2a: Tentacruel
|-damage|p2a: Tentacruel|41/100
|-damage|p1a: Darmanitan|57/100|[from] Recoil
|
|-weather|Sandstorm|[upkeep]
|-damage|p1a: Darmanitan|51/100|[from] Sandstorm
|-damage|p2a: Tentacruel|35/100|[from] Sandstorm
|-heal|p2a: Tentacruel|41/100|[from] item: Black Sludge
|upkeep
|turn|13
|
|t:|1666701942
|switch|p2a: Hippowdon|Hippowdon, F|46/100
|-damage|p2a: Hippowdon|40/100|[from] Stealth Rock
|move|p1a: Darmanitan|Flare Blitz|p2a: Hippowdon
|-damage|p2a: Hippowdon|0 fnt
|faint|p2a: Hippowdon
|-damage|p1a: Darmanitan|36/100|[from] Recoil
|
|-weather|Sandstorm|[upkeep]
|-damage|p1a: Darmanitan|30/100|[from] Sandstorm
|upkeep
|
|t:|1666701950
|switch|p2a: Cofagrigus|Cofagrigus, F|86/100
|-damage|p2a: Cofagrigus|74/100|[from] Stealth Rock
|turn|14
|
|t:|1666701957
|switch|p1a: Azumarill|Azumarill, M|88/100
|move|p2a: Cofagrigus|Body Press|p1a: Azumarill
|-resisted|p1a: Azumarill
|-damage|p1a: Azumarill|68/100
|
|-weather|Sandstorm|[upkeep]
|-damage|p1a: Azumarill|62/100|[from] Sandstorm
|-damage|p2a: Cofagrigus|68/100|[from] Sandstorm
|upkeep
|turn|15
|
|t:|1666701966
|switch|p2a: Tapu Bulu|Tapu Bulu|88/100
|-damage|p2a: Tapu Bulu|75/100|[from] Stealth Rock
|-fieldstart|move: Grassy Terrain|[from] ability: Grassy Surge|[of] p2a: Tapu Bulu
|move|p1a: Azumarill|Play Rough|p2a: Tapu Bulu|[miss]
|-miss|p1a: Azumarill|p2a: Tapu Bulu
|
|-weather|none
|-heal|p2a: Tapu Bulu|82/100|[from] Grassy Terrain
|-heal|p1a: Azumarill|68/100|[from] Grassy Terrain
|upkeep
|turn|16
|
|t:|1666701976
|move|p2a: Tapu Bulu|Horn Leech|p1a: Azumarill
|-supereffective|p1a: Azumarill
|-damage|p1a: Azumarill|0 fnt
|-heal|p2a: Tapu Bulu|100/100|[from] drain|[of] p1a: Azumarill
|faint|p1a: Azumarill
|
|upkeep
|
|t:|1666701984
|switch|p1a: Darmanitan|Darmanitan, F|30/100
|turn|17
|
|t:|1666701991
|move|p1a: Darmanitan|Flare Blitz|p2a: Tapu Bulu
|-supereffective|p2a: Tapu Bulu
|-damage|p2a: Tapu Bulu|0 fnt
|faint|p2a: Tapu Bulu
|-damage|p1a: Darmanitan|0 fnt|[from] Recoil
|faint|p1a: Darmanitan
|
|upkeep
|
|t:|1666702001
|switch|p1a: Cobalion|Cobalion|38/100
|switch|p2a: Chansey|Chansey, F|100/100
|-damage|p2a: Chansey|88/100|[from] Stealth Rock
|turn|18
|
|t:|1666702008
|switch|p2a: Cofagrigus|Cofagrigus, F|68/100
|-damage|p2a: Cofagrigus|56/100|[from] Stealth Rock
|move|p1a: Cobalion|Taunt|p2a: Cofagrigus
|-start|p2a: Cofagrigus|move: Taunt
|
|-heal|p1a: Cobalion|44/100|[from] Grassy Terrain
|-heal|p2a: Cofagrigus|62/100|[from] Grassy Terrain
|upkeep
|turn|19
|
|t:|1666702018
|move|p1a: Cobalion|Volt Switch|p2a: Cofagrigus
|-damage|p2a: Cofagrigus|47/100
|
|t:|1666702021
|switch|p1a: Nihilego|Nihilego|100/100|[from]move: Volt Switch
|move|p2a: Cofagrigus|Body Press|p1a: Nihilego
|-damage|p1a: Nihilego|44/100
|
|-heal|p1a: Nihilego|50/100|[from] Grassy Terrain
|-heal|p2a: Cofagrigus|53/100|[from] Grassy Terrain
|-fieldend|move: Grassy Terrain
|upkeep
|turn|20
|
|t:|1666702037
|switch|p2a: Chansey|Chansey, F|88/100
|-damage|p2a: Chansey|76/100|[from] Stealth Rock
|move|p1a: Nihilego|Power Gem|p2a: Chansey
|-damage|p2a: Chansey|64/100
|
|upkeep
|turn|21
|
|t:|1666702044
|switch|p1a: Mamoswine|Mamoswine, F|97/100
|move|p2a: Chansey|Soft-Boiled|p2a: Chansey
|-heal|p2a: Chansey|100/100
|
|upkeep
|turn|22
|inactive|Battle timer is ON: inactive players will automatically lose when time's up. (requested by kujojotarou)
|
|t:|1666702086
|switch|p2a: Tentacruel|Tentacruel, F|41/100
|-damage|p2a: Tentacruel|29/100|[from] Stealth Rock
|move|p1a: Mamoswine|Knock Off|p2a: Tentacruel
|-damage|p2a: Tentacruel|0 fnt
|-enditem|p2a: Tentacruel|Black Sludge|[from] move: Knock Off|[of] p1a: Mamoswine
|faint|p2a: Tentacruel
|-damage|p1a: Mamoswine|87/100|[from] item: Life Orb
|
|upkeep
|
|t:|1666702089
|switch|p2a: Skarmory|Skarmory, M|95/100
|-damage|p2a: Skarmory|83/100|[from] Stealth Rock
|turn|23
|
|t:|1666702103
|move|p1a: Mamoswine|Knock Off|p2a: Skarmory
|-damage|p2a: Skarmory|54/100
|-damage|p1a: Mamoswine|70/100|[from] item: Rocky Helmet|[of] p2a: Skarmory
|-enditem|p2a: Skarmory|Rocky Helmet|[from] move: Knock Off|[of] p1a: Mamoswine
|-damage|p1a: Mamoswine|60/100|[from] item: Life Orb
|move|p2a: Skarmory|Body Press|p1a: Mamoswine
|-supereffective|p1a: Mamoswine
|-damage|p1a: Mamoswine|0 fnt
|faint|p1a: Mamoswine
|
|upkeep
|
|t:|1666702114
|switch|p1a: Cobalion|Cobalion|44/100
|turn|24
|
|t:|1666702118
|move|p1a: Cobalion|Taunt|p2a: Skarmory
|-start|p2a: Skarmory|move: Taunt
|cant|p2a: Skarmory|move: Taunt|Roost
|
|upkeep
|turn|25
|
|t:|1666702124
|switch|p2a: Cofagrigus|Cofagrigus, F|53/100
|-damage|p2a: Cofagrigus|41/100|[from] Stealth Rock
|move|p1a: Cobalion|Close Combat|p2a: Cofagrigus
|-immune|p2a: Cofagrigus
|
|upkeep
|turn|26
|
|t:|1666702131
|move|p1a: Cobalion|Volt Switch|p2a: Cofagrigus
|-damage|p2a: Cofagrigus|28/100
|
|t:|1666702134
|switch|p1a: Nihilego|Nihilego|50/100|[from]move: Volt Switch
|move|p2a: Cofagrigus|Body Press|p1a: Nihilego
|-damage|p1a: Nihilego|0 fnt
|faint|p1a: Nihilego
|
|upkeep
|-message|kujojotarou forfeited.
|
|win|Liz Angeles
|raw|kujojotarou's rating: 1303 &rarr; <strong>1295</strong><br />(-8 for losing)
|raw|Liz Angeles's rating: 1546 &rarr; <strong>1554</strong><br />(+8 for winning)
|l|☆kujojotarou
