|j|☆estarossa
|j|☆Lucckyy
|t:|1634457604
|gametype|singles
|player|p1|estarossa|#estarossa|1516
|player|p2|Lucckyy|idol|1577
|teamsize|p1|6
|teamsize|p2|6
|gen|8
|tier|[Gen 8] UU
|rated|
|rule|Sleep Clause Mod: Limit one foe put to sleep
|rule|Species Clause: Limit one of each Pokémon
|rule|OHKO Clause: OHKO moves are banned
|rule|Evasion Moves Clause: Evasion moves are banned
|rule|Endless Battle Clause: Forcing endless battles is banned
|rule|HP Percentage Mod: HP is shown in percentages
|rule|Dynamax Clause: You cannot dynamax
|clearpoke
|poke|p1|Heracross, M|
|poke|p1|Slowking, F|
|poke|p1|Jirachi|
|poke|p1|Hatterene, F|
|poke|p1|Skarmory, M|
|poke|p1|Excadrill, F|
|poke|p2|Vanilluxe, F|
|poke|p2|Arctovish|
|poke|p2|Scolipede, M|
|poke|p2|Aegislash, F|
|poke|p2|Beartic, M|
|poke|p2|Sylveon, F|
|teampreview
|
|t:|1634457659
|start
|switch|p1a: Slowking|Slowking, F|100/100
|switch|p2a: Scolipede|Scolipede, M|100/100
|turn|1
|
|t:|1634457666
|move|p2a: Scolipede|Megahorn|p1a: Slowking|[miss]
|-miss|p2a: Scolipede|p1a: Slowking
|move|p1a: Slowking|Psychic|p2a: Scolipede
|-supereffective|p2a: Scolipede
|-enditem|p2a: Scolipede|Focus Sash
|-damage|p2a: Scolipede|1/100
|
|-ability|p2a: Scolipede|Speed Boost|boost
|-boost|p2a: Scolipede|spe|1
|upkeep
|turn|2
|
|t:|1634457673
|switch|p1a: Skarmory|Skarmory, M|100/100
|move|p2a: Scolipede|Endeavor|p1a: Skarmory
|-damage|p1a: Skarmory|1/100
|-damage|p2a: Scolipede|0 fnt|[from] item: Rocky Helmet|[of] p1a: Skarmory
|faint|p2a: Scolipede
|
|upkeep
|
|t:|1634457676
|switch|p2a: Vanilluxe|Vanilluxe, F|100/100
|-weather|Hail|[from] ability: Snow Warning|[of] p2a: Vanilluxe
|turn|3
|
|t:|1634457713
|switch|p1a: Jirachi|Jirachi|100/100
|move|p2a: Vanilluxe|Freeze-Dry|p1a: Jirachi
|-resisted|p1a: Jirachi
|-damage|p1a: Jirachi|83/100
|
|-weather|Hail|[upkeep]
|-damage|p1a: Jirachi|77/100|[from] Hail
|upkeep
|turn|4
|
|t:|1634457731
|switch|p2a: Aegislash|Aegislash, F|100/100
|move|p1a: Jirachi|Trick|p2a: Aegislash
|-activate|p1a: Jirachi|move: Trick|[of] p2a: Aegislash
|-item|p2a: Aegislash|Choice Scarf|[from] move: Trick
|-item|p1a: Jirachi|Choice Specs|[from] move: Trick
|
|-weather|Hail|[upkeep]
|-damage|p1a: Jirachi|71/100|[from] Hail
|-damage|p2a: Aegislash|94/100|[from] Hail
|upkeep
|turn|5
|j| ZAAAWAAAAARUDOO
|j| Sly666
|
|t:|1634457759
|switch|p1a: Excadrill|Excadrill, F|100/100
|-ability|p1a: Excadrill|Mold Breaker
|-formechange|p2a: Aegislash|Aegislash-Blade||[from] ability: Stance Change
|move|p2a: Aegislash|Close Combat|p1a: Excadrill
|-supereffective|p1a: Excadrill
|-damage|p1a: Excadrill|0 fnt
|-unboost|p2a: Aegislash|def|1
|-unboost|p2a: Aegislash|spd|1
|faint|p1a: Excadrill
|
|-weather|Hail|[upkeep]
|-damage|p2a: Aegislash|88/100|[from] Hail
|upkeep
|l| Sly666
|
|t:|1634457773
|switch|p1a: Hatterene|Hatterene, F|100/100
|turn|6
|
|t:|1634457777
|switch|p2a: Arctovish|Arctovish|100/100
|move|p1a: Hatterene|Mystical Fire|p2a: Arctovish
|-damage|p2a: Arctovish|76/100
|-unboost|p2a: Arctovish|spa|1
|
|-weather|Hail|[upkeep]
|-damage|p1a: Hatterene|95/100|[from] Hail
|-heal|p1a: Hatterene|100/100|[from] item: Leftovers
|upkeep
|turn|7
|
|t:|1634457782
|switch|p1a: Slowking|Slowking, F|100/100
|move|p2a: Arctovish|Fishious Rend|p1a: Slowking
|-resisted|p1a: Slowking
|-damage|p1a: Slowking|75/100
|
|-weather|Hail|[upkeep]
|-damage|p1a: Slowking|69/100|[from] Hail
|upkeep
|turn|8
|
|t:|1634457790
|move|p2a: Arctovish|Fishious Rend|p1a: Slowking
|-resisted|p1a: Slowking
|-damage|p1a: Slowking|34/100
|move|p1a: Slowking|Teleport|p1a: Slowking
|j| gully
|
|t:|1634457803
|switch|p1a: Heracross|Heracross, M|100/100|[from]move: Teleport
|
|-weather|Hail|[upkeep]
|-damage|p1a: Heracross|95/100|[from] Hail
|-status|p1a: Heracross|brn|[from] item: Flame Orb
|upkeep
|turn|9
|
|t:|1634457813
|switch|p1a: Slowking|Slowking, F|67/100
|move|p2a: Arctovish|Fishious Rend|p1a: Slowking
|-resisted|p1a: Slowking
|-damage|p1a: Slowking|27/100
|
|-weather|Hail|[upkeep]
|-damage|p1a: Slowking|21/100|[from] Hail
|upkeep
|turn|10
|c|☆estarossa|why are we running metronome vish
|c|☆Lucckyy|Its fun
|c|☆estarossa|bad more like
|c|☆Lucckyy|Fun*
|
|t:|1634457857
|switch|p1a: Hatterene|Hatterene, F|100/100
|move|p2a: Arctovish|Fishious Rend|p1a: Hatterene
|-damage|p1a: Hatterene|0 fnt
|faint|p1a: Hatterene
|
|-weather|none
|upkeep
|
|t:|1634457859
|switch|p1a: Jirachi|Jirachi|71/100
|turn|11
|
|t:|1634457864
|switch|p2a: Aegislash|Aegislash, F|88/100
|move|p1a: Jirachi|Healing Wish|p1a: Jirachi
|faint|p1a: Jirachi
|
|upkeep
|
|t:|1634457866
|switch|p1a: Skarmory|Skarmory, M|1/100
|-heal|p1a: Skarmory|100/100|[from] move: Healing Wish
|turn|12
|
|t:|1634457875
|-formechange|p2a: Aegislash|Aegislash-Blade||[from] ability: Stance Change
|move|p2a: Aegislash|Shadow Ball|p1a: Skarmory
|-damage|p1a: Skarmory|35/100
|move|p1a: Skarmory|Roost|p1a: Skarmory
|-heal|p1a: Skarmory|85/100
|-singleturn|p1a: Skarmory|move: Roost
|
|upkeep
|turn|13
|-message|estarossa forfeited.
|
|win|Lucckyy
|raw|estarossa's rating: 1516 &rarr; <strong>1499</strong><br />(-17 for losing)
|raw|Lucckyy's rating: 1577 &rarr; <strong>1594</strong><br />(+17 for winning)
|l|☆estarossa
|l| ZAAAWAAAAARUDOO
|c| gully|esta u down bad rn
|l|☆Lucckyy
