|inactive|Battle timer is ON: inactive players will automatically lose when time's up.
|j|☆pinorska
|j|☆HaxxLR
|t:|1658620543
|gametype|singles
|player|p1|pinorska|jasmine-gen2|
|player|p2|HaxxLR|grimsley|
|teamsize|p1|6
|teamsize|p2|6
|gen|8
|tier|[Gen 8] UU
|rated|Tournament battle
|rule|Sleep Clause Mod: Limit one foe put to sleep
|rule|Species Clause: Limit one of each Pokémon
|rule|OHKO Clause: OHKO moves are banned
|rule|Evasion Moves Clause: Evasion moves are banned
|rule|Endless Battle Clause: Forcing endless battles is banned
|rule|HP Percentage Mod: HP is shown in percentages
|rule|Dynamax Clause: You cannot dynamax
|rule|Blitz: Super-fast timer
|clearpoke
|poke|p1|Skarmory, F|
|poke|p1|Chansey, F|
|poke|p1|Slowking, M|
|poke|p1|Conkeldurr, F|
|poke|p1|Tentacruel, M|
|poke|p1|Krookodile, F|
|poke|p2|Politoed, F|
|poke|p2|Heliolisk, F|
|poke|p2|Kingdra, F|
|poke|p2|Tornadus, M|
|poke|p2|Seismitoad, F|
|poke|p2|Dhelmise|
|teampreview
|inactive|pinorska also wants the timer to be on.
|j|%pokemonisfun
|c|%pokemonisfun|lol
|
|t:|1658620553
|start
|switch|p1a: Slowking|Slowking, M, shiny|100/100
|switch|p2a: Politoed|Politoed, F|100/100
|-weather|RainDance|[from] ability: Drizzle|[of] p2a: Politoed
|turn|1
|inactive|HaxxLR has 10 seconds left.
|
|t:|1658620560
|switch|p2a: Heliolisk|Heliolisk, F|100/100
|move|p1a: Slowking|Future Sight|p2a: Heliolisk
|-start|p1a: Slowking|move: Future Sight
|
|-weather|RainDance|[upkeep]
|upkeep
|turn|2
|
|t:|1658620565
|move|p2a: Heliolisk|Thunder|p1a: Slowking
|-supereffective|p1a: Slowking
|-damage|p1a: Slowking|0 fnt
|faint|p1a: Slowking
|-damage|p2a: Heliolisk|91/100|[from] item: Life Orb
|
|-weather|RainDance|[upkeep]
|-heal|p2a: Heliolisk|100/100|[from] ability: Dry Skin
|upkeep
|inactive|pinorska has 10 seconds left.
|
|t:|1658620571
|switch|p1a: Conkeldurr|Conkeldurr, F, shiny|100/100
|turn|3
|
|t:|1658620575
|switch|p2a: Dhelmise|Dhelmise|100/100
|move|p1a: Conkeldurr|Drain Punch|p2a: Dhelmise
|-immune|p2a: Dhelmise
|
|-weather|RainDance|[upkeep]
|-end|p2a: Dhelmise|move: Future Sight
|-damage|p2a: Dhelmise|55/100
|-status|p1a: Conkeldurr|brn|[from] item: Flame Orb
|upkeep
|turn|4
|inactive|HaxxLR has 10 seconds left.
|
|t:|1658620583
|move|p1a: Conkeldurr|Knock Off|p2a: Dhelmise
|-supereffective|p2a: Dhelmise
|-enditem|p2a: Dhelmise|Colbur Berry|[eat]
|-enditem|p2a: Dhelmise|Colbur Berry|[weaken]
|-damage|p2a: Dhelmise|10/100
|move|p2a: Dhelmise|Power Whip|p1a: Conkeldurr
|-damage|p1a: Conkeldurr|47/100 brn
|
|-weather|RainDance|[upkeep]
|-damage|p1a: Conkeldurr|41/100 brn|[from] brn
|upkeep
|turn|5
|
|t:|1658620587
|move|p1a: Conkeldurr|Knock Off|p2a: Dhelmise
|-supereffective|p2a: Dhelmise
|-damage|p2a: Dhelmise|0 fnt
|faint|p2a: Dhelmise
|
|-weather|RainDance|[upkeep]
|-damage|p1a: Conkeldurr|35/100 brn|[from] brn
|upkeep
|
|t:|1658620591
|switch|p2a: Tornadus|Tornadus, M|100/100
|turn|6
|
|t:|1658620594
|switch|p1a: Skarmory|Skarmory, F, shiny|100/100
|move|p2a: Tornadus|Hurricane|p1a: Skarmory
|-resisted|p1a: Skarmory
|-damage|p1a: Skarmory|62/100
|
|-weather|RainDance|[upkeep]
|upkeep
|turn|7
|
|t:|1658620597
|move|p2a: Tornadus|Weather Ball|p1a: Skarmory
|-damage|p1a: Skarmory|0 fnt
|faint|p1a: Skarmory
|
|-weather|RainDance|[upkeep]
|upkeep
|
|t:|1658620600
|switch|p1a: Chansey|Chansey, F, shiny|100/100
|turn|8
|inactive|HaxxLR has 10 seconds left.
|
|t:|1658620608
|switch|p2a: Seismitoad|Seismitoad, F|100/100
|move|p1a: Chansey|Toxic|p2a: Seismitoad
|-status|p2a: Seismitoad|tox
|
|-weather|none
|-damage|p2a: Seismitoad|95/100 tox|[from] psn
|upkeep
|turn|9
|inactive|pinorska has 10 seconds left.
|
|t:|1658620613
|move|p2a: Seismitoad|Stealth Rock|p1a: Chansey
|-sidestart|p1: pinorska|move: Stealth Rock
|move|p1a: Chansey|Soft-Boiled||[still]
|-fail|p1a: Chansey|heal
|
|-damage|p2a: Seismitoad|83/100 tox|[from] psn
|upkeep
|turn|10
|j| Fly my Kite
|
|t:|1658620616
|switch|p2a: Politoed|Politoed, F|100/100
|-weather|RainDance|[from] ability: Drizzle|[of] p2a: Politoed
|move|p1a: Chansey|Seismic Toss|p2a: Politoed
|-damage|p2a: Politoed|74/100
|
|-weather|RainDance|[upkeep]
|upkeep
|turn|11
|
|t:|1658620620
|move|p2a: Politoed|Encore|p1a: Chansey
|-start|p1a: Chansey|Encore
|move|p1a: Chansey|Seismic Toss|p2a: Politoed
|-damage|p2a: Politoed|48/100
|
|-weather|RainDance|[upkeep]
|upkeep
|turn|12
|l| Fly my Kite
|
|t:|1658620623
|switch|p2a: Kingdra|Kingdra, F|100/100
|move|p1a: Chansey|Seismic Toss|p2a: Kingdra
|-damage|p2a: Kingdra|66/100
|
|-weather|RainDance|[upkeep]
|upkeep
|turn|13
|
|t:|1658620627
|move|p2a: Kingdra|Liquidation|p1a: Chansey
|-damage|p1a: Chansey|42/100
|-unboost|p1a: Chansey|def|1
|move|p1a: Chansey|Seismic Toss|p2a: Kingdra
|-damage|p2a: Kingdra|32/100
|
|-weather|RainDance|[upkeep]
|-end|p1a: Chansey|Encore
|upkeep
|turn|14
|
|t:|1658620631
|switch|p1a: Tentacruel|Tentacruel, M, shiny|100/100
|-damage|p1a: Tentacruel|88/100|[from] Stealth Rock
|move|p2a: Kingdra|Liquidation|p1a: Tentacruel
|-resisted|p1a: Tentacruel
|-damage|p1a: Tentacruel|37/100
|-unboost|p1a: Tentacruel|def|1
|
|-weather|RainDance|[upkeep]
|-heal|p1a: Tentacruel|43/100|[from] item: Black Sludge
|upkeep
|turn|15
|inactive|pinorska has 10 seconds left.
|
|t:|1658620636
|switch|p1a: Krookodile|Krookodile, F, shiny|100/100
|-damage|p1a: Krookodile|94/100|[from] Stealth Rock
|-ability|p1a: Krookodile|Intimidate|boost
|-unboost|p2a: Kingdra|atk|1
|move|p2a: Kingdra|Liquidation|p1a: Krookodile
|-supereffective|p1a: Krookodile
|-damage|p1a: Krookodile|0 fnt
|faint|p1a: Krookodile
|
|-weather|RainDance|[upkeep]
|upkeep
|
|t:|1658620638
|switch|p1a: Conkeldurr|Conkeldurr, F, shiny|35/100 brn
|-damage|p1a: Conkeldurr|29/100 brn|[from] Stealth Rock
|turn|16
|
|t:|1658620643
|switch|p2a: Tornadus|Tornadus, M|100/100
|move|p1a: Conkeldurr|Mach Punch|p2a: Tornadus
|-resisted|p2a: Tornadus
|-damage|p2a: Tornadus|74/100
|
|-weather|RainDance|[upkeep]
|-damage|p1a: Conkeldurr|23/100 brn|[from] brn
|upkeep
|turn|17
|inactive|HaxxLR has 10 seconds left.
|
|t:|1658620648
|switch|p1a: Tentacruel|Tentacruel, M, shiny|43/100
|-damage|p1a: Tentacruel|30/100|[from] Stealth Rock
|move|p2a: Tornadus|Hurricane|p1a: Tentacruel
|-damage|p1a: Tentacruel|0 fnt
|faint|p1a: Tentacruel
|
|-weather|none
|upkeep
|
|t:|1658620651
|switch|p1a: Chansey|Chansey, F, shiny|42/100
|-damage|p1a: Chansey|30/100|[from] Stealth Rock
|turn|18
|
|t:|1658620654
|switch|p2a: Politoed|Politoed, F|48/100
|-weather|RainDance|[from] ability: Drizzle|[of] p2a: Politoed
|move|p1a: Chansey|Soft-Boiled|p1a: Chansey
|-heal|p1a: Chansey|80/100
|
|-weather|RainDance|[upkeep]
|upkeep
|turn|19
|
|t:|1658620657
|switch|p1a: Conkeldurr|Conkeldurr, F, shiny|23/100 brn
|-damage|p1a: Conkeldurr|17/100 brn|[from] Stealth Rock
|move|p2a: Politoed|Encore||[still]
|-fail|p2a: Politoed
|
|-weather|RainDance|[upkeep]
|-damage|p1a: Conkeldurr|10/100 brn|[from] brn
|upkeep
|turn|20
|inactive|HaxxLR has 10 seconds left.
|
|t:|1658620663
|switch|p2a: Tornadus|Tornadus, M|74/100
|move|p1a: Conkeldurr|Drain Punch|p2a: Tornadus
|-resisted|p2a: Tornadus
|-damage|p2a: Tornadus|21/100
|-heal|p1a: Conkeldurr|31/100 brn|[from] drain|[of] p2a: Tornadus
|
|-weather|RainDance|[upkeep]
|-damage|p1a: Conkeldurr|25/100 brn|[from] brn
|upkeep
|turn|21
|inactive|HaxxLR has 10 seconds left.
|
|t:|1658620670
|move|p1a: Conkeldurr|Mach Punch|p2a: Tornadus
|-resisted|p2a: Tornadus
|-crit|p2a: Tornadus
|-damage|p2a: Tornadus|0 fnt
|faint|p2a: Tornadus
|
|-weather|RainDance|[upkeep]
|-damage|p1a: Conkeldurr|19/100 brn|[from] brn
|upkeep
|
|t:|1658620674
|switch|p2a: Seismitoad|Seismitoad, F|83/100 tox
|turn|22
|inactive|pinorska has 10 seconds left.
|
|t:|1658620683
|switch|p1a: Chansey|Chansey, F, shiny|80/100
|-damage|p1a: Chansey|67/100|[from] Stealth Rock
|move|p2a: Seismitoad|Surf|p1a: Chansey
|-damage|p1a: Chansey|46/100
|-damage|p2a: Seismitoad|73/100 tox|[from] item: Life Orb
|
|-weather|RainDance|[upkeep]
|-damage|p2a: Seismitoad|67/100 tox|[from] psn
|upkeep
|turn|23
|inactive|HaxxLR has 10 seconds left.
|
|t:|1658620688
|switch|p2a: Kingdra|Kingdra, F|32/100
|move|p1a: Chansey|Soft-Boiled|p1a: Chansey
|-heal|p1a: Chansey|96/100
|
|-weather|RainDance|[upkeep]
|upkeep
|turn|24
|inactive|HaxxLR has 10 seconds left.
|
|t:|1658620694
|move|p2a: Kingdra|Liquidation|p1a: Chansey
|-damage|p1a: Chansey|40/100
|-unboost|p1a: Chansey|def|1
|move|p1a: Chansey|Seismic Toss|p2a: Kingdra
|-damage|p2a: Kingdra|0 fnt
|faint|p2a: Kingdra
|
|-weather|RainDance|[upkeep]
|upkeep
|
|t:|1658620698
|switch|p2a: Seismitoad|Seismitoad, F|67/100 tox
|turn|25
|
|t:|1658620700
|move|p2a: Seismitoad|Focus Blast|p1a: Chansey
|-supereffective|p1a: Chansey
|-damage|p1a: Chansey|13/100
|-damage|p2a: Seismitoad|57/100 tox|[from] item: Life Orb
|move|p1a: Chansey|Soft-Boiled|p1a: Chansey
|-heal|p1a: Chansey|63/100
|
|-weather|none
|-damage|p2a: Seismitoad|51/100 tox|[from] psn
|upkeep
|turn|26
|
|t:|1658620703
|switch|p2a: Politoed|Politoed, F|48/100
|-weather|RainDance|[from] ability: Drizzle|[of] p2a: Politoed
|move|p1a: Chansey|Soft-Boiled|p1a: Chansey
|-heal|p1a: Chansey|100/100
|
|-weather|RainDance|[upkeep]
|upkeep
|turn|27
|
|t:|1658620707
|move|p2a: Politoed|Scald|p1a: Chansey
|-damage|p1a: Chansey|87/100
|move|p1a: Chansey|Seismic Toss|p2a: Politoed
|-damage|p2a: Politoed|22/100
|
|-weather|RainDance|[upkeep]
|upkeep
|turn|28
|inactive|HaxxLR has 10 seconds left.
|
|t:|1658620713
|switch|p2a: Heliolisk|Heliolisk, F|100/100
|move|p1a: Chansey|Seismic Toss|p2a: Heliolisk
|-damage|p2a: Heliolisk|63/100
|
|-weather|RainDance|[upkeep]
|-heal|p2a: Heliolisk|75/100|[from] ability: Dry Skin
|upkeep
|turn|29
|inactive|pinorska has 10 seconds left.
|
|t:|1658620720
|move|p2a: Heliolisk|Thunder|p1a: Chansey
|-damage|p1a: Chansey|66/100
|-damage|p2a: Heliolisk|65/100|[from] item: Life Orb
|move|p1a: Chansey|Seismic Toss|p2a: Heliolisk
|-damage|p2a: Heliolisk|28/100
|
|-weather|RainDance|[upkeep]
|-heal|p2a: Heliolisk|40/100|[from] ability: Dry Skin
|upkeep
|turn|30
|
|t:|1658620725
|move|p2a: Heliolisk|Thunder|p1a: Chansey
|-damage|p1a: Chansey|44/100
|-damage|p2a: Heliolisk|30/100|[from] item: Life Orb
|move|p1a: Chansey|Soft-Boiled|p1a: Chansey
|-heal|p1a: Chansey|94/100
|
|-weather|RainDance|[upkeep]
|-heal|p2a: Heliolisk|43/100|[from] ability: Dry Skin
|upkeep
|turn|31
|
|t:|1658620728
|move|p2a: Heliolisk|Thunder|p1a: Chansey
|-damage|p1a: Chansey|74/100
|-status|p1a: Chansey|par
|-damage|p2a: Heliolisk|33/100|[from] item: Life Orb
|move|p1a: Chansey|Seismic Toss|p2a: Heliolisk
|-damage|p2a: Heliolisk|0 fnt
|faint|p2a: Heliolisk
|
|-weather|RainDance|[upkeep]
|upkeep
|inactive|HaxxLR has 10 seconds left.
|
|t:|1658620734
|switch|p2a: Politoed|Politoed, F|22/100
|turn|32
|c|%pokemonisfun|suspect test chansey
|c|%pokemonisfun|please
|
|t:|1658620738
|move|p2a: Politoed|Encore|p1a: Chansey
|-start|p1a: Chansey|Encore
|move|p1a: Chansey|Seismic Toss|p2a: Politoed
|-damage|p2a: Politoed|0 fnt
|faint|p2a: Politoed
|
|-weather|RainDance|[upkeep]
|upkeep
|
|t:|1658620740
|switch|p2a: Seismitoad|Seismitoad, F|51/100 tox
|turn|33
|
|t:|1658620742
|move|p2a: Seismitoad|Focus Blast|p1a: Chansey
|-supereffective|p1a: Chansey
|-damage|p1a: Chansey|48/100 par
|-damage|p2a: Seismitoad|41/100 tox|[from] item: Life Orb
|move|p1a: Chansey|Seismic Toss|p2a: Seismitoad
|-damage|p2a: Seismitoad|12/100 tox
|
|-weather|none
|-damage|p2a: Seismitoad|6/100 tox|[from] psn
|upkeep
|turn|34
|
|t:|1658620746
|move|p2a: Seismitoad|Focus Blast|p1a: Chansey
|-supereffective|p1a: Chansey
|-damage|p1a: Chansey|18/100 par
|-unboost|p1a: Chansey|spd|1
|-damage|p2a: Seismitoad|0 fnt|[from] item: Life Orb
|faint|p2a: Seismitoad
|
|win|pinorska
|n|☆pinorska|pinorska
|n|☆HaxxLR|haxxlr
|n| pokemonisfun|pokemonisfun
