|inactive|Battle timer is ON: inactive players will automatically lose when time's up.
|j|☆congelateur-sama
|j|☆pokemonisfun
|t:|1661692225
|gametype|singles
|player|p1|congelateur-sama|#fcpl4raichicheurs|
|player|p2|pokemonisfun|#uutrio2ladder|
|teamsize|p1|6
|teamsize|p2|6
|gen|8
|tier|[Gen 8] UU
|rated|Tournament battle
|rule|Sleep Clause Mod: Limit one foe put to sleep
|rule|Species Clause: Limit one of each Pokémon
|rule|OHKO Clause: OHKO moves are banned
|rule|Evasion Items Clause: Evasion items are banned
|rule|Evasion Moves Clause: Evasion moves are banned
|rule|Endless Battle Clause: Forcing endless battles is banned
|rule|HP Percentage Mod: HP is shown in percentages
|rule|Dynamax Clause: You cannot dynamax
|rule|Blitz: Super-fast timer
|clearpoke
|poke|p1|Hatterene, F|
|poke|p1|Porygon2|
|poke|p1|Cresselia, F|
|poke|p1|Stakataka|
|poke|p1|Marowak-Alola, M|
|poke|p1|Conkeldurr, M|
|poke|p2|Primarina, M|
|poke|p2|Jirachi|
|poke|p2|Nidoqueen, F|
|poke|p2|Salamence, M|
|poke|p2|Zarude|
|poke|p2|Scizor, M|
|teampreview
|c|☆congelateur-sama|hf pif
|inactive|congelateur-sama has 30 seconds left.
|inactive|pokemonisfun has 30 seconds left.
|c|☆pokemonisfun|hf steve
|inactive|congelateur-sama has 20 seconds left.
|inactive|pokemonisfun has 20 seconds left.
|inactive|congelateur-sama has 15 seconds left.
|inactive|congelateur-sama has 10 seconds left.
|j| Queen of Bean ✿
|inactive|congelateur-sama has 5 seconds left.
|
|t:|1661692262
|start
|switch|p1a: Marowak|Marowak-Alola, M|100/100
|switch|p2a: queenbean 69420|Nidoqueen, F|100/100
|turn|1
|inactive|congelateur-sama has 10 seconds left.
|
|t:|1661692270
|switch|p1a: Porygon2|Porygon2|100/100
|-ability|p1a: Porygon2|Sheer Force|[from] ability: Trace|[of] p2a: queenbean 69420
|move|p2a: queenbean 69420|Earth Power|p1a: Porygon2
|-damage|p1a: Porygon2|75/100
|
|upkeep
|turn|2
|
|t:|1661692273
|switch|p1a: Hatterene|Hatterene, F|100/100
|move|p2a: queenbean 69420|Stealth Rock|p1a: Hatterene
|move|p1a: Hatterene|Stealth Rock|p2a: queenbean 69420|[from]ability: Magic Bounce
|-sidestart|p2: pokemonisfun|move: Stealth Rock
|
|upkeep
|turn|3
|
|t:|1661692277
|move|p2a: queenbean 69420|Sludge Wave|p1a: Hatterene
|-supereffective|p1a: Hatterene
|-crit|p1a: Hatterene
|-enditem|p1a: Hatterene|Focus Sash
|-damage|p1a: Hatterene|1/100
|move|p1a: Hatterene|Trick Room|p1a: Hatterene
|-fieldstart|move: Trick Room|[of] p1a: Hatterene
|
|upkeep
|turn|4
|
|t:|1661692280
|switch|p2a: inch by flinch|Jirachi|100/100
|-damage|p2a: inch by flinch|94/100|[from] Stealth Rock
|move|p1a: Hatterene|Healing Wish|p1a: Hatterene
|faint|p1a: Hatterene
|
|-heal|p2a: inch by flinch|100/100|[from] item: Leftovers
|upkeep
|inactive|congelateur-sama has 10 seconds left.
|
|t:|1661692286
|switch|p1a: Marowak|Marowak-Alola, M|100/100
|turn|5
|
|t:|1661692290
|move|p2a: inch by flinch|Protect|p2a: inch by flinch
|-singleturn|p2a: inch by flinch|Protect
|move|p1a: Marowak|Swords Dance|p1a: Marowak
|-boost|p1a: Marowak|atk|2
|
|upkeep
|turn|6
|inactive|pokemonisfun has 10 seconds left.
|inactive|pokemonisfun has 5 seconds left.
|
|t:|1661692302
|switch|p2a: punchy wunchy|Scizor, M|100/100
|move|p1a: Marowak|Flare Blitz|p2a: punchy wunchy
|-supereffective|p2a: punchy wunchy
|-damage|p2a: punchy wunchy|0 fnt
|faint|p2a: punchy wunchy
|
|upkeep
|inactive|pokemonisfun has 10 seconds left this turn.
|
|t:|1661692306
|switch|p2a: airy scary|Salamence, M|100/100
|-ability|p2a: airy scary|Intimidate|boost
|-unboost|p1a: Marowak|atk|1
|turn|7
|
|t:|1661692309
|switch|p2a: funky monkey|Zarude|100/100
|-damage|p2a: funky monkey|88/100|[from] Stealth Rock
|move|p1a: Marowak|Poltergeist|p2a: funky monkey
|-activate|p2a: funky monkey|move: Poltergeist|Choice Scarf
|-resisted|p2a: funky monkey
|-damage|p2a: funky monkey|24/100
|
|-fieldend|move: Trick Room
|upkeep
|turn|8
|inactive|congelateur-sama has 10 seconds left.
|inactive|pokemonisfun has 10 seconds left.
|inactive|congelateur-sama has 5 seconds left.
|inactive|pokemonisfun has 5 seconds left.
|
|t:|1661692321
|move|p2a: funky monkey|U-turn|p1a: Marowak
|-resisted|p1a: Marowak
|-damage|p1a: Marowak|95/100
|inactive|congelateur-sama has 10 seconds left this turn.
|inactive|pokemonisfun has 10 seconds left this turn.
|
|t:|1661692326
|switch|p2a: airy scary|Salamence, M|100/100|[from]move: U-turn
|-ability|p2a: airy scary|Intimidate|boost
|-unboost|p1a: Marowak|atk|1
|move|p1a: Marowak|Flare Blitz|p2a: airy scary
|-resisted|p2a: airy scary
|-damage|p2a: airy scary|53/100
|
|upkeep
|turn|9
|inactive|pokemonisfun has 10 seconds left.
|inactive|pokemonisfun has 5 seconds left.
|
|t:|1661692336
|move|p2a: airy scary|Defog|p1a: Marowak
|-unboost|p1a: Marowak|evasion|1
|-sideend|p2: pokemonisfun|Stealth Rock|[from] move: Defog|[of] p2a: airy scary
|move|p1a: Marowak|Swords Dance|p1a: Marowak
|-boost|p1a: Marowak|atk|2
|
|upkeep
|turn|10
|inactive|pokemonisfun has 10 seconds left this turn.
|
|t:|1661692339
|move|p2a: airy scary|Toxic|p1a: Marowak
|-status|p1a: Marowak|tox
|move|p1a: Marowak|Poltergeist|p2a: airy scary
|-activate|p2a: airy scary|move: Poltergeist|Heavy-Duty Boots
|-damage|p2a: airy scary|0 fnt
|faint|p2a: airy scary
|
|-damage|p1a: Marowak|89/100 tox|[from] psn
|upkeep
|
|t:|1661692342
|switch|p2a: queenbean 69420|Nidoqueen, F|100/100
|turn|11
|inactive|congelateur-sama has 10 seconds left.
|inactive|congelateur-sama has 5 seconds left.
|
|t:|1661692354
|move|p2a: queenbean 69420|Stealth Rock|p1a: Marowak
|-sidestart|p1: congelateur-sama|move: Stealth Rock
|move|p1a: Marowak|Poltergeist|p2a: queenbean 69420
|-activate|p2a: queenbean 69420|move: Poltergeist|Life Orb
|-damage|p2a: queenbean 69420|0 fnt
|faint|p2a: queenbean 69420
|
|-damage|p1a: Marowak|77/100 tox|[from] psn
|upkeep
|inactive|congelateur-sama has 10 seconds left this turn.
|
|t:|1661692358
|switch|p2a: seal that squeals|Primarina, M|100/100
|turn|12
|inactive|congelateur-sama has 10 seconds left.
|inactive|pokemonisfun has 10 seconds left.
|
|t:|1661692367
|move|p2a: seal that squeals|Hydro Pump|p1a: Marowak
|-supereffective|p1a: Marowak
|-damage|p1a: Marowak|0 fnt
|faint|p1a: Marowak
|
|upkeep
|
|t:|1661692370
|switch|p1a: Cresselia|Cresselia, F|100/100
|-damage|p1a: Cresselia|88/100|[from] Stealth Rock
|turn|13
|
|t:|1661692373
|move|p2a: seal that squeals|Hydro Pump|p1a: Cresselia
|-crit|p1a: Cresselia
|-damage|p1a: Cresselia|10/100
|move|p1a: Cresselia|Trick Room|p1a: Cresselia
|-fieldstart|move: Trick Room|[of] p1a: Cresselia
|
|upkeep
|turn|14
|inactive|congelateur-sama has 10 seconds left.
|
|t:|1661692380
|move|p1a: Cresselia|Lunar Dance|p1a: Cresselia
|faint|p1a: Cresselia
|move|p2a: seal that squeals|Hydro Pump|p1: Cresselia|[notarget]
|-fail|p2a: seal that squeals
|
|upkeep
|
|t:|1661692382
|switch|p1a: Conkeldurr|Conkeldurr, M|100/100
|-damage|p1a: Conkeldurr|94/100|[from] Stealth Rock
|turn|15
|inactive|congelateur-sama has 10 seconds left.
|inactive|pokemonisfun has 10 seconds left.
|
|t:|1661692388
|move|p1a: Conkeldurr|Knock Off|p2a: seal that squeals
|-resisted|p2a: seal that squeals
|-damage|p2a: seal that squeals|76/100
|-enditem|p2a: seal that squeals|Choice Specs|[from] move: Knock Off|[of] p1a: Conkeldurr
|move|p2a: seal that squeals|Hydro Pump|p1a: Conkeldurr
|-damage|p1a: Conkeldurr|18/100
|
|-status|p1a: Conkeldurr|brn|[from] item: Flame Orb
|upkeep
|turn|16
|
|t:|1661692391
|switch|p2a: inch by flinch|Jirachi|100/100
|move|p1a: Conkeldurr|Facade|p2a: inch by flinch
|-resisted|p2a: inch by flinch
|-damage|p2a: inch by flinch|62/100
|
|-heal|p2a: inch by flinch|68/100|[from] item: Leftovers
|-damage|p1a: Conkeldurr|12/100 brn|[from] brn
|upkeep
|turn|17
|inactive|congelateur-sama has 10 seconds left.
|
|t:|1661692397
|switch|p1a: Porygon2|Porygon2|75/100
|-heal|p1a: Porygon2|100/100|[from] move: Healing Wish
|-damage|p1a: Porygon2|88/100|[from] Stealth Rock
|-ability|p1a: Porygon2|Serene Grace|[from] ability: Trace|[of] p2a: inch by flinch
|move|p2a: inch by flinch|Protect||[still]
|-fail|p2a: inch by flinch
|
|-heal|p2a: inch by flinch|74/100|[from] item: Leftovers
|-fieldend|move: Trick Room
|upkeep
|turn|18
|
|t:|1661692401
|move|p2a: inch by flinch|Iron Head|p1a: Porygon2
|-damage|p1a: Porygon2|70/100
|move|p1a: Porygon2|Trick Room|p1a: Porygon2
|-fieldstart|move: Trick Room|[of] p1a: Porygon2
|
|-heal|p2a: inch by flinch|80/100|[from] item: Leftovers
|upkeep
|turn|19
|inactive|pokemonisfun has 10 seconds left.
|inactive|pokemonisfun has 5 seconds left.
|inactive|congelateur-sama has 10 seconds left.
|
|t:|1661692416
|switch|p1a: Conkeldurr|Conkeldurr, M|12/100 brn
|-heal|p1a: Conkeldurr|100/100|[from] move: Lunar Dance
|-damage|p1a: Conkeldurr|94/100|[from] Stealth Rock
|move|p2a: inch by flinch|Wish|p2a: inch by flinch
|
|-heal|p2a: inch by flinch|87/100|[from] item: Leftovers
|-status|p1a: Conkeldurr|brn|[from] item: Flame Orb
|upkeep
|turn|20
|inactive|pokemonisfun has 10 seconds left this turn.
|inactive|congelateur-sama has 10 seconds left.
|inactive|pokemonisfun has 5 seconds left.
|
|t:|1661692423
|move|p2a: inch by flinch|Protect|p2a: inch by flinch
|-singleturn|p2a: inch by flinch|Protect
|move|p1a: Conkeldurr|Facade|p2a: inch by flinch
|-activate|p2a: inch by flinch|move: Protect
|
|-heal|p2a: inch by flinch|100/100|[from] move: Wish|[wisher] inch by flinch
|-damage|p1a: Conkeldurr|88/100 brn|[from] brn
|upkeep
|turn|21
|inactive|pokemonisfun has 10 seconds left this turn.
|inactive|pokemonisfun has 5 seconds left.
|
|t:|1661692432
|move|p1a: Conkeldurr|Knock Off|p2a: inch by flinch
|-supereffective|p2a: inch by flinch
|-damage|p2a: inch by flinch|9/100
|-enditem|p2a: inch by flinch|Leftovers|[from] move: Knock Off|[of] p1a: Conkeldurr
|move|p2a: inch by flinch|Wish|p2a: inch by flinch
|
|-damage|p1a: Conkeldurr|82/100 brn|[from] brn
|upkeep
|turn|22
|inactive|pokemonisfun has 10 seconds left this turn.
|inactive|congelateur-sama has 10 seconds left.
|
|t:|1661692440
|move|p2a: inch by flinch|Protect|p2a: inch by flinch
|-singleturn|p2a: inch by flinch|Protect
|move|p1a: Conkeldurr|Close Combat|p2a: inch by flinch
|-activate|p2a: inch by flinch|move: Protect
|
|-heal|p2a: inch by flinch|59/100|[from] move: Wish|[wisher] inch by flinch
|-damage|p1a: Conkeldurr|76/100 brn|[from] brn
|-fieldend|move: Trick Room
|upkeep
|turn|23
|inactive|congelateur-sama has 10 seconds left.
|inactive|pokemonisfun has 10 seconds left.
|j| isabela000◥▶_◀◤
|
|t:|1661692449
|move|p2a: inch by flinch|Iron Head|p1a: Conkeldurr
|-damage|p1a: Conkeldurr|54/100 brn
|move|p1a: Conkeldurr|Knock Off|p2a: inch by flinch
|-supereffective|p2a: inch by flinch
|-damage|p2a: inch by flinch|0 fnt
|faint|p2a: inch by flinch
|
|-damage|p1a: Conkeldurr|48/100 brn|[from] brn
|upkeep
|
|t:|1661692452
|switch|p2a: seal that squeals|Primarina, M|76/100
|turn|24
|inactive|congelateur-sama has 10 seconds left.
|inactive|pokemonisfun has 10 seconds left.
|l| isabela000◥▶_◀◤
|
|t:|1661692458
|move|p1a: Conkeldurr|Mach Punch|p2a: seal that squeals
|-resisted|p2a: seal that squeals
|-damage|p2a: seal that squeals|51/100
|move|p2a: seal that squeals|Hydro Pump|p1a: Conkeldurr
|-damage|p1a: Conkeldurr|0 fnt
|faint|p1a: Conkeldurr
|
|upkeep
|
|t:|1661692460
|switch|p1a: Porygon2|Porygon2|70/100
|-damage|p1a: Porygon2|57/100|[from] Stealth Rock
|-ability|p1a: Porygon2|Torrent|[from] ability: Trace|[of] p2a: seal that squeals
|turn|25
|inactive|pokemonisfun has 10 seconds left.
|
|t:|1661692469
|move|p2a: seal that squeals|Hydro Pump|p1a: Porygon2
|-damage|p1a: Porygon2|27/100
|move|p1a: Porygon2|Trick Room|p1a: Porygon2
|-fieldstart|move: Trick Room|[of] p1a: Porygon2
|
|upkeep
|turn|26
|
|t:|1661692472
|move|p2a: seal that squeals|Hydro Pump|p1a: Porygon2
|-damage|p1a: Porygon2|0 fnt
|faint|p1a: Porygon2
|
|upkeep
|
|t:|1661692474
|switch|p1a: Stakataka|Stakataka|100/100
|-damage|p1a: Stakataka|94/100|[from] Stealth Rock
|turn|27
|
|t:|1661692478
|move|p1a: Stakataka|Gyro Ball|p2a: seal that squeals
|-damage|p2a: seal that squeals|0 fnt
|faint|p2a: seal that squeals
|-ability|p1a: Stakataka|Beast Boost|boost
|-boost|p1a: Stakataka|atk|1
|
|upkeep
|
|t:|1661692480
|switch|p2a: funky monkey|Zarude|24/100
|turn|28
|
|t:|1661692482
|move|p1a: Stakataka|Gyro Ball|p2a: funky monkey
|-damage|p2a: funky monkey|0 fnt
|faint|p2a: funky monkey
|
|win|congelateur-sama
|n|☆congelateur-sama|congelateursama
|n|☆pokemonisfun|pokemonisfun
|n| Queen of Bean ✿|queenofbean
