|html|<div class="broadcast-blue"><strong>[Gen 8] UU is currently suspecting Aegislash! For information on how to participate check out the <a href="https://www.smogon.com/forums/threads/np-ss-uu-stage-11-1-kingslayer.3698890/">suspect thread</a>.</strong></div>
|j|☆LuckyPiper
|j|☆pif
|t:|1648004121
|gametype|singles
|player|p1|LuckyPiper|clerkf|
|player|p2|pif|102|
|teamsize|p1|6
|teamsize|p2|6
|gen|8
|tier|[Gen 8] UU
|rule|Sleep Clause Mod: Limit one foe put to sleep
|rule|Species Clause: Limit one of each Pokémon
|rule|OHKO Clause: OHKO moves are banned
|rule|Evasion Moves Clause: Evasion moves are banned
|rule|Endless Battle Clause: Forcing endless battles is banned
|rule|HP Percentage Mod: HP is shown in percentages
|rule|Dynamax Clause: You cannot dynamax
|clearpoke
|poke|p1|Nihilego|
|poke|p1|Aegislash, M|
|poke|p1|Mamoswine, F|
|poke|p1|Thundurus-Therian, M|
|poke|p1|Slowking, M|
|poke|p1|Mandibuzz, F|
|poke|p2|Hydreigon, M|
|poke|p2|Tapu Bulu|
|poke|p2|Swampert, M|
|poke|p2|Lycanroc-Dusk, F|
|poke|p2|Moltres|
|poke|p2|Jirachi|
|teampreview
|
|t:|1648004146
|start
|switch|p1a: Nihilego|Nihilego|100/100
|switch|p2a: pert that HURTS|Swampert, M|100/100
|turn|1
|
|t:|1648004182
|switch|p1a: Mandibuzz|Mandibuzz, F|100/100
|move|p2a: pert that HURTS|Stealth Rock|p1a: Mandibuzz
|-sidestart|p1: LuckyPiper|move: Stealth Rock
|
|upkeep
|turn|2
|
|t:|1648004188
|move|p1a: Mandibuzz|Knock Off|p2a: pert that HURTS
|-crit|p2a: pert that HURTS
|-damage|p2a: pert that HURTS|70/100
|-enditem|p2a: pert that HURTS|Leftovers|[from] move: Knock Off|[of] p1a: Mandibuzz
|move|p2a: pert that HURTS|Toxic|p1a: Mandibuzz
|-status|p1a: Mandibuzz|tox
|
|-damage|p1a: Mandibuzz|94/100 tox|[from] psn
|upkeep
|turn|3
|
|t:|1648004193
|move|p1a: Mandibuzz|U-turn|p2a: pert that HURTS
|-damage|p2a: pert that HURTS|61/100
|
|t:|1648004198
|switch|p1a: Thundurus|Thundurus-Therian, M|100/100|[from]move: U-turn
|move|p2a: pert that HURTS|Stealth Rock||[still]
|-fail|p2a: pert that HURTS
|
|upkeep
|turn|4
|
|t:|1648004206
|switch|p2a: edgy veggie|Tapu Bulu|100/100
|-fieldstart|move: Grassy Terrain|[from] ability: Grassy Surge|[of] p2a: edgy veggie
|move|p1a: Thundurus|Defog|p2a: edgy veggie
|-unboost|p2a: edgy veggie|evasion|1
|-sideend|p1: LuckyPiper|Stealth Rock|[from] move: Defog|[of] p1a: Thundurus
|-fieldend|move: Grassy Terrain
|
|upkeep
|turn|5
|
|t:|1648004211
|switch|p2a: pert that HURTS|Swampert, M|61/100
|move|p1a: Thundurus|Volt Switch|p2a: pert that HURTS
|-immune|p2a: pert that HURTS
|
|upkeep
|turn|6
|
|t:|1648004217
|switch|p2a: edgy veggie|Tapu Bulu|100/100
|-fieldstart|move: Grassy Terrain|[from] ability: Grassy Surge|[of] p2a: edgy veggie
|move|p1a: Thundurus|Psychic|p2a: edgy veggie
|-damage|p2a: edgy veggie|66/100
|
|-heal|p2a: edgy veggie|72/100|[from] Grassy Terrain
|-heal|p2a: edgy veggie|78/100|[from] item: Leftovers
|upkeep
|turn|7
|
|t:|1648004225
|switch|p1a: Aegislash|Aegislash, M|100/100
|switch|p2a: pert that HURTS|Swampert, M|61/100
|
|-heal|p2a: pert that HURTS|67/100|[from] Grassy Terrain
|upkeep
|turn|8
|
|t:|1648004228
|move|p1a: Aegislash|Toxic|p2a: pert that HURTS
|-status|p2a: pert that HURTS|tox
|move|p2a: pert that HURTS|Stealth Rock|p1a: Aegislash
|-sidestart|p1: LuckyPiper|move: Stealth Rock
|
|-heal|p2a: pert that HURTS|73/100 tox|[from] Grassy Terrain
|-damage|p2a: pert that HURTS|67/100 tox|[from] psn
|upkeep
|turn|9
|
|t:|1648004234
|switch|p2a: snekky snek|Hydreigon, M|100/100
|move|p1a: Aegislash|Substitute|p1a: Aegislash
|-start|p1a: Aegislash|Substitute
|-damage|p1a: Aegislash|75/100
|
|-heal|p1a: Aegislash|82/100|[from] Grassy Terrain
|-heal|p1a: Aegislash|88/100|[from] item: Leftovers
|upkeep
|turn|10
|
|t:|1648004247
|move|p2a: snekky snek|Dark Pulse|p1a: Aegislash
|-supereffective|p1a: Aegislash
|-end|p1a: Aegislash|Substitute
|-formechange|p1a: Aegislash|Aegislash-Blade||[from] ability: Stance Change
|move|p1a: Aegislash|Shadow Ball|p2a: snekky snek
|-resisted|p2a: snekky snek
|-damage|p2a: snekky snek|80/100
|-unboost|p2a: snekky snek|spd|1
|
|-heal|p1a: Aegislash|94/100|[from] Grassy Terrain
|-heal|p1a: Aegislash|99/100|[from] item: Leftovers
|-fieldend|move: Grassy Terrain
|upkeep
|turn|11
|
|t:|1648004255
|switch|p1a: Mandibuzz|Mandibuzz, F|94/100 tox
|move|p2a: snekky snek|Dark Pulse|p1a: Mandibuzz
|-resisted|p1a: Mandibuzz
|-damage|p1a: Mandibuzz|74/100 tox
|
|-damage|p1a: Mandibuzz|68/100 tox|[from] psn
|upkeep
|turn|12
|
|t:|1648004264
|switch|p2a: edgy veggie|Tapu Bulu|78/100
|-fieldstart|move: Grassy Terrain|[from] ability: Grassy Surge|[of] p2a: edgy veggie
|move|p1a: Mandibuzz|U-turn|p2a: edgy veggie
|-crit|p2a: edgy veggie
|-damage|p2a: edgy veggie|64/100
|
|t:|1648004267
|switch|p1a: Nihilego|Nihilego|100/100|[from]move: U-turn
|-damage|p1a: Nihilego|88/100|[from] Stealth Rock
|
|-heal|p1a: Nihilego|94/100|[from] Grassy Terrain
|-heal|p1a: Nihilego|99/100|[from] item: Black Sludge
|-heal|p2a: edgy veggie|70/100|[from] Grassy Terrain
|-heal|p2a: edgy veggie|76/100|[from] item: Leftovers
|upkeep
|turn|13
|
|t:|1648004273
|switch|p2a: pert that HURTS|Swampert, M|67/100 tox
|move|p1a: Nihilego|Stealth Rock|p2a: pert that HURTS
|-sidestart|p2: pif|move: Stealth Rock
|
|-heal|p1a: Nihilego|100/100|[from] Grassy Terrain
|-heal|p2a: pert that HURTS|73/100 tox|[from] Grassy Terrain
|-damage|p2a: pert that HURTS|67/100 tox|[from] psn
|upkeep
|turn|14
|
|t:|1648004282
|switch|p1a: Aegislash|Aegislash, M|99/100
|-damage|p1a: Aegislash|94/100|[from] Stealth Rock
|move|p2a: pert that HURTS|Toxic|p1a: Aegislash
|-immune|p1a: Aegislash
|
|-heal|p1a: Aegislash|99/100|[from] Grassy Terrain
|-heal|p1a: Aegislash|100/100|[from] item: Leftovers
|-heal|p2a: pert that HURTS|73/100 tox|[from] Grassy Terrain
|-damage|p2a: pert that HURTS|61/100 tox|[from] psn
|upkeep
|turn|15
|
|t:|1648004286
|move|p1a: Aegislash|Substitute|p1a: Aegislash
|-start|p1a: Aegislash|Substitute
|-damage|p1a: Aegislash|75/100
|move|p2a: pert that HURTS|Flip Turn|p1a: Aegislash
|-crit|p1a: Aegislash
|-end|p1a: Aegislash|Substitute
|
|t:|1648004292
|switch|p2a: snekky snek|Hydreigon, M|80/100|[from]move: Flip Turn
|-damage|p2a: snekky snek|68/100|[from] Stealth Rock
|
|-heal|p1a: Aegislash|82/100|[from] Grassy Terrain
|-heal|p1a: Aegislash|88/100|[from] item: Leftovers
|upkeep
|turn|16
|
|t:|1648004296
|move|p1a: Aegislash|King's Shield|p1a: Aegislash
|-singleturn|p1a: Aegislash|Protect
|move|p2a: snekky snek|Dark Pulse|p1a: Aegislash
|-activate|p1a: Aegislash|move: Protect
|
|-heal|p1a: Aegislash|94/100|[from] Grassy Terrain
|-heal|p1a: Aegislash|99/100|[from] item: Leftovers
|-fieldend|move: Grassy Terrain
|upkeep
|turn|17
|
|t:|1648004300
|switch|p1a: Mandibuzz|Mandibuzz, F|68/100 tox
|move|p2a: snekky snek|Dark Pulse|p1a: Mandibuzz
|-resisted|p1a: Mandibuzz
|-damage|p1a: Mandibuzz|50/100 tox
|
|-damage|p1a: Mandibuzz|44/100 tox|[from] psn
|upkeep
|turn|18
|
|t:|1648004308
|move|p2a: snekky snek|Dark Pulse|p1a: Mandibuzz
|-resisted|p1a: Mandibuzz
|-damage|p1a: Mandibuzz|23/100 tox
|move|p1a: Mandibuzz|Roost|p1a: Mandibuzz
|-heal|p1a: Mandibuzz|73/100 tox
|-singleturn|p1a: Mandibuzz|move: Roost
|
|-damage|p1a: Mandibuzz|61/100 tox|[from] psn
|upkeep
|turn|19
|
|t:|1648004313
|move|p2a: snekky snek|Dark Pulse|p1a: Mandibuzz
|-resisted|p1a: Mandibuzz
|-damage|p1a: Mandibuzz|41/100 tox
|move|p1a: Mandibuzz|U-turn|p2a: snekky snek
|-supereffective|p2a: snekky snek
|-damage|p2a: snekky snek|39/100
|
|t:|1648004317
|switch|p1a: Mamoswine|Mamoswine, F|100/100|[from]move: U-turn
|-damage|p1a: Mamoswine|88/100|[from] Stealth Rock
|
|upkeep
|turn|20
|
|t:|1648004322
|switch|p2a: flinchy winchy|Jirachi|100/100
|-damage|p2a: flinchy winchy|94/100|[from] Stealth Rock
|move|p1a: Mamoswine|Ice Shard|p2a: flinchy winchy
|-resisted|p2a: flinchy winchy
|-damage|p2a: flinchy winchy|80/100
|
|upkeep
|turn|21
|
|t:|1648004330
|switch|p1a: Aegislash|Aegislash, M|99/100
|-damage|p1a: Aegislash|94/100|[from] Stealth Rock
|move|p2a: flinchy winchy|U-turn|p1a: Aegislash
|-resisted|p1a: Aegislash
|-damage|p1a: Aegislash|90/100
|
|t:|1648004334
|switch|p2a: snekky snek|Hydreigon, M|39/100|[from]move: U-turn
|-damage|p2a: snekky snek|26/100|[from] Stealth Rock
|
|-heal|p1a: Aegislash|96/100|[from] item: Leftovers
|upkeep
|turn|22
|
|t:|1648004339
|move|p1a: Aegislash|King's Shield|p1a: Aegislash
|-singleturn|p1a: Aegislash|Protect
|move|p2a: snekky snek|Dark Pulse|p1a: Aegislash
|-activate|p1a: Aegislash|move: Protect
|
|-heal|p1a: Aegislash|100/100|[from] item: Leftovers
|upkeep
|turn|23
|
|t:|1648004347
|switch|p1a: Mandibuzz|Mandibuzz, F|41/100 tox
|move|p2a: snekky snek|Dark Pulse|p1a: Mandibuzz
|-resisted|p1a: Mandibuzz
|-damage|p1a: Mandibuzz|20/100 tox
|
|-damage|p1a: Mandibuzz|14/100 tox|[from] psn
|upkeep
|turn|24
|
|t:|1648004353
|move|p2a: snekky snek|Dark Pulse|p1a: Mandibuzz
|-resisted|p1a: Mandibuzz
|-damage|p1a: Mandibuzz|0 fnt
|faint|p1a: Mandibuzz
|
|upkeep
|
|t:|1648004355
|switch|p1a: Mamoswine|Mamoswine, F|88/100
|-damage|p1a: Mamoswine|76/100|[from] Stealth Rock
|turn|25
|
|t:|1648004358
|switch|p2a: flinchy winchy|Jirachi|80/100
|-damage|p2a: flinchy winchy|74/100|[from] Stealth Rock
|move|p1a: Mamoswine|Ice Shard|p2a: flinchy winchy
|-resisted|p2a: flinchy winchy
|-damage|p2a: flinchy winchy|60/100
|
|upkeep
|turn|26
|
|t:|1648004368
|switch|p1a: Aegislash|Aegislash, M|100/100
|-damage|p1a: Aegislash|94/100|[from] Stealth Rock
|move|p2a: flinchy winchy|U-turn|p1a: Aegislash
|-resisted|p1a: Aegislash
|-damage|p1a: Aegislash|90/100
|
|t:|1648004377
|switch|p2a: snekky snek|Hydreigon, M|26/100|[from]move: U-turn
|-damage|p2a: snekky snek|14/100|[from] Stealth Rock
|
|-heal|p1a: Aegislash|96/100|[from] item: Leftovers
|upkeep
|turn|27
|
|t:|1648004381
|move|p1a: Aegislash|King's Shield|p1a: Aegislash
|-singleturn|p1a: Aegislash|Protect
|move|p2a: snekky snek|Dark Pulse|p1a: Aegislash
|-activate|p1a: Aegislash|move: Protect
|
|-heal|p1a: Aegislash|100/100|[from] item: Leftovers
|upkeep
|turn|28
|
|t:|1648004393
|move|p2a: snekky snek|Dark Pulse|p1a: Aegislash
|-supereffective|p1a: Aegislash
|-damage|p1a: Aegislash|33/100
|-formechange|p1a: Aegislash|Aegislash-Blade||[from] ability: Stance Change
|move|p1a: Aegislash|Shadow Ball|p2a: snekky snek
|-resisted|p2a: snekky snek
|-damage|p2a: snekky snek|0 fnt
|faint|p2a: snekky snek
|
|-heal|p1a: Aegislash|39/100|[from] item: Leftovers
|upkeep
|
|t:|1648004406
|switch|p2a: all bite no bark|Lycanroc-Dusk, F|100/100
|-damage|p2a: all bite no bark|88/100|[from] Stealth Rock
|turn|29
|
|t:|1648004410
|switch|p1a: Slowking|Slowking, M|100/100
|-damage|p1a: Slowking|88/100|[from] Stealth Rock
|move|p2a: all bite no bark|Stone Edge|p1a: Slowking|[miss]
|-miss|p2a: all bite no bark|p1a: Slowking
|
|upkeep
|turn|30
|
|t:|1648004422
|switch|p2a: edgy veggie|Tapu Bulu|76/100
|-damage|p2a: edgy veggie|64/100|[from] Stealth Rock
|-fieldstart|move: Grassy Terrain|[from] ability: Grassy Surge|[of] p2a: edgy veggie
|move|p1a: Slowking|Teleport|p1a: Slowking
|
|t:|1648004425
|switch|p1a: Nihilego|Nihilego|100/100|[from]move: Teleport
|-damage|p1a: Nihilego|88/100|[from] Stealth Rock
|
|-heal|p1a: Nihilego|94/100|[from] Grassy Terrain
|-heal|p1a: Nihilego|99/100|[from] item: Black Sludge
|-heal|p2a: edgy veggie|70/100|[from] Grassy Terrain
|-heal|p2a: edgy veggie|76/100|[from] item: Leftovers
|upkeep
|turn|31
|
|t:|1648004435
|switch|p2a: pert that HURTS|Swampert, M|61/100 tox
|-damage|p2a: pert that HURTS|54/100 tox|[from] Stealth Rock
|move|p1a: Nihilego|Knock Off|p2a: pert that HURTS
|-damage|p2a: pert that HURTS|47/100 tox
|
|-heal|p1a: Nihilego|100/100|[from] Grassy Terrain
|-heal|p2a: pert that HURTS|53/100 tox|[from] Grassy Terrain
|-damage|p2a: pert that HURTS|47/100 tox|[from] psn
|upkeep
|turn|32
|
|t:|1648004447
|switch|p1a: Slowking|Slowking, M|100/100
|-damage|p1a: Slowking|88/100|[from] Stealth Rock
|move|p2a: pert that HURTS|Toxic|p1a: Slowking|[miss]
|-miss|p2a: pert that HURTS|p1a: Slowking
|
|-heal|p2a: pert that HURTS|53/100 tox|[from] Grassy Terrain
|-heal|p1a: Slowking|94/100|[from] Grassy Terrain
|-damage|p2a: pert that HURTS|41/100 tox|[from] psn
|upkeep
|turn|33
|c|☆LuckyPiper|Srry
|
|t:|1648004464
|move|p2a: pert that HURTS|Toxic|p1a: Slowking
|-status|p1a: Slowking|tox
|move|p1a: Slowking|Psychic|p2a: pert that HURTS
|-damage|p2a: pert that HURTS|18/100 tox
|
|-heal|p2a: pert that HURTS|25/100 tox|[from] Grassy Terrain
|-heal|p1a: Slowking|99/100 tox|[from] Grassy Terrain
|-damage|p2a: pert that HURTS|6/100 tox|[from] psn
|-damage|p1a: Slowking|94/100 tox|[from] psn
|upkeep
|turn|34
|
|t:|1648004474
|move|p2a: pert that HURTS|Flip Turn|p1a: Slowking
|-resisted|p1a: Slowking
|-damage|p1a: Slowking|82/100 tox
|
|t:|1648004481
|switch|p2a: flinchy winchy|Jirachi|60/100|[from]move: Flip Turn
|-damage|p2a: flinchy winchy|54/100|[from] Stealth Rock
|move|p1a: Slowking|Teleport|p1a: Slowking
|
|t:|1648004485
|switch|p1a: Aegislash|Aegislash, M|39/100|[from]move: Teleport
|-damage|p1a: Aegislash|33/100|[from] Stealth Rock
|
|-heal|p2a: flinchy winchy|60/100|[from] Grassy Terrain
|-heal|p1a: Aegislash|39/100|[from] Grassy Terrain
|-heal|p1a: Aegislash|46/100|[from] item: Leftovers
|-fieldend|move: Grassy Terrain
|upkeep
|turn|35
|
|t:|1648004489
|move|p2a: flinchy winchy|Trick|p1a: Aegislash
|-activate|p2a: flinchy winchy|move: Trick|[of] p1a: Aegislash
|-item|p1a: Aegislash|Choice Scarf|[from] move: Trick
|-item|p2a: flinchy winchy|Leftovers|[from] move: Trick
|move|p1a: Aegislash|Substitute|p1a: Aegislash
|-start|p1a: Aegislash|Substitute
|-damage|p1a: Aegislash|21/100
|
|-heal|p2a: flinchy winchy|66/100|[from] item: Leftovers
|upkeep
|turn|36
|
|t:|1648004503
|switch|p1a: Thundurus|Thundurus-Therian, M|100/100
|move|p2a: flinchy winchy|U-turn|p1a: Thundurus
|-resisted|p1a: Thundurus
|-damage|p1a: Thundurus|86/100
|
|t:|1648004520
|switch|p2a: edgy veggie|Tapu Bulu|76/100|[from]move: U-turn
|-damage|p2a: edgy veggie|63/100|[from] Stealth Rock
|-fieldstart|move: Grassy Terrain|[from] ability: Grassy Surge|[of] p2a: edgy veggie
|
|-heal|p2a: edgy veggie|69/100|[from] Grassy Terrain
|-heal|p2a: edgy veggie|75/100|[from] item: Leftovers
|upkeep
|turn|37
|
|t:|1648004526
|move|p1a: Thundurus|Volt Switch|p2a: edgy veggie
|-resisted|p2a: edgy veggie
|-damage|p2a: edgy veggie|54/100
|
|t:|1648004528
|switch|p1a: Nihilego|Nihilego|100/100|[from]move: Volt Switch
|-damage|p1a: Nihilego|88/100|[from] Stealth Rock
|move|p2a: edgy veggie|Horn Leech|p1a: Nihilego
|-damage|p1a: Nihilego|7/100
|-heal|p2a: edgy veggie|99/100|[from] drain|[of] p1a: Nihilego
|
|-heal|p1a: Nihilego|13/100|[from] Grassy Terrain
|-heal|p1a: Nihilego|19/100|[from] item: Black Sludge
|-heal|p2a: edgy veggie|100/100|[from] Grassy Terrain
|upkeep
|turn|38
|
|t:|1648004541
|switch|p2a: pert that HURTS|Swampert, M|6/100 tox
|-damage|p2a: pert that HURTS|0 fnt|[from] Stealth Rock
|faint|p2a: pert that HURTS
|move|p1a: Nihilego|Sludge Wave|p2: pert that HURTS|[notarget]
|-fail|p1a: Nihilego
|
|-heal|p1a: Nihilego|25/100|[from] Grassy Terrain
|-heal|p1a: Nihilego|31/100|[from] item: Black Sludge
|upkeep
|
|t:|1648004544
|switch|p2a: flinchy winchy|Jirachi|66/100
|-damage|p2a: flinchy winchy|60/100|[from] Stealth Rock
|turn|39
|
|t:|1648004553
|move|p1a: Nihilego|Knock Off|p2a: flinchy winchy
|-supereffective|p2a: flinchy winchy
|-damage|p2a: flinchy winchy|37/100
|-enditem|p2a: flinchy winchy|Leftovers|[from] move: Knock Off|[of] p1a: Nihilego
|move|p2a: flinchy winchy|Iron Head|p1a: Nihilego
|-supereffective|p1a: Nihilego
|-damage|p1a: Nihilego|0 fnt
|faint|p1a: Nihilego
|
|-heal|p2a: flinchy winchy|43/100|[from] Grassy Terrain
|upkeep
|
|t:|1648004560
|switch|p1a: Aegislash|Aegislash, M|21/100
|-damage|p1a: Aegislash|14/100|[from] Stealth Rock
|turn|40
|
|t:|1648004564
|move|p2a: flinchy winchy|Thunder Punch|p1a: Aegislash
|-damage|p1a: Aegislash|0 fnt
|faint|p1a: Aegislash
|
|-heal|p2a: flinchy winchy|49/100|[from] Grassy Terrain
|-fieldend|move: Grassy Terrain
|upkeep
|
|t:|1648004568
|switch|p1a: Thundurus|Thundurus-Therian, M|86/100
|turn|41
|c|☆LuckyPiper|That was poor
|
|t:|1648004583
|switch|p2a: moltres leche|Moltres|100/100
|move|p1a: Thundurus|Volt Switch|p2a: moltres leche
|-supereffective|p2a: moltres leche
|-damage|p2a: moltres leche|17/100
|
|t:|1648004586
|switch|p1a: Mamoswine|Mamoswine, F|76/100|[from]move: Volt Switch
|-damage|p1a: Mamoswine|63/100|[from] Stealth Rock
|
|upkeep
|turn|42
|
|t:|1648004593
|move|p1a: Mamoswine|Ice Shard|p2a: moltres leche
|-damage|p2a: moltres leche|0 fnt
|faint|p2a: moltres leche
|
|upkeep
|
|t:|1648004600
|switch|p2a: all bite no bark|Lycanroc-Dusk, F|88/100
|-damage|p2a: all bite no bark|76/100|[from] Stealth Rock
|turn|43
|
|t:|1648004609
|switch|p1a: Slowking|Slowking, M|100/100 tox
|-damage|p1a: Slowking|88/100 tox|[from] Stealth Rock
|move|p2a: all bite no bark|Crunch|p1a: Slowking
|-supereffective|p1a: Slowking
|-enditem|p1a: Slowking|Colbur Berry|[eat]
|-enditem|p1a: Slowking|Colbur Berry|[weaken]
|-damage|p1a: Slowking|55/100 tox
|-damage|p2a: all bite no bark|66/100|[from] item: Life Orb
|
|-damage|p1a: Slowking|49/100 tox|[from] psn
|upkeep
|turn|44
|
|t:|1648004618
|switch|p1a: Thundurus|Thundurus-Therian, M|86/100
|move|p2a: all bite no bark|Crunch|p1a: Thundurus
|-damage|p1a: Thundurus|19/100
|-damage|p2a: all bite no bark|56/100|[from] item: Life Orb
|
|upkeep
|turn|45
|
|t:|1648004622
|move|p2a: all bite no bark|Crunch|p1a: Thundurus
|-damage|p1a: Thundurus|0 fnt
|faint|p1a: Thundurus
|-damage|p2a: all bite no bark|46/100|[from] item: Life Orb
|
|upkeep
|
|t:|1648004627
|switch|p1a: Slowking|Slowking, M|82/100 tox
|-damage|p1a: Slowking|70/100 tox|[from] Stealth Rock
|turn|46
|
|t:|1648004633
|move|p2a: all bite no bark|Crunch|p1a: Slowking
|-supereffective|p1a: Slowking
|-damage|p1a: Slowking|3/100 tox
|-damage|p2a: all bite no bark|36/100|[from] item: Life Orb
|move|p1a: Slowking|Teleport|p1a: Slowking
|
|t:|1648004636
|switch|p1a: Mamoswine|Mamoswine, F|63/100|[from]move: Teleport
|-damage|p1a: Mamoswine|51/100|[from] Stealth Rock
|
|upkeep
|turn|47
|
|t:|1648004641
|move|p2a: all bite no bark|Accelerock|p1a: Mamoswine
|-damage|p1a: Mamoswine|14/100
|-damage|p2a: all bite no bark|26/100|[from] item: Life Orb
|move|p1a: Mamoswine|Ice Shard|p2a: all bite no bark
|-damage|p2a: all bite no bark|0 fnt
|faint|p2a: all bite no bark
|
|upkeep
|
|t:|1648004644
|switch|p2a: flinchy winchy|Jirachi|49/100
|-damage|p2a: flinchy winchy|43/100|[from] Stealth Rock
|turn|48
|
|t:|1648004651
|switch|p1a: Slowking|Slowking, M|36/100 tox
|-damage|p1a: Slowking|23/100 tox|[from] Stealth Rock
|move|p2a: flinchy winchy|Iron Head|p1a: Slowking
|-resisted|p1a: Slowking
|-damage|p1a: Slowking|10/100 tox
|
|-damage|p1a: Slowking|4/100 tox|[from] psn
|upkeep
|turn|49
|
|t:|1648004655
|move|p2a: flinchy winchy|Thunder Punch|p1a: Slowking
|-supereffective|p1a: Slowking
|-damage|p1a: Slowking|0 fnt
|faint|p1a: Slowking
|
|upkeep
|
|t:|1648004657
|switch|p1a: Mamoswine|Mamoswine, F|14/100
|-damage|p1a: Mamoswine|1/100|[from] Stealth Rock
|turn|50
|
|t:|1648004660
|move|p2a: flinchy winchy|U-turn|p1a: Mamoswine
|-damage|p1a: Mamoswine|0 fnt
|faint|p1a: Mamoswine
|
|win|pif
|c|☆LuckyPiper|Gg
|c|☆pif|gg
