|j|☆Meow Tse Tung
|j|☆ok now i see ya
|t:|1602182192
|player|p1|Meow Tse Tung|preschoolerf|1697
|player|p2|ok now i see ya|brendan-gen3rs|1645
|teamsize|p1|6
|teamsize|p2|6
|gametype|singles
|gen|8
|tier|[Gen 8] UU
|rated|
|clearpoke
|poke|p1|Keldeo-Resolute|
|poke|p1|Mimikyu, M|
|poke|p1|Mudsdale, F|
|poke|p1|Bisharp, M|
|poke|p1|Rotom-Mow|
|poke|p1|Slowbro-Galar, F|
|poke|p2|Slowbro, M|
|poke|p2|Cobalion|
|poke|p2|Mamoswine, M|
|poke|p2|Chandelure, F|
|poke|p2|Zarude|
|poke|p2|Weezing-Galar, M|
|rule|Sleep Clause Mod: Limit one foe put to sleep
|rule|Species Clause: Limit one of each Pokémon
|rule|OHKO Clause: OHKO moves are banned
|rule|Evasion Moves Clause: Evasion moves are banned
|rule|Endless Battle Clause: Forcing endless battles is banned
|rule|HP Percentage Mod: HP is shown in percentages
|rule|Dynamax Clause: You cannot dynamax
|teampreview
|inactive|Battle timer is ON: inactive players will automatically lose when time's up. (requested by ok now i see ya)
|j| Fu-Gone
|inactive|Meow Tse Tung has 120 seconds left.
|
|t:|1602182235
|start
|switch|p1a: Keldeo|Keldeo-Resolute|100/100
|switch|p2a: Mojo Jojo|Zarude|100/100
|turn|1
|
|t:|1602182241
|switch|p1a: Slowbro|Slowbro-Galar, F|100/100
|switch|p2a: Dope|Slowbro, M|100/100
|
|upkeep
|turn|2
|
|t:|1602182250
|move|p1a: Slowbro|Future Sight|p2a: Dope
|-start|p1a: Slowbro|move: Future Sight
|move|p2a: Dope|Future Sight|p1a: Slowbro
|-start|p2a: Dope|move: Future Sight
|
|upkeep
|turn|3
|
|t:|1602182269
|switch|p1a: Bisharp|Bisharp, M|100/100
|move|p2a: Dope|Teleport|p2a: Dope
|
|t:|1602182276
|switch|p2a: Mojo Jojo|Zarude|100/100|[from]move: Teleport
|
|upkeep
|turn|4
|
|t:|1602182286
|switch|p1a: Slowbro|Slowbro-Galar, F|100/100
|move|p2a: Mojo Jojo|U-turn|p1a: Slowbro
|-damage|p1a: Slowbro|80/100
|
|t:|1602182291
|switch|p2a: Icy Boi|Mamoswine, M|100/100|[from]move: U-turn
|
|-end|p2a: Icy Boi|move: Future Sight
|-damage|p2a: Icy Boi|30/100
|-end|p1a: Slowbro|move: Future Sight
|-damage|p1a: Slowbro|53/100
|upkeep
|turn|5
|
|t:|1602182309
|switch|p1a: Rotom|Rotom-Mow|100/100
|move|p2a: Icy Boi|Icicle Crash|p1a: Rotom
|-supereffective|p1a: Rotom
|-damage|p1a: Rotom|0 fnt
|-damage|p2a: Icy Boi|20/100|[from] item: Life Orb
|faint|p1a: Rotom
|
|upkeep
|
|t:|1602182329
|switch|p1a: Bisharp|Bisharp, M|100/100
|turn|6
|
|t:|1602182332
|switch|p2a: Koba Leon|Cobalion|100/100
|move|p1a: Bisharp|Low Kick|p2a: Koba Leon
|-supereffective|p2a: Koba Leon
|-damage|p2a: Koba Leon|35/100
|-damage|p1a: Bisharp|84/100|[from] item: Rocky Helmet|[of] p2a: Koba Leon
|
|upkeep
|turn|7
|
|t:|1602182335
|move|p1a: Bisharp|Low Kick|p2a: Koba Leon
|-supereffective|p2a: Koba Leon
|-damage|p2a: Koba Leon|0 fnt
|-damage|p1a: Bisharp|67/100|[from] item: Rocky Helmet|[of] p2a: Koba Leon
|faint|p2a: Koba Leon
|
|upkeep
|
|t:|1602182344
|switch|p2a: Swing from the|Chandelure, F|100/100
|turn|8
|
|t:|1602182366
|switch|p1a: Slowbro|Slowbro-Galar, F|87/100
|move|p2a: Swing from the|Shadow Ball|p1a: Slowbro
|-supereffective|p1a: Slowbro
|-damage|p1a: Slowbro|26/100
|-unboost|p1a: Slowbro|spd|1
|
|upkeep
|turn|9
|
|t:|1602182389
|move|p2a: Swing from the|Shadow Ball|p1a: Slowbro
|-supereffective|p1a: Slowbro
|-damage|p1a: Slowbro|0 fnt
|faint|p1a: Slowbro
|
|upkeep
|
|t:|1602182393
|switch|p1a: Keldeo|Keldeo-Resolute|100/100
|turn|10
|
|t:|1602182419
|switch|p2a: Dope|Slowbro, M|100/100
|move|p1a: Keldeo|Flip Turn|p2a: Dope
|-resisted|p2a: Dope
|-damage|p2a: Dope|96/100
|inactive|Meow Tse Tung has 120 seconds left.
|j| Galacman
|
|t:|1602182465
|switch|p1a: Bisharp|Bisharp, M|67/100|[from]move: Flip Turn
|
|upkeep
|turn|11
|
|t:|1602182470
|move|p1a: Bisharp|Knock Off|p2a: Dope
|-supereffective|p2a: Dope
|-damage|p2a: Dope|41/100
|-enditem|p2a: Dope|Heavy-Duty Boots|[from] move: Knock Off|[of] p1a: Bisharp
|move|p2a: Dope|Scald|p1a: Bisharp
|-damage|p1a: Bisharp|18/100
|
|upkeep
|turn|12
|
|t:|1602182491
|move|p1a: Bisharp|Knock Off|p2a: Dope
|-supereffective|p2a: Dope
|-damage|p2a: Dope|0 fnt
|faint|p2a: Dope
|
|upkeep
|
|t:|1602182498
|switch|p2a: Mojo Jojo|Zarude|100/100
|turn|13
|
|t:|1602182503
|move|p1a: Bisharp|Knock Off|p2a: Mojo Jojo
|-resisted|p2a: Mojo Jojo
|-damage|p2a: Mojo Jojo|78/100
|-enditem|p2a: Mojo Jojo|Heavy-Duty Boots|[from] move: Knock Off|[of] p1a: Bisharp
|move|p2a: Mojo Jojo|Power Whip|p1a: Bisharp
|-resisted|p1a: Bisharp
|-damage|p1a: Bisharp|0 fnt
|faint|p1a: Bisharp
|
|upkeep
|inactive|Meow Tse Tung has 120 seconds left.
|
|t:|1602182518
|switch|p1a: Mudsdale|Mudsdale, F|100/100
|turn|14
|
|t:|1602182524
|move|p2a: Mojo Jojo|U-turn|p1a: Mudsdale
|-damage|p1a: Mudsdale|87/100
|-ability|p1a: Mudsdale|Stamina|boost
|-boost|p1a: Mudsdale|def|1
|
|t:|1602182526
|switch|p2a: Bong|Weezing-Galar, M|100/100|[from]move: U-turn
|move|p1a: Mudsdale|Stealth Rock|p2a: Bong
|-sidestart|p2: ok now i see ya|move: Stealth Rock
|
|-heal|p1a: Mudsdale|93/100|[from] item: Leftovers
|upkeep
|turn|15
|
|t:|1602182534
|move|p2a: Bong|Strange Steam|p1a: Mudsdale
|-damage|p1a: Mudsdale|66/100
|-ability|p1a: Mudsdale|Stamina|boost
|-boost|p1a: Mudsdale|def|1
|move|p1a: Mudsdale|Rock Slide|p2a: Bong
|-damage|p2a: Bong|84/100
|
|-heal|p2a: Bong|90/100|[from] item: Black Sludge
|-heal|p1a: Mudsdale|72/100|[from] item: Leftovers
|upkeep
|turn|16
|
|t:|1602182542
|move|p2a: Bong|Strange Steam|p1a: Mudsdale
|-damage|p1a: Mudsdale|45/100
|-ability|p1a: Mudsdale|Stamina|boost
|-boost|p1a: Mudsdale|def|1
|move|p1a: Mudsdale|Rock Slide|p2a: Bong
|-damage|p2a: Bong|74/100
|
|-heal|p2a: Bong|80/100|[from] item: Black Sludge
|-heal|p1a: Mudsdale|51/100|[from] item: Leftovers
|upkeep
|turn|17
|
|t:|1602182551
|move|p2a: Bong|Strange Steam|p1a: Mudsdale
|-damage|p1a: Mudsdale|26/100
|-ability|p1a: Mudsdale|Stamina|boost
|-boost|p1a: Mudsdale|def|1
|move|p1a: Mudsdale|Rock Slide|p2a: Bong|[miss]
|-miss|p1a: Mudsdale|p2a: Bong
|
|-heal|p2a: Bong|86/100|[from] item: Black Sludge
|-heal|p1a: Mudsdale|32/100|[from] item: Leftovers
|upkeep
|turn|18
|
|t:|1602182557
|move|p2a: Bong|Strange Steam|p1a: Mudsdale
|-damage|p1a: Mudsdale|4/100
|-ability|p1a: Mudsdale|Stamina|boost
|-boost|p1a: Mudsdale|def|1
|move|p1a: Mudsdale|Body Press|p2a: Bong
|-resisted|p2a: Bong
|-damage|p2a: Bong|68/100
|
|-heal|p2a: Bong|74/100|[from] item: Black Sludge
|-heal|p1a: Mudsdale|10/100|[from] item: Leftovers
|upkeep
|turn|19
|j| xAnish 乁㋛ㄏ
|
|t:|1602182573
|move|p2a: Bong|Defog|p1a: Mudsdale
|-unboost|p1a: Mudsdale|evasion|1
|-sideend|p2: ok now i see ya|Stealth Rock|[from] move: Defog|[of] p2a: Bong
|move|p1a: Mudsdale|Rock Slide|p2a: Bong
|-crit|p2a: Bong
|-damage|p2a: Bong|51/100
|
|-heal|p2a: Bong|57/100|[from] item: Black Sludge
|-heal|p1a: Mudsdale|17/100|[from] item: Leftovers
|upkeep
|turn|20
|c| xAnish 乁㋛ㄏ|go mao
|
|t:|1602182579
|move|p2a: Bong|Strange Steam|p1a: Mudsdale
|-damage|p1a: Mudsdale|0 fnt
|faint|p1a: Mudsdale
|
|-heal|p2a: Bong|63/100|[from] item: Black Sludge
|upkeep
|
|t:|1602182590
|switch|p1a: Keldeo|Keldeo-Resolute|100/100
|turn|21
|c|☆Meow Tse Tung|thanks
|c|☆Meow Tse Tung|but i invited ramo
|c|☆Meow Tse Tung|and he isnt watching
|c|☆Meow Tse Tung|wanna cry
|
|t:|1602182608
|switch|p2a: Icy Boi|Mamoswine, M|20/100
|move|p1a: Keldeo|Surf|p2a: Icy Boi
|-supereffective|p2a: Icy Boi
|-damage|p2a: Icy Boi|0 fnt
|faint|p2a: Icy Boi
|
|upkeep
|c| xAnish 乁㋛ㄏ|ramo got drafted into snake draft and now thinks hes super cool
|
|t:|1602182621
|switch|p2a: Mojo Jojo|Zarude|78/100
|turn|22
|c|☆Meow Tse Tung|i know
|l| Fu-Gone
|c| xAnish 乁㋛ㄏ|do we ganhamos?
|inactive|Meow Tse Tung has 120 seconds left.
|inactive|Meow Tse Tung has 90 seconds left.
|c|☆Meow Tse Tung|dc test
|l|☆Meow Tse Tung
|inactive|Meow Tse Tung disconnected and has a minute to reconnect!
|player|p1|
|
|t:|1602182714
|move|p1a: Keldeo|Surf|p2a: Mojo Jojo
|-resisted|p2a: Mojo Jojo
|-damage|p2a: Mojo Jojo|46/100
|move|p2a: Mojo Jojo|Power Whip|p1a: Keldeo
|-supereffective|p1a: Keldeo
|-damage|p1a: Keldeo|0 fnt
|faint|p1a: Keldeo
|
|upkeep
|l| Galacman
|inactive|Meow Tse Tung has 30 seconds to reconnect!
|j|☆Meow Tse Tung
|inactive|Meow Tse Tung reconnected and has 65 seconds left.
|player|p1|Meow Tse Tung|preschoolerf
|inactive|Meow Tse Tung has 60 seconds left.
|
|t:|1602182752
|switch|p1a: Mimikyu|Mimikyu, M|100/100
|turn|23
|inactive|Meow Tse Tung has 60 seconds left.
|
|t:|1602182766
|move|p2a: Mojo Jojo|U-turn|p1a: Mimikyu
|-activate|p1a: Mimikyu|ability: Disguise
|-damage|p1a: Mimikyu|100/100
|detailschange|p1a: Mimikyu|Mimikyu-Busted, M
|-damage|p1a: Mimikyu|88/100|[from] pokemon: Mimikyu-Busted
|
|t:|1602182770
|switch|p2a: Swing from the|Chandelure, F|100/100|[from]move: U-turn
|move|p1a: Mimikyu|Swords Dance|p1a: Mimikyu
|-boost|p1a: Mimikyu|atk|2
|
|upkeep
|turn|24
|
|t:|1602182778
|move|p1a: Mimikyu|Shadow Sneak|p2a: Swing from the
|-supereffective|p2a: Swing from the
|-damage|p2a: Swing from the|0 fnt
|-damage|p1a: Mimikyu|78/100|[from] item: Life Orb
|faint|p2a: Swing from the
|
|upkeep
|
|t:|1602182780
|switch|p2a: Mojo Jojo|Zarude|46/100
|turn|25
|
|t:|1602182802
|move|p2a: Mojo Jojo|Power Whip|p1a: Mimikyu
|-damage|p1a: Mimikyu|0 fnt
|faint|p1a: Mimikyu
|
|win|ok now i see ya
