|j|☆vive macron
|j|☆BurningDownDaHouse
|t:|1645808005
|gametype|singles
|player|p1|vive macron|ninjaboy|1467
|player|p2|BurningDownDaHouse|flannery|1442
|teamsize|p1|6
|teamsize|p2|6
|gen|8
|tier|[Gen 8] UU
|rated|
|rule|Sleep Clause Mod: Limit one foe put to sleep
|rule|Species Clause: Limit one of each Pokémon
|rule|OHKO Clause: OHKO moves are banned
|rule|Evasion Moves Clause: Evasion moves are banned
|rule|Endless Battle Clause: Forcing endless battles is banned
|rule|HP Percentage Mod: HP is shown in percentages
|rule|Dynamax Clause: You cannot dynamax
|clearpoke
|poke|p1|Skarmory, M|
|poke|p1|Swampert, M|
|poke|p1|Darmanitan, F|
|poke|p1|Tentacruel, M|
|poke|p1|Zygarde-10%|
|poke|p1|Thundurus-Therian, M|
|poke|p2|Chansey, F|
|poke|p2|Torkoal, F|
|poke|p2|Darmanitan, F|
|poke|p2|Venusaur, F|
|poke|p2|Mandibuzz, F|
|poke|p2|Krookodile, F|
|teampreview
|
|t:|1645808022
|start
|switch|p1a: Tentacruel|Tentacruel, M|100/100
|switch|p2a: Torkoal|Torkoal, F|100/100
|-weather|SunnyDay|[from] ability: Drought|[of] p2a: Torkoal
|turn|1
|
|t:|1645808032
|move|p1a: Tentacruel|Scald|p2a: Torkoal
|-supereffective|p2a: Torkoal
|-damage|p2a: Torkoal|69/100
|move|p2a: Torkoal|Stealth Rock|p1a: Tentacruel
|-sidestart|p1: vive macron|move: Stealth Rock
|
|-weather|SunnyDay|[upkeep]
|upkeep
|turn|2
|
|t:|1645808039
|move|p1a: Tentacruel|Rapid Spin|p2a: Torkoal
|-damage|p2a: Torkoal|65/100
|-boost|p1a: Tentacruel|spe|1
|-sideend|p1: vive macron|Stealth Rock|[from] move: Rapid Spin|[of] p1a: Tentacruel
|move|p2a: Torkoal|Yawn|p1a: Tentacruel
|-start|p1a: Tentacruel|move: Yawn|[of] p2a: Torkoal
|
|-weather|SunnyDay|[upkeep]
|upkeep
|turn|3
|
|t:|1645808049
|switch|p1a: Zygarde|Zygarde-10%|100/100
|-ability|p1a: Zygarde|Aura Break
|move|p2a: Torkoal|Stealth Rock|p1a: Zygarde
|-sidestart|p1: vive macron|move: Stealth Rock
|
|-weather|SunnyDay|[upkeep]
|upkeep
|turn|4
|
|t:|1645808058
|switch|p2a: Venusaur|Venusaur, F|100/100
|move|p1a: Zygarde|Thousand Arrows|p2a: Venusaur
|-damage|p2a: Venusaur|24/100
|
|-weather|SunnyDay|[upkeep]
|upkeep
|turn|5
|
|t:|1645808068
|switch|p1a: Tentacruel|Tentacruel, M|100/100
|-damage|p1a: Tentacruel|88/100|[from] Stealth Rock
|move|p2a: Venusaur|Giga Drain|p1a: Tentacruel
|-damage|p1a: Tentacruel|53/100
|-damage|p2a: Venusaur|3/100|[from] ability: Liquid Ooze|[of] p1a: Tentacruel
|-damage|p2a: Venusaur|0 fnt|[from] item: Life Orb
|faint|p2a: Venusaur
|
|-weather|SunnyDay|[upkeep]
|-heal|p1a: Tentacruel|59/100|[from] item: Black Sludge
|upkeep
|
|t:|1645808081
|switch|p2a: Krookodile|Krookodile, F|100/100
|turn|6
|
|t:|1645808086
|switch|p1a: Skarmory|Skarmory, M|100/100
|-damage|p1a: Skarmory|88/100|[from] Stealth Rock
|move|p2a: Krookodile|Knock Off|p1a: Skarmory
|-crit|p1a: Skarmory
|-damage|p1a: Skarmory|42/100
|-enditem|p1a: Skarmory|Safety Goggles|[from] move: Knock Off|[of] p2a: Krookodile
|
|-weather|SunnyDay|[upkeep]
|upkeep
|turn|7
|
|t:|1645808105
|move|p2a: Krookodile|Knock Off|p1a: Skarmory
|-damage|p1a: Skarmory|22/100
|move|p1a: Skarmory|Roost|p1a: Skarmory
|-heal|p1a: Skarmory|72/100
|-singleturn|p1a: Skarmory|move: Roost
|
|-weather|SunnyDay|[upkeep]
|upkeep
|turn|8
|
|t:|1645808113
|switch|p2a: Torkoal|Torkoal, F|65/100
|move|p1a: Skarmory|Spikes|p2a: Torkoal
|-sidestart|p2: BurningDownDaHouse|Spikes
|
|-weather|none
|upkeep
|turn|9
|
|t:|1645808124
|switch|p1a: Tentacruel|Tentacruel, M|59/100
|-damage|p1a: Tentacruel|46/100|[from] Stealth Rock
|move|p2a: Torkoal|Rapid Spin|p1a: Tentacruel
|-damage|p1a: Tentacruel|37/100
|-boost|p2a: Torkoal|spe|1
|-sideend|p2: BurningDownDaHouse|Spikes|[from] move: Rapid Spin|[of] p2a: Torkoal
|
|-heal|p1a: Tentacruel|43/100|[from] item: Black Sludge
|upkeep
|turn|10
|
|t:|1645808134
|switch|p2a: Chansey|Chansey, F|100/100
|move|p1a: Tentacruel|Rapid Spin|p2a: Chansey
|-damage|p2a: Chansey|95/100
|-boost|p1a: Tentacruel|spe|1
|-sideend|p1: vive macron|Stealth Rock|[from] move: Rapid Spin|[of] p1a: Tentacruel
|
|-heal|p1a: Tentacruel|49/100|[from] item: Black Sludge
|upkeep
|turn|11
|
|t:|1645808143
|move|p1a: Tentacruel|Knock Off|p2a: Chansey
|-damage|p2a: Chansey|84/100
|-enditem|p2a: Chansey|Eviolite|[from] move: Knock Off|[of] p1a: Tentacruel
|move|p2a: Chansey|Toxic|p1a: Tentacruel
|-immune|p1a: Tentacruel
|
|-heal|p1a: Tentacruel|55/100|[from] item: Black Sludge
|upkeep
|turn|12
|
|t:|1645808154
|switch|p1a: Darmanitan|Darmanitan, F|100/100
|move|p2a: Chansey|Wish|p2a: Chansey
|
|upkeep
|turn|13
|
|t:|1645808161
|switch|p2a: Torkoal|Torkoal, F|65/100
|-weather|SunnyDay|[from] ability: Drought|[of] p2a: Torkoal
|move|p1a: Darmanitan|Flare Blitz|p2a: Torkoal
|-resisted|p2a: Torkoal
|-damage|p2a: Torkoal|27/100
|-damage|p1a: Darmanitan|89/100|[from] Recoil
|
|-weather|SunnyDay|[upkeep]
|-heal|p2a: Torkoal|100/100|[from] move: Wish|[wisher] Chansey
|upkeep
|turn|14
|
|t:|1645808174
|switch|p1a: Tentacruel|Tentacruel, M|55/100
|move|p2a: Torkoal|Yawn|p1a: Tentacruel
|-start|p1a: Tentacruel|move: Yawn|[of] p2a: Torkoal
|
|-weather|SunnyDay|[upkeep]
|-heal|p1a: Tentacruel|61/100|[from] item: Black Sludge
|upkeep
|turn|15
|
|t:|1645808186
|switch|p1a: Swampert|Swampert, M|100/100
|move|p2a: Torkoal|Lava Plume|p1a: Swampert
|-resisted|p1a: Swampert
|-damage|p1a: Swampert|89/100
|-status|p1a: Swampert|brn
|
|-weather|SunnyDay|[upkeep]
|-heal|p1a: Swampert|96/100 brn|[from] item: Leftovers
|-damage|p1a: Swampert|89/100 brn|[from] brn
|upkeep
|turn|16
|
|t:|1645808197
|move|p1a: Swampert|Stealth Rock|p2a: Torkoal
|-sidestart|p2: BurningDownDaHouse|move: Stealth Rock
|move|p2a: Torkoal|Stealth Rock|p1a: Swampert
|-sidestart|p1: vive macron|move: Stealth Rock
|
|-weather|SunnyDay|[upkeep]
|-heal|p1a: Swampert|96/100 brn|[from] item: Leftovers
|-damage|p1a: Swampert|89/100 brn|[from] brn
|upkeep
|turn|17
|
|t:|1645808204
|move|p1a: Swampert|Toxic|p2a: Torkoal
|-status|p2a: Torkoal|tox
|move|p2a: Torkoal|Rapid Spin|p1a: Swampert
|-damage|p1a: Swampert|81/100 brn
|-boost|p2a: Torkoal|spe|1
|-sideend|p2: BurningDownDaHouse|Stealth Rock|[from] move: Rapid Spin|[of] p2a: Torkoal
|
|-weather|SunnyDay|[upkeep]
|-heal|p1a: Swampert|87/100 brn|[from] item: Leftovers
|-damage|p2a: Torkoal|94/100 tox|[from] psn
|-damage|p1a: Swampert|81/100 brn|[from] brn
|upkeep
|turn|18
|
|t:|1645808216
|switch|p2a: Krookodile|Krookodile, F|100/100
|move|p1a: Swampert|Flip Turn|p2a: Krookodile
|-supereffective|p2a: Krookodile
|-damage|p2a: Krookodile|86/100
|
|t:|1645808231
|switch|p1a: Skarmory|Skarmory, M|72/100|[from]move: Flip Turn
|-damage|p1a: Skarmory|60/100|[from] Stealth Rock
|
|-weather|SunnyDay|[upkeep]
|upkeep
|turn|19
|
|t:|1645808238
|move|p2a: Krookodile|Close Combat|p1a: Skarmory
|-damage|p1a: Skarmory|37/100
|-unboost|p2a: Krookodile|def|1
|-unboost|p2a: Krookodile|spd|1
|move|p1a: Skarmory|Spikes|p2a: Krookodile
|-sidestart|p2: BurningDownDaHouse|Spikes
|
|-weather|SunnyDay|[upkeep]
|upkeep
|turn|20
|
|t:|1645808246
|switch|p2a: Darmanitan|Darmanitan, F|100/100
|-damage|p2a: Darmanitan|88/100|[from] Spikes
|move|p1a: Skarmory|Roost|p1a: Skarmory
|-heal|p1a: Skarmory|87/100
|-singleturn|p1a: Skarmory|move: Roost
|
|-weather|none
|upkeep
|turn|21
|
|t:|1645808260
|switch|p1a: Swampert|Swampert, M|81/100 brn
|-damage|p1a: Swampert|75/100 brn|[from] Stealth Rock
|move|p2a: Darmanitan|U-turn|p1a: Swampert
|-damage|p1a: Swampert|51/100 brn
|l|☆BurningDownDaHouse
|player|p2|
|j|☆BurningDownDaHouse
|player|p2|BurningDownDaHouse|flannery
|l|☆BurningDownDaHouse
|player|p2|
|j|☆BurningDownDaHouse
|player|p2|BurningDownDaHouse|flannery
|
|t:|1645808324
|switch|p2a: Mandibuzz|Mandibuzz, F|100/100|[from]move: U-turn
|
|-heal|p1a: Swampert|57/100 brn|[from] item: Leftovers
|-damage|p1a: Swampert|51/100 brn|[from] brn
|upkeep
|turn|22
|
|t:|1645808333
|move|p2a: Mandibuzz|Foul Play|p1a: Swampert
|-damage|p1a: Swampert|18/100 brn
|move|p1a: Swampert|Toxic|p2a: Mandibuzz
|-status|p2a: Mandibuzz|tox
|
|-heal|p1a: Swampert|25/100 brn|[from] item: Leftovers
|-damage|p2a: Mandibuzz|94/100 tox|[from] psn
|-damage|p1a: Swampert|18/100 brn|[from] brn
|upkeep
|turn|23
|
|t:|1645808353
|move|p2a: Mandibuzz|Foul Play|p1a: Swampert
|-damage|p1a: Swampert|0 fnt
|faint|p1a: Swampert
|
|-damage|p2a: Mandibuzz|82/100 tox|[from] psn
|upkeep
|
|t:|1645808360
|switch|p1a: Thundurus|Thundurus-Therian, M|100/100
|-damage|p1a: Thundurus|76/100|[from] Stealth Rock
|turn|24
|
|t:|1645808366
|move|p1a: Thundurus|Thunderbolt|p2a: Mandibuzz
|-supereffective|p2a: Mandibuzz
|-damage|p2a: Mandibuzz|0 fnt
|faint|p2a: Mandibuzz
|-damage|p1a: Thundurus|66/100|[from] item: Life Orb
|
|upkeep
|
|t:|1645808369
|switch|p2a: Torkoal|Torkoal, F|94/100 tox
|-damage|p2a: Torkoal|82/100 tox|[from] Spikes
|-weather|SunnyDay|[from] ability: Drought|[of] p2a: Torkoal
|turn|25
|
|t:|1645808376
|move|p1a: Thundurus|Thunderbolt|p2a: Torkoal
|-damage|p2a: Torkoal|7/100 tox
|-damage|p1a: Thundurus|56/100|[from] item: Life Orb
|move|p2a: Torkoal|Lava Plume|p1a: Thundurus
|-damage|p1a: Thundurus|3/100
|-status|p1a: Thundurus|brn
|
|-weather|SunnyDay|[upkeep]
|-damage|p2a: Torkoal|0 fnt|[from] psn
|faint|p2a: Torkoal
|-damage|p1a: Thundurus|0 fnt|[from] brn
|faint|p1a: Thundurus
|upkeep
|
|t:|1645808400
|switch|p1a: Tentacruel|Tentacruel, M|61/100
|switch|p2a: Darmanitan|Darmanitan, F|88/100
|-damage|p2a: Darmanitan|76/100|[from] Spikes
|-damage|p1a: Tentacruel|49/100|[from] Stealth Rock
|turn|26
|
|t:|1645808410
|move|p2a: Darmanitan|Flare Blitz|p1a: Tentacruel
|-resisted|p1a: Tentacruel
|-damage|p1a: Tentacruel|0 fnt
|faint|p1a: Tentacruel
|-damage|p2a: Darmanitan|59/100|[from] Recoil
|
|-weather|SunnyDay|[upkeep]
|upkeep
|
|t:|1645808432
|switch|p1a: Darmanitan|Darmanitan, F|89/100
|-damage|p1a: Darmanitan|64/100|[from] Stealth Rock
|turn|27
|
|t:|1645808444
|move|p2a: Darmanitan|Flare Blitz|p1a: Darmanitan
|-resisted|p1a: Darmanitan
|-damage|p1a: Darmanitan|0 fnt
|faint|p1a: Darmanitan
|-damage|p2a: Darmanitan|38/100|[from] Recoil
|
|-weather|SunnyDay|[upkeep]
|upkeep
|l|☆BurningDownDaHouse
|player|p2|
|
|t:|1645808451
|switch|p1a: Zygarde|Zygarde-10%|100/100
|-damage|p1a: Zygarde|95/100|[from] Stealth Rock
|-ability|p1a: Zygarde|Aura Break
|turn|28
|j|☆BurningDownDaHouse
|player|p2|BurningDownDaHouse|flannery
|
|t:|1645808461
|move|p1a: Zygarde|Extreme Speed|p2a: Darmanitan
|-damage|p2a: Darmanitan|0 fnt
|faint|p2a: Darmanitan
|
|-weather|SunnyDay|[upkeep]
|upkeep
|
|t:|1645808465
|switch|p2a: Krookodile|Krookodile, F|86/100
|-damage|p2a: Krookodile|74/100|[from] Spikes
|turn|29
|
|t:|1645808474
|switch|p1a: Skarmory|Skarmory, M|87/100
|-damage|p1a: Skarmory|75/100|[from] Stealth Rock
|move|p2a: Krookodile|Stone Edge|p1a: Skarmory
|-damage|p1a: Skarmory|54/100
|
|-weather|SunnyDay|[upkeep]
|upkeep
|turn|30
|
|t:|1645808483
|move|p2a: Krookodile|Stone Edge|p1a: Skarmory
|-damage|p1a: Skarmory|35/100
|move|p1a: Skarmory|Roost|p1a: Skarmory
|-heal|p1a: Skarmory|85/100
|-singleturn|p1a: Skarmory|move: Roost
|
|-weather|SunnyDay|[upkeep]
|upkeep
|turn|31
|
|t:|1645808490
|switch|p2a: Chansey|Chansey, F|84/100
|-damage|p2a: Chansey|72/100|[from] Spikes
|move|p1a: Skarmory|Iron Defense|p1a: Skarmory
|-boost|p1a: Skarmory|def|2
|
|-weather|SunnyDay|[upkeep]
|upkeep
|turn|32
|
|t:|1645808498
|move|p1a: Skarmory|Body Press|p2a: Chansey
|-supereffective|p2a: Chansey
|-damage|p2a: Chansey|0 fnt
|faint|p2a: Chansey
|
|-weather|none
|upkeep
|-message|BurningDownDaHouse forfeited.
|
|win|vive macron
|raw|vive macron's rating: 1467 &rarr; <strong>1486</strong><br />(+19 for winning)
|raw|BurningDownDaHouse's rating: 1442 &rarr; <strong>1423</strong><br />(-19 for losing)
|l|☆BurningDownDaHouse
|c|☆vive macron|GG
||Ladder isn't responding, score probably updated but might not have (Request timeout).
