|j|☆bioche80
|j|☆PKMisnotfun
|t:|1666526388
|gametype|singles
|player|p1|bioche80|clerk|1499
|player|p2|PKMisnotfun|erika-gen1|1462
|teamsize|p1|6
|teamsize|p2|6
|gen|8
|tier|[Gen 8] UU
|rated|
|rule|Sleep Clause Mod: Limit one foe put to sleep
|rule|Species Clause: Limit one of each Pokémon
|rule|OHKO Clause: OHKO moves are banned
|rule|Evasion Items Clause: Evasion items are banned
|rule|Evasion Moves Clause: Evasion moves are banned
|rule|Endless Battle Clause: Forcing endless battles is banned
|rule|HP Percentage Mod: HP is shown in percentages
|rule|Dynamax Clause: You cannot dynamax
|clearpoke
|poke|p1|Conkeldurr, F|
|poke|p1|Golurk|
|poke|p1|Chansey, F|
|poke|p1|Salamence, F|
|poke|p1|Regieleki|
|poke|p1|Cobalion|
|poke|p2|Amoonguss, F|
|poke|p2|Chansey, F|
|poke|p2|Swampert, F|
|poke|p2|Keldeo-Resolute|
|poke|p2|Conkeldurr, F|
|poke|p2|Regieleki|
|teampreview
|inactive|Battle timer is ON: inactive players will automatically lose when time's up. (requested by PKMisnotfun)
|
|t:|1666526416
|start
|switch|p1a: Golurk|Golurk|100/100
|switch|p2a: Swampert|Swampert, F|100/100
|turn|1
|
|t:|1666526423
|move|p1a: Golurk|Poltergeist|p2a: Swampert
|-activate|p2a: Swampert|move: Poltergeist|Leftovers
|-damage|p2a: Swampert|46/100
|move|p2a: Swampert|Stealth Rock|p1a: Golurk
|-sidestart|p1: bioche80|move: Stealth Rock
|
|-heal|p2a: Swampert|52/100|[from] item: Leftovers
|upkeep
|turn|2
|
|t:|1666526432
|switch|p2a: Chansey|Chansey, F|100/100
|move|p1a: Golurk|Poltergeist|p2a: Chansey
|-immune|p2a: Chansey
|
|upkeep
|turn|3
|
|t:|1666526441
|switch|p1a: Cobalion|Cobalion|100/100
|-damage|p1a: Cobalion|97/100|[from] Stealth Rock
|move|p2a: Chansey|Teleport|p2a: Chansey
|
|t:|1666526447
|switch|p2a: Conkeldurr|Conkeldurr, F|100/100|[from]move: Teleport
|
|-status|p2a: Conkeldurr|brn|[from] item: Flame Orb
|upkeep
|turn|4
|
|t:|1666526453
|switch|p1a: Salamence|Salamence, F|100/100
|-damage|p1a: Salamence|76/100|[from] Stealth Rock
|-ability|p1a: Salamence|Intimidate|boost
|-unboost|p2a: Conkeldurr|atk|1
|move|p2a: Conkeldurr|Drain Punch|p1a: Salamence
|-resisted|p1a: Salamence
|-damage|p1a: Salamence|56/100
|-damage|p2a: Conkeldurr|84/100 brn|[from] item: Rocky Helmet|[of] p1a: Salamence
|
|-damage|p2a: Conkeldurr|78/100 brn|[from] brn
|upkeep
|turn|5
|
|t:|1666526475
|switch|p2a: Swampert|Swampert, F|52/100
|move|p1a: Salamence|Defog|p2a: Swampert
|-unboost|p2a: Swampert|evasion|1
|-sideend|p1: bioche80|Stealth Rock|[from] move: Defog|[of] p1a: Salamence
|
|-heal|p2a: Swampert|58/100|[from] item: Leftovers
|upkeep
|turn|6
|
|t:|1666526483
|move|p1a: Salamence|Roost|p1a: Salamence
|-heal|p1a: Salamence|100/100
|-singleturn|p1a: Salamence|move: Roost
|move|p2a: Swampert|Stealth Rock|p1a: Salamence
|-sidestart|p1: bioche80|move: Stealth Rock
|
|-heal|p2a: Swampert|65/100|[from] item: Leftovers
|upkeep
|turn|7
|
|t:|1666526491
|move|p1a: Salamence|Dual Wingbeat|p2a: Swampert
|-damage|p2a: Swampert|52/100
|-damage|p2a: Swampert|41/100
|-hitcount|p2a: Swampert|2
|move|p2a: Swampert|Toxic|p1a: Salamence
|-status|p1a: Salamence|tox
|
|-heal|p2a: Swampert|47/100|[from] item: Leftovers
|-damage|p1a: Salamence|94/100 tox|[from] psn
|upkeep
|turn|8
|
|t:|1666526507
|switch|p1a: Chansey|Chansey, F|100/100
|-damage|p1a: Chansey|88/100|[from] Stealth Rock
|switch|p2a: Amoonguss|Amoonguss, F|100/100
|
|upkeep
|turn|9
|
|t:|1666526514
|move|p2a: Amoonguss|Spore|p1a: Chansey
|-status|p1a: Chansey|slp|[from] move: Spore
|cant|p1a: Chansey|slp
|
|upkeep
|turn|10
|
|t:|1666526521
|move|p2a: Amoonguss|Spore|p1a: Chansey
|-fail|p1a: Chansey|slp
|-curestatus|p1a: Chansey|slp|[msg]
|move|p1a: Chansey|Teleport|p1a: Chansey
|
|t:|1666526540
|switch|p1a: Golurk|Golurk|100/100|[from]move: Teleport
|-damage|p1a: Golurk|94/100|[from] Stealth Rock
|
|upkeep
|turn|11
|
|t:|1666526548
|move|p1a: Golurk|Poltergeist|p2a: Amoonguss
|-activate|p2a: Amoonguss|move: Poltergeist|Rocky Helmet
|-damage|p2a: Amoonguss|28/100
|move|p2a: Amoonguss|Giga Drain|p1a: Golurk
|-supereffective|p1a: Golurk
|-damage|p1a: Golurk|38/100
|-heal|p2a: Amoonguss|49/100|[from] drain|[of] p1a: Golurk
|
|upkeep
|turn|12
|
|t:|1666526558
|switch|p2a: Chansey|Chansey, F|100/100
|move|p1a: Golurk|Poltergeist|p2a: Chansey
|-immune|p2a: Chansey
|
|upkeep
|turn|13
|
|t:|1666526565
|switch|p1a: Conkeldurr|Conkeldurr, F|100/100
|-damage|p1a: Conkeldurr|94/100|[from] Stealth Rock
|move|p2a: Chansey|Toxic|p1a: Conkeldurr
|-status|p1a: Conkeldurr|tox
|
|-damage|p1a: Conkeldurr|88/100 tox|[from] psn
|upkeep
|turn|14
|
|t:|1666526577
|switch|p2a: Amoonguss|Amoonguss, F|82/100
|move|p1a: Conkeldurr|Facade|p2a: Amoonguss
|-damage|p2a: Amoonguss|18/100
|-damage|p1a: Conkeldurr|72/100 tox|[from] item: Rocky Helmet|[of] p2a: Amoonguss
|
|-damage|p1a: Conkeldurr|59/100 tox|[from] psn
|upkeep
|turn|15
|inactive|PKMisnotfun has 120 seconds left.
|
|t:|1666526632
|switch|p2a: Keldeo|Keldeo-Resolute|100/100
|move|p1a: Conkeldurr|Close Combat|p2a: Keldeo
|-damage|p2a: Keldeo|0 fnt
|-unboost|p1a: Conkeldurr|def|1
|-unboost|p1a: Conkeldurr|spd|1
|faint|p2a: Keldeo
|
|-damage|p1a: Conkeldurr|41/100 tox|[from] psn
|upkeep
|
|t:|1666526639
|switch|p2a: Conkeldurr|Conkeldurr, F|78/100 brn
|turn|16
|
|t:|1666526644
|switch|p1a: Salamence|Salamence, F|94/100 tox
|-damage|p1a: Salamence|69/100 tox|[from] Stealth Rock
|-ability|p1a: Salamence|Intimidate|boost
|-unboost|p2a: Conkeldurr|atk|1
|move|p2a: Conkeldurr|Knock Off|p1a: Salamence
|-damage|p1a: Salamence|40/100 tox
|-damage|p2a: Conkeldurr|61/100 brn|[from] item: Rocky Helmet|[of] p1a: Salamence
|-enditem|p1a: Salamence|Rocky Helmet|[from] move: Knock Off|[of] p2a: Conkeldurr
|
|-damage|p1a: Salamence|34/100 tox|[from] psn
|-damage|p2a: Conkeldurr|55/100 brn|[from] brn
|upkeep
|turn|17
|
|t:|1666526659
|move|p1a: Salamence|Roost|p1a: Salamence
|-heal|p1a: Salamence|84/100 tox
|-singleturn|p1a: Salamence|move: Roost
|move|p2a: Conkeldurr|Facade|p1a: Salamence
|-damage|p1a: Salamence|34/100 tox
|
|-damage|p1a: Salamence|21/100 tox|[from] psn
|-damage|p2a: Conkeldurr|49/100 brn|[from] brn
|upkeep
|turn|18
|
|t:|1666526675
|switch|p2a: Swampert|Swampert, F|47/100
|move|p1a: Salamence|Defog|p2a: Swampert
|-unboost|p2a: Swampert|evasion|1
|-sideend|p1: bioche80|Stealth Rock|[from] move: Defog|[of] p1a: Salamence
|
|-heal|p2a: Swampert|53/100|[from] item: Leftovers
|-damage|p1a: Salamence|3/100 tox|[from] psn
|upkeep
|turn|19
|
|t:|1666526686
|move|p1a: Salamence|Dual Wingbeat|p2a: Swampert
|-damage|p2a: Swampert|42/100
|-damage|p2a: Swampert|29/100
|-hitcount|p2a: Swampert|2
|move|p2a: Swampert|Stealth Rock|p1a: Salamence
|-sidestart|p1: bioche80|move: Stealth Rock
|
|-heal|p2a: Swampert|35/100|[from] item: Leftovers
|-damage|p1a: Salamence|0 fnt|[from] psn
|faint|p1a: Salamence
|upkeep
|
|t:|1666526696
|switch|p1a: Conkeldurr|Conkeldurr, F|41/100 tox
|-damage|p1a: Conkeldurr|35/100 tox|[from] Stealth Rock
|turn|20
|
|t:|1666526702
|move|p1a: Conkeldurr|Facade|p2a: Swampert
|-damage|p2a: Swampert|0 fnt
|faint|p2a: Swampert
|
|-damage|p1a: Conkeldurr|29/100 tox|[from] psn
|upkeep
|
|t:|1666526711
|switch|p2a: Regieleki|Regieleki|100/100
|turn|21
|
|t:|1666526718
|move|p1a: Conkeldurr|Mach Punch|p2a: Regieleki
|-damage|p2a: Regieleki|15/100
|move|p2a: Regieleki|Volt Switch|p1a: Conkeldurr
|-damage|p1a: Conkeldurr|0 fnt
|faint|p1a: Conkeldurr
|-damage|p2a: Regieleki|5/100|[from] item: Life Orb
|inactive|PKMisnotfun has 120 seconds left.
|
|t:|1666526729
|switch|p2a: Amoonguss|Amoonguss, F|51/100|[from]move: Volt Switch
|
|upkeep
|
|t:|1666526733
|switch|p1a: Golurk|Golurk|38/100
|-damage|p1a: Golurk|32/100|[from] Stealth Rock
|turn|22
|
|t:|1666526742
|switch|p2a: Chansey|Chansey, F|100/100
|move|p1a: Golurk|Ice Punch|p2a: Chansey
|-damage|p2a: Chansey|74/100
|
|upkeep
|turn|23
|
|t:|1666526749
|switch|p1a: Cobalion|Cobalion|97/100
|-damage|p1a: Cobalion|94/100|[from] Stealth Rock
|move|p2a: Chansey|Toxic|p1a: Cobalion
|-immune|p1a: Cobalion
|
|upkeep
|turn|24
|
|t:|1666526758
|move|p1a: Cobalion|Stealth Rock|p2a: Chansey
|-sidestart|p2: PKMisnotfun|move: Stealth Rock
|move|p2a: Chansey|Teleport|p2a: Chansey
|
|t:|1666526763
|switch|p2a: Conkeldurr|Conkeldurr, F|49/100 brn|[from]move: Teleport
|-damage|p2a: Conkeldurr|43/100 brn|[from] Stealth Rock
|
|-damage|p2a: Conkeldurr|37/100 brn|[from] brn
|upkeep
|turn|25
|
|t:|1666526772
|move|p2a: Conkeldurr|Mach Punch|p1a: Cobalion
|-supereffective|p1a: Cobalion
|-damage|p1a: Cobalion|38/100
|move|p1a: Cobalion|Close Combat|p2a: Conkeldurr
|-damage|p2a: Conkeldurr|0 fnt
|-unboost|p1a: Cobalion|def|1
|-unboost|p1a: Cobalion|spd|1
|faint|p2a: Conkeldurr
|
|upkeep
|
|t:|1666526784
|switch|p2a: Amoonguss|Amoonguss, F|85/100
|-damage|p2a: Amoonguss|72/100|[from] Stealth Rock
|turn|26
|
|t:|1666526790
|move|p1a: Cobalion|Swords Dance|p1a: Cobalion
|-boost|p1a: Cobalion|atk|2
|move|p2a: Amoonguss|Spore|p1a: Cobalion
|-activate|p1a: Cobalion|item: Safety Goggles|Spore
|
|upkeep
|turn|27
|
|t:|1666526806
|move|p1a: Cobalion|Iron Head|p2a: Amoonguss
|-damage|p2a: Amoonguss|25/100
|-damage|p1a: Cobalion|22/100|[from] item: Rocky Helmet|[of] p2a: Amoonguss
|move|p2a: Amoonguss|Giga Drain|p1a: Cobalion
|-resisted|p1a: Cobalion
|-damage|p1a: Cobalion|0 fnt
|-heal|p2a: Amoonguss|33/100|[from] drain|[of] p1a: Cobalion
|faint|p1a: Cobalion
|
|upkeep
|
|t:|1666526831
|switch|p1a: Golurk|Golurk|32/100
|-damage|p1a: Golurk|26/100|[from] Stealth Rock
|turn|28
|j| t-yeu
|inactive|PKMisnotfun has 120 seconds left.
|
|t:|1666526863
|switch|p2a: Regieleki|Regieleki|5/100
|-damage|p2a: Regieleki|0 fnt|[from] Stealth Rock
|faint|p2a: Regieleki
|move|p1a: Golurk|Trick|p2: Regieleki|[notarget]
|-fail|p1a: Golurk
|
|upkeep
|inactive|PKMisnotfun has 120 seconds left.
|
|t:|1666526893
|switch|p2a: Chansey|Chansey, F|74/100
|-damage|p2a: Chansey|61/100|[from] Stealth Rock
|turn|29
|
|t:|1666526902
|move|p1a: Golurk|Trick|p2a: Chansey
|-activate|p1a: Golurk|move: Trick|[of] p2a: Chansey
|-item|p2a: Chansey|Choice Band|[from] move: Trick
|-item|p1a: Golurk|Eviolite|[from] move: Trick
|move|p2a: Chansey|Toxic|p1a: Golurk
|-status|p1a: Golurk|tox
|
|-damage|p1a: Golurk|20/100 tox|[from] psn
|upkeep
|turn|30
|
|t:|1666526912
|switch|p2a: Amoonguss|Amoonguss, F|67/100
|-damage|p2a: Amoonguss|54/100|[from] Stealth Rock
|move|p1a: Golurk|Dynamic Punch|p2a: Amoonguss
|-resisted|p2a: Amoonguss
|-damage|p2a: Amoonguss|41/100
|-start|p2a: Amoonguss|confusion
|-damage|p1a: Golurk|3/100 tox|[from] item: Rocky Helmet|[of] p2a: Amoonguss
|
|-damage|p1a: Golurk|0 fnt|[from] psn
|faint|p1a: Golurk
|upkeep
|
|t:|1666526924
|switch|p1a: Chansey|Chansey, F|88/100
|-damage|p1a: Chansey|76/100|[from] Stealth Rock
|turn|31
|
|t:|1666526930
|switch|p2a: Chansey|Chansey, F|61/100
|-damage|p2a: Chansey|49/100|[from] Stealth Rock
|move|p1a: Chansey|Seismic Toss|p2a: Chansey
|-damage|p2a: Chansey|34/100
|
|upkeep
|turn|32
|inactive|PKMisnotfun has 120 seconds left.
|
|t:|1666526938
|move|p1a: Chansey|Thunder Wave|p2a: Chansey
|-status|p2a: Chansey|par
|move|p2a: Chansey|Soft-Boiled|p2a: Chansey
|-heal|p2a: Chansey|84/100 par
|
|upkeep
|turn|33
|
|t:|1666526944
|-curestatus|p2a: Chansey|par|[from] ability: Natural Cure
|switch|p2a: Amoonguss|Amoonguss, F|74/100
|-damage|p2a: Amoonguss|61/100|[from] Stealth Rock
|move|p1a: Chansey|Seismic Toss|p2a: Amoonguss
|-damage|p2a: Amoonguss|38/100
|-damage|p1a: Chansey|59/100|[from] item: Rocky Helmet|[of] p2a: Amoonguss
|
|upkeep
|turn|34
|
|t:|1666526953
|move|p1a: Chansey|Seismic Toss|p2a: Amoonguss
|-damage|p2a: Amoonguss|15/100
|-damage|p1a: Chansey|43/100|[from] item: Rocky Helmet|[of] p2a: Amoonguss
|move|p2a: Amoonguss|Spore|p1a: Chansey
|-status|p1a: Chansey|slp|[from] move: Spore
|
|upkeep
|turn|35
|
|t:|1666526962
|-curestatus|p1a: Chansey|slp|[from] ability: Natural Cure
|switch|p1a: Regieleki|Regieleki|100/100
|-damage|p1a: Regieleki|88/100|[from] Stealth Rock
|switch|p2a: Chansey|Chansey, F|84/100
|-damage|p2a: Chansey|72/100|[from] Stealth Rock
|
|upkeep
|turn|36
|
|t:|1666526977
|move|p1a: Regieleki|Volt Switch|p2a: Chansey
|-damage|p2a: Chansey|40/100
|-damage|p1a: Regieleki|78/100|[from] item: Life Orb
|
|t:|1666526980
|switch|p1a: Chansey|Chansey, F|43/100|[from]move: Volt Switch
|-damage|p1a: Chansey|30/100|[from] Stealth Rock
|move|p2a: Chansey|Seismic Toss|p1a: Chansey
|-damage|p1a: Chansey|16/100
|
|upkeep
|turn|37
|j| K.O.bold256
|
|t:|1666526991
|switch|p2a: Amoonguss|Amoonguss, F|48/100
|-damage|p2a: Amoonguss|36/100|[from] Stealth Rock
|move|p1a: Chansey|Soft-Boiled|p1a: Chansey
|-heal|p1a: Chansey|66/100
|
|upkeep
|turn|38
|l| K.O.bold256
|
|t:|1666527000
|move|p2a: Amoonguss|Spore|p1a: Chansey
|-status|p1a: Chansey|slp|[from] move: Spore
|cant|p1a: Chansey|slp
|
|upkeep
|turn|39
|
|t:|1666527005
|move|p2a: Amoonguss|Gastro Acid|p1a: Chansey
|-endability|p1a: Chansey
|cant|p1a: Chansey|slp
|
|upkeep
|turn|40
|
|t:|1666527011
|move|p2a: Amoonguss|Giga Drain|p1a: Chansey
|-damage|p1a: Chansey|59/100 slp
|-heal|p2a: Amoonguss|41/100|[from] drain|[of] p1a: Chansey
|-curestatus|p1a: Chansey|slp|[msg]
|move|p1a: Chansey|Teleport|p1a: Chansey
|
|t:|1666527016
|switch|p1a: Regieleki|Regieleki|78/100|[from]move: Teleport
|-damage|p1a: Regieleki|66/100|[from] Stealth Rock
|
|upkeep
|turn|41
|
|t:|1666527027
|move|p1a: Regieleki|Thunderbolt|p2a: Amoonguss
|-resisted|p2a: Amoonguss
|-damage|p2a: Amoonguss|3/100
|-damage|p1a: Regieleki|56/100|[from] item: Life Orb
|move|p2a: Amoonguss|Spore|p1a: Regieleki
|-status|p1a: Regieleki|slp|[from] move: Spore
|
|upkeep
|turn|42
|
|t:|1666527037
|cant|p1a: Regieleki|slp
|move|p2a: Amoonguss|Giga Drain|p1a: Regieleki
|-damage|p1a: Regieleki|11/100 slp
|-heal|p2a: Amoonguss|19/100|[from] drain|[of] p1a: Regieleki
|
|upkeep
|turn|43
|
|t:|1666527046
|-curestatus|p1a: Regieleki|slp|[msg]
|move|p1a: Regieleki|Thunderbolt|p2a: Amoonguss
|-resisted|p2a: Amoonguss
|-damage|p2a: Amoonguss|0 fnt
|faint|p2a: Amoonguss
|-damage|p1a: Regieleki|1/100|[from] item: Life Orb
|
|upkeep
|-message|PKMisnotfun forfeited.
|
|win|bioche80
|raw|bioche80's rating: 1499 &rarr; <strong>1517</strong><br />(+18 for winning)
|raw|PKMisnotfun's rating: 1462 &rarr; <strong>1444</strong><br />(-18 for losing)
|l|☆PKMisnotfun
