|j|☆Meow Tse Tung
|j|☆TSR
|player|p1|Meow Tse Tung|preschooler|
|player|p2|TSR|cheryl|
|teamsize|p1|6
|teamsize|p2|6
|gametype|singles
|gen|8
|tier|[Gen 8] UU
|clearpoke
|poke|p1|Jirachi|
|poke|p1|Rotom-Wash|
|poke|p1|Escavalier, M|
|poke|p1|Krookodile, M|
|poke|p1|Slowking, F|
|poke|p1|Weezing-Galar, M|
|poke|p2|Weezing-Galar, F|
|poke|p2|Tyranitar, M|
|poke|p2|Jirachi|
|poke|p2|Rotom-Wash|
|poke|p2|Keldeo-Resolute|
|poke|p2|Celebi|
|rule|Sleep Clause Mod: Limit one foe put to sleep
|rule|Species Clause: Limit one of each Pokémon
|rule|OHKO Clause: OHKO moves are banned
|rule|Evasion Moves Clause: Evasion moves are banned
|rule|Endless Battle Clause: Forcing endless battles is banned
|rule|HP Percentage Mod: HP is shown in percentages
|rule|Dynamax Clause: You cannot dynamax
|teampreview
|j| Mionda
|c|☆TSR|hf sir
|c|☆Meow Tse Tung|same
|
|start
|switch|p1a: think PINK|Slowking, F|100/100
|switch|p2a: Weezing|Weezing-Galar, F|100/100
|-ability|p2a: Weezing|Neutralizing Gas
|turn|1
|c|☆Meow Tse Tung|how did nu open go
|c|☆TSR|poorly
|c|☆Meow Tse Tung|f
|c|☆TSR|cb golurk ate me g3
|
|switch|p2a: Rotom|Rotom-Wash|100/100
|move|p1a: think PINK|Future Sight|p2a: Rotom
|-start|p1a: think PINK|move: Future Sight
|
|upkeep
|turn|2
|c|☆Meow Tse Tung|rip
|
|move|p2a: Rotom|Volt Switch|p1a: think PINK
|-supereffective|p1a: think PINK
|-damage|p1a: think PINK|59/100
|
|switch|p2a: Celebi|Celebi|100/100|[from]move: Volt Switch
|move|p1a: think PINK|Teleport|p1a: think PINK
|j| Hey Sailor!
|
|switch|p1a: stab n jab|Escavalier, M|100/100|[from]move: Teleport
|
|upkeep
|turn|3
|
|switch|p2a: Rotom|Rotom-Wash|100/100
|move|p1a: stab n jab|Knock Off|p2a: Rotom
|-damage|p2a: Rotom|82/100
|
|-end|p2a: Rotom|move: Future Sight
|-damage|p2a: Rotom|23/100
|upkeep
|turn|4
|l| Hey Sailor!
|c|☆Meow Tse Tung|lol
|c|☆Meow Tse Tung|are you that scared of golurk now???
|c|☆TSR|crawdaunt!!!!!
|c|☆Meow Tse Tung|good point
|c|☆Meow Tse Tung|i just thoght it was funny after you mentioned golurk
|
|switch|p1a: flinchflinchflinch|Jirachi|100/100
|move|p2a: Rotom|Pain Split|p1a: flinchflinchflinch
|-sethp|p1a: flinchflinchflinch|59/100|[from] move: Pain Split|[silent]
|-sethp|p2a: Rotom|78/100|[from] move: Pain Split
|
|-heal|p1a: flinchflinchflinch|65/100|[from] item: Leftovers
|upkeep
|turn|5
|
|move|p1a: flinchflinchflinch|Protect|p1a: flinchflinchflinch
|-singleturn|p1a: flinchflinchflinch|Protect
|move|p2a: Rotom|Volt Switch|p1a: flinchflinchflinch
|-activate|p1a: flinchflinchflinch|move: Protect
|
|-heal|p1a: flinchflinchflinch|71/100|[from] item: Leftovers
|upkeep
|turn|6
|
|move|p1a: flinchflinchflinch|Wish|p1a: flinchflinchflinch
|move|p2a: Rotom|Volt Switch|p1a: flinchflinchflinch
|-damage|p1a: flinchflinchflinch|56/100
|
|switch|p2a: Jirachi|Jirachi|100/100|[from]move: Volt Switch
|
|-heal|p1a: flinchflinchflinch|63/100|[from] item: Leftovers
|upkeep
|turn|7
|
|move|p2a: Jirachi|Stealth Rock|p1a: flinchflinchflinch
|-sidestart|p1: Meow Tse Tung|move: Stealth Rock
|move|p1a: flinchflinchflinch|U-turn|p2a: Jirachi
|-damage|p2a: Jirachi|88/100
|
|switch|p1a: pouty snouty|Krookodile, M|100/100|[from]move: U-turn
|-damage|p1a: pouty snouty|94/100|[from] Stealth Rock
|-ability|p1a: pouty snouty|Intimidate|boost
|-unboost|p2a: Jirachi|atk|1
|
|-heal|p1a: pouty snouty|100/100|[from] move: Wish|[wisher] flinchflinchflinch
|-heal|p2a: Jirachi|94/100|[from] item: Leftovers
|upkeep
|turn|8
|l|☆TSR
|player|p2|
|j|☆TSR
|player|p2|TSR|cheryl
|c|☆TSR|there was that internet flop
|
|switch|p2a: Weezing|Weezing-Galar, F|100/100
|-ability|p2a: Weezing|Neutralizing Gas
|move|p1a: pouty snouty|Stealth Rock|p2a: Weezing
|-sidestart|p2: TSR|move: Stealth Rock
|
|upkeep
|turn|9
|
|switch|p1a: think PINK|Slowking, F|93/100
|move|p2a: Weezing|Toxic Spikes|p1a: think PINK
|-sidestart|p1: Meow Tse Tung|move: Toxic Spikes
|
|upkeep
|turn|10
|
|switch|p2a: Celebi|Celebi|100/100
|-damage|p2a: Celebi|88/100|[from] Stealth Rock
|move|p1a: think PINK|Future Sight|p2a: Celebi
|-start|p1a: think PINK|move: Future Sight
|
|upkeep
|turn|11
|
|switch|p2a: Rotom|Rotom-Wash|78/100
|-damage|p2a: Rotom|66/100|[from] Stealth Rock
|move|p1a: think PINK|Teleport|p1a: think PINK
|
|switch|p1a: stab n jab|Escavalier, M|100/100|[from]move: Teleport
|-damage|p1a: stab n jab|88/100|[from] Stealth Rock
|
|-heal|p1a: stab n jab|94/100|[from] item: Leftovers
|upkeep
|turn|12
|
|move|p2a: Rotom|Pain Split|p1a: stab n jab
|-sethp|p1a: stab n jab|76/100|[from] move: Pain Split|[silent]
|-sethp|p2a: Rotom|86/100|[from] move: Pain Split
|move|p1a: stab n jab|Close Combat|p2a: Rotom
|-damage|p2a: Rotom|55/100
|-unboost|p1a: stab n jab|def|1
|-unboost|p1a: stab n jab|spd|1
|
|-end|p2a: Rotom|move: Future Sight
|-damage|p2a: Rotom|0 fnt
|-heal|p1a: stab n jab|82/100|[from] item: Leftovers
|faint|p2a: Rotom
|upkeep
|
|switch|p2a: Keldeo|Keldeo-Resolute|100/100
|-damage|p2a: Keldeo|94/100|[from] Stealth Rock
|turn|13
|
|switch|p1a: think PINK|Slowking, F|100/100
|move|p2a: Keldeo|Flip Turn|p1a: think PINK
|-resisted|p1a: think PINK
|-damage|p1a: think PINK|93/100
|
|switch|p2a: Tyranitar|Tyranitar, M|100/100|[from]move: Flip Turn
|-damage|p2a: Tyranitar|88/100|[from] Stealth Rock
|-weather|Sandstorm|[from] ability: Sand Stream|[of] p2a: Tyranitar
|
|-weather|Sandstorm|[upkeep]
|-damage|p1a: think PINK|87/100|[from] Sandstorm
|upkeep
|turn|14
|
|switch|p1a: lincoln stinkin|Weezing-Galar, M|100/100
|-ability|p1a: lincoln stinkin|Neutralizing Gas
|-sideend|p1: Meow Tse Tung|move: Toxic Spikes|[of] p1a: lincoln stinkin
|-damage|p1a: lincoln stinkin|88/100|[from] Stealth Rock
|move|p2a: Tyranitar|Dragon Dance|p2a: Tyranitar
|-boost|p2a: Tyranitar|atk|1
|-boost|p2a: Tyranitar|spe|1
|
|-weather|Sandstorm|[upkeep]
|-damage|p1a: lincoln stinkin|82/100|[from] Sandstorm
|-heal|p1a: lincoln stinkin|88/100|[from] item: Black Sludge
|upkeep
|turn|15
|
|move|p2a: Tyranitar|Dragon Dance|p2a: Tyranitar
|-boost|p2a: Tyranitar|atk|1
|-boost|p2a: Tyranitar|spe|1
|move|p1a: lincoln stinkin|Strange Steam|p2a: Tyranitar
|-supereffective|p2a: Tyranitar
|-damage|p2a: Tyranitar|37/100
|-start|p2a: Tyranitar|confusion
|-enditem|p2a: Tyranitar|Lum Berry|[eat]
|-end|p2a: Tyranitar|confusion
|
|-weather|Sandstorm|[upkeep]
|-damage|p1a: lincoln stinkin|82/100|[from] Sandstorm
|-heal|p1a: lincoln stinkin|88/100|[from] item: Black Sludge
|upkeep
|turn|16
|
|switch|p1a: pouty snouty|Krookodile, M|100/100
|-damage|p1a: pouty snouty|94/100|[from] Stealth Rock
|-ability|p1a: pouty snouty|Intimidate|boost
|-unboost|p2a: Tyranitar|atk|1
|move|p2a: Tyranitar|Stone Edge|p1a: pouty snouty
|-resisted|p1a: pouty snouty
|-crit|p1a: pouty snouty
|-damage|p1a: pouty snouty|20/100
|
|-weather|Sandstorm|[upkeep]
|upkeep
|turn|17
|
|switch|p1a: lincoln stinkin|Weezing-Galar, M|88/100
|-ability|p1a: lincoln stinkin|Neutralizing Gas
|-damage|p1a: lincoln stinkin|76/100|[from] Stealth Rock
|move|p2a: Tyranitar|Crunch|p1a: lincoln stinkin
|-resisted|p1a: lincoln stinkin
|-damage|p1a: lincoln stinkin|46/100
|
|-weather|none
|-heal|p1a: lincoln stinkin|52/100|[from] item: Black Sludge
|upkeep
|turn|18
|
|-weather|Sandstorm|[from] ability: Sand Stream|[of] p2a: Tyranitar
|switch|p1a: pouty snouty|Krookodile, M|20/100
|-damage|p1a: pouty snouty|13/100|[from] Stealth Rock
|-ability|p1a: pouty snouty|Intimidate|boost
|-unboost|p2a: Tyranitar|atk|1
|move|p2a: Tyranitar|Dragon Dance|p2a: Tyranitar
|-boost|p2a: Tyranitar|atk|1
|-boost|p2a: Tyranitar|spe|1
|
|-weather|Sandstorm|[upkeep]
|upkeep
|turn|19
|
|move|p2a: Tyranitar|Crunch|p1a: pouty snouty
|-resisted|p1a: pouty snouty
|-damage|p1a: pouty snouty|0 fnt
|faint|p1a: pouty snouty
|
|-weather|Sandstorm|[upkeep]
|upkeep
|
|switch|p1a: wishy washy|Rotom-Wash|100/100
|-damage|p1a: wishy washy|88/100|[from] Stealth Rock
|turn|20
|
|move|p2a: Tyranitar|Stone Edge|p1a: wishy washy
|-damage|p1a: wishy washy|18/100
|move|p1a: wishy washy|Hydro Pump|p2a: Tyranitar
|-supereffective|p2a: Tyranitar
|-damage|p2a: Tyranitar|0 fnt
|faint|p2a: Tyranitar
|
|-weather|Sandstorm|[upkeep]
|-damage|p1a: wishy washy|12/100|[from] Sandstorm
|-heal|p1a: wishy washy|18/100|[from] item: Leftovers
|upkeep
|
|switch|p2a: Keldeo|Keldeo-Resolute|94/100
|-damage|p2a: Keldeo|88/100|[from] Stealth Rock
|turn|21
|c| Mionda|ttar stays unviable
|
|switch|p1a: think PINK|Slowking, F|100/100
|move|p2a: Keldeo|Flip Turn|p1a: think PINK
|-resisted|p1a: think PINK
|-damage|p1a: think PINK|93/100
|
|switch|p2a: Celebi|Celebi|88/100|[from]move: Flip Turn
|-damage|p2a: Celebi|76/100|[from] Stealth Rock
|
|-weather|Sandstorm|[upkeep]
|-damage|p2a: Celebi|70/100|[from] Sandstorm
|-damage|p1a: think PINK|87/100|[from] Sandstorm
|upkeep
|turn|22
|c|☆TSR|calced the wrong set
|c|☆TSR|alas
|c|☆Meow Tse Tung|if i lose this after ranting it unviable for the past 3 weeks
|c|☆Meow Tse Tung|i must quit smogon forums in shame
|c| Mionda|if you quit forums
|c| Mionda|at least come back to uu discord
|c| Mionda|i miss you
|c|☆TSR|does that mean i can have the win for pu open
|c|☆Meow Tse Tung|are we paired
|c|☆Meow Tse Tung|in pu open
|c|☆TSR|we are
|c|☆Meow Tse Tung|O_O
|c|☆Meow Tse Tung|did we shcedule
|c|☆TSR|Dx
|c|☆TSR|no
|c|☆TSR|LOL
|c|☆Meow Tse Tung|i dont remember this at all
|c|☆Meow Tse Tung|oh
|c| Mionda|deadline is tomorrow
|c|☆TSR|u wanna just play tomorrow
|c| Mionda|nice.
|c|☆Meow Tse Tung|i mean ased on my last series
|j| taxicabby
|c|☆Meow Tse Tung|theres an 75% chance i bring illegal teams
|c|☆Meow Tse Tung|anyways
|c|☆Meow Tse Tung|so whatever
|
|switch|p1a: stab n jab|Escavalier, M|82/100
|-damage|p1a: stab n jab|70/100|[from] Stealth Rock
|move|p2a: Celebi|Nasty Plot|p2a: Celebi
|-boost|p2a: Celebi|spa|2
|
|-weather|none
|-heal|p1a: stab n jab|76/100|[from] item: Leftovers
|upkeep
|turn|23
|c| Mionda|you can't this time
|
|switch|p2a: Weezing|Weezing-Galar, F|100/100
|-ability|p2a: Weezing|Neutralizing Gas
|-damage|p2a: Weezing|88/100|[from] Stealth Rock
|move|p1a: stab n jab|Knock Off|p2a: Weezing
|-resisted|p2a: Weezing
|-damage|p2a: Weezing|77/100
|-damage|p1a: stab n jab|60/100|[from] item: Rocky Helmet|[of] p2a: Weezing
|-enditem|p2a: Weezing|Rocky Helmet|[from] move: Knock Off|[of] p1a: stab n jab
|
|-heal|p1a: stab n jab|66/100|[from] item: Leftovers
|upkeep
|turn|24
|
|switch|p1a: think PINK|Slowking, F|100/100
|move|p2a: Weezing|Will-O-Wisp|p1a: think PINK
|-status|p1a: think PINK|brn
|
|-damage|p1a: think PINK|94/100 brn|[from] brn
|upkeep
|turn|25
|c| Mionda|the current tier here is current pu
|c|☆Meow Tse Tung|set up tspikes now
|c|☆TSR|pu is icky rn
|c|☆Meow Tse Tung|it would be funny
|c|☆TSR|im not THAT bad
|c|☆Meow Tse Tung|and technically affects rotom w because neutarlizing gas levitate
|c| Mionda|it would be aquadext
|
|switch|p2a: Celebi|Celebi|70/100
|-damage|p2a: Celebi|58/100|[from] Stealth Rock
|move|p1a: think PINK|Future Sight|p2a: Celebi
|-start|p1a: think PINK|move: Future Sight
|
|-damage|p1a: think PINK|88/100 brn|[from] brn
|upkeep
|turn|26
|
|switch|p2a: Keldeo|Keldeo-Resolute|88/100
|-damage|p2a: Keldeo|82/100|[from] Stealth Rock
|switch|p1a: stab n jab|Escavalier, M|66/100
|-damage|p1a: stab n jab|54/100|[from] Stealth Rock
|
|-heal|p1a: stab n jab|60/100|[from] item: Leftovers
|upkeep
|turn|27
|
|switch|p1a: think PINK|Slowking, F|100/100 brn
|move|p2a: Keldeo|Flip Turn|p1a: think PINK
|-resisted|p1a: think PINK
|-damage|p1a: think PINK|93/100 brn
|
|switch|p2a: Celebi|Celebi|58/100|[from]move: Flip Turn
|-damage|p2a: Celebi|46/100|[from] Stealth Rock
|
|-end|p2a: Celebi|move: Future Sight
|-resisted|p2a: Celebi
|-damage|p2a: Celebi|17/100
|-damage|p1a: think PINK|87/100 brn|[from] brn
|upkeep
|turn|28
|
|move|p2a: Celebi|Recover|p2a: Celebi
|-heal|p2a: Celebi|67/100
|move|p1a: think PINK|Teleport|p1a: think PINK
|
|switch|p1a: flinchflinchflinch|Jirachi|63/100|[from]move: Teleport
|-damage|p1a: flinchflinchflinch|56/100|[from] Stealth Rock
|
|-heal|p1a: flinchflinchflinch|63/100|[from] item: Leftovers
|upkeep
|turn|29
|
|move|p2a: Celebi|Recover|p2a: Celebi
|-heal|p2a: Celebi|100/100
|move|p1a: flinchflinchflinch|Wish|p1a: flinchflinchflinch
|
|-heal|p1a: flinchflinchflinch|69/100|[from] item: Leftovers
|upkeep
|turn|30
|
|switch|p2a: Keldeo|Keldeo-Resolute|82/100
|-damage|p2a: Keldeo|76/100|[from] Stealth Rock
|move|p1a: flinchflinchflinch|U-turn|p2a: Keldeo
|-resisted|p2a: Keldeo
|-damage|p2a: Keldeo|67/100
|
|switch|p1a: stab n jab|Escavalier, M|60/100|[from]move: U-turn
|-damage|p1a: stab n jab|47/100|[from] Stealth Rock
|
|-heal|p1a: stab n jab|100/100|[from] move: Wish|[wisher] flinchflinchflinch
|upkeep
|turn|31
|c| Mionda|back at full
|
|switch|p1a: think PINK|Slowking, F|100/100 brn
|move|p2a: Keldeo|Flip Turn|p1a: think PINK
|-resisted|p1a: think PINK
|-damage|p1a: think PINK|93/100 brn
|c| Mionda|yup
|
|switch|p2a: Celebi|Celebi|100/100|[from]move: Flip Turn
|-damage|p2a: Celebi|88/100|[from] Stealth Rock
|
|-damage|p1a: think PINK|87/100 brn|[from] brn
|upkeep
|turn|32
|c|☆Meow Tse Tung|so is celebi tho
|
|switch|p1a: stab n jab|Escavalier, M|100/100
|-damage|p1a: stab n jab|88/100|[from] Stealth Rock
|move|p2a: Celebi|Earth Power|p1a: stab n jab
|-damage|p1a: stab n jab|63/100
|
|-heal|p1a: stab n jab|70/100|[from] item: Leftovers
|upkeep
|turn|33
|
|switch|p2a: Weezing|Weezing-Galar, F|77/100
|-ability|p2a: Weezing|Neutralizing Gas
|-damage|p2a: Weezing|65/100|[from] Stealth Rock
|move|p1a: stab n jab|Iron Head|p2a: Weezing
|-supereffective|p2a: Weezing
|-damage|p2a: Weezing|12/100
|
|-heal|p1a: stab n jab|76/100|[from] item: Leftovers
|upkeep
|turn|34
|
|switch|p1a: think PINK|Slowking, F|100/100 brn
|move|p2a: Weezing|Pain Split|p1a: think PINK
|-sethp|p1a: think PINK|55/100 brn|[from] move: Pain Split|[silent]
|-sethp|p2a: Weezing|65/100|[from] move: Pain Split
|
|-damage|p1a: think PINK|49/100 brn|[from] brn
|upkeep
|turn|35
|
|move|p2a: Weezing|Strange Steam|p1a: think PINK
|-damage|p1a: think PINK|29/100 brn
|move|p1a: think PINK|Psyshock|p2a: Weezing
|-supereffective|p2a: Weezing
|-damage|p2a: Weezing|14/100
|
|-damage|p1a: think PINK|23/100 brn|[from] brn
|upkeep
|turn|36
|
|switch|p1a: lincoln stinkin|Weezing-Galar, M|52/100
|-ability|p1a: lincoln stinkin|Neutralizing Gas
|-damage|p1a: lincoln stinkin|39/100|[from] Stealth Rock
|move|p2a: Weezing|Strange Steam|p1a: lincoln stinkin
|-resisted|p1a: lincoln stinkin
|-damage|p1a: lincoln stinkin|22/100
|
|-heal|p1a: lincoln stinkin|28/100|[from] item: Black Sludge
|upkeep
|turn|37
|
|switch|p2a: Jirachi|Jirachi|94/100
|-damage|p2a: Jirachi|88/100|[from] Stealth Rock
|move|p1a: lincoln stinkin|Toxic Spikes|p2a: Jirachi
|-sidestart|p2: TSR|move: Toxic Spikes
|
|-heal|p2a: Jirachi|94/100|[from] item: Leftovers
|-heal|p1a: lincoln stinkin|34/100|[from] item: Black Sludge
|upkeep
|turn|38
|
|switch|p1a: flinchflinchflinch|Jirachi|69/100
|-damage|p1a: flinchflinchflinch|63/100|[from] Stealth Rock
|move|p2a: Jirachi|Iron Head|p1a: flinchflinchflinch
|-resisted|p1a: flinchflinchflinch
|-damage|p1a: flinchflinchflinch|52/100
|
|-heal|p2a: Jirachi|99/100|[from] item: Leftovers
|-heal|p1a: flinchflinchflinch|58/100|[from] item: Leftovers
|upkeep
|turn|39
|
|move|p2a: Jirachi|U-turn|p1a: flinchflinchflinch
|-damage|p1a: flinchflinchflinch|43/100
|
|switch|p2a: Weezing|Weezing-Galar, F|14/100|[from]move: U-turn
|-ability|p2a: Weezing|Neutralizing Gas
|-sideend|p2: TSR|move: Toxic Spikes|[of] p2a: Weezing
|-damage|p2a: Weezing|2/100|[from] Stealth Rock
|move|p1a: flinchflinchflinch|Wish|p1a: flinchflinchflinch
|
|-heal|p1a: flinchflinchflinch|50/100|[from] item: Leftovers
|upkeep
|turn|40
|
|switch|p2a: Jirachi|Jirachi|99/100
|-damage|p2a: Jirachi|94/100|[from] Stealth Rock
|move|p1a: flinchflinchflinch|Iron Head|p2a: Jirachi
|-resisted|p2a: Jirachi
|-damage|p2a: Jirachi|82/100
|
|-heal|p1a: flinchflinchflinch|99/100|[from] move: Wish|[wisher] flinchflinchflinch
|-heal|p2a: Jirachi|88/100|[from] item: Leftovers
|-heal|p1a: flinchflinchflinch|100/100|[from] item: Leftovers
|upkeep
|turn|41
|
|move|p2a: Jirachi|U-turn|p1a: flinchflinchflinch
|-damage|p1a: flinchflinchflinch|88/100
|
|switch|p2a: Celebi|Celebi|88/100|[from]move: U-turn
|-damage|p2a: Celebi|76/100|[from] Stealth Rock
|move|p1a: flinchflinchflinch|Wish|p1a: flinchflinchflinch
|
|-heal|p1a: flinchflinchflinch|94/100|[from] item: Leftovers
|upkeep
|turn|42
|
|move|p2a: Celebi|Recover|p2a: Celebi
|-heal|p2a: Celebi|100/100
|move|p1a: flinchflinchflinch|U-turn|p2a: Celebi
|-supereffective|p2a: Celebi
|-damage|p2a: Celebi|39/100
|j| eden
|
|switch|p1a: think PINK|Slowking, F|23/100 brn|[from]move: U-turn
|
|-heal|p1a: think PINK|74/100 brn|[from] move: Wish|[wisher] flinchflinchflinch
|-damage|p1a: think PINK|68/100 brn|[from] brn
|upkeep
|turn|43
|j| Lilburr
|l| eden
|
|move|p2a: Celebi|Recover|p2a: Celebi
|-heal|p2a: Celebi|89/100
|move|p1a: think PINK|Teleport|p1a: think PINK
|
|switch|p1a: flinchflinchflinch|Jirachi|94/100|[from]move: Teleport
|-damage|p1a: flinchflinchflinch|88/100|[from] Stealth Rock
|
|-heal|p1a: flinchflinchflinch|94/100|[from] item: Leftovers
|upkeep
|turn|44
|
|move|p2a: Celebi|Earth Power|p1a: flinchflinchflinch
|-supereffective|p1a: flinchflinchflinch
|-damage|p1a: flinchflinchflinch|62/100
|move|p1a: flinchflinchflinch|U-turn|p2a: Celebi
|-supereffective|p2a: Celebi
|-damage|p2a: Celebi|30/100
|j|+Accelgor
|
|switch|p1a: stab n jab|Escavalier, M|76/100|[from]move: U-turn
|-damage|p1a: stab n jab|63/100|[from] Stealth Rock
|
|-heal|p1a: stab n jab|70/100|[from] item: Leftovers
|upkeep
|turn|45
|l| taxicabby
|c|☆TSR|yea cant win this at all
|c|☆TSR|gg man
|c|☆Meow Tse Tung|gg
|c|+Accelgor|Rag...
|
|switch|p2a: Keldeo|Keldeo-Resolute|67/100
|-damage|p2a: Keldeo|61/100|[from] Stealth Rock
|move|p1a: stab n jab|Knock Off|p2a: Keldeo
|-resisted|p2a: Keldeo
|-damage|p2a: Keldeo|42/100
|-ability|p2a: Keldeo|Justified|boost
|-boost|p2a: Keldeo|atk|1
|-enditem|p2a: Keldeo|Choice Scarf|[from] move: Knock Off|[of] p1a: stab n jab
|
|-heal|p1a: stab n jab|76/100|[from] item: Leftovers
|upkeep
|turn|46
|-message|TSR forfeited.
|
|win|Meow Tse Tung
