|j|☆dennyson
|j|☆EGAKecleons
|t:|1625700960
|gametype|singles
|player|p1|dennyson|firebreather|1416
|player|p2|EGAKecleons|102|1591
|teamsize|p1|6
|teamsize|p2|6
|gen|8
|tier|[Gen 8] UU
|rated|
|rule|Sleep Clause Mod: Limit one foe put to sleep
|rule|Species Clause: Limit one of each Pokémon
|rule|OHKO Clause: OHKO moves are banned
|rule|Evasion Moves Clause: Evasion moves are banned
|rule|Endless Battle Clause: Forcing endless battles is banned
|rule|HP Percentage Mod: HP is shown in percentages
|rule|Dynamax Clause: You cannot dynamax
|clearpoke
|poke|p1|Krookodile, F|
|poke|p1|Nidoking, M|
|poke|p1|Chansey, F|
|poke|p1|Rotom-Wash|
|poke|p1|Moltres-Galar|
|poke|p1|Tangrowth, M|
|poke|p2|Ninetales-Alola, F|
|poke|p2|Arctozolt|
|poke|p2|Celesteela|
|poke|p2|Krookodile, F|
|poke|p2|Salamence, F|
|poke|p2|Hatterene, F|
|teampreview
|j| pokemonisfun '-'
|inactive|Battle timer is ON: inactive players will automatically lose when time's up. (requested by dennyson)
|inactive|EGAKecleons has 120 seconds left.
|
|t:|1625701074
|start
|switch|p1a: Chansey|Chansey, F|100/100
|switch|p2a: Krookodile|Krookodile, F|100/100
|-ability|p2a: Krookodile|Intimidate|boost
|-unboost|p1a: Chansey|atk|1
|turn|1
|
|t:|1625701088
|switch|p1a: Tangrowth|Tangrowth, M|100/100
|move|p2a: Krookodile|Taunt|p1a: Tangrowth
|-start|p1a: Tangrowth|move: Taunt
|
|upkeep
|turn|2
|
|t:|1625701100
|move|p2a: Krookodile|Stealth Rock|p1a: Tangrowth
|-sidestart|p1: dennyson|move: Stealth Rock
|move|p1a: Tangrowth|Knock Off|p2a: Krookodile
|-resisted|p2a: Krookodile
|-damage|p2a: Krookodile|87/100
|-enditem|p2a: Krookodile|Chople Berry|[from] move: Knock Off|[of] p1a: Tangrowth
|
|upkeep
|turn|3
|
|t:|1625701116
|switch|p2a: Celesteela|Celesteela|100/100
|move|p1a: Tangrowth|Knock Off|p2a: Celesteela
|-crit|p2a: Celesteela
|-damage|p2a: Celesteela|66/100
|-enditem|p2a: Celesteela|Power Herb|[from] move: Knock Off|[of] p1a: Tangrowth
|
|-end|p1a: Tangrowth|move: Taunt
|upkeep
|turn|4
|
|t:|1625701125
|move|p2a: Celesteela|Autotomize|p2a: Celesteela
|-boost|p2a: Celesteela|spe|2
|-start|p2a: Celesteela|Autotomize
|move|p1a: Tangrowth|Sleep Powder|p2a: Celesteela
|-status|p2a: Celesteela|slp|[from] move: Sleep Powder
|
|upkeep
|turn|5
|
|t:|1625701131
|switch|p2a: Salamence|Salamence, F|100/100
|switch|p1a: Moltres|Moltres-Galar|100/100
|
|upkeep
|turn|6
|
|t:|1625701138
|move|p2a: Salamence|Dragon Dance|p2a: Salamence
|-boost|p2a: Salamence|atk|1
|-boost|p2a: Salamence|spe|1
|move|p1a: Moltres|Agility|p1a: Moltres
|-boost|p1a: Moltres|spe|2
|
|upkeep
|turn|7
|
|t:|1625701151
|move|p1a: Moltres|Air Slash|p2a: Salamence
|-damage|p2a: Salamence|63/100
|move|p2a: Salamence|Dragon Dance|p2a: Salamence
|-boost|p2a: Salamence|atk|1
|-boost|p2a: Salamence|spe|1
|
|upkeep
|turn|8
|inactive|EGAKecleons has 120 seconds left.
|
|t:|1625701198
|switch|p1a: Tangrowth|Tangrowth, M|100/100
|-damage|p1a: Tangrowth|88/100|[from] Stealth Rock
|move|p2a: Salamence|Dual Wingbeat|p1a: Tangrowth
|-supereffective|p1a: Tangrowth
|-damage|p1a: Tangrowth|46/100
|-damage|p2a: Salamence|46/100|[from] item: Rocky Helmet|[of] p1a: Tangrowth
|-supereffective|p1a: Tangrowth
|-damage|p1a: Tangrowth|3/100
|-damage|p2a: Salamence|29/100|[from] item: Rocky Helmet|[of] p1a: Tangrowth
|-hitcount|p1a: Tangrowth|2
|
|upkeep
|turn|9
|
|t:|1625701217
|move|p2a: Salamence|Earthquake|p1a: Tangrowth
|-resisted|p1a: Tangrowth
|-damage|p1a: Tangrowth|0 fnt
|faint|p1a: Tangrowth
|-ability|p2a: Salamence|Moxie|boost
|-boost|p2a: Salamence|atk|1
|
|upkeep
|
|t:|1625701220
|switch|p1a: Rotom|Rotom-Wash|100/100
|-damage|p1a: Rotom|88/100|[from] Stealth Rock
|turn|10
|inactive|EGAKecleons has 120 seconds left.
|j| Sharky King
|
|t:|1625701247
|move|p2a: Salamence|Outrage|p1a: Rotom
|-damage|p1a: Rotom|0 fnt
|faint|p1a: Rotom
|-ability|p2a: Salamence|Moxie|boost
|-boost|p2a: Salamence|atk|1
|
|upkeep
|
|t:|1625701260
|switch|p1a: Chansey|Chansey, F|100/100
|-damage|p1a: Chansey|88/100|[from] Stealth Rock
|turn|11
|
|t:|1625701264
|move|p2a: Salamence|Outrage|p1a: Chansey|[from]lockedmove
|-damage|p1a: Chansey|0 fnt
|faint|p1a: Chansey
|-ability|p2a: Salamence|Moxie|boost
|-boost|p2a: Salamence|atk|1
|-start|p2a: Salamence|confusion|[fatigue]
|
|upkeep
|-message|dennyson forfeited.
|
|win|EGAKecleons
|l|☆dennyson
|raw|dennyson's rating: 1417 &rarr; <strong>1407</strong><br />(-10 for losing)
|raw|EGAKecleons's rating: 1603 &rarr; <strong>1613</strong><br />(+10 for winning)
