|j|☆Dr Kan
|j|☆DDD951
|t:|1656199863
|gametype|singles
|player|p1|Dr Kan|scientist-gen4|1425
|player|p2|DDD951|170|1607
|teamsize|p1|6
|teamsize|p2|6
|gen|8
|tier|[Gen 8] UU
|rated|
|rule|Sleep Clause Mod: Limit one foe put to sleep
|rule|Species Clause: Limit one of each Pokémon
|rule|OHKO Clause: OHKO moves are banned
|rule|Evasion Moves Clause: Evasion moves are banned
|rule|Endless Battle Clause: Forcing endless battles is banned
|rule|HP Percentage Mod: HP is shown in percentages
|rule|Dynamax Clause: You cannot dynamax
|clearpoke
|poke|p1|Celesteela|
|poke|p1|Amoonguss, M|
|poke|p1|Darmanitan, M|
|poke|p1|Conkeldurr, M|
|poke|p1|Hydreigon, F|
|poke|p1|Salamence, M|
|poke|p2|Scizor, F|
|poke|p2|Gyarados, F|
|poke|p2|Starmie|
|poke|p2|Nihilego|
|poke|p2|Tangrowth, F|
|poke|p2|Darmanitan, F|
|teampreview
|inactive|Battle timer is ON: inactive players will automatically lose when time's up. (requested by Dr Kan)
|
|t:|1656199876
|start
|switch|p1a: Darmanitan|Darmanitan, M, shiny|100/100
|switch|p2a: Darmanitan|Darmanitan, F|100/100
|turn|1
|
|t:|1656199881
|switch|p2a: Tangrowth|Tangrowth, F|100/100
|move|p1a: Darmanitan|Flare Blitz|p2a: Tangrowth
|-supereffective|p2a: Tangrowth
|-damage|p2a: Tangrowth|0 fnt
|faint|p2a: Tangrowth
|-damage|p1a: Darmanitan|63/100|[from] Recoil
|
|upkeep
|
|t:|1656199889
|switch|p2a: Nihilego|Nihilego|100/100
|turn|2
|
|t:|1656199891
|move|p2a: Nihilego|Stealth Rock|p1a: Darmanitan
|-sidestart|p1: Dr Kan|move: Stealth Rock
|move|p1a: Darmanitan|Flare Blitz|p2a: Nihilego
|-resisted|p2a: Nihilego
|-damage|p2a: Nihilego|0 fnt
|faint|p2a: Nihilego
|-damage|p1a: Darmanitan|29/100|[from] Recoil
|
|upkeep
|
|t:|1656199898
|switch|p2a: Starmie|Starmie|100/100
|turn|3
|
|t:|1656199901
|move|p2a: Starmie|Ice Beam|p1a: Darmanitan
|-resisted|p1a: Darmanitan
|-damage|p1a: Darmanitan|0 fnt
|faint|p1a: Darmanitan
|-damage|p2a: Starmie|91/100|[from] item: Life Orb
|
|upkeep
|
|t:|1656199913
|switch|p1a: Salamence|Salamence, M, shiny|100/100
|-damage|p1a: Salamence|76/100|[from] Stealth Rock
|turn|4
|
|t:|1656199917
|move|p1a: Salamence|Outrage|p2a: Starmie
|-damage|p2a: Starmie|0 fnt
|faint|p2a: Starmie
|-ability|p1a: Salamence|Moxie|boost
|-boost|p1a: Salamence|atk|1
|
|upkeep
|
|t:|1656199926
|switch|p2a: Scizor|Scizor, F|100/100
|turn|5
|
|t:|1656199929
|move|p1a: Salamence|Outrage|p2a: Scizor|[from]lockedmove
|-resisted|p2a: Scizor
|-damage|p2a: Scizor|61/100
|move|p2a: Scizor|Swords Dance|p2a: Scizor
|-boost|p2a: Scizor|atk|2
|
|-heal|p2a: Scizor|67/100|[from] item: Leftovers
|upkeep
|turn|6
|
|t:|1656199937
|move|p1a: Salamence|Outrage|p2a: Scizor|[from]lockedmove
|-resisted|p2a: Scizor
|-damage|p2a: Scizor|31/100
|-start|p1a: Salamence|confusion|[fatigue]
|move|p2a: Scizor|Roost|p2a: Scizor
|-heal|p2a: Scizor|82/100
|-singleturn|p2a: Scizor|move: Roost
|
|-heal|p2a: Scizor|88/100|[from] item: Leftovers
|upkeep
|turn|7
|c|☆Dr Kan|is it impish?
|c|☆Dr Kan|it is
|
|t:|1656199948
|switch|p1a: Celesteela|Celesteela, shiny|100/100
|-damage|p1a: Celesteela|88/100|[from] Stealth Rock
|move|p2a: Scizor|U-turn|p1a: Celesteela
|-resisted|p1a: Celesteela
|-damage|p1a: Celesteela|77/100
|
|t:|1656199953
|switch|p2a: Darmanitan|Darmanitan, F|100/100|[from]move: U-turn
|
|-heal|p1a: Celesteela|83/100|[from] item: Leftovers
|upkeep
|turn|8
|
|t:|1656199958
|move|p1a: Celesteela|Protect|p1a: Celesteela
|-singleturn|p1a: Celesteela|Protect
|move|p2a: Darmanitan|Flare Blitz|p1a: Celesteela
|-activate|p1a: Celesteela|move: Protect
|
|-heal|p1a: Celesteela|89/100|[from] item: Leftovers
|upkeep
|turn|9
|
|t:|1656199970
|switch|p1a: Salamence|Salamence, M, shiny|76/100
|-damage|p1a: Salamence|51/100|[from] Stealth Rock
|move|p2a: Darmanitan|Flare Blitz|p1a: Salamence
|-resisted|p1a: Salamence
|-damage|p1a: Salamence|2/100
|-damage|p2a: Darmanitan|85/100|[from] Recoil
|
|upkeep
|turn|10
|c|☆DDD951|must be
|
|t:|1656199979
|switch|p2a: Scizor|Scizor, F|88/100
|move|p1a: Salamence|Dual Wingbeat|p2a: Scizor
|-damage|p2a: Scizor|72/100
|-damage|p2a: Scizor|54/100
|-hitcount|p2a: Scizor|2
|
|-heal|p2a: Scizor|61/100|[from] item: Leftovers
|upkeep
|turn|11
|
|t:|1656199987
|move|p1a: Salamence|Dual Wingbeat|p2a: Scizor
|-damage|p2a: Scizor|44/100
|-damage|p2a: Scizor|26/100
|-hitcount|p2a: Scizor|2
|move|p2a: Scizor|U-turn|p1a: Salamence
|-resisted|p1a: Salamence
|-damage|p1a: Salamence|0 fnt
|faint|p1a: Salamence
|
|t:|1656199994
|switch|p2a: Darmanitan|Darmanitan, F|85/100|[from]move: U-turn
|
|upkeep
|
|t:|1656199998
|switch|p1a: Hydreigon|Hydreigon, F, shiny|100/100
|-damage|p1a: Hydreigon|88/100|[from] Stealth Rock
|turn|12
|
|t:|1656200007
|move|p2a: Darmanitan|U-turn|p1a: Hydreigon
|-supereffective|p1a: Hydreigon
|-damage|p1a: Hydreigon|27/100
|
|t:|1656200010
|switch|p2a: Scizor|Scizor, F|26/100|[from]move: U-turn
|move|p1a: Hydreigon|Dark Pulse|p2a: Scizor
|-damage|p2a: Scizor|0 fnt
|faint|p2a: Scizor
|
|upkeep
|
|t:|1656200016
|switch|p2a: Darmanitan|Darmanitan, F|85/100
|turn|13
|
|t:|1656200020
|move|p2a: Darmanitan|Flare Blitz|p1a: Hydreigon
|-resisted|p1a: Hydreigon
|-damage|p1a: Hydreigon|0 fnt
|faint|p1a: Hydreigon
|-damage|p2a: Darmanitan|77/100|[from] Recoil
|
|upkeep
|
|t:|1656200024
|switch|p1a: Amoonguss|Amoonguss, M, shiny|100/100
|-damage|p1a: Amoonguss|88/100|[from] Stealth Rock
|turn|14
|
|t:|1656200028
|move|p2a: Darmanitan|Flare Blitz|p1a: Amoonguss
|-supereffective|p1a: Amoonguss
|-damage|p1a: Amoonguss|0 fnt
|-damage|p2a: Darmanitan|61/100|[from] item: Rocky Helmet|[of] p1a: Amoonguss
|faint|p1a: Amoonguss
|-damage|p2a: Darmanitan|25/100|[from] Recoil
|
|upkeep
|
|t:|1656200035
|switch|p1a: Conkeldurr|Conkeldurr, M, shiny|100/100
|-damage|p1a: Conkeldurr|94/100|[from] Stealth Rock
|turn|15
|
|t:|1656200041
|switch|p2a: Gyarados|Gyarados, F|100/100
|-ability|p2a: Gyarados|Intimidate|boost
|-unboost|p1a: Conkeldurr|atk|1
|move|p1a: Conkeldurr|Knock Off|p2a: Gyarados
|-damage|p2a: Gyarados|73/100
|-enditem|p2a: Gyarados|Leftovers|[from] move: Knock Off|[of] p1a: Conkeldurr
|
|upkeep
|turn|16
|
|t:|1656200049
|switch|p1a: Celesteela|Celesteela, shiny|89/100
|-damage|p1a: Celesteela|76/100|[from] Stealth Rock
|move|p2a: Gyarados|Dragon Dance|p2a: Gyarados
|-boost|p2a: Gyarados|atk|1
|-boost|p2a: Gyarados|spe|1
|
|-heal|p1a: Celesteela|82/100|[from] item: Leftovers
|upkeep
|turn|17
|
|t:|1656200057
|move|p2a: Gyarados|Substitute|p2a: Gyarados
|-start|p2a: Gyarados|Substitute
|-damage|p2a: Gyarados|48/100
|move|p1a: Celesteela|Leech Seed||[still]
|-fail|p1a: Celesteela
|
|-heal|p1a: Celesteela|88/100|[from] item: Leftovers
|upkeep
|turn|18
|
|t:|1656200063
|switch|p1a: Conkeldurr|Conkeldurr, M, shiny|94/100
|-damage|p1a: Conkeldurr|88/100|[from] Stealth Rock
|move|p2a: Gyarados|Dragon Dance|p2a: Gyarados
|-boost|p2a: Gyarados|atk|1
|-boost|p2a: Gyarados|spe|1
|
|upkeep
|turn|19
|
|t:|1656200070
|move|p2a: Gyarados|Bounce||[still]
|-prepare|p2a: Gyarados|Bounce
|move|p1a: Conkeldurr|Knock Off|p2a: Gyarados|[miss]
|-miss|p1a: Conkeldurr|p2a: Gyarados
|
|upkeep
|turn|20
|
|t:|1656200074
|switch|p1a: Celesteela|Celesteela, shiny|88/100
|-damage|p1a: Celesteela|76/100|[from] Stealth Rock
|move|p2a: Gyarados|Bounce|p1a: Celesteela|[from]lockedmove
|-resisted|p1a: Celesteela
|-damage|p1a: Celesteela|41/100
|
|-heal|p1a: Celesteela|47/100|[from] item: Leftovers
|upkeep
|turn|21
|
|t:|1656200082
|move|p2a: Gyarados|Waterfall|p1a: Celesteela
|-damage|p1a: Celesteela|0 fnt
|faint|p1a: Celesteela
|
|upkeep
|
|t:|1656200085
|switch|p1a: Conkeldurr|Conkeldurr, M, shiny|88/100
|-damage|p1a: Conkeldurr|82/100|[from] Stealth Rock
|turn|22
|
|t:|1656200089
|move|p2a: Gyarados|Waterfall|p1a: Conkeldurr
|-damage|p1a: Conkeldurr|22/100
|cant|p1a: Conkeldurr|flinch
|
|upkeep
|turn|23
|c|☆Dr Kan|gg
|-message|Dr Kan forfeited.
|
|win|DDD951
|raw|Dr Kan's rating: 1425 &rarr; <strong>1415</strong><br />(-10 for losing)
|raw|DDD951's rating: 1607 &rarr; <strong>1617</strong><br />(+10 for winning)
|l|☆Dr Kan
|c|☆DDD951|gg
||Ladder isn't responding, score probably updated but might not have (Request timeout).
