|j|☆pokemonisfun
|j|☆WhataBunchaJokers
|t:|1627739373
|gametype|singles
|player|p1|pokemonisfun|preschooler|1828
|player|p2|WhataBunchaJokers|102|1689
|teamsize|p1|6
|teamsize|p2|6
|gen|8
|tier|[Gen 8] UU
|rated|
|rule|Sleep Clause Mod: Limit one foe put to sleep
|rule|Species Clause: Limit one of each Pokémon
|rule|OHKO Clause: OHKO moves are banned
|rule|Evasion Moves Clause: Evasion moves are banned
|rule|Endless Battle Clause: Forcing endless battles is banned
|rule|HP Percentage Mod: HP is shown in percentages
|rule|Dynamax Clause: You cannot dynamax
|clearpoke
|poke|p1|Zarude-Dada|
|poke|p1|Chansey, F|
|poke|p1|Rotom-Wash|
|poke|p1|Primarina, M|
|poke|p1|Metagross|
|poke|p1|Krookodile, F|
|poke|p2|Rotom-Wash|
|poke|p2|Nidoking, M|
|poke|p2|Conkeldurr, M|
|poke|p2|Zarude-Dada|
|poke|p2|Gardevoir, F|
|poke|p2|Aegislash, F|
|teampreview
|
|t:|1627739447
|start
|switch|p1a: Zarude|Zarude-Dada|100/100
|switch|p2a: Conkeldurr|Conkeldurr, M|100/100
|turn|1
|
|t:|1627739456
|move|p1a: Zarude|U-turn|p2a: Conkeldurr
|-resisted|p2a: Conkeldurr
|-damage|p2a: Conkeldurr|90/100
|
|t:|1627739466
|switch|p1a: Primarina|Primarina, M|100/100|[from]move: U-turn
|move|p2a: Conkeldurr|Knock Off|p1a: Primarina
|-resisted|p1a: Primarina
|-damage|p1a: Primarina|83/100
|-enditem|p1a: Primarina|Leftovers|[from] move: Knock Off|[of] p2a: Conkeldurr
|
|upkeep
|turn|2
|
|t:|1627739480
|switch|p2a: Rotom|Rotom-Wash|100/100
|move|p1a: Primarina|Calm Mind|p1a: Primarina
|-boost|p1a: Primarina|spa|1
|-boost|p1a: Primarina|spd|1
|
|upkeep
|turn|3
|
|t:|1627739486
|move|p2a: Rotom|Volt Switch|p1a: Primarina
|-supereffective|p1a: Primarina
|-damage|p1a: Primarina|45/100
|
|t:|1627739494
|switch|p2a: Nidoking|Nidoking, M|100/100|[from]move: Volt Switch
|move|p1a: Primarina|Moonblast|p2a: Nidoking
|-resisted|p2a: Nidoking
|-damage|p2a: Nidoking|61/100
|
|upkeep
|turn|4
|
|t:|1627739503
|switch|p1a: Chansey|Chansey, F|100/100
|move|p2a: Nidoking|Sludge Wave|p1a: Chansey
|-damage|p1a: Chansey|81/100
|
|upkeep
|turn|5
|
|t:|1627739510
|switch|p1a: Krookodile|Krookodile, F|100/100
|-ability|p1a: Krookodile|Intimidate|boost
|-unboost|p2a: Nidoking|atk|1
|move|p2a: Nidoking|Stealth Rock|p1a: Krookodile
|-sidestart|p1: pokemonisfun|move: Stealth Rock
|
|upkeep
|turn|6
|
|t:|1627739546
|switch|p2a: Zarude|Zarude-Dada|100/100
|move|p1a: Krookodile|Stealth Rock|p2a: Zarude
|-sidestart|p2: WhataBunchaJokers|move: Stealth Rock
|
|upkeep
|turn|7
|
|t:|1627739577
|switch|p1a: Metagross|Metagross|100/100
|-damage|p1a: Metagross|94/100|[from] Stealth Rock
|move|p2a: Zarude|Power Whip|p1a: Metagross
|-resisted|p1a: Metagross
|-damage|p1a: Metagross|71/100
|
|-heal|p1a: Metagross|78/100|[from] item: Leftovers
|upkeep
|turn|8
|
|t:|1627739589
|switch|p1a: Chansey|Chansey, F|81/100
|-damage|p1a: Chansey|69/100|[from] Stealth Rock
|move|p2a: Zarude|Darkest Lariat|p1a: Chansey
|-damage|p1a: Chansey|43/100
|
|upkeep
|turn|9
|
|t:|1627739597
|move|p2a: Zarude|Close Combat|p1a: Chansey
|-supereffective|p1a: Chansey
|-damage|p1a: Chansey|0 fnt
|-unboost|p2a: Zarude|def|1
|-unboost|p2a: Zarude|spd|1
|faint|p1a: Chansey
|
|upkeep
|
|t:|1627739601
|switch|p1a: Zarude|Zarude-Dada|100/100
|-damage|p1a: Zarude|88/100|[from] Stealth Rock
|turn|10
|
|t:|1627739632
|move|p1a: Zarude|U-turn|p2a: Zarude
|-supereffective|p2a: Zarude
|-crit|p2a: Zarude
|-damage|p2a: Zarude|0 fnt
|faint|p2a: Zarude
|
|t:|1627739647
|switch|p1a: Rotom|Rotom-Wash|100/100|[from]move: U-turn
|-damage|p1a: Rotom|88/100|[from] Stealth Rock
|
|-heal|p1a: Rotom|94/100|[from] item: Leftovers
|upkeep
|
|t:|1627739658
|switch|p2a: Rotom|Rotom-Wash|100/100
|turn|11
|
|t:|1627739663
|move|p1a: Rotom|Volt Switch|p2a: Rotom
|-damage|p2a: Rotom|66/100
|
|t:|1627739666
|switch|p1a: Zarude|Zarude-Dada|88/100|[from]move: Volt Switch
|-damage|p1a: Zarude|76/100|[from] Stealth Rock
|move|p2a: Rotom|Volt Switch|p1a: Zarude
|-resisted|p1a: Zarude
|-damage|p1a: Zarude|60/100
|
|t:|1627739675
|switch|p2a: Conkeldurr|Conkeldurr, M|90/100|[from]move: Volt Switch
|-damage|p2a: Conkeldurr|84/100|[from] Stealth Rock
|
|upkeep
|turn|12
|
|t:|1627739691
|move|p1a: Zarude|Power Whip|p2a: Conkeldurr
|-damage|p2a: Conkeldurr|30/100
|move|p2a: Conkeldurr|Drain Punch|p1a: Zarude
|-supereffective|p1a: Zarude
|-damage|p1a: Zarude|0 fnt
|-heal|p2a: Conkeldurr|55/100|[from] drain|[of] p1a: Zarude
|faint|p1a: Zarude
|
|upkeep
|
|t:|1627739707
|switch|p1a: Rotom|Rotom-Wash|94/100
|-damage|p1a: Rotom|82/100|[from] Stealth Rock
|turn|13
|
|t:|1627739715
|move|p1a: Rotom|Volt Switch|p2a: Conkeldurr
|-damage|p2a: Conkeldurr|36/100
|
|t:|1627739718
|switch|p1a: Primarina|Primarina, M|45/100|[from]move: Volt Switch
|-damage|p1a: Primarina|32/100|[from] Stealth Rock
|move|p2a: Conkeldurr|Drain Punch|p1a: Primarina
|-resisted|p1a: Primarina
|-damage|p1a: Primarina|10/100
|-heal|p2a: Conkeldurr|45/100|[from] drain|[of] p1a: Primarina
|
|upkeep
|turn|14
|
|t:|1627739727
|move|p2a: Conkeldurr|Mach Punch|p1a: Primarina
|-resisted|p1a: Primarina
|-damage|p1a: Primarina|0 fnt
|faint|p1a: Primarina
|
|upkeep
|
|t:|1627739734
|switch|p1a: Metagross|Metagross|78/100
|-damage|p1a: Metagross|71/100|[from] Stealth Rock
|turn|15
|
|t:|1627739743
|move|p1a: Metagross|Meteor Mash|p2a: Conkeldurr|[miss]
|-miss|p1a: Metagross|p2a: Conkeldurr
|move|p2a: Conkeldurr|Drain Punch|p1a: Metagross
|-damage|p1a: Metagross|29/100
|-heal|p2a: Conkeldurr|63/100|[from] drain|[of] p1a: Metagross
|
|-heal|p1a: Metagross|35/100|[from] item: Leftovers
|upkeep
|turn|16
|
|t:|1627739751
|move|p1a: Metagross|Meteor Mash|p2a: Conkeldurr|[miss]
|-miss|p1a: Metagross|p2a: Conkeldurr
|move|p2a: Conkeldurr|Drain Punch|p1a: Metagross
|-damage|p1a: Metagross|0 fnt
|-heal|p2a: Conkeldurr|76/100|[from] drain|[of] p1a: Metagross
|faint|p1a: Metagross
|
|upkeep
|-message|pokemonisfun forfeited.
|
|win|WhataBunchaJokers
|raw|pokemonisfun's rating: 1828 &rarr; <strong>1800</strong><br />(-28 for losing)
|raw|WhataBunchaJokers's rating: 1689 &rarr; <strong>1717</strong><br />(+28 for winning)
|l|☆pokemonisfun
