|j|☆KyuWolf1
|j|☆Van Du
|t:|1604338437
|player|p1|KyuWolf1|will|1200
|player|p2|Van Du|clerkf|1167
|teamsize|p1|6
|teamsize|p2|6
|gametype|singles
|gen|8
|tier|[Gen 8] UU
|rated|
|clearpoke
|poke|p1|Scizor, F|
|poke|p1|Chandelure, M|
|poke|p1|Azelf|
|poke|p1|Crawdaunt, F|
|poke|p1|Jirachi|
|poke|p1|Nidoking, M|
|poke|p2|Lycanroc-Dusk, M|
|poke|p2|Tsareena, F|
|poke|p2|Ninetales-Alola, F|
|poke|p2|Incineroar, M|
|poke|p2|Salamence, M|
|poke|p2|Blacephalon|
|rule|Sleep Clause Mod: Limit one foe put to sleep
|rule|Species Clause: Limit one of each Pokémon
|rule|OHKO Clause: OHKO moves are banned
|rule|Evasion Moves Clause: Evasion moves are banned
|rule|Endless Battle Clause: Forcing endless battles is banned
|rule|HP Percentage Mod: HP is shown in percentages
|rule|Dynamax Clause: You cannot dynamax
|teampreview
|
|t:|1604338448
|start
|switch|p1a: Azelf|Azelf|100/100
|switch|p2a: You can RAP|Lycanroc-Dusk, M, shiny|100/100
|turn|1
|
|t:|1604338454
|move|p1a: Azelf|Taunt|p2a: You can RAP
|-start|p2a: You can RAP|move: Taunt
|cant|p2a: You can RAP|move: Taunt|Stealth Rock
|
|upkeep
|turn|2
|
|t:|1604338463
|switch|p2a: Magician|Blacephalon|100/100
|move|p1a: Azelf|Stealth Rock|p2a: Magician
|-sidestart|p2: Van Du|move: Stealth Rock
|
|upkeep
|turn|3
|
|t:|1604338470
|move|p2a: Magician|Shadow Ball|p1a: Azelf
|-supereffective|p1a: Azelf
|-enditem|p1a: Azelf|Focus Sash
|-damage|p1a: Azelf|1/100
|move|p1a: Azelf|Knock Off|p2a: Magician
|-supereffective|p2a: Magician
|-damage|p2a: Magician|0 fnt
|-enditem|p2a: Magician|Choice Scarf|[from] move: Knock Off|[of] p1a: Azelf
|faint|p2a: Magician
|
|upkeep
|
|t:|1604338481
|switch|p2a: Lady Luck|Ninetales-Alola, F|100/100
|-damage|p2a: Lady Luck|76/100|[from] Stealth Rock
|-weather|Hail|[from] ability: Snow Warning|[of] p2a: Lady Luck
|turn|4
|
|t:|1604338486
|move|p1a: Azelf|Explosion|p2a: Lady Luck
|-damage|p2a: Lady Luck|0 fnt
|faint|p1a: Azelf
|faint|p2a: Lady Luck
|
|-weather|Hail|[upkeep]
|upkeep
|
|t:|1604338508
|switch|p1a: Nidoking|Nidoking, M|100/100
|switch|p2a: Double Wings|Salamence, M, shiny|100/100
|turn|5
|
|t:|1604338522
|move|p2a: Double Wings|Dragon Dance|p2a: Double Wings
|-boost|p2a: Double Wings|atk|1
|-boost|p2a: Double Wings|spe|1
|move|p1a: Nidoking|Ice Beam|p2a: Double Wings
|-supereffective|p2a: Double Wings
|-damage|p2a: Double Wings|0 fnt
|faint|p2a: Double Wings
|
|-weather|Hail|[upkeep]
|-damage|p1a: Nidoking|95/100|[from] Hail
|upkeep
|
|t:|1604338533
|switch|p2a: Unseen Fist|Incineroar, M|100/100
|-damage|p2a: Unseen Fist|76/100|[from] Stealth Rock
|-ability|p2a: Unseen Fist|Intimidate|boost
|-unboost|p1a: Nidoking|atk|1
|turn|6
|
|t:|1604338540
|move|p1a: Nidoking|Earth Power|p2a: Unseen Fist
|-supereffective|p2a: Unseen Fist
|-damage|p2a: Unseen Fist|0 fnt
|faint|p2a: Unseen Fist
|
|-weather|Hail|[upkeep]
|-damage|p1a: Nidoking|89/100|[from] Hail
|upkeep
|-message|Van Du forfeited.
|
|win|KyuWolf1
|l|☆Van Du
