|j|☆Trainer Rupert
|j|☆NebbyGetInTheBag
|player|p1|Trainer Rupert|alder|1368
|player|p2|NebbyGetInTheBag|lillie|1405
|teamsize|p1|6
|teamsize|p2|6
|gametype|singles
|gen|8
|tier|[Gen 8] UU
|rated|
|clearpoke
|poke|p1|Haxorus, M|
|poke|p1|Lucario, M|
|poke|p1|Rotom-Wash|
|poke|p1|Gigalith, F|
|poke|p1|Flygon, M|
|poke|p1|Reuniclus, M|
|poke|p2|Toxtricity, M|
|poke|p2|Tsareena, F|
|poke|p2|Ribombee, M|
|poke|p2|Cobalion|
|poke|p2|Braviary, M|
|poke|p2|Rotom-Wash|
|rule|Sleep Clause Mod: Limit one foe put to sleep
|rule|Species Clause: Limit one of each Pokémon
|rule|OHKO Clause: OHKO moves are banned
|rule|Evasion Moves Clause: Evasion moves are banned
|rule|Endless Battle Clause: Forcing endless battles is banned
|rule|HP Percentage Mod: HP is shown in percentages
|rule|Dynamax Clause: You cannot dynamax
|teampreview
|
|start
|switch|p1a: Flygon|Flygon, M|100/100
|switch|p2a: Elastigirl|Tsareena, F|100/100
|turn|1
|
|switch|p2a: Goat|Cobalion|100/100
|move|p1a: Flygon|U-turn|p2a: Goat
|-resisted|p2a: Goat
|-damage|p2a: Goat|96/100
|
|switch|p1a: Rotom|Rotom-Wash|100/100|[from]move: U-turn
|
|upkeep
|turn|2
|
|switch|p2a: Dimitri-Shock|Toxtricity, M|100/100
|move|p1a: Rotom|Will-O-Wisp|p2a: Dimitri-Shock
|-status|p2a: Dimitri-Shock|brn
|
|-damage|p2a: Dimitri-Shock|94/100 brn|[from] brn
|upkeep
|turn|3
|
|switch|p1a: Gigalith|Gigalith, F|100/100
|-weather|Sandstorm|[from] ability: Sand Stream|[of] p1a: Gigalith
|move|p2a: Dimitri-Shock|Volt Switch|p1a: Gigalith
|-damage|p1a: Gigalith|74/100
|
|switch|p2a: Goat|Cobalion|96/100|[from]move: Volt Switch
|
|-weather|Sandstorm|[upkeep]
|-heal|p1a: Gigalith|80/100|[from] item: Leftovers
|upkeep
|turn|4
|
|switch|p1a: Rotom|Rotom-Wash|100/100
|move|p2a: Goat|Swords Dance|p2a: Goat
|-boost|p2a: Goat|atk|2
|
|-weather|Sandstorm|[upkeep]
|-damage|p1a: Rotom|94/100|[from] Sandstorm
|-heal|p1a: Rotom|100/100|[from] item: Leftovers
|upkeep
|turn|5
|
|move|p2a: Goat|Close Combat|p1a: Rotom
|-damage|p1a: Rotom|24/100
|-unboost|p2a: Goat|def|1
|-unboost|p2a: Goat|spd|1
|move|p1a: Rotom|Volt Switch|p2a: Goat
|-damage|p2a: Goat|42/100
|
|switch|p1a: Flygon|Flygon, M|100/100|[from]move: Volt Switch
|
|-weather|Sandstorm|[upkeep]
|upkeep
|turn|6
|
|switch|p2a: #MAGA|Braviary, M|100/100
|move|p1a: Flygon|Earthquake|p2a: #MAGA
|-immune|p2a: #MAGA
|
|-weather|Sandstorm|[upkeep]
|-damage|p2a: #MAGA|94/100|[from] Sandstorm
|upkeep
|turn|7
|
|switch|p1a: Rotom|Rotom-Wash|24/100
|move|p2a: #MAGA|U-turn|p1a: Rotom
|-damage|p1a: Rotom|4/100
|
|switch|p2a: Elastigirl|Tsareena, F|100/100|[from]move: U-turn
|
|-weather|none
|-heal|p1a: Rotom|10/100|[from] item: Leftovers
|upkeep
|turn|8
|
|move|p2a: Elastigirl|Knock Off|p1a: Rotom
|-damage|p1a: Rotom|0 fnt
|-enditem|p1a: Rotom|Leftovers|[from] move: Knock Off|[of] p2a: Elastigirl
|faint|p1a: Rotom
|
|upkeep
|
|switch|p1a: Lucario|Lucario, M|100/100
|turn|9
|
|switch|p2a: Calgon|Rotom-Wash|100/100
|move|p1a: Lucario|Steel Beam|p2a: Calgon
|-resisted|p2a: Calgon
|-damage|p2a: Calgon|70/100
|-damage|p1a: Lucario|50/100|[from] mindblown
|
|upkeep
|turn|10
|
|switch|p1a: Reuniclus|Reuniclus, M|100/100
|move|p2a: Calgon|Volt Switch|p1a: Reuniclus
|-damage|p1a: Reuniclus|79/100
|
|switch|p2a: Elastigirl|Tsareena, F|100/100|[from]move: Volt Switch
|
|-heal|p1a: Reuniclus|85/100|[from] item: Leftovers
|upkeep
|turn|11
|
|move|p2a: Elastigirl|Rapid Spin|p1a: Reuniclus
|-damage|p1a: Reuniclus|69/100
|-boost|p2a: Elastigirl|spe|1
|move|p1a: Reuniclus|Acid Armor|p1a: Reuniclus
|-boost|p1a: Reuniclus|def|2
|
|-heal|p1a: Reuniclus|75/100|[from] item: Leftovers
|upkeep
|turn|12
|
|switch|p2a: Calgon|Rotom-Wash|70/100
|move|p1a: Reuniclus|Calm Mind|p1a: Reuniclus
|-boost|p1a: Reuniclus|spa|1
|-boost|p1a: Reuniclus|spd|1
|
|-heal|p1a: Reuniclus|81/100|[from] item: Leftovers
|upkeep
|turn|13
|
|move|p2a: Calgon|Trick|p1a: Reuniclus
|-activate|p2a: Calgon|move: Trick|[of] p1a: Reuniclus
|-item|p1a: Reuniclus|Choice Scarf|[from] move: Trick
|-item|p2a: Calgon|Leftovers|[from] move: Trick
|move|p1a: Reuniclus|Stored Power|p2a: Calgon
|-damage|p2a: Calgon|0 fnt
|faint|p2a: Calgon
|
|upkeep
|
|switch|p2a: Twink Bee|Ribombee, M|100/100
|turn|14
|
|move|p2a: Twink Bee|Bug Buzz|p1a: Reuniclus
|-supereffective|p1a: Reuniclus
|-damage|p1a: Reuniclus|45/100
|move|p1a: Reuniclus|Stored Power|p2a: Twink Bee
|-enditem|p2a: Twink Bee|Focus Sash
|-damage|p2a: Twink Bee|1/100
|
|upkeep
|turn|15
|
|move|p2a: Twink Bee|Sticky Web|p1a: Reuniclus
|-sidestart|p1: Trainer Rupert|move: Sticky Web
|move|p1a: Reuniclus|Stored Power|p2a: Twink Bee
|-damage|p2a: Twink Bee|0 fnt
|faint|p2a: Twink Bee
|
|upkeep
|
|switch|p2a: Elastigirl|Tsareena, F|100/100
|turn|16
|
|move|p2a: Elastigirl|Power Whip|p1a: Reuniclus
|-damage|p1a: Reuniclus|15/100
|move|p1a: Reuniclus|Stored Power|p2a: Elastigirl
|-damage|p2a: Elastigirl|52/100
|
|upkeep
|turn|17
|
|move|p2a: Elastigirl|Rapid Spin|p1a: Reuniclus
|-damage|p1a: Reuniclus|6/100
|-boost|p2a: Elastigirl|spe|1
|move|p1a: Reuniclus|Stored Power|p2a: Elastigirl
|-damage|p2a: Elastigirl|0 fnt
|faint|p2a: Elastigirl
|
|upkeep
|
|switch|p2a: #MAGA|Braviary, M|94/100
|turn|18
|
|move|p2a: #MAGA|U-turn|p1a: Reuniclus
|-supereffective|p1a: Reuniclus
|-damage|p1a: Reuniclus|0 fnt
|faint|p1a: Reuniclus
|
|switch|p2a: Goat|Cobalion|42/100|[from]move: U-turn
|
|upkeep
|
|switch|p1a: Flygon|Flygon, M|100/100
|turn|19
|
|switch|p2a: #MAGA|Braviary, M|94/100
|move|p1a: Flygon|Defog|p2a: #MAGA
|-unboost|p2a: #MAGA|evasion|1
|-ability|p2a: #MAGA|Defiant
|-boost|p2a: #MAGA|atk|2
|-sideend|p1: Trainer Rupert|Sticky Web|[from] move: Defog|[of] p1a: Flygon
|
|upkeep
|turn|20
|
|switch|p1a: Lucario|Lucario, M|50/100
|move|p2a: #MAGA|Close Combat|p1a: Lucario
|-supereffective|p1a: Lucario
|-damage|p1a: Lucario|0 fnt
|-unboost|p2a: #MAGA|def|1
|-unboost|p2a: #MAGA|spd|1
|faint|p1a: Lucario
|
|upkeep
|
|switch|p1a: Flygon|Flygon, M|100/100
|turn|21
|
|switch|p2a: Goat|Cobalion|42/100
|move|p1a: Flygon|Outrage|p2a: Goat
|-resisted|p2a: Goat
|-damage|p2a: Goat|22/100
|
|upkeep
|turn|22
|
|move|p1a: Flygon|Outrage|p2a: Goat|[from]lockedmove
|-resisted|p2a: Goat
|-crit|p2a: Goat
|-damage|p2a: Goat|0 fnt
|faint|p2a: Goat
|
|upkeep
|
|switch|p2a: #MAGA|Braviary, M|94/100
|turn|23
|
|move|p1a: Flygon|Outrage|p2a: #MAGA|[from]lockedmove
|-damage|p2a: #MAGA|31/100
|-start|p1a: Flygon|confusion|[fatigue]
|move|p2a: #MAGA|Brave Bird|p1a: Flygon
|-damage|p1a: Flygon|24/100
|-damage|p2a: #MAGA|8/100|[from] Recoil
|
|upkeep
|turn|24
|
|switch|p1a: Gigalith|Gigalith, F|80/100
|-weather|Sandstorm|[from] ability: Sand Stream|[of] p1a: Gigalith
|move|p2a: #MAGA|Brave Bird|p1a: Gigalith
|-resisted|p1a: Gigalith
|-damage|p1a: Gigalith|59/100
|-damage|p2a: #MAGA|0 fnt|[from] Recoil
|faint|p2a: #MAGA
|
|-weather|Sandstorm|[upkeep]
|-heal|p1a: Gigalith|65/100|[from] item: Leftovers
|upkeep
|
|switch|p2a: Dimitri-Shock|Toxtricity, M|94/100 brn
|turn|25
|-message|NebbyGetInTheBag forfeited.
|
|win|Trainer Rupert
|l|☆NebbyGetInTheBag
|c|☆Trainer Rupert|gg. Love the videos dude. keep it up.
||Ladder (probably) updated, but score could not be retrieved (Response not received).
