|j|☆Frostytheswoleman
|j|☆huangxiaomj
|t:|1665299242
|gametype|singles
|player|p1|Frostytheswoleman|bruno|1330
|player|p2|huangxiaomj|cheren-gen5bw2|1443
|teamsize|p1|6
|teamsize|p2|6
|gen|8
|tier|[Gen 8] UU
|rated|
|rule|Sleep Clause Mod: Limit one foe put to sleep
|rule|Species Clause: Limit one of each Pokémon
|rule|OHKO Clause: OHKO moves are banned
|rule|Evasion Items Clause: Evasion items are banned
|rule|Evasion Moves Clause: Evasion moves are banned
|rule|Endless Battle Clause: Forcing endless battles is banned
|rule|HP Percentage Mod: HP is shown in percentages
|rule|Dynamax Clause: You cannot dynamax
|clearpoke
|poke|p1|Tyrantrum, F|
|poke|p1|Primarina, F|
|poke|p1|Piloswine, M|
|poke|p1|Crobat, M|
|poke|p1|Darmanitan, F|
|poke|p1|Haxorus, F|
|poke|p2|Excadrill, F|
|poke|p2|Keldeo-Resolute|
|poke|p2|Zarude-Dada|
|poke|p2|Azumarill, M|
|poke|p2|Chandelure, F|
|poke|p2|Celesteela|
|teampreview
|
|t:|1665299255
|start
|switch|p1a: Darmanitan|Darmanitan, F, shiny|100/100
|switch|p2a: Azumarill|Azumarill, M|100/100
|turn|1
|
|t:|1665299263
|move|p1a: Darmanitan|U-turn|p2a: Azumarill
|-resisted|p2a: Azumarill
|-damage|p2a: Azumarill|86/100
|
|t:|1665299266
|switch|p1a: Crobat|Crobat, M|100/100|[from]move: U-turn
|move|p2a: Azumarill|Knock Off|p1a: Crobat
|-damage|p1a: Crobat|59/100
|-enditem|p1a: Crobat|Heavy-Duty Boots|[from] move: Knock Off|[of] p2a: Azumarill
|
|upkeep
|turn|2
|
|t:|1665299275
|switch|p2a: Excadrill|Excadrill, F|100/100
|-ability|p2a: Excadrill|Mold Breaker
|move|p1a: Crobat|Toxic|p2a: Excadrill
|-immune|p2a: Excadrill
|
|upkeep
|turn|3
|
|t:|1665299284
|move|p1a: Crobat|Super Fang|p2a: Excadrill
|-damage|p2a: Excadrill|51/100
|move|p2a: Excadrill|Stealth Rock|p1a: Crobat
|-sidestart|p1: Frostytheswoleman|move: Stealth Rock
|
|upkeep
|turn|4
|
|t:|1665299295
|move|p1a: Crobat|Defog|p2a: Excadrill
|-unboost|p2a: Excadrill|evasion|1
|-sideend|p1: Frostytheswoleman|Stealth Rock|[from] move: Defog|[of] p1a: Crobat
|move|p2a: Excadrill|Rapid Spin|p1a: Crobat
|-damage|p1a: Crobat|40/100
|-boost|p2a: Excadrill|spe|1
|
|upkeep
|turn|5
|
|t:|1665299308
|switch|p1a: Darmanitan|Darmanitan, F, shiny|100/100
|move|p2a: Excadrill|Stealth Rock|p1a: Darmanitan
|-sidestart|p1: Frostytheswoleman|move: Stealth Rock
|
|upkeep
|turn|6
|inactive|Battle timer is ON: inactive players will automatically lose when time's up. (requested by huangxiaomj)
|
|t:|1665299321
|move|p1a: Darmanitan|Earthquake|p2a: Excadrill
|-supereffective|p2a: Excadrill
|-damage|p2a: Excadrill|0 fnt
|faint|p2a: Excadrill
|
|upkeep
|
|t:|1665299333
|switch|p2a: Azumarill|Azumarill, M|86/100
|turn|7
|
|t:|1665299341
|switch|p1a: Tyrantrum|Tyrantrum, F, shiny|100/100
|-damage|p1a: Tyrantrum|88/100|[from] Stealth Rock
|move|p2a: Azumarill|Knock Off|p1a: Tyrantrum
|-damage|p1a: Tyrantrum|49/100
|-enditem|p1a: Tyrantrum|Choice Band|[from] move: Knock Off|[of] p2a: Azumarill
|
|upkeep
|turn|8
|
|t:|1665299357
|move|p1a: Tyrantrum|Head Smash|p2a: Azumarill
|-damage|p2a: Azumarill|8/100
|-enditem|p2a: Azumarill|Sitrus Berry|[eat]
|-heal|p2a: Azumarill|32/100|[from] item: Sitrus Berry
|move|p2a: Azumarill|Play Rough|p1a: Tyrantrum|[miss]
|-miss|p2a: Azumarill|p1a: Tyrantrum
|
|upkeep
|turn|9
|
|t:|1665299367
|move|p2a: Azumarill|Aqua Jet|p1a: Tyrantrum
|-damage|p1a: Tyrantrum|23/100
|move|p1a: Tyrantrum|Earthquake|p2a: Azumarill
|-damage|p2a: Azumarill|0 fnt
|faint|p2a: Azumarill
|
|upkeep
|
|t:|1665299375
|switch|p2a: Zarude|Zarude-Dada|100/100
|turn|10
|
|t:|1665299381
|move|p2a: Zarude|Darkest Lariat|p1a: Tyrantrum
|-damage|p1a: Tyrantrum|0 fnt
|faint|p1a: Tyrantrum
|
|upkeep
|
|t:|1665299386
|switch|p1a: Darmanitan|Darmanitan, F, shiny|100/100
|-damage|p1a: Darmanitan|76/100|[from] Stealth Rock
|turn|11
|
|t:|1665299392
|switch|p2a: Keldeo|Keldeo-Resolute|100/100
|move|p1a: Darmanitan|U-turn|p2a: Keldeo
|-resisted|p2a: Keldeo
|-damage|p2a: Keldeo|84/100
|
|t:|1665299395
|switch|p1a: Primarina|Primarina, F|100/100|[from]move: U-turn
|-damage|p1a: Primarina|88/100|[from] Stealth Rock
|
|-heal|p1a: Primarina|94/100|[from] item: Leftovers
|upkeep
|turn|12
|
|t:|1665299410
|move|p2a: Keldeo|Flip Turn|p1a: Primarina
|-resisted|p1a: Primarina
|-damage|p1a: Primarina|85/100
|
|t:|1665299414
|switch|p2a: Chandelure|Chandelure, F|100/100|[from]move: Flip Turn
|move|p1a: Primarina|Substitute|p1a: Primarina
|-start|p1a: Primarina|Substitute
|-damage|p1a: Primarina|60/100
|
|-heal|p1a: Primarina|66/100|[from] item: Leftovers
|upkeep
|turn|13
|
|t:|1665299423
|move|p2a: Chandelure|Shadow Ball|p1a: Primarina
|-end|p1a: Primarina|Substitute
|move|p1a: Primarina|Hyper Voice|p2a: Chandelure
|-supereffective|p2a: Chandelure
|-damage|p2a: Chandelure|0 fnt
|faint|p2a: Chandelure
|
|-heal|p1a: Primarina|72/100|[from] item: Leftovers
|upkeep
|
|t:|1665299435
|switch|p2a: Zarude|Zarude-Dada|100/100
|turn|14
|
|t:|1665299447
|switch|p1a: Haxorus|Haxorus, F|100/100
|-damage|p1a: Haxorus|88/100|[from] Stealth Rock
|-ability|p1a: Haxorus|Mold Breaker
|move|p2a: Zarude|Close Combat|p1a: Haxorus
|-damage|p1a: Haxorus|36/100
|-unboost|p2a: Zarude|def|1
|-unboost|p2a: Zarude|spd|1
|
|upkeep
|turn|15
|
|t:|1665299458
|move|p2a: Zarude|Darkest Lariat|p1a: Haxorus
|-damage|p1a: Haxorus|0 fnt
|faint|p1a: Haxorus
|
|upkeep
|
|t:|1665299467
|switch|p1a: Crobat|Crobat, M|40/100
|-damage|p1a: Crobat|15/100|[from] Stealth Rock
|turn|16
|
|t:|1665299474
|switch|p2a: Celesteela|Celesteela|100/100
|move|p1a: Crobat|Defog|p2a: Celesteela
|-unboost|p2a: Celesteela|evasion|1
|-sideend|p1: Frostytheswoleman|Stealth Rock|[from] move: Defog|[of] p1a: Crobat
|
|upkeep
|turn|17
|
|t:|1665299483
|move|p1a: Crobat|Taunt|p2a: Celesteela
|-start|p2a: Celesteela|move: Taunt
|cant|p2a: Celesteela|move: Taunt|Autotomize
|
|upkeep
|turn|18
|
|t:|1665299498
|move|p1a: Crobat|Super Fang|p2a: Celesteela
|-damage|p2a: Celesteela|51/100
|move|p2a: Celesteela|Meteor Beam||[still]
|-prepare|p2a: Celesteela|Meteor Beam
|-boost|p2a: Celesteela|spa|1
|-enditem|p2a: Celesteela|Power Herb
|-anim|p2a: Celesteela|Meteor Beam|p1a: Crobat
|-supereffective|p1a: Crobat
|-damage|p1a: Crobat|0 fnt
|faint|p1a: Crobat
|-ability|p2a: Celesteela|Beast Boost|boost
|-boost|p2a: Celesteela|spa|1
|
|upkeep
|
|t:|1665299501
|switch|p1a: Darmanitan|Darmanitan, F, shiny|76/100
|turn|19
|
|t:|1665299516
|move|p1a: Darmanitan|Flare Blitz|p2a: Celesteela
|-supereffective|p2a: Celesteela
|-damage|p2a: Celesteela|0 fnt
|faint|p2a: Celesteela
|-damage|p1a: Darmanitan|60/100|[from] Recoil
|
|upkeep
|
|t:|1665299522
|switch|p2a: Keldeo|Keldeo-Resolute|84/100
|turn|20
|
|t:|1665299527
|move|p1a: Darmanitan|Flare Blitz|p2a: Keldeo
|-resisted|p2a: Keldeo
|-damage|p2a: Keldeo|38/100
|-damage|p1a: Darmanitan|46/100|[from] Recoil
|move|p2a: Keldeo|Flip Turn|p1a: Darmanitan
|-supereffective|p1a: Darmanitan
|-damage|p1a: Darmanitan|2/100
|
|t:|1665299535
|switch|p2a: Zarude|Zarude-Dada|100/100|[from]move: Flip Turn
|
|upkeep
|turn|21
|
|t:|1665299541
|move|p1a: Darmanitan|Flare Blitz|p2a: Zarude
|-supereffective|p2a: Zarude
|-damage|p2a: Zarude|0 fnt
|faint|p2a: Zarude
|-damage|p1a: Darmanitan|0 fnt|[from] Recoil
|faint|p1a: Darmanitan
|
|upkeep
|-message|huangxiaomj forfeited.
|
|win|Frostytheswoleman
|raw|Frostytheswoleman's rating: 1330 &rarr; <strong>1356</strong><br />(+26 for winning)
|raw|huangxiaomj's rating: 1443 &rarr; <strong>1417</strong><br />(-26 for losing)
|l|☆huangxiaomj
