|j|☆Kla0Trixx
|j|☆feelstoads
|player|p1|Kla0Trixx|102|1468
|player|p2|feelstoads|pokemaniac|1458
|teamsize|p1|6
|teamsize|p2|6
|gametype|singles
|gen|8
|tier|[Gen 8] UU
|rated|
|clearpoke
|poke|p1|Incineroar, F|
|poke|p1|Weezing-Galar, M|
|poke|p1|Gastrodon-East, F|
|poke|p1|Cobalion|
|poke|p1|Celebi|
|poke|p1|Rotom-Mow|
|poke|p2|Kingler, F|
|poke|p2|Celebi|
|poke|p2|Cobalion|
|poke|p2|Noivern, M|
|poke|p2|Rhyperior, F|
|poke|p2|Incineroar, M|
|rule|Sleep Clause Mod: Limit one foe put to sleep
|rule|Species Clause: Limit one of each Pokémon
|rule|OHKO Clause: OHKO moves are banned
|rule|Evasion Moves Clause: Evasion moves are banned
|rule|Endless Battle Clause: Forcing endless battles is banned
|rule|HP Percentage Mod: HP is shown in percentages
|rule|Dynamax Clause: You cannot dynamax
|teampreview
|
|start
|switch|p1a: Celebi|Celebi|100/100
|switch|p2a: Cobalion|Cobalion|100/100
|turn|1
|
|move|p2a: Cobalion|Volt Switch|p1a: Celebi
|-resisted|p1a: Celebi
|-damage|p1a: Celebi|93/100
|
|switch|p2a: Noivern|Noivern, M|100/100|[from]move: Volt Switch
|move|p1a: Celebi|Stealth Rock|p2a: Noivern
|-sidestart|p2: feelstoads|move: Stealth Rock
|
|-heal|p1a: Celebi|99/100|[from] item: Leftovers
|upkeep
|turn|2
|
|switch|p1a: Gastrodon|Gastrodon-East, F|100/100
|move|p2a: Noivern|Defog|p1a: Gastrodon
|-unboost|p1a: Gastrodon|evasion|1
|-sideend|p2: feelstoads|Stealth Rock|[from] move: Defog|[of] p2a: Noivern
|
|upkeep
|turn|3
|
|switch|p2a: Celebi|Celebi|100/100
|move|p1a: Gastrodon|Toxic|p2a: Celebi
|-status|p2a: Celebi|tox
|
|-damage|p2a: Celebi|94/100 tox|[from] psn
|upkeep
|turn|4
|
|switch|p1a: Incineroar|Incineroar, F|100/100
|-ability|p1a: Incineroar|Intimidate|boost
|-unboost|p2a: Celebi|atk|1
|move|p2a: Celebi|Earth Power|p1a: Incineroar
|-supereffective|p1a: Incineroar
|-damage|p1a: Incineroar|55/100
|-damage|p2a: Celebi|84/100 tox|[from] item: Life Orb
|
|-damage|p2a: Celebi|72/100 tox|[from] psn
|upkeep
|turn|5
|
|switch|p2a: Rhyperior|Rhyperior, F|100/100
|move|p1a: Incineroar|Leech Life|p2a: Rhyperior
|-crit|p2a: Rhyperior
|-damage|p2a: Rhyperior|75/100
|-heal|p1a: Incineroar|70/100|[from] drain|[of] p2a: Rhyperior
|
|-heal|p2a: Rhyperior|81/100|[from] item: Leftovers
|upkeep
|turn|6
|
|move|p1a: Incineroar|U-turn|p2a: Rhyperior
|-damage|p2a: Rhyperior|65/100
|
|switch|p1a: Weezing|Weezing-Galar, M|100/100|[from]move: U-turn
|move|p2a: Rhyperior|Stealth Rock|p1a: Weezing
|-sidestart|p1: Kla0Trixx|move: Stealth Rock
|
|-heal|p2a: Rhyperior|71/100|[from] item: Leftovers
|upkeep
|turn|7
|
|switch|p2a: Celebi|Celebi|72/100
|move|p1a: Weezing|Defog|p2a: Celebi
|-unboost|p2a: Celebi|evasion|1
|-sideend|p1: Kla0Trixx|Stealth Rock|[from] move: Defog|[of] p1a: Weezing
|
|upkeep
|turn|8
|
|switch|p1a: Celebi|Celebi|99/100
|move|p2a: Celebi|Psychic|p1a: Celebi
|-resisted|p1a: Celebi
|-damage|p1a: Celebi|72/100
|-damage|p2a: Celebi|62/100|[from] item: Life Orb
|
|-heal|p1a: Celebi|78/100|[from] item: Leftovers
|upkeep
|turn|9
|
|switch|p2a: Incineroar|Incineroar, M|100/100
|-ability|p2a: Incineroar|Intimidate|boost
|-unboost|p1a: Celebi|atk|1
|move|p1a: Celebi|Stealth Rock|p2a: Incineroar
|-sidestart|p2: feelstoads|move: Stealth Rock
|
|-heal|p1a: Celebi|84/100|[from] item: Leftovers
|upkeep
|turn|10
|
|move|p1a: Celebi|U-turn|p2a: Incineroar
|-damage|p2a: Incineroar|92/100
|
|switch|p1a: Gastrodon|Gastrodon-East, F|100/100|[from]move: U-turn
|move|p2a: Incineroar|Toxic|p1a: Gastrodon|[miss]
|-miss|p2a: Incineroar|p1a: Gastrodon
|
|upkeep
|turn|11
|
|switch|p1a: Weezing|Weezing-Galar, M|100/100
|move|p2a: Incineroar|Parting Shot|p1a: Weezing
|-unboost|p1a: Weezing|atk|1
|-unboost|p1a: Weezing|spa|1
|
|switch|p2a: Cobalion|Cobalion|100/100|[from]move: Parting Shot
|-damage|p2a: Cobalion|97/100|[from] Stealth Rock
|
|upkeep
|turn|12
|
|switch|p1a: Celebi|Celebi|84/100
|move|p2a: Cobalion|Iron Head|p1a: Celebi
|-damage|p1a: Celebi|49/100
|
|-heal|p1a: Celebi|55/100|[from] item: Leftovers
|upkeep
|turn|13
|
|move|p2a: Cobalion|Iron Head|p1a: Celebi
|-damage|p1a: Celebi|24/100
|move|p1a: Celebi|Psychic|p2a: Cobalion
|-damage|p2a: Cobalion|45/100
|
|-heal|p1a: Celebi|30/100|[from] item: Leftovers
|upkeep
|turn|14
|
|switch|p1a: Rotom|Rotom-Mow|100/100
|move|p2a: Cobalion|Iron Head|p1a: Rotom
|-resisted|p1a: Rotom
|-damage|p1a: Rotom|79/100
|
|upkeep
|turn|15
|
|switch|p2a: Rhyperior|Rhyperior, F|71/100
|-damage|p2a: Rhyperior|65/100|[from] Stealth Rock
|move|p1a: Rotom|Volt Switch|p2a: Rhyperior
|-immune|p2a: Rhyperior
|
|-heal|p2a: Rhyperior|71/100|[from] item: Leftovers
|upkeep
|turn|16
|
|switch|p1a: Weezing|Weezing-Galar, M|100/100
|move|p2a: Rhyperior|Stealth Rock|p1a: Weezing
|-sidestart|p1: Kla0Trixx|move: Stealth Rock
|
|-heal|p2a: Rhyperior|78/100|[from] item: Leftovers
|upkeep
|turn|17
|
|move|p1a: Weezing|Defog|p2a: Rhyperior
|-unboost|p2a: Rhyperior|evasion|1
|-sideend|p2: feelstoads|Stealth Rock|[from] move: Defog|[of] p1a: Weezing
|-sideend|p1: Kla0Trixx|Stealth Rock|[from] move: Defog|[of] p1a: Weezing
|move|p2a: Rhyperior|Stone Edge|p1a: Weezing
|-damage|p1a: Weezing|68/100
|
|-heal|p1a: Weezing|74/100|[from] item: Black Sludge
|-heal|p2a: Rhyperior|84/100|[from] item: Leftovers
|upkeep
|turn|18
|
|switch|p2a: Incineroar|Incineroar, M|92/100
|-ability|p2a: Incineroar|Intimidate|boost
|-unboost|p1a: Weezing|atk|1
|move|p1a: Weezing|Toxic|p2a: Incineroar
|-status|p2a: Incineroar|tox
|
|-heal|p1a: Weezing|80/100|[from] item: Black Sludge
|-damage|p2a: Incineroar|85/100 tox|[from] psn
|upkeep
|turn|19
|
|move|p1a: Weezing|Protect|p1a: Weezing
|-singleturn|p1a: Weezing|Protect
|move|p2a: Incineroar|Parting Shot|p1a: Weezing
|-activate|p1a: Weezing|move: Protect
|
|-heal|p1a: Weezing|86/100|[from] item: Black Sludge
|-damage|p2a: Incineroar|73/100 tox|[from] psn
|upkeep
|turn|20
|
|move|p1a: Weezing|Protect||[still]
|-fail|p1a: Weezing
|move|p2a: Incineroar|Parting Shot|p1a: Weezing
|-unboost|p1a: Weezing|atk|1
|-unboost|p1a: Weezing|spa|1
|
|switch|p2a: Cobalion|Cobalion|45/100|[from]move: Parting Shot
|
|-heal|p1a: Weezing|92/100|[from] item: Black Sludge
|upkeep
|turn|21
|
|switch|p1a: Rotom|Rotom-Mow|79/100
|move|p2a: Cobalion|Iron Head|p1a: Rotom
|-resisted|p1a: Rotom
|-damage|p1a: Rotom|58/100
|
|upkeep
|turn|22
|
|switch|p2a: Celebi|Celebi|62/100
|move|p1a: Rotom|Leaf Storm|p2a: Celebi|[miss]
|-miss|p1a: Rotom|p2a: Celebi
|
|upkeep
|turn|23
|
|switch|p1a: Incineroar|Incineroar, F|70/100
|-ability|p1a: Incineroar|Intimidate|boost
|-unboost|p2a: Celebi|atk|1
|move|p2a: Celebi|Earth Power|p1a: Incineroar
|-supereffective|p1a: Incineroar
|-damage|p1a: Incineroar|30/100
|-damage|p2a: Celebi|52/100|[from] item: Life Orb
|
|upkeep
|turn|24
|
|switch|p1a: Celebi|Celebi|30/100
|move|p2a: Celebi|Earth Power|p1a: Celebi
|-resisted|p1a: Celebi
|-damage|p1a: Celebi|12/100
|-damage|p2a: Celebi|42/100|[from] item: Life Orb
|
|-heal|p1a: Celebi|18/100|[from] item: Leftovers
|upkeep
|turn|25
|
|switch|p1a: Cobalion|Cobalion|100/100
|move|p2a: Celebi|Psychic|p1a: Cobalion
|-damage|p1a: Cobalion|26/100
|-unboost|p1a: Cobalion|spd|1
|-damage|p2a: Celebi|32/100|[from] item: Life Orb
|
|upkeep
|turn|26
|
|switch|p2a: Incineroar|Incineroar, M|73/100 tox
|-ability|p2a: Incineroar|Intimidate|boost
|-unboost|p1a: Cobalion|atk|1
|move|p1a: Cobalion|Iron Head|p2a: Incineroar
|-resisted|p2a: Incineroar
|-damage|p2a: Incineroar|65/100 tox
|
|-damage|p2a: Incineroar|59/100 tox|[from] psn
|upkeep
|turn|27
|
|switch|p2a: Noivern|Noivern, M|100/100
|move|p1a: Cobalion|Close Combat|p2a: Noivern
|-resisted|p2a: Noivern
|-damage|p2a: Noivern|77/100
|-unboost|p1a: Cobalion|def|1
|-unboost|p1a: Cobalion|spd|1
|
|upkeep
|turn|28
|
|switch|p1a: Gastrodon|Gastrodon-East, F|100/100
|move|p2a: Noivern|Flamethrower|p1a: Gastrodon
|-resisted|p1a: Gastrodon
|-damage|p1a: Gastrodon|92/100
|
|-heal|p1a: Gastrodon|98/100|[from] item: Leftovers
|upkeep
|turn|29
|
|switch|p2a: Rhyperior|Rhyperior, F|84/100
|switch|p1a: Cobalion|Cobalion|26/100
|
|-heal|p2a: Rhyperior|90/100|[from] item: Leftovers
|upkeep
|turn|30
|
|switch|p1a: Weezing|Weezing-Galar, M|92/100
|move|p2a: Rhyperior|Earthquake|p1a: Weezing
|-immune|p1a: Weezing|[from] ability: Levitate
|
|-heal|p1a: Weezing|98/100|[from] item: Black Sludge
|-heal|p2a: Rhyperior|96/100|[from] item: Leftovers
|upkeep
|turn|31
|
|switch|p2a: Cobalion|Cobalion|45/100
|move|p1a: Weezing|Strange Steam|p2a: Cobalion
|-damage|p2a: Cobalion|8/100
|
|-heal|p1a: Weezing|100/100|[from] item: Black Sludge
|upkeep
|turn|32
|
|switch|p1a: Rotom|Rotom-Mow|58/100
|move|p2a: Cobalion|Volt Switch|p1a: Rotom
|-resisted|p1a: Rotom
|-crit|p1a: Rotom
|-damage|p1a: Rotom|52/100
|
|switch|p2a: Celebi|Celebi|32/100|[from]move: Volt Switch
|
|upkeep
|turn|33
|
|move|p1a: Rotom|Leaf Storm|p2a: Celebi
|-resisted|p2a: Celebi
|-damage|p2a: Celebi|3/100
|-unboost|p1a: Rotom|spa|2
|move|p2a: Celebi|Recover|p2a: Celebi
|-heal|p2a: Celebi|53/100
|
|upkeep
|turn|34
|
|switch|p1a: Celebi|Celebi|18/100
|move|p2a: Celebi|Recover|p2a: Celebi
|-heal|p2a: Celebi|100/100
|
|-heal|p1a: Celebi|24/100|[from] item: Leftovers
|upkeep
|turn|35
|
|move|p1a: Celebi|U-turn|p2a: Celebi
|-supereffective|p2a: Celebi
|-damage|p2a: Celebi|42/100
|
|switch|p1a: Incineroar|Incineroar, F|30/100|[from]move: U-turn
|-ability|p1a: Incineroar|Intimidate|boost
|-unboost|p2a: Celebi|atk|1
|move|p2a: Celebi|Leaf Storm|p1a: Incineroar|[miss]
|-miss|p2a: Celebi|p1a: Incineroar
|
|upkeep
|turn|36
|
|switch|p1a: Celebi|Celebi|24/100
|move|p2a: Celebi|Earth Power|p1a: Celebi
|-resisted|p1a: Celebi
|-damage|p1a: Celebi|8/100
|-damage|p2a: Celebi|32/100|[from] item: Life Orb
|
|-heal|p1a: Celebi|14/100|[from] item: Leftovers
|upkeep
|turn|37
|
|switch|p2a: Cobalion|Cobalion|8/100
|move|p1a: Celebi|U-turn|p2a: Cobalion
|-resisted|p2a: Cobalion
|-damage|p2a: Cobalion|5/100
|-damage|p1a: Celebi|0 fnt|[from] item: Rocky Helmet|[of] p2a: Cobalion
|faint|p1a: Celebi
|
|upkeep
|
|switch|p1a: Rotom|Rotom-Mow|52/100
|turn|38
|
|switch|p2a: Rhyperior|Rhyperior, F|96/100
|move|p1a: Rotom|Leaf Storm|p2a: Rhyperior
|-supereffective|p2a: Rhyperior
|-damage|p2a: Rhyperior|0 fnt
|-unboost|p1a: Rotom|spa|2
|faint|p2a: Rhyperior
|
|upkeep
|
|switch|p2a: Celebi|Celebi|32/100
|turn|39
|
|switch|p1a: Gastrodon|Gastrodon-East, F|98/100
|move|p2a: Celebi|Recover|p2a: Celebi
|-heal|p2a: Celebi|82/100
|
|-heal|p1a: Gastrodon|100/100|[from] item: Leftovers
|upkeep
|turn|40
|
|switch|p1a: Weezing|Weezing-Galar, M|100/100
|move|p2a: Celebi|Leaf Storm|p1a: Weezing|[miss]
|-miss|p2a: Celebi|p1a: Weezing
|
|upkeep
|turn|41
|
|move|p1a: Weezing|Protect|p1a: Weezing
|-singleturn|p1a: Weezing|Protect
|move|p2a: Celebi|Earth Power|p1a: Weezing
|-activate|p1a: Weezing|move: Protect
|
|upkeep
|turn|42
|
|switch|p1a: Gastrodon|Gastrodon-East, F|100/100
|move|p2a: Celebi|Psychic|p1a: Gastrodon
|-damage|p1a: Gastrodon|68/100
|-damage|p2a: Celebi|72/100|[from] item: Life Orb
|
|-heal|p1a: Gastrodon|74/100|[from] item: Leftovers
|upkeep
|turn|43
|
|move|p2a: Celebi|Psychic|p1a: Gastrodon
|-damage|p1a: Gastrodon|41/100
|-damage|p2a: Celebi|62/100|[from] item: Life Orb
|move|p1a: Gastrodon|Toxic|p2a: Celebi
|-status|p2a: Celebi|tox
|
|-heal|p1a: Gastrodon|47/100|[from] item: Leftovers
|-damage|p2a: Celebi|56/100 tox|[from] psn
|upkeep
|turn|44
|
|switch|p1a: Incineroar|Incineroar, F|30/100
|-ability|p1a: Incineroar|Intimidate|boost
|-unboost|p2a: Celebi|atk|1
|move|p2a: Celebi|Psychic|p1a: Incineroar
|-immune|p1a: Incineroar
|
|-damage|p2a: Celebi|44/100 tox|[from] psn
|upkeep
|turn|45
|
|-curestatus|p2a: Celebi|tox|[from] ability: Natural Cure
|switch|p2a: Kingler|Kingler, F|100/100
|move|p1a: Incineroar|Leech Life|p2a: Kingler
|-damage|p2a: Kingler|69/100
|-heal|p1a: Incineroar|40/100|[from] drain|[of] p2a: Kingler
|
|upkeep
|turn|46
|
|switch|p1a: Weezing|Weezing-Galar, M|100/100
|move|p2a: Kingler|X-Scissor|p1a: Weezing
|-resisted|p1a: Weezing
|-damage|p1a: Weezing|94/100
|-damage|p2a: Kingler|59/100|[from] item: Life Orb
|
|-heal|p1a: Weezing|99/100|[from] item: Black Sludge
|upkeep
|turn|47
|
|move|p2a: Kingler|Liquidation|p1a: Weezing
|-damage|p1a: Weezing|48/100
|move|p1a: Weezing|Strange Steam|p2a: Kingler
|-damage|p2a: Kingler|0 fnt
|faint|p2a: Kingler
|
|-heal|p1a: Weezing|54/100|[from] item: Black Sludge
|upkeep
|
|switch|p2a: Cobalion|Cobalion|5/100
|turn|48
|
|move|p1a: Weezing|Protect|p1a: Weezing
|-singleturn|p1a: Weezing|Protect
|move|p2a: Cobalion|Volt Switch|p1a: Weezing
|-activate|p1a: Weezing|move: Protect
|
|-heal|p1a: Weezing|60/100|[from] item: Black Sludge
|upkeep
|turn|49
|
|switch|p1a: Rotom|Rotom-Mow|52/100
|move|p2a: Cobalion|Volt Switch|p1a: Rotom
|-resisted|p1a: Rotom
|-damage|p1a: Rotom|47/100
|
|switch|p2a: Incineroar|Incineroar, M|59/100 tox|[from]move: Volt Switch
|-ability|p2a: Incineroar|Intimidate|boost
|-unboost|p1a: Rotom|atk|1
|
|-damage|p2a: Incineroar|53/100 tox|[from] psn
|upkeep
|turn|50
|
|move|p1a: Rotom|Volt Switch|p2a: Incineroar
|-damage|p2a: Incineroar|28/100 tox
|
|switch|p1a: Weezing|Weezing-Galar, M|60/100|[from]move: Volt Switch
|move|p2a: Incineroar|Knock Off|p1a: Weezing
|-resisted|p1a: Weezing
|-damage|p1a: Weezing|47/100
|-enditem|p1a: Weezing|Black Sludge|[from] move: Knock Off|[of] p2a: Incineroar
|
|-damage|p2a: Incineroar|16/100 tox|[from] psn
|upkeep
|turn|51
|
|move|p1a: Weezing|Protect|p1a: Weezing
|-singleturn|p1a: Weezing|Protect
|move|p2a: Incineroar|Overheat|p1a: Weezing
|-activate|p1a: Weezing|move: Protect
|
|-damage|p2a: Incineroar|0 fnt|[from] psn
|faint|p2a: Incineroar
|upkeep
|
|switch|p2a: Cobalion|Cobalion|5/100
|turn|52
|
|switch|p1a: Rotom|Rotom-Mow|47/100
|move|p2a: Cobalion|Close Combat|p1a: Rotom
|-damage|p1a: Rotom|0 fnt
|-unboost|p2a: Cobalion|def|1
|-unboost|p2a: Cobalion|spd|1
|faint|p1a: Rotom
|
|upkeep
|
|switch|p1a: Cobalion|Cobalion|26/100
|turn|53
|
|switch|p2a: Noivern|Noivern, M|77/100
|move|p1a: Cobalion|Iron Head|p2a: Noivern
|-damage|p2a: Noivern|32/100
|
|upkeep
|turn|54
|j| 467 11 11p
|l| 467 11 11p
|
|switch|p1a: Gastrodon|Gastrodon-East, F|47/100
|move|p2a: Noivern|Draco Meteor|p1a: Gastrodon
|-damage|p1a: Gastrodon|9/100
|-unboost|p2a: Noivern|spa|2
|
|-heal|p1a: Gastrodon|15/100|[from] item: Leftovers
|upkeep
|turn|55
|
|move|p2a: Noivern|Draco Meteor|p1a: Gastrodon
|-damage|p1a: Gastrodon|0 fnt
|-unboost|p2a: Noivern|spa|2
|faint|p1a: Gastrodon
|
|upkeep
|
|switch|p1a: Cobalion|Cobalion|26/100
|turn|56
|
|move|p2a: Noivern|Flamethrower|p1a: Cobalion
|-supereffective|p1a: Cobalion
|-damage|p1a: Cobalion|3/100
|-enditem|p1a: Cobalion|Salac Berry|[eat]
|-boost|p1a: Cobalion|spe|1|[from] item: Salac Berry
|move|p1a: Cobalion|Iron Head|p2a: Noivern
|-damage|p2a: Noivern|0 fnt
|faint|p2a: Noivern
|
|upkeep
|
|switch|p2a: Cobalion|Cobalion|5/100
|turn|57
|
|move|p1a: Cobalion|Volt Switch|p2a: Cobalion
|-damage|p2a: Cobalion|0 fnt
|faint|p2a: Cobalion
|
|switch|p1a: Incineroar|Incineroar, F|40/100|[from]move: Volt Switch
|
|upkeep
|
|switch|p2a: Celebi|Celebi|44/100
|turn|58
|
|move|p2a: Celebi|Earth Power|p1a: Incineroar
|-supereffective|p1a: Incineroar
|-damage|p1a: Incineroar|0 fnt
|-damage|p2a: Celebi|34/100|[from] item: Life Orb
|faint|p1a: Incineroar
|
|upkeep
|
|switch|p1a: Cobalion|Cobalion|3/100
|turn|59
|
|move|p1a: Cobalion|Iron Head|p2a: Celebi
|-damage|p2a: Celebi|2/100
|move|p2a: Celebi|Earth Power|p1a: Cobalion
|-supereffective|p1a: Cobalion
|-damage|p1a: Cobalion|0 fnt
|-damage|p2a: Celebi|0 fnt|[from] item: Life Orb
|faint|p1a: Cobalion
|faint|p2a: Celebi
|
|win|Kla0Trixx
|j|+Amaluna
|l|+Amaluna
|l|☆feelstoads
