|j|☆kwasar
|j|☆Shiniest Bread
|player|p1|kwasar|219|1452
|player|p2|Shiniest Bread|224|1499
|teamsize|p1|6
|teamsize|p2|6
|gametype|singles
|gen|8
|tier|[Gen 8] UU
|rated|
|html|<div class="broadcast-blue"><strong>UU is currently suspecting Haxorus! For information on how to participate check out the <a href="https://www.smogon.com/forums/threads/3664575/">suspect thread</a>.</strong></div>
|clearpoke
|poke|p1|Rotom-Wash|
|poke|p1|Haxorus, M|
|poke|p1|Chandelure, M|
|poke|p1|Sylveon, F|
|poke|p1|Noivern, F|
|poke|p1|Gigalith, M|
|poke|p2|Pangoro, M|
|poke|p2|Bronzong|
|poke|p2|Rotom-Wash|
|poke|p2|Flygon, F|
|poke|p2|Incineroar, M|
|poke|p2|Celebi|
|rule|Sleep Clause Mod: Limit one foe put to sleep
|rule|Species Clause: Limit one of each Pokémon
|rule|OHKO Clause: OHKO moves are banned
|rule|Evasion Moves Clause: Evasion moves are banned
|rule|Endless Battle Clause: Forcing endless battles is banned
|rule|HP Percentage Mod: HP is shown in percentages
|rule|Dynamax Clause: You cannot dynamax
|teampreview
|j|+Amaluna
|
|start
|switch|p1a: Noivern|Noivern, F|100/100
|switch|p2a: Incineroar|Incineroar, M|100/100
|-item|p2a: Incineroar|Heavy-Duty Boots|[from] ability: Frisk|[of] p1a: Noivern|[identify]
|-ability|p2a: Incineroar|Intimidate|boost
|-unboost|p1a: Noivern|atk|1
|turn|1
|
|move|p1a: Noivern|Hurricane|p2a: Incineroar
|-damage|p2a: Incineroar|59/100
|-start|p2a: Incineroar|confusion
|-activate|p2a: Incineroar|confusion
|-damage|p2a: Incineroar|46/100|[from] confusion
|
|upkeep
|turn|2
|
|switch|p2a: Bronzong|Bronzong|100/100
|move|p1a: Noivern|Draco Meteor|p2a: Bronzong|[miss]
|-miss|p1a: Noivern|p2a: Bronzong
|
|upkeep
|turn|3
|
|move|p1a: Noivern|U-turn|p2a: Bronzong
|-damage|p2a: Bronzong|94/100
|
|switch|p1a: Chandelure|Chandelure, M|100/100|[from]move: U-turn
|move|p2a: Bronzong|Toxic|p1a: Chandelure
|-status|p1a: Chandelure|tox
|
|-heal|p2a: Bronzong|99/100|[from] item: Leftovers
|-damage|p1a: Chandelure|94/100 tox|[from] psn
|upkeep
|turn|4
|
|switch|p2a: Incineroar|Incineroar, M|46/100
|-ability|p2a: Incineroar|Intimidate|boost
|-unboost|p1a: Chandelure|atk|1
|move|p1a: Chandelure|Shadow Ball|p2a: Incineroar
|-resisted|p2a: Incineroar
|-damage|p2a: Incineroar|17/100
|
|-damage|p1a: Chandelure|82/100 tox|[from] psn
|upkeep
|turn|5
|
|move|p1a: Chandelure|Shadow Ball|p2a: Incineroar
|-resisted|p2a: Incineroar
|-damage|p2a: Incineroar|0 fnt
|faint|p2a: Incineroar
|
|-damage|p1a: Chandelure|64/100 tox|[from] psn
|upkeep
|j| Left-Hand Rule
|
|switch|p2a: Pangoro|Pangoro, M|100/100
|turn|6
|
|switch|p1a: Gigalith|Gigalith, M, shiny|100/100
|-weather|Sandstorm|[from] ability: Sand Stream|[of] p1a: Gigalith
|move|p2a: Pangoro|Knock Off|p1a: Gigalith
|-damage|p1a: Gigalith|40/100
|-enditem|p1a: Gigalith|Assault Vest|[from] move: Knock Off|[of] p2a: Pangoro
|
|-weather|Sandstorm|[upkeep]
|-damage|p2a: Pangoro|94/100|[from] Sandstorm
|upkeep
|turn|7
|
|switch|p2a: Bronzong|Bronzong|99/100
|move|p1a: Gigalith|Explosion|p2a: Bronzong
|-resisted|p2a: Bronzong
|-damage|p2a: Bronzong|53/100
|faint|p1a: Gigalith
|
|-weather|Sandstorm|[upkeep]
|-heal|p2a: Bronzong|59/100|[from] item: Leftovers
|upkeep
|
|switch|p1a: Chandelure|Chandelure, M|64/100 tox
|turn|8
|
|move|p2a: Bronzong|Protect|p2a: Bronzong
|-singleturn|p2a: Bronzong|Protect
|move|p1a: Chandelure|Fire Blast|p2a: Bronzong
|-activate|p2a: Bronzong|move: Protect
|
|-weather|Sandstorm|[upkeep]
|-damage|p1a: Chandelure|58/100 tox|[from] Sandstorm
|-heal|p2a: Bronzong|65/100|[from] item: Leftovers
|-damage|p1a: Chandelure|51/100 tox|[from] psn
|upkeep
|turn|9
|
|switch|p1a: Noivern|Noivern, F|100/100
|-item|p2a: Bronzong|Leftovers|[from] ability: Frisk|[of] p1a: Noivern|[identify]
|switch|p2a: Flygon|Flygon, F|100/100
|
|-weather|Sandstorm|[upkeep]
|-damage|p1a: Noivern|94/100|[from] Sandstorm
|upkeep
|turn|10
|
|move|p2a: Flygon|Outrage|p1a: Noivern
|-supereffective|p1a: Noivern
|-damage|p1a: Noivern|0 fnt
|faint|p1a: Noivern
|
|-weather|none
|upkeep
|
|switch|p1a: Sylveon|Sylveon, F|100/100
|turn|11
|
|move|p2a: Flygon|Outrage|p1a: Sylveon|[from]lockedmove
|-immune|p1a: Sylveon
|-start|p2a: Flygon|confusion|[fatigue]
|move|p1a: Sylveon|Hyper Voice|p2a: Flygon
|-supereffective|p2a: Flygon
|-damage|p2a: Flygon|0 fnt
|faint|p2a: Flygon
|
|upkeep
|
|switch|p2a: Bronzong|Bronzong|65/100
|turn|12
|
|switch|p1a: Chandelure|Chandelure, M|51/100 tox
|move|p2a: Bronzong|Stealth Rock|p1a: Chandelure
|-sidestart|p1: kwasar|move: Stealth Rock
|
|-heal|p2a: Bronzong|72/100|[from] item: Leftovers
|-damage|p1a: Chandelure|45/100 tox|[from] psn
|upkeep
|turn|13
|
|move|p2a: Bronzong|Protect|p2a: Bronzong
|-singleturn|p2a: Bronzong|Protect
|move|p1a: Chandelure|Fire Blast|p2a: Bronzong
|-activate|p2a: Bronzong|move: Protect
|
|-heal|p2a: Bronzong|78/100|[from] item: Leftovers
|-damage|p1a: Chandelure|33/100 tox|[from] psn
|upkeep
|turn|14
|
|switch|p2a: Rotom|Rotom-Wash|100/100
|move|p1a: Chandelure|Fire Blast|p2a: Rotom
|-resisted|p2a: Rotom
|-damage|p2a: Rotom|53/100
|
|-heal|p2a: Rotom|59/100|[from] item: Leftovers
|-damage|p1a: Chandelure|15/100 tox|[from] psn
|upkeep
|turn|15
|
|move|p1a: Chandelure|Fire Blast|p2a: Rotom
|-resisted|p2a: Rotom
|-damage|p2a: Rotom|12/100
|-status|p2a: Rotom|brn
|move|p2a: Rotom|Volt Switch|p1a: Chandelure
|-damage|p1a: Chandelure|0 fnt
|faint|p1a: Chandelure
|
|switch|p2a: Pangoro|Pangoro, M|94/100|[from]move: Volt Switch
|
|upkeep
|
|switch|p1a: Haxorus|Haxorus, M, shiny|100/100
|-damage|p1a: Haxorus|88/100|[from] Stealth Rock
|-ability|p1a: Haxorus|Mold Breaker
|turn|16
|
|switch|p2a: Rotom|Rotom-Wash|12/100 brn
|move|p1a: Haxorus|Outrage|p2a: Rotom
|-damage|p2a: Rotom|0 fnt
|faint|p2a: Rotom
|
|upkeep
|
|switch|p2a: Bronzong|Bronzong|78/100
|turn|17
|
|move|p1a: Haxorus|Outrage|p2a: Bronzong|[from]lockedmove
|-resisted|p2a: Bronzong
|-damage|p2a: Bronzong|29/100
|move|p2a: Bronzong|Toxic|p1a: Haxorus
|-status|p1a: Haxorus|tox
|
|-heal|p2a: Bronzong|35/100|[from] item: Leftovers
|-damage|p1a: Haxorus|82/100 tox|[from] psn
|upkeep
|turn|18
|
|move|p2a: Bronzong|Protect|p2a: Bronzong
|-singleturn|p2a: Bronzong|Protect
|move|p1a: Haxorus|Outrage|p2a: Bronzong|[from]lockedmove
|-activate|p2a: Bronzong|move: Protect
|-start|p1a: Haxorus|confusion|[fatigue]
|
|-heal|p2a: Bronzong|42/100|[from] item: Leftovers
|-damage|p1a: Haxorus|70/100 tox|[from] psn
|upkeep
|turn|19
|
|-activate|p1a: Haxorus|confusion
|move|p1a: Haxorus|Outrage|p2a: Bronzong
|-resisted|p2a: Bronzong
|-damage|p2a: Bronzong|0 fnt
|faint|p2a: Bronzong
|
|-damage|p1a: Haxorus|51/100 tox|[from] psn
|upkeep
|
|switch|p2a: Celebi|Celebi|100/100
|turn|20
|
|move|p2a: Celebi|Psychic|p1a: Haxorus
|-damage|p1a: Haxorus|0 fnt
|-damage|p2a: Celebi|91/100|[from] item: Life Orb
|faint|p1a: Haxorus
|
|upkeep
|
|switch|p1a: Sylveon|Sylveon, F|100/100
|-damage|p1a: Sylveon|88/100|[from] Stealth Rock
|turn|21
|
|move|p2a: Celebi|Nasty Plot|p2a: Celebi
|-boost|p2a: Celebi|spa|2
|move|p1a: Sylveon|Hyper Voice|p2a: Celebi
|-damage|p2a: Celebi|9/100
|
|upkeep
|turn|22
|
|move|p2a: Celebi|Leaf Storm|p1a: Sylveon
|-damage|p1a: Sylveon|0 fnt
|-unboost|p2a: Celebi|spa|2
|-damage|p2a: Celebi|0 fnt|[from] item: Life Orb
|faint|p1a: Sylveon
|faint|p2a: Celebi
|
|upkeep
|
|switch|p2a: Pangoro|Pangoro, M|94/100
|switch|p1a: Rotom|Rotom-Wash|100/100
|-damage|p1a: Rotom|88/100|[from] Stealth Rock
|turn|23
|
|move|p2a: Pangoro|Close Combat|p1a: Rotom
|-damage|p1a: Rotom|0 fnt
|-unboost|p2a: Pangoro|def|1
|-unboost|p2a: Pangoro|spd|1
|faint|p1a: Rotom
|
|win|Shiniest Bread
|c|☆Shiniest Bread|gg
