|j|☆DarkHorse344
|j|☆burger21
|t:|1667878475
|gametype|singles
|player|p1|DarkHorse344|brendan-gen3rs|1567
|player|p2|burger21|ninjaboy|1405
|teamsize|p1|6
|teamsize|p2|6
|gen|8
|tier|[Gen 8] UU
|rated|
|rule|Sleep Clause Mod: Limit one foe put to sleep
|rule|Species Clause: Limit one of each Pokémon
|rule|OHKO Clause: OHKO moves are banned
|rule|Evasion Items Clause: Evasion items are banned
|rule|Evasion Moves Clause: Evasion moves are banned
|rule|Endless Battle Clause: Forcing endless battles is banned
|rule|HP Percentage Mod: HP is shown in percentages
|rule|Dynamax Clause: You cannot dynamax
|clearpoke
|poke|p1|Politoed, F|
|poke|p1|Kingdra, M|
|poke|p1|Salamence, F|
|poke|p1|Amoonguss, M|
|poke|p1|Kabutops, M|
|poke|p1|Tornadus, M|
|poke|p2|Cobalion|
|poke|p2|Hydreigon, M|
|poke|p2|Excadrill, F|
|poke|p2|Rotom-Wash|
|poke|p2|Azumarill, M|
|poke|p2|Tangrowth, F|
|teampreview
|inactive|Battle timer is ON: inactive players will automatically lose when time's up. (requested by burger21)
|
|t:|1667878499
|start
|switch|p1a: Politoed|Politoed, F|100/100
|switch|p2a: Rotom|Rotom-Wash|100/100
|-weather|RainDance|[from] ability: Drizzle|[of] p1a: Politoed
|turn|1
|
|t:|1667878504
|switch|p1a: Amoonguss|Amoonguss, M|100/100
|move|p2a: Rotom|Volt Switch|p1a: Amoonguss
|-resisted|p1a: Amoonguss
|-damage|p1a: Amoonguss|89/100
|-enditem|p1a: Amoonguss|Eject Button
|
|t:|1667878518
|switch|p1a: Kingdra|Kingdra, M|100/100
|
|-weather|RainDance|[upkeep]
|upkeep
|turn|2
|
|t:|1667878526
|move|p1a: Kingdra|Surf|p2a: Rotom
|-resisted|p2a: Rotom
|-damage|p2a: Rotom|67/100
|move|p2a: Rotom|Volt Switch|p1a: Kingdra
|-damage|p1a: Kingdra|70/100
|
|t:|1667878535
|switch|p2a: Tangrowth|Tangrowth, F|100/100|[from]move: Volt Switch
|
|-weather|RainDance|[upkeep]
|upkeep
|turn|3
|
|t:|1667878545
|switch|p1a: Salamence|Salamence, F|100/100
|-ability|p1a: Salamence|Intimidate|boost
|-unboost|p2a: Tangrowth|atk|1
|move|p2a: Tangrowth|Knock Off|p1a: Salamence
|-damage|p1a: Salamence|86/100
|-enditem|p1a: Salamence|Heavy-Duty Boots|[from] move: Knock Off|[of] p2a: Tangrowth
|
|-weather|RainDance|[upkeep]
|upkeep
|turn|4
|j| IAmJklol
|
|t:|1667878574
|switch|p2a: Rotom|Rotom-Wash|67/100
|move|p1a: Salamence|Hurricane|p2a: Rotom
|-resisted|p2a: Rotom
|-damage|p2a: Rotom|51/100
|
|-weather|RainDance|[upkeep]
|-heal|p2a: Rotom|58/100|[from] item: Leftovers
|upkeep
|turn|5
|
|t:|1667878581
|move|p1a: Salamence|Draco Meteor|p2a: Rotom
|-damage|p2a: Rotom|19/100
|-unboost|p1a: Salamence|spa|2
|move|p2a: Rotom|Pain Split|p1a: Salamence
|-sethp|p1a: Salamence|50/100|[from] move: Pain Split|[silent]
|-sethp|p2a: Rotom|65/100|[from] move: Pain Split
|
|-weather|RainDance|[upkeep]
|-heal|p2a: Rotom|71/100|[from] item: Leftovers
|upkeep
|turn|6
|
|t:|1667878590
|move|p1a: Salamence|Roost|p1a: Salamence
|-heal|p1a: Salamence|100/100
|-singleturn|p1a: Salamence|move: Roost
|move|p2a: Rotom|Volt Switch|p1a: Salamence
|-resisted|p1a: Salamence
|-damage|p1a: Salamence|87/100
|
|t:|1667878598
|switch|p2a: Cobalion|Cobalion|100/100|[from]move: Volt Switch
|
|-weather|RainDance|[upkeep]
|upkeep
|turn|7
|
|t:|1667878608
|switch|p1a: Tornadus|Tornadus, M|100/100
|move|p2a: Cobalion|Stealth Rock|p1a: Tornadus
|-sidestart|p1: DarkHorse344|move: Stealth Rock
|
|-weather|RainDance|[upkeep]
|upkeep
|turn|8
|
|t:|1667878629
|move|p1a: Tornadus|Hurricane|p2a: Cobalion
|-crit|p2a: Cobalion
|-damage|p2a: Cobalion|0 fnt
|faint|p2a: Cobalion
|
|-weather|none
|upkeep
|
|t:|1667878643
|switch|p2a: Rotom|Rotom-Wash|71/100
|turn|9
|
|t:|1667878655
|move|p1a: Tornadus|Hurricane|p2a: Rotom
|-resisted|p2a: Rotom
|-damage|p2a: Rotom|36/100
|move|p2a: Rotom|Volt Switch|p1a: Tornadus
|-supereffective|p1a: Tornadus
|-damage|p1a: Tornadus|38/100
|
|t:|1667878662
|switch|p2a: Azumarill|Azumarill, M|100/100|[from]move: Volt Switch
|
|upkeep
|turn|10
|
|t:|1667878676
|move|p2a: Azumarill|Aqua Jet|p1a: Tornadus
|-damage|p1a: Tornadus|0 fnt
|faint|p1a: Tornadus
|
|upkeep
|
|t:|1667878680
|switch|p1a: Amoonguss|Amoonguss, M|100/100
|-damage|p1a: Amoonguss|88/100|[from] Stealth Rock
|turn|11
|
|t:|1667878687
|switch|p2a: Tangrowth|Tangrowth, F|100/100
|move|p1a: Amoonguss|Sludge Bomb|p2a: Tangrowth
|-supereffective|p2a: Tangrowth
|-damage|p2a: Tangrowth|61/100
|
|upkeep
|turn|12
|
|t:|1667878697
|move|p2a: Tangrowth|Sludge Bomb|p1a: Amoonguss
|-damage|p1a: Amoonguss|67/100
|move|p1a: Amoonguss|Spore|p2a: Tangrowth
|-immune|p2a: Tangrowth
|
|upkeep
|turn|13
|inactive|burger21 has 120 seconds left.
|
|t:|1667878747
|move|p2a: Tangrowth|Sludge Bomb|p1a: Amoonguss
|-damage|p1a: Amoonguss|47/100
|move|p1a: Amoonguss|Spore|p2a: Tangrowth
|-immune|p2a: Tangrowth
|
|upkeep
|turn|14
|
|t:|1667878767
|move|p2a: Tangrowth|Knock Off|p1a: Amoonguss
|-damage|p1a: Amoonguss|36/100
|move|p1a: Amoonguss|Sludge Bomb|p2a: Tangrowth
|-supereffective|p2a: Tangrowth
|-damage|p2a: Tangrowth|16/100
|
|upkeep
|turn|15
|
|t:|1667878780
|move|p2a: Tangrowth|Sludge Bomb|p1a: Amoonguss
|-damage|p1a: Amoonguss|14/100
|move|p1a: Amoonguss|Sludge Bomb|p2a: Tangrowth
|-supereffective|p2a: Tangrowth
|-damage|p2a: Tangrowth|0 fnt
|faint|p2a: Tangrowth
|
|upkeep
|inactive|burger21 has 90 seconds left.
|
|t:|1667878809
|switch|p2a: Azumarill|Azumarill, M|100/100
|turn|16
|
|t:|1667878817
|switch|p1a: Politoed|Politoed, F|100/100
|-damage|p1a: Politoed|88/100|[from] Stealth Rock
|-weather|RainDance|[from] ability: Drizzle|[of] p1a: Politoed
|move|p2a: Azumarill|Knock Off|p1a: Politoed
|-damage|p1a: Politoed|38/100
|-enditem|p1a: Politoed|Damp Rock|[from] move: Knock Off|[of] p2a: Azumarill
|
|-weather|RainDance|[upkeep]
|upkeep
|turn|17
|inactive|burger21 has 90 seconds left.
|
|t:|1667878831
|switch|p2a: Rotom|Rotom-Wash|36/100
|move|p1a: Politoed|Toxic|p2a: Rotom
|-status|p2a: Rotom|tox
|
|-weather|RainDance|[upkeep]
|-heal|p2a: Rotom|43/100 tox|[from] item: Leftovers
|-damage|p2a: Rotom|36/100 tox|[from] psn
|upkeep
|turn|18
|inactive|burger21 has 90 seconds left.
|
|t:|1667878849
|switch|p1a: Amoonguss|Amoonguss, M|47/100
|-damage|p1a: Amoonguss|35/100|[from] Stealth Rock
|move|p2a: Rotom|Volt Switch|p1a: Amoonguss
|-resisted|p1a: Amoonguss
|-damage|p1a: Amoonguss|25/100
|
|t:|1667878852
|switch|p2a: Hydreigon|Hydreigon, M|100/100|[from]move: Volt Switch
|
|-weather|RainDance|[upkeep]
|upkeep
|turn|19
|
|t:|1667878868
|move|p2a: Hydreigon|Dark Pulse|p1a: Amoonguss
|-damage|p1a: Amoonguss|0 fnt
|faint|p1a: Amoonguss
|
|-weather|RainDance|[upkeep]
|upkeep
|
|t:|1667878873
|switch|p1a: Kingdra|Kingdra, M|70/100
|-damage|p1a: Kingdra|58/100|[from] Stealth Rock
|turn|20
|
|t:|1667878880
|switch|p2a: Azumarill|Azumarill, M|100/100
|move|p1a: Kingdra|Hurricane|p2a: Azumarill
|-damage|p2a: Azumarill|49/100
|-start|p2a: Azumarill|confusion
|
|-weather|RainDance|[upkeep]
|upkeep
|turn|21
|
|t:|1667878896
|switch|p1a: Kabutops|Kabutops, M|100/100
|-damage|p1a: Kabutops|88/100|[from] Stealth Rock
|switch|p2a: Rotom|Rotom-Wash|36/100 tox
|
|-weather|RainDance|[upkeep]
|-heal|p2a: Rotom|43/100 tox|[from] item: Leftovers
|-damage|p2a: Rotom|36/100 tox|[from] psn
|upkeep
|turn|22
|
|t:|1667878904
|move|p1a: Kabutops|Liquidation|p2a: Rotom
|-resisted|p2a: Rotom
|-damage|p2a: Rotom|0 fnt
|faint|p2a: Rotom
|-damage|p1a: Kabutops|78/100|[from] item: Life Orb
|
|-weather|RainDance|[upkeep]
|upkeep
|inactive|burger21 has 120 seconds left.
|
|t:|1667878911
|switch|p2a: Azumarill|Azumarill, M|49/100
|turn|23
|inactive|DarkHorse344 has 120 seconds left.
|
|t:|1667878946
|move|p2a: Azumarill|Aqua Jet|p1a: Kabutops
|-crit|p1a: Kabutops
|-damage|p1a: Kabutops|0 fnt
|faint|p1a: Kabutops
|
|-weather|none
|upkeep
|
|t:|1667878948
|switch|p1a: Politoed|Politoed, F|38/100
|-damage|p1a: Politoed|26/100|[from] Stealth Rock
|-weather|RainDance|[from] ability: Drizzle|[of] p1a: Politoed
|turn|24
|
|t:|1667878954
|switch|p1a: Salamence|Salamence, F|87/100
|-damage|p1a: Salamence|62/100|[from] Stealth Rock
|-ability|p1a: Salamence|Intimidate|boost
|-unboost|p2a: Azumarill|atk|1
|move|p2a: Azumarill|Aqua Jet|p1a: Salamence
|-resisted|p1a: Salamence
|-damage|p1a: Salamence|42/100
|
|-weather|RainDance|[upkeep]
|upkeep
|turn|25
|
|t:|1667878961
|switch|p2a: Hydreigon|Hydreigon, M|100/100
|move|p1a: Salamence|Draco Meteor|p2a: Hydreigon
|-supereffective|p2a: Hydreigon
|-damage|p2a: Hydreigon|0 fnt
|-unboost|p1a: Salamence|spa|2
|faint|p2a: Hydreigon
|
|-weather|RainDance|[upkeep]
|upkeep
|
|t:|1667878969
|switch|p2a: Excadrill|Excadrill, F|100/100
|-ability|p2a: Excadrill|Mold Breaker
|turn|26
|
|t:|1667878984
|move|p1a: Salamence|Roost|p1a: Salamence
|-heal|p1a: Salamence|93/100
|-singleturn|p1a: Salamence|move: Roost
|move|p2a: Excadrill|Rock Slide|p1a: Salamence|[miss]
|-miss|p2a: Excadrill|p1a: Salamence
|
|-weather|RainDance|[upkeep]
|upkeep
|turn|27
|
|t:|1667879002
|move|p1a: Salamence|Defog|p2a: Excadrill
|-unboost|p2a: Excadrill|evasion|1
|-sideend|p1: DarkHorse344|Stealth Rock|[from] move: Defog|[of] p1a: Salamence
|move|p2a: Excadrill|Swords Dance|p2a: Excadrill
|-boost|p2a: Excadrill|atk|2
|
|-weather|RainDance|[upkeep]
|upkeep
|turn|28
|
|t:|1667879008
|move|p1a: Salamence|Hurricane|p2a: Excadrill
|-resisted|p2a: Excadrill
|-damage|p2a: Excadrill|87/100
|move|p2a: Excadrill|Rock Slide|p1a: Salamence
|-supereffective|p1a: Salamence
|-damage|p1a: Salamence|0 fnt
|faint|p1a: Salamence
|
|-weather|none
|-heal|p2a: Excadrill|94/100|[from] item: Leftovers
|upkeep
|
|t:|1667879011
|switch|p1a: Politoed|Politoed, F|26/100
|-weather|RainDance|[from] ability: Drizzle|[of] p1a: Politoed
|turn|29
|
|t:|1667879021
|move|p2a: Excadrill|Earthquake|p1a: Politoed
|-damage|p1a: Politoed|0 fnt
|faint|p1a: Politoed
|
|-weather|RainDance|[upkeep]
|-heal|p2a: Excadrill|99/100|[from] item: Leftovers
|upkeep
|
|t:|1667879024
|switch|p1a: Kingdra|Kingdra, M|58/100
|turn|30
|
|t:|1667879033
|move|p1a: Kingdra|Surf|p2a: Excadrill
|-supereffective|p2a: Excadrill
|-damage|p2a: Excadrill|0 fnt
|faint|p2a: Excadrill
|
|-weather|RainDance|[upkeep]
|upkeep
|
|t:|1667879035
|switch|p2a: Azumarill|Azumarill, M|49/100
|turn|31
|
|t:|1667879040
|move|p1a: Kingdra|Surf|p2a: Azumarill
|-resisted|p2a: Azumarill
|-damage|p2a: Azumarill|0 fnt
|faint|p2a: Azumarill
|
|win|DarkHorse344
|raw|DarkHorse344's rating: 1567 &rarr; <strong>1578</strong><br />(+11 for winning)
|raw|burger21's rating: 1405 &rarr; <strong>1394</strong><br />(-11 for losing)
|l|☆burger21
|c|☆DarkHorse344|gg!
