|j|☆12345buzz67890
|j|☆5 pia to the top
|t:|1659746681
|gametype|singles
|player|p1|12345buzz67890|alder|1133
|player|p2|5 pia to the top|#uutrio2ladder|1297
|teamsize|p1|6
|teamsize|p2|5
|gen|8
|tier|[Gen 8] UU
|rated|
|rule|Sleep Clause Mod: Limit one foe put to sleep
|rule|Species Clause: Limit one of each Pokémon
|rule|OHKO Clause: OHKO moves are banned
|rule|Evasion Items Clause: Evasion items are banned
|rule|Evasion Moves Clause: Evasion moves are banned
|rule|Endless Battle Clause: Forcing endless battles is banned
|rule|HP Percentage Mod: HP is shown in percentages
|rule|Dynamax Clause: You cannot dynamax
|clearpoke
|poke|p1|Galvantula, M|
|poke|p1|Excadrill, M|
|poke|p1|Obstagoon, M|
|poke|p1|Mimikyu, M|
|poke|p1|Azumarill, M|
|poke|p1|Toxtricity, F|
|poke|p2|Salamence, M|
|poke|p2|Chansey, F|
|poke|p2|Umbreon, M|
|poke|p2|Quagsire, F|
|poke|p2|Tangrowth, M|
|teampreview
|inactive|Battle timer is ON: inactive players will automatically lose when time's up. (requested by 12345buzz67890)
|inactive|5 pia to the top has 120 seconds left.
|
|t:|1659746720
|start
|switch|p1a: Galvantula|Galvantula, M, shiny|100/100
|switch|p2a: megan the eggin|Chansey, F|100/100
|turn|1
|
|t:|1659746728
|move|p1a: Galvantula|Sticky Web|p2a: megan the eggin
|-sidestart|p2: 5 pia to the top|move: Sticky Web
|move|p2a: megan the eggin|Toxic|p1a: Galvantula
|-status|p1a: Galvantula|tox
|
|-damage|p1a: Galvantula|94/100 tox|[from] psn
|upkeep
|turn|2
|
|t:|1659746737
|move|p1a: Galvantula|Volt Switch|p2a: megan the eggin
|-crit|p2a: megan the eggin
|-damage|p2a: megan the eggin|86/100
|j|+Mengy ㋛
|
|t:|1659746744
|switch|p1a: Mimikyu|Mimikyu, M, shiny|100/100|[from]move: Volt Switch
|move|p2a: megan the eggin|Stealth Rock|p1a: Mimikyu
|-sidestart|p1: 12345buzz67890|move: Stealth Rock
|
|upkeep
|turn|3
|
|t:|1659746750
|move|p1a: Mimikyu|Swords Dance|p1a: Mimikyu
|-boost|p1a: Mimikyu|atk|2
|move|p2a: megan the eggin|Toxic|p1a: Mimikyu|[miss]
|-miss|p2a: megan the eggin|p1a: Mimikyu
|
|upkeep
|turn|4
|
|t:|1659746758
|move|p1a: Mimikyu|Swords Dance|p1a: Mimikyu
|-boost|p1a: Mimikyu|atk|2
|move|p2a: megan the eggin|Toxic|p1a: Mimikyu
|-status|p1a: Mimikyu|tox
|
|-damage|p1a: Mimikyu|95/100 tox|[from] psn
|upkeep
|turn|5
|c|+Mengy ㋛|||wood hammer||
|j| NoahDeKnight
|inactive|5 pia to the top has 120 seconds left.
|j| Shelley_Swampert
|l| NoahDeKnight
|inactive|5 pia to the top has 90 seconds left.
|c|+Mengy ㋛|it's allowed in ladder games as long as it isn't a ladder tour
|inactive|5 pia to the top has 60 seconds left.
|c|+Mengy ㋛|it's even allowed to account share, hypothetically
|
|t:|1659746862
|switch|p2a: poggy froggy|Quagsire, F|100/100
|-activate|p2a: poggy froggy|move: Sticky Web
|-unboost|p2a: poggy froggy|spe|1
|move|p1a: Mimikyu|Swords Dance|p1a: Mimikyu
|-boost|p1a: Mimikyu|atk|2
|
|-damage|p1a: Mimikyu|83/100 tox|[from] psn
|upkeep
|turn|6
|j| Queen of Bean ✿
|
|t:|1659746884
|move|p1a: Mimikyu|Play Rough|p2a: poggy froggy
|-damage|p2a: poggy froggy|55/100
|-damage|p1a: Mimikyu|73/100 tox|[from] item: Life Orb
|move|p2a: poggy froggy|Recover|p2a: poggy froggy
|-heal|p2a: poggy froggy|100/100
|
|-damage|p1a: Mimikyu|55/100 tox|[from] psn
|upkeep
|turn|7
|
|t:|1659746897
|switch|p1a: Galvantula|Galvantula, M, shiny|94/100 tox
|-damage|p1a: Galvantula|70/100 tox|[from] Stealth Rock
|move|p2a: poggy froggy|Recover||[still]
|-fail|p2a: poggy froggy|heal
|
|-damage|p1a: Galvantula|64/100 tox|[from] psn
|upkeep
|turn|8
|
|t:|1659746906
|switch|p2a: megan the eggin|Chansey, F|86/100
|-activate|p2a: megan the eggin|move: Sticky Web
|-unboost|p2a: megan the eggin|spe|1
|move|p1a: Galvantula|Energy Ball|p2a: megan the eggin
|-crit|p2a: megan the eggin
|-damage|p2a: megan the eggin|74/100
|
|-damage|p1a: Galvantula|52/100 tox|[from] psn
|upkeep
|turn|9
|c|+Mengy ㋛|grats on 1300
|
|t:|1659746920
|switch|p1a: Excadrill|Excadrill, M, shiny|100/100
|-damage|p1a: Excadrill|97/100|[from] Stealth Rock
|-ability|p1a: Excadrill|Mold Breaker
|move|p2a: megan the eggin|Soft-Boiled|p2a: megan the eggin
|-heal|p2a: megan the eggin|100/100
|
|upkeep
|turn|10
|inactive|5 pia to the top has 60 seconds left.
|
|t:|1659746949
|switch|p2a: scary airy|Salamence, M|100/100
|-ability|p2a: scary airy|Intimidate|boost
|-unboost|p1a: Excadrill|atk|1
|move|p1a: Excadrill|Rapid Spin|p2a: scary airy
|-damage|p2a: scary airy|90/100
|-boost|p1a: Excadrill|spe|1
|-sideend|p1: 12345buzz67890|Stealth Rock|[from] move: Rapid Spin|[of] p1a: Excadrill
|-damage|p1a: Excadrill|87/100|[from] item: Life Orb
|
|upkeep
|turn|11
|
|t:|1659746971
|move|p1a: Excadrill|Swords Dance|p1a: Excadrill
|-boost|p1a: Excadrill|atk|2
|move|p2a: scary airy|Flamethrower|p1a: Excadrill
|-supereffective|p1a: Excadrill
|-damage|p1a: Excadrill|39/100
|
|upkeep
|turn|12
|
|t:|1659746984
|move|p1a: Excadrill|Iron Head|p2a: scary airy
|-damage|p2a: scary airy|33/100
|-damage|p1a: Excadrill|29/100|[from] item: Life Orb
|cant|p2a: scary airy|flinch
|
|upkeep
|turn|13
|
|t:|1659746997
|switch|p2a: tang ur wang|Tangrowth, M|100/100
|-activate|p2a: tang ur wang|move: Sticky Web
|-unboost|p2a: tang ur wang|spe|1
|move|p1a: Excadrill|Iron Head|p2a: tang ur wang
|-damage|p2a: tang ur wang|48/100
|-damage|p1a: Excadrill|19/100|[from] item: Life Orb
|
|upkeep
|turn|14
|
|t:|1659747006
|switch|p2a: poggy froggy|Quagsire, F|100/100
|-activate|p2a: poggy froggy|move: Sticky Web
|-unboost|p2a: poggy froggy|spe|1
|move|p1a: Excadrill|Iron Head|p2a: poggy froggy
|-resisted|p2a: poggy froggy
|-damage|p2a: poggy froggy|68/100
|-damage|p1a: Excadrill|9/100|[from] item: Life Orb
|
|-heal|p2a: poggy froggy|74/100|[from] item: Leftovers
|upkeep
|turn|15
|
|t:|1659747020
|switch|p1a: Galvantula|Galvantula, M, shiny|52/100 tox
|switch|p2a: scary airy|Salamence, M|33/100
|-ability|p2a: scary airy|Intimidate|boost
|-unboost|p1a: Galvantula|atk|1
|
|-damage|p1a: Galvantula|46/100 tox|[from] psn
|upkeep
|turn|16
|inactive|5 pia to the top has 60 seconds left.
|
|t:|1659747035
|switch|p2a: megan the eggin|Chansey, F|100/100
|-activate|p2a: megan the eggin|move: Sticky Web
|-unboost|p2a: megan the eggin|spe|1
|move|p1a: Galvantula|Volt Switch|p2a: megan the eggin
|-damage|p2a: megan the eggin|91/100
|
|t:|1659747043
|switch|p1a: Obstagoon|Obstagoon, M, shiny|100/100|[from]move: Volt Switch
|
|-status|p1a: Obstagoon|brn|[from] item: Flame Orb
|upkeep
|turn|17
|inactive|5 pia to the top has 60 seconds left.
|
|t:|1659747063
|switch|p2a: scary airy|Salamence, M|33/100
|-ability|p2a: scary airy|Intimidate|boost
|-unboost|p1a: Obstagoon|atk|1
|move|p1a: Obstagoon|Facade|p2a: scary airy
|-damage|p2a: scary airy|0 fnt
|faint|p2a: scary airy
|
|-damage|p1a: Obstagoon|94/100 brn|[from] brn
|upkeep
|
|t:|1659747066
|switch|p2a: umby wumby|Umbreon, M|100/100
|-activate|p2a: umby wumby|move: Sticky Web
|-unboost|p2a: umby wumby|spe|1
|turn|18
|
|t:|1659747080
|switch|p1a: Azumarill|Azumarill, M, shiny|100/100
|move|p2a: umby wumby|Wish|p2a: umby wumby
|
|upkeep
|turn|19
|
|t:|1659747089
|move|p1a: Azumarill|Belly Drum|p1a: Azumarill
|-damage|p1a: Azumarill|50/100
|-setboost|p1a: Azumarill|atk|6|[from] move: Belly Drum
|-enditem|p1a: Azumarill|Sitrus Berry|[eat]
|-heal|p1a: Azumarill|75/100|[from] item: Sitrus Berry
|move|p2a: umby wumby|Foul Play|p1a: Azumarill
|-resisted|p1a: Azumarill
|-damage|p1a: Azumarill|18/100
|
|upkeep
|turn|20
|
|t:|1659747108
|switch|p2a: tang ur wang|Tangrowth, M|81/100
|-activate|p2a: tang ur wang|move: Sticky Web
|-unboost|p2a: tang ur wang|spe|1
|move|p1a: Azumarill|Play Rough|p2a: tang ur wang
|-damage|p2a: tang ur wang|0 fnt
|faint|p2a: tang ur wang
|
|upkeep
|
|t:|1659747110
|switch|p2a: poggy froggy|Quagsire, F|74/100
|-activate|p2a: poggy froggy|move: Sticky Web
|-unboost|p2a: poggy froggy|spe|1
|turn|21
|
|t:|1659747123
|move|p1a: Azumarill|Knock Off|p2a: poggy froggy
|-damage|p2a: poggy froggy|37/100
|-enditem|p2a: poggy froggy|Leftovers|[from] move: Knock Off|[of] p1a: Azumarill
|move|p2a: poggy froggy|Toxic|p1a: Azumarill
|-status|p1a: Azumarill|tox
|
|-damage|p1a: Azumarill|12/100 tox|[from] psn
|upkeep
|turn|22
|c|+Mengy ㋛|foul play doesn't take huge power into account
|
|t:|1659747132
|move|p1a: Azumarill|Play Rough|p2a: poggy froggy
|-damage|p2a: poggy froggy|0 fnt
|faint|p2a: poggy froggy
|
|-damage|p1a: Azumarill|0 fnt|[from] psn
|faint|p1a: Azumarill
|upkeep
|
|t:|1659747145
|switch|p1a: Mimikyu|Mimikyu, M, shiny|55/100 tox
|switch|p2a: umby wumby|Umbreon, M|100/100
|-activate|p2a: umby wumby|move: Sticky Web
|-unboost|p2a: umby wumby|spe|1
|turn|23
|c|+Mengy ㋛|sorry for saying grats on 1300
|inactive|5 pia to the top has 60 seconds left.
|l| Queen of Bean ✿
|inactive|5 pia to the top has 30 seconds left.
|
|t:|1659747203
|move|p1a: Mimikyu|Swords Dance|p1a: Mimikyu
|-boost|p1a: Mimikyu|atk|2
|move|p2a: umby wumby|Foul Play|p1a: Mimikyu
|-activate|p1a: Mimikyu|ability: Disguise
|-damage|p1a: Mimikyu|55/100 tox
|detailschange|p1a: Mimikyu|Mimikyu-Busted, M, shiny
|-damage|p1a: Mimikyu|43/100 tox|[from] pokemon: Mimikyu-Busted
|
|-damage|p1a: Mimikyu|37/100 tox|[from] psn
|upkeep
|turn|24
|
|t:|1659747214
|move|p2a: umby wumby|Protect|p2a: umby wumby
|-singleturn|p2a: umby wumby|Protect
|move|p1a: Mimikyu|Drain Punch|p2a: umby wumby
|-activate|p2a: umby wumby|move: Protect
|
|-damage|p1a: Mimikyu|25/100 tox|[from] psn
|upkeep
|turn|25
|
|t:|1659747230
|move|p1a: Mimikyu|Play Rough|p2a: umby wumby
|-supereffective|p2a: umby wumby
|-damage|p2a: umby wumby|0 fnt
|faint|p2a: umby wumby
|-damage|p1a: Mimikyu|15/100 tox|[from] item: Life Orb
|
|-damage|p1a: Mimikyu|0 fnt|[from] psn
|faint|p1a: Mimikyu
|upkeep
|
|t:|1659747240
|switch|p1a: Obstagoon|Obstagoon, M, shiny|94/100 brn
|switch|p2a: megan the eggin|Chansey, F|91/100
|-activate|p2a: megan the eggin|move: Sticky Web
|-unboost|p2a: megan the eggin|spe|1
|turn|26
|
|t:|1659747249
|move|p1a: Obstagoon|Close Combat|p2a: megan the eggin
|-supereffective|p2a: megan the eggin
|-damage|p2a: megan the eggin|31/100
|-unboost|p1a: Obstagoon|def|1
|-unboost|p1a: Obstagoon|spd|1
|move|p2a: megan the eggin|Soft-Boiled|p2a: megan the eggin
|-heal|p2a: megan the eggin|81/100
|
|-damage|p1a: Obstagoon|88/100 brn|[from] brn
|upkeep
|turn|27
|
|t:|1659747259
|move|p1a: Obstagoon|Facade|p2a: megan the eggin
|-crit|p2a: megan the eggin
|-damage|p2a: megan the eggin|0 fnt
|faint|p2a: megan the eggin
|
|win|12345buzz67890
|raw|12345buzz67890's rating: 1133 &rarr; <strong>1169</strong><br />(+36 for winning)
|raw|5 pia to the top's rating: 1297 &rarr; <strong>1261</strong><br />(-36 for losing)
|c|☆5 pia to the top|gg
|l| Shelley_Swampert
|c|☆12345buzz67890|Gg
|l|☆12345buzz67890
||Ladder isn't responding, score probably updated but might not have (Request timeout).
