|j|☆pif
|j|☆SS007
|player|p1|pif|preschooler|1592
|player|p2|SS007|brock|1409
|teamsize|p1|6
|teamsize|p2|6
|gametype|singles
|gen|8
|tier|[Gen 8] UU
|rated|
|clearpoke
|poke|p1|Bellossom, M|
|poke|p1|Indeedee, M|
|poke|p1|Golisopod, M|
|poke|p1|Rhyperior, M|
|poke|p1|Klinklang|
|poke|p1|Weezing-Galar, F|
|poke|p2|Hippowdon, M|
|poke|p2|Noivern, M|
|poke|p2|Doublade, F|
|poke|p2|Milotic, F|
|poke|p2|Morpeko, M|
|poke|p2|Charizard, M|
|rule|Sleep Clause Mod: Limit one foe put to sleep
|rule|Species Clause: Limit one of each Pokémon
|rule|OHKO Clause: OHKO moves are banned
|rule|Evasion Moves Clause: Evasion moves are banned
|rule|Endless Battle Clause: Forcing endless battles is banned
|rule|HP Percentage Mod: HP is shown in percentages
|rule|Dynamax Clause: You cannot dynamax
|teampreview
|j| Luna Rox
|
|start
|switch|p1a: chokey smokey|Weezing-Galar, F|100/100
|switch|p2a: Milotic|Milotic, F|100/100
|turn|1
|inactive|Battle timer is ON: inactive players will automatically lose when time's up. (requested by SS007)
|
|switch|p1a: dancy girl|Bellossom, M|100/100
|move|p2a: Milotic|Scald|p1a: dancy girl
|-resisted|p1a: dancy girl
|-crit|p1a: dancy girl
|-damage|p1a: dancy girl|81/100
|
|-heal|p1a: dancy girl|87/100|[from] item: Leftovers
|upkeep
|turn|2
|
|switch|p2a: Charizard|Charizard, M|100/100
|move|p1a: dancy girl|Quiver Dance|p1a: dancy girl
|-boost|p1a: dancy girl|spa|1
|-boost|p1a: dancy girl|spd|1
|-boost|p1a: dancy girl|spe|1
|
|-heal|p1a: dancy girl|93/100|[from] item: Leftovers
|upkeep
|turn|3
|
|switch|p1a: stabby wabby|Rhyperior, M|100/100
|move|p2a: Charizard|Fire Blast|p1a: stabby wabby
|-resisted|p1a: stabby wabby
|-damage|p1a: stabby wabby|79/100
|-status|p1a: stabby wabby|brn
|
|-heal|p1a: stabby wabby|85/100 brn|[from] item: Leftovers
|-damage|p1a: stabby wabby|79/100 brn|[from] brn
|upkeep
|turn|4
|
|switch|p2a: Hippowdon|Hippowdon, M|100/100
|-weather|Sandstorm|[from] ability: Sand Stream|[of] p2a: Hippowdon
|move|p1a: stabby wabby|Stealth Rock|p2a: Hippowdon
|-sidestart|p2: SS007|move: Stealth Rock
|
|-weather|Sandstorm|[upkeep]
|-heal|p1a: stabby wabby|85/100 brn|[from] item: Leftovers
|-damage|p1a: stabby wabby|79/100 brn|[from] brn
|upkeep
|turn|5
|
|switch|p1a: dancy girl|Bellossom, M|93/100
|move|p2a: Hippowdon|Stealth Rock|p1a: dancy girl
|-sidestart|p1: pif|move: Stealth Rock
|
|-weather|Sandstorm|[upkeep]
|-damage|p1a: dancy girl|87/100|[from] Sandstorm
|-heal|p1a: dancy girl|93/100|[from] item: Leftovers
|upkeep
|turn|6
|l| Luna Rox
|
|switch|p2a: Charizard|Charizard, M|100/100
|move|p1a: dancy girl|Quiver Dance|p1a: dancy girl
|-boost|p1a: dancy girl|spa|1
|-boost|p1a: dancy girl|spd|1
|-boost|p1a: dancy girl|spe|1
|
|-weather|Sandstorm|[upkeep]
|-damage|p2a: Charizard|94/100|[from] Sandstorm
|-damage|p1a: dancy girl|87/100|[from] Sandstorm
|-heal|p1a: dancy girl|93/100|[from] item: Leftovers
|upkeep
|turn|7
|
|move|p2a: Charizard|Work Up|p2a: Charizard
|-boost|p2a: Charizard|atk|1
|-boost|p2a: Charizard|spa|1
|move|p1a: dancy girl|Quiver Dance|p1a: dancy girl
|-boost|p1a: dancy girl|spa|1
|-boost|p1a: dancy girl|spd|1
|-boost|p1a: dancy girl|spe|1
|
|-weather|Sandstorm|[upkeep]
|-damage|p1a: dancy girl|87/100|[from] Sandstorm
|-damage|p2a: Charizard|88/100|[from] Sandstorm
|-heal|p1a: dancy girl|93/100|[from] item: Leftovers
|upkeep
|turn|8
|
|move|p1a: dancy girl|Quiver Dance|p1a: dancy girl
|-boost|p1a: dancy girl|spa|1
|-boost|p1a: dancy girl|spd|1
|-boost|p1a: dancy girl|spe|1
|move|p2a: Charizard|Fire Blast|p1a: dancy girl
|-supereffective|p1a: dancy girl
|-damage|p1a: dancy girl|35/100
|
|-weather|none
|-heal|p1a: dancy girl|42/100|[from] item: Leftovers
|upkeep
|turn|9
|
|move|p1a: dancy girl|Strength Sap|p2a: Charizard
|-unboost|p2a: Charizard|atk|1
|-heal|p1a: dancy girl|100/100
|move|p2a: Charizard|Fire Blast|p1a: dancy girl
|-supereffective|p1a: dancy girl
|-damage|p1a: dancy girl|39/100
|
|-heal|p1a: dancy girl|45/100|[from] item: Leftovers
|upkeep
|turn|10
|
|move|p1a: dancy girl|Strength Sap|p2a: Charizard
|-unboost|p2a: Charizard|atk|1
|-heal|p1a: dancy girl|89/100
|move|p2a: Charizard|Fire Blast|p1a: dancy girl
|-supereffective|p1a: dancy girl
|-damage|p1a: dancy girl|31/100
|
|-heal|p1a: dancy girl|37/100|[from] item: Leftovers
|upkeep
|turn|11
|
|move|p1a: dancy girl|Sludge Bomb|p2a: Charizard
|-crit|p2a: Charizard
|-damage|p2a: Charizard|0 fnt
|faint|p2a: Charizard
|
|-heal|p1a: dancy girl|43/100|[from] item: Leftovers
|upkeep
|
|switch|p2a: Noivern|Noivern, M|100/100
|turn|12
|
|move|p1a: dancy girl|Quiver Dance|p1a: dancy girl
|-boost|p1a: dancy girl|spa|1
|-boost|p1a: dancy girl|spd|1
|-boost|p1a: dancy girl|spe|1
|move|p2a: Noivern|Hurricane|p1a: dancy girl|[miss]
|-miss|p2a: Noivern|p1a: dancy girl
|
|-heal|p1a: dancy girl|49/100|[from] item: Leftovers
|upkeep
|turn|13
|
|move|p1a: dancy girl|Sludge Bomb|p2a: Noivern
|-damage|p2a: Noivern|16/100
|-status|p2a: Noivern|psn
|move|p2a: Noivern|Hurricane|p1a: dancy girl
|-supereffective|p1a: dancy girl
|-damage|p1a: dancy girl|20/100
|
|-heal|p1a: dancy girl|26/100|[from] item: Leftovers
|-damage|p2a: Noivern|4/100 psn|[from] psn
|upkeep
|turn|14
|
|move|p1a: dancy girl|Giga Drain|p2a: Noivern
|-resisted|p2a: Noivern
|-damage|p2a: Noivern|0 fnt
|-heal|p1a: dancy girl|27/100|[from] drain|[of] p2a: Noivern
|faint|p2a: Noivern
|
|-heal|p1a: dancy girl|34/100|[from] item: Leftovers
|upkeep
|
|switch|p2a: Doublade|Doublade, F|100/100
|-damage|p2a: Doublade|94/100|[from] Stealth Rock
|turn|15
|
|move|p2a: Doublade|Shadow Sneak|p1a: dancy girl
|-damage|p1a: dancy girl|15/100
|move|p1a: dancy girl|Strength Sap|p2a: Doublade
|-unboost|p2a: Doublade|atk|1
|-heal|p1a: dancy girl|100/100
|
|upkeep
|turn|16
|-message|SS007 forfeited.
|
|win|pif
|l|☆SS007
