|j|☆udongirl
|j|☆d01ph1ne
|t:|1662221285
|gametype|singles
|player|p1|udongirl|#bltviiiturtwigs|
|player|p2|d01ph1ne|170|
|teamsize|p1|6
|teamsize|p2|6
|gen|8
|tier|[Gen 8] UU
|rated|Tournament battle
|rule|Sleep Clause Mod: Limit one foe put to sleep
|rule|Species Clause: Limit one of each Pokémon
|rule|OHKO Clause: OHKO moves are banned
|rule|Evasion Items Clause: Evasion items are banned
|rule|Evasion Moves Clause: Evasion moves are banned
|rule|Endless Battle Clause: Forcing endless battles is banned
|rule|HP Percentage Mod: HP is shown in percentages
|rule|Dynamax Clause: You cannot dynamax
|clearpoke
|poke|p1|Salamence, M|
|poke|p1|Rotom-Wash|
|poke|p1|Hatterene, F|
|poke|p1|Cobalion|
|poke|p1|Tangrowth, F|
|poke|p1|Diggersby, F|
|poke|p2|Conkeldurr, M|
|poke|p2|Zarude-Dada|
|poke|p2|Scizor, F|
|poke|p2|Salamence, M|
|poke|p2|Nidoqueen, F|
|poke|p2|Slowking, M|
|teampreview
|
|t:|1662221312
|start
|switch|p1a: Salamence|Salamence, M|100/100
|switch|p2a: Zarude|Zarude-Dada|100/100
|-ability|p1a: Salamence|Intimidate|boost
|-unboost|p2a: Zarude|atk|1
|turn|1
|
|t:|1662221318
|move|p2a: Zarude|U-turn|p1a: Salamence
|-resisted|p1a: Salamence
|-damage|p1a: Salamence|91/100
|
|t:|1662221323
|switch|p2a: Slowking|Slowking, M|100/100|[from]move: U-turn
|move|p1a: Salamence|Draco Meteor|p2a: Slowking
|-damage|p2a: Slowking|28/100
|-unboost|p1a: Salamence|spa|2
|
|upkeep
|turn|2
|
|t:|1662221336
|switch|p1a: Cobalion|Cobalion|100/100
|switch|p2a: Scizor|Scizor, F|100/100
|
|upkeep
|turn|3
|
|t:|1662221341
|move|p1a: Cobalion|Stealth Rock|p2a: Scizor
|-sidestart|p2: d01ph1ne|move: Stealth Rock
|move|p2a: Scizor|U-turn|p1a: Cobalion
|-resisted|p1a: Cobalion
|-damage|p1a: Cobalion|93/100
|-damage|p2a: Scizor|84/100|[from] item: Rocky Helmet|[of] p1a: Cobalion
|
|t:|1662221343
|switch|p2a: Salamence|Salamence, M|100/100|[from]move: U-turn
|-ability|p2a: Salamence|Intimidate|boost
|-unboost|p1a: Cobalion|atk|1
|
|upkeep
|turn|4
|
|t:|1662221355
|switch|p1a: Hatterene|Hatterene, F|100/100
|move|p2a: Salamence|Defog|p1a: Hatterene
|move|p1a: Hatterene|Defog|p2a: Salamence|[from]ability: Magic Bounce
|-unboost|p2a: Salamence|evasion|1
|-sideend|p2: d01ph1ne|Stealth Rock|[from] move: Defog|[of] p1a: Hatterene
|
|upkeep
|turn|5
|
|t:|1662221369
|switch|p2a: Slowking|Slowking, M|61/100
|move|p1a: Hatterene|Mystical Fire|p2a: Slowking
|-resisted|p2a: Slowking
|-damage|p2a: Slowking|52/100
|-unboost|p2a: Slowking|spa|1
|
|upkeep
|turn|6
|
|t:|1662221373
|move|p1a: Hatterene|Calm Mind|p1a: Hatterene
|-boost|p1a: Hatterene|spa|1
|-boost|p1a: Hatterene|spd|1
|move|p2a: Slowking|Teleport|p2a: Slowking
|
|t:|1662221378
|switch|p2a: Nidoqueen|Nidoqueen, F|100/100|[from]move: Teleport
|
|upkeep
|turn|7
|
|t:|1662221381
|move|p2a: Nidoqueen|Sludge Wave|p1a: Hatterene
|-supereffective|p1a: Hatterene
|-damage|p1a: Hatterene|2/100
|move|p1a: Hatterene|Psyshock|p2a: Nidoqueen
|-supereffective|p2a: Nidoqueen
|-damage|p2a: Nidoqueen|0 fnt
|faint|p2a: Nidoqueen
|
|-heal|p1a: Hatterene|8/100|[from] item: Leftovers
|upkeep
|
|t:|1662221386
|switch|p2a: Scizor|Scizor, F|84/100
|turn|8
|
|t:|1662221389
|switch|p1a: Cobalion|Cobalion|93/100
|move|p2a: Scizor|Knock Off|p1a: Cobalion
|-resisted|p1a: Cobalion
|-damage|p1a: Cobalion|79/100
|-damage|p2a: Scizor|67/100|[from] item: Rocky Helmet|[of] p1a: Cobalion
|-ability|p1a: Cobalion|Justified|boost
|-boost|p1a: Cobalion|atk|1
|-enditem|p1a: Cobalion|Rocky Helmet|[from] move: Knock Off|[of] p2a: Scizor
|
|upkeep
|turn|9
|
|t:|1662221395
|switch|p2a: Salamence|Salamence, M|100/100
|-ability|p2a: Salamence|Intimidate|boost
|-unboost|p1a: Cobalion|atk|1
|move|p1a: Cobalion|Stealth Rock|p2a: Salamence
|-sidestart|p2: d01ph1ne|move: Stealth Rock
|
|upkeep
|turn|10
|
|t:|1662221404
|move|p1a: Cobalion|Stone Edge|p2a: Salamence
|-supereffective|p2a: Salamence
|-damage|p2a: Salamence|58/100
|move|p2a: Salamence|Flamethrower|p1a: Cobalion
|-supereffective|p1a: Cobalion
|-crit|p1a: Cobalion
|-damage|p1a: Cobalion|0 fnt
|faint|p1a: Cobalion
|
|upkeep
|
|t:|1662221412
|switch|p1a: Salamence|Salamence, M|91/100
|-ability|p1a: Salamence|Intimidate|boost
|-unboost|p2a: Salamence|atk|1
|turn|11
|
|t:|1662221420
|switch|p2a: Slowking|Slowking, M|86/100
|-damage|p2a: Slowking|73/100|[from] Stealth Rock
|move|p1a: Salamence|Hurricane|p2a: Slowking|[miss]
|-miss|p1a: Salamence|p2a: Slowking
|
|upkeep
|turn|12
|
|t:|1662221426
|move|p1a: Salamence|Hurricane|p2a: Slowking
|-damage|p2a: Slowking|12/100
|move|p2a: Slowking|Slack Off|p2a: Slowking
|-heal|p2a: Slowking|62/100
|
|upkeep
|turn|13
|
|t:|1662221445
|move|p1a: Salamence|Hurricane|p2a: Slowking
|-damage|p2a: Slowking|0 fnt
|faint|p2a: Slowking
|
|upkeep
|
|t:|1662221458
|switch|p2a: Scizor|Scizor, F|67/100
|turn|14
|
|t:|1662221463
|move|p1a: Salamence|Hurricane|p2a: Scizor|[miss]
|-miss|p1a: Salamence|p2a: Scizor
|move|p2a: Scizor|Knock Off|p1a: Salamence
|-damage|p1a: Salamence|50/100
|-enditem|p1a: Salamence|Choice Specs|[from] move: Knock Off|[of] p2a: Scizor
|
|upkeep
|turn|15
|
|t:|1662221466
|move|p2a: Scizor|Bullet Punch|p1a: Salamence
|-damage|p1a: Salamence|14/100
|move|p1a: Salamence|Flamethrower|p2a: Scizor
|-supereffective|p2a: Scizor
|-damage|p2a: Scizor|0 fnt
|faint|p2a: Scizor
|
|upkeep
|
|t:|1662221470
|switch|p2a: Zarude|Zarude-Dada|100/100
|-damage|p2a: Zarude|88/100|[from] Stealth Rock
|turn|16
|
|t:|1662221475
|switch|p1a: Tangrowth|Tangrowth, F|100/100
|move|p2a: Zarude|U-turn|p1a: Tangrowth
|-supereffective|p1a: Tangrowth
|-damage|p1a: Tangrowth|69/100
|
|t:|1662221477
|switch|p2a: Conkeldurr|Conkeldurr, M|100/100|[from]move: U-turn
|-damage|p2a: Conkeldurr|95/100|[from] Stealth Rock
|
|-status|p2a: Conkeldurr|brn|[from] item: Flame Orb
|upkeep
|turn|17
|
|t:|1662221486
|switch|p1a: Hatterene|Hatterene, F|8/100
|move|p2a: Conkeldurr|Knock Off|p1a: Hatterene
|-damage|p1a: Hatterene|0 fnt
|-enditem|p1a: Hatterene|Leftovers|[from] move: Knock Off|[of] p2a: Conkeldurr
|faint|p1a: Hatterene
|
|-damage|p2a: Conkeldurr|89/100 brn|[from] brn
|upkeep
|
|t:|1662221490
|switch|p1a: Salamence|Salamence, M|14/100
|-ability|p1a: Salamence|Intimidate|boost
|-unboost|p2a: Conkeldurr|atk|1
|turn|18
|
|t:|1662221498
|switch|p2a: Salamence|Salamence, M|58/100
|-ability|p2a: Salamence|Intimidate|boost
|-unboost|p1a: Salamence|atk|1
|move|p1a: Salamence|Roost|p1a: Salamence
|-heal|p1a: Salamence|64/100
|-singleturn|p1a: Salamence|move: Roost
|
|upkeep
|turn|19
|
|t:|1662221508
|switch|p1a: Rotom|Rotom-Wash|100/100
|move|p2a: Salamence|Dual Wingbeat|p1a: Rotom
|-resisted|p1a: Rotom
|-damage|p1a: Rotom|92/100
|-resisted|p1a: Rotom
|-damage|p1a: Rotom|84/100
|-hitcount|p1a: Rotom|2
|
|upkeep
|turn|20
|
|t:|1662221511
|move|p1a: Rotom|Volt Switch|p2a: Salamence
|-damage|p2a: Salamence|31/100
|
|t:|1662221514
|switch|p1a: Diggersby|Diggersby, F|100/100|[from]move: Volt Switch
|move|p2a: Salamence|Roost|p2a: Salamence
|-heal|p2a: Salamence|81/100
|-singleturn|p2a: Salamence|move: Roost
|
|upkeep
|turn|21
|
|t:|1662221517
|switch|p2a: Zarude|Zarude-Dada|88/100
|-damage|p2a: Zarude|76/100|[from] Stealth Rock
|move|p1a: Diggersby|Body Slam|p2a: Zarude
|-damage|p2a: Zarude|30/100
|
|upkeep
|turn|22
|
|t:|1662221524
|switch|p1a: Tangrowth|Tangrowth, F|100/100
|move|p2a: Zarude|Darkest Lariat|p1a: Tangrowth
|-damage|p1a: Tangrowth|69/100
|
|upkeep
|turn|23
|
|t:|1662221531
|switch|p2a: Conkeldurr|Conkeldurr, M|89/100 brn
|-damage|p2a: Conkeldurr|83/100 brn|[from] Stealth Rock
|move|p1a: Tangrowth|Sludge Bomb|p2a: Conkeldurr
|-damage|p2a: Conkeldurr|51/100 brn
|
|-damage|p2a: Conkeldurr|45/100 brn|[from] brn
|upkeep
|turn|24
|
|t:|1662221536
|switch|p1a: Salamence|Salamence, M|64/100
|-ability|p1a: Salamence|Intimidate|boost
|-unboost|p2a: Conkeldurr|atk|1
|move|p2a: Conkeldurr|Facade|p1a: Salamence
|-damage|p1a: Salamence|0 fnt
|faint|p1a: Salamence
|
|-damage|p2a: Conkeldurr|39/100 brn|[from] brn
|upkeep
|
|t:|1662221544
|switch|p1a: Rotom|Rotom-Wash|84/100
|turn|25
|
|t:|1662221558
|switch|p2a: Salamence|Salamence, M|81/100
|-ability|p2a: Salamence|Intimidate|boost
|-unboost|p1a: Rotom|atk|1
|move|p1a: Rotom|Volt Switch|p2a: Salamence
|-damage|p2a: Salamence|59/100
|
|t:|1662221569
|switch|p1a: Diggersby|Diggersby, F|100/100|[from]move: Volt Switch
|
|upkeep
|turn|26
|
|t:|1662221573
|move|p1a: Diggersby|Body Slam|p2a: Salamence
|-damage|p2a: Salamence|20/100
|move|p2a: Salamence|Dual Wingbeat|p1a: Diggersby
|-damage|p1a: Diggersby|77/100
|-damage|p1a: Diggersby|54/100
|-hitcount|p1a: Diggersby|2
|
|upkeep
|turn|27
|
|t:|1662221576
|move|p1a: Diggersby|Body Slam|p2a: Salamence
|-damage|p2a: Salamence|0 fnt
|faint|p2a: Salamence
|
|upkeep
|
|t:|1662221580
|switch|p2a: Conkeldurr|Conkeldurr, M|39/100 brn
|-damage|p2a: Conkeldurr|33/100 brn|[from] Stealth Rock
|turn|28
|
|t:|1662221588
|move|p1a: Diggersby|Body Slam|p2a: Conkeldurr
|-damage|p2a: Conkeldurr|0 fnt
|faint|p2a: Conkeldurr
|
|upkeep
|-message|d01ph1ne forfeited.
|
|win|udongirl
|n|☆udongirl|udongirl
|n|☆d01ph1ne|d01ph1ne
