|j|☆Adrift and Alone
|j|☆SwampAlt1
|player|p1|Adrift and Alone|ethan-gen2|1621
|player|p2|SwampAlt1|artist|1415
|teamsize|p1|6
|teamsize|p2|6
|gametype|singles
|gen|8
|tier|[Gen 8] UU
|rated|
|clearpoke
|poke|p1|Gastrodon-East, F|
|poke|p1|Pangoro, F|
|poke|p1|Weezing-Galar, F|
|poke|p1|Reuniclus, F|
|poke|p1|Gigalith, M|
|poke|p1|Braviary, M|
|poke|p2|Heliolisk, F|
|poke|p2|Cinccino, M|
|poke|p2|Bronzong|
|poke|p2|Chandelure, F|
|poke|p2|Golisopod, M|
|poke|p2|Sirfetch'd, F|
|rule|Sleep Clause Mod: Limit one foe put to sleep
|rule|Species Clause: Limit one of each Pokémon
|rule|OHKO Clause: OHKO moves are banned
|rule|Evasion Moves Clause: Evasion moves are banned
|rule|Endless Battle Clause: Forcing endless battles is banned
|rule|HP Percentage Mod: HP is shown in percentages
|rule|Dynamax Clause: You cannot dynamax
|teampreview
|inactive|Battle timer is ON: inactive players will automatically lose when time's up. (requested by SwampAlt1)
|
|start
|switch|p1a: Braviary|Braviary, M, shiny|100/100
|switch|p2a: Golisopod|Golisopod, M|100/100
|turn|1
|c|☆SwampAlt1|glhf
|c|☆Adrift and Alone|you too
|j| Aloopuriza
|
|switch|p2a: Bronzong|Bronzong|100/100
|move|p1a: Braviary|Brave Bird|p2a: Bronzong
|-resisted|p2a: Bronzong
|-damage|p2a: Bronzong|82/100
|-damage|p1a: Braviary|94/100|[from] Recoil
|
|-heal|p2a: Bronzong|88/100|[from] item: Leftovers
|upkeep
|turn|2
|
|switch|p1a: Smokin Dro|Pangoro, F|100/100
|move|p2a: Bronzong|Stealth Rock|p1a: Smokin Dro
|-sidestart|p1: Adrift and Alone|move: Stealth Rock
|
|-heal|p2a: Bronzong|94/100|[from] item: Leftovers
|upkeep
|turn|3
|
|move|p2a: Bronzong|Protect|p2a: Bronzong
|-singleturn|p2a: Bronzong|Protect
|move|p1a: Smokin Dro|Darkest Lariat|p2a: Bronzong
|-activate|p2a: Bronzong|move: Protect
|
|-heal|p2a: Bronzong|100/100|[from] item: Leftovers
|upkeep
|turn|4
|
|switch|p2a: Sirfetch'd|Sirfetch'd, F|100/100
|move|p1a: Smokin Dro|Darkest Lariat|p2a: Sirfetch'd
|-resisted|p2a: Sirfetch'd
|-damage|p2a: Sirfetch'd|61/100
|
|upkeep
|turn|5
|
|switch|p1a: Weezing|Weezing-Galar, F|100/100
|-damage|p1a: Weezing|88/100|[from] Stealth Rock
|switch|p2a: Chandelure|Chandelure, F|100/100
|
|-heal|p1a: Weezing|94/100|[from] item: Black Sludge
|upkeep
|turn|6
|
|switch|p1a: Gigalith|Gigalith, M|100/100
|-damage|p1a: Gigalith|88/100|[from] Stealth Rock
|-weather|Sandstorm|[from] ability: Sand Stream|[of] p1a: Gigalith
|move|p2a: Chandelure|Substitute|p2a: Chandelure
|-start|p2a: Chandelure|Substitute
|-damage|p2a: Chandelure|76/100
|
|-weather|Sandstorm|[upkeep]
|-damage|p2a: Chandelure|69/100|[from] Sandstorm
|-heal|p1a: Gigalith|94/100|[from] item: Leftovers
|upkeep
|turn|7
|
|move|p2a: Chandelure|Shadow Ball|p1a: Gigalith
|-damage|p1a: Gigalith|72/100
|-unboost|p1a: Gigalith|spd|1
|move|p1a: Gigalith|Rock Blast|p2a: Chandelure
|-supereffective|p2a: Chandelure
|-end|p2a: Chandelure|Substitute
|-supereffective|p2a: Chandelure
|-damage|p2a: Chandelure|37/100
|-hitcount|p2a: Chandelure|2
|
|-weather|Sandstorm|[upkeep]
|-damage|p2a: Chandelure|31/100|[from] Sandstorm
|-heal|p1a: Gigalith|79/100|[from] item: Leftovers
|upkeep
|turn|8
|
|switch|p2a: Bronzong|Bronzong|100/100
|move|p1a: Gigalith|Earthquake|p2a: Bronzong
|-immune|p2a: Bronzong|[from] ability: Levitate
|
|-weather|Sandstorm|[upkeep]
|-heal|p1a: Gigalith|85/100|[from] item: Leftovers
|upkeep
|turn|9
|
|move|p1a: Gigalith|Stealth Rock|p2a: Bronzong
|-sidestart|p2: SwampAlt1|move: Stealth Rock
|move|p2a: Bronzong|Body Press|p1a: Gigalith
|-supereffective|p1a: Gigalith
|-damage|p1a: Gigalith|42/100
|
|-weather|Sandstorm|[upkeep]
|-heal|p1a: Gigalith|48/100|[from] item: Leftovers
|upkeep
|turn|10
|
|switch|p1a: Reuniclus|Reuniclus, F|100/100
|-damage|p1a: Reuniclus|88/100|[from] Stealth Rock
|switch|p2a: Golisopod|Golisopod, M|100/100
|
|-weather|none
|upkeep
|turn|11
|
|move|p2a: Golisopod|Spikes|p1a: Reuniclus
|-sidestart|p1: Adrift and Alone|Spikes
|move|p1a: Reuniclus|Future Sight|p2a: Golisopod
|-start|p1a: Reuniclus|move: Future Sight
|
|upkeep
|turn|12
|
|switch|p2a: Bronzong|Bronzong|100/100
|-damage|p2a: Bronzong|94/100|[from] Stealth Rock
|switch|p1a: Weezing|Weezing-Galar, F|94/100
|-damage|p1a: Weezing|82/100|[from] Stealth Rock
|
|-heal|p1a: Weezing|88/100|[from] item: Black Sludge
|-heal|p2a: Bronzong|100/100|[from] item: Leftovers
|upkeep
|turn|13
|
|switch|p1a: Reuniclus|Reuniclus, F|100/100
|-damage|p1a: Reuniclus|88/100|[from] Stealth Rock
|-damage|p1a: Reuniclus|75/100|[from] Spikes
|move|p2a: Bronzong|Protect||[still]
|-fail|p2a: Bronzong
|
|-end|p2a: Bronzong|move: Future Sight
|-resisted|p2a: Bronzong
|-damage|p2a: Bronzong|86/100
|-heal|p2a: Bronzong|92/100|[from] item: Leftovers
|upkeep
|turn|14
|
|move|p1a: Reuniclus|Shadow Ball|p2a: Bronzong
|-supereffective|p2a: Bronzong
|-damage|p2a: Bronzong|42/100
|move|p2a: Bronzong|Body Press|p1a: Reuniclus
|-resisted|p1a: Reuniclus
|-damage|p1a: Reuniclus|61/100
|
|-heal|p2a: Bronzong|48/100|[from] item: Leftovers
|upkeep
|turn|15
|
|move|p2a: Bronzong|Protect|p2a: Bronzong
|-singleturn|p2a: Bronzong|Protect
|move|p1a: Reuniclus|Future Sight|p2a: Bronzong
|-start|p1a: Reuniclus|move: Future Sight
|
|-heal|p2a: Bronzong|54/100|[from] item: Leftovers
|upkeep
|turn|16
|
|switch|p2a: Heliolisk|Heliolisk, F|100/100
|-damage|p2a: Heliolisk|88/100|[from] Stealth Rock
|move|p1a: Reuniclus|Shadow Ball|p2a: Heliolisk
|-immune|p2a: Heliolisk
|
|-heal|p2a: Heliolisk|94/100|[from] item: Leftovers
|upkeep
|turn|17
|
|move|p2a: Heliolisk|Hyper Voice|p1a: Reuniclus
|-damage|p1a: Reuniclus|35/100
|move|p1a: Reuniclus|Shadow Ball|p2a: Heliolisk
|-immune|p2a: Heliolisk
|
|-end|p2a: Heliolisk|move: Future Sight
|-damage|p2a: Heliolisk|6/100
|-heal|p2a: Heliolisk|12/100|[from] item: Leftovers
|upkeep
|turn|18
|
|move|p2a: Heliolisk|Hyper Voice|p1a: Reuniclus
|-damage|p1a: Reuniclus|10/100
|move|p1a: Reuniclus|Psychic|p2a: Heliolisk
|-damage|p2a: Heliolisk|0 fnt
|faint|p2a: Heliolisk
|
|upkeep
|inactive|SwampAlt1 has 120 seconds left.
|
|switch|p2a: Golisopod|Golisopod, M|100/100
|turn|19
|
|switch|p1a: Gastrodon|Gastrodon-East, F|100/100
|-damage|p1a: Gastrodon|94/100|[from] Stealth Rock
|-damage|p1a: Gastrodon|82/100|[from] Spikes
|move|p2a: Golisopod|Liquidation|p1a: Gastrodon
|-ability|p1a: Gastrodon|Storm Drain|boost
|-boost|p1a: Gastrodon|spa|1
|
|-heal|p1a: Gastrodon|88/100|[from] item: Leftovers
|upkeep
|turn|20
|
|switch|p1a: Weezing|Weezing-Galar, F|88/100
|-damage|p1a: Weezing|76/100|[from] Stealth Rock
|move|p2a: Golisopod|Spikes|p1a: Weezing
|-sidestart|p1: Adrift and Alone|Spikes
|
|-heal|p1a: Weezing|82/100|[from] item: Black Sludge
|upkeep
|turn|21
|
|move|p1a: Weezing|Defog|p2a: Golisopod
|-unboost|p2a: Golisopod|evasion|1
|-sideend|p2: SwampAlt1|Stealth Rock|[from] move: Defog|[of] p1a: Weezing
|-sideend|p1: Adrift and Alone|Spikes|[from] move: Defog|[of] p1a: Weezing
|-sideend|p1: Adrift and Alone|Stealth Rock|[from] move: Defog|[of] p1a: Weezing
|move|p2a: Golisopod|Liquidation|p1a: Weezing
|-damage|p1a: Weezing|49/100
|
|-heal|p1a: Weezing|55/100|[from] item: Black Sludge
|upkeep
|turn|22
|
|move|p1a: Weezing|Strange Steam|p2a: Golisopod
|-damage|p2a: Golisopod|71/100
|move|p2a: Golisopod|Spikes|p1a: Weezing
|-sidestart|p1: Adrift and Alone|Spikes
|
|-heal|p1a: Weezing|61/100|[from] item: Black Sludge
|upkeep
|turn|23
|
|switch|p2a: Chandelure|Chandelure, F|31/100
|move|p1a: Weezing|Defog|p2a: Chandelure
|-unboost|p2a: Chandelure|evasion|1
|-sideend|p1: Adrift and Alone|Spikes|[from] move: Defog|[of] p1a: Weezing
|
|-heal|p1a: Weezing|67/100|[from] item: Black Sludge
|upkeep
|turn|24
|
|switch|p1a: Braviary|Braviary, M, shiny|94/100
|move|p2a: Chandelure|Shadow Ball|p1a: Braviary
|-immune|p1a: Braviary
|
|upkeep
|turn|25
|
|switch|p2a: Bronzong|Bronzong|54/100
|move|p1a: Braviary|Brave Bird|p2a: Bronzong
|-resisted|p2a: Bronzong
|-damage|p2a: Bronzong|35/100
|-damage|p1a: Braviary|88/100|[from] Recoil
|
|-heal|p2a: Bronzong|42/100|[from] item: Leftovers
|upkeep
|turn|26
|
|switch|p1a: Smokin Dro|Pangoro, F|100/100
|move|p2a: Bronzong|Stealth Rock|p1a: Smokin Dro
|-sidestart|p1: Adrift and Alone|move: Stealth Rock
|
|-heal|p2a: Bronzong|48/100|[from] item: Leftovers
|upkeep
|turn|27
|
|move|p2a: Bronzong|Protect|p2a: Bronzong
|-singleturn|p2a: Bronzong|Protect
|move|p1a: Smokin Dro|Close Combat|p2a: Bronzong
|-activate|p2a: Bronzong|move: Protect
|
|-heal|p2a: Bronzong|54/100|[from] item: Leftovers
|upkeep
|turn|28
|
|move|p1a: Smokin Dro|Close Combat|p2a: Bronzong
|-damage|p2a: Bronzong|0 fnt
|-unboost|p1a: Smokin Dro|def|1
|-unboost|p1a: Smokin Dro|spd|1
|faint|p2a: Bronzong
|
|upkeep
|
|switch|p2a: Golisopod|Golisopod, M|71/100
|turn|29
|
|switch|p1a: Gastrodon|Gastrodon-East, F|88/100
|-damage|p1a: Gastrodon|82/100|[from] Stealth Rock
|move|p2a: Golisopod|First Impression|p1a: Gastrodon
|-damage|p1a: Gastrodon|40/100
|
|-heal|p1a: Gastrodon|46/100|[from] item: Leftovers
|upkeep
|turn|30
|
|move|p1a: Gastrodon|Recover|p1a: Gastrodon
|-heal|p1a: Gastrodon|96/100
|move|p2a: Golisopod|Spikes|p1a: Gastrodon
|-sidestart|p1: Adrift and Alone|Spikes
|
|-heal|p1a: Gastrodon|100/100|[from] item: Leftovers
|upkeep
|turn|31
|
|switch|p1a: Weezing|Weezing-Galar, F|67/100
|-damage|p1a: Weezing|55/100|[from] Stealth Rock
|switch|p2a: Cinccino|Cinccino, M|100/100
|
|-heal|p1a: Weezing|61/100|[from] item: Black Sludge
|upkeep
|turn|32
|
|move|p2a: Cinccino|Tail Slap|p1a: Weezing|[miss]
|-miss|p2a: Cinccino|p1a: Weezing
|move|p1a: Weezing|Defog|p2a: Cinccino
|-unboost|p2a: Cinccino|evasion|1
|-sideend|p1: Adrift and Alone|Spikes|[from] move: Defog|[of] p1a: Weezing
|-sideend|p1: Adrift and Alone|Stealth Rock|[from] move: Defog|[of] p1a: Weezing
|
|-heal|p1a: Weezing|67/100|[from] item: Black Sludge
|upkeep
|turn|33
|
|switch|p2a: Chandelure|Chandelure, F|31/100
|move|p1a: Weezing|Pain Split|p2a: Chandelure
|-sethp|p2a: Chandelure|58/100|[from] move: Pain Split|[silent]
|-sethp|p1a: Weezing|46/100|[from] move: Pain Split
|
|-heal|p1a: Weezing|52/100|[from] item: Black Sludge
|upkeep
|turn|34
|c|☆Adrift and Alone|ohno
|
|switch|p1a: Gigalith|Gigalith, M|48/100
|-weather|Sandstorm|[from] ability: Sand Stream|[of] p1a: Gigalith
|move|p2a: Chandelure|Flamethrower|p1a: Gigalith
|-resisted|p1a: Gigalith
|-damage|p1a: Gigalith|34/100
|
|-weather|Sandstorm|[upkeep]
|-damage|p2a: Chandelure|52/100|[from] Sandstorm
|-heal|p1a: Gigalith|41/100|[from] item: Leftovers
|upkeep
|turn|35
|
|move|p2a: Chandelure|Shadow Ball|p1a: Gigalith
|-damage|p1a: Gigalith|17/100
|move|p1a: Gigalith|Rock Blast|p2a: Chandelure
|-supereffective|p2a: Chandelure
|-damage|p2a: Chandelure|19/100
|-supereffective|p2a: Chandelure
|-damage|p2a: Chandelure|0 fnt
|-hitcount|p2a: Chandelure|2
|faint|p2a: Chandelure
|
|-weather|Sandstorm|[upkeep]
|-heal|p1a: Gigalith|23/100|[from] item: Leftovers
|upkeep
|
|switch|p2a: Sirfetch'd|Sirfetch'd, F|61/100
|turn|36
|
|move|p2a: Sirfetch'd|Swords Dance|p2a: Sirfetch'd
|-boost|p2a: Sirfetch'd|atk|2
|move|p1a: Gigalith|Earthquake|p2a: Sirfetch'd
|-damage|p2a: Sirfetch'd|30/100
|
|-weather|Sandstorm|[upkeep]
|-damage|p2a: Sirfetch'd|24/100|[from] Sandstorm
|-heal|p1a: Gigalith|29/100|[from] item: Leftovers
|upkeep
|turn|37
|
|move|p2a: Sirfetch'd|Close Combat|p1a: Gigalith
|-supereffective|p1a: Gigalith
|-damage|p1a: Gigalith|0 fnt
|-unboost|p2a: Sirfetch'd|def|1
|-unboost|p2a: Sirfetch'd|spd|1
|faint|p1a: Gigalith
|
|-weather|Sandstorm|[upkeep]
|-damage|p2a: Sirfetch'd|18/100|[from] Sandstorm
|upkeep
|
|switch|p1a: Braviary|Braviary, M, shiny|88/100
|turn|38
|
|move|p2a: Sirfetch'd|Quick Attack|p1a: Braviary
|-damage|p1a: Braviary|46/100
|move|p1a: Braviary|Brave Bird|p2a: Sirfetch'd
|-supereffective|p2a: Sirfetch'd
|-damage|p2a: Sirfetch'd|0 fnt
|-damage|p1a: Braviary|40/100|[from] Recoil
|faint|p2a: Sirfetch'd
|
|-weather|none
|upkeep
|
|switch|p2a: Cinccino|Cinccino, M|100/100
|turn|39
|
|switch|p1a: Reuniclus|Reuniclus, F|43/100
|move|p2a: Cinccino|Tail Slap|p1a: Reuniclus|[miss]
|-miss|p2a: Cinccino|p1a: Reuniclus
|
|upkeep
|turn|40
|
|move|p2a: Cinccino|Tail Slap|p1a: Reuniclus
|-damage|p1a: Reuniclus|32/100
|-damage|p1a: Reuniclus|21/100
|-damage|p1a: Reuniclus|10/100
|-damage|p1a: Reuniclus|0 fnt
|-hitcount|p1a: Reuniclus|4
|faint|p1a: Reuniclus
|
|upkeep
|
|switch|p1a: Braviary|Braviary, M, shiny|40/100
|turn|41
|
|move|p2a: Cinccino|Tail Slap|p1a: Braviary
|-damage|p1a: Braviary|25/100
|-damage|p1a: Braviary|11/100
|-damage|p1a: Braviary|0 fnt
|-hitcount|p1a: Braviary|3
|faint|p1a: Braviary
|
|upkeep
|c|☆Adrift and Alone|o
|
|switch|p1a: Smokin Dro|Pangoro, F|100/100
|turn|42
|
|move|p2a: Cinccino|Tail Slap|p1a: Smokin Dro
|-damage|p1a: Smokin Dro|86/100
|-damage|p1a: Smokin Dro|70/100
|-damage|p1a: Smokin Dro|55/100
|-damage|p1a: Smokin Dro|40/100
|-damage|p1a: Smokin Dro|24/100
|-hitcount|p1a: Smokin Dro|5
|move|p1a: Smokin Dro|Close Combat|p2a: Cinccino
|-supereffective|p2a: Cinccino
|-damage|p2a: Cinccino|0 fnt
|-unboost|p1a: Smokin Dro|def|1
|-unboost|p1a: Smokin Dro|spd|1
|faint|p2a: Cinccino
|
|upkeep
|
|switch|p2a: Golisopod|Golisopod, M|71/100
|turn|43
|
|move|p2a: Golisopod|First Impression|p1a: Smokin Dro
|-damage|p1a: Smokin Dro|0 fnt
|faint|p1a: Smokin Dro
|
|upkeep
|
|switch|p1a: Weezing|Weezing-Galar, F|52/100
|turn|44
|
|move|p1a: Weezing|Pain Split|p2a: Golisopod
|-sethp|p2a: Golisopod|60/100|[from] move: Pain Split|[silent]
|-sethp|p1a: Weezing|63/100|[from] move: Pain Split
|move|p2a: Golisopod|Liquidation|p1a: Weezing
|-damage|p1a: Weezing|29/100
|-unboost|p1a: Weezing|def|1
|
|-heal|p1a: Weezing|35/100|[from] item: Black Sludge
|upkeep
|turn|45
|
|move|p1a: Weezing|Pain Split|p2a: Golisopod
|-sethp|p2a: Golisopod|47/100|[from] move: Pain Split|[silent]
|-sethp|p1a: Weezing|49/100|[from] move: Pain Split
|move|p2a: Golisopod|Spikes|p1a: Weezing
|-sidestart|p1: Adrift and Alone|Spikes
|
|-heal|p1a: Weezing|55/100|[from] item: Black Sludge
|upkeep
|turn|46
|
|move|p1a: Weezing|Strange Steam|p2a: Golisopod
|-damage|p2a: Golisopod|18/100
|move|p2a: Golisopod|Liquidation|p1a: Weezing
|-damage|p1a: Weezing|7/100
|
|-heal|p1a: Weezing|13/100|[from] item: Black Sludge
|upkeep
|turn|47
|
|move|p2a: Golisopod|Aqua Jet|p1a: Weezing
|-damage|p1a: Weezing|0 fnt
|faint|p1a: Weezing
|
|upkeep
|
|switch|p1a: Gastrodon|Gastrodon-East, F|100/100
|-damage|p1a: Gastrodon|88/100|[from] Spikes
|turn|48
|
|move|p2a: Golisopod|First Impression||[still]
|-fail|p2a: Golisopod
|-hint|First Impression only works on your first turn out.
|move|p1a: Gastrodon|Scald|p2a: Golisopod
|-resisted|p2a: Golisopod
|-damage|p2a: Golisopod|4/100
|
|-heal|p1a: Gastrodon|94/100|[from] item: Leftovers
|upkeep
|turn|49
|
|move|p2a: Golisopod|First Impression||[still]
|-fail|p2a: Golisopod
|-hint|First Impression only works on your first turn out.
|move|p1a: Gastrodon|Scald|p2a: Golisopod
|-resisted|p2a: Golisopod
|-damage|p2a: Golisopod|0 fnt
|faint|p2a: Golisopod
|
|win|Adrift and Alone
|c|☆Adrift and Alone|gg
|raw|Adrift and Alone's rating: 1621 &rarr; <strong>1630</strong><br />(+9 for winning)
|raw|SwampAlt1's rating: 1415 &rarr; <strong>1406</strong><br />(-9 for losing)
|c|☆SwampAlt1|gg pal
|l|☆Adrift and Alone
|c|☆SwampAlt1|oh damn
