|j|☆SacredIsTesting
|j|☆thegreatestshowman
|t:|1623289492
|gametype|singles
|player|p1|SacredIsTesting|benga|
|player|p2|thegreatestshowman|pokemonranger|
|teamsize|p1|6
|teamsize|p2|6
|gen|8
|tier|[Gen 8] UU
|rated|Tournament battle
|rule|Sleep Clause Mod: Limit one foe put to sleep
|rule|Species Clause: Limit one of each Pokémon
|rule|OHKO Clause: OHKO moves are banned
|rule|Evasion Moves Clause: Evasion moves are banned
|rule|Endless Battle Clause: Forcing endless battles is banned
|rule|HP Percentage Mod: HP is shown in percentages
|rule|Dynamax Clause: You cannot dynamax
|clearpoke
|poke|p1|Druddigon, M|
|poke|p1|Primarina, F|
|poke|p1|Mamoswine, M|
|poke|p1|Crawdaunt, F|
|poke|p1|Rotom-Heat|
|poke|p1|Slowbro-Galar, F|
|poke|p2|Heracross, M|
|poke|p2|Nihilego|
|poke|p2|Rotom-Wash|
|poke|p2|Jirachi|
|poke|p2|Salamence, M|
|poke|p2|Krookodile, F|
|teampreview
|j|+AM
|j|@Eyan
|j| A Very Gay Girl
|c|☆thegreatestshowman|hf
|c|☆SacredIsTesting|u2
|
|t:|1623289507
|start
|switch|p1a: no more stall|Druddigon, M|100/100
|switch|p2a: Salamence|Salamence, M|100/100
|-ability|p2a: Salamence|Intimidate|boost
|-unboost|p1a: no more stall|atk|1
|turn|1
|
|t:|1623289513
|move|p2a: Salamence|Draco Meteor|p1a: no more stall|[miss]
|-miss|p2a: Salamence|p1a: no more stall
|move|p1a: no more stall|Glare|p2a: Salamence
|-status|p2a: Salamence|par
|
|upkeep
|turn|2
|
|t:|1623289522
|move|p2a: Salamence|Draco Meteor|p1a: no more stall
|-supereffective|p1a: no more stall
|-damage|p1a: no more stall|0 fnt
|-unboost|p2a: Salamence|spa|2
|faint|p1a: no more stall
|
|upkeep
|
|t:|1623289525
|switch|p1a: Crawfish|Crawdaunt, F|100/100
|turn|3
|
|t:|1623289535
|move|p2a: Salamence|Draco Meteor|p1a: Crawfish
|-damage|p1a: Crawfish|51/100
|-unboost|p2a: Salamence|spa|2
|move|p1a: Crawfish|Knock Off|p2a: Salamence
|-damage|p2a: Salamence|16/100 par
|-enditem|p2a: Salamence|Heavy-Duty Boots|[from] move: Knock Off|[of] p1a: Crawfish
|
|upkeep
|turn|4
|
|t:|1623289543
|move|p2a: Salamence|Roost|p2a: Salamence
|-heal|p2a: Salamence|66/100 par
|-singleturn|p2a: Salamence|move: Roost
|move|p1a: Crawfish|Swords Dance|p1a: Crawfish
|-boost|p1a: Crawfish|atk|2
|
|upkeep
|turn|5
|j|@Cynde
|
|t:|1623289558
|cant|p2a: Salamence|par
|move|p1a: Crawfish|Knock Off|p2a: Salamence
|-damage|p2a: Salamence|0 fnt
|faint|p2a: Salamence
|
|upkeep
|
|t:|1623289563
|switch|p2a: Rotom|Rotom-Wash|100/100
|turn|6
|
|t:|1623289568
|move|p1a: Crawfish|Aqua Jet|p2a: Rotom
|-resisted|p2a: Rotom
|-damage|p2a: Rotom|73/100
|move|p2a: Rotom|Volt Switch|p1a: Crawfish
|-supereffective|p1a: Crawfish
|-damage|p1a: Crawfish|0 fnt
|faint|p1a: Crawfish
|
|t:|1623289574
|switch|p2a: Heracross|Heracross, M|100/100|[from]move: Volt Switch
|
|-status|p2a: Heracross|brn|[from] item: Flame Orb
|upkeep
|
|t:|1623289583
|switch|p1a: Meme Team|Slowbro-Galar, F, shiny|100/100
|turn|7
|j| chewtoy1337
|
|t:|1623289594
|switch|p2a: Krookodile|Krookodile, F|100/100
|-ability|p2a: Krookodile|Intimidate|boost
|-unboost|p1a: Meme Team|atk|1
|move|p1a: Meme Team|Psychic|p2a: Krookodile
|-immune|p2a: Krookodile
|
|upkeep
|turn|8
|j|@TSR
|
|t:|1623289600
|switch|p1a: Oven|Rotom-Heat, shiny|100/100
|move|p2a: Krookodile|Knock Off|p1a: Oven
|-damage|p1a: Oven|49/100
|-enditem|p1a: Oven|Heavy-Duty Boots|[from] move: Knock Off|[of] p2a: Krookodile
|
|upkeep
|turn|9
|l| chewtoy1337
|
|t:|1623289606
|switch|p2a: Nihilego|Nihilego|100/100
|move|p1a: Oven|Will-O-Wisp|p2a: Nihilego
|-status|p2a: Nihilego|brn
|
|-damage|p2a: Nihilego|94/100 brn|[from] brn
|upkeep
|turn|10
|
|t:|1623289612
|move|p2a: Nihilego|Stealth Rock|p1a: Oven
|-sidestart|p1: SacredIsTesting|move: Stealth Rock
|move|p1a: Oven|Pain Split|p2a: Nihilego
|-sethp|p2a: Nihilego|68/100 brn|[from] move: Pain Split|[silent]
|-sethp|p1a: Oven|80/100|[from] move: Pain Split
|
|-heal|p2a: Nihilego|74/100 brn|[from] item: Black Sludge
|-damage|p2a: Nihilego|68/100 brn|[from] brn
|upkeep
|turn|11
|
|t:|1623289617
|move|p2a: Nihilego|Power Gem|p1a: Oven
|-supereffective|p1a: Oven
|-damage|p1a: Oven|0 fnt
|faint|p1a: Oven
|-ability|p2a: Nihilego|Beast Boost|boost
|-boost|p2a: Nihilego|spa|1
|
|-heal|p2a: Nihilego|74/100 brn|[from] item: Black Sludge
|-damage|p2a: Nihilego|68/100 brn|[from] brn
|upkeep
|
|t:|1623289624
|switch|p1a: Got that thicky uh|Mamoswine, M|100/100
|-damage|p1a: Got that thicky uh|88/100|[from] Stealth Rock
|turn|12
|
|t:|1623289633
|move|p2a: Nihilego|Grass Knot|p1a: Got that thicky uh
|-supereffective|p1a: Got that thicky uh
|-damage|p1a: Got that thicky uh|0 fnt
|faint|p1a: Got that thicky uh
|-ability|p2a: Nihilego|Beast Boost|boost
|-boost|p2a: Nihilego|spa|1
|
|-heal|p2a: Nihilego|74/100 brn|[from] item: Black Sludge
|-damage|p2a: Nihilego|68/100 brn|[from] brn
|upkeep
|c|☆SacredIsTesting|uhh
|c|☆thegreatestshowman|gg
|l|@TSR
|inactive|Battle timer is ON: inactive players will automatically lose when time's up. (requested by thegreatestshowman)
|
|t:|1623289694
|switch|p1a: Sing|Primarina, F|100/100
|-damage|p1a: Sing|88/100|[from] Stealth Rock
|turn|13
|
|t:|1623289700
|move|p2a: Nihilego|Sludge Wave|p1a: Sing
|-supereffective|p1a: Sing
|-damage|p1a: Sing|0 fnt
|faint|p1a: Sing
|-ability|p2a: Nihilego|Beast Boost|boost
|-boost|p2a: Nihilego|spa|1
|
|-heal|p2a: Nihilego|74/100 brn|[from] item: Black Sludge
|-damage|p2a: Nihilego|68/100 brn|[from] brn
|upkeep
|
|t:|1623289702
|switch|p1a: Meme Team|Slowbro-Galar, F, shiny|100/100
|-damage|p1a: Meme Team|88/100|[from] Stealth Rock
|turn|14
|l| A Very Gay Girl
|c|☆SacredIsTesting|mega sweep time
|-activate|p1a: Meme Team|ability: Quick Draw
|
|t:|1623289712
|move|p1a: Meme Team|Flamethrower|p2a: Nihilego
|-resisted|p2a: Nihilego
|-damage|p2a: Nihilego|58/100 brn
|move|p2a: Nihilego|Power Gem|p1a: Meme Team
|-damage|p1a: Meme Team|0 fnt
|faint|p1a: Meme Team
|
|win|thegreatestshowman
|n|☆SacredIsTesting|sacredistesting
|n|☆thegreatestshowman|thegreatestshowman
|n|+AM|am
|n|+Eyan|eyan
|n|+Cynde|cynde
