|j|☆ur6ykjyj
|j|☆RIZ LA VIE
|t:|1617929088
|gametype|singles
|player|p1|ur6ykjyj|169|
|player|p2|RIZ LA VIE|shelly-gen3|
|teamsize|p1|6
|teamsize|p2|6
|gen|8
|tier|[Gen 8] UU
|rated|Tournament battle
|clearpoke
|poke|p1|Grimmsnarl, M|
|poke|p1|Krookodile, F|
|poke|p1|Thundurus, M|
|poke|p1|Kommo-o, M|
|poke|p1|Moltres-Galar|
|poke|p1|Mew|
|poke|p2|Nidoqueen, F|
|poke|p2|Kommo-o, M|
|poke|p2|Thundurus, M|
|poke|p2|Scizor, M|
|poke|p2|Amoonguss, F|
|poke|p2|Reuniclus, F|
|rule|Sleep Clause Mod: Limit one foe put to sleep
|rule|Species Clause: Limit one of each Pokémon
|rule|OHKO Clause: OHKO moves are banned
|rule|Evasion Moves Clause: Evasion moves are banned
|rule|Endless Battle Clause: Forcing endless battles is banned
|rule|HP Percentage Mod: HP is shown in percentages
|rule|Dynamax Clause: You cannot dynamax
|teampreview
|j|*Lady Monita
|inactive|Battle timer is ON: inactive players will automatically lose when time's up. (requested by ur6ykjyj)
|
|t:|1617929120
|start
|switch|p1a: Thundurus|Thundurus, M|100/100
|switch|p2a: Kommo-o|Kommo-o, M|100/100
|turn|1
|
|t:|1617929126
|switch|p2a: Reuniclus|Reuniclus, F|100/100
|move|p1a: Thundurus|Nasty Plot|p1a: Thundurus
|-boost|p1a: Thundurus|spa|2
|
|upkeep
|turn|2
|
|t:|1617929145
|move|p1a: Thundurus|Thunderbolt|p2a: Reuniclus
|-crit|p2a: Reuniclus
|-damage|p2a: Reuniclus|30/100
|move|p2a: Reuniclus|Psyshock|p1a: Thundurus
|-damage|p1a: Thundurus|42/100
|
|upkeep
|turn|3
|
|t:|1617929151
|switch|p2a: Nidoqueen|Nidoqueen, F|100/100
|move|p1a: Thundurus|Thunderbolt|p2a: Nidoqueen
|-immune|p2a: Nidoqueen
|
|upkeep
|turn|4
|
|t:|1617929155
|switch|p2a: Reuniclus|Reuniclus, F|64/100
|move|p1a: Thundurus|Psychic|p2a: Reuniclus
|-resisted|p2a: Reuniclus
|-damage|p2a: Reuniclus|50/100
|
|upkeep
|turn|5
|
|t:|1617929163
|move|p1a: Thundurus|Nasty Plot|p1a: Thundurus
|-boost|p1a: Thundurus|spa|2
|move|p2a: Reuniclus|Psyshock|p1a: Thundurus
|-damage|p1a: Thundurus|0 fnt
|faint|p1a: Thundurus
|
|upkeep
|
|t:|1617929168
|switch|p1a: Moltres|Moltres-Galar|100/100
|turn|6
|
|t:|1617929176
|switch|p2a: Thundurus|Thundurus, M|100/100
|move|p1a: Moltres|Agility|p1a: Moltres
|-boost|p1a: Moltres|spe|2
|
|upkeep
|turn|7
|
|t:|1617929182
|move|p1a: Moltres|Nasty Plot|p1a: Moltres
|-boost|p1a: Moltres|spa|2
|move|p2a: Thundurus|Thunderbolt|p1a: Moltres
|-supereffective|p1a: Moltres
|-damage|p1a: Moltres|22/100
|-status|p1a: Moltres|par
|-enditem|p1a: Moltres|Weakness Policy
|-boost|p1a: Moltres|atk|2|[from] item: Weakness Policy
|-boost|p1a: Moltres|spa|2|[from] item: Weakness Policy
|-ability|p1a: Moltres|Berserk|boost
|-boost|p1a: Moltres|spa|1
|
|upkeep
|turn|8
|
|t:|1617929189
|move|p2a: Thundurus|Thunderbolt|p1a: Moltres
|-supereffective|p1a: Moltres
|-damage|p1a: Moltres|0 fnt
|faint|p1a: Moltres
|
|upkeep
|c|☆ur6ykjyj|lol
|
|t:|1617929195
|switch|p1a: Kommo-o|Kommo-o, M|100/100
|turn|9
|
|t:|1617929200
|move|p2a: Thundurus|Psychic|p1a: Kommo-o
|-supereffective|p1a: Kommo-o
|-damage|p1a: Kommo-o|34/100
|move|p1a: Kommo-o|Substitute|p1a: Kommo-o
|-start|p1a: Kommo-o|Substitute
|-damage|p1a: Kommo-o|9/100
|-enditem|p1a: Kommo-o|Salac Berry|[eat]
|-boost|p1a: Kommo-o|spe|1|[from] item: Salac Berry
|
|upkeep
|turn|10
|
|t:|1617929206
|move|p1a: Kommo-o|Poison Jab|p2a: Thundurus
|-damage|p2a: Thundurus|62/100
|move|p2a: Thundurus|Psychic|p1a: Kommo-o
|-supereffective|p1a: Kommo-o
|-end|p1a: Kommo-o|Substitute
|
|upkeep
|turn|11
|
|t:|1617929210
|move|p1a: Kommo-o|Poison Jab|p2a: Thundurus
|-damage|p2a: Thundurus|25/100
|move|p2a: Thundurus|Psychic|p1a: Kommo-o
|-supereffective|p1a: Kommo-o
|-damage|p1a: Kommo-o|0 fnt
|faint|p1a: Kommo-o
|
|upkeep
|
|t:|1617929215
|switch|p1a: Mew|Mew|100/100
|turn|12
|
|t:|1617929222
|move|p2a: Thundurus|Thunderbolt|p1a: Mew
|-damage|p1a: Mew|60/100
|move|p1a: Mew|Cosmic Power|p1a: Mew
|-boost|p1a: Mew|def|1
|-boost|p1a: Mew|spd|1
|
|upkeep
|turn|13
|
|t:|1617929236
|move|p2a: Thundurus|U-turn|p1a: Mew
|-supereffective|p1a: Mew
|-damage|p1a: Mew|44/100
|
|t:|1617929239
|switch|p2a: Scizor|Scizor, M|100/100|[from]move: U-turn
|move|p1a: Mew|Cosmic Power|p1a: Mew
|-boost|p1a: Mew|def|1
|-boost|p1a: Mew|spd|1
|
|upkeep
|turn|14
|
|t:|1617929247
|move|p1a: Mew|Body Press|p2a: Scizor
|-damage|p2a: Scizor|55/100
|move|p2a: Scizor|Swords Dance|p2a: Scizor
|-boost|p2a: Scizor|atk|2
|
|upkeep
|turn|15
|
|t:|1617929250
|move|p2a: Scizor|Bullet Punch|p1a: Mew
|-damage|p1a: Mew|18/100
|move|p1a: Mew|Body Press|p2a: Scizor
|-damage|p2a: Scizor|8/100
|
|upkeep
|turn|16
|
|t:|1617929255
|switch|p1a: Krookodile|Krookodile, F|100/100
|-ability|p1a: Krookodile|Intimidate|boost
|-unboost|p2a: Scizor|atk|1
|move|p2a: Scizor|Bullet Punch|p1a: Krookodile
|-damage|p1a: Krookodile|32/100
|
|upkeep
|turn|17
|
|t:|1617929260
|move|p2a: Scizor|Bullet Punch|p1a: Krookodile
|-damage|p1a: Krookodile|0 fnt
|faint|p1a: Krookodile
|
|upkeep
|
|t:|1617929262
|switch|p1a: Grimmsnarl|Grimmsnarl, M|100/100
|turn|18
|
|t:|1617929265
|move|p1a: Grimmsnarl|Reflect|p1a: Grimmsnarl
|-sidestart|p1: ur6ykjyj|Reflect
|move|p2a: Scizor|Bullet Punch|p1a: Grimmsnarl
|-supereffective|p1a: Grimmsnarl
|-damage|p1a: Grimmsnarl|29/100
|
|upkeep
|turn|19
|
|t:|1617929271
|move|p2a: Scizor|Bullet Punch|p1a: Grimmsnarl
|-supereffective|p1a: Grimmsnarl
|-damage|p1a: Grimmsnarl|0 fnt
|faint|p1a: Grimmsnarl
|
|upkeep
|-message|ur6ykjyj forfeited.
|
|win|RIZ LA VIE
|n|☆ur6ykjyj|ur6ykjyj
|n|☆RIZ LA VIE|rizlavie
|n|*Lady Monita|ladymonita
|l|*Lady Monita
|l|☆ur6ykjyj
|l|☆RIZ LA VIE
