|html|<div class="broadcast-blue"><strong>[Gen 8] UU is currently suspecting Thundurus! For information on how to participate check out the <a href="https://www.smogon.com/forums/threads/np-ss-uu-stage-9-1-king-of-the-clouds.3689570/">suspect thread</a>.</strong></div>
|j|☆kingyascah
|j|☆Zephyyyr
|t:|1630796425
|gametype|singles
|player|p1|kingyascah|brock|1361
|player|p2|Zephyyyr|richboy|1554
|teamsize|p1|6
|teamsize|p2|6
|gen|8
|tier|[Gen 8] UU
|rated|
|rule|Sleep Clause Mod: Limit one foe put to sleep
|rule|Species Clause: Limit one of each Pokémon
|rule|OHKO Clause: OHKO moves are banned
|rule|Evasion Moves Clause: Evasion moves are banned
|rule|Endless Battle Clause: Forcing endless battles is banned
|rule|HP Percentage Mod: HP is shown in percentages
|rule|Dynamax Clause: You cannot dynamax
|clearpoke
|poke|p1|Ninetales-Alola, F|
|poke|p1|Nidoqueen, F|
|poke|p1|Azumarill, F|
|poke|p1|Gyarados, F|
|poke|p1|Kommo-o, M|
|poke|p1|Thundurus-Therian, M|
|poke|p2|Ribombee, M|
|poke|p2|Lycanroc-Dusk, F|
|poke|p2|Thundurus-Therian, M|
|poke|p2|Aegislash, M|
|poke|p2|Arctovish|
|poke|p2|Moltres-Galar|
|teampreview
|c|☆Zephyyyr|Hf
|inactive|Battle timer is ON: inactive players will automatically lose when time's up. (requested by kingyascah)
|c|☆kingyascah|you too
|
|t:|1630796446
|start
|switch|p1a: Ninetales|Ninetales-Alola, F|100/100
|switch|p2a: Ribombee|Ribombee, M|100/100
|-weather|Hail|[from] ability: Snow Warning|[of] p1a: Ninetales
|turn|1
|
|t:|1630796452
|move|p2a: Ribombee|Sticky Web|p1a: Ninetales
|-sidestart|p1: kingyascah|move: Sticky Web
|move|p1a: Ninetales|Aurora Veil|p1a: Ninetales
|-sidestart|p1: kingyascah|move: Aurora Veil
|
|-weather|Hail|[upkeep]
|-damage|p2a: Ribombee|94/100|[from] Hail
|upkeep
|turn|2
|
|t:|1630796460
|move|p2a: Ribombee|Moonblast|p1a: Ninetales
|-damage|p1a: Ninetales|76/100
|-unboost|p1a: Ninetales|spa|1
|move|p1a: Ninetales|Hypnosis|p2a: Ribombee
|-status|p2a: Ribombee|slp|[from] move: Hypnosis
|
|-weather|Hail|[upkeep]
|-damage|p2a: Ribombee|88/100 slp|[from] Hail
|upkeep
|turn|3
|
|t:|1630796480
|switch|p2a: Aegislash|Aegislash, M|100/100
|switch|p1a: Gyarados|Gyarados, F|100/100
|
|-weather|Hail|[upkeep]
|-damage|p1a: Gyarados|94/100|[from] Hail
|-damage|p2a: Aegislash|94/100|[from] Hail
|upkeep
|turn|4
|
|t:|1630796487
|move|p1a: Gyarados|Dragon Dance|p1a: Gyarados
|-boost|p1a: Gyarados|atk|1
|-boost|p1a: Gyarados|spe|1
|-formechange|p2a: Aegislash|Aegislash-Blade||[from] ability: Stance Change
|move|p2a: Aegislash|Shadow Ball|p1a: Gyarados
|-damage|p1a: Gyarados|62/100
|
|-weather|Hail|[upkeep]
|-damage|p1a: Gyarados|56/100|[from] Hail
|-damage|p2a: Aegislash|88/100|[from] Hail
|upkeep
|turn|5
|
|t:|1630796496
|-formechange|p2a: Aegislash|Aegislash||[from] ability: Stance Change
|move|p2a: Aegislash|King's Shield|p2a: Aegislash
|-singleturn|p2a: Aegislash|Protect
|move|p1a: Gyarados|Dragon Dance|p1a: Gyarados
|-boost|p1a: Gyarados|atk|1
|-boost|p1a: Gyarados|spe|1
|
|-weather|none
|-sideend|p1: kingyascah|move: Aurora Veil
|upkeep
|turn|6
|j| kprf
|
|t:|1630796508
|switch|p2a: Ribombee|Ribombee, M|88/100 slp
|move|p1a: Gyarados|Waterfall|p2a: Ribombee
|-damage|p2a: Ribombee|0 fnt
|faint|p2a: Ribombee
|-ability|p1a: Gyarados|Moxie|boost
|-boost|p1a: Gyarados|atk|1
|
|upkeep
|
|t:|1630796510
|switch|p2a: Lycanroc|Lycanroc-Dusk, F|100/100
|turn|7
|
|t:|1630796517
|move|p2a: Lycanroc|Accelerock|p1a: Gyarados
|-supereffective|p1a: Gyarados
|-damage|p1a: Gyarados|0 fnt
|faint|p1a: Gyarados
|-damage|p2a: Lycanroc|91/100|[from] item: Life Orb
|
|upkeep
|
|t:|1630796529
|switch|p1a: Ninetales|Ninetales-Alola, F|76/100
|-weather|Hail|[from] ability: Snow Warning|[of] p1a: Ninetales
|turn|8
|
|t:|1630796533
|move|p2a: Lycanroc|Stone Edge|p1a: Ninetales
|-supereffective|p1a: Ninetales
|-damage|p1a: Ninetales|0 fnt
|faint|p1a: Ninetales
|-damage|p2a: Lycanroc|81/100|[from] item: Life Orb
|
|-weather|Hail|[upkeep]
|-damage|p2a: Lycanroc|74/100|[from] Hail
|upkeep
|
|t:|1630796544
|switch|p1a: Kommo-o|Kommo-o, M|100/100
|-activate|p1a: Kommo-o|move: Sticky Web
|-unboost|p1a: Kommo-o|spe|1
|turn|9
|
|t:|1630796555
|switch|p2a: Moltres|Moltres-Galar|100/100
|move|p1a: Kommo-o|Clangorous Soul|p1a: Kommo-o
|-boost|p1a: Kommo-o|atk|1
|-boost|p1a: Kommo-o|def|1
|-boost|p1a: Kommo-o|spa|1
|-boost|p1a: Kommo-o|spd|1
|-boost|p1a: Kommo-o|spe|1
|-damage|p1a: Kommo-o|68/100
|-enditem|p1a: Kommo-o|Throat Spray
|-boost|p1a: Kommo-o|spa|1|[from] item: Throat Spray
|
|-weather|Hail|[upkeep]
|-damage|p1a: Kommo-o|61/100|[from] Hail
|-damage|p2a: Moltres|94/100|[from] Hail
|upkeep
|turn|10
|c| kprf|when you don't have psychic fangs
|
|t:|1630796570
|move|p1a: Kommo-o|Clangorous Soul|p1a: Kommo-o
|-boost|p1a: Kommo-o|atk|1
|-boost|p1a: Kommo-o|def|1
|-boost|p1a: Kommo-o|spa|1
|-boost|p1a: Kommo-o|spd|1
|-boost|p1a: Kommo-o|spe|1
|-damage|p1a: Kommo-o|28/100
|move|p2a: Moltres|Hurricane|p1a: Kommo-o|[miss]
|-miss|p2a: Moltres|p1a: Kommo-o
|
|-weather|Hail|[upkeep]
|-damage|p1a: Kommo-o|22/100|[from] Hail
|-damage|p2a: Moltres|88/100|[from] Hail
|upkeep
|turn|11
|c| kprf|lol
|c| kprf|and you went for the hax
|
|t:|1630796581
|move|p1a: Kommo-o|Boomburst|p2a: Moltres
|-damage|p2a: Moltres|6/100
|-ability|p2a: Moltres|Berserk|boost
|-boost|p2a: Moltres|spa|1
|move|p2a: Moltres|Hurricane|p1a: Kommo-o
|-supereffective|p1a: Kommo-o
|-damage|p1a: Kommo-o|0 fnt
|faint|p1a: Kommo-o
|
|-weather|Hail|[upkeep]
|-damage|p2a: Moltres|0 fnt|[from] Hail
|faint|p2a: Moltres
|upkeep
|c| kprf|yikes
|c| kprf|that was sad
|c|☆Zephyyyr|I do have pfangs
|inactive|Zephyyyr has 120 seconds left.
|c|☆Zephyyyr|But it dont kill
|
|t:|1630796617
|switch|p1a: Nidoqueen|Nidoqueen, F|100/100
|switch|p2a: Arctovish|Arctovish|100/100
|-activate|p1a: Nidoqueen|move: Sticky Web
|-unboost|p1a: Nidoqueen|spe|1
|turn|12
|
|t:|1630796626
|move|p2a: Arctovish|Fishious Rend|p1a: Nidoqueen
|-supereffective|p1a: Nidoqueen
|-damage|p1a: Nidoqueen|0 fnt
|faint|p1a: Nidoqueen
|
|-weather|none
|upkeep
|-message|kingyascah forfeited.
|
|win|Zephyyyr
|raw|kingyascah's rating: 1361 &rarr; <strong>1351</strong><br />(-10 for losing)
|raw|Zephyyyr's rating: 1554 &rarr; <strong>1564</strong><br />(+10 for winning)
|l|☆kingyascah
|c| kprf|lolz
