|j|☆Bobertrah
|j|☆esqimo589
|t:|1666743947
|gametype|singles
|player|p1|Bobertrah|cyclist-gen4|1414
|player|p2|esqimo589|n|1430
|teamsize|p1|6
|teamsize|p2|6
|gen|8
|tier|[Gen 8] UU
|rated|
|rule|Sleep Clause Mod: Limit one foe put to sleep
|rule|Species Clause: Limit one of each Pokémon
|rule|OHKO Clause: OHKO moves are banned
|rule|Evasion Items Clause: Evasion items are banned
|rule|Evasion Moves Clause: Evasion moves are banned
|rule|Endless Battle Clause: Forcing endless battles is banned
|rule|HP Percentage Mod: HP is shown in percentages
|rule|Dynamax Clause: You cannot dynamax
|clearpoke
|poke|p1|Durant, M|
|poke|p1|Krookodile, F|
|poke|p1|Lycanroc-Dusk, F|
|poke|p1|Primarina, M|
|poke|p1|Salamence, M|
|poke|p1|Slowbro-Galar, M|
|poke|p2|Sirfetch’d, M|
|poke|p2|Sylveon, F|
|poke|p2|Nidoqueen, F|
|poke|p2|Zarude|
|poke|p2|Scizor, F|
|poke|p2|Salamence, M|
|teampreview
|inactive|Battle timer is ON: inactive players will automatically lose when time's up. (requested by esqimo589)
|
|t:|1666743957
|start
|switch|p1a: Lycanroc|Lycanroc-Dusk, F|100/100
|switch|p2a: funne monke|Zarude|100/100
|turn|1
|
|t:|1666743963
|move|p2a: funne monke|Power Whip|p1a: Lycanroc
|-supereffective|p1a: Lycanroc
|-enditem|p1a: Lycanroc|Focus Sash
|-damage|p1a: Lycanroc|1/100
|move|p1a: Lycanroc|Swords Dance|p1a: Lycanroc
|-boost|p1a: Lycanroc|atk|2
|
|upkeep
|turn|2
|
|t:|1666743974
|switch|p2a: the duck|Sirfetch’d, M|100/100
|move|p1a: Lycanroc|Accelerock|p2a: the duck
|-resisted|p2a: the duck
|-damage|p2a: the duck|69/100
|
|upkeep
|turn|3
|
|t:|1666743979
|move|p2a: the duck|First Impression|p1a: Lycanroc
|-damage|p1a: Lycanroc|0 fnt
|faint|p1a: Lycanroc
|
|upkeep
|
|t:|1666743982
|switch|p1a: Durant|Durant, M|100/100
|turn|4
|
|t:|1666743987
|switch|p2a: whiteeyesbluedrag|Salamence, M|100/100
|-ability|p2a: whiteeyesbluedrag|Intimidate|boost
|-unboost|p1a: Durant|atk|1
|move|p1a: Durant|Hone Claws|p1a: Durant
|-boost|p1a: Durant|atk|1
|-boost|p1a: Durant|accuracy|1
|
|upkeep
|turn|5
|
|t:|1666743990
|move|p1a: Durant|Hone Claws|p1a: Durant
|-boost|p1a: Durant|atk|1
|-boost|p1a: Durant|accuracy|1
|move|p2a: whiteeyesbluedrag|Flamethrower|p1a: Durant
|-supereffective|p1a: Durant
|-crit|p1a: Durant
|-damage|p1a: Durant|0 fnt
|faint|p1a: Durant
|
|upkeep
|
|t:|1666743994
|switch|p1a: Primarina|Primarina, M|100/100
|turn|6
|-activate|p1a: Primarina|item: Quick Claw
|
|t:|1666743998
|switch|p2a: trans rights|Sylveon, F|100/100
|move|p1a: Primarina|Surf|p2a: trans rights
|-damage|p2a: trans rights|69/100
|
|-heal|p2a: trans rights|75/100|[from] item: Leftovers
|upkeep
|turn|7
|
|t:|1666744003
|switch|p1a: Slowbro|Slowbro-Galar, M|100/100
|move|p2a: trans rights|Wish|p2a: trans rights
|
|-heal|p2a: trans rights|81/100|[from] item: Leftovers
|upkeep
|turn|8
|
|t:|1666744010
|switch|p2a: the duck|Sirfetch’d, M|69/100
|move|p1a: Slowbro|Nasty Plot|p1a: Slowbro
|-boost|p1a: Slowbro|spa|2
|
|-heal|p2a: the duck|100/100|[from] move: Wish|[wisher] trans rights
|upkeep
|turn|9
|-activate|p1a: Slowbro|ability: Quick Draw
|
|t:|1666744014
|move|p1a: Slowbro|Psychic|p2a: the duck
|-supereffective|p2a: the duck
|-damage|p2a: the duck|0 fnt
|faint|p2a: the duck
|
|upkeep
|c|☆Bobertrah|Woo
|c|☆esqimo589|wow quick claw quick draw what a fun mechanic where you kill a pokemon because a 41% chance
|c|☆esqimo589|i fucking love this game
|inactive|esqimo589 has 120 seconds left.
|c|☆Bobertrah|Lol
|
|t:|1666744049
|switch|p2a: milf|Nidoqueen, F|100/100
|turn|10
|-activate|p1a: Slowbro|ability: Quick Draw
|
|t:|1666744051
|move|p1a: Slowbro|Psychic|p2a: milf
|-supereffective|p2a: milf
|-crit|p2a: milf
|-damage|p2a: milf|0 fnt
|faint|p2a: milf
|
|upkeep
|
|t:|1666744054
|switch|p2a: funne monke|Zarude|100/100
|turn|11
|
|t:|1666744059
|move|p2a: funne monke|Darkest Lariat|p1a: Slowbro
|-supereffective|p1a: Slowbro
|-damage|p1a: Slowbro|17/100
|move|p1a: Slowbro|Shell Side Arm|p2a: funne monke|[anim] Shell Side Arm Special
|-supereffective|p2a: funne monke
|-damage|p2a: funne monke|0 fnt
|-hint|Special Shell Side Arm
|faint|p2a: funne monke
|-heal|p1a: Slowbro|30/100|[from] item: Shell Bell|[of] p2: funne monke
|
|upkeep
|c|☆esqimo589|this game is so fucking un
|c|☆esqimo589|fun
|c|☆esqimo589|awesome
|c|☆esqimo589|i lost 3 mons to this shithead
|
|t:|1666744075
|switch|p2a: budget genesect|Scizor, F|100/100
|turn|12
|c|☆Bobertrah|:)
|
|t:|1666744077
|move|p2a: budget genesect|Bullet Punch|p1a: Slowbro
|-damage|p1a: Slowbro|0 fnt
|faint|p1a: Slowbro
|
|upkeep
|
|t:|1666744083
|switch|p1a: Salamence|Salamence, M|100/100
|-ability|p1a: Salamence|Intimidate|boost
|-unboost|p2a: budget genesect|atk|1
|turn|13
|c|☆esqimo589|wow there was nothing i couldve even done about it
|c|☆esqimo589|except simply accept the skill issue
|c|☆esqimo589|wow ur such a skilled player
|c|☆esqimo589|i admire how much skill you have when fishing for 41% chances
|c|☆Bobertrah|Thanks
|c|☆esqimo589|so good at the game
|inactive|esqimo589 has 120 seconds left.
|c|☆esqimo589|man i really did lose tis because of me being the worse player
|c|☆Bobertrah|I appreciate that
|c|☆esqimo589|nothing to do with the fact that i got lucked twice
|c|☆Bobertrah|No youre not bad
|
|t:|1666744132
|switch|p2a: trans rights|Sylveon, F|81/100
|move|p1a: Salamence|Flamethrower|p2a: trans rights
|-damage|p2a: trans rights|65/100
|
|-heal|p2a: trans rights|71/100|[from] item: Leftovers
|upkeep
|turn|14
|
|t:|1666744140
|move|p1a: Salamence|Focus Energy|p1a: Salamence
|-start|p1a: Salamence|move: Focus Energy
|move|p2a: trans rights|Hyper Voice|p1a: Salamence
|-supereffective|p1a: Salamence
|-damage|p1a: Salamence|8/100
|
|-heal|p2a: trans rights|77/100|[from] item: Leftovers
|upkeep
|turn|15
|
|t:|1666744144
|move|p1a: Salamence|Air Slash|p2a: trans rights
|-crit|p2a: trans rights
|-damage|p2a: trans rights|48/100
|cant|p2a: trans rights|flinch
|
|-heal|p2a: trans rights|54/100|[from] item: Leftovers
|upkeep
|turn|16
|c|☆esqimo589|wow what a fun game
|
|t:|1666744149
|move|p1a: Salamence|Air Slash|p2a: trans rights
|-crit|p2a: trans rights
|-damage|p2a: trans rights|24/100
|cant|p2a: trans rights|flinch
|
|-heal|p2a: trans rights|30/100|[from] item: Leftovers
|upkeep
|turn|17
|c|☆esqimo589|wow
|c|☆esqimo589|awesome
|c|☆Bobertrah|Salty? Yes . Bad,no
|
|t:|1666744166
|move|p2a: trans rights|Protect|p2a: trans rights
|-singleturn|p2a: trans rights|Protect
|move|p1a: Salamence|Air Slash|p2a: trans rights
|-activate|p2a: trans rights|move: Protect
|
|-heal|p2a: trans rights|37/100|[from] item: Leftovers
|upkeep
|turn|18
|
|t:|1666744169
|move|p1a: Salamence|Air Slash|p2a: trans rights
|-crit|p2a: trans rights
|-damage|p2a: trans rights|7/100
|move|p2a: trans rights|Wish|p2a: trans rights
|
|-heal|p2a: trans rights|13/100|[from] item: Leftovers
|upkeep
|turn|19
|
|t:|1666744174
|move|p2a: trans rights|Protect|p2a: trans rights
|-singleturn|p2a: trans rights|Protect
|move|p1a: Salamence|Air Slash|p2a: trans rights
|-activate|p2a: trans rights|move: Protect
|
|-heal|p2a: trans rights|63/100|[from] move: Wish|[wisher] trans rights
|-heal|p2a: trans rights|70/100|[from] item: Leftovers
|upkeep
|turn|20
|
|t:|1666744176
|move|p1a: Salamence|Air Slash|p2a: trans rights
|-crit|p2a: trans rights
|-damage|p2a: trans rights|42/100
|move|p2a: trans rights|Wish|p2a: trans rights
|
|-heal|p2a: trans rights|48/100|[from] item: Leftovers
|upkeep
|turn|21
|
|t:|1666744178
|move|p2a: trans rights|Protect|p2a: trans rights
|-singleturn|p2a: trans rights|Protect
|move|p1a: Salamence|Air Slash|p2a: trans rights
|-activate|p2a: trans rights|move: Protect
|
|-heal|p2a: trans rights|98/100|[from] move: Wish|[wisher] trans rights
|-heal|p2a: trans rights|100/100|[from] item: Leftovers
|upkeep
|turn|22
|
|t:|1666744180
|move|p1a: Salamence|Air Slash|p2a: trans rights
|-crit|p2a: trans rights
|-damage|p2a: trans rights|70/100
|move|p2a: trans rights|Wish|p2a: trans rights
|
|-heal|p2a: trans rights|76/100|[from] item: Leftovers
|upkeep
|turn|23
|
|t:|1666744183
|move|p1a: Salamence|Air Slash|p2a: trans rights
|-crit|p2a: trans rights
|-damage|p2a: trans rights|48/100
|move|p2a: trans rights|Hyper Voice|p1a: Salamence
|-supereffective|p1a: Salamence
|-damage|p1a: Salamence|0 fnt
|faint|p1a: Salamence
|
|-heal|p2a: trans rights|98/100|[from] move: Wish|[wisher] trans rights
|-heal|p2a: trans rights|100/100|[from] item: Leftovers
|upkeep
|
|t:|1666744185
|switch|p1a: Krookodile|Krookodile, F|100/100
|turn|24
|
|t:|1666744187
|move|p1a: Krookodile|Earthquake|p2a: trans rights
|-damage|p2a: trans rights|46/100
|move|p2a: trans rights|Wish|p2a: trans rights
|
|-heal|p2a: trans rights|52/100|[from] item: Leftovers
|upkeep
|turn|25
|
|t:|1666744193
|move|p2a: trans rights|Protect|p2a: trans rights
|-singleturn|p2a: trans rights|Protect
|move|p1a: Krookodile|Stone Edge|p2a: trans rights
|-activate|p2a: trans rights|move: Protect
|
|-heal|p2a: trans rights|100/100|[from] move: Wish|[wisher] trans rights
|upkeep
|turn|26
|
|t:|1666744196
|switch|p2a: whiteeyesbluedrag|Salamence, M|100/100
|-ability|p2a: whiteeyesbluedrag|Intimidate|boost
|-unboost|p1a: Krookodile|atk|1
|move|p1a: Krookodile|Earthquake|p2a: whiteeyesbluedrag
|-immune|p2a: whiteeyesbluedrag
|
|upkeep
|turn|27
|
|t:|1666744199
|move|p1a: Krookodile|Stone Edge|p2a: whiteeyesbluedrag
|-supereffective|p2a: whiteeyesbluedrag
|-damage|p2a: whiteeyesbluedrag|63/100
|move|p2a: whiteeyesbluedrag|Hurricane|p1a: Krookodile
|-damage|p1a: Krookodile|62/100
|-start|p1a: Krookodile|confusion
|
|upkeep
|turn|28
|
|t:|1666744203
|-activate|p1a: Krookodile|confusion
|-damage|p1a: Krookodile|51/100|[from] confusion
|move|p2a: whiteeyesbluedrag|Hurricane|p1a: Krookodile
|-crit|p1a: Krookodile
|-damage|p1a: Krookodile|0 fnt
|faint|p1a: Krookodile
|
|upkeep
|
|t:|1666744205
|switch|p1a: Primarina|Primarina, M|100/100
|turn|29
|-activate|p1a: Primarina|item: Quick Claw
|
|t:|1666744209
|switch|p2a: trans rights|Sylveon, F|100/100
|move|p1a: Primarina|Ice Beam|p2a: trans rights
|-damage|p2a: trans rights|81/100
|-status|p2a: trans rights|frz
|
|-heal|p2a: trans rights|88/100 frz|[from] item: Leftovers
|upkeep
|turn|30
|c|☆esqimo589|wow ur so amazing
|
|t:|1666744215
|cant|p2a: trans rights|frz
|move|p1a: Primarina|Moonblast|p2a: trans rights
|-damage|p2a: trans rights|55/100 frz
|
|-heal|p2a: trans rights|61/100 frz|[from] item: Leftovers
|upkeep
|turn|31
|-activate|p1a: Primarina|item: Quick Claw
|
|t:|1666744220
|switch|p2a: budget genesect|Scizor, F|100/100
|move|p1a: Primarina|Moonblast|p2a: budget genesect
|-resisted|p2a: budget genesect
|-damage|p2a: budget genesect|73/100
|
|upkeep
|turn|32
|c|☆Bobertrah|So generous with compliments :)
|
|t:|1666744234
|move|p2a: budget genesect|Roost|p2a: budget genesect
|-heal|p2a: budget genesect|100/100
|-singleturn|p2a: budget genesect|move: Roost
|move|p1a: Primarina|Surf|p2a: budget genesect
|-damage|p2a: budget genesect|45/100
|
|upkeep
|turn|33
|
|t:|1666744240
|move|p2a: budget genesect|Roost|p2a: budget genesect
|-heal|p2a: budget genesect|96/100
|-singleturn|p2a: budget genesect|move: Roost
|move|p1a: Primarina|Surf|p2a: budget genesect
|-damage|p2a: budget genesect|40/100
|
|upkeep
|turn|34
|
|t:|1666744246
|switch|p2a: whiteeyesbluedrag|Salamence, M|63/100
|-ability|p2a: whiteeyesbluedrag|Intimidate|boost
|-unboost|p1a: Primarina|atk|1
|move|p1a: Primarina|Surf|p2a: whiteeyesbluedrag
|-resisted|p2a: whiteeyesbluedrag
|-damage|p2a: whiteeyesbluedrag|35/100
|
|upkeep
|turn|35
|
|t:|1666744250
|move|p2a: whiteeyesbluedrag|Hurricane|p1a: Primarina|[miss]
|-miss|p2a: whiteeyesbluedrag|p1a: Primarina
|move|p1a: Primarina|Ice Beam|p2a: whiteeyesbluedrag
|-supereffective|p2a: whiteeyesbluedrag
|-crit|p2a: whiteeyesbluedrag
|-damage|p2a: whiteeyesbluedrag|0 fnt
|faint|p2a: whiteeyesbluedrag
|
|upkeep
|
|t:|1666744251
|switch|p2a: budget genesect|Scizor, F|40/100
|turn|36
|
|t:|1666744254
|move|p2a: budget genesect|Bullet Punch|p1a: Primarina
|-damage|p1a: Primarina|68/100
|move|p1a: Primarina|Surf|p2a: budget genesect
|-damage|p2a: budget genesect|0 fnt
|faint|p2a: budget genesect
|
|upkeep
|
|t:|1666744256
|switch|p2a: trans rights|Sylveon, F|61/100 frz
|turn|37
|
|t:|1666744258
|cant|p2a: trans rights|frz
|move|p1a: Primarina|Moonblast|p2a: trans rights
|-damage|p2a: trans rights|30/100 frz
|
|-heal|p2a: trans rights|37/100 frz|[from] item: Leftovers
|upkeep
|turn|38
|
|t:|1666744260
|cant|p2a: trans rights|frz
|move|p1a: Primarina|Moonblast|p2a: trans rights
|-damage|p2a: trans rights|6/100 frz
|-unboost|p2a: trans rights|spa|1
|
|-heal|p2a: trans rights|12/100 frz|[from] item: Leftovers
|upkeep
|turn|39
|
|t:|1666744261
|cant|p2a: trans rights|frz
|move|p1a: Primarina|Moonblast|p2a: trans rights
|-damage|p2a: trans rights|0 fnt
|faint|p2a: trans rights
|
|win|Bobertrah
|raw|Bobertrah's rating: 1414 &rarr; <strong>1435</strong><br />(+21 for winning)
|raw|esqimo589's rating: 1430 &rarr; <strong>1409</strong><br />(-21 for losing)
|c|☆Bobertrah|:)
||Ladder isn't responding, score probably updated but might not have (Request timeout).
|c|☆Bobertrah|I had a good time
