|j|☆amogusroxyrrrr
|j|☆esqimo589
|t:|1662914273
|gametype|singles
|player|p1|amogusroxyrrrr|scientistf|
|player|p2|esqimo589|n|
|teamsize|p1|6
|teamsize|p2|6
|gen|8
|tier|[Gen 8] UU
|rule|Sleep Clause Mod: Limit one foe put to sleep
|rule|Species Clause: Limit one of each Pokémon
|rule|OHKO Clause: OHKO moves are banned
|rule|Evasion Items Clause: Evasion items are banned
|rule|Evasion Moves Clause: Evasion moves are banned
|rule|Endless Battle Clause: Forcing endless battles is banned
|rule|HP Percentage Mod: HP is shown in percentages
|rule|Dynamax Clause: You cannot dynamax
|clearpoke
|poke|p1|Regice|
|poke|p1|Salamence, M|
|poke|p1|Jirachi|
|poke|p1|Hippowdon, M|
|poke|p1|Tangrowth, F|
|poke|p1|Diggersby, M|
|poke|p2|Politoed, M|
|poke|p2|Klefki, F|
|poke|p2|Kingdra, F|
|poke|p2|Azumarill, M|
|poke|p2|Amoonguss, M|
|poke|p2|Thundurus-Therian, M|
|teampreview
|inactive|Battle timer is ON: inactive players will automatically lose when time's up. (requested by esqimo589)
|
|t:|1662914298
|start
|switch|p1a: flinch by inch|Jirachi|100/100
|switch|p2a: Politoed|Politoed, M|100/100
|-weather|RainDance|[from] ability: Drizzle|[of] p2a: Politoed
|turn|1
|c|☆esqimo589|i think that nick is meant to be inch by flinch
|c|☆amogusroxyrrrr|pif named it not me
|c|☆esqimo589|oh
|inactive|esqimo589 has 270 seconds left.
|c|☆esqimo589|i wouldve thought pif would name it inch by flinch
|c|☆amogusroxyrrrr|so :shrug:
|
|t:|1662914336
|switch|p2a: Azumarill|Azumarill, M|100/100
|move|p1a: flinch by inch|U-turn|p2a: Azumarill
|-resisted|p2a: Azumarill
|-damage|p2a: Azumarill|91/100
|c|☆amogusroxyrrrr|same but i think he just wanted t o be funny
|
|t:|1662914344
|switch|p1a: hip(pos) dont lie|Hippowdon, M|100/100|[from]move: U-turn
|-weather|Sandstorm|[from] ability: Sand Stream|[of] p1a: hip(pos) dont lie
|
|-weather|Sandstorm|[upkeep]
|-damage|p2a: Azumarill|85/100|[from] Sandstorm
|upkeep
|turn|2
|
|t:|1662914354
|switch|p1a: tang ur wang|Tangrowth, F|100/100
|move|p2a: Azumarill|Liquidation|p1a: tang ur wang
|-resisted|p1a: tang ur wang
|-damage|p1a: tang ur wang|77/100
|
|-weather|Sandstorm|[upkeep]
|-damage|p2a: Azumarill|79/100|[from] Sandstorm
|-damage|p1a: tang ur wang|71/100|[from] Sandstorm
|upkeep
|turn|3
|inactive|esqimo589 has 270 seconds left.
|
|t:|1662914374
|switch|p2a: Klefki|Klefki, F|100/100
|move|p1a: tang ur wang|Knock Off|p2a: Klefki
|-resisted|p2a: Klefki
|-damage|p2a: Klefki|92/100
|-enditem|p2a: Klefki|Damp Rock|[from] move: Knock Off|[of] p1a: tang ur wang
|
|-weather|Sandstorm|[upkeep]
|-damage|p1a: tang ur wang|65/100|[from] Sandstorm
|upkeep
|turn|4
|
|t:|1662914392
|move|p2a: Klefki|Thunder Wave|p1a: tang ur wang|[miss]
|-miss|p2a: Klefki|p1a: tang ur wang
|move|p1a: tang ur wang|Earthquake|p2a: Klefki
|-supereffective|p2a: Klefki
|-damage|p2a: Klefki|54/100
|
|-weather|Sandstorm|[upkeep]
|-damage|p1a: tang ur wang|58/100|[from] Sandstorm
|upkeep
|turn|5
|
|t:|1662914407
|switch|p2a: Politoed|Politoed, M|100/100
|-weather|RainDance|[from] ability: Drizzle|[of] p2a: Politoed
|switch|p1a: merits a carrot?|Diggersby, M|100/100
|
|-weather|RainDance|[upkeep]
|upkeep
|turn|6
|
|t:|1662914413
|move|p1a: merits a carrot?|U-turn|p2a: Politoed
|-damage|p2a: Politoed|67/100
|
|t:|1662914415
|switch|p1a: hip(pos) dont lie|Hippowdon, M|100/100|[from]move: U-turn
|-weather|Sandstorm|[from] ability: Sand Stream|[of] p1a: hip(pos) dont lie
|move|p2a: Politoed|Toxic|p1a: hip(pos) dont lie
|-status|p1a: hip(pos) dont lie|tox
|
|-weather|Sandstorm|[upkeep]
|-damage|p2a: Politoed|61/100|[from] Sandstorm
|-damage|p1a: hip(pos) dont lie|94/100 tox|[from] psn
|upkeep
|turn|7
|c|☆amogusroxyrrrr|man i wish uu had pelipper
|c|☆amogusroxyrrrr|i tried rain
|c|☆amogusroxyrrrr|hated toed
|c|☆esqimo589|i forgot to put a move on thundurus
|inactive|esqimo589 has 270 seconds left.
|inactive|amogusroxyrrrr has 270 seconds left.
|c|☆amogusroxyrrrr|is it 3/4
|
|t:|1662914462
|switch|p2a: Klefki|Klefki, F|54/100
|move|p1a: hip(pos) dont lie|Toxic|p2a: Klefki
|-immune|p2a: Klefki
|
|-weather|Sandstorm|[upkeep]
|-heal|p1a: hip(pos) dont lie|100/100 tox|[from] item: Leftovers
|-damage|p1a: hip(pos) dont lie|88/100 tox|[from] psn
|upkeep
|turn|8
|inactive|esqimo589 has 270 seconds left.
|c|☆esqimo589|no i just forgot that it got that move
|c|☆esqimo589|thats good
|c|☆amogusroxyrrrr|i meant to click rocks
|c|☆amogusroxyrrrr|a
|
|t:|1662914479
|switch|p2a: Politoed|Politoed, M|61/100
|-weather|RainDance|[from] ability: Drizzle|[of] p2a: Politoed
|switch|p1a: jim|Regice, shiny|100/100
|
|-weather|RainDance|[upkeep]
|upkeep
|turn|9
|
|t:|1662914497
|switch|p2a: Azumarill|Azumarill, M|79/100
|switch|p1a: hip(pos) dont lie|Hippowdon, M|88/100 tox
|-weather|Sandstorm|[from] ability: Sand Stream|[of] p1a: hip(pos) dont lie
|
|-weather|Sandstorm|[upkeep]
|-damage|p2a: Azumarill|73/100|[from] Sandstorm
|-heal|p1a: hip(pos) dont lie|94/100 tox|[from] item: Leftovers
|-damage|p1a: hip(pos) dont lie|88/100 tox|[from] psn
|upkeep
|turn|10
|
|t:|1662914503
|switch|p1a: tang ur wang|Tangrowth, F|92/100
|move|p2a: Azumarill|Ice Punch|p1a: tang ur wang
|-supereffective|p1a: tang ur wang
|-damage|p1a: tang ur wang|33/100
|
|-weather|Sandstorm|[upkeep]
|-damage|p2a: Azumarill|66/100|[from] Sandstorm
|-damage|p1a: tang ur wang|26/100|[from] Sandstorm
|upkeep
|turn|11
|inactive|esqimo589 has 270 seconds left.
|c|☆amogusroxyrrrr|ow
|
|t:|1662914514
|switch|p2a: Politoed|Politoed, M|61/100
|-weather|RainDance|[from] ability: Drizzle|[of] p2a: Politoed
|switch|p1a: flinch by inch|Jirachi|100/100
|
|-weather|RainDance|[upkeep]
|upkeep
|turn|12
|
|t:|1662914519
|switch|p2a: Amoonguss|Amoonguss, M|100/100
|move|p1a: flinch by inch|Wish|p1a: flinch by inch
|
|-weather|RainDance|[upkeep]
|upkeep
|turn|13
|c|☆amogusroxyrrrr|sleep me
|c|☆amogusroxyrrrr|i dare you
|
|t:|1662914531
|switch|p2a: Klefki|Klefki, F|54/100
|move|p1a: flinch by inch|U-turn|p2a: Klefki
|-resisted|p2a: Klefki
|-damage|p2a: Klefki|51/100
|
|t:|1662914536
|switch|p1a: hip(pos) dont lie|Hippowdon, M|88/100 tox|[from]move: U-turn
|-weather|Sandstorm|[from] ability: Sand Stream|[of] p1a: hip(pos) dont lie
|
|-weather|Sandstorm|[upkeep]
|-heal|p1a: hip(pos) dont lie|100/100 tox|[from] move: Wish|[wisher] flinch by inch
|-damage|p1a: hip(pos) dont lie|94/100 tox|[from] psn
|upkeep
|turn|14
|
|t:|1662914546
|move|p2a: Klefki|Spikes|p1a: hip(pos) dont lie
|-sidestart|p1: amogusroxyrrrr|Spikes
|move|p1a: hip(pos) dont lie|Stealth Rock|p2a: Klefki
|-sidestart|p2: esqimo589|move: Stealth Rock
|
|-weather|Sandstorm|[upkeep]
|-heal|p1a: hip(pos) dont lie|100/100 tox|[from] item: Leftovers
|-damage|p1a: hip(pos) dont lie|88/100 tox|[from] psn
|upkeep
|turn|15
|
|t:|1662914554
|move|p2a: Klefki|Defog|p1a: hip(pos) dont lie
|-unboost|p1a: hip(pos) dont lie|evasion|1
|-sideend|p1: amogusroxyrrrr|Spikes|[from] move: Defog|[of] p2a: Klefki
|-sideend|p2: esqimo589|Stealth Rock|[from] move: Defog|[of] p2a: Klefki
|move|p1a: hip(pos) dont lie|Earthquake|p2a: Klefki
|-supereffective|p2a: Klefki
|-damage|p2a: Klefki|0 fnt
|faint|p2a: Klefki
|
|-weather|Sandstorm|[upkeep]
|-heal|p1a: hip(pos) dont lie|94/100 tox|[from] item: Leftovers
|-damage|p1a: hip(pos) dont lie|76/100 tox|[from] psn
|upkeep
|
|t:|1662914559
|switch|p2a: Azumarill|Azumarill, M|66/100
|turn|16
|
|t:|1662914567
|switch|p1a: flinch by inch|Jirachi|100/100
|move|p2a: Azumarill|Liquidation|p1a: flinch by inch
|-damage|p1a: flinch by inch|38/100
|
|-weather|Sandstorm|[upkeep]
|-damage|p2a: Azumarill|60/100|[from] Sandstorm
|-heal|p1a: flinch by inch|44/100|[from] item: Leftovers
|upkeep
|turn|17
|
|t:|1662914584
|switch|p1a: tang ur wang|Tangrowth, F|60/100
|move|p2a: Azumarill|Liquidation|p1a: tang ur wang
|-resisted|p1a: tang ur wang
|-crit|p1a: tang ur wang
|-damage|p1a: tang ur wang|22/100
|
|-weather|none
|upkeep
|turn|18
|c|☆esqimo589|liquidATion
|
|t:|1662914591
|switch|p1a: airy scary|Salamence, M|100/100
|-ability|p1a: airy scary|Intimidate|boost
|-unboost|p2a: Azumarill|atk|1
|move|p2a: Azumarill|Liquidation|p1a: airy scary
|-resisted|p1a: airy scary
|-damage|p1a: airy scary|74/100
|
|upkeep
|turn|19
|
|t:|1662914598
|switch|p1a: tang ur wang|Tangrowth, F|55/100
|switch|p2a: Politoed|Politoed, M|61/100
|-weather|RainDance|[from] ability: Drizzle|[of] p2a: Politoed
|
|-weather|RainDance|[upkeep]
|upkeep
|turn|20
|
|t:|1662914624
|switch|p2a: Amoonguss|Amoonguss, M|100/100
|switch|p1a: hip(pos) dont lie|Hippowdon, M|76/100 tox
|-weather|Sandstorm|[from] ability: Sand Stream|[of] p1a: hip(pos) dont lie
|
|-weather|Sandstorm|[upkeep]
|-damage|p2a: Amoonguss|94/100|[from] Sandstorm
|-heal|p1a: hip(pos) dont lie|82/100 tox|[from] item: Leftovers
|-damage|p1a: hip(pos) dont lie|76/100 tox|[from] psn
|upkeep
|turn|21
|
|t:|1662914635
|switch|p1a: jim|Regice, shiny|100/100
|switch|p2a: Politoed|Politoed, M|61/100
|-weather|RainDance|[from] ability: Drizzle|[of] p2a: Politoed
|
|-weather|RainDance|[upkeep]
|upkeep
|turn|22
|
|t:|1662914643
|switch|p2a: Azumarill|Azumarill, M|60/100
|move|p1a: jim|Thunderbolt|p2a: Azumarill
|-supereffective|p2a: Azumarill
|-damage|p2a: Azumarill|4/100
|
|-weather|RainDance|[upkeep]
|upkeep
|turn|23
|c|☆amogusroxyrrrr|get jimd
|
|t:|1662914651
|switch|p1a: airy scary|Salamence, M|74/100
|-ability|p1a: airy scary|Intimidate|boost
|-unboost|p2a: Azumarill|atk|1
|move|p2a: Azumarill|Liquidation|p1a: airy scary
|-resisted|p1a: airy scary
|-damage|p1a: airy scary|29/100
|
|-weather|RainDance|[upkeep]
|upkeep
|turn|24
|c|☆esqimo589|i was gonna click ice punch
|c|☆esqimo589|i was so close to clicking ice punch
|c|☆amogusroxyrrrr|shouldve
|c|☆esqimo589|you dont understand
|c|☆amogusroxyrrrr|LMAO
|
|t:|1662914676
|switch|p1a: tang ur wang|Tangrowth, F|88/100
|switch|p2a: Thundurus|Thundurus-Therian, M|100/100
|
|-weather|RainDance|[upkeep]
|upkeep
|turn|25
|inactive|esqimo589 has 270 seconds left.
|
|t:|1662914713
|switch|p2a: Politoed|Politoed, M|61/100
|move|p1a: tang ur wang|Knock Off|p2a: Politoed
|-damage|p2a: Politoed|35/100
|-enditem|p2a: Politoed|Damp Rock|[from] move: Knock Off|[of] p1a: tang ur wang
|
|-weather|RainDance|[upkeep]
|upkeep
|turn|26
|c|☆esqimo589|FUCK
|
|t:|1662914723
|move|p2a: Politoed|Toxic|p1a: tang ur wang
|-status|p1a: tang ur wang|tox
|move|p1a: tang ur wang|Power Whip|p2a: Politoed
|-supereffective|p2a: Politoed
|-damage|p2a: Politoed|0 fnt
|faint|p2a: Politoed
|
|-weather|RainDance|[upkeep]
|-damage|p1a: tang ur wang|82/100 tox|[from] psn
|upkeep
|
|t:|1662914731
|switch|p2a: Azumarill|Azumarill, M|4/100
|turn|27
|
|t:|1662914738
|switch|p1a: hip(pos) dont lie|Hippowdon, M|76/100 tox
|-weather|Sandstorm|[from] ability: Sand Stream|[of] p1a: hip(pos) dont lie
|move|p2a: Azumarill|Liquidation|p1a: hip(pos) dont lie
|-supereffective|p1a: hip(pos) dont lie
|-damage|p1a: hip(pos) dont lie|0 fnt
|faint|p1a: hip(pos) dont lie
|
|-weather|Sandstorm|[upkeep]
|-damage|p2a: Azumarill|0 fnt|[from] Sandstorm
|faint|p2a: Azumarill
|upkeep
|inactive|esqimo589 has 270 seconds left.
|
|t:|1662914747
|switch|p2a: Thundurus|Thundurus-Therian, M|100/100
|switch|p1a: flinch by inch|Jirachi|44/100
|turn|28
|
|t:|1662914754
|move|p2a: Thundurus|Thunder|p1a: flinch by inch|[miss]
|-miss|p2a: Thundurus|p1a: flinch by inch
|move|p1a: flinch by inch|Wish|p1a: flinch by inch
|
|-weather|Sandstorm|[upkeep]
|-damage|p2a: Thundurus|94/100|[from] Sandstorm
|-heal|p1a: flinch by inch|50/100|[from] item: Leftovers
|upkeep
|turn|29
|c|☆amogusroxyrrrr|miss your thunder
|c|☆amogusroxyrrrr|gotem
|
|t:|1662914764
|switch|p1a: jim|Regice, shiny|100/100
|move|p2a: Thundurus|Thunder|p1a: jim|[miss]
|-miss|p2a: Thundurus|p1a: jim
|
|-weather|Sandstorm|[upkeep]
|-damage|p2a: Thundurus|88/100|[from] Sandstorm
|-damage|p1a: jim|94/100|[from] Sandstorm
|-heal|p1a: jim|100/100|[from] move: Wish|[wisher] flinch by inch
|upkeep
|turn|30
|c|☆esqimo589|cring
|c|☆esqimo589|double cring
|
|t:|1662914773
|switch|p2a: Amoonguss|Amoonguss, M|100/100
|move|p1a: jim|Ice Beam|p2a: Amoonguss
|-supereffective|p2a: Amoonguss
|-damage|p2a: Amoonguss|41/100
|-enditem|p2a: Amoonguss|Eject Button
|c|☆amogusroxyrrrr|the second one was cringe
|
|t:|1662914779
|switch|p2a: Thundurus|Thundurus-Therian, M|88/100
|
|-weather|Sandstorm|[upkeep]
|-damage|p2a: Thundurus|82/100|[from] Sandstorm
|-damage|p1a: jim|94/100|[from] Sandstorm
|upkeep
|turn|31
|c|☆esqimo589|watch this
|
|t:|1662914785
|move|p2a: Thundurus|Weather Ball|p1a: jim
|-supereffective|p1a: jim
|-damage|p1a: jim|46/100
|move|p1a: jim|Ice Beam|p2a: Thundurus
|-supereffective|p2a: Thundurus
|-damage|p2a: Thundurus|0 fnt
|faint|p2a: Thundurus
|
|-weather|none
|upkeep
|c|☆esqimo589|:)
|
|t:|1662914793
|switch|p2a: Kingdra|Kingdra, F|100/100
|turn|32
|c|☆amogusroxyrrrr|you cannot match the power of jim.
|
|t:|1662914808
|move|p2a: Kingdra|Hydro Pump|p1a: jim|[miss]
|-miss|p2a: Kingdra|p1a: jim
|move|p1a: jim|Rest|p1a: jim
|-status|p1a: jim|slp|[from] move: Rest
|-heal|p1a: jim|100/100 slp|[silent]
|
|upkeep
|turn|33
|c|☆esqimo589|man rain sucks
|c|☆esqimo589|whu
|-message|esqimo589 forfeited.
|
|win|amogusroxyrrrr
|l|☆esqimo589
|l|☆amogusroxyrrrr
|j|☆amogusroxyrrrr
|player|p1|amogusroxyrrrr|scientistf
