|j|☆Moutemoute
|j|☆Toadow
|t:|1617046062
|player|p1|Moutemoute|#moutemoute|
|player|p2|Toadow|caitlin|
|teamsize|p1|6
|teamsize|p2|6
|gametype|singles
|gen|8
|tier|[Gen 8] UU
|clearpoke
|poke|p1|Salamence, F|
|poke|p1|Magnezone|
|poke|p1|Tangrowth, F|
|poke|p1|Krookodile, F|
|poke|p1|Slowking, F|
|poke|p1|Alakazam, M|
|poke|p2|Slowking, M|
|poke|p2|Thundurus, M|
|poke|p2|Nidoqueen, F|
|poke|p2|Scizor, F|
|poke|p2|Zarude|
|poke|p2|Kommo-o, M|
|rule|Sleep Clause Mod: Limit one foe put to sleep
|rule|Species Clause: Limit one of each Pokémon
|rule|OHKO Clause: OHKO moves are banned
|rule|Evasion Moves Clause: Evasion moves are banned
|rule|Endless Battle Clause: Forcing endless battles is banned
|rule|HP Percentage Mod: HP is shown in percentages
|rule|Dynamax Clause: You cannot dynamax
|teampreview
|j| HaxxSel
|c|☆Toadow|Hf
|j| Givranobi ☯
|j| Fathiryxi
|j| Dieu Amphibien
|j| Drafeu-kun
|j| Skyrio
|j| Astreau
|c|☆Moutemoute|hf
|j| Sharow 水上
|j| Darky~Samaa' 雷
|j| Prof.Otaku
|c| Astreau|score ?
|c|☆Moutemoute|0-1
|j| NageDroitDevantToi
|l|☆Toadow
|player|p2|
|c| Astreau|cimer
|j| Yggdrasil60
|j|☆Toadow
|player|p2|Toadow|caitlin
|j| Pepeduce
|c| Pepeduce|Mais sortez toadow du tournoi
|c| NageDroitDevantToi|il joue pas dada
|
|t:|1617046178
|start
|switch|p1a: Tangrowth|Tangrowth, F|100/100
|switch|p2a: Kommo-o|Kommo-o, M|100/100
|turn|1
|c| Pepeduce|Que le meilleur gagne
|c| NageDroitDevantToi|il mérite de lose cette game
|c| Pepeduce|(mais pas Toadow)
|j| Zenadark
|
|t:|1617046204
|switch|p1a: Slowking|Slowking, F|100/100
|move|p2a: Kommo-o|Clanging Scales|p1a: Slowking
|-damage|p1a: Slowking|43/100
|-unboost|p2a: Kommo-o|def|1
|
|upkeep
|turn|2
|c|☆Moutemoute|ah oé
|
|t:|1617046214
|switch|p1a: Magnezone|Magnezone|100/100
|move|p2a: Kommo-o|Clanging Scales|p1a: Magnezone
|-resisted|p1a: Magnezone
|-damage|p1a: Magnezone|47/100
|-unboost|p2a: Kommo-o|def|1
|
|upkeep
|turn|3
|c| Pepeduce|Omg
|c| Pepeduce|Gg
|
|t:|1617046221
|move|p2a: Kommo-o|Clanging Scales|p1a: Magnezone
|-resisted|p1a: Magnezone
|-damage|p1a: Magnezone|0 fnt
|-unboost|p2a: Kommo-o|def|1
|faint|p1a: Magnezone
|
|upkeep
|
|t:|1617046226
|switch|p1a: Alakazam|Alakazam, M|100/100
|turn|4
|
|t:|1617046234
|switch|p2a: Slowking|Slowking, M|100/100
|move|p1a: Alakazam|Knock Off|p2a: Slowking
|-supereffective|p2a: Slowking
|-damage|p2a: Slowking|74/100
|-enditem|p2a: Slowking|Heavy-Duty Boots|[from] move: Knock Off|[of] p1a: Alakazam
|
|upkeep
|turn|5
|j| Bouki
|
|t:|1617046239
|move|p1a: Alakazam|Shadow Ball|p2a: Slowking
|-supereffective|p2a: Slowking
|-damage|p2a: Slowking|25/100
|-unboost|p2a: Slowking|spd|1
|move|p2a: Slowking|Teleport|p2a: Slowking
|j| silberner wolf
|
|t:|1617046244
|switch|p2a: Zarude|Zarude|100/100|[from]move: Teleport
|
|upkeep
|turn|6
|
|t:|1617046249
|switch|p1a: Tangrowth|Tangrowth, F|100/100
|move|p2a: Zarude|U-turn|p1a: Tangrowth
|-supereffective|p1a: Tangrowth
|-damage|p1a: Tangrowth|76/100
|-enditem|p1a: Tangrowth|Eject Button
|
|t:|1617046269
|switch|p1a: Salamence|Salamence, F|100/100
|
|upkeep
|turn|7
|
|t:|1617046276
|move|p2a: Zarude|U-turn|p1a: Salamence
|-resisted|p1a: Salamence
|-damage|p1a: Salamence|87/100
|
|t:|1617046283
|switch|p2a: Scizor|Scizor, F|100/100|[from]move: U-turn
|move|p1a: Salamence|Dragon Dance|p1a: Salamence
|-boost|p1a: Salamence|atk|1
|-boost|p1a: Salamence|spe|1
|
|upkeep
|turn|8
|
|t:|1617046288
|move|p2a: Scizor|Bullet Punch|p1a: Salamence
|-damage|p1a: Salamence|47/100
|move|p1a: Salamence|Dual Wingbeat|p2a: Scizor
|-crit|p2a: Scizor
|-damage|p2a: Scizor|53/100
|-damage|p2a: Scizor|22/100
|-hitcount|p2a: Scizor|2
|
|upkeep
|turn|9
|
|t:|1617046313
|move|p2a: Scizor|Bullet Punch|p1a: Salamence
|-damage|p1a: Salamence|9/100
|move|p1a: Salamence|Earthquake|p2a: Scizor
|-crit|p2a: Scizor
|-damage|p2a: Scizor|0 fnt
|faint|p2a: Scizor
|-ability|p1a: Salamence|Moxie|boost
|-boost|p1a: Salamence|atk|1
|
|upkeep
|j| trichotomy
|
|t:|1617046318
|switch|p2a: Zarude|Zarude|100/100
|turn|10
|
|t:|1617046323
|switch|p1a: Tangrowth|Tangrowth, F|100/100
|move|p2a: Zarude|U-turn|p1a: Tangrowth
|-supereffective|p1a: Tangrowth
|-damage|p1a: Tangrowth|75/100
|
|t:|1617046325
|switch|p2a: Kommo-o|Kommo-o, M|100/100|[from]move: U-turn
|
|upkeep
|turn|11
|
|t:|1617046334
|switch|p1a: Krookodile|Krookodile, F|100/100
|-ability|p1a: Krookodile|Intimidate|boost
|-unboost|p2a: Kommo-o|atk|1
|move|p2a: Kommo-o|Clanging Scales|p1a: Krookodile
|-damage|p1a: Krookodile|0 fnt
|-unboost|p2a: Kommo-o|def|1
|faint|p1a: Krookodile
|
|upkeep
|j| 9997truc
|
|t:|1617046339
|switch|p1a: Alakazam|Alakazam, M|100/100
|turn|12
|
|t:|1617046344
|switch|p2a: Thundurus|Thundurus, M|100/100
|move|p1a: Alakazam|Dazzling Gleam|p2a: Thundurus
|-damage|p2a: Thundurus|47/100
|
|upkeep
|turn|13
|j| Nonante huit
|
|t:|1617046353
|move|p1a: Alakazam|Dazzling Gleam|p2a: Thundurus
|-damage|p2a: Thundurus|0 fnt
|faint|p2a: Thundurus
|
|upkeep
|
|t:|1617046356
|switch|p2a: Zarude|Zarude|100/100
|turn|14
|
|t:|1617046359
|move|p2a: Zarude|U-turn|p1a: Alakazam
|-supereffective|p1a: Alakazam
|-damage|p1a: Alakazam|0 fnt
|faint|p1a: Alakazam
|l| trichotomy
|j| trichotomy
|
|t:|1617046371
|switch|p2a: Slowking|Slowking, M|58/100|[from]move: U-turn
|
|upkeep
|l| Pepeduce
|
|t:|1617046385
|switch|p1a: Salamence|Salamence, F|9/100
|turn|15
|j| Le panda chill
|j| Pepeduce
|
|t:|1617046413
|move|p1a: Salamence|Outrage|p2a: Slowking
|-damage|p2a: Slowking|0 fnt
|faint|p2a: Slowking
|-ability|p1a: Salamence|Moxie|boost
|-boost|p1a: Salamence|atk|1
|
|upkeep
|
|t:|1617046428
|switch|p2a: Zarude|Zarude|100/100
|turn|16
|j| Ak-zud
|
|t:|1617046433
|move|p2a: Zarude|U-turn|p1a: Salamence
|-resisted|p1a: Salamence
|-damage|p1a: Salamence|0 fnt
|faint|p1a: Salamence
|
|t:|1617046435
|switch|p2a: Kommo-o|Kommo-o, M|100/100|[from]move: U-turn
|
|upkeep
|
|t:|1617046438
|switch|p1a: Slowking|Slowking, F|76/100
|turn|17
|l| Fathiryxi
|
|t:|1617046442
|move|p2a: Kommo-o|Clanging Scales|p1a: Slowking
|-damage|p1a: Slowking|16/100
|-unboost|p2a: Kommo-o|def|1
|move|p1a: Slowking|Slack Off|p1a: Slowking
|-heal|p1a: Slowking|66/100
|
|upkeep
|turn|18
|
|t:|1617046449
|move|p2a: Kommo-o|Clanging Scales|p1a: Slowking
|-damage|p1a: Slowking|12/100
|-unboost|p2a: Kommo-o|def|1
|move|p1a: Slowking|Slack Off|p1a: Slowking
|-heal|p1a: Slowking|62/100
|
|upkeep
|turn|19
|
|t:|1617046461
|switch|p2a: Zarude|Zarude|100/100
|move|p1a: Slowking|Slack Off|p1a: Slowking
|-heal|p1a: Slowking|100/100
|
|upkeep
|turn|20
|l| 9997truc
|
|t:|1617046467
|move|p2a: Zarude|U-turn|p1a: Slowking
|-supereffective|p1a: Slowking
|-damage|p1a: Slowking|62/100
|
|t:|1617046469
|switch|p2a: Kommo-o|Kommo-o, M|100/100|[from]move: U-turn
|move|p1a: Slowking|Teleport|p1a: Slowking
|
|t:|1617046472
|switch|p1a: Tangrowth|Tangrowth, F|100/100|[from]move: Teleport
|
|upkeep
|turn|21
|
|t:|1617046476
|switch|p1a: Slowking|Slowking, F|95/100
|move|p2a: Kommo-o|Clanging Scales|p1a: Slowking
|-damage|p1a: Slowking|36/100
|-unboost|p2a: Kommo-o|def|1
|
|upkeep
|turn|22
|
|t:|1617046482
|switch|p1a: Tangrowth|Tangrowth, F|100/100
|move|p2a: Kommo-o|Clanging Scales|p1a: Tangrowth
|-damage|p1a: Tangrowth|0 fnt
|-unboost|p2a: Kommo-o|def|1
|faint|p1a: Tangrowth
|
|upkeep
|
|t:|1617046486
|switch|p1a: Slowking|Slowking, F|69/100
|turn|23
|
|t:|1617046488
|switch|p2a: Nidoqueen|Nidoqueen, F|100/100
|move|p1a: Slowking|Scald|p2a: Nidoqueen
|-supereffective|p2a: Nidoqueen
|-damage|p2a: Nidoqueen|35/100
|
|upkeep
|turn|24
|j| tlenit
|
|t:|1617046491
|move|p2a: Nidoqueen|Sludge Wave|p1a: Slowking
|-damage|p1a: Slowking|23/100
|move|p1a: Slowking|Slack Off|p1a: Slowking
|-heal|p1a: Slowking|73/100
|
|upkeep
|turn|25
|
|t:|1617046494
|move|p2a: Nidoqueen|Sludge Wave|p1a: Slowking
|-damage|p1a: Slowking|25/100
|move|p1a: Slowking|Slack Off|p1a: Slowking
|-heal|p1a: Slowking|75/100
|
|upkeep
|turn|26
|
|t:|1617046496
|move|p2a: Nidoqueen|Sludge Wave|p1a: Slowking
|-damage|p1a: Slowking|29/100
|move|p1a: Slowking|Slack Off|p1a: Slowking
|-heal|p1a: Slowking|79/100
|
|upkeep
|turn|27
|
|t:|1617046497
|move|p2a: Nidoqueen|Sludge Wave|p1a: Slowking
|-damage|p1a: Slowking|30/100
|move|p1a: Slowking|Slack Off|p1a: Slowking
|-heal|p1a: Slowking|80/100
|
|upkeep
|turn|28
|
|t:|1617046499
|move|p2a: Nidoqueen|Sludge Wave|p1a: Slowking
|-damage|p1a: Slowking|30/100
|move|p1a: Slowking|Slack Off|p1a: Slowking
|-heal|p1a: Slowking|80/100
|
|upkeep
|turn|29
|
|t:|1617046500
|move|p2a: Nidoqueen|Sludge Wave|p1a: Slowking
|-crit|p1a: Slowking
|-damage|p1a: Slowking|11/100
|move|p1a: Slowking|Slack Off|p1a: Slowking
|-heal|p1a: Slowking|61/100
|
|upkeep
|turn|30
|l| Pepeduce
|
|t:|1617046502
|move|p2a: Nidoqueen|Sludge Wave|p1a: Slowking
|-damage|p1a: Slowking|18/100
|move|p1a: Slowking|Slack Off|p1a: Slowking
|-heal|p1a: Slowking|68/100
|
|upkeep
|turn|31
|
|t:|1617046504
|move|p2a: Nidoqueen|Sludge Wave|p1a: Slowking
|-damage|p1a: Slowking|24/100
|move|p1a: Slowking|Slack Off|p1a: Slowking
|-heal|p1a: Slowking|74/100
|
|upkeep
|turn|32
|
|t:|1617046507
|move|p2a: Nidoqueen|Sludge Wave|p1a: Slowking
|-damage|p1a: Slowking|30/100
|move|p1a: Slowking|Scald|p2a: Nidoqueen
|-supereffective|p2a: Nidoqueen
|-damage|p2a: Nidoqueen|0 fnt
|faint|p2a: Nidoqueen
|
|upkeep
|
|t:|1617046508
|switch|p2a: Zarude|Zarude|100/100
|turn|33
|j| Pepeduce
|
|t:|1617046511
|move|p2a: Zarude|Darkest Lariat|p1a: Slowking
|-supereffective|p1a: Slowking
|-damage|p1a: Slowking|0 fnt
|faint|p1a: Slowking
|
|win|Toadow
|c|☆Toadow|Gg
|l| Sharow 水上
|j| laevin ㋛
|l| Pepeduce
|l| trichotomy
|l|☆Moutemoute
|l| Yggdrasil60
|l| Dieu Amphibien
|l| Skyrio
|l| Astreau
|j| Salt on me
|l| Givranobi ☯
|j| Rubyblood
|l| Bouki
|l| Le panda chill
|l| Ak-zud
|j| S-arcobaleno
|l| Nonante huit
|l| Rubyblood
|l| tlenit
|j| Daboudidabouda
|l| Daboudidabouda
|l| Darky~Samaa' 雷
|l| Prof.Otaku
|j| Pepeduce
|l| Zenadark
|l| Pepeduce
|j| Pepeduce
|l| Pepeduce
|j|+LaBalladeDesCieux
|j| AzZoCcX
|l| AzZoCcX
|l| Salt on me
|j| AzZoCcX
|l| AzZoCcX
|l| laevin ㋛
|l| HaxxSel
|l| S-arcobaleno
|j| TT Goodra1
|l| TT Goodra1
|j| Hamblouk Abdel
|l| Hamblouk Abdel
|l| Drafeu-kun
|j| Phantom of skriel
|l| Phantom of skriel
