|j|☆Eternally_Haxxed
|j|☆pokemonisfun
|t:|1666841600
|gametype|singles
|player|p1|Eternally_Haxxed|steven|1500
|player|p2|pokemonisfun|#uutrio2ladder|1796
|teamsize|p1|6
|teamsize|p2|6
|gen|8
|tier|[Gen 8] UU
|rated|
|rule|Sleep Clause Mod: Limit one foe put to sleep
|rule|Species Clause: Limit one of each Pokémon
|rule|OHKO Clause: OHKO moves are banned
|rule|Evasion Items Clause: Evasion items are banned
|rule|Evasion Moves Clause: Evasion moves are banned
|rule|Endless Battle Clause: Forcing endless battles is banned
|rule|HP Percentage Mod: HP is shown in percentages
|rule|Dynamax Clause: You cannot dynamax
|clearpoke
|poke|p1|Incineroar, M|
|poke|p1|Primarina, F|
|poke|p1|Salamence, F|
|poke|p1|Skarmory, M|
|poke|p1|Chansey, F|
|poke|p1|Seismitoad, M|
|poke|p2|Regice|
|poke|p2|Jirachi|
|poke|p2|Swampert, M|
|poke|p2|Salamence, F|
|poke|p2|Hydreigon, M|
|poke|p2|Conkeldurr, M|
|teampreview
|
|t:|1666841638
|start
|switch|p1a: Incineroar|Incineroar, M|100/100
|switch|p2a: jim's pet|Swampert, M|100/100
|-ability|p1a: Incineroar|Intimidate|boost
|-unboost|p2a: jim's pet|atk|1
|turn|1
|
|t:|1666841659
|move|p1a: Incineroar|Toxic|p2a: jim's pet
|-status|p2a: jim's pet|tox
|move|p2a: jim's pet|Toxic|p1a: Incineroar|[miss]
|-miss|p2a: jim's pet|p1a: Incineroar
|
|-damage|p2a: jim's pet|94/100 tox|[from] psn
|upkeep
|turn|2
|inactive|Battle timer is ON: inactive players will automatically lose when time's up. (requested by Eternally_Haxxed)
|
|t:|1666841669
|move|p1a: Incineroar|Knock Off|p2a: jim's pet
|-damage|p2a: jim's pet|67/100 tox
|-enditem|p2a: jim's pet|Leftovers|[from] move: Knock Off|[of] p1a: Incineroar
|move|p2a: jim's pet|Stealth Rock|p1a: Incineroar
|-sidestart|p1: Eternally_Haxxed|move: Stealth Rock
|
|-damage|p2a: jim's pet|54/100 tox|[from] psn
|upkeep
|turn|3
|
|t:|1666841682
|move|p1a: Incineroar|Parting Shot|p2a: jim's pet
|-unboost|p2a: jim's pet|atk|1
|-unboost|p2a: jim's pet|spa|1
|
|t:|1666841686
|switch|p1a: Chansey|Chansey, F|100/100|[from]move: Parting Shot
|-damage|p1a: Chansey|88/100|[from] Stealth Rock
|move|p2a: jim's pet|Flip Turn|p1a: Chansey
|-damage|p1a: Chansey|80/100
|
|t:|1666841693
|switch|p2a: jim's guard|Conkeldurr, M|100/100|[from]move: Flip Turn
|
|-status|p2a: jim's guard|brn|[from] item: Flame Orb
|upkeep
|turn|4
|
|t:|1666841717
|switch|p1a: Salamence|Salamence, F|100/100
|-ability|p1a: Salamence|Intimidate|boost
|-unboost|p2a: jim's guard|atk|1
|move|p2a: jim's guard|Knock Off|p1a: Salamence
|-damage|p1a: Salamence|72/100
|-enditem|p1a: Salamence|Heavy-Duty Boots|[from] move: Knock Off|[of] p2a: jim's guard
|
|-damage|p2a: jim's guard|94/100 brn|[from] brn
|upkeep
|turn|5
|
|t:|1666841726
|switch|p2a: jim's pillow|Jirachi|100/100
|move|p1a: Salamence|Defog|p2a: jim's pillow
|-unboost|p2a: jim's pillow|evasion|1
|-sideend|p1: Eternally_Haxxed|Stealth Rock|[from] move: Defog|[of] p1a: Salamence
|
|upkeep
|turn|6
|
|t:|1666841734
|switch|p1a: Incineroar|Incineroar, M|100/100
|-ability|p1a: Incineroar|Intimidate|boost
|-unboost|p2a: jim's pillow|atk|1
|move|p2a: jim's pillow|Wish|p2a: jim's pillow
|
|upkeep
|turn|7
|
|t:|1666841742
|move|p2a: jim's pillow|U-turn|p1a: Incineroar
|-damage|p1a: Incineroar|90/100
|
|t:|1666841751
|switch|p2a: jim's pet|Swampert, M|54/100 tox|[from]move: U-turn
|move|p1a: Incineroar|Parting Shot|p2a: jim's pet
|-unboost|p2a: jim's pet|atk|1
|-unboost|p2a: jim's pet|spa|1
|
|t:|1666841756
|switch|p1a: Primarina|Primarina, F|100/100|[from]move: Parting Shot
|
|-heal|p2a: jim's pet|100/100 tox|[from] move: Wish|[wisher] jim's pillow
|-damage|p2a: jim's pet|94/100 tox|[from] psn
|upkeep
|turn|8
|
|t:|1666841765
|move|p1a: Primarina|Substitute|p1a: Primarina
|-start|p1a: Primarina|Substitute
|-damage|p1a: Primarina|75/100
|move|p2a: jim's pet|Stealth Rock|p1a: Primarina
|-sidestart|p1: Eternally_Haxxed|move: Stealth Rock
|
|-heal|p1a: Primarina|82/100|[from] item: Leftovers
|-damage|p2a: jim's pet|82/100 tox|[from] psn
|upkeep
|turn|9
|
|t:|1666841772
|move|p1a: Primarina|Calm Mind|p1a: Primarina
|-boost|p1a: Primarina|spa|1
|-boost|p1a: Primarina|spd|1
|move|p2a: jim's pet|Flip Turn|p1a: Primarina
|-resisted|p1a: Primarina
|-activate|p1a: Primarina|move: Substitute|[damage]
|
|t:|1666841777
|switch|p2a: jim's pillow|Jirachi|100/100|[from]move: Flip Turn
|
|-heal|p1a: Primarina|88/100|[from] item: Leftovers
|upkeep
|turn|10
|
|t:|1666841782
|move|p2a: jim's pillow|Iron Head|p1a: Primarina
|-end|p1a: Primarina|Substitute
|move|p1a: Primarina|Scald|p2a: jim's pillow
|-damage|p2a: jim's pillow|56/100
|
|-heal|p2a: jim's pillow|62/100|[from] item: Leftovers
|-heal|p1a: Primarina|94/100|[from] item: Leftovers
|upkeep
|turn|11
|
|t:|1666841793
|move|p2a: jim's pillow|Iron Head|p1a: Primarina
|-damage|p1a: Primarina|69/100
|cant|p1a: Primarina|flinch
|
|-heal|p2a: jim's pillow|68/100|[from] item: Leftovers
|-heal|p1a: Primarina|75/100|[from] item: Leftovers
|upkeep
|turn|12
|
|t:|1666841800
|move|p2a: jim's pillow|Iron Head|p1a: Primarina
|-damage|p1a: Primarina|53/100
|cant|p1a: Primarina|flinch
|
|-heal|p2a: jim's pillow|74/100|[from] item: Leftovers
|-heal|p1a: Primarina|59/100|[from] item: Leftovers
|upkeep
|turn|13
|
|t:|1666841807
|move|p2a: jim's pillow|Iron Head|p1a: Primarina
|-damage|p1a: Primarina|36/100
|move|p1a: Primarina|Scald|p2a: jim's pillow
|-damage|p2a: jim's pillow|30/100
|
|-heal|p2a: jim's pillow|36/100|[from] item: Leftovers
|-heal|p1a: Primarina|43/100|[from] item: Leftovers
|upkeep
|turn|14
|
|t:|1666841816
|switch|p1a: Incineroar|Incineroar, M|90/100
|-ability|p1a: Incineroar|Intimidate|boost
|-unboost|p2a: jim's pillow|atk|1
|move|p2a: jim's pillow|Iron Head|p1a: Incineroar
|-resisted|p1a: Incineroar
|-damage|p1a: Incineroar|81/100
|
|-heal|p2a: jim's pillow|43/100|[from] item: Leftovers
|upkeep
|turn|15
|
|t:|1666841827
|move|p2a: jim's pillow|Protect|p2a: jim's pillow
|-singleturn|p2a: jim's pillow|Protect
|move|p1a: Incineroar|Knock Off|p2a: jim's pillow
|-activate|p2a: jim's pillow|move: Protect
|
|-heal|p2a: jim's pillow|49/100|[from] item: Leftovers
|upkeep
|turn|16
|
|t:|1666841835
|move|p2a: jim's pillow|U-turn|p1a: Incineroar
|-damage|p1a: Incineroar|71/100
|
|t:|1666841842
|switch|p2a: jim's madness|Hydreigon, M|100/100|[from]move: U-turn
|move|p1a: Incineroar|Parting Shot|p2a: jim's madness
|-unboost|p2a: jim's madness|atk|1
|-unboost|p2a: jim's madness|spa|1
|
|t:|1666841851
|switch|p1a: Primarina|Primarina, F|43/100|[from]move: Parting Shot
|-damage|p1a: Primarina|30/100|[from] Stealth Rock
|
|-heal|p1a: Primarina|36/100|[from] item: Leftovers
|upkeep
|turn|17
|
|t:|1666841860
|move|p2a: jim's madness|U-turn|p1a: Primarina
|-resisted|p1a: Primarina
|-damage|p1a: Primarina|32/100
|
|t:|1666841864
|switch|p2a: jim|Regice|100/100|[from]move: U-turn
|move|p1a: Primarina|Scald|p2a: jim
|-damage|p2a: jim|78/100
|-status|p2a: jim|brn
|
|-heal|p1a: Primarina|38/100|[from] item: Leftovers
|-damage|p2a: jim|72/100 brn|[from] brn
|upkeep
|turn|18
|
|t:|1666841875
|switch|p1a: Chansey|Chansey, F|80/100
|-damage|p1a: Chansey|67/100|[from] Stealth Rock
|move|p2a: jim|Thunderbolt|p1a: Chansey
|-damage|p1a: Chansey|61/100
|
|-damage|p2a: jim|66/100 brn|[from] brn
|upkeep
|turn|19
|
|t:|1666841894
|switch|p2a: jim's guard|Conkeldurr, M|94/100 brn
|move|p1a: Chansey|Wish|p1a: Chansey
|
|-damage|p2a: jim's guard|88/100 brn|[from] brn
|upkeep
|turn|20
|
|t:|1666841914
|switch|p1a: Salamence|Salamence, F|72/100
|-damage|p1a: Salamence|47/100|[from] Stealth Rock
|-ability|p1a: Salamence|Intimidate|boost
|-unboost|p2a: jim's guard|atk|1
|move|p2a: jim's guard|Facade|p1a: Salamence
|-damage|p1a: Salamence|7/100
|
|-heal|p1a: Salamence|96/100|[from] move: Wish|[wisher] Chansey
|-damage|p2a: jim's guard|82/100 brn|[from] brn
|upkeep
|turn|21
|
|t:|1666841925
|switch|p2a: jim's madness|Hydreigon, M|100/100
|move|p1a: Salamence|Defog|p2a: jim's madness
|-unboost|p2a: jim's madness|evasion|1
|-sideend|p1: Eternally_Haxxed|Stealth Rock|[from] move: Defog|[of] p1a: Salamence
|
|upkeep
|turn|22
|
|t:|1666841931
|switch|p1a: Chansey|Chansey, F|61/100
|move|p2a: jim's madness|U-turn|p1a: Chansey
|-damage|p1a: Chansey|51/100
|
|t:|1666841939
|switch|p2a: jim's pet|Swampert, M|82/100 tox|[from]move: U-turn
|
|-damage|p2a: jim's pet|76/100 tox|[from] psn
|upkeep
|turn|23
|
|t:|1666841944
|move|p2a: jim's pet|Stealth Rock|p1a: Chansey
|-sidestart|p1: Eternally_Haxxed|move: Stealth Rock
|move|p1a: Chansey|Wish|p1a: Chansey
|
|-damage|p2a: jim's pet|63/100 tox|[from] psn
|upkeep
|turn|24
|
|t:|1666841952
|move|p1a: Chansey|Protect|p1a: Chansey
|-singleturn|p1a: Chansey|Protect
|move|p2a: jim's pet|Flip Turn|p1a: Chansey
|-activate|p1a: Chansey|move: Protect
|
|-heal|p1a: Chansey|100/100|[from] move: Wish|[wisher] Chansey
|-damage|p2a: jim's pet|45/100 tox|[from] psn
|upkeep
|turn|25
|
|t:|1666841963
|switch|p2a: jim's guard|Conkeldurr, M|82/100 brn
|move|p1a: Chansey|Wish|p1a: Chansey
|
|-damage|p2a: jim's guard|76/100 brn|[from] brn
|upkeep
|turn|26
|
|t:|1666841970
|switch|p2a: jim's pillow|Jirachi|49/100
|switch|p1a: Salamence|Salamence, F|96/100
|-damage|p1a: Salamence|71/100|[from] Stealth Rock
|-ability|p1a: Salamence|Intimidate|boost
|-unboost|p2a: jim's pillow|atk|1
|
|-heal|p1a: Salamence|100/100|[from] move: Wish|[wisher] Chansey
|-heal|p2a: jim's pillow|55/100|[from] item: Leftovers
|upkeep
|turn|27
|
|t:|1666841982
|move|p2a: jim's pillow|Protect|p2a: jim's pillow
|-singleturn|p2a: jim's pillow|Protect
|move|p1a: Salamence|Defog|p2a: jim's pillow
|-activate|p2a: jim's pillow|move: Protect
|
|-heal|p2a: jim's pillow|61/100|[from] item: Leftovers
|upkeep
|turn|28
|
|t:|1666841991
|move|p2a: jim's pillow|Wish|p2a: jim's pillow
|move|p1a: Salamence|Defog|p2a: jim's pillow
|-unboost|p2a: jim's pillow|evasion|1
|-sideend|p1: Eternally_Haxxed|Stealth Rock|[from] move: Defog|[of] p1a: Salamence
|
|-heal|p2a: jim's pillow|67/100|[from] item: Leftovers
|upkeep
|turn|29
|
|t:|1666842007
|move|p2a: jim's pillow|U-turn|p1a: Salamence
|-resisted|p1a: Salamence
|-damage|p1a: Salamence|97/100
|
|t:|1666842011
|switch|p2a: jim's pet|Swampert, M|45/100 tox|[from]move: U-turn
|move|p1a: Salamence|Hurricane|p2a: jim's pet
|-damage|p2a: jim's pet|13/100 tox
|
|-heal|p2a: jim's pet|63/100 tox|[from] move: Wish|[wisher] jim's pillow
|-damage|p2a: jim's pet|57/100 tox|[from] psn
|upkeep
|turn|30
|
|t:|1666842026
|switch|p2a: jim|Regice|66/100 brn
|move|p1a: Salamence|Hurricane|p2a: jim
|-damage|p2a: jim|46/100 brn
|
|-damage|p2a: jim|40/100 brn|[from] brn
|upkeep
|turn|31
|
|t:|1666842034
|switch|p1a: Chansey|Chansey, F|100/100
|move|p2a: jim|Rest|p2a: jim
|-status|p2a: jim|slp|[from] move: Rest
|-heal|p2a: jim|100/100 slp|[silent]
|
|upkeep
|turn|32
|
|t:|1666842059
|cant|p2a: jim|slp
|move|p2a: jim|Sleep Talk|p2a: jim
|move|p2a: jim|Thunderbolt|p1a: Chansey|[from]move: Sleep Talk
|-damage|p1a: Chansey|94/100
|-status|p1a: Chansey|par
|move|p1a: Chansey|Wish|p1a: Chansey
|
|upkeep
|turn|33
|
|t:|1666842067
|-curestatus|p1a: Chansey|par|[from] ability: Natural Cure
|switch|p1a: Primarina|Primarina, F|38/100
|cant|p2a: jim|slp
|move|p2a: jim|Sleep Talk|p2a: jim
|move|p2a: jim|Thunderbolt|p1a: Primarina|[from]move: Sleep Talk
|-supereffective|p1a: Primarina
|-damage|p1a: Primarina|4/100
|
|-heal|p1a: Primarina|100/100|[from] move: Wish|[wisher] Chansey
|upkeep
|turn|34
|
|t:|1666842080
|switch|p1a: Chansey|Chansey, F|94/100
|-curestatus|p2a: jim|slp|[msg]
|move|p2a: jim|Thunderbolt|p1a: Chansey
|-damage|p1a: Chansey|87/100
|
|upkeep
|turn|35
|
|t:|1666842088
|switch|p2a: jim's pillow|Jirachi|67/100
|move|p1a: Chansey|Wish|p1a: Chansey
|
|-heal|p2a: jim's pillow|74/100|[from] item: Leftovers
|upkeep
|turn|36
|
|t:|1666842096
|switch|p1a: Incineroar|Incineroar, M|71/100
|-ability|p1a: Incineroar|Intimidate|boost
|-unboost|p2a: jim's pillow|atk|1
|move|p2a: jim's pillow|Wish|p2a: jim's pillow
|
|-heal|p1a: Incineroar|100/100|[from] move: Wish|[wisher] Chansey
|-heal|p2a: jim's pillow|80/100|[from] item: Leftovers
|upkeep
|turn|37
|
|t:|1666842110
|move|p2a: jim's pillow|U-turn|p1a: Incineroar
|-damage|p1a: Incineroar|91/100
|
|t:|1666842116
|switch|p2a: jim's pet|Swampert, M|57/100 tox|[from]move: U-turn
|move|p1a: Incineroar|Parting Shot|p2a: jim's pet
|-unboost|p2a: jim's pet|atk|1
|-unboost|p2a: jim's pet|spa|1
|
|t:|1666842126
|switch|p1a: Primarina|Primarina, F|100/100|[from]move: Parting Shot
|
|-heal|p2a: jim's pet|100/100 tox|[from] move: Wish|[wisher] jim's pillow
|-damage|p2a: jim's pet|94/100 tox|[from] psn
|upkeep
|turn|38
|
|t:|1666842134
|move|p1a: Primarina|Substitute|p1a: Primarina
|-start|p1a: Primarina|Substitute
|-damage|p1a: Primarina|75/100
|move|p2a: jim's pet|Flip Turn|p1a: Primarina
|-resisted|p1a: Primarina
|-activate|p1a: Primarina|move: Substitute|[damage]
|
|t:|1666842137
|switch|p2a: jim's pillow|Jirachi|80/100|[from]move: Flip Turn
|
|-heal|p2a: jim's pillow|86/100|[from] item: Leftovers
|-heal|p1a: Primarina|82/100|[from] item: Leftovers
|upkeep
|turn|39
|
|t:|1666842147
|move|p2a: jim's pillow|Iron Head|p1a: Primarina
|-end|p1a: Primarina|Substitute
|move|p1a: Primarina|Scald|p2a: jim's pillow
|-damage|p2a: jim's pillow|57/100
|
|-heal|p2a: jim's pillow|63/100|[from] item: Leftovers
|-heal|p1a: Primarina|88/100|[from] item: Leftovers
|upkeep
|turn|40
|
|t:|1666842156
|move|p2a: jim's pillow|Iron Head|p1a: Primarina
|-damage|p1a: Primarina|64/100
|move|p1a: Primarina|Scald|p2a: jim's pillow
|-damage|p2a: jim's pillow|36/100
|-status|p2a: jim's pillow|brn
|
|-heal|p2a: jim's pillow|42/100 brn|[from] item: Leftovers
|-heal|p1a: Primarina|70/100|[from] item: Leftovers
|-damage|p2a: jim's pillow|36/100 brn|[from] brn
|upkeep
|turn|41
|j| Queen of Bean ✿
|c|☆Eternally_Haxxed|dumbass
|c| Queen of Bean ✿|raaa
|inactive|Eternally_Haxxed has 120 seconds left.
|c|☆Eternally_Haxxed|you should have been burned earlier you dumb lucky moron
|
|t:|1666842196
|move|p2a: jim's pillow|Wish|p2a: jim's pillow
|move|p1a: Primarina|Substitute|p1a: Primarina
|-start|p1a: Primarina|Substitute
|-damage|p1a: Primarina|45/100
|
|-heal|p2a: jim's pillow|42/100 brn|[from] item: Leftovers
|-heal|p1a: Primarina|51/100|[from] item: Leftovers
|-damage|p2a: jim's pillow|36/100 brn|[from] brn
|upkeep
|turn|42
|inactive|Eternally_Haxxed has 120 seconds left.
|c| Queen of Bean ✿|yeah pif you dumbass
|c|☆Eternally_Haxxed|pathetic attempt at stalling
|inactive|pokemonisfun has 120 seconds left.
|c|☆Eternally_Haxxed|relying on luck
|c| Queen of Bean ✿|hes not stalling
|c| Queen of Bean ✿|?!?
|c|☆Eternally_Haxxed|stupid
|c|☆Eternally_Haxxed|wish protect is not stall
|c|☆Eternally_Haxxed|get a brain moron
|c| Queen of Bean ✿|thats pretty offensive team you have in front of u
|
|t:|1666842251
|move|p2a: jim's pillow|U-turn|p1a: Primarina
|-resisted|p1a: Primarina
|-activate|p1a: Primarina|move: Substitute|[damage]
|c|☆Eternally_Haxxed|offensive 23% damage lolololol
|inactive|pokemonisfun has 90 seconds left.
|
|t:|1666842265
|switch|p2a: jim|Regice|100/100|[from]move: U-turn
|move|p1a: Primarina|Calm Mind|p1a: Primarina
|-boost|p1a: Primarina|spa|1
|-boost|p1a: Primarina|spd|1
|
|-heal|p1a: Primarina|57/100|[from] item: Leftovers
|upkeep
|turn|43
|
|t:|1666842273
|move|p1a: Primarina|Calm Mind|p1a: Primarina
|-boost|p1a: Primarina|spa|1
|-boost|p1a: Primarina|spd|1
|move|p2a: jim|Thunderbolt|p1a: Primarina
|-supereffective|p1a: Primarina
|-activate|p1a: Primarina|move: Substitute|[damage]
|
|-heal|p1a: Primarina|63/100|[from] item: Leftovers
|upkeep
|turn|44
|inactive|pokemonisfun has 90 seconds left.
|
|t:|1666842299
|switch|p2a: jim's pillow|Jirachi|36/100 brn
|move|p1a: Primarina|Calm Mind|p1a: Primarina
|-boost|p1a: Primarina|spa|1
|-boost|p1a: Primarina|spd|1
|
|-heal|p2a: jim's pillow|42/100 brn|[from] item: Leftovers
|-heal|p1a: Primarina|69/100|[from] item: Leftovers
|-damage|p2a: jim's pillow|36/100 brn|[from] brn
|upkeep
|turn|45
|inactive|pokemonisfun has 90 seconds left.
|c| Queen of Bean ✿|you could easily argue that your team is stallier than pifs
|inactive|Eternally_Haxxed has 120 seconds left.
|c|☆Eternally_Haxxed|mine's stall. yours? it's a poor and dumb man's idea of stall.
|c|☆Eternally_Haxxed|regice and jirachi offense? hahahaha
|c| Queen of Bean ✿|hes not trying to stall
|c| Queen of Bean ✿|kek
|
|t:|1666842343
|move|p2a: jim's pillow|Wish|p2a: jim's pillow
|move|p1a: Primarina|Substitute|p1a: Primarina
|-fail|p1a: Primarina|move: Substitute
|
|-heal|p2a: jim's pillow|42/100 brn|[from] item: Leftovers
|-heal|p1a: Primarina|75/100|[from] item: Leftovers
|-damage|p2a: jim's pillow|36/100 brn|[from] brn
|upkeep
|turn|46
|c|☆Eternally_Haxxed|sure he's not
|inactive|pokemonisfun has 90 seconds left.
|c|☆Eternally_Haxxed|wish and protect? hahahahahaha
|l|☆Eternally_Haxxed
|inactive|Eternally_Haxxed disconnected and has a minute to reconnect!
|player|p1|
|c| Queen of Bean ✿|when have you ever seen a conkelldur and hydreigon stall team
|c| Queen of Bean ✿|lol ge gooone
|inactive|Eternally_Haxxed has 30 seconds to reconnect!
|c| Queen of Bean ✿|pokemonisfun: sry
|inactive|Eternally_Haxxed has 20 seconds to reconnect!
|c| Queen of Bean ✿|Queen of Bean ✿ cancelled the challenge.
|c| Queen of Bean ✿|pokemonisfun: sleeping soon
|inactive|Eternally_Haxxed has 15 seconds to reconnect!
|c| Queen of Bean ✿|raaaa
|j|☆Eternally_Haxxed
|inactive|Eternally_Haxxed reconnected and has 55 seconds left.
|player|p1|Eternally_Haxxed|steven
|l|☆Eternally_Haxxed
|inactive|Eternally_Haxxed disconnected and has a minute to reconnect!
|player|p1|
|inactive|Eternally_Haxxed has 30 seconds left.
|inactive|Eternally_Haxxed has 20 seconds left.
|inactive|Eternally_Haxxed has 15 seconds left.
|inactive|Eternally_Haxxed has 10 seconds left.
|j|☆Eternally_Haxxed
|inactive|Eternally_Haxxed reconnected and has 10 seconds left.
|player|p1|Eternally_Haxxed|steven
|inactive|Eternally_Haxxed has 5 seconds left.
|-message|Eternally_Haxxed lost due to inactivity.
|
|win|pokemonisfun
|raw|Eternally_Haxxed's rating: 1500 &rarr; <strong>1494</strong><br />(-6 for losing)
|raw|pokemonisfun's rating: 1796 &rarr; <strong>1802</strong><br />(+6 for winning)
|c|☆pokemonisfun|gg
|l| Queen of Bean ✿
|n|‽Eternally_Haxxed|eternallyhaxxed
||Ladder isn't responding, score probably updated but might not have (Request timeout).
