|html|<div class="broadcast-blue"><strong>[Gen 8] UU is currently suspecting Aegislash! For information on how to participate check out the <a href="https://www.smogon.com/forums/threads/np-ss-uu-stage-8-4-spellbound-aegislash-retest-victini-banned.3679677/">suspect thread</a>.</strong></div>
|j|☆Judgement cut end
|j|☆uu8a waaa
|t:|1615933874
|player|p1|Judgement cut end|unknown|
|player|p2|uu8a waaa|boarder-gen2|
|teamsize|p1|6
|teamsize|p2|6
|gametype|singles
|gen|8
|tier|[Gen 8] UU
|rated|Tournament battle
|clearpoke
|poke|p1|Crawdaunt, M|
|poke|p1|Scizor, M|
|poke|p1|Weezing-Galar, M|
|poke|p1|Tangrowth, F|
|poke|p1|Rhyperior, M|
|poke|p1|Rotom-Heat|
|poke|p2|Ribombee, F|
|poke|p2|Keldeo-Resolute|
|poke|p2|Thundurus-Therian, M|
|poke|p2|Bisharp, M|
|poke|p2|Rotom-Heat|
|poke|p2|Kommo-o, F|
|rule|Sleep Clause Mod: Limit one foe put to sleep
|rule|Species Clause: Limit one of each Pokémon
|rule|OHKO Clause: OHKO moves are banned
|rule|Evasion Moves Clause: Evasion moves are banned
|rule|Endless Battle Clause: Forcing endless battles is banned
|rule|HP Percentage Mod: HP is shown in percentages
|rule|Dynamax Clause: You cannot dynamax
|teampreview
|j| carlito29
|
|t:|1615933894
|start
|switch|p1a: Scizor|Scizor, M|100/100
|switch|p2a: Shuckle?|Ribombee, F|100/100
|turn|1
|l| carlito29
|
|t:|1615933902
|switch|p2a: Ban Rhyp|Rotom-Heat|100/100
|move|p1a: Scizor|Bullet Punch|p2a: Ban Rhyp
|-resisted|p2a: Ban Rhyp
|-damage|p2a: Ban Rhyp|89/100
|
|upkeep
|turn|2
|
|t:|1615933910
|switch|p2a: Shuckle?|Ribombee, F|100/100
|switch|p1a: Rotom|Rotom-Heat|100/100
|
|upkeep
|turn|3
|
|t:|1615933914
|move|p2a: Shuckle?|Sticky Web|p1a: Rotom
|-sidestart|p1: Judgement cut end|move: Sticky Web
|move|p1a: Rotom|Overheat|p2a: Shuckle?
|-supereffective|p2a: Shuckle?
|-damage|p2a: Shuckle?|0 fnt
|-unboost|p1a: Rotom|spa|2
|faint|p2a: Shuckle?
|
|upkeep
|
|t:|1615933937
|switch|p2a: Stall Killer.|Keldeo-Resolute|100/100
|turn|4
|
|t:|1615933941
|switch|p1a: Tangrowth|Tangrowth, F|100/100
|-activate|p1a: Tangrowth|move: Sticky Web
|-unboost|p1a: Tangrowth|spe|1
|move|p2a: Stall Killer.|Hydro Pump|p1a: Tangrowth
|-resisted|p1a: Tangrowth
|-damage|p1a: Tangrowth|83/100
|
|upkeep
|turn|5
|
|t:|1615933947
|switch|p2a: Il re.|Bisharp, M|100/100
|move|p1a: Tangrowth|Knock Off|p2a: Il re.
|-resisted|p2a: Il re.
|-damage|p2a: Il re.|86/100
|-enditem|p2a: Il re.|Safety Goggles|[from] move: Knock Off|[of] p1a: Tangrowth
|
|upkeep
|turn|6
|j| Fathiryxi
|
|t:|1615933955
|switch|p1a: Rotom|Rotom-Heat|100/100
|move|p2a: Il re.|Swords Dance|p2a: Il re.
|-boost|p2a: Il re.|atk|2
|
|upkeep
|turn|7
|
|t:|1615933959
|move|p1a: Rotom|Overheat|p2a: Il re.
|-supereffective|p2a: Il re.
|-damage|p2a: Il re.|0 fnt
|-unboost|p1a: Rotom|spa|2
|faint|p2a: Il re.
|
|upkeep
|j|+laevin ㋛
|
|t:|1615933963
|switch|p2a: Missclick.|Kommo-o, F|100/100
|turn|8
|
|t:|1615933974
|switch|p1a: Weezing|Weezing-Galar, M|100/100
|-ability|p1a: Weezing|Neutralizing Gas
|-activate|p1a: Weezing|move: Sticky Web
|-unboost|p1a: Weezing|spe|1
|move|p2a: Missclick.|Substitute|p2a: Missclick.
|-start|p2a: Missclick.|Substitute
|-damage|p2a: Missclick.|76/100
|
|-heal|p2a: Missclick.|82/100|[from] item: Leftovers
|upkeep
|turn|9
|j| malahuju
|
|t:|1615933978
|move|p2a: Missclick.|Close Combat|p1a: Weezing
|-resisted|p1a: Weezing
|-crit|p1a: Weezing
|-damage|p1a: Weezing|87/100
|-unboost|p2a: Missclick.|def|1
|-unboost|p2a: Missclick.|spd|1
|move|p1a: Weezing|Strange Steam|p2a: Missclick.
|-supereffective|p2a: Missclick.
|-end|p2a: Missclick.|Substitute
|
|-heal|p2a: Missclick.|88/100|[from] item: Leftovers
|-heal|p1a: Weezing|93/100|[from] item: Black Sludge
|upkeep
|turn|10
|
|t:|1615933990
|switch|p2a: Fursuit?|Thundurus-Therian, M|100/100
|move|p1a: Weezing|Defog|p2a: Fursuit?
|-unboost|p2a: Fursuit?|evasion|1
|-sideend|p1: Judgement cut end|Sticky Web|[from] move: Defog|[of] p1a: Weezing
|
|-heal|p1a: Weezing|99/100|[from] item: Black Sludge
|upkeep
|turn|11
|c|☆Judgement cut end|why did i do this
|c|☆Judgement cut end|i'm such a clicker
|
|t:|1615934022
|-end|p1a: Weezing|ability: Neutralizing Gas
|switch|p1a: Tangrowth|Tangrowth, F|100/100
|move|p2a: Fursuit?|Nasty Plot|p2a: Fursuit?
|-boost|p2a: Fursuit?|spa|2
|
|upkeep
|turn|12
|
|t:|1615934030
|move|p2a: Fursuit?|Focus Blast|p1a: Tangrowth
|-damage|p1a: Tangrowth|46/100
|move|p1a: Tangrowth|Sludge Bomb|p2a: Fursuit?
|-damage|p2a: Fursuit?|69/100
|
|upkeep
|turn|13
|
|t:|1615934047
|switch|p1a: Rotom|Rotom-Heat|100/100
|move|p2a: Fursuit?|Nasty Plot|p2a: Fursuit?
|-boost|p2a: Fursuit?|spa|2
|
|upkeep
|turn|14
|
|t:|1615934049
|move|p2a: Fursuit?|Psychic|p1a: Rotom
|-damage|p1a: Rotom|0 fnt
|faint|p1a: Rotom
|
|upkeep
|
|t:|1615934056
|switch|p1a: Crawdaunt|Crawdaunt, M|100/100
|turn|15
|
|t:|1615934058
|move|p1a: Crawdaunt|Aqua Jet|p2a: Fursuit?
|-damage|p2a: Fursuit?|8/100
|move|p2a: Fursuit?|Thunderbolt|p1a: Crawdaunt
|-supereffective|p1a: Crawdaunt
|-damage|p1a: Crawdaunt|0 fnt
|faint|p1a: Crawdaunt
|
|upkeep
|
|t:|1615934060
|switch|p1a: Scizor|Scizor, M|100/100
|turn|16
|j| UU8A so close
|
|t:|1615934065
|switch|p2a: Ban Rhyp|Rotom-Heat|89/100
|move|p1a: Scizor|Bullet Punch|p2a: Ban Rhyp
|-resisted|p2a: Ban Rhyp
|-damage|p2a: Ban Rhyp|77/100
|
|upkeep
|turn|17
|
|t:|1615934074
|switch|p2a: Stall Killer.|Keldeo-Resolute|100/100
|switch|p1a: Rhyperior|Rhyperior, M|100/100
|
|upkeep
|turn|18
|
|t:|1615934078
|switch|p1a: Tangrowth|Tangrowth, F|79/100
|move|p2a: Stall Killer.|Flip Turn|p1a: Tangrowth
|-resisted|p1a: Tangrowth
|-damage|p1a: Tangrowth|74/100
|
|t:|1615934082
|switch|p2a: Ban Rhyp|Rotom-Heat|77/100|[from]move: Flip Turn
|
|upkeep
|turn|19
|
|t:|1615934085
|switch|p1a: Rhyperior|Rhyperior, M|100/100
|move|p2a: Ban Rhyp|Overheat|p1a: Rhyperior
|-resisted|p1a: Rhyperior
|-damage|p1a: Rhyperior|73/100
|-unboost|p2a: Ban Rhyp|spa|2
|
|-heal|p1a: Rhyperior|79/100|[from] item: Leftovers
|upkeep
|turn|20
|
|t:|1615934090
|switch|p2a: Missclick.|Kommo-o, F|88/100
|move|p1a: Rhyperior|Stealth Rock|p2a: Missclick.
|-sidestart|p2: uu8a waaa|move: Stealth Rock
|
|-heal|p2a: Missclick.|94/100|[from] item: Leftovers
|-heal|p1a: Rhyperior|85/100|[from] item: Leftovers
|upkeep
|turn|21
|j| hasuhahasuha
|
|t:|1615934095
|switch|p2a: Fursuit?|Thundurus-Therian, M|8/100
|switch|p1a: Weezing|Weezing-Galar, M|99/100
|-ability|p1a: Weezing|Neutralizing Gas
|
|-heal|p1a: Weezing|100/100|[from] item: Black Sludge
|upkeep
|turn|22
|
|t:|1615934098
|-end|p1a: Weezing|ability: Neutralizing Gas
|switch|p1a: Tangrowth|Tangrowth, F|100/100
|move|p2a: Fursuit?|Thunderbolt|p1a: Tangrowth
|-resisted|p1a: Tangrowth
|-damage|p1a: Tangrowth|84/100
|
|upkeep
|turn|23
|
|t:|1615934103
|switch|p2a: Missclick.|Kommo-o, F|94/100
|-damage|p2a: Missclick.|88/100|[from] Stealth Rock
|move|p1a: Tangrowth|Knock Off|p2a: Missclick.
|-resisted|p2a: Missclick.
|-damage|p2a: Missclick.|77/100
|-enditem|p2a: Missclick.|Leftovers|[from] move: Knock Off|[of] p1a: Tangrowth
|
|upkeep
|turn|24
|j| Draphirion
|
|t:|1615934112
|switch|p2a: Fursuit?|Thundurus-Therian, M|8/100
|switch|p1a: Weezing|Weezing-Galar, M|100/100
|-ability|p1a: Weezing|Neutralizing Gas
|
|upkeep
|turn|25
|
|t:|1615934117
|switch|p2a: Ban Rhyp|Rotom-Heat|77/100
|-end|p1a: Weezing|ability: Neutralizing Gas
|switch|p1a: Tangrowth|Tangrowth, F|100/100
|
|upkeep
|turn|26
|
|t:|1615934121
|switch|p1a: Rhyperior|Rhyperior, M|85/100
|move|p2a: Ban Rhyp|Overheat|p1a: Rhyperior
|-resisted|p1a: Rhyperior
|-damage|p1a: Rhyperior|58/100
|-unboost|p2a: Ban Rhyp|spa|2
|
|-heal|p1a: Rhyperior|64/100|[from] item: Leftovers
|upkeep
|turn|27
|
|t:|1615934134
|switch|p2a: Missclick.|Kommo-o, F|77/100
|-damage|p2a: Missclick.|71/100|[from] Stealth Rock
|move|p1a: Rhyperior|Earthquake|p2a: Missclick.
|-damage|p2a: Missclick.|19/100
|
|-heal|p1a: Rhyperior|70/100|[from] item: Leftovers
|upkeep
|turn|28
|
|t:|1615934137
|switch|p1a: Weezing|Weezing-Galar, M|100/100
|-ability|p1a: Weezing|Neutralizing Gas
|move|p2a: Missclick.|Close Combat|p1a: Weezing
|-resisted|p1a: Weezing
|-damage|p1a: Weezing|91/100
|-unboost|p2a: Missclick.|def|1
|-unboost|p2a: Missclick.|spd|1
|
|-heal|p1a: Weezing|97/100|[from] item: Black Sludge
|upkeep
|turn|29
|j| Chicknemacnchez
|
|t:|1615934141
|move|p2a: Missclick.|Close Combat|p1a: Weezing
|-resisted|p1a: Weezing
|-damage|p1a: Weezing|89/100
|-unboost|p2a: Missclick.|def|1
|-unboost|p2a: Missclick.|spd|1
|move|p1a: Weezing|Strange Steam|p2a: Missclick.
|-supereffective|p2a: Missclick.
|-damage|p2a: Missclick.|0 fnt
|faint|p2a: Missclick.
|
|-heal|p1a: Weezing|95/100|[from] item: Black Sludge
|upkeep
|
|t:|1615934145
|switch|p2a: Fursuit?|Thundurus-Therian, M|8/100
|turn|30
|
|t:|1615934148
|switch|p2a: Ban Rhyp|Rotom-Heat|77/100
|-end|p1a: Weezing|ability: Neutralizing Gas
|switch|p1a: Tangrowth|Tangrowth, F|100/100
|
|upkeep
|turn|31
|
|t:|1615934177
|switch|p1a: Rhyperior|Rhyperior, M|70/100
|move|p2a: Ban Rhyp|Nasty Plot|p2a: Ban Rhyp
|-boost|p2a: Ban Rhyp|spa|2
|
|-heal|p1a: Rhyperior|76/100|[from] item: Leftovers
|upkeep
|turn|32
|
|t:|1615934181
|move|p2a: Ban Rhyp|Overheat|p1a: Rhyperior
|-resisted|p1a: Rhyperior
|-damage|p1a: Rhyperior|28/100
|-unboost|p2a: Ban Rhyp|spa|2
|move|p1a: Rhyperior|Stone Edge|p2a: Ban Rhyp
|-supereffective|p2a: Ban Rhyp
|-crit|p2a: Ban Rhyp
|-damage|p2a: Ban Rhyp|0 fnt
|faint|p2a: Ban Rhyp
|
|-heal|p1a: Rhyperior|34/100|[from] item: Leftovers
|upkeep
|
|t:|1615934186
|switch|p2a: Stall Killer.|Keldeo-Resolute|100/100
|-damage|p2a: Stall Killer.|94/100|[from] Stealth Rock
|turn|33
|
|t:|1615934191
|move|p2a: Stall Killer.|Hydro Pump|p1a: Rhyperior|[miss]
|-miss|p2a: Stall Killer.|p1a: Rhyperior
|move|p1a: Rhyperior|Earthquake|p2a: Stall Killer.
|-damage|p2a: Stall Killer.|33/100
|
|-heal|p1a: Rhyperior|40/100|[from] item: Leftovers
|upkeep
|turn|34
|-message|uu8a waaa forfeited.
|
|win|Judgement cut end
|n|☆Judgement cut end|judgementcutend
|n|☆uu8a waaa|uu8awaaa
|n| Fathiryxi|fathiryxi
|n| laevin ㋛|laevin
|n| malahuju|malahuju
|n| UU8A so close|uu8asoclose
|n| hasuhahasuha|hasuhahasuha
|n| Draphirion|draphirion
|n| Chicknemacnchez|chicknemacnchez
|l|☆uu8a waaa
|l|☆Judgement cut end
|l| laevin ㋛
|l| malahuju
|l| hasuhahasuha
|l| Chicknemacnchez
|j| Moutemoute
