|j|☆DDD951
|j|☆a rookie
|t:|1653702967
|gametype|singles
|player|p1|DDD951|1|1437
|player|p2|a rookie|266|1301
|teamsize|p1|6
|teamsize|p2|6
|gen|8
|tier|[Gen 8] UU
|rated|
|rule|Sleep Clause Mod: Limit one foe put to sleep
|rule|Species Clause: Limit one of each Pokémon
|rule|OHKO Clause: OHKO moves are banned
|rule|Evasion Moves Clause: Evasion moves are banned
|rule|Endless Battle Clause: Forcing endless battles is banned
|rule|HP Percentage Mod: HP is shown in percentages
|rule|Dynamax Clause: You cannot dynamax
|clearpoke
|poke|p1|Aegislash, M|
|poke|p1|Gyarados, F|
|poke|p1|Starmie|
|poke|p1|Mamoswine, M|
|poke|p1|Tangrowth, M|
|poke|p1|Darmanitan, M|
|poke|p2|Hippowdon, M|
|poke|p2|Skarmory, F|
|poke|p2|Zarude-Dada|
|poke|p2|Slowking, F|
|poke|p2|Thundurus-Therian, M|
|poke|p2|Noivern, M|
|teampreview
|
|t:|1653702985
|start
|switch|p1a: Starmie|Starmie|100/100
|switch|p2a: Noivern|Noivern, M|100/100
|turn|1
|
|t:|1653702993
|switch|p1a: Aegislash|Aegislash, M|100/100
|move|p2a: Noivern|U-turn|p1a: Aegislash
|-resisted|p1a: Aegislash
|-damage|p1a: Aegislash|98/100
|
|t:|1653703003
|switch|p2a: Zarude|Zarude-Dada|100/100|[from]move: U-turn
|
|-heal|p1a: Aegislash|100/100|[from] item: Leftovers
|upkeep
|turn|2
|
|t:|1653703008
|switch|p1a: Tangrowth|Tangrowth, M|100/100
|move|p2a: Zarude|Darkest Lariat|p1a: Tangrowth
|-damage|p1a: Tangrowth|72/100
|
|upkeep
|turn|3
|
|t:|1653703014
|move|p2a: Zarude|U-turn|p1a: Tangrowth
|-supereffective|p1a: Tangrowth
|-damage|p1a: Tangrowth|41/100
|
|t:|1653703037
|switch|p2a: Skarmory|Skarmory, F|100/100|[from]move: U-turn
|move|p1a: Tangrowth|Knock Off|p2a: Skarmory
|-damage|p2a: Skarmory|88/100
|-damage|p1a: Tangrowth|24/100|[from] item: Rocky Helmet|[of] p2a: Skarmory
|-enditem|p2a: Skarmory|Rocky Helmet|[from] move: Knock Off|[of] p1a: Tangrowth
|
|upkeep
|turn|4
|
|t:|1653703046
|switch|p1a: Starmie|Starmie|100/100
|move|p2a: Skarmory|Spikes|p1a: Starmie
|-sidestart|p1: DDD951|Spikes
|
|upkeep
|turn|5
|
|t:|1653703069
|switch|p2a: Thundurus|Thundurus-Therian, M|100/100
|move|p1a: Starmie|Thunderbolt|p2a: Thundurus
|-immune|p2a: Thundurus|[from] ability: Volt Absorb
|
|upkeep
|turn|6
|
|t:|1653703088
|switch|p2a: Slowking|Slowking, F|100/100
|move|p1a: Starmie|Hydro Pump|p2a: Slowking|[miss]
|-miss|p1a: Starmie|p2a: Slowking
|
|upkeep
|turn|7
|
|t:|1653703096
|move|p1a: Starmie|Thunderbolt|p2a: Slowking
|-supereffective|p2a: Slowking
|-damage|p2a: Slowking|55/100
|-damage|p1a: Starmie|91/100|[from] item: Life Orb
|move|p2a: Slowking|Future Sight|p1a: Starmie
|-start|p2a: Slowking|move: Future Sight
|
|upkeep
|turn|8
|
|t:|1653703113
|switch|p2a: Noivern|Noivern, M|100/100
|move|p1a: Starmie|Hydro Pump|p2a: Noivern
|-resisted|p2a: Noivern
|-damage|p2a: Noivern|46/100
|-damage|p1a: Starmie|81/100|[from] item: Life Orb
|
|upkeep
|turn|9
|
|t:|1653703123
|switch|p1a: Aegislash|Aegislash, M|100/100
|-damage|p1a: Aegislash|88/100|[from] Spikes
|move|p2a: Noivern|U-turn|p1a: Aegislash
|-resisted|p1a: Aegislash
|-damage|p1a: Aegislash|86/100
|
|t:|1653703128
|switch|p2a: Zarude|Zarude-Dada|100/100|[from]move: U-turn
|
|-end|p1a: Aegislash|move: Future Sight
|-resisted|p1a: Aegislash
|-crit|p1a: Aegislash
|-damage|p1a: Aegislash|61/100
|-heal|p1a: Aegislash|67/100|[from] item: Leftovers
|upkeep
|turn|10
|
|t:|1653703139
|move|p2a: Zarude|Darkest Lariat|p1a: Aegislash
|-supereffective|p1a: Aegislash
|-damage|p1a: Aegislash|3/100
|-formechange|p1a: Aegislash|Aegislash-Blade||[from] ability: Stance Change
|move|p1a: Aegislash|Close Combat|p2a: Zarude
|-supereffective|p2a: Zarude
|-damage|p2a: Zarude|2/100
|-unboost|p1a: Aegislash|def|1
|-unboost|p1a: Aegislash|spd|1
|
|-heal|p1a: Aegislash|9/100|[from] item: Leftovers
|upkeep
|turn|11
|
|t:|1653703158
|switch|p2a: Hippowdon|Hippowdon, M|100/100
|-weather|Sandstorm|[from] ability: Sand Stream|[of] p2a: Hippowdon
|move|p1a: Aegislash|Shadow Sneak|p2a: Hippowdon
|-damage|p2a: Hippowdon|84/100
|-damage|p1a: Aegislash|0 fnt|[from] item: Rocky Helmet|[of] p2a: Hippowdon
|faint|p1a: Aegislash
|
|-weather|Sandstorm|[upkeep]
|upkeep
|
|t:|1653703168
|switch|p1a: Starmie|Starmie|81/100
|-damage|p1a: Starmie|68/100|[from] Spikes
|turn|12
|
|t:|1653703208
|switch|p1a: Mamoswine|Mamoswine, M|100/100
|-damage|p1a: Mamoswine|88/100|[from] Spikes
|switch|p2a: Slowking|Slowking, F|88/100
|
|-weather|Sandstorm|[upkeep]
|-damage|p2a: Slowking|82/100|[from] Sandstorm
|upkeep
|turn|13
|
|t:|1653703217
|move|p1a: Mamoswine|Stealth Rock|p2a: Slowking
|-sidestart|p2: a rookie|move: Stealth Rock
|move|p2a: Slowking|Scald|p1a: Mamoswine
|-supereffective|p1a: Mamoswine
|-damage|p1a: Mamoswine|7/100
|
|-weather|Sandstorm|[upkeep]
|-damage|p2a: Slowking|76/100|[from] Sandstorm
|upkeep
|turn|14
|
|t:|1653703229
|move|p1a: Mamoswine|Earthquake|p2a: Slowking
|-damage|p2a: Slowking|10/100
|-damage|p1a: Mamoswine|0 fnt|[from] item: Life Orb
|faint|p1a: Mamoswine
|move|p2a: Slowking|Scald|p1: Mamoswine|[notarget]
|-fail|p2a: Slowking
|
|-weather|Sandstorm|[upkeep]
|-damage|p2a: Slowking|4/100|[from] Sandstorm
|upkeep
|
|t:|1653703237
|switch|p1a: Starmie|Starmie|68/100
|-damage|p1a: Starmie|56/100|[from] Spikes
|turn|15
|
|t:|1653703249
|switch|p2a: Zarude|Zarude-Dada|2/100
|move|p1a: Starmie|Rapid Spin|p2a: Zarude
|-damage|p2a: Zarude|0 fnt
|-boost|p1a: Starmie|spe|1
|-sideend|p1: DDD951|Spikes|[from] move: Rapid Spin|[of] p1a: Starmie
|faint|p2a: Zarude
|-damage|p1a: Starmie|46/100|[from] item: Life Orb
|
|-weather|none
|upkeep
|
|t:|1653703286
|switch|p2a: Slowking|Slowking, F|38/100
|-damage|p2a: Slowking|25/100|[from] Stealth Rock
|turn|16
|
|t:|1653703291
|switch|p2a: Hippowdon|Hippowdon, M|84/100
|-damage|p2a: Hippowdon|78/100|[from] Stealth Rock
|-weather|Sandstorm|[from] ability: Sand Stream|[of] p2a: Hippowdon
|move|p1a: Starmie|Thunderbolt|p2a: Hippowdon
|-immune|p2a: Hippowdon
|
|-weather|Sandstorm|[upkeep]
|-damage|p1a: Starmie|40/100|[from] Sandstorm
|upkeep
|turn|17
|
|t:|1653703305
|switch|p2a: Slowking|Slowking, F|58/100
|-damage|p2a: Slowking|46/100|[from] Stealth Rock
|move|p1a: Starmie|Hydro Pump|p2a: Slowking
|-resisted|p2a: Slowking
|-damage|p2a: Slowking|20/100
|-damage|p1a: Starmie|30/100|[from] item: Life Orb
|
|-weather|Sandstorm|[upkeep]
|-damage|p1a: Starmie|24/100|[from] Sandstorm
|-damage|p2a: Slowking|14/100|[from] Sandstorm
|upkeep
|turn|18
|
|t:|1653703330
|switch|p2a: Noivern|Noivern, M|46/100
|move|p1a: Starmie|Hydro Pump|p2a: Noivern|[miss]
|-miss|p1a: Starmie|p2a: Noivern
|
|-weather|Sandstorm|[upkeep]
|-damage|p1a: Starmie|18/100|[from] Sandstorm
|-damage|p2a: Noivern|40/100|[from] Sandstorm
|upkeep
|turn|19
|
|t:|1653703347
|switch|p2a: Slowking|Slowking, F|47/100
|-damage|p2a: Slowking|35/100|[from] Stealth Rock
|move|p1a: Starmie|Psyshock|p2a: Slowking
|-resisted|p2a: Slowking
|-damage|p2a: Slowking|11/100
|-damage|p1a: Starmie|8/100|[from] item: Life Orb
|
|-weather|Sandstorm|[upkeep]
|-damage|p1a: Starmie|2/100|[from] Sandstorm
|-damage|p2a: Slowking|5/100|[from] Sandstorm
|upkeep
|turn|20
|
|t:|1653703358
|switch|p2a: Skarmory|Skarmory, F|88/100
|-damage|p2a: Skarmory|76/100|[from] Stealth Rock
|move|p1a: Starmie|Hydro Pump|p2a: Skarmory
|-damage|p2a: Skarmory|0 fnt
|faint|p2a: Skarmory
|-damage|p1a: Starmie|0 fnt|[from] item: Life Orb
|faint|p1a: Starmie
|
|-weather|none
|upkeep
|
|t:|1653703371
|switch|p1a: Tangrowth|Tangrowth, M|57/100
|switch|p2a: Noivern|Noivern, M|40/100
|turn|21
|
|t:|1653703378
|switch|p1a: Darmanitan|Darmanitan, M|100/100
|move|p2a: Noivern|Roost|p2a: Noivern
|-heal|p2a: Noivern|90/100
|-singleturn|p2a: Noivern|move: Roost
|
|upkeep
|turn|22
|
|t:|1653703391
|move|p1a: Darmanitan|U-turn|p2a: Noivern
|-resisted|p2a: Noivern
|-damage|p2a: Noivern|72/100
|
|t:|1653703394
|switch|p1a: Tangrowth|Tangrowth, M|91/100|[from]move: U-turn
|move|p2a: Noivern|Draco Meteor|p1a: Tangrowth
|-damage|p1a: Tangrowth|55/100
|-unboost|p2a: Noivern|spa|2
|
|upkeep
|turn|23
|
|t:|1653703405
|move|p2a: Noivern|U-turn|p1a: Tangrowth
|-supereffective|p1a: Tangrowth
|-crit|p1a: Tangrowth
|-damage|p1a: Tangrowth|32/100
|
|t:|1653703419
|switch|p2a: Thundurus|Thundurus-Therian, M|100/100|[from]move: U-turn
|move|p1a: Tangrowth|Knock Off|p2a: Thundurus
|-damage|p2a: Thundurus|69/100
|-enditem|p2a: Thundurus|Heavy-Duty Boots|[from] move: Knock Off|[of] p1a: Tangrowth
|
|upkeep
|turn|24
|
|t:|1653703436
|switch|p1a: Darmanitan|Darmanitan, M|100/100
|move|p2a: Thundurus|Volt Switch|p1a: Darmanitan
|-damage|p1a: Darmanitan|37/100
|
|t:|1653703449
|switch|p2a: Noivern|Noivern, M|72/100|[from]move: Volt Switch
|
|upkeep
|turn|25
|
|t:|1653703453
|move|p1a: Darmanitan|Rock Slide|p2a: Noivern
|-supereffective|p2a: Noivern
|-damage|p2a: Noivern|0 fnt
|faint|p2a: Noivern
|
|upkeep
|
|t:|1653703468
|switch|p2a: Hippowdon|Hippowdon, M|78/100
|-damage|p2a: Hippowdon|72/100|[from] Stealth Rock
|-weather|Sandstorm|[from] ability: Sand Stream|[of] p2a: Hippowdon
|turn|26
|
|t:|1653703480
|switch|p1a: Tangrowth|Tangrowth, M|65/100
|move|p2a: Hippowdon|Stealth Rock|p1a: Tangrowth
|-sidestart|p1: DDD951|move: Stealth Rock
|
|-weather|Sandstorm|[upkeep]
|-damage|p1a: Tangrowth|59/100|[from] Sandstorm
|upkeep
|turn|27
|
|t:|1653703487
|move|p2a: Hippowdon|Toxic|p1a: Tangrowth
|-status|p1a: Tangrowth|tox
|move|p1a: Tangrowth|Giga Drain|p2a: Hippowdon
|-supereffective|p2a: Hippowdon
|-damage|p2a: Hippowdon|32/100
|-heal|p1a: Tangrowth|80/100 tox|[from] drain|[of] p2a: Hippowdon
|
|-weather|Sandstorm|[upkeep]
|-damage|p1a: Tangrowth|74/100 tox|[from] Sandstorm
|-damage|p1a: Tangrowth|67/100 tox|[from] psn
|upkeep
|turn|28
|
|t:|1653703499
|switch|p1a: Gyarados|Gyarados, F|100/100
|-damage|p1a: Gyarados|76/100|[from] Stealth Rock
|-ability|p1a: Gyarados|Intimidate|boost
|-unboost|p2a: Hippowdon|atk|1
|move|p2a: Hippowdon|Slack Off|p2a: Hippowdon
|-heal|p2a: Hippowdon|82/100
|
|-weather|Sandstorm|[upkeep]
|-damage|p1a: Gyarados|69/100|[from] Sandstorm
|-heal|p1a: Gyarados|76/100|[from] item: Leftovers
|upkeep
|turn|29
|
|t:|1653703510
|switch|p2a: Thundurus|Thundurus-Therian, M|69/100
|-damage|p2a: Thundurus|44/100|[from] Stealth Rock
|move|p1a: Gyarados|Substitute|p1a: Gyarados
|-start|p1a: Gyarados|Substitute
|-damage|p1a: Gyarados|51/100
|
|-weather|Sandstorm|[upkeep]
|-damage|p2a: Thundurus|38/100|[from] Sandstorm
|-damage|p1a: Gyarados|45/100|[from] Sandstorm
|-heal|p1a: Gyarados|51/100|[from] item: Leftovers
|upkeep
|turn|30
|
|t:|1653703519
|move|p2a: Thundurus|Volt Switch|p1a: Gyarados
|-supereffective|p1a: Gyarados
|-end|p1a: Gyarados|Substitute
|
|t:|1653703529
|switch|p2a: Slowking|Slowking, F|38/100|[from]move: Volt Switch
|-damage|p2a: Slowking|26/100|[from] Stealth Rock
|move|p1a: Gyarados|Dragon Dance|p1a: Gyarados
|-boost|p1a: Gyarados|atk|1
|-boost|p1a: Gyarados|spe|1
|
|-weather|none
|-heal|p1a: Gyarados|57/100|[from] item: Leftovers
|upkeep
|turn|31
|
|t:|1653703538
|move|p1a: Gyarados|Substitute|p1a: Gyarados
|-start|p1a: Gyarados|Substitute
|-damage|p1a: Gyarados|32/100
|move|p2a: Slowking|Future Sight|p1a: Gyarados
|-start|p2a: Slowking|move: Future Sight
|
|-heal|p1a: Gyarados|38/100|[from] item: Leftovers
|upkeep
|turn|32
|
|t:|1653703545
|move|p1a: Gyarados|Dragon Dance|p1a: Gyarados
|-boost|p1a: Gyarados|atk|1
|-boost|p1a: Gyarados|spe|1
|move|p2a: Slowking|Slack Off|p2a: Slowking
|-heal|p2a: Slowking|76/100
|
|-heal|p1a: Gyarados|44/100|[from] item: Leftovers
|upkeep
|turn|33
|
|t:|1653703552
|move|p1a: Gyarados|Bounce||[still]
|-prepare|p1a: Gyarados|Bounce
|move|p2a: Slowking|Scald|p1a: Gyarados|[miss]|[miss]
|-miss|p2a: Slowking|p1a: Gyarados
|
|-end|p1a: Gyarados|move: Future Sight
|-miss|p2a: Slowking|p1a: Gyarados
|-heal|p1a: Gyarados|50/100|[from] item: Leftovers
|upkeep
|turn|34
|
|t:|1653703560
|switch|p2a: Hippowdon|Hippowdon, M|82/100
|-damage|p2a: Hippowdon|75/100|[from] Stealth Rock
|-weather|Sandstorm|[from] ability: Sand Stream|[of] p2a: Hippowdon
|move|p1a: Gyarados|Bounce|p2a: Hippowdon|[from]lockedmove
|-damage|p2a: Hippowdon|18/100
|-damage|p1a: Gyarados|34/100|[from] item: Rocky Helmet|[of] p2a: Hippowdon
|
|-weather|Sandstorm|[upkeep]
|-damage|p1a: Gyarados|27/100|[from] Sandstorm
|-heal|p1a: Gyarados|34/100|[from] item: Leftovers
|upkeep
|turn|35
|
|t:|1653703572
|switch|p2a: Slowking|Slowking, F|100/100
|-damage|p2a: Slowking|88/100|[from] Stealth Rock
|move|p1a: Gyarados|Waterfall|p2a: Slowking
|-resisted|p2a: Slowking
|-damage|p2a: Slowking|58/100
|
|-weather|Sandstorm|[upkeep]
|-damage|p1a: Gyarados|27/100|[from] Sandstorm
|-damage|p2a: Slowking|52/100|[from] Sandstorm
|-heal|p1a: Gyarados|34/100|[from] item: Leftovers
|upkeep
|turn|36
|
|t:|1653703583
|move|p1a: Gyarados|Dragon Dance|p1a: Gyarados
|-boost|p1a: Gyarados|atk|1
|-boost|p1a: Gyarados|spe|1
|move|p2a: Slowking|Slack Off|p2a: Slowking
|-heal|p2a: Slowking|100/100
|
|-weather|Sandstorm|[upkeep]
|-damage|p1a: Gyarados|27/100|[from] Sandstorm
|-damage|p2a: Slowking|94/100|[from] Sandstorm
|-heal|p1a: Gyarados|34/100|[from] item: Leftovers
|upkeep
|turn|37
|
|t:|1653703592
|move|p1a: Gyarados|Dragon Dance|p1a: Gyarados
|-boost|p1a: Gyarados|atk|1
|-boost|p1a: Gyarados|spe|1
|move|p2a: Slowking|Scald|p1a: Gyarados
|-resisted|p1a: Gyarados
|-activate|p1a: Gyarados|move: Substitute|[damage]
|
|-weather|Sandstorm|[upkeep]
|-damage|p1a: Gyarados|27/100|[from] Sandstorm
|-damage|p2a: Slowking|88/100|[from] Sandstorm
|-heal|p1a: Gyarados|34/100|[from] item: Leftovers
|upkeep
|turn|38
|
|t:|1653703602
|move|p1a: Gyarados|Bounce||[still]
|-prepare|p1a: Gyarados|Bounce
|move|p2a: Slowking|Scald|p1a: Gyarados|[miss]
|-miss|p2a: Slowking|p1a: Gyarados
|
|-weather|none
|-heal|p1a: Gyarados|40/100|[from] item: Leftovers
|upkeep
|turn|39
|
|t:|1653703613
|switch|p2a: Hippowdon|Hippowdon, M|18/100
|-damage|p2a: Hippowdon|12/100|[from] Stealth Rock
|-weather|Sandstorm|[from] ability: Sand Stream|[of] p2a: Hippowdon
|move|p1a: Gyarados|Bounce|p2a: Hippowdon|[from]lockedmove
|-damage|p2a: Hippowdon|0 fnt
|-damage|p1a: Gyarados|23/100|[from] item: Rocky Helmet|[of] p2a: Hippowdon
|faint|p2a: Hippowdon
|
|-weather|Sandstorm|[upkeep]
|-damage|p1a: Gyarados|17/100|[from] Sandstorm
|-heal|p1a: Gyarados|23/100|[from] item: Leftovers
|upkeep
|
|t:|1653703620
|switch|p2a: Slowking|Slowking, F|100/100
|-damage|p2a: Slowking|88/100|[from] Stealth Rock
|turn|40
|
|t:|1653703628
|move|p1a: Gyarados|Bounce||[still]
|-prepare|p1a: Gyarados|Bounce
|move|p2a: Slowking|Scald|p1a: Gyarados|[miss]
|-miss|p2a: Slowking|p1a: Gyarados
|
|-weather|Sandstorm|[upkeep]
|-damage|p1a: Gyarados|17/100|[from] Sandstorm
|-damage|p2a: Slowking|82/100|[from] Sandstorm
|-heal|p1a: Gyarados|23/100|[from] item: Leftovers
|upkeep
|turn|41
|
|t:|1653703644
|move|p1a: Gyarados|Bounce|p2a: Slowking|[from]lockedmove
|-damage|p2a: Slowking|0 fnt
|faint|p2a: Slowking
|
|-weather|Sandstorm|[upkeep]
|-damage|p1a: Gyarados|17/100|[from] Sandstorm
|-heal|p1a: Gyarados|23/100|[from] item: Leftovers
|upkeep
|
|t:|1653703647
|switch|p2a: Thundurus|Thundurus-Therian, M|38/100
|-damage|p2a: Thundurus|13/100|[from] Stealth Rock
|turn|42
|
|t:|1653703654
|move|p1a: Gyarados|Waterfall|p2a: Thundurus
|-damage|p2a: Thundurus|0 fnt
|faint|p2a: Thundurus
|
|win|DDD951
|raw|DDD951's rating: 1437 &rarr; <strong>1450</strong><br />(+13 for winning)
|raw|a rookie's rating: 1301 &rarr; <strong>1288</strong><br />(-13 for losing)
||Ladder isn't responding, score probably updated but might not have (Request timeout).
