|j|☆ihteallfruits
|j|☆DDD951
|t:|1665087502
|gametype|singles
|player|p1|ihteallfruits|102|1357
|player|p2|DDD951|102|1408
|teamsize|p1|6
|teamsize|p2|6
|gen|8
|tier|[Gen 8] UU
|rated|
|rule|Sleep Clause Mod: Limit one foe put to sleep
|rule|Species Clause: Limit one of each Pokémon
|rule|OHKO Clause: OHKO moves are banned
|rule|Evasion Items Clause: Evasion items are banned
|rule|Evasion Moves Clause: Evasion moves are banned
|rule|Endless Battle Clause: Forcing endless battles is banned
|rule|HP Percentage Mod: HP is shown in percentages
|rule|Dynamax Clause: You cannot dynamax
|clearpoke
|poke|p1|Rotom-Wash|
|poke|p1|Amoonguss, F|
|poke|p1|Skarmory, M|
|poke|p1|Chansey, F|
|poke|p1|Darmanitan, F|
|poke|p1|Mamoswine, M|
|poke|p2|Scizor, M|
|poke|p2|Gyarados, M|
|poke|p2|Starmie|
|poke|p2|Nihilego|
|poke|p2|Tangrowth, M|
|poke|p2|Darmanitan, M|
|teampreview
|inactive|Battle timer is ON: inactive players will automatically lose when time's up. (requested by ihteallfruits)
|
|t:|1665087522
|start
|switch|p1a: Darmanitan|Darmanitan, F|100/100
|switch|p2a: Darmanitan|Darmanitan, M|100/100
|turn|1
|
|t:|1665087526
|move|p2a: Darmanitan|Rock Slide|p1a: Darmanitan
|-supereffective|p1a: Darmanitan
|-damage|p1a: Darmanitan|0 fnt
|faint|p1a: Darmanitan
|
|upkeep
|
|t:|1665087533
|switch|p1a: Rotom|Rotom-Wash|100/100
|turn|2
|
|t:|1665087537
|switch|p2a: Tangrowth|Tangrowth, M|100/100
|move|p1a: Rotom|Hydro Pump|p2a: Tangrowth
|-resisted|p2a: Tangrowth
|-damage|p2a: Tangrowth|86/100
|
|upkeep
|turn|3
|
|t:|1665087543
|switch|p1a: Amoonguss|Amoonguss, F|100/100
|move|p2a: Tangrowth|Knock Off|p1a: Amoonguss
|-damage|p1a: Amoonguss|83/100
|-damage|p2a: Tangrowth|70/100|[from] item: Rocky Helmet|[of] p1a: Amoonguss
|-enditem|p1a: Amoonguss|Rocky Helmet|[from] move: Knock Off|[of] p2a: Tangrowth
|
|upkeep
|turn|4
|
|t:|1665087554
|move|p2a: Tangrowth|Sludge Bomb|p1a: Amoonguss
|-damage|p1a: Amoonguss|65/100
|move|p1a: Amoonguss|Toxic|p2a: Tangrowth
|-status|p2a: Tangrowth|tox
|
|-damage|p2a: Tangrowth|63/100 tox|[from] psn
|upkeep
|turn|5
|
|t:|1665087561
|switch|p2a: Darmanitan|Darmanitan, M|100/100
|move|p1a: Amoonguss|Sludge Bomb|p2a: Darmanitan
|-damage|p2a: Darmanitan|60/100
|-status|p2a: Darmanitan|psn
|
|-damage|p2a: Darmanitan|48/100 psn|[from] psn
|upkeep
|turn|6
|
|t:|1665087580
|switch|p1a: Skarmory|Skarmory, M|100/100
|move|p2a: Darmanitan|U-turn|p1a: Skarmory
|-resisted|p1a: Skarmory
|-damage|p1a: Skarmory|97/100
|-damage|p2a: Darmanitan|32/100 psn|[from] item: Rocky Helmet|[of] p1a: Skarmory
|
|t:|1665087590
|switch|p2a: Nihilego|Nihilego|100/100|[from]move: U-turn
|
|upkeep
|turn|7
|
|t:|1665087610
|move|p2a: Nihilego|Stealth Rock|p1a: Skarmory
|-sidestart|p1: ihteallfruits|move: Stealth Rock
|move|p1a: Skarmory|Body Press|p2a: Nihilego
|-damage|p2a: Nihilego|45/100
|
|-heal|p2a: Nihilego|51/100|[from] item: Black Sludge
|upkeep
|turn|8
|
|t:|1665087617
|switch|p2a: Starmie|Starmie|100/100
|move|p1a: Skarmory|Defog|p2a: Starmie
|-unboost|p2a: Starmie|evasion|1
|-sideend|p1: ihteallfruits|Stealth Rock|[from] move: Defog|[of] p1a: Skarmory
|
|upkeep
|turn|9
|
|t:|1665087624
|switch|p2a: Darmanitan|Darmanitan, M|32/100 psn
|switch|p1a: Mamoswine|Mamoswine, M|100/100
|
|-damage|p2a: Darmanitan|19/100 psn|[from] psn
|upkeep
|turn|10
|
|t:|1665087631
|move|p1a: Mamoswine|Ice Shard|p2a: Darmanitan
|-resisted|p2a: Darmanitan
|-damage|p2a: Darmanitan|1/100 psn
|move|p2a: Darmanitan|Trick|p1a: Mamoswine
|-activate|p2a: Darmanitan|move: Trick|[of] p1a: Mamoswine
|-item|p1a: Mamoswine|Choice Scarf|[from] move: Trick
|-item|p2a: Darmanitan|Focus Sash|[from] move: Trick
|
|-damage|p2a: Darmanitan|0 fnt|[from] psn
|faint|p2a: Darmanitan
|upkeep
|
|t:|1665087640
|switch|p2a: Starmie|Starmie|100/100
|turn|11
|
|t:|1665087644
|switch|p1a: Chansey|Chansey, F|100/100
|move|p2a: Starmie|Psyshock|p1a: Chansey
|-damage|p1a: Chansey|65/100
|-damage|p2a: Starmie|91/100|[from] item: Life Orb
|
|upkeep
|turn|12
|
|t:|1665087651
|switch|p2a: Nihilego|Nihilego|51/100
|move|p1a: Chansey|Wish|p1a: Chansey
|
|-heal|p2a: Nihilego|57/100|[from] item: Black Sludge
|upkeep
|turn|13
|
|t:|1665087659
|switch|p1a: Mamoswine|Mamoswine, M|100/100
|move|p2a: Nihilego|Stealth Rock|p1a: Mamoswine
|-sidestart|p1: ihteallfruits|move: Stealth Rock
|
|-heal|p2a: Nihilego|63/100|[from] item: Black Sludge
|upkeep
|turn|14
|
|t:|1665087668
|switch|p2a: Scizor|Scizor, M|100/100
|move|p1a: Mamoswine|Earthquake|p2a: Scizor
|-damage|p2a: Scizor|61/100
|
|-heal|p2a: Scizor|67/100|[from] item: Leftovers
|upkeep
|turn|15
|
|t:|1665087676
|switch|p1a: Skarmory|Skarmory, M|97/100
|-damage|p1a: Skarmory|85/100|[from] Stealth Rock
|switch|p2a: Gyarados|Gyarados, M|100/100
|-ability|p2a: Gyarados|Intimidate|boost
|-unboost|p1a: Skarmory|atk|1
|
|upkeep
|turn|16
|
|t:|1665087687
|switch|p2a: Starmie|Starmie|91/100
|move|p1a: Skarmory|Defog|p2a: Starmie
|-unboost|p2a: Starmie|evasion|1
|-sideend|p1: ihteallfruits|Stealth Rock|[from] move: Defog|[of] p1a: Skarmory
|
|upkeep
|turn|17
|
|t:|1665087694
|switch|p1a: Mamoswine|Mamoswine, M|100/100
|move|p2a: Starmie|Hydro Pump|p1a: Mamoswine
|-supereffective|p1a: Mamoswine
|-damage|p1a: Mamoswine|0 fnt
|faint|p1a: Mamoswine
|-damage|p2a: Starmie|81/100|[from] item: Life Orb
|
|upkeep
|
|t:|1665087704
|switch|p1a: Rotom|Rotom-Wash|100/100
|turn|18
|
|t:|1665087708
|switch|p2a: Tangrowth|Tangrowth, M|97/100 tox
|move|p1a: Rotom|Volt Switch|p2a: Tangrowth
|-resisted|p2a: Tangrowth
|-damage|p2a: Tangrowth|86/100 tox
|
|t:|1665087714
|switch|p1a: Amoonguss|Amoonguss, F|98/100|[from]move: Volt Switch
|
|-damage|p2a: Tangrowth|80/100 tox|[from] psn
|upkeep
|turn|19
|
|t:|1665087719
|switch|p2a: Nihilego|Nihilego|63/100
|move|p1a: Amoonguss|Spore|p2a: Nihilego
|-status|p2a: Nihilego|slp|[from] move: Spore
|
|-heal|p2a: Nihilego|69/100 slp|[from] item: Black Sludge
|upkeep
|turn|20
|
|t:|1665087727
|switch|p2a: Starmie|Starmie|81/100
|move|p1a: Amoonguss|Spore|p2a: Starmie
|-message|Sleep Clause Mod activated.
|
|upkeep
|turn|21
|
|t:|1665087733
|move|p2a: Starmie|Psyshock|p1a: Amoonguss
|-supereffective|p1a: Amoonguss
|-damage|p1a: Amoonguss|28/100
|-damage|p2a: Starmie|71/100|[from] item: Life Orb
|move|p1a: Amoonguss|Giga Drain|p2a: Starmie
|-supereffective|p2a: Starmie
|-damage|p2a: Starmie|6/100
|-heal|p1a: Amoonguss|47/100|[from] drain|[of] p2a: Starmie
|
|upkeep
|turn|22
|
|t:|1665087741
|switch|p1a: Chansey|Chansey, F|65/100
|move|p2a: Starmie|Psyshock|p1a: Chansey
|-damage|p1a: Chansey|29/100
|-damage|p2a: Starmie|0 fnt|[from] item: Life Orb
|faint|p2a: Starmie
|
|upkeep
|
|t:|1665087749
|switch|p2a: Gyarados|Gyarados, M|100/100
|-ability|p2a: Gyarados|Intimidate|boost
|-unboost|p1a: Chansey|atk|1
|turn|23
|
|t:|1665087753
|switch|p1a: Skarmory|Skarmory, M|85/100
|move|p2a: Gyarados|Dragon Dance|p2a: Gyarados
|-boost|p2a: Gyarados|atk|1
|-boost|p2a: Gyarados|spe|1
|
|upkeep
|turn|24
|
|t:|1665087761
|move|p2a: Gyarados|Substitute|p2a: Gyarados
|-start|p2a: Gyarados|Substitute
|-damage|p2a: Gyarados|76/100
|move|p1a: Skarmory|Whirlwind|p2a: Gyarados
|drag|p2a: Scizor|Scizor, M|67/100
|
|-heal|p2a: Scizor|73/100|[from] item: Leftovers
|upkeep
|turn|25
|-message|DDD951 forfeited.
|
|win|ihteallfruits
|raw|ihteallfruits's rating: 1357 &rarr; <strong>1380</strong><br />(+23 for winning)
|raw|DDD951's rating: 1408 &rarr; <strong>1385</strong><br />(-23 for losing)
|l|☆DDD951
