|j|☆Chogster
|j|☆le_patrooon
|t:|1625597210
|gametype|singles
|player|p1|Chogster|2|1499
|player|p2|le_patrooon|lucas|1466
|teamsize|p1|6
|teamsize|p2|6
|gen|8
|tier|[Gen 8] UU
|rated|
|rule|Sleep Clause Mod: Limit one foe put to sleep
|rule|Species Clause: Limit one of each Pokémon
|rule|OHKO Clause: OHKO moves are banned
|rule|Evasion Moves Clause: Evasion moves are banned
|rule|Endless Battle Clause: Forcing endless battles is banned
|rule|HP Percentage Mod: HP is shown in percentages
|rule|Dynamax Clause: You cannot dynamax
|clearpoke
|poke|p1|Pelipper, M|
|poke|p1|Barraskewda, M|
|poke|p1|Thundurus-Therian, M|
|poke|p1|Kommo-o, F|
|poke|p1|Azumarill, F|
|poke|p1|Tangrowth, F|
|poke|p2|Weezing-Galar, M|
|poke|p2|Zygarde-10%|
|poke|p2|Registeel|
|poke|p2|Suicune|
|poke|p2|Celebi|
|poke|p2|Gyarados, F|
|teampreview
|
|t:|1625597233
|start
|switch|p1a: Pelipper|Pelipper, M|100/100
|switch|p2a: Registeel|Registeel|100/100
|-weather|RainDance|[from] ability: Drizzle|[of] p1a: Pelipper
|turn|1
|
|t:|1625597242
|move|p1a: Pelipper|Hydro Pump|p2a: Registeel
|-damage|p2a: Registeel|25/100
|move|p2a: Registeel|Toxic|p1a: Pelipper
|-status|p1a: Pelipper|tox
|
|-weather|RainDance|[upkeep]
|-heal|p2a: Registeel|31/100|[from] item: Leftovers
|-damage|p1a: Pelipper|94/100 tox|[from] psn
|upkeep
|turn|2
|
|t:|1625597253
|move|p2a: Registeel|Protect|p2a: Registeel
|-singleturn|p2a: Registeel|Protect
|move|p1a: Pelipper|Hydro Pump|p2a: Registeel
|-activate|p2a: Registeel|move: Protect
|
|-weather|RainDance|[upkeep]
|-heal|p2a: Registeel|37/100|[from] item: Leftovers
|-damage|p1a: Pelipper|82/100 tox|[from] psn
|upkeep
|turn|3
|
|t:|1625597262
|switch|p2a: Celebi|Celebi|100/100
|move|p1a: Pelipper|Hydro Pump|p2a: Celebi
|-resisted|p2a: Celebi
|-damage|p2a: Celebi|52/100
|
|-weather|RainDance|[upkeep]
|-heal|p2a: Celebi|59/100|[from] item: Leftovers
|-damage|p1a: Pelipper|64/100 tox|[from] psn
|upkeep
|turn|4
|
|t:|1625597279
|switch|p1a: Tangrowth|Tangrowth, F|100/100
|move|p2a: Celebi|Recover|p2a: Celebi
|-heal|p2a: Celebi|100/100
|
|-weather|RainDance|[upkeep]
|upkeep
|turn|5
|
|t:|1625597287
|move|p2a: Celebi|Nasty Plot|p2a: Celebi
|-boost|p2a: Celebi|spa|2
|move|p1a: Tangrowth|Knock Off|p2a: Celebi
|-supereffective|p2a: Celebi
|-damage|p2a: Celebi|57/100
|-enditem|p2a: Celebi|Leftovers|[from] move: Knock Off|[of] p1a: Tangrowth
|
|-weather|none
|upkeep
|turn|6
|
|t:|1625597296
|move|p2a: Celebi|Nasty Plot|p2a: Celebi
|-boost|p2a: Celebi|spa|2
|move|p1a: Tangrowth|Sludge Bomb|p2a: Celebi
|-supereffective|p2a: Celebi
|-damage|p2a: Celebi|24/100
|-status|p2a: Celebi|psn
|
|-damage|p2a: Celebi|12/100 psn|[from] psn
|upkeep
|turn|7
|
|t:|1625597306
|move|p2a: Celebi|Recover|p2a: Celebi
|-heal|p2a: Celebi|62/100 psn
|move|p1a: Tangrowth|Sludge Bomb|p2a: Celebi
|-supereffective|p2a: Celebi
|-damage|p2a: Celebi|29/100 psn
|
|-damage|p2a: Celebi|16/100 psn|[from] psn
|upkeep
|turn|8
|
|t:|1625597317
|move|p2a: Celebi|Recover|p2a: Celebi
|-heal|p2a: Celebi|66/100 psn
|move|p1a: Tangrowth|Sludge Bomb|p2a: Celebi
|-supereffective|p2a: Celebi
|-damage|p2a: Celebi|29/100 psn
|
|-damage|p2a: Celebi|17/100 psn|[from] psn
|upkeep
|turn|9
|
|t:|1625597326
|move|p2a: Celebi|Recover|p2a: Celebi
|-heal|p2a: Celebi|67/100 psn
|move|p1a: Tangrowth|Sludge Bomb|p2a: Celebi
|-supereffective|p2a: Celebi
|-damage|p2a: Celebi|29/100 psn
|
|-damage|p2a: Celebi|17/100 psn|[from] psn
|upkeep
|turn|10
|
|t:|1625597338
|move|p2a: Celebi|Recover|p2a: Celebi
|-heal|p2a: Celebi|67/100 psn
|move|p1a: Tangrowth|Sludge Bomb|p2a: Celebi
|-supereffective|p2a: Celebi
|-damage|p2a: Celebi|33/100 psn
|
|-damage|p2a: Celebi|21/100 psn|[from] psn
|upkeep
|turn|11
|
|t:|1625597348
|move|p2a: Celebi|Recover|p2a: Celebi
|-heal|p2a: Celebi|71/100 psn
|move|p1a: Tangrowth|Sludge Bomb|p2a: Celebi
|-supereffective|p2a: Celebi
|-damage|p2a: Celebi|35/100 psn
|
|-damage|p2a: Celebi|23/100 psn|[from] psn
|upkeep
|turn|12
|
|t:|1625597357
|move|p2a: Celebi|Recover|p2a: Celebi
|-heal|p2a: Celebi|73/100 psn
|move|p1a: Tangrowth|Sludge Bomb|p2a: Celebi
|-supereffective|p2a: Celebi
|-damage|p2a: Celebi|38/100 psn
|
|-damage|p2a: Celebi|25/100 psn|[from] psn
|upkeep
|turn|13
|
|t:|1625597366
|move|p2a: Celebi|Recover|p2a: Celebi
|-heal|p2a: Celebi|76/100 psn
|move|p1a: Tangrowth|Sludge Bomb|p2a: Celebi
|-supereffective|p2a: Celebi
|-damage|p2a: Celebi|38/100 psn
|
|-damage|p2a: Celebi|26/100 psn|[from] psn
|upkeep
|turn|14
|
|t:|1625597375
|move|p2a: Celebi|Recover|p2a: Celebi
|-heal|p2a: Celebi|76/100 psn
|move|p1a: Tangrowth|Sludge Bomb|p2a: Celebi
|-supereffective|p2a: Celebi
|-damage|p2a: Celebi|40/100 psn
|
|-damage|p2a: Celebi|27/100 psn|[from] psn
|upkeep
|turn|15
|
|t:|1625597385
|move|p2a: Celebi|Recover|p2a: Celebi
|-heal|p2a: Celebi|77/100 psn
|move|p1a: Tangrowth|Sludge Bomb|p2a: Celebi
|-supereffective|p2a: Celebi
|-damage|p2a: Celebi|43/100 psn
|
|-damage|p2a: Celebi|30/100 psn|[from] psn
|upkeep
|turn|16
|
|t:|1625597393
|switch|p2a: Registeel|Registeel|37/100
|move|p1a: Tangrowth|Sludge Bomb|p2a: Registeel
|-immune|p2a: Registeel
|
|-heal|p2a: Registeel|43/100|[from] item: Leftovers
|upkeep
|turn|17
|
|t:|1625597403
|move|p2a: Registeel|Stealth Rock|p1a: Tangrowth
|-sidestart|p1: Chogster|move: Stealth Rock
|move|p1a: Tangrowth|Knock Off|p2a: Registeel
|-damage|p2a: Registeel|29/100
|-enditem|p2a: Registeel|Leftovers|[from] move: Knock Off|[of] p1a: Tangrowth
|
|upkeep
|turn|18
|
|t:|1625597410
|move|p2a: Registeel|Toxic|p1a: Tangrowth
|-status|p1a: Tangrowth|tox
|move|p1a: Tangrowth|Focus Blast|p2a: Registeel|[miss]
|-miss|p1a: Tangrowth|p2a: Registeel
|
|-damage|p1a: Tangrowth|94/100 tox|[from] psn
|upkeep
|turn|19
|
|t:|1625597420
|move|p2a: Registeel|Protect|p2a: Registeel
|-singleturn|p2a: Registeel|Protect
|move|p1a: Tangrowth|Knock Off|p2a: Registeel
|-activate|p2a: Registeel|move: Protect
|
|-damage|p1a: Tangrowth|82/100 tox|[from] psn
|upkeep
|turn|20
|
|t:|1625597428
|switch|p2a: Weezing|Weezing-Galar, M|100/100
|move|p1a: Tangrowth|Focus Blast|p2a: Weezing|[miss]
|-miss|p1a: Tangrowth|p2a: Weezing
|
|-damage|p1a: Tangrowth|63/100 tox|[from] psn
|upkeep
|turn|21
|
|t:|1625597441
|switch|p1a: Thundurus|Thundurus-Therian, M|100/100
|move|p2a: Weezing|Will-O-Wisp|p1a: Thundurus
|-status|p1a: Thundurus|brn
|
|-damage|p1a: Thundurus|94/100 brn|[from] brn
|upkeep
|turn|22
|
|t:|1625597452
|switch|p2a: Zygarde|Zygarde-10%|100/100
|-ability|p2a: Zygarde|Aura Break
|move|p1a: Thundurus|Nasty Plot|p1a: Thundurus
|-boost|p1a: Thundurus|spa|2
|
|-damage|p1a: Thundurus|88/100 brn|[from] brn
|upkeep
|turn|23
|
|t:|1625597467
|switch|p1a: Tangrowth|Tangrowth, F|97/100 tox
|-damage|p1a: Tangrowth|84/100 tox|[from] Stealth Rock
|move|p2a: Zygarde|Thousand Arrows|p1a: Tangrowth
|-resisted|p1a: Tangrowth
|-damage|p1a: Tangrowth|64/100 tox
|
|-damage|p1a: Tangrowth|58/100 tox|[from] psn
|upkeep
|turn|24
|
|t:|1625597477
|switch|p2a: Weezing|Weezing-Galar, M|100/100
|move|p1a: Tangrowth|Knock Off|p2a: Weezing
|-resisted|p2a: Weezing
|-damage|p2a: Weezing|93/100
|-damage|p1a: Tangrowth|41/100 tox|[from] item: Rocky Helmet|[of] p2a: Weezing
|-enditem|p2a: Weezing|Rocky Helmet|[from] move: Knock Off|[of] p1a: Tangrowth
|
|-damage|p1a: Tangrowth|29/100 tox|[from] psn
|upkeep
|turn|25
|
|t:|1625597490
|switch|p1a: Thundurus|Thundurus-Therian, M|88/100 brn
|move|p2a: Weezing|Toxic Spikes|p1a: Thundurus
|-sidestart|p1: Chogster|move: Toxic Spikes
|
|-damage|p1a: Thundurus|82/100 brn|[from] brn
|upkeep
|turn|26
|
|t:|1625597498
|switch|p2a: Zygarde|Zygarde-10%|100/100
|-ability|p2a: Zygarde|Aura Break
|move|p1a: Thundurus|Psychic|p2a: Zygarde
|-damage|p2a: Zygarde|46/100
|
|-damage|p1a: Thundurus|76/100 brn|[from] brn
|upkeep
|turn|27
|
|t:|1625597509
|switch|p1a: Tangrowth|Tangrowth, F|62/100 tox
|-damage|p1a: Tangrowth|50/100 tox|[from] Stealth Rock
|move|p2a: Zygarde|Thousand Arrows|p1a: Tangrowth
|-resisted|p1a: Tangrowth
|-damage|p1a: Tangrowth|29/100 tox
|
|-damage|p1a: Tangrowth|23/100 tox|[from] psn
|upkeep
|turn|28
|
|t:|1625597530
|switch|p2a: Celebi|Celebi|30/100
|move|p1a: Tangrowth|Giga Drain|p2a: Celebi
|-resisted|p2a: Celebi
|-damage|p2a: Celebi|18/100
|-heal|p1a: Tangrowth|28/100 tox|[from] drain|[of] p2a: Celebi
|
|-damage|p1a: Tangrowth|16/100 tox|[from] psn
|upkeep
|turn|29
|
|t:|1625597543
|move|p2a: Celebi|Recover|p2a: Celebi
|-heal|p2a: Celebi|69/100
|move|p1a: Tangrowth|Sludge Bomb|p2a: Celebi
|-supereffective|p2a: Celebi
|-damage|p2a: Celebi|32/100
|
|-damage|p1a: Tangrowth|0 fnt|[from] psn
|faint|p1a: Tangrowth
|upkeep
|
|t:|1625597555
|switch|p1a: Barraskewda|Barraskewda, M|100/100
|-damage|p1a: Barraskewda|88/100|[from] Stealth Rock
|-status|p1a: Barraskewda|psn
|turn|30
|
|t:|1625597562
|switch|p2a: Weezing|Weezing-Galar, M|93/100
|move|p1a: Barraskewda|Flip Turn|p2a: Weezing
|-damage|p2a: Weezing|60/100
|
|t:|1625597567
|switch|p1a: Pelipper|Pelipper, M|64/100 tox|[from]move: Flip Turn
|-damage|p1a: Pelipper|39/100 tox|[from] Stealth Rock
|-weather|RainDance|[from] ability: Drizzle|[of] p1a: Pelipper
|
|-weather|RainDance|[upkeep]
|-damage|p1a: Pelipper|33/100 tox|[from] psn
|upkeep
|turn|31
|
|t:|1625597584
|switch|p2a: Celebi|Celebi|32/100
|move|p1a: Pelipper|Hurricane|p2a: Celebi
|-supereffective|p2a: Celebi
|-damage|p2a: Celebi|0 fnt
|faint|p2a: Celebi
|
|-weather|RainDance|[upkeep]
|-damage|p1a: Pelipper|21/100 tox|[from] psn
|upkeep
|
|t:|1625597593
|switch|p2a: Zygarde|Zygarde-10%|46/100
|-ability|p2a: Zygarde|Aura Break
|turn|32
|
|t:|1625597598
|move|p2a: Zygarde|Thousand Arrows|p1a: Pelipper
|-damage|p1a: Pelipper|0 fnt
|faint|p1a: Pelipper
|
|-weather|RainDance|[upkeep]
|upkeep
|
|t:|1625597605
|switch|p1a: Barraskewda|Barraskewda, M|88/100 psn
|-damage|p1a: Barraskewda|76/100 psn|[from] Stealth Rock
|turn|33
|
|t:|1625597610
|switch|p2a: Weezing|Weezing-Galar, M|60/100
|move|p1a: Barraskewda|Liquidation|p2a: Weezing
|-damage|p2a: Weezing|0 fnt
|faint|p2a: Weezing
|
|-weather|RainDance|[upkeep]
|-damage|p1a: Barraskewda|64/100 psn|[from] psn
|upkeep
|
|t:|1625597619
|switch|p2a: Registeel|Registeel|29/100
|turn|34
|
|t:|1625597625
|move|p2a: Registeel|Protect|p2a: Registeel
|-singleturn|p2a: Registeel|Protect
|move|p1a: Barraskewda|Liquidation|p2a: Registeel
|-activate|p2a: Registeel|move: Protect
|
|-weather|none
|-damage|p1a: Barraskewda|52/100 psn|[from] psn
|upkeep
|turn|35
|
|t:|1625597634
|switch|p2a: Suicune|Suicune|100/100
|-ability|p2a: Suicune|Pressure
|move|p1a: Barraskewda|Liquidation|p2a: Suicune
|-resisted|p2a: Suicune
|-damage|p2a: Suicune|80/100
|-unboost|p2a: Suicune|def|1
|
|-heal|p2a: Suicune|86/100|[from] item: Leftovers
|-damage|p1a: Barraskewda|40/100 psn|[from] psn
|upkeep
|turn|36
|
|t:|1625597647
|move|p1a: Barraskewda|Liquidation|p2a: Suicune
|-resisted|p2a: Suicune
|-damage|p2a: Suicune|55/100
|-unboost|p2a: Suicune|def|1
|move|p2a: Suicune|Roar|p1a: Barraskewda
|drag|p1a: Kommo-o|Kommo-o, F|100/100
|-status|p1a: Kommo-o|psn
|-damage|p1a: Kommo-o|94/100 psn|[from] Stealth Rock
|
|-heal|p2a: Suicune|61/100|[from] item: Leftovers
|-heal|p1a: Kommo-o|100/100 psn|[from] item: Leftovers
|-damage|p1a: Kommo-o|88/100 psn|[from] psn
|upkeep
|turn|37
|
|t:|1625597663
|move|p1a: Kommo-o|Toxic|p2a: Suicune
|-status|p2a: Suicune|tox
|move|p2a: Suicune|Roar|p1a: Kommo-o
|drag|p1a: Barraskewda|Barraskewda, M|40/100 psn
|-damage|p1a: Barraskewda|27/100 psn|[from] Stealth Rock
|
|-heal|p2a: Suicune|67/100 tox|[from] item: Leftovers
|-damage|p1a: Barraskewda|15/100 psn|[from] psn
|-damage|p2a: Suicune|61/100 tox|[from] psn
|upkeep
|turn|38
|
|t:|1625597677
|switch|p2a: Registeel|Registeel|29/100
|move|p1a: Barraskewda|Close Combat|p2a: Registeel
|-supereffective|p2a: Registeel
|-damage|p2a: Registeel|0 fnt
|-unboost|p1a: Barraskewda|def|1
|-unboost|p1a: Barraskewda|spd|1
|faint|p2a: Registeel
|
|-damage|p1a: Barraskewda|3/100 psn|[from] psn
|upkeep
|
|t:|1625597690
|switch|p2a: Gyarados|Gyarados, F|100/100
|turn|39
|
|t:|1625597695
|switch|p1a: Azumarill|Azumarill, F|100/100
|-damage|p1a: Azumarill|88/100|[from] Stealth Rock
|-status|p1a: Azumarill|psn
|move|p2a: Gyarados|Dragon Dance|p2a: Gyarados
|-boost|p2a: Gyarados|atk|1
|-boost|p2a: Gyarados|spe|1
|
|-damage|p1a: Azumarill|76/100 psn|[from] psn
|upkeep
|turn|40
|
|t:|1625597706
|move|p2a: Gyarados|Power Whip|p1a: Azumarill
|-supereffective|p1a: Azumarill
|-damage|p1a: Azumarill|0 fnt
|faint|p1a: Azumarill
|-ability|p2a: Gyarados|Moxie|boost
|-boost|p2a: Gyarados|atk|1
|
|upkeep
|
|t:|1625597713
|switch|p1a: Kommo-o|Kommo-o, F|88/100 psn
|-damage|p1a: Kommo-o|82/100 psn|[from] Stealth Rock
|turn|41
|
|t:|1625597719
|move|p2a: Gyarados|Bounce||[still]
|-prepare|p2a: Gyarados|Bounce
|-enditem|p2a: Gyarados|Power Herb
|-anim|p2a: Gyarados|Bounce|p1a: Kommo-o
|-supereffective|p1a: Kommo-o
|-damage|p1a: Kommo-o|0 fnt
|faint|p1a: Kommo-o
|-ability|p2a: Gyarados|Moxie|boost
|-boost|p2a: Gyarados|atk|1
|
|upkeep
|
|t:|1625597727
|switch|p1a: Thundurus|Thundurus-Therian, M|76/100 brn
|turn|42
|
|t:|1625597731
|move|p2a: Gyarados|Waterfall|p1a: Thundurus
|-damage|p1a: Thundurus|0 fnt
|faint|p1a: Thundurus
|-ability|p2a: Gyarados|Moxie|boost
|-boost|p2a: Gyarados|atk|1
|
|upkeep
|-message|Chogster forfeited.
|
|win|le_patrooon
|raw|Chogster's rating: 1499 &rarr; <strong>1477</strong><br />(-22 for losing)
|raw|le_patrooon's rating: 1465 &rarr; <strong>1487</strong><br />(+22 for winning)
|l|☆Chogster
