|j|☆Mimilucha
|j|☆haxlolo
|t:|1667166098
|gametype|singles
|player|p1|Mimilucha|ethan-masters|
|player|p2|haxlolo|giovanni-masters|
|teamsize|p1|6
|teamsize|p2|6
|gen|8
|tier|[Gen 8] UU
|rule|Sleep Clause Mod: Limit one foe put to sleep
|rule|Species Clause: Limit one of each Pokémon
|rule|OHKO Clause: OHKO moves are banned
|rule|Evasion Items Clause: Evasion items are banned
|rule|Evasion Moves Clause: Evasion moves are banned
|rule|Endless Battle Clause: Forcing endless battles is banned
|rule|HP Percentage Mod: HP is shown in percentages
|rule|Dynamax Clause: You cannot dynamax
|clearpoke
|poke|p1|Chandelure, M|
|poke|p1|Amoonguss, F|
|poke|p1|Cobalion|
|poke|p1|Mandibuzz, F|
|poke|p1|Rotom-Wash|
|poke|p1|Zygarde-10%|
|poke|p2|Porygon-Z|
|poke|p2|Thundurus-Therian, M|
|poke|p2|Azelf|
|poke|p2|Hydreigon, M|
|poke|p2|Tangrowth, M|
|poke|p2|Cobalion|
|teampreview
|inactive|Battle timer is ON: inactive players will automatically lose when time's up. (requested by Mimilucha)
|c|☆haxlolo|gl
|c|☆Mimilucha|hf
|inactive|Mimilucha has 270 seconds left.
|inactive|haxlolo has 270 seconds left.
|j| Jeza.p
|
|t:|1667166139
|start
|switch|p1a: Amoonguss|Amoonguss, F|100/100
|switch|p2a: Porygon-Z|Porygon-Z|100/100
|turn|1
|c| Jeza.p|Allez lolo
|c| Jeza.p|🐥🐥🐥
|j| Be Like Bisharp
|l| Jeza.p
|
|t:|1667166168
|switch|p1a: Cobalion|Cobalion|100/100
|move|p2a: Porygon-Z|Ice Beam|p1a: Cobalion
|-resisted|p1a: Cobalion
|-damage|p1a: Cobalion|65/100
|
|-heal|p1a: Cobalion|71/100|[from] item: Leftovers
|upkeep
|turn|2
|
|t:|1667166172
|switch|p2a: Azelf|Azelf|100/100
|move|p1a: Cobalion|Stealth Rock|p2a: Azelf
|-sidestart|p2: haxlolo|move: Stealth Rock
|
|-heal|p1a: Cobalion|77/100|[from] item: Leftovers
|upkeep
|turn|3
|j| Mirage's Peak
|
|t:|1667166178
|switch|p1a: Mandibuzz|Mandibuzz, F|100/100
|move|p2a: Azelf|Flamethrower|p1a: Mandibuzz
|-damage|p1a: Mandibuzz|77/100
|
|upkeep
|turn|4
|
|t:|1667166184
|move|p2a: Azelf|U-turn|p1a: Mandibuzz
|-damage|p1a: Mandibuzz|66/100
|
|t:|1667166197
|switch|p2a: Cobalion|Cobalion|100/100|[from]move: U-turn
|-damage|p2a: Cobalion|97/100|[from] Stealth Rock
|move|p1a: Mandibuzz|U-turn|p2a: Cobalion
|-resisted|p2a: Cobalion
|-damage|p2a: Cobalion|95/100
|-damage|p1a: Mandibuzz|50/100|[from] item: Rocky Helmet|[of] p2a: Cobalion
|
|t:|1667166203
|switch|p1a: Chandelure|Chandelure, M|100/100|[from]move: U-turn
|
|upkeep
|turn|5
|
|t:|1667166208
|move|p2a: Cobalion|Stone Edge|p1a: Chandelure
|-supereffective|p1a: Chandelure
|-crit|p1a: Chandelure
|-damage|p1a: Chandelure|0 fnt
|faint|p1a: Chandelure
|
|upkeep
|c|☆Mimilucha|,
|c|☆haxlolo|mb
|
|t:|1667166223
|switch|p1a: Zygarde|Zygarde-10%|100/100
|-ability|p1a: Zygarde|Aura Break
|turn|6
|
|t:|1667166236
|switch|p2a: Tangrowth|Tangrowth, M|100/100
|-damage|p2a: Tangrowth|88/100|[from] Stealth Rock
|move|p1a: Zygarde|Toxic|p2a: Tangrowth
|-status|p2a: Tangrowth|tox
|
|-damage|p2a: Tangrowth|82/100 tox|[from] psn
|upkeep
|turn|7
|j| mimilimi
|
|t:|1667166242
|switch|p1a: Mandibuzz|Mandibuzz, F|50/100
|switch|p2a: Porygon-Z|Porygon-Z|100/100
|-damage|p2a: Porygon-Z|88/100|[from] Stealth Rock
|
|upkeep
|turn|8
|
|t:|1667166246
|switch|p1a: Cobalion|Cobalion|77/100
|move|p2a: Porygon-Z|Tri Attack|p1a: Cobalion
|-resisted|p1a: Cobalion
|-damage|p1a: Cobalion|10/100
|
|-heal|p1a: Cobalion|17/100|[from] item: Leftovers
|upkeep
|turn|9
|
|t:|1667166254
|switch|p2a: Azelf|Azelf|100/100
|move|p1a: Cobalion|Close Combat|p2a: Azelf
|-resisted|p2a: Azelf
|-damage|p2a: Azelf|63/100
|-unboost|p1a: Cobalion|def|1
|-unboost|p1a: Cobalion|spd|1
|
|-heal|p1a: Cobalion|23/100|[from] item: Leftovers
|upkeep
|turn|10
|c| mimilimi|Go mimilucha
|
|t:|1667166265
|switch|p1a: Rotom|Rotom-Wash|100/100
|move|p2a: Azelf|Flamethrower|p1a: Rotom
|-resisted|p1a: Rotom
|-damage|p1a: Rotom|85/100
|
|-heal|p1a: Rotom|91/100|[from] item: Leftovers
|upkeep
|turn|11
|c| Mirage's Peak|ca fait mal cette merde de pory z
|
|t:|1667166271
|move|p2a: Azelf|U-turn|p1a: Rotom
|-damage|p1a: Rotom|73/100
|
|t:|1667166279
|switch|p2a: Thundurus|Thundurus-Therian, M|100/100|[from]move: U-turn
|move|p1a: Rotom|Hydro Pump|p2a: Thundurus|[miss]
|-miss|p1a: Rotom|p2a: Thundurus
|
|-heal|p1a: Rotom|79/100|[from] item: Leftovers
|upkeep
|turn|12
|
|t:|1667166285
|move|p2a: Thundurus|Volt Switch|p1a: Rotom
|-damage|p1a: Rotom|40/100
|
|t:|1667166288
|switch|p2a: Tangrowth|Tangrowth, M|100/100 tox|[from]move: Volt Switch
|-damage|p2a: Tangrowth|88/100 tox|[from] Stealth Rock
|move|p1a: Rotom|Hydro Pump|p2a: Tangrowth
|-resisted|p2a: Tangrowth
|-damage|p2a: Tangrowth|73/100 tox
|
|-heal|p1a: Rotom|46/100|[from] item: Leftovers
|-damage|p2a: Tangrowth|67/100 tox|[from] psn
|upkeep
|turn|13
|
|t:|1667166292
|switch|p1a: Amoonguss|Amoonguss, F|100/100
|move|p2a: Tangrowth|Knock Off|p1a: Amoonguss
|-damage|p1a: Amoonguss|84/100
|-damage|p2a: Tangrowth|50/100 tox|[from] item: Rocky Helmet|[of] p1a: Amoonguss
|-enditem|p1a: Amoonguss|Rocky Helmet|[from] move: Knock Off|[of] p2a: Tangrowth
|
|-damage|p2a: Tangrowth|38/100 tox|[from] psn
|upkeep
|turn|14
|
|t:|1667166304
|switch|p2a: Thundurus|Thundurus-Therian, M|100/100
|move|p1a: Amoonguss|Stun Spore|p2a: Thundurus
|-immune|p2a: Thundurus
|
|upkeep
|turn|15
|
|t:|1667166312
|move|p2a: Thundurus|Psychic|p1a: Amoonguss
|-supereffective|p1a: Amoonguss
|-damage|p1a: Amoonguss|25/100
|move|p1a: Amoonguss|Sludge Bomb|p2a: Thundurus
|-damage|p2a: Thundurus|61/100
|
|upkeep
|turn|16
|j| Jeza.p
|
|t:|1667166318
|switch|p1a: Zygarde|Zygarde-10%|100/100
|-ability|p1a: Zygarde|Aura Break
|move|p2a: Thundurus|Psychic|p1a: Zygarde
|-crit|p1a: Zygarde
|-damage|p1a: Zygarde|24/100
|
|upkeep
|turn|17
|
|t:|1667166327
|switch|p2a: Tangrowth|Tangrowth, M|71/100 tox
|-damage|p2a: Tangrowth|59/100 tox|[from] Stealth Rock
|move|p1a: Zygarde|Thousand Arrows|p2a: Tangrowth
|-resisted|p2a: Tangrowth
|-damage|p2a: Tangrowth|40/100 tox
|
|-damage|p2a: Tangrowth|33/100 tox|[from] psn
|upkeep
|turn|18
|
|t:|1667166344
|switch|p1a: Amoonguss|Amoonguss, F|59/100
|move|p2a: Tangrowth|Knock Off|p1a: Amoonguss
|-damage|p1a: Amoonguss|48/100
|
|-damage|p2a: Tangrowth|21/100 tox|[from] psn
|upkeep
|turn|19
|
|t:|1667166349
|switch|p2a: Thundurus|Thundurus-Therian, M|61/100
|move|p1a: Amoonguss|Synthesis|p1a: Amoonguss
|-heal|p1a: Amoonguss|98/100
|
|upkeep
|turn|20
|
|t:|1667166355
|move|p2a: Thundurus|Psychic|p1a: Amoonguss
|-supereffective|p1a: Amoonguss
|-damage|p1a: Amoonguss|32/100
|move|p1a: Amoonguss|Sludge Bomb|p2a: Thundurus
|-crit|p2a: Thundurus
|-damage|p2a: Thundurus|2/100
|-status|p2a: Thundurus|psn
|
|-damage|p2a: Thundurus|0 fnt|[from] psn
|faint|p2a: Thundurus
|upkeep
|
|t:|1667166359
|switch|p2a: Porygon-Z|Porygon-Z|88/100
|-damage|p2a: Porygon-Z|76/100|[from] Stealth Rock
|turn|21
|
|t:|1667166364
|switch|p1a: Rotom|Rotom-Wash|46/100
|move|p2a: Porygon-Z|Tri Attack|p1a: Rotom
|-damage|p1a: Rotom|0 fnt
|faint|p1a: Rotom
|
|upkeep
|
|t:|1667166374
|switch|p1a: Zygarde|Zygarde-10%|24/100
|-ability|p1a: Zygarde|Aura Break
|turn|22
|
|t:|1667166381
|switch|p2a: Hydreigon|Hydreigon, M|100/100
|-damage|p2a: Hydreigon|88/100|[from] Stealth Rock
|move|p1a: Zygarde|Thousand Arrows|p2a: Hydreigon
|-damage|p2a: Hydreigon|21/100
|-start|p2a: Hydreigon|Smack Down
|
|upkeep
|turn|23
|
|t:|1667166388
|switch|p1a: Cobalion|Cobalion|23/100
|move|p2a: Hydreigon|Draco Meteor|p1a: Cobalion
|-resisted|p1a: Cobalion
|-damage|p1a: Cobalion|0 fnt
|-unboost|p2a: Hydreigon|spa|2
|faint|p1a: Cobalion
|
|upkeep
|
|t:|1667166394
|switch|p1a: Mandibuzz|Mandibuzz, F|50/100
|turn|24
|
|t:|1667166402
|switch|p2a: Cobalion|Cobalion|95/100
|-damage|p2a: Cobalion|92/100|[from] Stealth Rock
|move|p1a: Mandibuzz|Roost|p1a: Mandibuzz
|-heal|p1a: Mandibuzz|99/100
|-singleturn|p1a: Mandibuzz|move: Roost
|
|upkeep
|turn|25
|
|t:|1667166409
|move|p2a: Cobalion|Swords Dance|p2a: Cobalion
|-boost|p2a: Cobalion|atk|2
|move|p1a: Mandibuzz|U-turn|p2a: Cobalion
|-resisted|p2a: Cobalion
|-damage|p2a: Cobalion|90/100
|-damage|p1a: Mandibuzz|83/100|[from] item: Rocky Helmet|[of] p2a: Cobalion
|
|t:|1667166411
|switch|p1a: Zygarde|Zygarde-10%|24/100|[from]move: U-turn
|-ability|p1a: Zygarde|Aura Break
|
|upkeep
|turn|26
|
|t:|1667166422
|switch|p2a: Hydreigon|Hydreigon, M|21/100
|-damage|p2a: Hydreigon|9/100|[from] Stealth Rock
|move|p1a: Zygarde|Thousand Arrows|p2a: Hydreigon
|-damage|p2a: Hydreigon|0 fnt
|faint|p2a: Hydreigon
|
|upkeep
|
|t:|1667166424
|switch|p2a: Tangrowth|Tangrowth, M|54/100 tox
|-damage|p2a: Tangrowth|42/100 tox|[from] Stealth Rock
|turn|27
|
|t:|1667166434
|switch|p1a: Mandibuzz|Mandibuzz, F|83/100
|switch|p2a: Porygon-Z|Porygon-Z|76/100
|-damage|p2a: Porygon-Z|64/100|[from] Stealth Rock
|
|upkeep
|turn|28
|
|t:|1667166439
|move|p2a: Porygon-Z|Tri Attack|p1a: Mandibuzz
|-damage|p1a: Mandibuzz|8/100
|move|p1a: Mandibuzz|U-turn|p2a: Porygon-Z
|-damage|p2a: Porygon-Z|49/100
|
|t:|1667166442
|switch|p1a: Zygarde|Zygarde-10%|24/100|[from]move: U-turn
|-ability|p1a: Zygarde|Aura Break
|
|upkeep
|turn|29
|
|t:|1667166449
|switch|p1a: Amoonguss|Amoonguss, F|65/100
|switch|p2a: Tangrowth|Tangrowth, M|75/100 tox
|-damage|p2a: Tangrowth|63/100 tox|[from] Stealth Rock
|
|-damage|p2a: Tangrowth|56/100 tox|[from] psn
|upkeep
|turn|30
|
|t:|1667166453
|switch|p2a: Porygon-Z|Porygon-Z|49/100
|-damage|p2a: Porygon-Z|37/100|[from] Stealth Rock
|move|p1a: Amoonguss|Stun Spore|p2a: Porygon-Z
|-status|p2a: Porygon-Z|par
|
|upkeep
|turn|31
|
|t:|1667166459
|switch|p1a: Mandibuzz|Mandibuzz, F|8/100
|cant|p2a: Porygon-Z|par
|
|upkeep
|turn|32
|j| btlt007 poulet
|
|t:|1667166464
|move|p1a: Mandibuzz|Roost|p1a: Mandibuzz
|-heal|p1a: Mandibuzz|58/100
|-singleturn|p1a: Mandibuzz|move: Roost
|cant|p2a: Porygon-Z|par
|
|upkeep
|turn|33
|j| Acura RL
|
|t:|1667166467
|move|p1a: Mandibuzz|Knock Off|p2a: Porygon-Z
|-damage|p2a: Porygon-Z|7/100 par
|-enditem|p2a: Porygon-Z|Choice Specs|[from] move: Knock Off|[of] p1a: Mandibuzz
|move|p2a: Porygon-Z|Tri Attack|p1a: Mandibuzz
|-damage|p1a: Mandibuzz|7/100
|
|upkeep
|turn|34
|
|t:|1667166472
|move|p1a: Mandibuzz|Roost|p1a: Mandibuzz
|-heal|p1a: Mandibuzz|57/100
|-singleturn|p1a: Mandibuzz|move: Roost
|move|p2a: Porygon-Z|Ice Beam|p1a: Mandibuzz
|-damage|p1a: Mandibuzz|29/100
|
|upkeep
|turn|35
|
|t:|1667166478
|move|p1a: Mandibuzz|Knock Off|p2a: Porygon-Z
|-damage|p2a: Porygon-Z|0 fnt
|faint|p2a: Porygon-Z
|
|upkeep
|
|t:|1667166481
|switch|p2a: Cobalion|Cobalion|90/100
|-damage|p2a: Cobalion|87/100|[from] Stealth Rock
|turn|36
|j| Phoat
|l| Phoat
|
|t:|1667166496
|switch|p1a: Amoonguss|Amoonguss, F|99/100
|move|p2a: Cobalion|Stone Edge|p1a: Amoonguss
|-damage|p1a: Amoonguss|80/100
|
|upkeep
|turn|37
|
|t:|1667166506
|move|p2a: Cobalion|Swords Dance|p2a: Cobalion
|-boost|p2a: Cobalion|atk|2
|move|p1a: Amoonguss|Stun Spore|p2a: Cobalion|[miss]
|-miss|p1a: Amoonguss|p2a: Cobalion
|
|upkeep
|turn|38
|
|t:|1667166510
|move|p2a: Cobalion|Swords Dance|p2a: Cobalion
|-boost|p2a: Cobalion|atk|2
|move|p1a: Amoonguss|Stun Spore|p2a: Cobalion
|-status|p2a: Cobalion|par
|
|upkeep
|turn|39
|j| Giraf58
|n| Btlt007 checkmate|miragespeak
|
|t:|1667166536
|cant|p2a: Cobalion|par
|move|p1a: Amoonguss|Synthesis|p1a: Amoonguss
|-heal|p1a: Amoonguss|100/100
|
|upkeep
|turn|40
|inactive|Mimilucha has 270 seconds left.
|
|t:|1667166565
|cant|p2a: Cobalion|par
|move|p1a: Amoonguss|Seed Bomb|p2a: Cobalion
|-resisted|p2a: Cobalion
|-damage|p2a: Cobalion|76/100 par
|
|upkeep
|turn|41
|
|t:|1667166571
|cant|p2a: Cobalion|par
|move|p1a: Amoonguss|Seed Bomb|p2a: Cobalion
|-resisted|p2a: Cobalion
|-damage|p2a: Cobalion|65/100 par
|
|upkeep
|turn|42
|l| Giraf58
|
|t:|1667166576
|move|p2a: Cobalion|Stone Edge|p1a: Amoonguss
|-damage|p1a: Amoonguss|38/100
|move|p1a: Amoonguss|Seed Bomb|p2a: Cobalion
|-resisted|p2a: Cobalion
|-damage|p2a: Cobalion|55/100 par
|
|upkeep
|turn|43
|c| Be Like Bisharp|kill him
|
|t:|1667166581
|cant|p2a: Cobalion|par
|move|p1a: Amoonguss|Seed Bomb|p2a: Cobalion
|-resisted|p2a: Cobalion
|-damage|p2a: Cobalion|45/100 par
|
|upkeep
|turn|44
|
|t:|1667166587
|move|p2a: Cobalion|Stone Edge|p1a: Amoonguss
|-damage|p1a: Amoonguss|0 fnt
|faint|p1a: Amoonguss
|
|upkeep
|
|t:|1667166590
|switch|p1a: Zygarde|Zygarde-10%|24/100
|-ability|p1a: Zygarde|Aura Break
|turn|45
|
|t:|1667166597
|switch|p2a: Tangrowth|Tangrowth, M|90/100 tox
|-damage|p2a: Tangrowth|77/100 tox|[from] Stealth Rock
|move|p1a: Zygarde|Thousand Arrows|p2a: Tangrowth
|-resisted|p2a: Tangrowth
|-damage|p2a: Tangrowth|58/100 tox
|
|-damage|p2a: Tangrowth|52/100 tox|[from] psn
|upkeep
|turn|46
|
|t:|1667166607
|move|p1a: Zygarde|Thousand Arrows|p2a: Tangrowth
|-resisted|p2a: Tangrowth
|-damage|p2a: Tangrowth|32/100 tox
|move|p2a: Tangrowth|Knock Off|p1a: Zygarde
|-damage|p1a: Zygarde|0 fnt
|-enditem|p1a: Zygarde|Choice Band|[from] move: Knock Off|[of] p2a: Tangrowth
|faint|p1a: Zygarde
|
|-damage|p2a: Tangrowth|20/100 tox|[from] psn
|upkeep
|
|t:|1667166610
|switch|p1a: Mandibuzz|Mandibuzz, F|29/100
|turn|47
|
|t:|1667166615
|move|p1a: Mandibuzz|Roost|p1a: Mandibuzz
|-heal|p1a: Mandibuzz|79/100
|-singleturn|p1a: Mandibuzz|move: Roost
|move|p2a: Tangrowth|Focus Blast|p1a: Mandibuzz
|-supereffective|p1a: Mandibuzz
|-damage|p1a: Mandibuzz|33/100
|
|-damage|p2a: Tangrowth|1/100 tox|[from] psn
|upkeep
|turn|48
|
|t:|1667166619
|move|p1a: Mandibuzz|Roost|p1a: Mandibuzz
|-heal|p1a: Mandibuzz|83/100
|-singleturn|p1a: Mandibuzz|move: Roost
|move|p2a: Tangrowth|Focus Blast|p1a: Mandibuzz|[miss]
|-miss|p2a: Tangrowth|p1a: Mandibuzz
|
|-damage|p2a: Tangrowth|0 fnt|[from] psn
|faint|p2a: Tangrowth
|upkeep
|
|t:|1667166622
|switch|p2a: Cobalion|Cobalion|45/100 par
|-damage|p2a: Cobalion|42/100 par|[from] Stealth Rock
|turn|49
|
|t:|1667166637
|move|p1a: Mandibuzz|Knock Off|p2a: Cobalion
|-resisted|p2a: Cobalion
|-damage|p2a: Cobalion|33/100 par
|-damage|p1a: Mandibuzz|66/100|[from] item: Rocky Helmet|[of] p2a: Cobalion
|-ability|p2a: Cobalion|Justified|boost
|-boost|p2a: Cobalion|atk|1
|-enditem|p2a: Cobalion|Rocky Helmet|[from] move: Knock Off|[of] p1a: Mandibuzz
|move|p2a: Cobalion|Swords Dance|p2a: Cobalion
|-boost|p2a: Cobalion|atk|2
|
|upkeep
|turn|50
|
|t:|1667166639
|move|p1a: Mandibuzz|Foul Play|p2a: Cobalion
|-resisted|p2a: Cobalion
|-crit|p2a: Cobalion
|-damage|p2a: Cobalion|0 fnt
|faint|p2a: Cobalion
|
|upkeep
|c|☆Mimilucha|this game
|c|☆Mimilucha|sucks
|
|t:|1667166656
|switch|p2a: Azelf|Azelf|63/100
|turn|51
|c|☆haxlolo|gg
|c|☆Mimilucha|37 min anw
|
|t:|1667166663
|move|p2a: Azelf|Flamethrower|p1a: Mandibuzz
|-damage|p1a: Mandibuzz|42/100
|move|p1a: Mandibuzz|Roost|p1a: Mandibuzz
|-heal|p1a: Mandibuzz|92/100
|-singleturn|p1a: Mandibuzz|move: Roost
|
|upkeep
|turn|52
|c|☆Mimilucha|gg
|
|t:|1667166675
|move|p2a: Azelf|Flamethrower|p1a: Mandibuzz
|-damage|p1a: Mandibuzz|69/100
|-status|p1a: Mandibuzz|brn
|move|p1a: Mandibuzz|Foul Play|p2a: Azelf
|-supereffective|p2a: Azelf
|-damage|p2a: Azelf|3/100
|
|-damage|p1a: Mandibuzz|62/100 brn|[from] brn
|upkeep
|turn|53
|c| Btlt007 checkmate|lets go
|
|t:|1667166678
|move|p2a: Azelf|Flamethrower|p1a: Mandibuzz
|-damage|p1a: Mandibuzz|37/100 brn
|move|p1a: Mandibuzz|Knock Off|p2a: Azelf
|-supereffective|p2a: Azelf
|-damage|p2a: Azelf|0 fnt
|-enditem|p2a: Azelf|Heavy-Duty Boots|[from] move: Knock Off|[of] p1a: Mandibuzz
|faint|p2a: Azelf
|
|win|Mimilucha
|c| mimilimi|Gg mimil!
|l| Jeza.p
|l| Acura RL
