|j|☆YUNG TOASTER BREAD
|j|☆pif
|t:|1645586605
|gametype|singles
|player|p1|YUNG TOASTER BREAD|byron|1523
|player|p2|pif|#uutrio2ladder|1678
|teamsize|p1|6
|teamsize|p2|6
|gen|8
|tier|[Gen 8] UU
|rated|
|rule|Sleep Clause Mod: Limit one foe put to sleep
|rule|Species Clause: Limit one of each Pokémon
|rule|OHKO Clause: OHKO moves are banned
|rule|Evasion Moves Clause: Evasion moves are banned
|rule|Endless Battle Clause: Forcing endless battles is banned
|rule|HP Percentage Mod: HP is shown in percentages
|rule|Dynamax Clause: You cannot dynamax
|clearpoke
|poke|p1|Scolipede, F|
|poke|p1|Chansey, F|
|poke|p1|Skarmory, F|
|poke|p1|Moltres|
|poke|p1|Krookodile, F|
|poke|p1|Azumarill, M|
|poke|p2|Regidrago|
|poke|p2|Sirfetch’d, F|
|poke|p2|Jirachi|
|poke|p2|Krookodile, F|
|poke|p2|Salamence, F|
|poke|p2|Celebi|
|teampreview
|inactive|Battle timer is ON: inactive players will automatically lose when time's up. (requested by YUNG TOASTER BREAD)
|
|t:|1645586716
|start
|switch|p1a: Azumarill|Azumarill, M|100/100
|switch|p2a: flier higher|Salamence, F|100/100
|-ability|p2a: flier higher|Intimidate|boost
|-unboost|p1a: Azumarill|atk|1
|turn|1
|
|t:|1645586723
|switch|p2a: funion onion|Celebi|100/100
|move|p1a: Azumarill|Play Rough|p2a: funion onion
|-damage|p2a: funion onion|53/100
|
|-heal|p2a: funion onion|59/100|[from] item: Leftovers
|upkeep
|turn|2
|
|t:|1645586733
|switch|p1a: Moltres|Moltres|100/100
|move|p2a: funion onion|Recover|p2a: funion onion
|-heal|p2a: funion onion|100/100
|
|upkeep
|turn|3
|
|t:|1645586740
|move|p1a: Moltres|Hurricane|p2a: funion onion
|-supereffective|p2a: funion onion
|-damage|p2a: funion onion|32/100
|-start|p2a: funion onion|confusion
|-activate|p2a: funion onion|confusion
|move|p2a: funion onion|Thunder Wave|p1a: Moltres
|-status|p1a: Moltres|par
|
|-heal|p2a: funion onion|38/100|[from] item: Leftovers
|upkeep
|turn|4
|
|t:|1645586751
|switch|p2a: flier higher|Salamence, F|100/100
|-ability|p2a: flier higher|Intimidate|boost
|-unboost|p1a: Moltres|atk|1
|cant|p1a: Moltres|par
|
|upkeep
|turn|5
|
|t:|1645586759
|move|p2a: flier higher|Draco Meteor|p1a: Moltres
|-damage|p1a: Moltres|32/100 par
|-unboost|p2a: flier higher|spa|2
|move|p1a: Moltres|Hurricane|p2a: flier higher
|-damage|p2a: flier higher|30/100
|-start|p2a: flier higher|confusion
|
|upkeep
|turn|6
|
|t:|1645586766
|switch|p2a: inch by flinch|Jirachi|100/100
|cant|p1a: Moltres|par
|
|upkeep
|turn|7
|
|t:|1645586771
|switch|p1a: Skarmory|Skarmory, F|100/100
|move|p2a: inch by flinch|Iron Head|p1a: Skarmory
|-resisted|p1a: Skarmory
|-damage|p1a: Skarmory|93/100
|-damage|p2a: inch by flinch|84/100|[from] item: Rocky Helmet|[of] p1a: Skarmory
|
|-heal|p2a: inch by flinch|90/100|[from] item: Leftovers
|upkeep
|turn|8
|
|t:|1645586777
|move|p2a: inch by flinch|Wish|p2a: inch by flinch
|move|p1a: Skarmory|Spikes|p2a: inch by flinch
|-sidestart|p2: pif|Spikes
|
|-heal|p2a: inch by flinch|96/100|[from] item: Leftovers
|upkeep
|turn|9
|
|t:|1645586785
|switch|p1a: Azumarill|Azumarill, M|100/100
|move|p2a: inch by flinch|U-turn|p1a: Azumarill
|-resisted|p1a: Azumarill
|-damage|p1a: Azumarill|91/100
|
|t:|1645586805
|switch|p2a: funion onion|Celebi|38/100|[from]move: U-turn
|-damage|p2a: funion onion|26/100|[from] Spikes
|
|-heal|p2a: funion onion|77/100|[from] move: Wish|[wisher] inch by flinch
|-heal|p2a: funion onion|83/100|[from] item: Leftovers
|upkeep
|turn|10
|
|t:|1645586813
|move|p2a: funion onion|U-turn|p1a: Azumarill
|-resisted|p1a: Azumarill
|-damage|p1a: Azumarill|82/100
|
|t:|1645586819
|switch|p2a: snouty pouty|Krookodile, F|100/100|[from]move: U-turn
|-damage|p2a: snouty pouty|88/100|[from] Spikes
|-ability|p2a: snouty pouty|Intimidate|boost
|-unboost|p1a: Azumarill|atk|1
|move|p1a: Azumarill|Ice Punch|p2a: snouty pouty
|-supereffective|p2a: snouty pouty
|-damage|p2a: snouty pouty|12/100
|
|-heal|p2a: snouty pouty|18/100|[from] item: Leftovers
|upkeep
|turn|11
|
|t:|1645586832
|switch|p1a: Skarmory|Skarmory, F|93/100
|move|p2a: snouty pouty|Stealth Rock|p1a: Skarmory
|-sidestart|p1: YUNG TOASTER BREAD|move: Stealth Rock
|
|-heal|p2a: snouty pouty|24/100|[from] item: Leftovers
|upkeep
|turn|12
|
|t:|1645586839
|move|p2a: snouty pouty|Knock Off|p1a: Skarmory
|-damage|p1a: Skarmory|66/100
|-damage|p2a: snouty pouty|7/100|[from] item: Rocky Helmet|[of] p1a: Skarmory
|-enditem|p1a: Skarmory|Rocky Helmet|[from] move: Knock Off|[of] p2a: snouty pouty
|move|p1a: Skarmory|Spikes|p2a: snouty pouty
|-sidestart|p2: pif|Spikes
|
|-heal|p2a: snouty pouty|13/100|[from] item: Leftovers
|upkeep
|turn|13
|
|t:|1645586847
|switch|p2a: flier higher|Salamence, F|30/100
|-ability|p2a: flier higher|Intimidate|boost
|-unboost|p1a: Skarmory|atk|1
|move|p1a: Skarmory|Body Press|p2a: flier higher
|-resisted|p2a: flier higher
|-crit|p2a: flier higher
|-damage|p2a: flier higher|2/100
|
|upkeep
|turn|14
|
|t:|1645586857
|switch|p1a: Krookodile|Krookodile, F|100/100
|-damage|p1a: Krookodile|94/100|[from] Stealth Rock
|move|p2a: flier higher|Roost|p2a: flier higher
|-heal|p2a: flier higher|52/100
|-singleturn|p2a: flier higher|move: Roost
|
|upkeep
|turn|15
|j| faded love ☭
|
|t:|1645586881
|switch|p2a: snouty pouty|Krookodile, F|13/100
|-damage|p2a: snouty pouty|0 fnt|[from] Spikes
|faint|p2a: snouty pouty
|move|p1a: Krookodile|Stone Edge|p2: snouty pouty|[notarget]
|-fail|p1a: Krookodile
|
|upkeep
|
|t:|1645586891
|switch|p2a: QUACK ATTACK|Sirfetch’d, F, shiny|100/100
|-damage|p2a: QUACK ATTACK|84/100|[from] Spikes
|turn|16
|
|t:|1645586898
|switch|p1a: Moltres|Moltres|32/100 par
|move|p2a: QUACK ATTACK|Close Combat|p1a: Moltres
|-resisted|p1a: Moltres
|-damage|p1a: Moltres|0 fnt
|-unboost|p2a: QUACK ATTACK|def|1
|-unboost|p2a: QUACK ATTACK|spd|1
|-status|p2a: QUACK ATTACK|brn|[from] ability: Flame Body|[of] p1a: Moltres
|faint|p1a: Moltres
|
|-damage|p2a: QUACK ATTACK|78/100 brn|[from] brn
|upkeep
|
|t:|1645586913
|switch|p1a: Scolipede|Scolipede, F|100/100
|-damage|p1a: Scolipede|76/100|[from] Stealth Rock
|turn|17
|
|t:|1645586918
|move|p1a: Scolipede|Swords Dance|p1a: Scolipede
|-boost|p1a: Scolipede|atk|2
|move|p2a: QUACK ATTACK|Brave Bird|p1a: Scolipede
|-supereffective|p1a: Scolipede
|-crit|p1a: Scolipede
|-damage|p1a: Scolipede|0 fnt
|faint|p1a: Scolipede
|-damage|p2a: QUACK ATTACK|54/100 brn|[from] Recoil
|
|-damage|p2a: QUACK ATTACK|47/100 brn|[from] brn
|upkeep
|
|t:|1645586932
|switch|p1a: Skarmory|Skarmory, F|66/100
|-damage|p1a: Skarmory|54/100|[from] Stealth Rock
|turn|18
|
|t:|1645586935
|switch|p2a: flier higher|Salamence, F|52/100
|-ability|p2a: flier higher|Intimidate|boost
|-unboost|p1a: Skarmory|atk|1
|move|p1a: Skarmory|Roost|p1a: Skarmory
|-heal|p1a: Skarmory|100/100
|-singleturn|p1a: Skarmory|move: Roost
|
|upkeep
|turn|19
|
|t:|1645586947
|switch|p1a: Chansey|Chansey, F|100/100
|-damage|p1a: Chansey|88/100|[from] Stealth Rock
|move|p2a: flier higher|Roost|p2a: flier higher
|-heal|p2a: flier higher|100/100
|-singleturn|p2a: flier higher|move: Roost
|
|upkeep
|turn|20
|
|t:|1645586954
|switch|p2a: inch by flinch|Jirachi|96/100
|-damage|p2a: inch by flinch|80/100|[from] Spikes
|move|p1a: Chansey|Stealth Rock|p2a: inch by flinch
|-sidestart|p2: pif|move: Stealth Rock
|
|-heal|p2a: inch by flinch|86/100|[from] item: Leftovers
|upkeep
|turn|21
|
|t:|1645586962
|move|p2a: inch by flinch|Wish|p2a: inch by flinch
|move|p1a: Chansey|Seismic Toss|p2a: inch by flinch
|-damage|p2a: inch by flinch|61/100
|
|-heal|p2a: inch by flinch|67/100|[from] item: Leftovers
|upkeep
|turn|22
|
|t:|1645586968
|move|p2a: inch by flinch|Iron Head|p1a: Chansey
|-damage|p1a: Chansey|70/100
|cant|p1a: Chansey|flinch
|
|-heal|p2a: inch by flinch|100/100|[from] move: Wish|[wisher] inch by flinch
|upkeep
|turn|23
|
|t:|1645586976
|move|p2a: inch by flinch|Iron Head|p1a: Chansey
|-damage|p1a: Chansey|50/100
|move|p1a: Chansey|Soft-Boiled|p1a: Chansey
|-heal|p1a: Chansey|99/100
|
|upkeep
|turn|24
|
|t:|1645586980
|switch|p1a: Skarmory|Skarmory, F|100/100
|-damage|p1a: Skarmory|88/100|[from] Stealth Rock
|move|p2a: inch by flinch|Wish|p2a: inch by flinch
|
|upkeep
|turn|25
|
|t:|1645586984
|move|p2a: inch by flinch|U-turn|p1a: Skarmory
|-resisted|p1a: Skarmory
|-damage|p1a: Skarmory|86/100
|
|t:|1645586987
|switch|p2a: funion onion|Celebi|83/100|[from]move: U-turn
|-damage|p2a: funion onion|66/100|[from] Spikes
|-damage|p2a: funion onion|54/100|[from] Stealth Rock
|move|p1a: Skarmory|Spikes|p2a: funion onion
|-sidestart|p2: pif|Spikes
|
|-heal|p2a: funion onion|100/100|[from] move: Wish|[wisher] inch by flinch
|upkeep
|turn|26
|
|t:|1645586994
|switch|p1a: Chansey|Chansey, F|99/100
|-damage|p1a: Chansey|88/100|[from] Stealth Rock
|move|p2a: funion onion|Thunder Wave|p1a: Chansey
|-status|p1a: Chansey|par
|
|upkeep
|turn|27
|
|t:|1645587011
|-curestatus|p1a: Chansey|par|[from] ability: Natural Cure
|switch|p1a: Skarmory|Skarmory, F|86/100
|-damage|p1a: Skarmory|74/100|[from] Stealth Rock
|move|p2a: funion onion|U-turn|p1a: Skarmory
|-resisted|p1a: Skarmory
|-damage|p1a: Skarmory|72/100
|
|t:|1645587015
|switch|p2a: flier higher|Salamence, F|100/100|[from]move: U-turn
|-ability|p2a: flier higher|Intimidate|boost
|-unboost|p1a: Skarmory|atk|1
|
|upkeep
|turn|28
|
|t:|1645587039
|switch|p1a: Chansey|Chansey, F|88/100
|-damage|p1a: Chansey|76/100|[from] Stealth Rock
|move|p2a: flier higher|Flamethrower|p1a: Chansey
|-damage|p1a: Chansey|67/100
|
|upkeep
|turn|29
|
|t:|1645587053
|switch|p2a: inch by flinch|Jirachi|100/100
|-damage|p2a: inch by flinch|75/100|[from] Spikes
|-damage|p2a: inch by flinch|69/100|[from] Stealth Rock
|switch|p1a: Krookodile|Krookodile, F|94/100
|-damage|p1a: Krookodile|88/100|[from] Stealth Rock
|
|-heal|p2a: inch by flinch|75/100|[from] item: Leftovers
|upkeep
|turn|30
|
|t:|1645587060
|move|p2a: inch by flinch|Protect|p2a: inch by flinch
|-singleturn|p2a: inch by flinch|Protect
|move|p1a: Krookodile|Knock Off|p2a: inch by flinch
|-activate|p2a: inch by flinch|move: Protect
|
|-heal|p2a: inch by flinch|82/100|[from] item: Leftovers
|upkeep
|turn|31
|
|t:|1645587062
|switch|p2a: flier higher|Salamence, F|100/100
|-ability|p2a: flier higher|Intimidate|boost
|-unboost|p1a: Krookodile|atk|1
|move|p1a: Krookodile|Knock Off|p2a: flier higher
|-damage|p2a: flier higher|65/100
|-enditem|p2a: flier higher|Heavy-Duty Boots|[from] move: Knock Off|[of] p1a: Krookodile
|
|upkeep
|turn|32
|
|t:|1645587067
|switch|p1a: Chansey|Chansey, F|67/100
|-damage|p1a: Chansey|54/100|[from] Stealth Rock
|move|p2a: flier higher|Defog|p1a: Chansey
|-unboost|p1a: Chansey|evasion|1
|-sideend|p1: YUNG TOASTER BREAD|Stealth Rock|[from] move: Defog|[of] p2a: flier higher
|-sideend|p2: pif|Spikes|[from] move: Defog|[of] p2a: flier higher
|-sideend|p2: pif|Stealth Rock|[from] move: Defog|[of] p2a: flier higher
|
|upkeep
|turn|33
|
|t:|1645587073
|move|p2a: flier higher|Roost|p2a: flier higher
|-heal|p2a: flier higher|100/100
|-singleturn|p2a: flier higher|move: Roost
|move|p1a: Chansey|Soft-Boiled|p1a: Chansey
|-heal|p1a: Chansey|100/100
|
|upkeep
|turn|34
|
|t:|1645587078
|switch|p2a: QUACK ATTACK|Sirfetch’d, F, shiny|47/100 brn
|move|p1a: Chansey|Stealth Rock|p2a: QUACK ATTACK
|-sidestart|p2: pif|move: Stealth Rock
|
|-damage|p2a: QUACK ATTACK|41/100 brn|[from] brn
|upkeep
|turn|35
|
|t:|1645587081
|switch|p1a: Skarmory|Skarmory, F|72/100
|move|p2a: QUACK ATTACK|Close Combat|p1a: Skarmory
|-crit|p1a: Skarmory
|-damage|p1a: Skarmory|42/100
|-unboost|p2a: QUACK ATTACK|def|1
|-unboost|p2a: QUACK ATTACK|spd|1
|
|-damage|p2a: QUACK ATTACK|35/100 brn|[from] brn
|upkeep
|turn|36
|
|t:|1645587086
|switch|p2a: inch by flinch|Jirachi|82/100
|-damage|p2a: inch by flinch|75/100|[from] Stealth Rock
|move|p1a: Skarmory|Roost|p1a: Skarmory
|-heal|p1a: Skarmory|92/100
|-singleturn|p1a: Skarmory|move: Roost
|
|-heal|p2a: inch by flinch|82/100|[from] item: Leftovers
|upkeep
|turn|37
|
|t:|1645587092
|switch|p1a: Chansey|Chansey, F|100/100
|move|p2a: inch by flinch|Wish|p2a: inch by flinch
|
|-heal|p2a: inch by flinch|88/100|[from] item: Leftovers
|upkeep
|turn|38
|
|t:|1645587098
|move|p2a: inch by flinch|Iron Head|p1a: Chansey
|-damage|p1a: Chansey|82/100
|cant|p1a: Chansey|flinch
|
|-heal|p2a: inch by flinch|100/100|[from] move: Wish|[wisher] inch by flinch
|upkeep
|turn|39
|
|t:|1645587103
|switch|p1a: Skarmory|Skarmory, F|92/100
|move|p2a: inch by flinch|Iron Head|p1a: Skarmory
|-resisted|p1a: Skarmory
|-damage|p1a: Skarmory|84/100
|
|upkeep
|turn|40
|
|t:|1645587107
|switch|p1a: Chansey|Chansey, F|82/100
|move|p2a: inch by flinch|Wish|p2a: inch by flinch
|
|upkeep
|turn|41
|
|t:|1645587112
|move|p2a: inch by flinch|Iron Head|p1a: Chansey
|-damage|p1a: Chansey|63/100
|cant|p1a: Chansey|flinch
|
|upkeep
|turn|42
|
|t:|1645587115
|move|p2a: inch by flinch|Iron Head|p1a: Chansey
|-damage|p1a: Chansey|44/100
|move|p1a: Chansey|Soft-Boiled|p1a: Chansey
|-heal|p1a: Chansey|94/100
|
|upkeep
|turn|43
|
|t:|1645587130
|move|p2a: inch by flinch|Iron Head|p1a: Chansey
|-damage|p1a: Chansey|77/100
|cant|p1a: Chansey|flinch
|
|upkeep
|turn|44
|
|t:|1645587134
|move|p2a: inch by flinch|Iron Head|p1a: Chansey
|-damage|p1a: Chansey|60/100
|cant|p1a: Chansey|flinch
|
|upkeep
|turn|45
|
|t:|1645587138
|move|p2a: inch by flinch|Iron Head|p1a: Chansey
|-damage|p1a: Chansey|41/100
|cant|p1a: Chansey|flinch
|
|upkeep
|turn|46
|
|t:|1645587142
|move|p2a: inch by flinch|Iron Head|p1a: Chansey
|-damage|p1a: Chansey|23/100
|cant|p1a: Chansey|flinch
|
|upkeep
|turn|47
|
|t:|1645587145
|move|p2a: inch by flinch|Iron Head|p1a: Chansey
|-damage|p1a: Chansey|6/100
|move|p1a: Chansey|Soft-Boiled|p1a: Chansey
|-heal|p1a: Chansey|56/100
|
|upkeep
|turn|48
|
|t:|1645587152
|move|p2a: inch by flinch|Iron Head|p1a: Chansey
|-damage|p1a: Chansey|38/100
|cant|p1a: Chansey|flinch
|
|upkeep
|turn|49
|
|t:|1645587155
|move|p2a: inch by flinch|Iron Head|p1a: Chansey
|-damage|p1a: Chansey|21/100
|cant|p1a: Chansey|flinch
|
|upkeep
|turn|50
|
|t:|1645587158
|move|p2a: inch by flinch|Iron Head|p1a: Chansey
|-damage|p1a: Chansey|3/100
|move|p1a: Chansey|Soft-Boiled|p1a: Chansey
|-heal|p1a: Chansey|53/100
|
|upkeep
|turn|51
|
|t:|1645587164
|switch|p1a: Skarmory|Skarmory, F|84/100
|move|p2a: inch by flinch|Iron Head|p1a: Skarmory
|-resisted|p1a: Skarmory
|-damage|p1a: Skarmory|76/100
|
|upkeep
|turn|52
|
|t:|1645587169
|move|p2a: inch by flinch|Wish|p2a: inch by flinch
|move|p1a: Skarmory|Roost|p1a: Skarmory
|-heal|p1a: Skarmory|100/100
|-singleturn|p1a: Skarmory|move: Roost
|
|upkeep
|turn|53
|
|t:|1645587174
|move|p2a: inch by flinch|U-turn|p1a: Skarmory
|-resisted|p1a: Skarmory
|-crit|p1a: Skarmory
|-damage|p1a: Skarmory|97/100
|
|t:|1645587180
|switch|p2a: funion onion|Celebi|100/100|[from]move: U-turn
|-damage|p2a: funion onion|88/100|[from] Stealth Rock
|move|p1a: Skarmory|Spikes|p2a: funion onion
|-sidestart|p2: pif|Spikes
|
|-heal|p2a: funion onion|100/100|[from] move: Wish|[wisher] inch by flinch
|upkeep
|turn|54
|
|t:|1645587184
|switch|p1a: Chansey|Chansey, F|53/100
|move|p2a: funion onion|U-turn|p1a: Chansey
|-damage|p1a: Chansey|44/100
|
|t:|1645587188
|switch|p2a: inch by flinch|Jirachi|100/100|[from]move: U-turn
|-damage|p2a: inch by flinch|94/100|[from] Stealth Rock
|-damage|p2a: inch by flinch|82/100|[from] Spikes
|
|-heal|p2a: inch by flinch|88/100|[from] item: Leftovers
|upkeep
|turn|55
|
|t:|1645587191
|switch|p1a: Skarmory|Skarmory, F|97/100
|move|p2a: inch by flinch|Iron Head|p1a: Skarmory
|-resisted|p1a: Skarmory
|-damage|p1a: Skarmory|89/100
|
|-heal|p2a: inch by flinch|94/100|[from] item: Leftovers
|upkeep
|turn|56
|
|t:|1645587194
|move|p2a: inch by flinch|U-turn|p1a: Skarmory
|-resisted|p1a: Skarmory
|-crit|p1a: Skarmory
|-damage|p1a: Skarmory|86/100
|
|t:|1645587197
|switch|p2a: funion onion|Celebi|100/100|[from]move: U-turn
|-damage|p2a: funion onion|88/100|[from] Spikes
|-damage|p2a: funion onion|76/100|[from] Stealth Rock
|move|p1a: Skarmory|Spikes|p2a: funion onion
|-sidestart|p2: pif|Spikes
|
|-heal|p2a: funion onion|82/100|[from] item: Leftovers
|upkeep
|turn|57
|
|t:|1645587202
|move|p2a: funion onion|U-turn|p1a: Skarmory
|-resisted|p1a: Skarmory
|-damage|p1a: Skarmory|84/100
|
|t:|1645587206
|switch|p2a: flier higher|Salamence, F|100/100|[from]move: U-turn
|-damage|p2a: flier higher|76/100|[from] Stealth Rock
|-ability|p2a: flier higher|Intimidate|boost
|-unboost|p1a: Skarmory|atk|1
|move|p1a: Skarmory|Body Press|p2a: flier higher
|-resisted|p2a: flier higher
|-damage|p2a: flier higher|54/100
|
|upkeep
|turn|58
|
|t:|1645587211
|switch|p2a: inch by flinch|Jirachi|94/100
|-damage|p2a: inch by flinch|88/100|[from] Stealth Rock
|-damage|p2a: inch by flinch|72/100|[from] Spikes
|switch|p1a: Azumarill|Azumarill, M|82/100
|
|-heal|p2a: inch by flinch|78/100|[from] item: Leftovers
|upkeep
|turn|59
|
|t:|1645587217
|move|p2a: inch by flinch|Iron Head|p1a: Azumarill
|-damage|p1a: Azumarill|49/100
|cant|p1a: Azumarill|flinch
|
|-heal|p2a: inch by flinch|84/100|[from] item: Leftovers
|upkeep
|turn|60
|
|t:|1645587225
|switch|p1a: Skarmory|Skarmory, F|84/100
|move|p2a: inch by flinch|Iron Head|p1a: Skarmory
|-resisted|p1a: Skarmory
|-damage|p1a: Skarmory|76/100
|
|-heal|p2a: inch by flinch|90/100|[from] item: Leftovers
|upkeep
|turn|61
|
|t:|1645587232
|move|p2a: inch by flinch|Wish|p2a: inch by flinch
|move|p1a: Skarmory|Spikes|p2a: inch by flinch
|-sidestart|p2: pif|Spikes
|
|-heal|p2a: inch by flinch|96/100|[from] item: Leftovers
|upkeep
|turn|62
|
|t:|1645587239
|switch|p1a: Chansey|Chansey, F|44/100
|move|p2a: inch by flinch|U-turn|p1a: Chansey
|-damage|p1a: Chansey|34/100
|
|t:|1645587249
|switch|p2a: QUACK ATTACK|Sirfetch’d, F, shiny|35/100 brn|[from]move: U-turn
|-damage|p2a: QUACK ATTACK|29/100 brn|[from] Stealth Rock
|-damage|p2a: QUACK ATTACK|5/100 brn|[from] Spikes
|
|-heal|p2a: QUACK ATTACK|81/100 brn|[from] move: Wish|[wisher] inch by flinch
|-damage|p2a: QUACK ATTACK|75/100 brn|[from] brn
|upkeep
|turn|63
|
|t:|1645587260
|switch|p2a: inch by flinch|Jirachi|96/100
|-damage|p2a: inch by flinch|90/100|[from] Stealth Rock
|-damage|p2a: inch by flinch|65/100|[from] Spikes
|switch|p1a: Skarmory|Skarmory, F|76/100
|
|-heal|p2a: inch by flinch|71/100|[from] item: Leftovers
|upkeep
|turn|64
|
|t:|1645587275
|move|p2a: inch by flinch|Wish|p2a: inch by flinch
|move|p1a: Skarmory|Roost|p1a: Skarmory
|-heal|p1a: Skarmory|100/100
|-singleturn|p1a: Skarmory|move: Roost
|
|-heal|p2a: inch by flinch|77/100|[from] item: Leftovers
|upkeep
|turn|65
|j| xuebskf
|
|t:|1645587283
|move|p2a: inch by flinch|U-turn|p1a: Skarmory
|-resisted|p1a: Skarmory
|-damage|p1a: Skarmory|98/100
|
|t:|1645587286
|switch|p2a: flier higher|Salamence, F|54/100|[from]move: U-turn
|-damage|p2a: flier higher|30/100|[from] Stealth Rock
|-ability|p2a: flier higher|Intimidate|boost
|-unboost|p1a: Skarmory|atk|1
|move|p1a: Skarmory|Body Press|p2a: flier higher
|-resisted|p2a: flier higher
|-damage|p2a: flier higher|9/100
|
|-heal|p2a: flier higher|70/100|[from] move: Wish|[wisher] inch by flinch
|upkeep
|turn|66
|
|t:|1645587312
|switch|p2a: inch by flinch|Jirachi|77/100
|-damage|p2a: inch by flinch|71/100|[from] Stealth Rock
|-damage|p2a: inch by flinch|46/100|[from] Spikes
|switch|p1a: Chansey|Chansey, F|34/100
|
|-heal|p2a: inch by flinch|52/100|[from] item: Leftovers
|upkeep
|turn|67
|
|t:|1645587319
|switch|p1a: Skarmory|Skarmory, F|98/100
|move|p2a: inch by flinch|Iron Head|p1a: Skarmory
|-resisted|p1a: Skarmory
|-damage|p1a: Skarmory|91/100
|
|-heal|p2a: inch by flinch|59/100|[from] item: Leftovers
|upkeep
|turn|68
|
|t:|1645587331
|move|p2a: inch by flinch|Wish|p2a: inch by flinch
|move|p1a: Skarmory|Body Press|p2a: inch by flinch
|-damage|p2a: inch by flinch|33/100
|
|-heal|p2a: inch by flinch|39/100|[from] item: Leftovers
|upkeep
|turn|69
|
|t:|1645587336
|move|p2a: inch by flinch|Protect|p2a: inch by flinch
|-singleturn|p2a: inch by flinch|Protect
|move|p1a: Skarmory|Body Press|p2a: inch by flinch
|-activate|p2a: inch by flinch|move: Protect
|
|-heal|p2a: inch by flinch|89/100|[from] move: Wish|[wisher] inch by flinch
|-heal|p2a: inch by flinch|96/100|[from] item: Leftovers
|upkeep
|turn|70
|
|t:|1645587342
|move|p2a: inch by flinch|Wish|p2a: inch by flinch
|move|p1a: Skarmory|Body Press|p2a: inch by flinch
|-crit|p2a: inch by flinch
|-damage|p2a: inch by flinch|54/100
|
|-heal|p2a: inch by flinch|60/100|[from] item: Leftovers
|upkeep
|turn|71
|
|t:|1645587346
|move|p2a: inch by flinch|Protect|p2a: inch by flinch
|-singleturn|p2a: inch by flinch|Protect
|move|p1a: Skarmory|Roost|p1a: Skarmory
|-heal|p1a: Skarmory|100/100
|-singleturn|p1a: Skarmory|move: Roost
|
|-heal|p2a: inch by flinch|100/100|[from] move: Wish|[wisher] inch by flinch
|upkeep
|turn|72
|
|t:|1645587350
|move|p2a: inch by flinch|Wish|p2a: inch by flinch
|move|p1a: Skarmory|Spikes||[still]
|-fail|p1a: Skarmory
|
|upkeep
|turn|73
|
|t:|1645587360
|move|p2a: inch by flinch|U-turn|p1a: Skarmory
|-resisted|p1a: Skarmory
|-damage|p1a: Skarmory|98/100
|
|t:|1645587363
|switch|p2a: funion onion|Celebi|82/100|[from]move: U-turn
|-damage|p2a: funion onion|57/100|[from] Spikes
|-damage|p2a: funion onion|45/100|[from] Stealth Rock
|move|p1a: Skarmory|Body Press|p2a: funion onion
|-resisted|p2a: funion onion
|-damage|p2a: funion onion|32/100
|
|-heal|p2a: funion onion|83/100|[from] move: Wish|[wisher] inch by flinch
|-heal|p2a: funion onion|89/100|[from] item: Leftovers
|upkeep
|turn|74
|
|t:|1645587370
|switch|p1a: Chansey|Chansey, F|34/100
|move|p2a: funion onion|U-turn|p1a: Chansey
|-damage|p1a: Chansey|25/100
|
|t:|1645587385
|switch|p2a: QUACK ATTACK|Sirfetch’d, F, shiny|75/100 brn|[from]move: U-turn
|-damage|p2a: QUACK ATTACK|50/100 brn|[from] Spikes
|-damage|p2a: QUACK ATTACK|44/100 brn|[from] Stealth Rock
|
|-damage|p2a: QUACK ATTACK|38/100 brn|[from] brn
|upkeep
|turn|75
|
|t:|1645587390
|switch|p1a: Skarmory|Skarmory, F|98/100
|move|p2a: QUACK ATTACK|Close Combat|p1a: Skarmory
|-damage|p1a: Skarmory|76/100
|-unboost|p2a: QUACK ATTACK|def|1
|-unboost|p2a: QUACK ATTACK|spd|1
|
|-damage|p2a: QUACK ATTACK|32/100 brn|[from] brn
|upkeep
|turn|76
|
|t:|1645587403
|switch|p1a: Krookodile|Krookodile, F|88/100
|move|p2a: QUACK ATTACK|Close Combat|p1a: Krookodile
|-supereffective|p1a: Krookodile
|-crit|p1a: Krookodile
|-damage|p1a: Krookodile|0 fnt
|-unboost|p2a: QUACK ATTACK|def|1
|-unboost|p2a: QUACK ATTACK|spd|1
|faint|p1a: Krookodile
|
|-damage|p2a: QUACK ATTACK|26/100 brn|[from] brn
|upkeep
|-message|YUNG TOASTER BREAD forfeited.
|
|win|pif
|raw|YUNG TOASTER BREAD's rating: 1523 &rarr; <strong>1511</strong><br />(-12 for losing)
|raw|pif's rating: 1678 &rarr; <strong>1690</strong><br />(+12 for winning)
|l|☆YUNG TOASTER BREAD
