|html|<div class="broadcast-blue"><strong>[Gen 8] UU is currently suspecting Aegislash! For information on how to participate check out the <a href="https://www.smogon.com/forums/threads/np-ss-uu-stage-11-1-kingslayer.3698890/">suspect thread</a>.</strong></div>
|j|☆mauriceashley
|j|☆pif
|t:|1647571877
|gametype|singles
|player|p1|mauriceashley|hooligans|1387
|player|p2|pif|#uutrio2ladder|1728
|teamsize|p1|6
|teamsize|p2|6
|gen|8
|tier|[Gen 8] UU
|rated|
|rule|Sleep Clause Mod: Limit one foe put to sleep
|rule|Species Clause: Limit one of each Pokémon
|rule|OHKO Clause: OHKO moves are banned
|rule|Evasion Moves Clause: Evasion moves are banned
|rule|Endless Battle Clause: Forcing endless battles is banned
|rule|HP Percentage Mod: HP is shown in percentages
|rule|Dynamax Clause: You cannot dynamax
|clearpoke
|poke|p1|Azumarill, F|
|poke|p1|Excadrill, M|
|poke|p1|Salamence, M|
|poke|p1|Aegislash, M|
|poke|p1|Azelf|
|poke|p1|Scolipede, F|
|poke|p2|Snorlax, M|
|poke|p2|Skarmory, F|
|poke|p2|Rotom-Wash|
|poke|p2|Tangrowth, F|
|poke|p2|Zygarde-10%|
|poke|p2|Togekiss, M|
|teampreview
|inactive|Battle timer is ON: inactive players will automatically lose when time's up. (requested by mauriceashley)
|inactive|pif has 120 seconds left.
|j| UU11A dawnbreaker
|j| hariyana grande
|j| MegaTotomon
|inactive|pif has 90 seconds left.
|
|t:|1647571948
|start
|switch|p1a: Excadrill|Excadrill, M|100/100
|switch|p2a: chubby hubby|Snorlax, M|100/100
|-ability|p1a: Excadrill|Mold Breaker
|turn|1
|j| PhoHoa
|
|t:|1647571957
|move|p1a: Excadrill|Stealth Rock|p2a: chubby hubby
|-sidestart|p2: pif|move: Stealth Rock
|move|p2a: chubby hubby|Earthquake|p1a: Excadrill
|-supereffective|p1a: Excadrill
|-damage|p1a: Excadrill|25/100
|
|upkeep
|turn|2
|
|t:|1647571960
|switch|p2a: sturdy birdy|Skarmory, F|100/100
|-damage|p2a: sturdy birdy|88/100|[from] Stealth Rock
|move|p1a: Excadrill|Iron Head|p2a: sturdy birdy
|-resisted|p2a: sturdy birdy
|-damage|p2a: sturdy birdy|74/100
|-damage|p1a: Excadrill|9/100|[from] item: Rocky Helmet|[of] p2a: sturdy birdy
|
|upkeep
|turn|3
|
|t:|1647571964
|switch|p1a: Azelf|Azelf|100/100
|move|p2a: sturdy birdy|Stealth Rock|p1a: Azelf
|-sidestart|p1: mauriceashley|move: Stealth Rock
|
|upkeep
|turn|4
|
|t:|1647571985
|switch|p2a: chubby hubby|Snorlax, M|100/100
|-damage|p2a: chubby hubby|88/100|[from] Stealth Rock
|move|p1a: Azelf|Trick|p2a: chubby hubby
|-activate|p1a: Azelf|move: Trick|[of] p2a: chubby hubby
|-item|p2a: chubby hubby|Choice Scarf|[from] move: Trick
|-item|p1a: Azelf|Leftovers|[from] move: Trick
|
|upkeep
|turn|5
|
|t:|1647572005
|move|p1a: Azelf|U-turn|p2a: chubby hubby
|-damage|p2a: chubby hubby|70/100
|
|t:|1647572007
|switch|p1a: Excadrill|Excadrill, M|9/100|[from]move: U-turn
|-damage|p1a: Excadrill|5/100|[from] Stealth Rock
|-ability|p1a: Excadrill|Mold Breaker
|move|p2a: chubby hubby|Body Slam|p1a: Excadrill
|-resisted|p1a: Excadrill
|-damage|p1a: Excadrill|0 fnt
|faint|p1a: Excadrill
|
|upkeep
|
|t:|1647572010
|switch|p1a: Aegislash|Aegislash, M|100/100
|-damage|p1a: Aegislash|94/100|[from] Stealth Rock
|turn|6
|
|t:|1647572018
|switch|p2a: cleany sheeny|Rotom-Wash|100/100
|-damage|p2a: cleany sheeny|88/100|[from] Stealth Rock
|move|p1a: Aegislash|Swords Dance|p1a: Aegislash
|-boost|p1a: Aegislash|atk|2
|
|-heal|p2a: cleany sheeny|94/100|[from] item: Leftovers
|upkeep
|turn|7
|
|t:|1647572022
|move|p2a: cleany sheeny|Volt Switch|p1a: Aegislash
|-damage|p1a: Aegislash|68/100
|
|t:|1647572029
|switch|p2a: chubby hubby|Snorlax, M|70/100|[from]move: Volt Switch
|-damage|p2a: chubby hubby|58/100|[from] Stealth Rock
|-formechange|p1a: Aegislash|Aegislash-Blade||[from] ability: Stance Change
|move|p1a: Aegislash|Close Combat|p2a: chubby hubby
|-supereffective|p2a: chubby hubby
|-damage|p2a: chubby hubby|0 fnt
|-unboost|p1a: Aegislash|def|1
|-unboost|p1a: Aegislash|spd|1
|faint|p2a: chubby hubby
|
|upkeep
|
|t:|1647572036
|switch|p2a: cleany sheeny|Rotom-Wash|94/100
|-damage|p2a: cleany sheeny|82/100|[from] Stealth Rock
|turn|8
|
|t:|1647572049
|move|p1a: Aegislash|Shadow Sneak|p2a: cleany sheeny
|-damage|p2a: cleany sheeny|29/100
|move|p2a: cleany sheeny|Volt Switch|p1a: Aegislash
|-damage|p1a: Aegislash|0 fnt
|faint|p1a: Aegislash
|
|t:|1647572058
|switch|p2a: togekiss my dik|Togekiss, M|100/100|[from]move: Volt Switch
|
|upkeep
|inactive|mauriceashley has 120 seconds left.
|
|t:|1647572089
|switch|p1a: Scolipede|Scolipede, F|100/100
|-damage|p1a: Scolipede|76/100|[from] Stealth Rock
|turn|9
|
|t:|1647572097
|move|p1a: Scolipede|Poison Jab|p2a: togekiss my dik
|-supereffective|p2a: togekiss my dik
|-damage|p2a: togekiss my dik|19/100
|-damage|p1a: Scolipede|66/100|[from] item: Life Orb
|move|p2a: togekiss my dik|Air Slash|p1a: Scolipede
|-supereffective|p1a: Scolipede
|-damage|p1a: Scolipede|0 fnt
|faint|p1a: Scolipede
|
|upkeep
|inactive|mauriceashley has 120 seconds left.
|
|t:|1647572117
|switch|p1a: Azumarill|Azumarill, F|100/100
|-damage|p1a: Azumarill|88/100|[from] Stealth Rock
|turn|10
|
|t:|1647572124
|move|p1a: Azumarill|Aqua Jet|p2a: togekiss my dik
|-crit|p2a: togekiss my dik
|-damage|p2a: togekiss my dik|0 fnt
|faint|p2a: togekiss my dik
|
|upkeep
|l| UU11A dawnbreaker
|
|t:|1647572140
|switch|p2a: oodles o noodle|Tangrowth, F|100/100
|-damage|p2a: oodles o noodle|88/100|[from] Stealth Rock
|turn|11
|
|t:|1647572147
|switch|p1a: Azelf|Azelf|100/100
|-damage|p1a: Azelf|88/100|[from] Stealth Rock
|move|p2a: oodles o noodle|Sludge Bomb|p1a: Azelf
|-damage|p1a: Azelf|53/100
|
|-heal|p1a: Azelf|60/100|[from] item: Leftovers
|upkeep
|turn|12
|j| The Benz Mafia
|
|t:|1647572152
|move|p1a: Azelf|Flamethrower|p2a: oodles o noodle
|-supereffective|p2a: oodles o noodle
|-damage|p2a: oodles o noodle|53/100
|move|p2a: oodles o noodle|Knock Off|p1a: Azelf
|-supereffective|p1a: Azelf
|-damage|p1a: Azelf|0 fnt
|-enditem|p1a: Azelf|Leftovers|[from] move: Knock Off|[of] p2a: oodles o noodle
|faint|p1a: Azelf
|
|upkeep
|
|t:|1647572156
|switch|p1a: Salamence|Salamence, M|100/100
|-ability|p1a: Salamence|Intimidate|boost
|-unboost|p2a: oodles o noodle|atk|1
|turn|13
|
|t:|1647572173
|move|p1a: Salamence|Dragon Dance|p1a: Salamence
|-boost|p1a: Salamence|atk|1
|-boost|p1a: Salamence|spe|1
|move|p2a: oodles o noodle|Sludge Bomb|p1a: Salamence
|-damage|p1a: Salamence|74/100
|-status|p1a: Salamence|psn
|
|-damage|p1a: Salamence|62/100 psn|[from] psn
|upkeep
|turn|14
|
|t:|1647572178
|switch|p2a: sturdy birdy|Skarmory, F|74/100
|-damage|p2a: sturdy birdy|62/100|[from] Stealth Rock
|move|p1a: Salamence|Fire Blast|p2a: sturdy birdy
|-supereffective|p2a: sturdy birdy
|-damage|p2a: sturdy birdy|0 fnt
|faint|p2a: sturdy birdy
|
|-damage|p1a: Salamence|49/100 psn|[from] psn
|upkeep
|
|t:|1647572194
|switch|p2a: oodles o noodle|Tangrowth, F|86/100
|-damage|p2a: oodles o noodle|74/100|[from] Stealth Rock
|turn|15
|
|t:|1647572198
|switch|p2a: cleany sheeny|Rotom-Wash|29/100
|-damage|p2a: cleany sheeny|17/100|[from] Stealth Rock
|move|p1a: Salamence|Outrage|p2a: cleany sheeny
|-damage|p2a: cleany sheeny|0 fnt
|faint|p2a: cleany sheeny
|
|-damage|p1a: Salamence|37/100 psn|[from] psn
|upkeep
|
|t:|1647572202
|switch|p2a: Zygarde-10% off|Zygarde-10%|100/100
|-damage|p2a: Zygarde-10% off|94/100|[from] Stealth Rock
|-ability|p2a: Zygarde-10% off|Aura Break
|turn|16
|
|t:|1647572205
|move|p2a: Zygarde-10% off|Extreme Speed|p1a: Salamence
|-damage|p1a: Salamence|0 fnt
|faint|p1a: Salamence
|
|upkeep
|
|t:|1647572208
|switch|p1a: Azumarill|Azumarill, F|88/100
|-damage|p1a: Azumarill|76/100|[from] Stealth Rock
|turn|17
|
|t:|1647572211
|move|p2a: Zygarde-10% off|Extreme Speed|p1a: Azumarill
|-damage|p1a: Azumarill|35/100
|-enditem|p1a: Azumarill|Sitrus Berry|[eat]
|-heal|p1a: Azumarill|60/100|[from] item: Sitrus Berry
|move|p1a: Azumarill|Belly Drum|p1a: Azumarill
|-damage|p1a: Azumarill|10/100
|-setboost|p1a: Azumarill|atk|6|[from] move: Belly Drum
|
|upkeep
|turn|18
|-message|mauriceashley forfeited.
|
|win|pif
|raw|mauriceashley's rating: 1369 &rarr; <strong>1365</strong><br />(-4 for losing)
|raw|pif's rating: 1728 &rarr; <strong>1732</strong><br />(+4 for winning)
|l|☆mauriceashley
|l| PhoHoa
|l| MegaTotomon
|l|☆pif
||Ladder isn't responding, score probably updated but might not have (Request timeout).
