|raw|<div class="broadcast-blue"><strong>This battle is required to be public due to a player having a name starting with 'uult93j'.</div>
|j|☆UULT93J G14
|j|☆Adaam
|t:|1652885592
|gametype|singles
|player|p1|UULT93J G14|gambler|1503
|player|p2|Adaam|#uutrio2ladder|1578
|teamsize|p1|6
|teamsize|p2|6
|gen|8
|tier|[Gen 8] UU
|rated|
|rule|Sleep Clause Mod: Limit one foe put to sleep
|rule|Species Clause: Limit one of each Pokémon
|rule|OHKO Clause: OHKO moves are banned
|rule|Evasion Moves Clause: Evasion moves are banned
|rule|Endless Battle Clause: Forcing endless battles is banned
|rule|HP Percentage Mod: HP is shown in percentages
|rule|Dynamax Clause: You cannot dynamax
|clearpoke
|poke|p1|Thundurus-Therian, M|
|poke|p1|Tangrowth, F|
|poke|p1|Azelf|
|poke|p1|Moltres|
|poke|p1|Swampert, M|
|poke|p1|Chansey, F|
|poke|p2|Jirachi|
|poke|p2|Conkeldurr, M|
|poke|p2|Amoonguss, M|
|poke|p2|Hydreigon, M|
|poke|p2|Togekiss, M|
|poke|p2|Swampert, M|
|teampreview
|inactive|Battle timer is ON: inactive players will automatically lose when time's up. (requested by Adaam)
|j| Parpar
|
|t:|1652885624
|start
|switch|p1a: Tangrowth|Tangrowth, F|100/100
|switch|p2a: Amoonguss|Amoonguss, M|100/100
|turn|1
|j| UULT93J Akame
|j| pokemonisfun
|j|+avarice
|
|t:|1652885631
|switch|p1a: Chansey|Chansey, F|100/100
|move|p2a: Amoonguss|Sludge Bomb|p1a: Chansey
|-damage|p1a: Chansey|93/100
|
|upkeep
|turn|2
|
|t:|1652885637
|move|p1a: Chansey|Seismic Toss|p2a: Amoonguss
|-damage|p2a: Amoonguss|77/100
|-damage|p1a: Chansey|76/100|[from] item: Rocky Helmet|[of] p2a: Amoonguss
|move|p2a: Amoonguss|Spore|p1a: Chansey
|-status|p1a: Chansey|slp|[from] move: Spore
|
|upkeep
|turn|3
|j| Usual Player
|
|t:|1652885647
|switch|p2a: Conkeldurr|Conkeldurr, M|100/100
|cant|p1a: Chansey|slp
|
|-status|p2a: Conkeldurr|brn|[from] item: Flame Orb
|upkeep
|turn|4
|
|t:|1652885659
|-curestatus|p1a: Chansey|slp|[from] ability: Natural Cure
|switch|p1a: Moltres|Moltres|100/100
|move|p2a: Conkeldurr|Knock Off|p1a: Moltres
|-damage|p1a: Moltres|45/100
|-enditem|p1a: Moltres|Heavy-Duty Boots|[from] move: Knock Off|[of] p2a: Conkeldurr
|
|-damage|p2a: Conkeldurr|95/100 brn|[from] brn
|upkeep
|turn|5
|
|t:|1652885665
|switch|p2a: Swampert|Swampert, M|100/100
|move|p1a: Moltres|Roost|p1a: Moltres
|-heal|p1a: Moltres|95/100
|-singleturn|p1a: Moltres|move: Roost
|
|upkeep
|turn|6
|
|t:|1652885667
|move|p1a: Moltres|U-turn|p2a: Swampert
|-damage|p2a: Swampert|90/100
|
|t:|1652885670
|switch|p1a: Swampert|Swampert, M|100/100|[from]move: U-turn
|move|p2a: Swampert|Stealth Rock|p1a: Swampert
|-sidestart|p1: UULT93J G14|move: Stealth Rock
|
|-heal|p2a: Swampert|96/100|[from] item: Leftovers
|upkeep
|turn|7
|
|t:|1652885672
|move|p1a: Swampert|Stealth Rock|p2a: Swampert
|-sidestart|p2: Adaam|move: Stealth Rock
|move|p2a: Swampert|Toxic|p1a: Swampert
|-status|p1a: Swampert|tox
|
|-heal|p2a: Swampert|100/100|[from] item: Leftovers
|-damage|p1a: Swampert|94/100 tox|[from] psn
|upkeep
|turn|8
|
|t:|1652885675
|switch|p2a: Amoonguss|Amoonguss, M|100/100
|-damage|p2a: Amoonguss|88/100|[from] Stealth Rock
|move|p1a: Swampert|Flip Turn|p2a: Amoonguss
|-resisted|p2a: Amoonguss
|-damage|p2a: Amoonguss|79/100
|-damage|p1a: Swampert|78/100 tox|[from] item: Rocky Helmet|[of] p2a: Amoonguss
|
|t:|1652885680
|switch|p1a: Azelf|Azelf|100/100|[from]move: Flip Turn
|
|upkeep
|turn|9
|
|t:|1652885690
|switch|p2a: Togekiss|Togekiss, M|100/100
|move|p1a: Azelf|U-turn|p2a: Togekiss
|-resisted|p2a: Togekiss
|-damage|p2a: Togekiss|97/100
|
|t:|1652885696
|switch|p1a: Thundurus|Thundurus-Therian, M|100/100|[from]move: U-turn
|
|upkeep
|turn|10
|
|t:|1652885704
|switch|p2a: Amoonguss|Amoonguss, M|100/100
|-damage|p2a: Amoonguss|88/100|[from] Stealth Rock
|move|p1a: Thundurus|Nasty Plot|p1a: Thundurus
|-boost|p1a: Thundurus|spa|2
|
|upkeep
|turn|11
|
|t:|1652885733
|switch|p2a: Jirachi|Jirachi|100/100
|-damage|p2a: Jirachi|94/100|[from] Stealth Rock
|move|p1a: Thundurus|Thunderbolt|p2a: Jirachi
|-damage|p2a: Jirachi|0 fnt
|faint|p2a: Jirachi
|
|upkeep
|
|t:|1652885738
|switch|p2a: Hydreigon|Hydreigon, M|100/100
|-damage|p2a: Hydreigon|88/100|[from] Stealth Rock
|turn|12
|c| pokemonisfun|adaam stop getting owned
|c| pokemonisfun|poor form for trio tour
|inactive|UULT93J G14 has 120 seconds left.
|
|t:|1652885780
|switch|p1a: Chansey|Chansey, F|76/100
|-damage|p1a: Chansey|64/100|[from] Stealth Rock
|move|p2a: Hydreigon|Draco Meteor|p1a: Chansey
|-damage|p1a: Chansey|31/100
|-unboost|p2a: Hydreigon|spa|2
|
|upkeep
|turn|13
|
|t:|1652885791
|switch|p2a: Conkeldurr|Conkeldurr, M|95/100 brn
|-damage|p2a: Conkeldurr|89/100 brn|[from] Stealth Rock
|move|p1a: Chansey|Soft-Boiled|p1a: Chansey
|-heal|p1a: Chansey|81/100
|
|-damage|p2a: Conkeldurr|83/100 brn|[from] brn
|upkeep
|turn|14
|j| chiharu haru
|
|t:|1652885803
|switch|p1a: Tangrowth|Tangrowth, F|100/100
|-damage|p1a: Tangrowth|88/100|[from] Stealth Rock
|move|p2a: Conkeldurr|Drain Punch|p1a: Tangrowth
|-damage|p1a: Tangrowth|51/100
|-heal|p2a: Conkeldurr|100/100 brn|[from] drain|[of] p1a: Tangrowth
|-damage|p2a: Conkeldurr|84/100 brn|[from] item: Rocky Helmet|[of] p1a: Tangrowth
|
|-damage|p2a: Conkeldurr|78/100 brn|[from] brn
|upkeep
|turn|15
|
|t:|1652885807
|switch|p2a: Amoonguss|Amoonguss, M|100/100
|-damage|p2a: Amoonguss|88/100|[from] Stealth Rock
|move|p1a: Tangrowth|Giga Drain|p2a: Amoonguss
|-resisted|p2a: Amoonguss
|-damage|p2a: Amoonguss|81/100
|-heal|p1a: Tangrowth|54/100|[from] drain|[of] p2a: Amoonguss
|
|upkeep
|turn|16
|inactive|UULT93J G14 has 120 seconds left.
|
|t:|1652885818
|switch|p1a: Chansey|Chansey, F|81/100
|-damage|p1a: Chansey|69/100|[from] Stealth Rock
|move|p2a: Amoonguss|Spore|p1a: Chansey
|-status|p1a: Chansey|slp|[from] move: Spore
|
|upkeep
|turn|17
|
|t:|1652885824
|-curestatus|p1a: Chansey|slp|[from] ability: Natural Cure
|switch|p1a: Moltres|Moltres|95/100
|-damage|p1a: Moltres|45/100|[from] Stealth Rock
|move|p2a: Amoonguss|Sludge Bomb|p1a: Moltres
|-damage|p1a: Moltres|15/100
|
|upkeep
|turn|18
|
|t:|1652885839
|move|p1a: Moltres|Roost|p1a: Moltres
|-heal|p1a: Moltres|65/100
|-singleturn|p1a: Moltres|move: Roost
|move|p2a: Amoonguss|Spore|p1a: Moltres
|-status|p1a: Moltres|slp|[from] move: Spore
|
|upkeep
|turn|19
|
|t:|1652885845
|switch|p2a: Swampert|Swampert, M|100/100
|-damage|p2a: Swampert|94/100|[from] Stealth Rock
|cant|p1a: Moltres|slp
|
|-heal|p2a: Swampert|100/100|[from] item: Leftovers
|upkeep
|turn|20
|j| uult93j sir
|
|t:|1652885848
|cant|p1a: Moltres|slp
|move|p2a: Swampert|Flip Turn|p1a: Moltres
|-supereffective|p1a: Moltres
|-damage|p1a: Moltres|24/100 slp
|
|t:|1652885852
|switch|p2a: Hydreigon|Hydreigon, M|88/100|[from]move: Flip Turn
|-damage|p2a: Hydreigon|76/100|[from] Stealth Rock
|
|upkeep
|turn|21
|
|t:|1652885860
|switch|p1a: Chansey|Chansey, F|69/100
|-damage|p1a: Chansey|57/100|[from] Stealth Rock
|move|p2a: Hydreigon|Dark Pulse|p1a: Chansey
|-damage|p1a: Chansey|36/100
|
|upkeep
|turn|22
|l| chiharu haru
|
|t:|1652885869
|switch|p2a: Conkeldurr|Conkeldurr, M|78/100 brn
|-damage|p2a: Conkeldurr|72/100 brn|[from] Stealth Rock
|move|p1a: Chansey|Teleport|p1a: Chansey
|
|t:|1652885876
|switch|p1a: Azelf|Azelf|100/100|[from]move: Teleport
|
|-damage|p2a: Conkeldurr|66/100 brn|[from] brn
|upkeep
|turn|23
|
|t:|1652885881
|switch|p2a: Togekiss|Togekiss, M|97/100
|move|p1a: Azelf|Psyshock|p2a: Togekiss
|-damage|p2a: Togekiss|66/100
|
|upkeep
|turn|24
|
|t:|1652885886
|move|p1a: Azelf|Taunt|p2a: Togekiss
|-start|p2a: Togekiss|move: Taunt
|cant|p2a: Togekiss|move: Taunt|Roost
|
|upkeep
|turn|25
|
|t:|1652885890
|move|p1a: Azelf|Psyshock|p2a: Togekiss
|-damage|p2a: Togekiss|33/100
|move|p2a: Togekiss|Air Slash|p1a: Azelf
|-crit|p1a: Azelf
|-damage|p1a: Azelf|29/100
|
|upkeep
|turn|26
|
|t:|1652885899
|switch|p2a: Amoonguss|Amoonguss, M|100/100
|-damage|p2a: Amoonguss|88/100|[from] Stealth Rock
|move|p1a: Azelf|Psyshock|p2a: Amoonguss
|-supereffective|p2a: Amoonguss
|-damage|p2a: Amoonguss|25/100
|
|upkeep
|turn|27
|
|t:|1652885906
|switch|p2a: Swampert|Swampert, M|100/100
|-damage|p2a: Swampert|94/100|[from] Stealth Rock
|move|p1a: Azelf|Flamethrower|p2a: Swampert
|-resisted|p2a: Swampert
|-damage|p2a: Swampert|82/100
|
|-heal|p2a: Swampert|88/100|[from] item: Leftovers
|upkeep
|turn|28
|
|t:|1652885922
|move|p1a: Azelf|U-turn|p2a: Swampert
|-damage|p2a: Swampert|74/100
|
|t:|1652885931
|switch|p1a: Tangrowth|Tangrowth, F|88/100|[from]move: U-turn
|-damage|p1a: Tangrowth|75/100|[from] Stealth Rock
|move|p2a: Swampert|Toxic|p1a: Tangrowth
|-status|p1a: Tangrowth|tox
|
|-heal|p2a: Swampert|80/100|[from] item: Leftovers
|-damage|p1a: Tangrowth|69/100 tox|[from] psn
|upkeep
|turn|29
|
|t:|1652885942
|move|p2a: Swampert|Flip Turn|p1a: Tangrowth
|-resisted|p1a: Tangrowth
|-damage|p1a: Tangrowth|63/100 tox
|-damage|p2a: Swampert|63/100|[from] item: Rocky Helmet|[of] p1a: Tangrowth
|
|t:|1652885944
|switch|p2a: Amoonguss|Amoonguss, M|59/100|[from]move: Flip Turn
|-damage|p2a: Amoonguss|46/100|[from] Stealth Rock
|move|p1a: Tangrowth|Knock Off|p2a: Amoonguss
|-crit|p2a: Amoonguss
|-damage|p2a: Amoonguss|24/100
|-damage|p1a: Tangrowth|46/100 tox|[from] item: Rocky Helmet|[of] p2a: Amoonguss
|-enditem|p2a: Amoonguss|Rocky Helmet|[from] move: Knock Off|[of] p1a: Tangrowth
|
|-damage|p1a: Tangrowth|34/100 tox|[from] psn
|upkeep
|turn|30
|
|t:|1652885959
|switch|p2a: Swampert|Swampert, M|63/100
|-damage|p2a: Swampert|57/100|[from] Stealth Rock
|move|p1a: Tangrowth|Giga Drain|p2a: Swampert
|-supereffective|p2a: Swampert
|-damage|p2a: Swampert|0 fnt
|-heal|p1a: Tangrowth|62/100 tox|[from] drain|[of] p2a: Swampert
|faint|p2a: Swampert
|
|-damage|p1a: Tangrowth|44/100 tox|[from] psn
|upkeep
|
|t:|1652885965
|switch|p2a: Togekiss|Togekiss, M|33/100
|turn|31
|
|t:|1652885971
|move|p2a: Togekiss|Roost|p2a: Togekiss
|-heal|p2a: Togekiss|83/100
|-singleturn|p2a: Togekiss|move: Roost
|move|p1a: Tangrowth|Sludge Bomb|p2a: Togekiss
|-supereffective|p2a: Togekiss
|-crit|p2a: Togekiss
|-damage|p2a: Togekiss|33/100
|
|-damage|p1a: Tangrowth|19/100 tox|[from] psn
|upkeep
|turn|32
|
|t:|1652885975
|move|p2a: Togekiss|Roost|p2a: Togekiss
|-heal|p2a: Togekiss|83/100
|-singleturn|p2a: Togekiss|move: Roost
|move|p1a: Tangrowth|Sludge Bomb|p2a: Togekiss
|-supereffective|p2a: Togekiss
|-damage|p2a: Togekiss|46/100
|
|-damage|p1a: Tangrowth|0 fnt|[from] psn
|faint|p1a: Tangrowth
|upkeep
|
|t:|1652885977
|switch|p1a: Thundurus|Thundurus-Therian, M|100/100
|turn|33
|
|t:|1652885982
|switch|p2a: Hydreigon|Hydreigon, M|76/100
|-damage|p2a: Hydreigon|64/100|[from] Stealth Rock
|move|p1a: Thundurus|Nasty Plot|p1a: Thundurus
|-boost|p1a: Thundurus|spa|2
|
|upkeep
|turn|34
|
|t:|1652885987
|move|p1a: Thundurus|Focus Blast|p2a: Hydreigon
|-supereffective|p2a: Hydreigon
|-damage|p2a: Hydreigon|0 fnt
|faint|p2a: Hydreigon
|
|upkeep
|
|t:|1652885990
|switch|p2a: Togekiss|Togekiss, M|46/100
|turn|35
|
|t:|1652885992
|move|p1a: Thundurus|Thunderbolt|p2a: Togekiss
|-supereffective|p2a: Togekiss
|-damage|p2a: Togekiss|0 fnt
|faint|p2a: Togekiss
|
|upkeep
|
|t:|1652885994
|switch|p2a: Conkeldurr|Conkeldurr, M|66/100 brn
|-damage|p2a: Conkeldurr|60/100 brn|[from] Stealth Rock
|turn|36
|
|t:|1652885997
|move|p1a: Thundurus|Thunderbolt|p2a: Conkeldurr
|-damage|p2a: Conkeldurr|0 fnt
|faint|p2a: Conkeldurr
|
|upkeep
|
|t:|1652886000
|switch|p2a: Amoonguss|Amoonguss, M|57/100
|-damage|p2a: Amoonguss|44/100|[from] Stealth Rock
|turn|37
|
|t:|1652886003
|move|p1a: Thundurus|Thunderbolt|p2a: Amoonguss
|-resisted|p2a: Amoonguss
|-damage|p2a: Amoonguss|0 fnt
|faint|p2a: Amoonguss
|
|win|UULT93J G14
|raw|UULT93J G14's rating: 1503 &rarr; <strong>1527</strong><br />(+24 for winning)
|raw|Adaam's rating: 1578 &rarr; <strong>1554</strong><br />(-24 for losing)
|l|☆Adaam
|c|☆UULT93J G14|gg
