|j|☆DQ Low Tier Legend
|j|☆yayou
|t:|1662308024
|gametype|singles
|player|p1|DQ Low Tier Legend|lucas|1445
|player|p2|yayou|volkner|1416
|teamsize|p1|6
|teamsize|p2|6
|gen|8
|tier|[Gen 8] UU
|rated|
|rule|Sleep Clause Mod: Limit one foe put to sleep
|rule|Species Clause: Limit one of each Pokémon
|rule|OHKO Clause: OHKO moves are banned
|rule|Evasion Items Clause: Evasion items are banned
|rule|Evasion Moves Clause: Evasion moves are banned
|rule|Endless Battle Clause: Forcing endless battles is banned
|rule|HP Percentage Mod: HP is shown in percentages
|rule|Dynamax Clause: You cannot dynamax
|clearpoke
|poke|p1|Scolipede, M|
|poke|p1|Sharpedo, M|
|poke|p1|Mimikyu, F|
|poke|p1|Lycanroc-Dusk, F|
|poke|p1|Celesteela|
|poke|p1|Gyarados, M|
|poke|p2|Conkeldurr, M|
|poke|p2|Darmanitan, F|
|poke|p2|Amoonguss, F|
|poke|p2|Hatterene, F|
|poke|p2|Celesteela|
|poke|p2|Scizor, M|
|teampreview
|
|t:|1662308047
|start
|switch|p1a: Scolipede|Scolipede, M|100/100
|switch|p2a: Scizor|Scizor, M|100/100
|turn|1
|inactive|Battle timer is ON: inactive players will automatically lose when time's up. (requested by yayou)
|
|t:|1662308070
|move|p1a: Scolipede|Spikes|p2a: Scizor
|-sidestart|p2: yayou|Spikes
|move|p2a: Scizor|Swords Dance|p2a: Scizor
|-boost|p2a: Scizor|atk|2
|
|-ability|p1a: Scolipede|Speed Boost|boost
|-boost|p1a: Scolipede|spe|1
|upkeep
|turn|2
|
|t:|1662308076
|move|p1a: Scolipede|Endeavor|p2a: Scizor
|-damage|p2a: Scizor|93/100
|move|p2a: Scizor|Swords Dance|p2a: Scizor
|-boost|p2a: Scizor|atk|2
|
|-ability|p1a: Scolipede|Speed Boost|boost
|-boost|p1a: Scolipede|spe|1
|upkeep
|turn|3
|
|t:|1662308084
|move|p1a: Scolipede|Endeavor|p2a: Scizor
|-immune|p2a: Scizor
|move|p2a: Scizor|Swords Dance|p2a: Scizor
|-boost|p2a: Scizor|atk|2
|
|-ability|p1a: Scolipede|Speed Boost|boost
|-boost|p1a: Scolipede|spe|1
|upkeep
|turn|4
|
|t:|1662308090
|move|p1a: Scolipede|Spikes|p2a: Scizor
|-sidestart|p2: yayou|Spikes
|move|p2a: Scizor|Knock Off|p1a: Scolipede
|-enditem|p1a: Scolipede|Focus Sash
|-damage|p1a: Scolipede|1/100
|-damage|p2a: Scizor|83/100|[from] item: Life Orb
|
|-ability|p1a: Scolipede|Speed Boost|boost
|-boost|p1a: Scolipede|spe|1
|upkeep
|turn|5
|
|t:|1662308094
|move|p2a: Scizor|Bullet Punch|p1a: Scolipede
|-damage|p1a: Scolipede|0 fnt
|faint|p1a: Scolipede
|-damage|p2a: Scizor|73/100|[from] item: Life Orb
|
|upkeep
|
|t:|1662308096
|switch|p1a: Celesteela|Celesteela|100/100
|turn|6
|
|t:|1662308098
|move|p2a: Scizor|Bullet Punch|p1a: Celesteela
|-resisted|p1a: Celesteela
|-crit|p1a: Celesteela
|-damage|p1a: Celesteela|0 fnt
|faint|p1a: Celesteela
|-damage|p2a: Scizor|63/100|[from] item: Life Orb
|
|upkeep
|
|t:|1662308105
|switch|p1a: Lycanroc|Lycanroc-Dusk, F|100/100
|turn|7
|
|t:|1662308108
|move|p1a: Lycanroc|Accelerock|p2a: Scizor
|-damage|p2a: Scizor|38/100
|move|p2a: Scizor|Bullet Punch|p1a: Lycanroc
|-supereffective|p1a: Lycanroc
|-enditem|p1a: Lycanroc|Focus Sash
|-damage|p1a: Lycanroc|1/100
|-damage|p2a: Scizor|29/100|[from] item: Life Orb
|
|upkeep
|turn|8
|
|t:|1662308118
|move|p1a: Lycanroc|Accelerock|p2a: Scizor
|-damage|p2a: Scizor|6/100
|move|p2a: Scizor|Roost|p2a: Scizor
|-heal|p2a: Scizor|56/100
|-singleturn|p2a: Scizor|move: Roost
|
|upkeep
|turn|9
|
|t:|1662308121
|move|p2a: Scizor|Bullet Punch|p1a: Lycanroc
|-supereffective|p1a: Lycanroc
|-damage|p1a: Lycanroc|0 fnt
|faint|p1a: Lycanroc
|-damage|p2a: Scizor|46/100|[from] item: Life Orb
|
|upkeep
|
|t:|1662308124
|switch|p1a: Gyarados|Gyarados, M|100/100
|turn|10
|
|t:|1662308126
|move|p2a: Scizor|Bullet Punch|p1a: Gyarados
|-resisted|p1a: Gyarados
|-damage|p1a: Gyarados|0 fnt
|faint|p1a: Gyarados
|-damage|p2a: Scizor|36/100|[from] item: Life Orb
|
|upkeep
|
|t:|1662308129
|switch|p1a: Mimikyu|Mimikyu, F|100/100
|turn|11
|
|t:|1662308132
|move|p1a: Mimikyu|Shadow Sneak|p2a: Scizor
|-damage|p2a: Scizor|15/100
|-damage|p1a: Mimikyu|91/100|[from] item: Life Orb
|move|p2a: Scizor|Bullet Punch|p1a: Mimikyu
|-activate|p1a: Mimikyu|ability: Disguise
|-damage|p1a: Mimikyu|91/100
|detailschange|p1a: Mimikyu|Mimikyu-Busted, F
|-damage|p1a: Mimikyu|78/100|[from] pokemon: Mimikyu-Busted
|-damage|p2a: Scizor|5/100|[from] item: Life Orb
|
|upkeep
|turn|12
|
|t:|1662308134
|move|p1a: Mimikyu|Shadow Sneak|p2a: Scizor
|-damage|p2a: Scizor|0 fnt
|faint|p2a: Scizor
|-damage|p1a: Mimikyu|68/100|[from] item: Life Orb
|
|upkeep
|
|t:|1662308137
|switch|p2a: Celesteela|Celesteela|100/100
|turn|13
|inactive|DQ Low Tier Legend has 120 seconds left.
|
|t:|1662308168
|move|p1a: Mimikyu|Drain Punch|p2a: Celesteela
|-damage|p2a: Celesteela|80/100
|-heal|p1a: Mimikyu|82/100|[from] drain|[of] p2a: Celesteela
|-damage|p1a: Mimikyu|65/100|[from] item: Rocky Helmet|[of] p2a: Celesteela
|-damage|p1a: Mimikyu|55/100|[from] item: Life Orb
|move|p2a: Celesteela|Heavy Slam|p1a: Mimikyu
|-supereffective|p1a: Mimikyu
|-damage|p1a: Mimikyu|0 fnt
|faint|p1a: Mimikyu
|-ability|p2a: Celesteela|Beast Boost|boost
|-boost|p2a: Celesteela|atk|1
|
|upkeep
|
|t:|1662308172
|switch|p1a: Sharpedo|Sharpedo, M|100/100
|turn|14
|
|t:|1662308175
|move|p1a: Sharpedo|Dark Pulse|p2a: Celesteela
|-damage|p2a: Celesteela|32/100
|-damage|p1a: Sharpedo|91/100|[from] item: Life Orb
|cant|p2a: Celesteela|flinch
|
|-ability|p1a: Sharpedo|Speed Boost|boost
|-boost|p1a: Sharpedo|spe|1
|upkeep
|turn|15
|
|t:|1662308178
|move|p1a: Sharpedo|Dark Pulse|p2a: Celesteela
|-damage|p2a: Celesteela|0 fnt
|faint|p2a: Celesteela
|-damage|p1a: Sharpedo|81/100|[from] item: Life Orb
|
|-ability|p1a: Sharpedo|Speed Boost|boost
|-boost|p1a: Sharpedo|spe|1
|upkeep
|
|t:|1662308181
|switch|p2a: Conkeldurr|Conkeldurr, M|100/100
|-damage|p2a: Conkeldurr|84/100|[from] Spikes
|turn|16
|
|t:|1662308201
|move|p2a: Conkeldurr|Mach Punch|p1a: Sharpedo
|-supereffective|p1a: Sharpedo
|-damage|p1a: Sharpedo|0 fnt
|faint|p1a: Sharpedo
|
|win|yayou
|raw|DQ Low Tier Legend's rating: 1445 &rarr; <strong>1423</strong><br />(-22 for losing)
|raw|yayou's rating: 1416 &rarr; <strong>1438</strong><br />(+22 for winning)
|l|☆DQ Low Tier Legend
||Ladder isn't responding, score probably updated but might not have (Request timeout).
