|j|☆cdw
|j|☆Goro Yagami 9
|inactive|Battle timer is ON: inactive players will automatically lose when time's up.
|t:|1661544216
|gametype|singles
|player|p1|cdw|pokemaniac|
|player|p2|Goro Yagami 9|102|
|teamsize|p1|6
|teamsize|p2|6
|gen|8
|tier|[Gen 8] UU
|rated|Tournament battle
|rule|Sleep Clause Mod: Limit one foe put to sleep
|rule|Species Clause: Limit one of each Pokémon
|rule|OHKO Clause: OHKO moves are banned
|rule|Evasion Items Clause: Evasion items are banned
|rule|Evasion Moves Clause: Evasion moves are banned
|rule|Endless Battle Clause: Forcing endless battles is banned
|rule|HP Percentage Mod: HP is shown in percentages
|rule|Dynamax Clause: You cannot dynamax
|clearpoke
|poke|p1|Azelf|
|poke|p1|Azumarill, F|
|poke|p1|Zarude|
|poke|p1|Excadrill, F|
|poke|p1|Thundurus-Therian, M|
|poke|p1|Polteageist|
|poke|p2|Malamar, M|
|poke|p2|Weezing-Galar, M|
|poke|p2|Zygarde-10%|
|poke|p2|Rotom-Heat|
|poke|p2|Hippowdon, F|
|poke|p2|Tangrowth, M|
|teampreview
|j|*Lady Monita
|inactive|cdw also wants the timer to be on.
|j| MenosPetit
|inactive|Goro Yagami 9 has 120 seconds left.
|
|t:|1661544251
|start
|switch|p1a: Excadrill|Excadrill, F|100/100
|switch|p2a: Tangrowth|Tangrowth, M|100/100
|-ability|p1a: Excadrill|Mold Breaker
|turn|1
|
|t:|1661544258
|move|p1a: Excadrill|Stealth Rock|p2a: Tangrowth
|-sidestart|p2: Goro Yagami 9|move: Stealth Rock
|move|p2a: Tangrowth|Power Whip|p1a: Excadrill
|-damage|p1a: Excadrill|45/100
|
|upkeep
|turn|2
|
|t:|1661544266
|move|p1a: Excadrill|Steel Beam|p2a: Tangrowth
|-damage|p2a: Tangrowth|82/100
|-damage|p1a: Excadrill|0 fnt|[from] mindblown
|faint|p1a: Excadrill
|move|p2a: Tangrowth|Knock Off|p1: Excadrill|[notarget]
|-fail|p2a: Tangrowth
|
|upkeep
|
|t:|1661544274
|switch|p1a: Azelf|Azelf|100/100
|turn|3
|
|t:|1661544287
|move|p1a: Azelf|Flamethrower|p2a: Tangrowth
|-supereffective|p2a: Tangrowth
|-damage|p2a: Tangrowth|30/100
|move|p2a: Tangrowth|Knock Off|p1a: Azelf
|-supereffective|p1a: Azelf
|-damage|p1a: Azelf|29/100
|-enditem|p1a: Azelf|Expert Belt|[from] move: Knock Off|[of] p2a: Tangrowth
|
|upkeep
|turn|4
|
|t:|1661544294
|switch|p2a: Rotom|Rotom-Heat|100/100
|move|p1a: Azelf|U-turn|p2a: Rotom
|-resisted|p2a: Rotom
|-damage|p2a: Rotom|88/100
|
|t:|1661544305
|switch|p1a: Polteageist|Polteageist|100/100|[from]move: U-turn
|
|upkeep
|turn|5
|
|t:|1661544315
|move|p2a: Rotom|Volt Switch|p1a: Polteageist
|-damage|p1a: Polteageist|67/100
|j| tigromata
|
|t:|1661544317
|switch|p2a: Hippowdon|Hippowdon, F|100/100|[from]move: Volt Switch
|-damage|p2a: Hippowdon|94/100|[from] Stealth Rock
|-weather|Sandstorm|[from] ability: Sand Stream|[of] p2a: Hippowdon
|move|p1a: Polteageist|Shell Smash|p1a: Polteageist
|-unboost|p1a: Polteageist|def|1
|-unboost|p1a: Polteageist|spd|1
|-boost|p1a: Polteageist|atk|2
|-boost|p1a: Polteageist|spa|2
|-boost|p1a: Polteageist|spe|2
|-enditem|p1a: Polteageist|White Herb
|-clearnegativeboost|p1a: Polteageist|[silent]
|
|-weather|Sandstorm|[upkeep]
|-damage|p1a: Polteageist|61/100|[from] Sandstorm
|-heal|p2a: Hippowdon|100/100|[from] item: Leftovers
|upkeep
|turn|6
|j| threllgon
|l| tigromata
|
|t:|1661544329
|move|p1a: Polteageist|Giga Drain|p2a: Hippowdon
|-supereffective|p2a: Hippowdon
|-damage|p2a: Hippowdon|8/100
|-heal|p1a: Polteageist|100/100|[from] drain|[of] p2a: Hippowdon
|move|p2a: Hippowdon|Whirlwind|p1a: Polteageist
|drag|p1a: Thundurus|Thundurus-Therian, M|100/100
|
|-weather|Sandstorm|[upkeep]
|-damage|p1a: Thundurus|94/100|[from] Sandstorm
|-heal|p2a: Hippowdon|14/100|[from] item: Leftovers
|upkeep
|turn|7
|
|t:|1661544342
|move|p1a: Thundurus|Grass Knot|p2a: Hippowdon
|-supereffective|p2a: Hippowdon
|-damage|p2a: Hippowdon|0 fnt
|faint|p2a: Hippowdon
|
|-weather|Sandstorm|[upkeep]
|-damage|p1a: Thundurus|88/100|[from] Sandstorm
|upkeep
|
|t:|1661544347
|switch|p2a: Tangrowth|Tangrowth, M|63/100
|-damage|p2a: Tangrowth|51/100|[from] Stealth Rock
|turn|8
|
|t:|1661544364
|move|p1a: Thundurus|Psychic|p2a: Tangrowth
|-damage|p2a: Tangrowth|27/100
|move|p2a: Tangrowth|Sludge Bomb|p1a: Thundurus
|-damage|p1a: Thundurus|60/100
|
|-weather|Sandstorm|[upkeep]
|-damage|p1a: Thundurus|54/100|[from] Sandstorm
|-damage|p2a: Tangrowth|21/100|[from] Sandstorm
|upkeep
|turn|9
|
|t:|1661544372
|switch|p2a: Rotom|Rotom-Heat|88/100
|move|p1a: Thundurus|Psychic|p2a: Rotom
|-damage|p2a: Rotom|46/100
|
|-weather|none
|upkeep
|turn|10
|
|t:|1661544382
|move|p1a: Thundurus|Psychic|p2a: Rotom
|-damage|p2a: Rotom|0 fnt
|faint|p2a: Rotom
|
|upkeep
|c|☆Goro Yagami 9|that roll tho
|
|t:|1661544396
|switch|p2a: Zygarde|Zygarde-10%|100/100
|-damage|p2a: Zygarde|94/100|[from] Stealth Rock
|-ability|p2a: Zygarde|Aura Break
|turn|11
|
|t:|1661544409
|move|p1a: Thundurus|Focus Blast|p2a: Zygarde
|-crit|p2a: Zygarde
|-damage|p2a: Zygarde|0 fnt
|faint|p2a: Zygarde
|
|upkeep
|j| Almirante Matthew
|c|☆Goro Yagami 9|that crit tho
|j| YeetingPokeballs
|inactive|Goro Yagami 9 has 120 seconds left.
|
|t:|1661544439
|switch|p2a: Weezing|Weezing-Galar, M|100/100
|-damage|p2a: Weezing|88/100|[from] Stealth Rock
|turn|12
|
|t:|1661544443
|move|p1a: Thundurus|Psychic|p2a: Weezing
|-supereffective|p2a: Weezing
|-damage|p2a: Weezing|0 fnt
|faint|p2a: Weezing
|
|upkeep
|
|t:|1661544447
|switch|p2a: Tangrowth|Tangrowth, M|54/100
|-damage|p2a: Tangrowth|42/100|[from] Stealth Rock
|turn|13
|
|t:|1661544453
|move|p1a: Thundurus|Psychic|p2a: Tangrowth
|-damage|p2a: Tangrowth|14/100
|move|p2a: Tangrowth|Knock Off|p1a: Thundurus
|-damage|p1a: Thundurus|18/100
|-enditem|p1a: Thundurus|Heavy-Duty Boots|[from] move: Knock Off|[of] p2a: Tangrowth
|
|upkeep
|turn|14
|
|t:|1661544460
|move|p1a: Thundurus|Psychic|p2a: Tangrowth
|-damage|p2a: Tangrowth|0 fnt
|faint|p2a: Tangrowth
|
|upkeep
|
|t:|1661544462
|switch|p2a: PIF Slayer|Malamar, M|100/100
|-damage|p2a: PIF Slayer|88/100|[from] Stealth Rock
|turn|15
|
|t:|1661544472
|move|p1a: Thundurus|Volt Switch|p2a: PIF Slayer
|-damage|p2a: PIF Slayer|58/100
|
|t:|1661544477
|switch|p1a: Zarude|Zarude|100/100|[from]move: Volt Switch
|move|p2a: PIF Slayer|Superpower|p1a: Zarude
|-supereffective|p1a: Zarude
|-damage|p1a: Zarude|56/100
|-boost|p2a: PIF Slayer|atk|1
|-boost|p2a: PIF Slayer|def|1
|
|-heal|p2a: PIF Slayer|64/100|[from] item: Leftovers
|upkeep
|turn|16
|
|t:|1661544497
|move|p1a: Zarude|U-turn|p2a: PIF Slayer
|-supereffective|p2a: PIF Slayer
|-damage|p2a: PIF Slayer|0 fnt
|faint|p2a: PIF Slayer
|
|win|cdw
|n|☆cdw|cdw
|n|☆Goro Yagami 9|goroyagami9
|n|*Lady Monita|ladymonita
|n| MenosPetit|menospetit
|n| threllgon|threllgon
|n| Almirante Matthew|almirantematthew
|n| YeetingPokeballs|yeetingpokeballs
|l|*Lady Monita
|c|☆Goro Yagami 9|gg
|j| tigromata
|l| tigromata
|l| threllgon
|c|☆Goro Yagami 9|that thundurus gave me trouble
|l|☆Goro Yagami 9
|j|☆Goro Yagami 9
|player|p2|Goro Yagami 9|102
