|html|<div class="broadcast-blue"><strong>[Gen 8] UU is currently suspecting Scizor! For information on how to participate check out the <a href="https://www.smogon.com/forums/threads/ss-uu-stage-12-2-spider-dance.3704866/">suspect thread</a>.</strong></div>
|j|☆HaxxLR
|j|☆pokemonisfun
|t:|1658082428
|gametype|singles
|player|p1|HaxxLR|grimsley|1483
|player|p2|pokemonisfun|#uutrio2ladder|1744
|teamsize|p1|6
|teamsize|p2|6
|gen|8
|tier|[Gen 8] UU
|rated|
|rule|Sleep Clause Mod: Limit one foe put to sleep
|rule|Species Clause: Limit one of each Pokémon
|rule|OHKO Clause: OHKO moves are banned
|rule|Evasion Moves Clause: Evasion moves are banned
|rule|Endless Battle Clause: Forcing endless battles is banned
|rule|HP Percentage Mod: HP is shown in percentages
|rule|Dynamax Clause: You cannot dynamax
|clearpoke
|poke|p1|Hippowdon, M|
|poke|p1|Raikou|
|poke|p1|Mandibuzz, F|
|poke|p1|Amoonguss, F|
|poke|p1|Scizor, M|
|poke|p1|Keldeo-Resolute|
|poke|p2|Slowbro-Galar, F|
|poke|p2|Tangrowth, F|
|poke|p2|Cobalion|
|poke|p2|Rotom-Wash|
|poke|p2|Hydreigon, F|
|poke|p2|Mamoswine, F|
|teampreview
|
|t:|1658082523
|start
|switch|p1a: Scizor|Scizor, M|100/100
|switch|p2a: hoard the sword|Cobalion|100/100
|turn|1
|
|t:|1658082547
|switch|p1a: Raikou|Raikou|100/100
|move|p2a: hoard the sword|Stealth Rock|p1a: Raikou
|-sidestart|p1: HaxxLR|move: Stealth Rock
|
|upkeep
|turn|2
|
|t:|1658082555
|switch|p2a: tang his wang|Tangrowth, F|100/100
|move|p1a: Raikou|Scald|p2a: tang his wang
|-resisted|p2a: tang his wang
|-damage|p2a: tang his wang|92/100
|
|upkeep
|turn|3
|
|t:|1658082563
|move|p1a: Raikou|Volt Switch|p2a: tang his wang
|-resisted|p2a: tang his wang
|-damage|p2a: tang his wang|83/100
|
|t:|1658082589
|switch|p1a: Hippowdon|Hippowdon, M|100/100|[from]move: Volt Switch
|-damage|p1a: Hippowdon|94/100|[from] Stealth Rock
|-weather|Sandstorm|[from] ability: Sand Stream|[of] p1a: Hippowdon
|move|p2a: tang his wang|Knock Off|p1a: Hippowdon
|-damage|p1a: Hippowdon|80/100
|-damage|p2a: tang his wang|66/100|[from] item: Rocky Helmet|[of] p1a: Hippowdon
|-enditem|p1a: Hippowdon|Rocky Helmet|[from] move: Knock Off|[of] p2a: tang his wang
|
|-weather|Sandstorm|[upkeep]
|-damage|p2a: tang his wang|60/100|[from] Sandstorm
|upkeep
|turn|4
|
|t:|1658082630
|switch|p1a: Scizor|Scizor, M|100/100
|-damage|p1a: Scizor|88/100|[from] Stealth Rock
|move|p2a: tang his wang|Power Whip|p1a: Scizor
|-resisted|p1a: Scizor
|-damage|p1a: Scizor|80/100
|
|-weather|Sandstorm|[upkeep]
|-damage|p2a: tang his wang|54/100|[from] Sandstorm
|upkeep
|turn|5
|
|t:|1658082647
|switch|p1a: Hippowdon|Hippowdon, M|80/100
|-damage|p1a: Hippowdon|74/100|[from] Stealth Rock
|switch|p2a: hoard the sword|Cobalion|100/100
|
|-weather|Sandstorm|[upkeep]
|upkeep
|turn|6
|
|t:|1658082658
|move|p2a: hoard the sword|Toxic|p1a: Hippowdon
|-status|p1a: Hippowdon|tox
|move|p1a: Hippowdon|Stealth Rock|p2a: hoard the sword
|-sidestart|p2: pokemonisfun|move: Stealth Rock
|
|-weather|Sandstorm|[upkeep]
|-damage|p1a: Hippowdon|68/100 tox|[from] psn
|upkeep
|turn|7
|
|t:|1658082670
|switch|p2a: wishy washy|Rotom-Wash|100/100
|-damage|p2a: wishy washy|88/100|[from] Stealth Rock
|move|p1a: Hippowdon|Slack Off|p1a: Hippowdon
|-heal|p1a: Hippowdon|100/100 tox
|
|-weather|none
|-heal|p2a: wishy washy|94/100|[from] item: Leftovers
|-damage|p1a: Hippowdon|88/100 tox|[from] psn
|upkeep
|turn|8
|
|t:|1658082682
|switch|p1a: Amoonguss|Amoonguss, F|100/100
|-damage|p1a: Amoonguss|88/100|[from] Stealth Rock
|move|p2a: wishy washy|Volt Switch|p1a: Amoonguss
|-resisted|p1a: Amoonguss
|-damage|p1a: Amoonguss|78/100
|
|t:|1658082690
|switch|p2a: husky tusky|Mamoswine, F|100/100|[from]move: Volt Switch
|-damage|p2a: husky tusky|88/100|[from] Stealth Rock
|
|-heal|p1a: Amoonguss|84/100|[from] item: Black Sludge
|upkeep
|turn|9
|
|t:|1658082713
|switch|p1a: Scizor|Scizor, M|80/100
|-damage|p1a: Scizor|68/100|[from] Stealth Rock
|move|p2a: husky tusky|Earthquake|p1a: Scizor
|-damage|p1a: Scizor|7/100
|-damage|p2a: husky tusky|78/100|[from] item: Life Orb
|
|upkeep
|turn|10
|
|t:|1658082723
|move|p2a: husky tusky|Ice Shard|p1a: Scizor
|-resisted|p1a: Scizor
|-damage|p1a: Scizor|0 fnt
|faint|p1a: Scizor
|-damage|p2a: husky tusky|68/100|[from] item: Life Orb
|
|upkeep
|
|t:|1658082726
|switch|p1a: Keldeo|Keldeo-Resolute|100/100
|-damage|p1a: Keldeo|94/100|[from] Stealth Rock
|turn|11
|
|t:|1658082736
|switch|p2a: tang his wang|Tangrowth, F|87/100
|-damage|p2a: tang his wang|75/100|[from] Stealth Rock
|move|p1a: Keldeo|Air Slash|p2a: tang his wang
|-supereffective|p2a: tang his wang
|-damage|p2a: tang his wang|45/100
|
|-heal|p1a: Keldeo|100/100|[from] item: Leftovers
|upkeep
|turn|12
|
|t:|1658082750
|switch|p1a: Amoonguss|Amoonguss, F|100/100
|-damage|p1a: Amoonguss|88/100|[from] Stealth Rock
|move|p2a: tang his wang|Power Whip|p1a: Amoonguss
|-resisted|p1a: Amoonguss
|-damage|p1a: Amoonguss|80/100
|
|-heal|p1a: Amoonguss|86/100|[from] item: Black Sludge
|upkeep
|turn|13
|
|t:|1658082768
|switch|p2a: pasty wasty|Slowbro-Galar, F|100/100
|-damage|p2a: pasty wasty|88/100|[from] Stealth Rock
|move|p1a: Amoonguss|Sludge Bomb|p2a: pasty wasty
|-resisted|p2a: pasty wasty
|-crit|p2a: pasty wasty
|-damage|p2a: pasty wasty|66/100
|
|-heal|p1a: Amoonguss|92/100|[from] item: Black Sludge
|upkeep
|turn|14
|
|t:|1658082811
|switch|p1a: Hippowdon|Hippowdon, M|88/100 tox
|-damage|p1a: Hippowdon|82/100 tox|[from] Stealth Rock
|-weather|Sandstorm|[from] ability: Sand Stream|[of] p1a: Hippowdon
|move|p2a: pasty wasty|Flamethrower|p1a: Hippowdon
|-damage|p1a: Hippowdon|65/100 tox
|
|-weather|Sandstorm|[upkeep]
|-damage|p2a: pasty wasty|60/100|[from] Sandstorm
|-damage|p1a: Hippowdon|59/100 tox|[from] psn
|upkeep
|turn|15
|
|t:|1658082826
|move|p1a: Hippowdon|Toxic|p2a: pasty wasty
|-immune|p2a: pasty wasty
|move|p2a: pasty wasty|Slack Off|p2a: pasty wasty
|-heal|p2a: pasty wasty|100/100
|
|-weather|Sandstorm|[upkeep]
|-damage|p2a: pasty wasty|94/100|[from] Sandstorm
|-damage|p1a: Hippowdon|47/100 tox|[from] psn
|upkeep
|turn|16
|
|t:|1658082835
|switch|p2a: tang his wang|Tangrowth, F|78/100
|-damage|p2a: tang his wang|66/100|[from] Stealth Rock
|move|p1a: Hippowdon|Toxic|p2a: tang his wang
|-status|p2a: tang his wang|tox
|
|-weather|Sandstorm|[upkeep]
|-damage|p2a: tang his wang|60/100 tox|[from] Sandstorm
|-damage|p2a: tang his wang|54/100 tox|[from] psn
|-damage|p1a: Hippowdon|28/100 tox|[from] psn
|upkeep
|turn|17
|
|t:|1658082846
|switch|p2a: wishy washy|Rotom-Wash|94/100
|-damage|p2a: wishy washy|82/100|[from] Stealth Rock
|switch|p1a: Amoonguss|Amoonguss, F|100/100
|-damage|p1a: Amoonguss|88/100|[from] Stealth Rock
|
|-weather|Sandstorm|[upkeep]
|-damage|p2a: wishy washy|75/100|[from] Sandstorm
|-damage|p1a: Amoonguss|82/100|[from] Sandstorm
|-heal|p2a: wishy washy|82/100|[from] item: Leftovers
|-heal|p1a: Amoonguss|88/100|[from] item: Black Sludge
|upkeep
|turn|18
|
|t:|1658082860
|move|p2a: wishy washy|Volt Switch|p1a: Amoonguss
|-resisted|p1a: Amoonguss
|-damage|p1a: Amoonguss|77/100
|
|t:|1658082865
|switch|p2a: pasty wasty|Slowbro-Galar, F|100/100|[from]move: Volt Switch
|-damage|p2a: pasty wasty|88/100|[from] Stealth Rock
|move|p1a: Amoonguss|Seed Bomb|p2a: pasty wasty
|-resisted|p2a: pasty wasty
|-damage|p2a: pasty wasty|81/100
|
|-weather|none
|-heal|p1a: Amoonguss|83/100|[from] item: Black Sludge
|upkeep
|turn|19
|
|t:|1658082874
|switch|p2a: hoard the sword|Cobalion|100/100
|-damage|p2a: hoard the sword|97/100|[from] Stealth Rock
|move|p1a: Amoonguss|Spore|p2a: hoard the sword
|-status|p2a: hoard the sword|slp|[from] move: Spore
|
|-heal|p1a: Amoonguss|90/100|[from] item: Black Sludge
|upkeep
|turn|20
|
|t:|1658082883
|switch|p2a: pasty wasty|Slowbro-Galar, F|100/100
|-damage|p2a: pasty wasty|88/100|[from] Stealth Rock
|switch|p1a: Raikou|Raikou|100/100
|
|upkeep
|turn|21
|
|t:|1658082890
|switch|p2a: tang his wang|Tangrowth, F|87/100 tox
|-damage|p2a: tang his wang|75/100 tox|[from] Stealth Rock
|move|p1a: Raikou|Volt Switch|p2a: tang his wang
|-resisted|p2a: tang his wang
|-damage|p2a: tang his wang|64/100 tox
|
|t:|1658082894
|switch|p1a: Amoonguss|Amoonguss, F|100/100|[from]move: Volt Switch
|-damage|p1a: Amoonguss|88/100|[from] Stealth Rock
|
|-heal|p1a: Amoonguss|94/100|[from] item: Black Sludge
|-damage|p2a: tang his wang|58/100 tox|[from] psn
|upkeep
|turn|22
|
|t:|1658082921
|switch|p2a: pasty wasty|Slowbro-Galar, F|100/100
|-damage|p2a: pasty wasty|88/100|[from] Stealth Rock
|switch|p1a: Hippowdon|Hippowdon, M|28/100 tox
|-damage|p1a: Hippowdon|22/100 tox|[from] Stealth Rock
|-weather|Sandstorm|[from] ability: Sand Stream|[of] p1a: Hippowdon
|
|-weather|Sandstorm|[upkeep]
|-damage|p2a: pasty wasty|82/100|[from] Sandstorm
|-damage|p1a: Hippowdon|16/100 tox|[from] psn
|upkeep
|turn|23
|
|t:|1658082933
|switch|p1a: Mandibuzz|Mandibuzz, F|100/100
|switch|p2a: husky tusky|Mamoswine, F|68/100
|-damage|p2a: husky tusky|56/100|[from] Stealth Rock
|
|-weather|Sandstorm|[upkeep]
|upkeep
|turn|24
|
|t:|1658082945
|switch|p1a: Hippowdon|Hippowdon, M|16/100 tox
|-damage|p1a: Hippowdon|10/100 tox|[from] Stealth Rock
|move|p2a: husky tusky|Icicle Crash|p1a: Hippowdon
|-supereffective|p1a: Hippowdon
|-damage|p1a: Hippowdon|0 fnt
|faint|p1a: Hippowdon
|-damage|p2a: husky tusky|46/100|[from] item: Life Orb
|
|-weather|Sandstorm|[upkeep]
|upkeep
|
|t:|1658082949
|switch|p1a: Keldeo|Keldeo-Resolute|100/100
|-damage|p1a: Keldeo|94/100|[from] Stealth Rock
|turn|25
|
|t:|1658082960
|move|p2a: husky tusky|Ice Shard|p1a: Keldeo
|-resisted|p1a: Keldeo
|-damage|p1a: Keldeo|77/100
|-damage|p2a: husky tusky|36/100|[from] item: Life Orb
|move|p1a: Keldeo|Scald|p2a: husky tusky
|-supereffective|p2a: husky tusky
|-damage|p2a: husky tusky|0 fnt
|faint|p2a: husky tusky
|
|-weather|Sandstorm|[upkeep]
|-damage|p1a: Keldeo|70/100|[from] Sandstorm
|-heal|p1a: Keldeo|77/100|[from] item: Leftovers
|upkeep
|
|t:|1658082976
|switch|p2a: wishy washy|Rotom-Wash|82/100
|-damage|p2a: wishy washy|69/100|[from] Stealth Rock
|turn|26
|
|t:|1658082985
|switch|p1a: Raikou|Raikou|100/100
|move|p2a: wishy washy|Volt Switch|p1a: Raikou
|-resisted|p1a: Raikou
|-damage|p1a: Raikou|87/100
|
|t:|1658083014
|switch|p2a: hole breaker|Hydreigon, F|100/100|[from]move: Volt Switch
|-damage|p2a: hole breaker|88/100|[from] Stealth Rock
|
|-weather|none
|upkeep
|turn|27
|
|t:|1658083027
|switch|p1a: Mandibuzz|Mandibuzz, F|100/100
|move|p2a: hole breaker|Draco Meteor|p1a: Mandibuzz
|-damage|p1a: Mandibuzz|50/100
|-unboost|p2a: hole breaker|spa|2
|
|upkeep
|turn|28
|
|t:|1658083037
|switch|p2a: pasty wasty|Slowbro-Galar, F|100/100
|-damage|p2a: pasty wasty|88/100|[from] Stealth Rock
|move|p1a: Mandibuzz|Roost|p1a: Mandibuzz
|-heal|p1a: Mandibuzz|99/100
|-singleturn|p1a: Mandibuzz|move: Roost
|
|upkeep
|turn|29
|
|t:|1658083041
|move|p1a: Mandibuzz|Foul Play|p2a: pasty wasty
|-supereffective|p2a: pasty wasty
|-enditem|p2a: pasty wasty|Colbur Berry|[eat]
|-enditem|p2a: pasty wasty|Colbur Berry|[weaken]
|-damage|p2a: pasty wasty|72/100
|move|p2a: pasty wasty|Calm Mind|p2a: pasty wasty
|-boost|p2a: pasty wasty|spa|1
|-boost|p2a: pasty wasty|spd|1
|
|upkeep
|turn|30
|
|t:|1658083047
|move|p1a: Mandibuzz|Foul Play|p2a: pasty wasty
|-supereffective|p2a: pasty wasty
|-damage|p2a: pasty wasty|38/100
|move|p2a: pasty wasty|Slack Off|p2a: pasty wasty
|-heal|p2a: pasty wasty|88/100
|
|upkeep
|turn|31
|
|t:|1658083055
|move|p1a: Mandibuzz|Foul Play|p2a: pasty wasty
|-supereffective|p2a: pasty wasty
|-damage|p2a: pasty wasty|53/100
|move|p2a: pasty wasty|Slack Off|p2a: pasty wasty
|-heal|p2a: pasty wasty|100/100
|
|upkeep
|turn|32
|
|t:|1658083058
|move|p1a: Mandibuzz|Foul Play|p2a: pasty wasty
|-supereffective|p2a: pasty wasty
|-damage|p2a: pasty wasty|65/100
|move|p2a: pasty wasty|Calm Mind|p2a: pasty wasty
|-boost|p2a: pasty wasty|spa|1
|-boost|p2a: pasty wasty|spd|1
|
|upkeep
|turn|33
|
|t:|1658083061
|move|p1a: Mandibuzz|Foul Play|p2a: pasty wasty
|-supereffective|p2a: pasty wasty
|-damage|p2a: pasty wasty|33/100
|move|p2a: pasty wasty|Slack Off|p2a: pasty wasty
|-heal|p2a: pasty wasty|83/100
|
|upkeep
|turn|34
|
|t:|1658083064
|move|p1a: Mandibuzz|Foul Play|p2a: pasty wasty
|-supereffective|p2a: pasty wasty
|-damage|p2a: pasty wasty|51/100
|move|p2a: pasty wasty|Slack Off|p2a: pasty wasty
|-heal|p2a: pasty wasty|100/100
|
|upkeep
|turn|35
|
|t:|1658083069
|move|p1a: Mandibuzz|Foul Play|p2a: pasty wasty
|-supereffective|p2a: pasty wasty
|-damage|p2a: pasty wasty|67/100
|move|p2a: pasty wasty|Calm Mind|p2a: pasty wasty
|-boost|p2a: pasty wasty|spa|1
|-boost|p2a: pasty wasty|spd|1
|
|upkeep
|turn|36
|
|t:|1658083072
|move|p1a: Mandibuzz|Foul Play|p2a: pasty wasty
|-supereffective|p2a: pasty wasty
|-damage|p2a: pasty wasty|35/100
|move|p2a: pasty wasty|Slack Off|p2a: pasty wasty
|-heal|p2a: pasty wasty|85/100
|
|upkeep
|turn|37
|j| hilarious ㋛
|
|t:|1658083077
|move|p1a: Mandibuzz|Foul Play|p2a: pasty wasty
|-supereffective|p2a: pasty wasty
|-damage|p2a: pasty wasty|54/100
|move|p2a: pasty wasty|Slack Off|p2a: pasty wasty
|-heal|p2a: pasty wasty|100/100
|
|upkeep
|turn|38
|
|t:|1658083080
|move|p1a: Mandibuzz|Foul Play|p2a: pasty wasty
|-supereffective|p2a: pasty wasty
|-damage|p2a: pasty wasty|66/100
|move|p2a: pasty wasty|Calm Mind|p2a: pasty wasty
|-boost|p2a: pasty wasty|spa|1
|-boost|p2a: pasty wasty|spd|1
|
|upkeep
|turn|39
|
|t:|1658083083
|move|p1a: Mandibuzz|Foul Play|p2a: pasty wasty
|-supereffective|p2a: pasty wasty
|-damage|p2a: pasty wasty|36/100
|move|p2a: pasty wasty|Slack Off|p2a: pasty wasty
|-heal|p2a: pasty wasty|86/100
|
|upkeep
|turn|40
|
|t:|1658083086
|move|p1a: Mandibuzz|Foul Play|p2a: pasty wasty
|-supereffective|p2a: pasty wasty
|-damage|p2a: pasty wasty|49/100
|move|p2a: pasty wasty|Slack Off|p2a: pasty wasty
|-heal|p2a: pasty wasty|99/100
|
|upkeep
|turn|41
|
|t:|1658083091
|move|p1a: Mandibuzz|Foul Play|p2a: pasty wasty
|-supereffective|p2a: pasty wasty
|-damage|p2a: pasty wasty|67/100
|move|p2a: pasty wasty|Sludge Bomb|p1a: Mandibuzz
|-damage|p1a: Mandibuzz|19/100
|-status|p1a: Mandibuzz|psn
|
|-damage|p1a: Mandibuzz|7/100 psn|[from] psn
|upkeep
|turn|42
|
|t:|1658083094
|move|p1a: Mandibuzz|Foul Play|p2a: pasty wasty
|-supereffective|p2a: pasty wasty
|-damage|p2a: pasty wasty|37/100
|move|p2a: pasty wasty|Slack Off|p2a: pasty wasty
|-heal|p2a: pasty wasty|87/100
|
|-damage|p1a: Mandibuzz|0 fnt|[from] psn
|faint|p1a: Mandibuzz
|upkeep
|
|t:|1658083102
|switch|p1a: Raikou|Raikou|87/100
|turn|43
|
|t:|1658083104
|move|p1a: Raikou|Scald|p2a: pasty wasty
|-damage|p2a: pasty wasty|77/100
|move|p2a: pasty wasty|Sludge Bomb|p1a: Raikou
|-crit|p1a: Raikou
|-damage|p1a: Raikou|0 fnt
|faint|p1a: Raikou
|
|upkeep
|
|t:|1658083106
|switch|p1a: Keldeo|Keldeo-Resolute|77/100
|-damage|p1a: Keldeo|70/100|[from] Stealth Rock
|turn|44
|
|t:|1658083109
|move|p1a: Keldeo|Scald|p2a: pasty wasty
|-damage|p2a: pasty wasty|62/100
|move|p2a: pasty wasty|Sludge Bomb|p1a: Keldeo
|-damage|p1a: Keldeo|0 fnt
|faint|p1a: Keldeo
|
|upkeep
|
|t:|1658083112
|switch|p1a: Amoonguss|Amoonguss, F|100/100
|-damage|p1a: Amoonguss|88/100|[from] Stealth Rock
|turn|45
|c|☆pokemonisfun|gg
|c|☆HaxxLR|gg
|
|t:|1658083122
|move|p2a: pasty wasty|Flamethrower|p1a: Amoonguss
|-supereffective|p1a: Amoonguss
|-damage|p1a: Amoonguss|0 fnt
|faint|p1a: Amoonguss
|
|win|pokemonisfun
|raw|HaxxLR's rating: 1483 &rarr; <strong>1476</strong><br />(-7 for losing)
|raw|pokemonisfun's rating: 1744 &rarr; <strong>1751</strong><br />(+7 for winning)
|l|☆pokemonisfun
