|j|☆Acey 2B
|j|☆gijion chilli
|player|p1|Acey 2B|anabel|1469
|player|p2|gijion chilli|twins-gen4dp|1679
|teamsize|p1|6
|teamsize|p2|6
|gametype|singles
|gen|8
|tier|[Gen 8] UU
|rated|
|clearpoke
|poke|p1|Reuniclus, F|
|poke|p1|Golisopod, M|
|poke|p1|Silvally-*|
|poke|p1|Drapion, M|
|poke|p1|Copperajah, M|
|poke|p1|Noivern, F|
|poke|p2|Machamp, M|
|poke|p2|Weavile, F|
|poke|p2|Duraludon, M|
|poke|p2|Weezing-Galar, F|
|poke|p2|Doublade, F|
|poke|p2|Gardevoir, F|
|rule|Sleep Clause Mod: Limit one foe put to sleep
|rule|Species Clause: Limit one of each Pokémon
|rule|OHKO Clause: OHKO moves are banned
|rule|Evasion Moves Clause: Evasion moves are banned
|rule|Endless Battle Clause: Forcing endless battles is banned
|rule|HP Percentage Mod: HP is shown in percentages
|rule|Dynamax Clause: You cannot dynamax
|teampreview
|
|start
|switch|p1a: Drapion|Drapion, M|100/100
|switch|p2a: Duraludon|Duraludon, M|100/100
|turn|1
|
|move|p2a: Duraludon|Flash Cannon|p1a: Drapion
|-damage|p1a: Drapion|60/100
|move|p1a: Drapion|Knock Off|p2a: Duraludon
|-damage|p2a: Duraludon|66/100
|-enditem|p2a: Duraludon|Focus Sash|[from] move: Knock Off|[of] p1a: Drapion
|
|-heal|p1a: Drapion|66/100|[from] item: Black Sludge
|upkeep
|turn|2
|inactive|Battle timer is ON: inactive players will automatically lose when time's up. (requested by Acey 2B)
|
|move|p2a: Duraludon|Thunder Wave|p1a: Drapion
|-status|p1a: Drapion|par
|move|p1a: Drapion|Taunt|p2a: Duraludon
|-start|p2a: Duraludon|move: Taunt
|
|-heal|p1a: Drapion|73/100 par|[from] item: Black Sludge
|upkeep
|turn|3
|
|switch|p1a: Golisopod|Golisopod, M|100/100
|move|p2a: Duraludon|Flash Cannon|p1a: Golisopod
|-resisted|p1a: Golisopod
|-crit|p1a: Golisopod
|-damage|p1a: Golisopod|62/100
|
|upkeep
|turn|4
|
|move|p1a: Golisopod|First Impression|p2a: Duraludon
|-resisted|p2a: Duraludon
|-damage|p2a: Duraludon|41/100
|move|p2a: Duraludon|Thunderbolt|p1a: Golisopod
|-supereffective|p1a: Golisopod
|-damage|p1a: Golisopod|0 fnt
|faint|p1a: Golisopod
|
|upkeep
|
|switch|p1a: Silvally|Silvally-Ghost|100/100
|turn|5
|
|move|p1a: Silvally|Swords Dance|p1a: Silvally
|-boost|p1a: Silvally|atk|2
|move|p2a: Duraludon|Flash Cannon|p1a: Silvally
|-damage|p1a: Silvally|58/100
|
|-end|p2a: Duraludon|move: Taunt
|upkeep
|turn|6
|
|move|p1a: Silvally|Multi-Attack|p2a: Duraludon
|-damage|p2a: Duraludon|0 fnt
|faint|p2a: Duraludon
|
|upkeep
|
|switch|p2a: Weavile|Weavile, F|100/100
|-ability|p2a: Weavile|Pressure
|turn|7
|
|switch|p1a: Drapion|Drapion, M|73/100 par
|move|p2a: Weavile|Knock Off|p1a: Drapion
|-resisted|p1a: Drapion
|-damage|p1a: Drapion|43/100 par
|-enditem|p1a: Drapion|Black Sludge|[from] move: Knock Off|[of] p2a: Weavile
|-damage|p2a: Weavile|91/100|[from] item: Life Orb
|
|upkeep
|turn|8
|
|move|p2a: Weavile|Swords Dance|p2a: Weavile
|-boost|p2a: Weavile|atk|2
|move|p1a: Drapion|Toxic|p2a: Weavile
|-status|p2a: Weavile|tox
|
|-damage|p2a: Weavile|84/100 tox|[from] psn
|upkeep
|turn|9
|
|move|p2a: Weavile|Low Kick|p1a: Drapion
|-damage|p1a: Drapion|0 fnt
|-damage|p2a: Weavile|75/100 tox|[from] item: Life Orb
|faint|p1a: Drapion
|
|-damage|p2a: Weavile|62/100 tox|[from] psn
|upkeep
|
|switch|p1a: Noivern|Noivern, F|100/100
|turn|10
|
|switch|p1a: Copperajah|Copperajah, M|100/100
|move|p2a: Weavile|Ice Shard|p1a: Copperajah
|-resisted|p1a: Copperajah
|-damage|p1a: Copperajah|75/100
|-damage|p2a: Weavile|52/100 tox|[from] item: Life Orb
|
|-damage|p2a: Weavile|34/100 tox|[from] psn
|upkeep
|turn|11
|
|switch|p1a: Noivern|Noivern, F|100/100
|move|p2a: Weavile|Knock Off|p1a: Noivern
|-damage|p1a: Noivern|0 fnt
|-enditem|p1a: Noivern|Heavy-Duty Boots|[from] move: Knock Off|[of] p2a: Weavile
|-damage|p2a: Weavile|24/100 tox|[from] item: Life Orb
|faint|p1a: Noivern
|
|-damage|p2a: Weavile|0 fnt|[from] psn
|faint|p2a: Weavile
|upkeep
|
|switch|p2a: Weezing|Weezing-Galar, F|100/100
|switch|p1a: Silvally|Silvally-Ghost|58/100
|turn|12
|
|move|p1a: Silvally|Multi-Attack|p2a: Weezing
|-damage|p2a: Weezing|49/100
|move|p2a: Weezing|Strange Steam|p1a: Silvally
|-damage|p1a: Silvally|15/100
|
|-heal|p2a: Weezing|55/100|[from] item: Black Sludge
|upkeep
|turn|13
|
|move|p1a: Silvally|Multi-Attack|p2a: Weezing
|-damage|p2a: Weezing|4/100
|move|p2a: Weezing|Sludge Bomb|p1a: Silvally
|-resisted|p1a: Silvally
|-damage|p1a: Silvally|0 fnt
|faint|p1a: Silvally
|
|-heal|p2a: Weezing|10/100|[from] item: Black Sludge
|upkeep
|
|switch|p1a: Reuniclus|Reuniclus, F|100/100
|turn|14
|
|move|p2a: Weezing|Sludge Bomb|p1a: Reuniclus
|-damage|p1a: Reuniclus|63/100
|-status|p1a: Reuniclus|psn
|move|p1a: Reuniclus|Trick Room|p1a: Reuniclus
|-fieldstart|move: Trick Room|[of] p1a: Reuniclus
|
|-heal|p2a: Weezing|16/100|[from] item: Black Sludge
|upkeep
|turn|15
|
|move|p1a: Reuniclus|Shadow Ball|p2a: Weezing
|-damage|p2a: Weezing|0 fnt
|faint|p2a: Weezing
|
|upkeep
|
|switch|p2a: Gardevoir|Gardevoir, F|100/100
|-ability|p2a: Gardevoir|Magic Guard|[from] ability: Trace|[of] p1a: Reuniclus
|turn|16
|
|move|p1a: Reuniclus|Shadow Ball|p2a: Gardevoir
|-supereffective|p2a: Gardevoir
|-crit|p2a: Gardevoir
|-damage|p2a: Gardevoir|0 fnt
|faint|p2a: Gardevoir
|
|upkeep
|
|switch|p2a: Machamp|Machamp, M|100/100
|turn|17
|
|switch|p2a: Doublade|Doublade, F|100/100
|move|p1a: Reuniclus|Psychic|p2a: Doublade
|-resisted|p2a: Doublade
|-damage|p2a: Doublade|58/100
|
|upkeep
|turn|18
|
|move|p2a: Doublade|Shadow Sneak|p1a: Reuniclus
|-supereffective|p1a: Reuniclus
|-damage|p1a: Reuniclus|23/100 psn
|move|p1a: Reuniclus|Shadow Ball|p2a: Doublade
|-supereffective|p2a: Doublade
|-damage|p2a: Doublade|0 fnt
|faint|p2a: Doublade
|
|-fieldend|move: Trick Room
|upkeep
|
|switch|p2a: Machamp|Machamp, M|100/100
|turn|19
|
|move|p2a: Machamp|Knock Off|p1a: Reuniclus
|-supereffective|p1a: Reuniclus
|-damage|p1a: Reuniclus|0 fnt
|-enditem|p1a: Reuniclus|Life Orb|[from] move: Knock Off|[of] p2a: Machamp
|faint|p1a: Reuniclus
|
|-status|p2a: Machamp|brn|[from] item: Flame Orb
|upkeep
|
|switch|p1a: Copperajah|Copperajah, M|75/100
|turn|20
|
|move|p2a: Machamp|Close Combat|p1a: Copperajah
|-supereffective|p1a: Copperajah
|-damage|p1a: Copperajah|0 fnt
|-unboost|p2a: Machamp|def|1
|-unboost|p2a: Machamp|spd|1
|faint|p1a: Copperajah
|
|win|gijion chilli
|raw|Acey 2B's rating: 1469 &rarr; <strong>1460</strong><br />(-9 for losing)
|raw|gijion chilli's rating: 1679 &rarr; <strong>1688</strong><br />(+9 for winning)
|l|☆Acey 2B
|c|☆gijion chilli|Gg
