|j|☆UULT91w Toto
|j|☆UULT91w HaxxLR
|t:|1651669013
|gametype|singles
|player|p1|UULT91w Toto|fantina|1520
|player|p2|UULT91w HaxxLR|grimsley|1278
|teamsize|p1|6
|teamsize|p2|6
|gen|8
|tier|[Gen 8] UU
|rated|
|rule|Sleep Clause Mod: Limit one foe put to sleep
|rule|Species Clause: Limit one of each Pokémon
|rule|OHKO Clause: OHKO moves are banned
|rule|Evasion Moves Clause: Evasion moves are banned
|rule|Endless Battle Clause: Forcing endless battles is banned
|rule|HP Percentage Mod: HP is shown in percentages
|rule|Dynamax Clause: You cannot dynamax
|clearpoke
|poke|p1|Chansey, F|
|poke|p1|Rotom-Wash|
|poke|p1|Mandibuzz, F|
|poke|p1|Chandelure, M|
|poke|p1|Scizor, M|
|poke|p1|Zygarde-10%|
|poke|p2|Togekiss, M|
|poke|p2|Mandibuzz, F|
|poke|p2|Chansey, F|
|poke|p2|Scizor, M|
|poke|p2|Swampert, M|
|poke|p2|Zygarde-10%|
|teampreview
|j| opela
|c|☆UULT91w Toto|glhf
|c|☆UULT91w HaxxLR|hf
|
|t:|1651669083
|start
|switch|p1a: Rotom|Rotom-Wash|100/100
|switch|p2a: Swampert|Swampert, M|100/100
|turn|1
|
|t:|1651669091
|switch|p2a: Chansey|Chansey, F|100/100
|move|p1a: Rotom|Will-O-Wisp|p2a: Chansey|[miss]
|-miss|p1a: Rotom|p2a: Chansey
|
|upkeep
|turn|2
|
|t:|1651669097
|move|p1a: Rotom|Volt Switch|p2a: Chansey
|-damage|p2a: Chansey|93/100
|
|t:|1651669102
|switch|p1a: Scizor|Scizor, M|100/100|[from]move: Volt Switch
|move|p2a: Chansey|Teleport|p2a: Chansey
|
|t:|1651669131
|switch|p2a: Scizor|Scizor, M|100/100|[from]move: Teleport
|
|upkeep
|turn|3
|
|t:|1651669143
|move|p2a: Scizor|Knock Off|p1a: Scizor
|-damage|p1a: Scizor|76/100
|-damage|p2a: Scizor|84/100|[from] item: Rocky Helmet|[of] p1a: Scizor
|-enditem|p1a: Scizor|Rocky Helmet|[from] move: Knock Off|[of] p2a: Scizor
|move|p1a: Scizor|Knock Off|p2a: Scizor
|-damage|p2a: Scizor|61/100
|-enditem|p2a: Scizor|Heavy-Duty Boots|[from] move: Knock Off|[of] p1a: Scizor
|
|upkeep
|turn|4
|
|t:|1651669160
|move|p2a: Scizor|Roost|p2a: Scizor
|-heal|p2a: Scizor|100/100
|-singleturn|p2a: Scizor|move: Roost
|move|p1a: Scizor|U-turn|p2a: Scizor
|-resisted|p2a: Scizor
|-damage|p2a: Scizor|88/100
|
|t:|1651669180
|switch|p1a: Chandelure|Chandelure, M|100/100|[from]move: U-turn
|
|upkeep
|turn|5
|
|t:|1651669186
|switch|p2a: Chansey|Chansey, F|93/100
|move|p1a: Chandelure|Flamethrower|p2a: Chansey
|-damage|p2a: Chansey|78/100
|
|upkeep
|turn|6
|
|t:|1651669192
|move|p1a: Chandelure|Taunt|p2a: Chansey
|-start|p2a: Chansey|move: Taunt
|cant|p2a: Chansey|move: Taunt|Teleport
|
|upkeep
|turn|7
|
|t:|1651669245
|switch|p2a: Togekiss|Togekiss, M|100/100
|move|p1a: Chandelure|Will-O-Wisp|p2a: Togekiss
|-status|p2a: Togekiss|brn
|
|-damage|p2a: Togekiss|94/100 brn|[from] brn
|upkeep
|turn|8
|
|t:|1651669277
|move|p1a: Chandelure|Hex|p2a: Togekiss
|-damage|p2a: Togekiss|22/100 brn
|move|p2a: Togekiss|Air Slash|p1a: Chandelure
|-damage|p1a: Chandelure|16/100
|
|-damage|p2a: Togekiss|16/100 brn|[from] brn
|upkeep
|turn|9
|
|t:|1651669291
|switch|p1a: Rotom|Rotom-Wash|100/100
|switch|p2a: Chansey|Chansey, F|78/100
|
|upkeep
|turn|10
|
|t:|1651669316
|move|p1a: Rotom|Volt Switch|p2a: Chansey
|-damage|p2a: Chansey|71/100
|
|t:|1651669318
|switch|p1a: Chansey|Chansey, F|100/100|[from]move: Volt Switch
|move|p2a: Chansey|Teleport|p2a: Chansey
|
|t:|1651669325
|switch|p2a: Scizor|Scizor, M|88/100|[from]move: Teleport
|
|upkeep
|turn|11
|
|t:|1651669379
|switch|p1a: Scizor|Scizor, M|76/100
|move|p2a: Scizor|Knock Off|p1a: Scizor
|-damage|p1a: Scizor|61/100
|
|upkeep
|turn|12
|
|t:|1651669397
|move|p2a: Scizor|U-turn|p1a: Scizor
|-resisted|p1a: Scizor
|-damage|p1a: Scizor|48/100
|
|t:|1651669450
|switch|p2a: Togekiss|Togekiss, M|16/100 brn|[from]move: U-turn
|move|p1a: Scizor|U-turn|p2a: Togekiss
|-resisted|p2a: Togekiss
|-damage|p2a: Togekiss|6/100 brn
|
|t:|1651669459
|switch|p1a: Rotom|Rotom-Wash|100/100|[from]move: U-turn
|
|-damage|p2a: Togekiss|0 fnt|[from] brn
|faint|p2a: Togekiss
|upkeep
|
|t:|1651669478
|switch|p2a: Zygarde|Zygarde-10%|100/100
|-ability|p2a: Zygarde|Aura Break
|turn|13
|
|t:|1651669498
|switch|p1a: Mandibuzz|Mandibuzz, F|100/100
|move|p2a: Zygarde|Thousand Arrows|p1a: Mandibuzz
|-damage|p1a: Mandibuzz|64/100
|-start|p1a: Mandibuzz|Smack Down
|
|upkeep
|turn|14
|
|t:|1651669524
|switch|p2a: Scizor|Scizor, M|88/100
|move|p1a: Mandibuzz|Roost|p1a: Mandibuzz
|-heal|p1a: Mandibuzz|100/100
|-singleturn|p1a: Mandibuzz|move: Roost
|
|upkeep
|turn|15
|
|t:|1651669530
|switch|p1a: Scizor|Scizor, M|48/100
|move|p2a: Scizor|U-turn|p1a: Scizor
|-resisted|p1a: Scizor
|-damage|p1a: Scizor|35/100
|
|t:|1651669535
|switch|p2a: Zygarde|Zygarde-10%|100/100|[from]move: U-turn
|-ability|p2a: Zygarde|Aura Break
|
|upkeep
|turn|16
|
|t:|1651669582
|switch|p1a: Mandibuzz|Mandibuzz, F|100/100
|move|p2a: Zygarde|Thousand Arrows|p1a: Mandibuzz
|-damage|p1a: Mandibuzz|65/100
|-start|p1a: Mandibuzz|Smack Down
|
|upkeep
|turn|17
|
|t:|1651669617
|switch|p2a: Scizor|Scizor, M|88/100
|move|p1a: Mandibuzz|Roost|p1a: Mandibuzz
|-heal|p1a: Mandibuzz|100/100
|-singleturn|p1a: Mandibuzz|move: Roost
|
|upkeep
|turn|18
|
|t:|1651669651
|move|p1a: Mandibuzz|Foul Play|p2a: Scizor
|-damage|p2a: Scizor|54/100
|move|p2a: Scizor|U-turn|p1a: Mandibuzz
|-damage|p1a: Mandibuzz|80/100
|
|t:|1651669657
|switch|p2a: Swampert|Swampert, M|100/100|[from]move: U-turn
|
|upkeep
|turn|19
|
|t:|1651669667
|switch|p1a: Chansey|Chansey, F|100/100
|move|p2a: Swampert|Flip Turn|p1a: Chansey
|-damage|p1a: Chansey|85/100
|
|t:|1651669674
|switch|p2a: Scizor|Scizor, M|54/100|[from]move: Flip Turn
|
|upkeep
|turn|20
|
|t:|1651669715
|move|p2a: Scizor|Knock Off|p1a: Chansey
|-damage|p1a: Chansey|66/100
|-enditem|p1a: Chansey|Eviolite|[from] move: Knock Off|[of] p2a: Scizor
|move|p1a: Chansey|Stealth Rock|p2a: Scizor
|-sidestart|p2: UULT91w HaxxLR|move: Stealth Rock
|
|upkeep
|turn|21
|
|t:|1651669773
|move|p2a: Scizor|U-turn|p1a: Chansey
|-damage|p1a: Chansey|38/100
|
|t:|1651669776
|switch|p2a: Zygarde|Zygarde-10%|100/100|[from]move: U-turn
|-damage|p2a: Zygarde|94/100|[from] Stealth Rock
|-ability|p2a: Zygarde|Aura Break
|move|p1a: Chansey|Soft-Boiled|p1a: Chansey
|-heal|p1a: Chansey|88/100
|
|upkeep
|turn|22
|
|t:|1651669828
|move|p2a: Zygarde|Toxic|p1a: Chansey
|-status|p1a: Chansey|tox
|move|p1a: Chansey|Stealth Rock||[still]
|-fail|p1a: Chansey
|
|-damage|p1a: Chansey|82/100 tox|[from] psn
|upkeep
|turn|23
|
|t:|1651669835
|switch|p2a: Scizor|Scizor, M|54/100
|-damage|p2a: Scizor|42/100|[from] Stealth Rock
|move|p1a: Chansey|Teleport|p1a: Chansey
|
|t:|1651669908
|-curestatus|p1a: Chansey|tox|[from] ability: Natural Cure
|switch|p1a: Zygarde|Zygarde-10%|100/100|[from]move: Teleport
|-ability|p1a: Zygarde|Aura Break
|
|upkeep
|turn|24
|
|t:|1651669919
|switch|p2a: Swampert|Swampert, M|100/100
|-damage|p2a: Swampert|94/100|[from] Stealth Rock
|move|p1a: Zygarde|Toxic|p2a: Swampert
|-status|p2a: Swampert|tox
|
|-heal|p2a: Swampert|100/100 tox|[from] item: Leftovers
|-damage|p2a: Swampert|94/100 tox|[from] psn
|upkeep
|turn|25
|
|t:|1651669942
|switch|p1a: Chansey|Chansey, F|82/100
|move|p2a: Swampert|Stealth Rock|p1a: Chansey
|-sidestart|p1: UULT91w Toto|move: Stealth Rock
|
|-heal|p2a: Swampert|100/100 tox|[from] item: Leftovers
|-damage|p2a: Swampert|88/100 tox|[from] psn
|upkeep
|turn|26
|
|t:|1651669955
|move|p2a: Swampert|Flip Turn|p1a: Chansey
|-damage|p1a: Chansey|61/100
|
|t:|1651669983
|switch|p2a: Scizor|Scizor, M|42/100|[from]move: Flip Turn
|-damage|p2a: Scizor|30/100|[from] Stealth Rock
|move|p1a: Chansey|Teleport|p1a: Chansey
|
|t:|1651670024
|switch|p1a: Zygarde|Zygarde-10%|100/100|[from]move: Teleport
|-damage|p1a: Zygarde|94/100|[from] Stealth Rock
|-ability|p1a: Zygarde|Aura Break
|
|upkeep
|turn|27
|
|t:|1651670051
|switch|p2a: Swampert|Swampert, M|88/100 tox
|-damage|p2a: Swampert|82/100 tox|[from] Stealth Rock
|move|p1a: Zygarde|Thousand Arrows|p2a: Swampert
|-damage|p2a: Swampert|43/100 tox
|
|-heal|p2a: Swampert|49/100 tox|[from] item: Leftovers
|-damage|p2a: Swampert|43/100 tox|[from] psn
|upkeep
|turn|28
|
|t:|1651670062
|switch|p1a: Mandibuzz|Mandibuzz, F|80/100
|move|p2a: Swampert|Flip Turn|p1a: Mandibuzz
|-damage|p1a: Mandibuzz|66/100
|
|t:|1651670079
|switch|p2a: Mandibuzz|Mandibuzz, F|100/100|[from]move: Flip Turn
|
|upkeep
|turn|29
|
|t:|1651670083
|move|p1a: Mandibuzz|Roost|p1a: Mandibuzz
|-heal|p1a: Mandibuzz|100/100
|-singleturn|p1a: Mandibuzz|move: Roost
|move|p2a: Mandibuzz|Toxic|p1a: Mandibuzz
|-status|p1a: Mandibuzz|tox
|
|-damage|p1a: Mandibuzz|94/100 tox|[from] psn
|upkeep
|turn|30
|
|t:|1651670094
|switch|p1a: Rotom|Rotom-Wash|100/100
|-damage|p1a: Rotom|88/100|[from] Stealth Rock
|move|p2a: Mandibuzz|Foul Play|p1a: Rotom
|-damage|p1a: Rotom|73/100
|
|-heal|p1a: Rotom|79/100|[from] item: Leftovers
|upkeep
|turn|31
|
|t:|1651670102
|switch|p2a: Swampert|Swampert, M|43/100 tox
|-damage|p2a: Swampert|36/100 tox|[from] Stealth Rock
|move|p1a: Rotom|Volt Switch|p2a: Swampert
|-immune|p2a: Swampert
|
|-heal|p1a: Rotom|86/100|[from] item: Leftovers
|-heal|p2a: Swampert|43/100 tox|[from] item: Leftovers
|-damage|p2a: Swampert|36/100 tox|[from] psn
|upkeep
|turn|32
|
|t:|1651670121
|move|p1a: Rotom|Hydro Pump|p2a: Swampert
|-damage|p2a: Swampert|3/100 tox
|move|p2a: Swampert|Flip Turn|p1a: Rotom
|-resisted|p1a: Rotom
|-damage|p1a: Rotom|70/100
|
|t:|1651670125
|switch|p2a: Zygarde|Zygarde-10%|94/100|[from]move: Flip Turn
|-damage|p2a: Zygarde|88/100|[from] Stealth Rock
|-ability|p2a: Zygarde|Aura Break
|
|-heal|p1a: Rotom|76/100|[from] item: Leftovers
|upkeep
|turn|33
|
|t:|1651670153
|move|p2a: Zygarde|Thousand Arrows|p1a: Rotom
|-supereffective|p1a: Rotom
|-damage|p1a: Rotom|0 fnt
|faint|p1a: Rotom
|
|upkeep
|
|t:|1651670209
|switch|p1a: Mandibuzz|Mandibuzz, F|94/100 tox
|turn|34
|
|t:|1651670226
|switch|p2a: Mandibuzz|Mandibuzz, F|100/100
|switch|p1a: Zygarde|Zygarde-10%|94/100
|-damage|p1a: Zygarde|88/100|[from] Stealth Rock
|-ability|p1a: Zygarde|Aura Break
|
|upkeep
|turn|35
|
|t:|1651670231
|move|p1a: Zygarde|Toxic|p2a: Mandibuzz
|-status|p2a: Mandibuzz|tox
|move|p2a: Mandibuzz|Foul Play|p1a: Zygarde
|-damage|p1a: Zygarde|10/100
|
|-damage|p2a: Mandibuzz|94/100 tox|[from] psn
|upkeep
|turn|36
|
|t:|1651670243
|switch|p1a: Mandibuzz|Mandibuzz, F|94/100 tox
|switch|p2a: Zygarde|Zygarde-10%|88/100
|-damage|p2a: Zygarde|82/100|[from] Stealth Rock
|-ability|p2a: Zygarde|Aura Break
|
|-damage|p1a: Mandibuzz|88/100 tox|[from] psn
|upkeep
|turn|37
|
|t:|1651670267
|switch|p2a: Swampert|Swampert, M|3/100 tox
|-damage|p2a: Swampert|0 fnt|[from] Stealth Rock
|faint|p2a: Swampert
|move|p1a: Mandibuzz|Defog|p2: Swampert|[notarget]
|-fail|p1a: Mandibuzz
|
|-damage|p1a: Mandibuzz|76/100 tox|[from] psn
|upkeep
|
|t:|1651670299
|switch|p2a: Chansey|Chansey, F|71/100
|-damage|p2a: Chansey|59/100|[from] Stealth Rock
|turn|38
|
|t:|1651670312
|move|p1a: Mandibuzz|Defog|p2a: Chansey
|-unboost|p2a: Chansey|evasion|1
|-sideend|p2: UULT91w HaxxLR|Stealth Rock|[from] move: Defog|[of] p1a: Mandibuzz
|-sideend|p1: UULT91w Toto|Stealth Rock|[from] move: Defog|[of] p1a: Mandibuzz
|move|p2a: Chansey|Seismic Toss|p1a: Mandibuzz
|-damage|p1a: Mandibuzz|52/100 tox
|
|-damage|p1a: Mandibuzz|34/100 tox|[from] psn
|upkeep
|turn|39
|
|t:|1651670323
|move|p1a: Mandibuzz|Roost|p1a: Mandibuzz
|-heal|p1a: Mandibuzz|84/100 tox
|-singleturn|p1a: Mandibuzz|move: Roost
|move|p2a: Chansey|Teleport|p2a: Chansey
|
|t:|1651670326
|switch|p2a: Mandibuzz|Mandibuzz, F|94/100 tox|[from]move: Teleport
|
|-damage|p1a: Mandibuzz|59/100 tox|[from] psn
|-damage|p2a: Mandibuzz|88/100 tox|[from] psn
|upkeep
|turn|40
|
|t:|1651670358
|switch|p2a: Scizor|Scizor, M|30/100
|move|p1a: Mandibuzz|Foul Play|p2a: Scizor
|-damage|p2a: Scizor|0 fnt
|faint|p2a: Scizor
|
|-damage|p1a: Mandibuzz|29/100 tox|[from] psn
|upkeep
|
|t:|1651670363
|switch|p2a: Zygarde|Zygarde-10%|82/100
|-ability|p2a: Zygarde|Aura Break
|turn|41
|
|t:|1651670390
|switch|p1a: Chansey|Chansey, F|61/100
|move|p2a: Zygarde|Thousand Arrows|p1a: Chansey
|-damage|p1a: Chansey|4/100
|
|upkeep
|turn|42
|
|t:|1651670398
|move|p2a: Zygarde|Thousand Arrows|p1a: Chansey
|-damage|p1a: Chansey|0 fnt
|faint|p1a: Chansey
|
|upkeep
|
|t:|1651670404
|switch|p1a: Scizor|Scizor, M|35/100
|turn|43
|j| Dunoks
|
|t:|1651670419
|move|p1a: Scizor|Bullet Punch|p2a: Zygarde
|-damage|p2a: Zygarde|25/100
|move|p2a: Zygarde|Thousand Arrows|p1a: Scizor
|-damage|p1a: Scizor|0 fnt
|faint|p1a: Scizor
|
|upkeep
|
|t:|1651670421
|switch|p1a: Zygarde|Zygarde-10%|10/100
|-ability|p1a: Zygarde|Aura Break
|turn|44
|
|t:|1651670432
|switch|p2a: Chansey|Chansey, F|59/100
|switch|p1a: Chandelure|Chandelure, M|16/100
|
|upkeep
|turn|45
|
|t:|1651670447
|switch|p2a: Mandibuzz|Mandibuzz, F|88/100 tox
|move|p1a: Chandelure|Flamethrower|p2a: Mandibuzz
|-damage|p2a: Mandibuzz|45/100 tox
|
|-damage|p2a: Mandibuzz|39/100 tox|[from] psn
|upkeep
|turn|46
|
|t:|1651670460
|move|p1a: Chandelure|Flamethrower|p2a: Mandibuzz
|-damage|p2a: Mandibuzz|0 fnt
|faint|p2a: Mandibuzz
|
|upkeep
|
|t:|1651670462
|switch|p2a: Zygarde|Zygarde-10%|25/100
|-ability|p2a: Zygarde|Aura Break
|turn|47
|
|t:|1651670468
|switch|p1a: Mandibuzz|Mandibuzz, F|29/100 tox
|move|p2a: Zygarde|Thousand Arrows|p1a: Mandibuzz
|-damage|p1a: Mandibuzz|0 fnt
|faint|p1a: Mandibuzz
|
|upkeep
|
|t:|1651670474
|switch|p1a: Zygarde|Zygarde-10%|10/100
|-ability|p1a: Zygarde|Aura Break
|turn|48
|
|t:|1651670486
|switch|p2a: Chansey|Chansey, F|59/100
|move|p1a: Zygarde|Outrage|p2a: Chansey
|-damage|p2a: Chansey|9/100
|
|upkeep
|turn|49
|
|t:|1651670499
|move|p1a: Zygarde|Outrage|p2a: Chansey|[from]lockedmove
|-damage|p2a: Chansey|0 fnt
|faint|p2a: Chansey
|-start|p1a: Zygarde|confusion|[fatigue]
|
|upkeep
|
|t:|1651670502
|switch|p2a: Zygarde|Zygarde-10%|25/100
|-ability|p2a: Zygarde|Aura Break
|turn|50
|
|t:|1651670510
|switch|p1a: Chandelure|Chandelure, M|16/100
|move|p2a: Zygarde|Thousand Arrows|p1a: Chandelure
|-supereffective|p1a: Chandelure
|-damage|p1a: Chandelure|0 fnt
|faint|p1a: Chandelure
|
|upkeep
|
|t:|1651670514
|switch|p1a: Zygarde|Zygarde-10%|10/100
|-ability|p1a: Zygarde|Aura Break
|turn|51
|c|☆UULT91w HaxxLR|gg
|
|t:|1651670518
|move|p1a: Zygarde|Extreme Speed|p2a: Zygarde
|-damage|p2a: Zygarde|0 fnt
|faint|p2a: Zygarde
|
|win|UULT91w Toto
|raw|UULT91w Toto's rating: 1542 &rarr; <strong>1549</strong><br />(+7 for winning)
|raw|UULT91w HaxxLR's rating: 1278 &rarr; <strong>1269</strong><br />(-9 for losing)
|c|☆UULT91w Toto|gg
