|html|<div class="broadcast-blue"><strong>[Gen 8] UU is currently suspecting Aegislash! For information on how to participate check out the <a href="https://www.smogon.com/forums/threads/np-ss-uu-stage-8-4-spellbound-aegislash-retest-victini-banned.3679677/">suspect thread</a>.</strong></div>
|j|☆DDD Reveal
|j|☆PrinceOfAllTacos
|t:|1616311623
|player|p1|DDD Reveal|marley|
|player|p2|PrinceOfAllTacos|blue-gen7|
|teamsize|p1|6
|teamsize|p2|6
|gametype|singles
|gen|8
|tier|[Gen 8] UU
|rated|Tournament battle
|clearpoke
|poke|p1|Nidoqueen, F|
|poke|p1|Gyarados, M|
|poke|p1|Zarude-Dada|
|poke|p1|Primarina, F|
|poke|p1|Jirachi|
|poke|p1|Rotom-Heat|
|poke|p2|Ninetales-Alola, M|
|poke|p2|Mew|
|poke|p2|Thundurus-Therian, M|
|poke|p2|Scizor, M|
|poke|p2|Conkeldurr, F|
|poke|p2|Krookodile, F|
|rule|Sleep Clause Mod: Limit one foe put to sleep
|rule|Species Clause: Limit one of each Pokémon
|rule|OHKO Clause: OHKO moves are banned
|rule|Evasion Moves Clause: Evasion moves are banned
|rule|Endless Battle Clause: Forcing endless battles is banned
|rule|HP Percentage Mod: HP is shown in percentages
|rule|Dynamax Clause: You cannot dynamax
|teampreview
|j|*Lady Monita
|j| Crow Music
|j| King Yugon
|j| AngietheMesprit
|l| AngietheMesprit
|j| Belegen
|
|t:|1616311639
|start
|switch|p1a: Zarude|Zarude-Dada|100/100
|switch|p2a: Krookodile|Krookodile, F|100/100
|-ability|p2a: Krookodile|Intimidate|boost
|-unboost|p1a: Zarude|atk|1
|turn|1
|j| qwertymnbvcx
|
|t:|1616311647
|move|p1a: Zarude|Power Whip|p2a: Krookodile
|-supereffective|p2a: Krookodile
|-damage|p2a: Krookodile|1/100
|move|p2a: Krookodile|Stealth Rock|p1a: Zarude
|-sidestart|p1: DDD Reveal|move: Stealth Rock
|
|upkeep
|turn|2
|
|t:|1616311654
|switch|p1a: Rotom|Rotom-Heat|100/100
|move|p2a: Krookodile|Knock Off|p1a: Rotom
|-damage|p1a: Rotom|61/100
|-enditem|p1a: Rotom|Heavy-Duty Boots|[from] move: Knock Off|[of] p2a: Krookodile
|
|upkeep
|turn|3
|
|t:|1616311659
|move|p2a: Krookodile|Taunt|p1a: Rotom
|-start|p1a: Rotom|move: Taunt
|move|p1a: Rotom|Overheat|p2a: Krookodile
|-damage|p2a: Krookodile|0 fnt
|-unboost|p1a: Rotom|spa|2
|faint|p2a: Krookodile
|
|upkeep
|j|@Saba1111
|j| SimonBoi99
|
|t:|1616311669
|switch|p2a: Ninetales|Ninetales-Alola, M|100/100
|-weather|Hail|[from] ability: Snow Warning|[of] p2a: Ninetales
|turn|4
|
|t:|1616311674
|switch|p1a: Jirachi|Jirachi|100/100
|-damage|p1a: Jirachi|94/100|[from] Stealth Rock
|move|p2a: Ninetales|Aurora Veil|p2a: Ninetales
|-sidestart|p2: PrinceOfAllTacos|move: Aurora Veil
|
|-weather|Hail|[upkeep]
|-damage|p1a: Jirachi|88/100|[from] Hail
|-heal|p1a: Jirachi|94/100|[from] item: Leftovers
|upkeep
|turn|5
|
|t:|1616311679
|switch|p2a: Scizor|Scizor, M|100/100
|move|p1a: Jirachi|Iron Head|p2a: Scizor
|-resisted|p2a: Scizor
|-damage|p2a: Scizor|94/100
|
|-weather|Hail|[upkeep]
|-damage|p1a: Jirachi|88/100|[from] Hail
|-damage|p2a: Scizor|88/100|[from] Hail
|-heal|p1a: Jirachi|94/100|[from] item: Leftovers
|upkeep
|turn|6
|
|t:|1616311684
|move|p1a: Jirachi|Stealth Rock|p2a: Scizor
|-sidestart|p2: PrinceOfAllTacos|move: Stealth Rock
|move|p2a: Scizor|Swords Dance|p2a: Scizor
|-boost|p2a: Scizor|atk|2
|
|-weather|Hail|[upkeep]
|-damage|p1a: Jirachi|88/100|[from] Hail
|-damage|p2a: Scizor|82/100|[from] Hail
|-heal|p1a: Jirachi|94/100|[from] item: Leftovers
|upkeep
|turn|7
|j| baloor
|c| SimonBoi99|flinchinator incoming
|
|t:|1616311693
|move|p1a: Jirachi|Iron Head|p2a: Scizor
|-resisted|p2a: Scizor
|-damage|p2a: Scizor|75/100
|cant|p2a: Scizor|flinch
|
|-weather|Hail|[upkeep]
|-damage|p1a: Jirachi|88/100|[from] Hail
|-damage|p2a: Scizor|69/100|[from] Hail
|-heal|p1a: Jirachi|94/100|[from] item: Leftovers
|upkeep
|turn|8
|
|t:|1616311697
|move|p1a: Jirachi|Iron Head|p2a: Scizor
|-resisted|p2a: Scizor
|-damage|p2a: Scizor|62/100
|cant|p2a: Scizor|flinch
|
|-weather|none
|-heal|p1a: Jirachi|100/100|[from] item: Leftovers
|upkeep
|turn|9
|j| AngietheMesprit
|
|t:|1616311701
|move|p1a: Jirachi|Iron Head|p2a: Scizor
|-resisted|p2a: Scizor
|-damage|p2a: Scizor|54/100
|cant|p2a: Scizor|flinch
|
|upkeep
|turn|10
|
|t:|1616311706
|move|p1a: Jirachi|Iron Head|p2a: Scizor
|-resisted|p2a: Scizor
|-damage|p2a: Scizor|47/100
|move|p2a: Scizor|Knock Off|p1a: Jirachi
|-supereffective|p1a: Jirachi
|-damage|p1a: Jirachi|0 fnt
|-enditem|p1a: Jirachi|Leftovers|[from] move: Knock Off|[of] p2a: Scizor
|faint|p1a: Jirachi
|
|upkeep
|c| SimonBoi99|look
|
|t:|1616311711
|switch|p1a: Rotom|Rotom-Heat|61/100
|-damage|p1a: Rotom|36/100|[from] Stealth Rock
|turn|11
|c| King Yugon|is ddd reveal finch?
|
|t:|1616311715
|move|p2a: Scizor|Bullet Punch|p1a: Rotom
|-resisted|p1a: Rotom
|-damage|p1a: Rotom|18/100
|move|p1a: Rotom|Overheat|p2a: Scizor
|-supereffective|p2a: Scizor
|-damage|p2a: Scizor|0 fnt
|-unboost|p1a: Rotom|spa|2
|faint|p2a: Scizor
|
|-sideend|p2: PrinceOfAllTacos|move: Aurora Veil
|upkeep
|c| SimonBoi99|FLINCHINATOR
|c| King Yugon|oh
|
|t:|1616311726
|switch|p2a: Conkeldurr|Conkeldurr, F|100/100
|-damage|p2a: Conkeldurr|94/100|[from] Stealth Rock
|turn|12
|c| AngietheMesprit|cringe
|c| Crow Music|Really?
|j| Itsuki Kiritsugu
|
|t:|1616311731
|move|p2a: Conkeldurr|Mach Punch|p1a: Rotom
|-damage|p1a: Rotom|0 fnt
|faint|p1a: Rotom
|
|-heal|p2a: Conkeldurr|100/100|[from] item: Leftovers
|upkeep
|j| TWK2 Serene Grace
|
|t:|1616311738
|switch|p1a: Primarina|Primarina, F|100/100
|-damage|p1a: Primarina|88/100|[from] Stealth Rock
|turn|13
|
|t:|1616311745
|switch|p2a: Thundurus|Thundurus-Therian, M|100/100
|move|p1a: Primarina|Moonblast|p2a: Thundurus
|-damage|p2a: Thundurus|32/100
|-unboost|p2a: Thundurus|spa|1
|
|upkeep
|turn|14
|
|t:|1616311751
|move|p2a: Thundurus|Thunderbolt|p1a: Primarina
|-supereffective|p1a: Primarina
|-damage|p1a: Primarina|41/100
|move|p1a: Primarina|Moonblast|p2a: Thundurus
|-damage|p2a: Thundurus|0 fnt
|faint|p2a: Thundurus
|
|upkeep
|c| SimonBoi99|stronk
|
|t:|1616311754
|switch|p2a: Ninetales|Ninetales-Alola, M|100/100
|-damage|p2a: Ninetales|76/100|[from] Stealth Rock
|-weather|Hail|[from] ability: Snow Warning|[of] p2a: Ninetales
|turn|15
|c| SimonBoi99|and thicc
|
|t:|1616311766
|move|p2a: Ninetales|Aurora Veil|p2a: Ninetales
|-sidestart|p2: PrinceOfAllTacos|move: Aurora Veil
|move|p1a: Primarina|Moonblast|p2a: Ninetales
|-damage|p2a: Ninetales|42/100
|
|-weather|Hail|[upkeep]
|-damage|p1a: Primarina|35/100|[from] Hail
|upkeep
|turn|16
|c| Crow Music|It has to be AV lol
|
|t:|1616311775
|move|p2a: Ninetales|Nasty Plot|p2a: Ninetales
|-boost|p2a: Ninetales|spa|2
|move|p1a: Primarina|Hydro Pump|p2a: Ninetales
|-damage|p2a: Ninetales|8/100
|
|-weather|Hail|[upkeep]
|-damage|p1a: Primarina|29/100|[from] Hail
|upkeep
|turn|17
|
|t:|1616311791
|move|p2a: Ninetales|Freeze-Dry|p1a: Primarina
|-supereffective|p1a: Primarina
|-damage|p1a: Primarina|0 fnt
|faint|p1a: Primarina
|
|-weather|Hail|[upkeep]
|upkeep
|
|t:|1616311795
|switch|p1a: Zarude|Zarude-Dada|100/100
|-damage|p1a: Zarude|88/100|[from] Stealth Rock
|turn|18
|
|t:|1616311801
|move|p1a: Zarude|Darkest Lariat|p2a: Ninetales
|-resisted|p2a: Ninetales
|-damage|p2a: Ninetales|0 fnt
|faint|p2a: Ninetales
|
|-weather|Hail|[upkeep]
|-damage|p1a: Zarude|82/100|[from] Hail
|upkeep
|j| dokythedingus
|
|t:|1616311804
|switch|p2a: Conkeldurr|Conkeldurr, F|100/100
|-damage|p2a: Conkeldurr|94/100|[from] Stealth Rock
|turn|19
|
|t:|1616311809
|switch|p1a: Gyarados|Gyarados, M|100/100
|move|p2a: Conkeldurr|Bulk Up|p2a: Conkeldurr
|-boost|p2a: Conkeldurr|atk|1
|-boost|p2a: Conkeldurr|def|1
|
|-weather|none
|-heal|p2a: Conkeldurr|100/100|[from] item: Leftovers
|upkeep
|turn|20
|
|t:|1616311814
|move|p1a: Gyarados|Waterfall|p2a: Conkeldurr
|-damage|p2a: Conkeldurr|88/100
|move|p2a: Conkeldurr|Bulk Up|p2a: Conkeldurr
|-boost|p2a: Conkeldurr|atk|1
|-boost|p2a: Conkeldurr|def|1
|
|-heal|p2a: Conkeldurr|94/100|[from] item: Leftovers
|upkeep
|turn|21
|j| EliasMyrtille
|
|t:|1616311821
|move|p1a: Gyarados|Dragon Dance|p1a: Gyarados
|-boost|p1a: Gyarados|atk|1
|-boost|p1a: Gyarados|spe|1
|move|p2a: Conkeldurr|Knock Off|p1a: Gyarados
|-damage|p1a: Gyarados|0 fnt
|-enditem|p1a: Gyarados|Heavy-Duty Boots|[from] move: Knock Off|[of] p2a: Conkeldurr
|faint|p1a: Gyarados
|
|-heal|p2a: Conkeldurr|99/100|[from] item: Leftovers
|upkeep
|
|t:|1616311824
|switch|p1a: Nidoqueen|Nidoqueen, F|100/100
|-damage|p1a: Nidoqueen|94/100|[from] Stealth Rock
|turn|22
|
|t:|1616311828
|move|p1a: Nidoqueen|Sludge Wave|p2a: Conkeldurr
|-damage|p2a: Conkeldurr|69/100
|move|p2a: Conkeldurr|Knock Off|p1a: Nidoqueen
|-damage|p1a: Nidoqueen|0 fnt
|-enditem|p1a: Nidoqueen|Life Orb|[from] move: Knock Off|[of] p2a: Conkeldurr
|faint|p1a: Nidoqueen
|
|-heal|p2a: Conkeldurr|75/100|[from] item: Leftovers
|-sideend|p2: PrinceOfAllTacos|move: Aurora Veil
|upkeep
|l| EliasMyrtille
|c|☆DDD Reveal|gg
|c|☆PrinceOfAllTacos|gg
|
|t:|1616311837
|switch|p1a: Zarude|Zarude-Dada|82/100
|-damage|p1a: Zarude|70/100|[from] Stealth Rock
|turn|23
|
|t:|1616311840
|move|p2a: Conkeldurr|Mach Punch|p1a: Zarude
|-supereffective|p1a: Zarude
|-damage|p1a: Zarude|0 fnt
|faint|p1a: Zarude
|
|win|PrinceOfAllTacos
|n|☆DDD Reveal|dddreveal
|n|☆PrinceOfAllTacos|princeofalltacos
|n|*Lady Monita|ladymonita
|n| Crow Music|crowmusic
|n| King Yugon|kingyugon
|n| Belegen|belegen
|n| qwertymnbvcx|qwertymnbvcx
|n| Saba1111|saba1111
|n| SimonBoi99|simonboi99
|n| baloor|baloor
|n| AngietheMesprit|angiethemesprit
|n| Itsuki Kiritsugu|itsukikiritsugu
|n| TWK2 Serene Grace|twk2serenegrace
|n| dokythedingus|dokythedingus
