|html|<div class="broadcast-blue"><strong>[Gen 8] UU is currently suspecting Scizor! For information on how to participate check out the <a href="https://www.smogon.com/forums/threads/ss-uu-stage-12-2-spider-dance.3704866/">suspect thread</a>.</strong></div>
|j|☆JP_PN
|j|☆DQ Low Tier Legend
|t:|1659185636
|gametype|singles
|player|p1|JP_PN|benga|1370
|player|p2|DQ Low Tier Legend|lucas|1541
|teamsize|p1|6
|teamsize|p2|6
|gen|8
|tier|[Gen 8] UU
|rated|
|rule|Sleep Clause Mod: Limit one foe put to sleep
|rule|Species Clause: Limit one of each Pokémon
|rule|OHKO Clause: OHKO moves are banned
|rule|Evasion Moves Clause: Evasion moves are banned
|rule|Endless Battle Clause: Forcing endless battles is banned
|rule|HP Percentage Mod: HP is shown in percentages
|rule|Dynamax Clause: You cannot dynamax
|clearpoke
|poke|p1|Umbreon, F|
|poke|p1|Hydreigon, M|
|poke|p1|Tangrowth, F|
|poke|p1|Haxorus, M|
|poke|p1|Swampert, F|
|poke|p1|Jirachi|
|poke|p2|Reuniclus, M|
|poke|p2|Tapu Bulu|
|poke|p2|Scizor, M|
|poke|p2|Suicune|
|poke|p2|Zygarde-10%|
|poke|p2|Rotom-Heat|
|teampreview
|inactive|Battle timer is ON: inactive players will automatically lose when time's up. (requested by JP_PN)
|
|t:|1659185652
|start
|switch|p1a: Tangrowth|Tangrowth, F, shiny|100/100
|switch|p2a: Scizor|Scizor, M|100/100
|turn|1
|
|t:|1659185655
|move|p2a: Scizor|U-turn|p1a: Tangrowth
|-supereffective|p1a: Tangrowth
|-damage|p1a: Tangrowth|63/100
|-damage|p2a: Scizor|84/100|[from] item: Rocky Helmet|[of] p1a: Tangrowth
|
|t:|1659185659
|switch|p2a: Rotom|Rotom-Heat|100/100|[from]move: U-turn
|move|p1a: Tangrowth|Sleep Powder|p2a: Rotom|[miss]
|-miss|p1a: Tangrowth|p2a: Rotom
|
|upkeep
|turn|2
|
|t:|1659185665
|switch|p2a: Tapu Bulu|Tapu Bulu|100/100
|-fieldstart|move: Grassy Terrain|[from] ability: Grassy Surge|[of] p2a: Tapu Bulu
|switch|p1a: Swampert|Swampert, F, shiny|100/100
|
|upkeep
|turn|3
|
|t:|1659185676
|switch|p1a: Tangrowth|Tangrowth, F, shiny|96/100
|move|p2a: Tapu Bulu|Nature's Madness|p1a: Tangrowth
|-damage|p1a: Tangrowth|48/100
|
|-heal|p1a: Tangrowth|54/100|[from] Grassy Terrain
|upkeep
|turn|4
|
|t:|1659185683
|switch|p2a: Scizor|Scizor, M|84/100
|move|p1a: Tangrowth|Sludge Bomb|p2a: Scizor
|-immune|p2a: Scizor
|
|-heal|p2a: Scizor|90/100|[from] Grassy Terrain
|-heal|p1a: Tangrowth|61/100|[from] Grassy Terrain
|upkeep
|turn|5
|
|t:|1659185693
|move|p2a: Scizor|Swords Dance|p2a: Scizor
|-boost|p2a: Scizor|atk|2
|move|p1a: Tangrowth|Sludge Bomb|p2a: Scizor
|-immune|p2a: Scizor
|
|-heal|p2a: Scizor|96/100|[from] Grassy Terrain
|-heal|p1a: Tangrowth|67/100|[from] Grassy Terrain
|upkeep
|turn|6
|
|t:|1659185704
|switch|p1a: Swampert|Swampert, F, shiny|100/100
|move|p2a: Scizor|U-turn|p1a: Swampert
|-damage|p1a: Swampert|35/100
|
|t:|1659185710
|switch|p2a: Tapu Bulu|Tapu Bulu|100/100|[from]move: U-turn
|
|-heal|p1a: Swampert|41/100|[from] Grassy Terrain
|-heal|p1a: Swampert|48/100|[from] item: Leftovers
|-fieldend|move: Grassy Terrain
|upkeep
|turn|7
|c|☆JP_PN|missed costed me
|
|t:|1659185717
|move|p2a: Tapu Bulu|Toxic|p1a: Swampert
|-status|p1a: Swampert|tox
|move|p1a: Swampert|Stealth Rock|p2a: Tapu Bulu
|-sidestart|p2: DQ Low Tier Legend|move: Stealth Rock
|
|-heal|p1a: Swampert|54/100 tox|[from] item: Leftovers
|-damage|p1a: Swampert|48/100 tox|[from] psn
|upkeep
|turn|8
|
|t:|1659185721
|switch|p1a: Jirachi|Jirachi, shiny|100/100
|move|p2a: Tapu Bulu|Nature's Madness|p1a: Jirachi
|-damage|p1a: Jirachi|50/100
|
|-heal|p1a: Jirachi|57/100|[from] item: Leftovers
|upkeep
|turn|9
|
|t:|1659185727
|switch|p2a: Scizor|Scizor, M|96/100
|move|p1a: Jirachi|Body Slam|p2a: Scizor
|-resisted|p2a: Scizor
|-damage|p2a: Scizor|87/100
|-status|p2a: Scizor|par
|
|-heal|p1a: Jirachi|63/100|[from] item: Leftovers
|upkeep
|turn|10
|
|t:|1659185731
|move|p1a: Jirachi|Wish|p1a: Jirachi
|move|p2a: Scizor|U-turn|p1a: Jirachi
|-damage|p1a: Jirachi|30/100
|
|t:|1659185737
|switch|p2a: Zygarde|Zygarde-10%|100/100|[from]move: U-turn
|-damage|p2a: Zygarde|94/100|[from] Stealth Rock
|-ability|p2a: Zygarde|Aura Break
|
|-heal|p1a: Jirachi|36/100|[from] item: Leftovers
|upkeep
|turn|11
|
|t:|1659185743
|move|p1a: Jirachi|Protect|p1a: Jirachi
|-singleturn|p1a: Jirachi|Protect
|move|p2a: Zygarde|Thousand Arrows|p1a: Jirachi
|-activate|p1a: Jirachi|move: Protect
|
|-heal|p1a: Jirachi|86/100|[from] move: Wish|[wisher] Jirachi
|-heal|p1a: Jirachi|92/100|[from] item: Leftovers
|upkeep
|turn|12
|
|t:|1659185749
|switch|p2a: Rotom|Rotom-Heat|100/100
|move|p1a: Jirachi|Body Slam|p2a: Rotom
|-damage|p2a: Rotom|78/100
|
|-heal|p1a: Jirachi|99/100|[from] item: Leftovers
|upkeep
|turn|13
|
|t:|1659185756
|switch|p1a: Swampert|Swampert, F, shiny|48/100 tox
|move|p2a: Rotom|Defog|p1a: Swampert
|-unboost|p1a: Swampert|evasion|1
|-sideend|p2: DQ Low Tier Legend|Stealth Rock|[from] move: Defog|[of] p2a: Rotom
|
|-heal|p1a: Swampert|54/100 tox|[from] item: Leftovers
|-damage|p1a: Swampert|48/100 tox|[from] psn
|upkeep
|turn|14
|
|t:|1659185763
|switch|p2a: Scizor|Scizor, M|87/100 par
|move|p1a: Swampert|Stealth Rock|p2a: Scizor
|-sidestart|p2: DQ Low Tier Legend|move: Stealth Rock
|
|-heal|p1a: Swampert|54/100 tox|[from] item: Leftovers
|-damage|p1a: Swampert|41/100 tox|[from] psn
|upkeep
|turn|15
|
|t:|1659185766
|switch|p1a: Tangrowth|Tangrowth, F, shiny|99/100
|move|p2a: Scizor|U-turn|p1a: Tangrowth
|-supereffective|p1a: Tangrowth
|-damage|p1a: Tangrowth|65/100
|-damage|p2a: Scizor|71/100 par|[from] item: Rocky Helmet|[of] p1a: Tangrowth
|
|t:|1659185771
|switch|p2a: Rotom|Rotom-Heat|78/100|[from]move: U-turn
|
|upkeep
|turn|16
|
|t:|1659185775
|move|p2a: Rotom|Defog|p1a: Tangrowth
|-unboost|p1a: Tangrowth|evasion|1
|-sideend|p2: DQ Low Tier Legend|Stealth Rock|[from] move: Defog|[of] p2a: Rotom
|move|p1a: Tangrowth|Knock Off|p2a: Rotom
|-damage|p2a: Rotom|54/100
|-enditem|p2a: Rotom|Heavy-Duty Boots|[from] move: Knock Off|[of] p1a: Tangrowth
|
|upkeep
|turn|17
|
|t:|1659185778
|switch|p1a: Swampert|Swampert, F, shiny|41/100 tox
|move|p2a: Rotom|Volt Switch|p1a: Swampert
|-immune|p1a: Swampert
|
|-heal|p1a: Swampert|48/100 tox|[from] item: Leftovers
|-damage|p1a: Swampert|41/100 tox|[from] psn
|upkeep
|turn|18
|
|t:|1659185783
|move|p2a: Rotom|Overheat|p1a: Swampert
|-resisted|p1a: Swampert
|-damage|p1a: Swampert|25/100 tox
|-unboost|p2a: Rotom|spa|2
|move|p1a: Swampert|Stealth Rock|p2a: Rotom
|-sidestart|p2: DQ Low Tier Legend|move: Stealth Rock
|
|-heal|p1a: Swampert|31/100 tox|[from] item: Leftovers
|-damage|p1a: Swampert|18/100 tox|[from] psn
|upkeep
|turn|19
|
|t:|1659185787
|move|p2a: Rotom|Defog|p1a: Swampert
|-unboost|p1a: Swampert|evasion|1
|-sideend|p2: DQ Low Tier Legend|Stealth Rock|[from] move: Defog|[of] p2a: Rotom
|move|p1a: Swampert|Flip Turn|p2a: Rotom
|-supereffective|p2a: Rotom
|-damage|p2a: Rotom|0 fnt
|faint|p2a: Rotom
|
|t:|1659185797
|switch|p1a: Haxorus|Haxorus, M, shiny|100/100|[from]move: Flip Turn
|-ability|p1a: Haxorus|Mold Breaker
|
|upkeep
|
|t:|1659185804
|switch|p2a: Tapu Bulu|Tapu Bulu|100/100
|-fieldstart|move: Grassy Terrain|[from] ability: Grassy Surge|[of] p2a: Tapu Bulu
|turn|20
|
|t:|1659185807
|move|p1a: Haxorus|Poison Jab|p2a: Tapu Bulu
|-supereffective|p2a: Tapu Bulu
|-damage|p2a: Tapu Bulu|0 fnt
|faint|p2a: Tapu Bulu
|
|upkeep
|
|t:|1659185810
|switch|p2a: Scizor|Scizor, M|71/100 par
|turn|21
|
|t:|1659185813
|move|p1a: Haxorus|Swords Dance|p1a: Haxorus
|-boost|p1a: Haxorus|atk|2
|move|p2a: Scizor|U-turn|p1a: Haxorus
|-damage|p1a: Haxorus|57/100
|
|t:|1659185817
|switch|p2a: Zygarde|Zygarde-10%|94/100|[from]move: U-turn
|-ability|p2a: Zygarde|Aura Break
|
|-heal|p2a: Zygarde|100/100|[from] Grassy Terrain
|-heal|p1a: Haxorus|63/100|[from] Grassy Terrain
|upkeep
|turn|22
|
|t:|1659185819
|move|p2a: Zygarde|Thousand Arrows|p1a: Haxorus
|-damage|p1a: Haxorus|0 fnt
|faint|p1a: Haxorus
|
|upkeep
|
|t:|1659185824
|switch|p1a: Tangrowth|Tangrowth, F, shiny|99/100
|turn|23
|
|t:|1659185829
|switch|p2a: Scizor|Scizor, M|71/100 par
|move|p1a: Tangrowth|Knock Off|p2a: Scizor
|-damage|p2a: Scizor|49/100 par
|-enditem|p2a: Scizor|Heavy-Duty Boots|[from] move: Knock Off|[of] p1a: Tangrowth
|
|-heal|p1a: Tangrowth|100/100|[from] Grassy Terrain
|-heal|p2a: Scizor|55/100 par|[from] Grassy Terrain
|upkeep
|turn|24
|
|t:|1659185835
|switch|p1a: Jirachi|Jirachi, shiny|99/100
|move|p2a: Scizor|Roost|p2a: Scizor
|-heal|p2a: Scizor|100/100 par
|-singleturn|p2a: Scizor|move: Roost
|
|-heal|p1a: Jirachi|100/100|[from] Grassy Terrain
|-fieldend|move: Grassy Terrain
|upkeep
|turn|25
|
|t:|1659185839
|move|p1a: Jirachi|Wish|p1a: Jirachi
|move|p2a: Scizor|Swords Dance|p2a: Scizor
|-boost|p2a: Scizor|atk|2
|
|upkeep
|turn|26
|
|t:|1659185844
|move|p1a: Jirachi|Iron Head|p2a: Scizor
|-resisted|p2a: Scizor
|-damage|p2a: Scizor|87/100 par
|cant|p2a: Scizor|flinch
|
|upkeep
|turn|27
|
|t:|1659185847
|move|p1a: Jirachi|Iron Head|p2a: Scizor
|-resisted|p2a: Scizor
|-damage|p2a: Scizor|75/100 par
|move|p2a: Scizor|Swords Dance|p2a: Scizor
|-boost|p2a: Scizor|atk|2
|
|upkeep
|turn|28
|
|t:|1659185850
|move|p1a: Jirachi|Iron Head|p2a: Scizor
|-resisted|p2a: Scizor
|-damage|p2a: Scizor|62/100 par
|move|p2a: Scizor|Swords Dance|p2a: Scizor
|-boost|p2a: Scizor|atk|2
|
|upkeep
|turn|29
|
|t:|1659185853
|move|p1a: Jirachi|Iron Head|p2a: Scizor
|-resisted|p2a: Scizor
|-damage|p2a: Scizor|49/100 par
|cant|p2a: Scizor|flinch
|
|upkeep
|turn|30
|
|t:|1659185856
|move|p1a: Jirachi|Iron Head|p2a: Scizor
|-resisted|p2a: Scizor
|-damage|p2a: Scizor|37/100 par
|cant|p2a: Scizor|flinch
|
|upkeep
|turn|31
|
|t:|1659185860
|move|p1a: Jirachi|Iron Head|p2a: Scizor
|-resisted|p2a: Scizor
|-damage|p2a: Scizor|23/100 par
|move|p2a: Scizor|Roost|p2a: Scizor
|-heal|p2a: Scizor|73/100 par
|-singleturn|p2a: Scizor|move: Roost
|
|upkeep
|turn|32
|
|t:|1659185863
|move|p1a: Jirachi|Iron Head|p2a: Scizor
|-resisted|p2a: Scizor
|-damage|p2a: Scizor|61/100 par
|cant|p2a: Scizor|flinch
|
|upkeep
|turn|33
|
|t:|1659185867
|move|p1a: Jirachi|Iron Head|p2a: Scizor
|-resisted|p2a: Scizor
|-damage|p2a: Scizor|48/100 par
|cant|p2a: Scizor|flinch
|
|upkeep
|turn|34
|
|t:|1659185874
|move|p1a: Jirachi|Iron Head|p2a: Scizor
|-resisted|p2a: Scizor
|-damage|p2a: Scizor|36/100 par
|cant|p2a: Scizor|flinch
|
|upkeep
|turn|35
|
|t:|1659185877
|move|p1a: Jirachi|Iron Head|p2a: Scizor
|-resisted|p2a: Scizor
|-damage|p2a: Scizor|24/100 par
|move|p2a: Scizor|Roost|p2a: Scizor
|-heal|p2a: Scizor|74/100 par
|-singleturn|p2a: Scizor|move: Roost
|
|upkeep
|turn|36
|c|☆JP_PN|the para doesn't exist XD
|
|t:|1659185889
|move|p1a: Jirachi|Iron Head|p2a: Scizor
|-resisted|p2a: Scizor
|-damage|p2a: Scizor|60/100 par
|move|p2a: Scizor|Roost|p2a: Scizor
|-heal|p2a: Scizor|100/100 par
|-singleturn|p2a: Scizor|move: Roost
|
|upkeep
|turn|37
|
|t:|1659185893
|move|p2a: Scizor|Bullet Punch|p1a: Jirachi
|-resisted|p1a: Jirachi
|-damage|p1a: Jirachi|47/100
|move|p1a: Jirachi|Iron Head|p2a: Scizor
|-resisted|p2a: Scizor
|-damage|p2a: Scizor|87/100 par
|
|-heal|p1a: Jirachi|53/100|[from] item: Leftovers
|upkeep
|turn|38
|
|t:|1659185896
|cant|p2a: Scizor|par
|move|p1a: Jirachi|Iron Head|p2a: Scizor
|-resisted|p2a: Scizor
|-damage|p2a: Scizor|74/100 par
|
|-heal|p1a: Jirachi|59/100|[from] item: Leftovers
|upkeep
|turn|39
|
|t:|1659185898
|move|p1a: Jirachi|Protect|p1a: Jirachi
|-singleturn|p1a: Jirachi|Protect
|cant|p2a: Scizor|par
|
|-heal|p1a: Jirachi|66/100|[from] item: Leftovers
|upkeep
|turn|40
|
|t:|1659185903
|cant|p2a: Scizor|par
|move|p1a: Jirachi|Wish|p1a: Jirachi
|
|-heal|p1a: Jirachi|72/100|[from] item: Leftovers
|upkeep
|turn|41
|
|t:|1659185906
|move|p1a: Jirachi|Iron Head|p2a: Scizor
|-resisted|p2a: Scizor
|-damage|p2a: Scizor|61/100 par
|cant|p2a: Scizor|flinch
|
|-heal|p1a: Jirachi|100/100|[from] move: Wish|[wisher] Jirachi
|upkeep
|turn|42
|
|t:|1659185909
|move|p1a: Jirachi|Iron Head|p2a: Scizor
|-resisted|p2a: Scizor
|-damage|p2a: Scizor|49/100 par
|cant|p2a: Scizor|flinch
|
|upkeep
|turn|43
|
|t:|1659185912
|move|p1a: Jirachi|Iron Head|p2a: Scizor
|-resisted|p2a: Scizor
|-damage|p2a: Scizor|35/100 par
|cant|p2a: Scizor|flinch
|
|upkeep
|turn|44
|
|t:|1659185913
|move|p1a: Jirachi|Iron Head|p2a: Scizor
|-resisted|p2a: Scizor
|-damage|p2a: Scizor|23/100 par
|cant|p2a: Scizor|flinch
|
|upkeep
|turn|45
|
|t:|1659185915
|move|p1a: Jirachi|Iron Head|p2a: Scizor
|-resisted|p2a: Scizor
|-damage|p2a: Scizor|9/100 par
|cant|p2a: Scizor|par
|
|upkeep
|turn|46
|
|t:|1659185918
|move|p1a: Jirachi|Iron Head|p2a: Scizor
|-resisted|p2a: Scizor
|-damage|p2a: Scizor|0 fnt
|faint|p2a: Scizor
|
|upkeep
|
|t:|1659185920
|switch|p2a: Zygarde|Zygarde-10%|100/100
|-ability|p2a: Zygarde|Aura Break
|turn|47
|
|t:|1659185932
|move|p1a: Jirachi|Protect|p1a: Jirachi
|-singleturn|p1a: Jirachi|Protect
|move|p2a: Zygarde|Thousand Arrows|p1a: Jirachi
|-activate|p1a: Jirachi|move: Protect
|
|upkeep
|turn|48
|
|t:|1659185936
|switch|p2a: Suicune|Suicune|100/100
|-ability|p2a: Suicune|Pressure
|move|p1a: Jirachi|Body Slam|p2a: Suicune
|-damage|p2a: Suicune|86/100
|
|-heal|p2a: Suicune|92/100|[from] item: Leftovers
|upkeep
|turn|49
|
|t:|1659185941
|move|p2a: Suicune|Substitute|p2a: Suicune
|-start|p2a: Suicune|Substitute
|-damage|p2a: Suicune|67/100
|move|p1a: Jirachi|Body Slam|p2a: Suicune
|-activate|p2a: Suicune|move: Substitute|[damage]
|
|-heal|p2a: Suicune|73/100|[from] item: Leftovers
|upkeep
|turn|50
|
|t:|1659185947
|move|p2a: Suicune|Protect|p2a: Suicune
|-singleturn|p2a: Suicune|Protect
|move|p1a: Jirachi|Body Slam|p2a: Suicune
|-activate|p2a: Suicune|move: Protect
|
|-heal|p2a: Suicune|79/100|[from] item: Leftovers
|upkeep
|turn|51
|
|t:|1659185950
|move|p2a: Suicune|Calm Mind|p2a: Suicune
|-boost|p2a: Suicune|spa|1
|-boost|p2a: Suicune|spd|1
|move|p1a: Jirachi|Body Slam|p2a: Suicune
|-end|p2a: Suicune|Substitute
|
|-heal|p2a: Suicune|85/100|[from] item: Leftovers
|upkeep
|turn|52
|
|t:|1659185955
|switch|p1a: Tangrowth|Tangrowth, F, shiny|100/100
|move|p2a: Suicune|Substitute|p2a: Suicune
|-start|p2a: Suicune|Substitute
|-damage|p2a: Suicune|60/100
|
|-heal|p2a: Suicune|67/100|[from] item: Leftovers
|upkeep
|turn|53
|
|t:|1659185958
|move|p2a: Suicune|Protect|p2a: Suicune
|-singleturn|p2a: Suicune|Protect
|move|p1a: Tangrowth|Giga Drain|p2a: Suicune
|-activate|p2a: Suicune|move: Protect
|
|-heal|p2a: Suicune|73/100|[from] item: Leftovers
|upkeep
|turn|54
|
|t:|1659185961
|move|p2a: Suicune|Calm Mind|p2a: Suicune
|-boost|p2a: Suicune|spa|1
|-boost|p2a: Suicune|spd|1
|move|p1a: Tangrowth|Giga Drain|p2a: Suicune
|-supereffective|p2a: Suicune
|-activate|p2a: Suicune|move: Substitute|[damage]
|
|-heal|p2a: Suicune|79/100|[from] item: Leftovers
|upkeep
|turn|55
|
|t:|1659185964
|move|p2a: Suicune|Protect|p2a: Suicune
|-singleturn|p2a: Suicune|Protect
|move|p1a: Tangrowth|Giga Drain|p2a: Suicune
|-activate|p2a: Suicune|move: Protect
|
|-heal|p2a: Suicune|85/100|[from] item: Leftovers
|upkeep
|turn|56
|
|t:|1659185967
|move|p2a: Suicune|Calm Mind|p2a: Suicune
|-boost|p2a: Suicune|spa|1
|-boost|p2a: Suicune|spd|1
|move|p1a: Tangrowth|Giga Drain|p2a: Suicune
|-supereffective|p2a: Suicune
|-end|p2a: Suicune|Substitute
|
|-heal|p2a: Suicune|91/100|[from] item: Leftovers
|upkeep
|turn|57
|
|t:|1659185973
|switch|p1a: Hydreigon|Hydreigon, M, shiny|100/100
|move|p2a: Suicune|Substitute|p2a: Suicune
|-start|p2a: Suicune|Substitute
|-damage|p2a: Suicune|66/100
|
|-heal|p2a: Suicune|73/100|[from] item: Leftovers
|upkeep
|turn|58
|
|t:|1659185977
|move|p1a: Hydreigon|Dark Pulse|p2a: Suicune
|-activate|p2a: Suicune|move: Substitute|[damage]
|move|p2a: Suicune|Scald|p1a: Hydreigon
|-resisted|p1a: Hydreigon
|-damage|p1a: Hydreigon|62/100
|
|-heal|p2a: Suicune|79/100|[from] item: Leftovers
|upkeep
|turn|59
|
|t:|1659185990
|switch|p1a: Tangrowth|Tangrowth, F, shiny|100/100
|move|p2a: Suicune|Protect||[still]
|-fail|p2a: Suicune
|
|-heal|p2a: Suicune|85/100|[from] item: Leftovers
|upkeep
|turn|60
|
|t:|1659185994
|move|p2a: Suicune|Calm Mind|p2a: Suicune
|-boost|p2a: Suicune|spa|1
|-boost|p2a: Suicune|spd|1
|move|p1a: Tangrowth|Giga Drain|p2a: Suicune
|-supereffective|p2a: Suicune
|-end|p2a: Suicune|Substitute
|
|-heal|p2a: Suicune|91/100|[from] item: Leftovers
|upkeep
|turn|61
|
|t:|1659185996
|move|p2a: Suicune|Substitute|p2a: Suicune
|-start|p2a: Suicune|Substitute
|-damage|p2a: Suicune|66/100
|move|p1a: Tangrowth|Giga Drain|p2a: Suicune
|-supereffective|p2a: Suicune
|-activate|p2a: Suicune|move: Substitute|[damage]
|
|-heal|p2a: Suicune|72/100|[from] item: Leftovers
|upkeep
|turn|62
|
|t:|1659186000
|move|p2a: Suicune|Calm Mind|p2a: Suicune
|-boost|p2a: Suicune|spa|1
|-boost|p2a: Suicune|spd|1
|move|p1a: Tangrowth|Giga Drain|p2a: Suicune
|-supereffective|p2a: Suicune
|-end|p2a: Suicune|Substitute
|
|-heal|p2a: Suicune|78/100|[from] item: Leftovers
|upkeep
|turn|63
|
|t:|1659186004
|move|p2a: Suicune|Substitute|p2a: Suicune
|-start|p2a: Suicune|Substitute
|-damage|p2a: Suicune|53/100
|move|p1a: Tangrowth|Giga Drain|p2a: Suicune
|-supereffective|p2a: Suicune
|-activate|p2a: Suicune|move: Substitute|[damage]
|
|-heal|p2a: Suicune|60/100|[from] item: Leftovers
|upkeep
|turn|64
|
|t:|1659186017
|move|p2a: Suicune|Protect|p2a: Suicune
|-singleturn|p2a: Suicune|Protect
|move|p1a: Tangrowth|Knock Off|p2a: Suicune
|-activate|p2a: Suicune|move: Protect
|
|-heal|p2a: Suicune|66/100|[from] item: Leftovers
|upkeep
|turn|65
|
|t:|1659186020
|move|p2a: Suicune|Calm Mind|p2a: Suicune
|-boost|p2a: Suicune|spa|1
|-boost|p2a: Suicune|spd|1
|move|p1a: Tangrowth|Knock Off|p2a: Suicune
|-end|p2a: Suicune|Substitute
|
|-heal|p2a: Suicune|72/100|[from] item: Leftovers
|upkeep
|turn|66
|
|t:|1659186023
|move|p2a: Suicune|Substitute|p2a: Suicune
|-start|p2a: Suicune|Substitute
|-damage|p2a: Suicune|47/100
|move|p1a: Tangrowth|Knock Off|p2a: Suicune
|-activate|p2a: Suicune|move: Substitute|[damage]
|
|-heal|p2a: Suicune|53/100|[from] item: Leftovers
|upkeep
|turn|67
|
|t:|1659186029
|move|p2a: Suicune|Protect|p2a: Suicune
|-singleturn|p2a: Suicune|Protect
|move|p1a: Tangrowth|Knock Off|p2a: Suicune
|-activate|p2a: Suicune|move: Protect
|
|-heal|p2a: Suicune|59/100|[from] item: Leftovers
|upkeep
|turn|68
|
|t:|1659186031
|move|p2a: Suicune|Scald|p1a: Tangrowth
|-resisted|p1a: Tangrowth
|-damage|p1a: Tangrowth|20/100
|move|p1a: Tangrowth|Knock Off|p2a: Suicune
|-end|p2a: Suicune|Substitute
|
|-heal|p2a: Suicune|66/100|[from] item: Leftovers
|upkeep
|turn|69
|
|t:|1659186037
|move|p2a: Suicune|Substitute|p2a: Suicune
|-start|p2a: Suicune|Substitute
|-damage|p2a: Suicune|41/100
|move|p1a: Tangrowth|Knock Off|p2a: Suicune
|-activate|p2a: Suicune|move: Substitute|[damage]
|
|-heal|p2a: Suicune|47/100|[from] item: Leftovers
|upkeep
|turn|70
|
|t:|1659186040
|move|p2a: Suicune|Scald|p1a: Tangrowth
|-resisted|p1a: Tangrowth
|-damage|p1a: Tangrowth|0 fnt
|faint|p1a: Tangrowth
|
|-heal|p2a: Suicune|53/100|[from] item: Leftovers
|upkeep
|
|t:|1659186043
|switch|p1a: Hydreigon|Hydreigon, M, shiny|62/100
|turn|71
|
|t:|1659186046
|move|p2a: Suicune|Protect|p2a: Suicune
|-singleturn|p2a: Suicune|Protect
|move|p1a: Hydreigon|Dark Pulse|p2a: Suicune
|-activate|p2a: Suicune|move: Protect
|
|-heal|p2a: Suicune|59/100|[from] item: Leftovers
|upkeep
|turn|72
|
|t:|1659186050
|move|p1a: Hydreigon|Dark Pulse|p2a: Suicune
|-end|p2a: Suicune|Substitute
|move|p2a: Suicune|Scald|p1a: Hydreigon
|-resisted|p1a: Hydreigon
|-damage|p1a: Hydreigon|0 fnt
|faint|p1a: Hydreigon
|
|-heal|p2a: Suicune|65/100|[from] item: Leftovers
|upkeep
|
|t:|1659186054
|switch|p1a: Umbreon|Umbreon, F, shiny|100/100
|turn|73
|
|t:|1659186057
|move|p2a: Suicune|Substitute|p2a: Suicune
|-start|p2a: Suicune|Substitute
|-damage|p2a: Suicune|40/100
|move|p1a: Umbreon|Foul Play|p2a: Suicune
|-activate|p2a: Suicune|move: Substitute|[damage]
|
|-heal|p2a: Suicune|47/100|[from] item: Leftovers
|upkeep
|turn|74
|
|t:|1659186060
|move|p2a: Suicune|Protect|p2a: Suicune
|-singleturn|p2a: Suicune|Protect
|move|p1a: Umbreon|Foul Play|p2a: Suicune
|-activate|p2a: Suicune|move: Protect
|
|-heal|p2a: Suicune|53/100|[from] item: Leftovers
|upkeep
|turn|75
|-message|JP_PN forfeited.
|
|win|DQ Low Tier Legend
|raw|JP_PN's rating: 1370 &rarr; <strong>1359</strong><br />(-11 for losing)
|raw|DQ Low Tier Legend's rating: 1541 &rarr; <strong>1552</strong><br />(+11 for winning)
|l|☆JP_PN
|j|☆JP_PN
|player|p1|JP_PN|benga
|l|☆JP_PN
|player|p1|
