|j|☆Rvp4president
|j|☆potentialplayer
|t:|1661777383
|gametype|singles
|player|p1|Rvp4president|265|1431
|player|p2|potentialplayer|265|1388
|teamsize|p1|6
|teamsize|p2|6
|gen|8
|tier|[Gen 8] UU
|rated|
|rule|Sleep Clause Mod: Limit one foe put to sleep
|rule|Species Clause: Limit one of each Pokémon
|rule|OHKO Clause: OHKO moves are banned
|rule|Evasion Items Clause: Evasion items are banned
|rule|Evasion Moves Clause: Evasion moves are banned
|rule|Endless Battle Clause: Forcing endless battles is banned
|rule|HP Percentage Mod: HP is shown in percentages
|rule|Dynamax Clause: You cannot dynamax
|clearpoke
|poke|p1|Keldeo-Resolute|
|poke|p1|Amoonguss, M|
|poke|p1|Zygarde-10%|
|poke|p1|Chansey, F|
|poke|p1|Chandelure, M|
|poke|p1|Skarmory, M|
|poke|p2|Slowbro-Galar, F|
|poke|p2|Mandibuzz, F|
|poke|p2|Rotom-Wash|
|poke|p2|Tangrowth, M|
|poke|p2|Steelix, F|
|poke|p2|Nihilego|
|teampreview
|inactive|Battle timer is ON: inactive players will automatically lose when time's up. (requested by Rvp4president)
|
|t:|1661777398
|start
|switch|p1a: Keldeo|Keldeo-Resolute|100/100
|switch|p2a: Steelix|Steelix, F|100/100
|turn|1
|
|t:|1661777403
|switch|p2a: Rotom|Rotom-Wash|100/100
|move|p1a: Keldeo|Scald|p2a: Rotom
|-resisted|p2a: Rotom
|-damage|p2a: Rotom|77/100
|
|-heal|p2a: Rotom|83/100|[from] item: Leftovers
|upkeep
|turn|2
|
|t:|1661777412
|switch|p1a: Zygarde|Zygarde-10%|100/100
|-ability|p1a: Zygarde|Aura Break
|move|p2a: Rotom|Will-O-Wisp|p1a: Zygarde
|-status|p1a: Zygarde|brn
|
|-heal|p2a: Rotom|89/100|[from] item: Leftovers
|-damage|p1a: Zygarde|94/100 brn|[from] brn
|upkeep
|turn|3
|
|t:|1661777423
|switch|p1a: Chandelure|Chandelure, M|100/100
|switch|p2a: Mandibuzz|Mandibuzz, F|100/100
|
|upkeep
|turn|4
|
|t:|1661777430
|switch|p1a: Zygarde|Zygarde-10%|94/100 brn
|-ability|p1a: Zygarde|Aura Break
|move|p2a: Mandibuzz|Knock Off|p1a: Zygarde
|-damage|p1a: Zygarde|52/100 brn
|-enditem|p1a: Zygarde|Choice Band|[from] move: Knock Off|[of] p2a: Mandibuzz
|
|-damage|p1a: Zygarde|46/100 brn|[from] brn
|upkeep
|turn|5
|
|t:|1661777449
|switch|p2a: Steelix|Steelix, F|100/100
|move|p1a: Zygarde|Outrage|p2a: Steelix
|-resisted|p2a: Steelix
|-damage|p2a: Steelix|94/100
|
|-damage|p1a: Zygarde|40/100 brn|[from] brn
|upkeep
|turn|6
|
|t:|1661777455
|move|p1a: Zygarde|Outrage|p2a: Steelix|[from]lockedmove
|-resisted|p2a: Steelix
|-damage|p2a: Steelix|88/100
|-start|p1a: Zygarde|confusion|[fatigue]
|move|p2a: Steelix|Stealth Rock|p1a: Zygarde
|-sidestart|p1: Rvp4president|move: Stealth Rock
|
|-damage|p1a: Zygarde|34/100 brn|[from] brn
|upkeep
|turn|7
|
|t:|1661777465
|switch|p2a: Rotom|Rotom-Wash|89/100
|-activate|p1a: Zygarde|confusion
|-damage|p1a: Zygarde|12/100 brn|[from] confusion
|
|-heal|p2a: Rotom|95/100|[from] item: Leftovers
|-damage|p1a: Zygarde|6/100 brn|[from] brn
|upkeep
|turn|8
|
|t:|1661777474
|switch|p2a: Tangrowth|Tangrowth, M|100/100
|-activate|p1a: Zygarde|confusion
|move|p1a: Zygarde|Thousand Arrows|p2a: Tangrowth
|-resisted|p2a: Tangrowth
|-damage|p2a: Tangrowth|94/100
|
|-damage|p1a: Zygarde|0 fnt|[from] brn
|faint|p1a: Zygarde
|upkeep
|
|t:|1661777481
|switch|p1a: Skarmory|Skarmory, M|100/100
|-damage|p1a: Skarmory|88/100|[from] Stealth Rock
|turn|9
|
|t:|1661777486
|switch|p2a: Rotom|Rotom-Wash|95/100
|move|p1a: Skarmory|Spikes|p2a: Rotom
|-sidestart|p2: potentialplayer|Spikes
|
|-heal|p2a: Rotom|100/100|[from] item: Leftovers
|upkeep
|turn|10
|
|t:|1661777491
|switch|p1a: Chansey|Chansey, F|100/100
|-damage|p1a: Chansey|88/100|[from] Stealth Rock
|move|p2a: Rotom|Volt Switch|p1a: Chansey
|-damage|p1a: Chansey|80/100
|
|t:|1661777493
|switch|p2a: Mandibuzz|Mandibuzz, F|100/100|[from]move: Volt Switch
|
|upkeep
|turn|11
|
|t:|1661777498
|move|p2a: Mandibuzz|Knock Off|p1a: Chansey
|-damage|p1a: Chansey|66/100
|-enditem|p1a: Chansey|Eviolite|[from] move: Knock Off|[of] p2a: Mandibuzz
|move|p1a: Chansey|Toxic|p2a: Mandibuzz
|-status|p2a: Mandibuzz|tox
|
|-damage|p2a: Mandibuzz|94/100 tox|[from] psn
|upkeep
|turn|12
|
|t:|1661777507
|move|p2a: Mandibuzz|U-turn|p1a: Chansey
|-damage|p1a: Chansey|54/100
|
|t:|1661777510
|switch|p2a: Nihilego|Nihilego|100/100|[from]move: U-turn
|-damage|p2a: Nihilego|88/100|[from] Spikes
|move|p1a: Chansey|Stealth Rock|p2a: Nihilego
|-sidestart|p2: potentialplayer|move: Stealth Rock
|
|upkeep
|turn|13
|
|t:|1661777516
|move|p2a: Nihilego|Meteor Beam||[still]
|-prepare|p2a: Nihilego|Meteor Beam
|-boost|p2a: Nihilego|spa|1
|-enditem|p2a: Nihilego|Power Herb
|-anim|p2a: Nihilego|Meteor Beam|p1a: Chansey
|-damage|p1a: Chansey|16/100
|move|p1a: Chansey|Soft-Boiled|p1a: Chansey
|-heal|p1a: Chansey|66/100
|
|upkeep
|turn|14
|
|t:|1661777522
|move|p2a: Nihilego|Meteor Beam||[still]
|-prepare|p2a: Nihilego|Meteor Beam
|-boost|p2a: Nihilego|spa|1
|move|p1a: Chansey|Soft-Boiled|p1a: Chansey
|-heal|p1a: Chansey|100/100
|
|upkeep
|turn|15
|
|t:|1661777531
|move|p2a: Nihilego|Meteor Beam|p1a: Chansey|[from]lockedmove
|-damage|p1a: Chansey|51/100
|move|p1a: Chansey|Seismic Toss|p2a: Nihilego
|-damage|p2a: Nihilego|60/100
|
|upkeep
|turn|16
|
|t:|1661777538
|move|p2a: Nihilego|Meteor Beam||[still]
|-prepare|p2a: Nihilego|Meteor Beam
|-boost|p2a: Nihilego|spa|1
|move|p1a: Chansey|Soft-Boiled|p1a: Chansey
|-heal|p1a: Chansey|100/100
|
|upkeep
|turn|17
|
|t:|1661777544
|move|p2a: Nihilego|Meteor Beam|p1a: Chansey|[from]lockedmove
|-damage|p1a: Chansey|33/100
|move|p1a: Chansey|Seismic Toss|p2a: Nihilego
|-damage|p2a: Nihilego|33/100
|
|upkeep
|turn|18
|
|t:|1661777552
|switch|p1a: Skarmory|Skarmory, M|88/100
|-damage|p1a: Skarmory|76/100|[from] Stealth Rock
|move|p2a: Nihilego|Sludge Wave|p1a: Skarmory
|-immune|p1a: Skarmory
|
|upkeep
|turn|19
|
|t:|1661777559
|move|p2a: Nihilego|Thunderbolt|p1a: Skarmory
|-supereffective|p1a: Skarmory
|-damage|p1a: Skarmory|0 fnt
|faint|p1a: Skarmory
|-ability|p2a: Nihilego|Beast Boost|boost
|-boost|p2a: Nihilego|spe|1
|
|upkeep
|
|t:|1661777562
|switch|p1a: Chandelure|Chandelure, M|100/100
|-damage|p1a: Chandelure|76/100|[from] Stealth Rock
|turn|20
|
|t:|1661777567
|move|p2a: Nihilego|Thunderbolt|p1a: Chandelure
|-damage|p1a: Chandelure|0 fnt
|faint|p1a: Chandelure
|-ability|p2a: Nihilego|Beast Boost|boost
|-boost|p2a: Nihilego|spe|1
|
|upkeep
|
|t:|1661777574
|switch|p1a: Chansey|Chansey, F|33/100
|-damage|p1a: Chansey|21/100|[from] Stealth Rock
|turn|21
|
|t:|1661777577
|move|p2a: Nihilego|Sludge Wave|p1a: Chansey
|-damage|p1a: Chansey|0 fnt
|faint|p1a: Chansey
|-ability|p2a: Nihilego|Beast Boost|boost
|-boost|p2a: Nihilego|spe|1
|
|upkeep
|
|t:|1661777579
|switch|p1a: Amoonguss|Amoonguss, M|100/100
|-damage|p1a: Amoonguss|88/100|[from] Stealth Rock
|turn|22
|
|t:|1661777582
|move|p2a: Nihilego|Sludge Wave|p1a: Amoonguss
|-damage|p1a: Amoonguss|0 fnt
|faint|p1a: Amoonguss
|-ability|p2a: Nihilego|Beast Boost|boost
|-boost|p2a: Nihilego|spe|1
|
|upkeep
|
|t:|1661777584
|switch|p1a: Keldeo|Keldeo-Resolute|100/100
|-damage|p1a: Keldeo|94/100|[from] Stealth Rock
|turn|23
|
|t:|1661777586
|move|p2a: Nihilego|Thunderbolt|p1a: Keldeo
|-supereffective|p1a: Keldeo
|-damage|p1a: Keldeo|0 fnt
|faint|p1a: Keldeo
|
|win|potentialplayer
|raw|Rvp4president's rating: 1431 &rarr; <strong>1409</strong><br />(-22 for losing)
|raw|potentialplayer's rating: 1388 &rarr; <strong>1410</strong><br />(+22 for winning)
|l|☆Rvp4president
|c|☆potentialplayer|gg
||Ladder isn't responding, score probably updated but might not have (Request timeout).
