|j|‽O'Malleys
|j|☆Truffles360
|t:|1619627577
|gametype|singles
|player|p1|O'Malleys|20|1367
|player|p2|Truffles360|twins-gen4dp|1634
|teamsize|p1|6
|teamsize|p2|6
|gen|8
|tier|[Gen 8] UU
|rated|
|clearpoke
|poke|p1|Scizor, M|
|poke|p1|Celesteela|
|poke|p1|Rotom-Wash|
|poke|p1|Azumarill, M|
|poke|p1|Thundurus-Therian, M|
|poke|p1|Salamence, M|
|poke|p2|Azelf|
|poke|p2|Kommo-o, F|
|poke|p2|Gyarados, F|
|poke|p2|Linoone, F|
|poke|p2|Moltres-Galar|
|poke|p2|Lucario, M|
|rule|Sleep Clause Mod: Limit one foe put to sleep
|rule|Species Clause: Limit one of each Pokémon
|rule|OHKO Clause: OHKO moves are banned
|rule|Evasion Moves Clause: Evasion moves are banned
|rule|Endless Battle Clause: Forcing endless battles is banned
|rule|HP Percentage Mod: HP is shown in percentages
|rule|Dynamax Clause: You cannot dynamax
|teampreview
|
|t:|1619627600
|start
|switch|p1a: Rotom|Rotom-Wash|100/100
|switch|p2a: Azelf|Azelf|100/100
|turn|1
|
|t:|1619627605
|move|p2a: Azelf|U-turn|p1a: Rotom
|-damage|p1a: Rotom|86/100
|
|t:|1619627607
|switch|p2a: Kommo-o|Kommo-o, F|100/100|[from]move: U-turn
|move|p1a: Rotom|Will-O-Wisp|p2a: Kommo-o
|-status|p2a: Kommo-o|brn
|
|-heal|p1a: Rotom|92/100|[from] item: Leftovers
|-damage|p2a: Kommo-o|94/100 brn|[from] brn
|upkeep
|turn|2
|
|t:|1619627609
|move|p2a: Kommo-o|Stealth Rock|p1a: Rotom
|-sidestart|p1: O'Malleys|move: Stealth Rock
|move|p1a: Rotom|Volt Switch|p2a: Kommo-o
|-resisted|p2a: Kommo-o
|-damage|p2a: Kommo-o|78/100 brn
|
|t:|1619627620
|switch|p1a: Azumarill|Azumarill, M|100/100|[from]move: Volt Switch
|-damage|p1a: Azumarill|88/100|[from] Stealth Rock
|
|-damage|p2a: Kommo-o|72/100 brn|[from] brn
|upkeep
|turn|3
|
|t:|1619627622
|move|p2a: Kommo-o|Poison Jab|p1a: Azumarill
|-supereffective|p1a: Azumarill
|-damage|p1a: Azumarill|57/100
|-status|p1a: Azumarill|psn
|-damage|p2a: Kommo-o|62/100 brn|[from] item: Life Orb
|move|p1a: Azumarill|Power-Up Punch|p2a: Kommo-o
|-damage|p2a: Kommo-o|46/100 brn
|-boost|p1a: Azumarill|atk|1
|
|-damage|p2a: Kommo-o|40/100 brn|[from] brn
|-damage|p1a: Azumarill|44/100 psn|[from] psn
|upkeep
|turn|4
|
|t:|1619627631
|move|p2a: Kommo-o|Poison Jab|p1a: Azumarill
|-supereffective|p1a: Azumarill
|-damage|p1a: Azumarill|11/100 psn
|-damage|p2a: Kommo-o|30/100 brn|[from] item: Life Orb
|move|p1a: Azumarill|Play Rough|p2a: Kommo-o
|-supereffective|p2a: Kommo-o
|-damage|p2a: Kommo-o|0 fnt
|faint|p2a: Kommo-o
|
|-damage|p1a: Azumarill|0 fnt|[from] psn
|faint|p1a: Azumarill
|upkeep
|
|t:|1619627637
|switch|p2a: Azelf|Azelf|100/100
|switch|p1a: Rotom|Rotom-Wash|92/100
|-damage|p1a: Rotom|79/100|[from] Stealth Rock
|turn|5
|
|t:|1619627641
|move|p2a: Azelf|Taunt|p1a: Rotom
|-start|p1a: Rotom|move: Taunt
|cant|p1a: Rotom|move: Taunt|Defog
|
|-heal|p1a: Rotom|86/100|[from] item: Leftovers
|upkeep
|turn|6
|
|t:|1619627645
|move|p2a: Azelf|Light Screen|p2a: Azelf
|-sidestart|p2: Truffles360|move: Light Screen
|move|p1a: Rotom|Volt Switch|p2a: Azelf
|-damage|p2a: Azelf|84/100
|
|t:|1619627654
|switch|p1a: Scizor|Scizor, M|100/100|[from]move: Volt Switch
|-damage|p1a: Scizor|88/100|[from] Stealth Rock
|
|upkeep
|turn|7
|
|t:|1619627657
|move|p2a: Azelf|Reflect|p2a: Azelf
|-sidestart|p2: Truffles360|Reflect
|move|p1a: Scizor|Knock Off|p2a: Azelf
|-supereffective|p2a: Azelf
|-damage|p2a: Azelf|19/100
|-enditem|p2a: Azelf|Light Clay|[from] move: Knock Off|[of] p1a: Scizor
|-damage|p1a: Scizor|78/100|[from] item: Life Orb
|
|upkeep
|turn|8
|
|t:|1619627661
|move|p1a: Scizor|Bullet Punch|p2a: Azelf
|-damage|p2a: Azelf|0 fnt
|-damage|p1a: Scizor|68/100|[from] item: Life Orb
|faint|p2a: Azelf
|
|upkeep
|
|t:|1619627679
|switch|p2a: Lucario|Lucario, M|100/100
|turn|9
|
|t:|1619627686
|switch|p1a: Celesteela|Celesteela|100/100
|-damage|p1a: Celesteela|88/100|[from] Stealth Rock
|move|p2a: Lucario|Swords Dance|p2a: Lucario
|-boost|p2a: Lucario|atk|2
|
|upkeep
|turn|10
|
|t:|1619627689
|move|p2a: Lucario|Close Combat|p1a: Celesteela
|-damage|p1a: Celesteela|0 fnt
|-unboost|p2a: Lucario|def|1
|-unboost|p2a: Lucario|spd|1
|-damage|p2a: Lucario|91/100|[from] item: Life Orb
|faint|p1a: Celesteela
|
|upkeep
|
|t:|1619627713
|switch|p1a: Thundurus|Thundurus-Therian, M|100/100
|-damage|p1a: Thundurus|76/100|[from] Stealth Rock
|turn|11
|
|t:|1619627716
|move|p2a: Lucario|Extreme Speed|p1a: Thundurus
|-damage|p1a: Thundurus|0 fnt
|-damage|p2a: Lucario|81/100|[from] item: Life Orb
|faint|p1a: Thundurus
|
|upkeep
|
|t:|1619627721
|switch|p1a: Scizor|Scizor, M|68/100
|-damage|p1a: Scizor|56/100|[from] Stealth Rock
|turn|12
|
|t:|1619627724
|move|p1a: Scizor|Bullet Punch|p2a: Lucario
|-resisted|p2a: Lucario
|-damage|p2a: Lucario|51/100
|-damage|p1a: Scizor|46/100|[from] item: Life Orb
|move|p2a: Lucario|Close Combat|p1a: Scizor
|-damage|p1a: Scizor|0 fnt
|-unboost|p2a: Lucario|def|1
|-unboost|p2a: Lucario|spd|1
|-damage|p2a: Lucario|41/100|[from] item: Life Orb
|faint|p1a: Scizor
|
|upkeep
|
|t:|1619627731
|switch|p1a: Salamence|Salamence, M|100/100
|-damage|p1a: Salamence|76/100|[from] Stealth Rock
|turn|13
|
|t:|1619627733
|move|p2a: Lucario|Extreme Speed|p1a: Salamence
|-damage|p1a: Salamence|0 fnt
|-damage|p2a: Lucario|31/100|[from] item: Life Orb
|faint|p1a: Salamence
|
|-sideend|p2: Truffles360|move: Light Screen
|upkeep
|
|t:|1619627738
|switch|p1a: Rotom|Rotom-Wash|86/100
|-damage|p1a: Rotom|73/100|[from] Stealth Rock
|turn|14
|
|t:|1619627741
|move|p2a: Lucario|Close Combat|p1a: Rotom
|-damage|p1a: Rotom|0 fnt
|-unboost|p2a: Lucario|def|1
|-unboost|p2a: Lucario|spd|1
|-damage|p2a: Lucario|21/100|[from] item: Life Orb
|faint|p1a: Rotom
|
|win|Truffles360
|raw|O&apos;Malleys's rating: 1367 &rarr; <strong>1360</strong><br />(-7 for losing)
|raw|Truffles360's rating: 1634 &rarr; <strong>1641</strong><br />(+7 for winning)
|l|‽O'Malleys
