|j|☆Bamarah
|j|☆Affonsek
|player|p1|Bamarah|eusine-gen2|1302
|player|p2|Affonsek|75|1354
|teamsize|p1|6
|teamsize|p2|6
|gametype|singles
|gen|8
|tier|[Gen 8] UU
|rated|
|clearpoke
|poke|p1|Keldeo-Resolute|
|poke|p1|Celebi|
|poke|p1|Darmanitan, M|
|poke|p1|Xatu, M|
|poke|p1|Sylveon, F|
|poke|p1|Corsola-Galar, M|
|poke|p2|Raichu-Alola, M|
|poke|p2|Pincurchin, F|
|poke|p2|Scyther, M|
|poke|p2|Hitmonlee, M|
|poke|p2|Bronzong|
|poke|p2|Chandelure, M|
|rule|Sleep Clause Mod: Limit one foe put to sleep
|rule|Species Clause: Limit one of each Pokémon
|rule|OHKO Clause: OHKO moves are banned
|rule|Evasion Moves Clause: Evasion moves are banned
|rule|Endless Battle Clause: Forcing endless battles is banned
|rule|HP Percentage Mod: HP is shown in percentages
|rule|Dynamax Clause: You cannot dynamax
|teampreview
|inactive|Battle timer is ON: inactive players will automatically lose when time's up. (requested by Bamarah)
|
|start
|switch|p1a: Darmanitan|Darmanitan, M, shiny|100/100
|switch|p2a: Raichu|Raichu-Alola, M|100/100
|turn|1
|
|switch|p2a: Chandelure|Chandelure, M|100/100
|move|p1a: Darmanitan|U-turn|p2a: Chandelure
|-resisted|p2a: Chandelure
|-damage|p2a: Chandelure|91/100
|
|switch|p1a: Keldeo|Keldeo-Resolute|100/100|[from]move: U-turn
|
|upkeep
|turn|2
|
|move|p2a: Chandelure|Energy Ball|p1a: Keldeo
|-supereffective|p1a: Keldeo
|-damage|p1a: Keldeo|11/100
|move|p1a: Keldeo|Surf|p2a: Chandelure
|-supereffective|p2a: Chandelure
|-damage|p2a: Chandelure|0 fnt
|faint|p2a: Chandelure
|
|upkeep
|
|switch|p2a: Pincurchin|Pincurchin, F|100/100
|-fieldstart|move: Electric Terrain|[from] ability: Electric Surge|[of] p2a: Pincurchin
|turn|3
|
|switch|p1a: Sylveon|Sylveon, F, shiny|100/100
|move|p2a: Pincurchin|Discharge|p1a: Sylveon
|-damage|p1a: Sylveon|83/100
|
|-heal|p1a: Sylveon|89/100|[from] item: Leftovers
|upkeep
|turn|4
|
|move|p1a: Sylveon|Hyper Voice|p2a: Pincurchin
|-damage|p2a: Pincurchin|46/100
|move|p2a: Pincurchin|Toxic Spikes|p1a: Sylveon
|-sidestart|p1: Bamarah|move: Toxic Spikes
|
|-heal|p1a: Sylveon|95/100|[from] item: Leftovers
|upkeep
|turn|5
|
|move|p1a: Sylveon|Hyper Voice|p2a: Pincurchin
|-damage|p2a: Pincurchin|0 fnt
|faint|p2a: Pincurchin
|
|-heal|p1a: Sylveon|100/100|[from] item: Leftovers
|upkeep
|
|switch|p2a: Raichu|Raichu-Alola, M|100/100
|turn|6
|
|move|p2a: Raichu|Rising Voltage|p1a: Sylveon
|-crit|p1a: Sylveon
|-damage|p1a: Sylveon|15/100
|move|p1a: Sylveon|Hyper Voice|p2a: Raichu
|-damage|p2a: Raichu|38/100
|
|-heal|p1a: Sylveon|21/100|[from] item: Leftovers
|upkeep
|turn|7
|
|move|p1a: Sylveon|Protect|p1a: Sylveon
|-singleturn|p1a: Sylveon|Protect
|move|p2a: Raichu|Rising Voltage|p1a: Sylveon
|-activate|p1a: Sylveon|move: Protect
|
|-heal|p1a: Sylveon|27/100|[from] item: Leftovers
|upkeep
|turn|8
|j| helginho
|
|switch|p1a: Celebi|Celebi, shiny|100/100
|-status|p1a: Celebi|psn
|move|p2a: Raichu|Rising Voltage|p1a: Celebi
|-resisted|p1a: Celebi
|-damage|p1a: Celebi|46/100 psn
|
|-damage|p1a: Celebi|34/100 psn|[from] psn
|upkeep
|turn|9
|
|move|p2a: Raichu|Rising Voltage|p1a: Celebi
|-resisted|p1a: Celebi
|-damage|p1a: Celebi|0 fnt
|faint|p1a: Celebi
|
|upkeep
|
|switch|p1a: Sylveon|Sylveon, F, shiny|27/100
|-status|p1a: Sylveon|psn
|turn|10
|
|switch|p2a: Hitmonlee|Hitmonlee, M|100/100
|-enditem|p2a: Hitmonlee|Electric Seed
|-boost|p2a: Hitmonlee|def|1|[from] item: Electric Seed
|move|p1a: Sylveon|Protect||[still]
|-fail|p1a: Sylveon
|
|-heal|p1a: Sylveon|33/100 psn|[from] item: Leftovers
|-damage|p1a: Sylveon|21/100 psn|[from] psn
|-fieldend|move: Electric Terrain
|upkeep
|turn|11
|
|move|p2a: Hitmonlee|Poison Jab|p1a: Sylveon
|-supereffective|p1a: Sylveon
|-damage|p1a: Sylveon|0 fnt
|faint|p1a: Sylveon
|
|upkeep
|
|switch|p1a: Xatu|Xatu, M, shiny|100/100
|turn|12
|
|move|p2a: Hitmonlee|Knock Off|p1a: Xatu
|-supereffective|p1a: Xatu
|-damage|p1a: Xatu|0 fnt
|-enditem|p1a: Xatu|Heavy-Duty Boots|[from] move: Knock Off|[of] p2a: Hitmonlee
|faint|p1a: Xatu
|
|upkeep
|
|switch|p1a: Keldeo|Keldeo-Resolute|11/100
|-status|p1a: Keldeo|psn
|turn|13
|
|move|p1a: Keldeo|Aqua Jet|p2a: Hitmonlee
|-damage|p2a: Hitmonlee|84/100
|move|p2a: Hitmonlee|Poison Jab|p1a: Keldeo
|-damage|p1a: Keldeo|0 fnt
|faint|p1a: Keldeo
|
|upkeep
|
|switch|p1a: Corsola|Corsola-Galar, M, shiny|100/100
|-status|p1a: Corsola|psn
|turn|14
|
|move|p2a: Hitmonlee|Knock Off|p1a: Corsola
|-supereffective|p1a: Corsola
|-damage|p1a: Corsola|64/100 psn
|-enditem|p1a: Corsola|Eviolite|[from] move: Knock Off|[of] p2a: Hitmonlee
|move|p1a: Corsola|Strength Sap|p2a: Hitmonlee
|-unboost|p2a: Hitmonlee|atk|1
|-heal|p1a: Corsola|100/100 psn
|
|-damage|p1a: Corsola|88/100 psn|[from] psn
|upkeep
|turn|15
|inactive|Affonsek has 120 seconds left.
|
|move|p2a: Hitmonlee|Earthquake|p1a: Corsola
|-damage|p1a: Corsola|71/100 psn
|move|p1a: Corsola|Stealth Rock|p2a: Hitmonlee
|-sidestart|p2: Affonsek|move: Stealth Rock
|
|-damage|p1a: Corsola|58/100 psn|[from] psn
|upkeep
|turn|16
|inactive|Affonsek has 120 seconds left.
|
|move|p2a: Hitmonlee|Earthquake|p1a: Corsola
|-damage|p1a: Corsola|41/100 psn
|move|p1a: Corsola|Will-O-Wisp|p2a: Hitmonlee
|-status|p2a: Hitmonlee|brn
|
|-damage|p2a: Hitmonlee|78/100 brn|[from] brn
|-damage|p1a: Corsola|28/100 psn|[from] psn
|upkeep
|turn|17
|
|move|p2a: Hitmonlee|Earthquake|p1a: Corsola
|-damage|p1a: Corsola|20/100 psn
|-start|p2a: Hitmonlee|Disable|Earthquake|[from] ability: Cursed Body|[of] p1a: Corsola
|move|p1a: Corsola|Strength Sap|p2a: Hitmonlee
|-unboost|p2a: Hitmonlee|atk|1
|-heal|p1a: Corsola|99/100 psn
|
|-damage|p2a: Hitmonlee|72/100 brn|[from] brn
|-damage|p1a: Corsola|87/100 psn|[from] psn
|upkeep
|turn|18
|inactive|Affonsek has 120 seconds left.
|
|move|p2a: Hitmonlee|Poison Jab|p1a: Corsola
|-resisted|p1a: Corsola
|-damage|p1a: Corsola|85/100 psn
|move|p1a: Corsola|Night Shade|p2a: Hitmonlee
|-damage|p2a: Hitmonlee|30/100 brn
|
|-damage|p2a: Hitmonlee|24/100 brn|[from] brn
|-damage|p1a: Corsola|73/100 psn|[from] psn
|upkeep
|turn|19
|
|move|p2a: Hitmonlee|Poison Jab|p1a: Corsola
|-resisted|p1a: Corsola
|-damage|p1a: Corsola|70/100 psn
|move|p1a: Corsola|Night Shade|p2a: Hitmonlee
|-damage|p2a: Hitmonlee|0 fnt
|faint|p2a: Hitmonlee
|
|-damage|p1a: Corsola|57/100 psn|[from] psn
|upkeep
|
|switch|p2a: Raichu|Raichu-Alola, M|38/100
|-damage|p2a: Raichu|26/100|[from] Stealth Rock
|turn|20
|
|move|p2a: Raichu|Rising Voltage|p1a: Corsola
|-damage|p1a: Corsola|10/100 psn
|-start|p2a: Raichu|Disable|Rising Voltage|[from] ability: Cursed Body|[of] p1a: Corsola
|move|p1a: Corsola|Strength Sap|p2a: Raichu
|-unboost|p2a: Raichu|atk|1
|-heal|p1a: Corsola|60/100 psn
|
|-damage|p1a: Corsola|48/100 psn|[from] psn
|upkeep
|turn|21
|
|switch|p2a: Bronzong|Bronzong|100/100
|-damage|p2a: Bronzong|94/100|[from] Stealth Rock
|move|p1a: Corsola|Night Shade|p2a: Bronzong
|-damage|p2a: Bronzong|65/100
|
|-heal|p2a: Bronzong|71/100|[from] item: Leftovers
|-damage|p1a: Corsola|36/100 psn|[from] psn
|upkeep
|turn|22
|
|move|p2a: Bronzong|Protect|p2a: Bronzong
|-singleturn|p2a: Bronzong|Protect
|move|p1a: Corsola|Strength Sap|p2a: Bronzong
|-activate|p2a: Bronzong|move: Protect
|
|-heal|p2a: Bronzong|77/100|[from] item: Leftovers
|-damage|p1a: Corsola|24/100 psn|[from] psn
|upkeep
|turn|23
|
|move|p2a: Bronzong|Flash Cannon|p1a: Corsola
|-damage|p1a: Corsola|0 fnt
|faint|p1a: Corsola
|
|-heal|p2a: Bronzong|83/100|[from] item: Leftovers
|upkeep
|
|switch|p1a: Darmanitan|Darmanitan, M, shiny|100/100
|-status|p1a: Darmanitan|psn
|turn|24
|
|move|p2a: Bronzong|Protect|p2a: Bronzong
|-singleturn|p2a: Bronzong|Protect
|move|p1a: Darmanitan|Flare Blitz|p2a: Bronzong
|-activate|p2a: Bronzong|move: Protect
|
|-heal|p2a: Bronzong|90/100|[from] item: Leftovers
|-damage|p1a: Darmanitan|88/100 psn|[from] psn
|upkeep
|turn|25
|inactive|Affonsek has 120 seconds left.
|
|switch|p2a: Raichu|Raichu-Alola, M|26/100
|-damage|p2a: Raichu|14/100|[from] Stealth Rock
|move|p1a: Darmanitan|Flare Blitz|p2a: Raichu
|-damage|p2a: Raichu|0 fnt
|-damage|p1a: Darmanitan|85/100 psn|[from] Recoil
|faint|p2a: Raichu
|
|-damage|p1a: Darmanitan|72/100 psn|[from] psn
|upkeep
|
|switch|p2a: Scyther|Scyther, M|100/100
|-damage|p2a: Scyther|51/100|[from] Stealth Rock
|turn|26
|inactive|Affonsek has 120 seconds left.
|
|move|p1a: Darmanitan|Flare Blitz|p2a: Scyther
|-supereffective|p2a: Scyther
|-damage|p2a: Scyther|0 fnt
|-damage|p1a: Darmanitan|59/100 psn|[from] Recoil
|faint|p2a: Scyther
|
|-damage|p1a: Darmanitan|46/100 psn|[from] psn
|upkeep
|inactive|Affonsek has 120 seconds left.
|
|switch|p2a: Bronzong|Bronzong|90/100
|-damage|p2a: Bronzong|83/100|[from] Stealth Rock
|turn|27
|
|move|p2a: Bronzong|Protect|p2a: Bronzong
|-singleturn|p2a: Bronzong|Protect
|move|p1a: Darmanitan|Flare Blitz|p2a: Bronzong
|-activate|p2a: Bronzong|move: Protect
|
|-heal|p2a: Bronzong|90/100|[from] item: Leftovers
|-damage|p1a: Darmanitan|34/100 psn|[from] psn
|upkeep
|turn|28
|j| gggggghhhhhh
|j| hjkhj1 ㋛
|
|move|p2a: Bronzong|Protect||[still]
|-fail|p2a: Bronzong
|move|p1a: Darmanitan|Flare Blitz|p2a: Bronzong
|-supereffective|p2a: Bronzong
|-damage|p2a: Bronzong|0 fnt
|-damage|p1a: Darmanitan|6/100 psn|[from] Recoil
|faint|p2a: Bronzong
|
|win|Bamarah
