|j|☆Zephyyyr
|j|☆papi salaud
|t:|1624711229
|gametype|singles
|player|p1|Zephyyyr|richboy|1378
|player|p2|papi salaud|li|1435
|teamsize|p1|6
|teamsize|p2|6
|gen|8
|tier|[Gen 8] UU
|rated|
|rule|Sleep Clause Mod: Limit one foe put to sleep
|rule|Species Clause: Limit one of each Pokémon
|rule|OHKO Clause: OHKO moves are banned
|rule|Evasion Moves Clause: Evasion moves are banned
|rule|Endless Battle Clause: Forcing endless battles is banned
|rule|HP Percentage Mod: HP is shown in percentages
|rule|Dynamax Clause: You cannot dynamax
|clearpoke
|poke|p1|Conkeldurr, F|
|poke|p1|Rotom-Heat|
|poke|p1|Nidoqueen, F|
|poke|p1|Tangrowth, M|
|poke|p1|Primarina, F|
|poke|p1|Salamence, M|
|poke|p2|Thundurus, M|
|poke|p2|Obstagoon, F|
|poke|p2|Jirachi|
|poke|p2|Salamence, F|
|poke|p2|Porygon2|
|poke|p2|Mew|
|teampreview
|
|t:|1624711260
|start
|switch|p1a: Rotom|Rotom-Heat|100/100
|switch|p2a: Obstagoon|Obstagoon, F|100/100
|turn|1
|
|t:|1624711269
|switch|p1a: Salamence|Salamence, M|100/100
|-ability|p1a: Salamence|Intimidate|boost
|-unboost|p2a: Obstagoon|atk|1
|move|p2a: Obstagoon|Obstruct||[still]
|-fail|p2a: Obstagoon
|
|-status|p2a: Obstagoon|brn|[from] item: Flame Orb
|upkeep
|turn|2
|
|t:|1624711278
|move|p2a: Obstagoon|Knock Off|p1a: Salamence
|-damage|p1a: Salamence|68/100
|-enditem|p1a: Salamence|Heavy-Duty Boots|[from] move: Knock Off|[of] p2a: Obstagoon
|move|p1a: Salamence|Roost|p1a: Salamence
|-heal|p1a: Salamence|100/100
|-singleturn|p1a: Salamence|move: Roost
|
|-damage|p2a: Obstagoon|94/100 brn|[from] brn
|upkeep
|turn|3
|
|t:|1624711287
|switch|p2a: Porygon2|Porygon2|100/100
|-ability|p2a: Porygon2|Download|boost
|-boost|p2a: Porygon2|spa|1
|move|p1a: Salamence|Flamethrower|p2a: Porygon2
|-damage|p2a: Porygon2|90/100
|
|upkeep
|turn|4
|
|t:|1624711302
|switch|p1a: Tangrowth|Tangrowth, M|100/100
|move|p2a: Porygon2|Thunder Wave|p1a: Tangrowth|[miss]
|-miss|p2a: Porygon2|p1a: Tangrowth
|
|upkeep
|turn|5
|
|t:|1624711310
|switch|p2a: Obstagoon|Obstagoon, F|94/100 brn
|move|p1a: Tangrowth|Knock Off|p2a: Obstagoon
|-resisted|p2a: Obstagoon
|-damage|p2a: Obstagoon|83/100 brn
|-enditem|p2a: Obstagoon|Flame Orb|[from] move: Knock Off|[of] p1a: Tangrowth
|
|-damage|p2a: Obstagoon|77/100 brn|[from] brn
|upkeep
|turn|6
|
|t:|1624711320
|switch|p1a: Salamence|Salamence, M|100/100
|-ability|p1a: Salamence|Intimidate|boost
|-unboost|p2a: Obstagoon|atk|1
|move|p2a: Obstagoon|Knock Off|p1a: Salamence
|-damage|p1a: Salamence|78/100
|
|-damage|p2a: Obstagoon|71/100 brn|[from] brn
|upkeep
|turn|7
|
|t:|1624711331
|switch|p2a: Porygon2|Porygon2|90/100
|-ability|p2a: Porygon2|Download|boost
|-boost|p2a: Porygon2|spa|1
|move|p1a: Salamence|Roost|p1a: Salamence
|-heal|p1a: Salamence|100/100
|-singleturn|p1a: Salamence|move: Roost
|
|upkeep
|turn|8
|
|t:|1624711341
|switch|p1a: Tangrowth|Tangrowth, M|100/100
|move|p2a: Porygon2|Teleport|p2a: Porygon2
|
|t:|1624711354
|switch|p2a: Jirachi|Jirachi|100/100|[from]move: Teleport
|
|upkeep
|turn|9
|
|t:|1624711358
|move|p2a: Jirachi|Trick|p1a: Tangrowth
|-activate|p2a: Jirachi|move: Trick|[of] p1a: Tangrowth
|-item|p1a: Tangrowth|Choice Scarf|[from] move: Trick
|-item|p2a: Jirachi|Assault Vest|[from] move: Trick
|move|p1a: Tangrowth|Knock Off|p2a: Jirachi
|-supereffective|p2a: Jirachi
|-damage|p2a: Jirachi|54/100
|-enditem|p2a: Jirachi|Assault Vest|[from] move: Knock Off|[of] p1a: Tangrowth
|
|upkeep
|turn|10
|
|t:|1624711367
|switch|p1a: Rotom|Rotom-Heat|100/100
|move|p2a: Jirachi|U-turn|p1a: Rotom
|-resisted|p1a: Rotom
|-damage|p1a: Rotom|90/100
|
|t:|1624711373
|switch|p2a: Obstagoon|Obstagoon, F|71/100 brn|[from]move: U-turn
|
|-damage|p2a: Obstagoon|65/100 brn|[from] brn
|upkeep
|turn|11
|
|t:|1624711382
|switch|p1a: Salamence|Salamence, M|100/100
|-ability|p1a: Salamence|Intimidate|boost
|-unboost|p2a: Obstagoon|atk|1
|move|p2a: Obstagoon|Facade|p1a: Salamence
|-damage|p1a: Salamence|56/100
|
|-damage|p2a: Obstagoon|59/100 brn|[from] brn
|upkeep
|turn|12
|
|t:|1624711390
|move|p2a: Obstagoon|Facade|p1a: Salamence
|-damage|p1a: Salamence|13/100
|move|p1a: Salamence|Roost|p1a: Salamence
|-heal|p1a: Salamence|63/100
|-singleturn|p1a: Salamence|move: Roost
|
|-damage|p2a: Obstagoon|53/100 brn|[from] brn
|upkeep
|turn|13
|
|t:|1624711412
|switch|p2a: Porygon2|Porygon2|90/100
|-ability|p2a: Porygon2|Download|boost
|-boost|p2a: Porygon2|spa|1
|move|p1a: Salamence|Roost|p1a: Salamence
|-heal|p1a: Salamence|100/100
|-singleturn|p1a: Salamence|move: Roost
|
|upkeep
|turn|14
|
|t:|1624711422
|switch|p1a: Nidoqueen|Nidoqueen, F|100/100
|move|p2a: Porygon2|Tri Attack|p1a: Nidoqueen
|-crit|p1a: Nidoqueen
|-damage|p1a: Nidoqueen|15/100
|
|upkeep
|turn|15
|
|t:|1624711428
|move|p1a: Nidoqueen|Stealth Rock|p2a: Porygon2
|-sidestart|p2: papi salaud|move: Stealth Rock
|move|p2a: Porygon2|Tri Attack|p1a: Nidoqueen
|-damage|p1a: Nidoqueen|0 fnt
|faint|p1a: Nidoqueen
|
|upkeep
|
|t:|1624711433
|switch|p1a: Conkeldurr|Conkeldurr, F|100/100
|turn|16
|
|t:|1624711437
|move|p1a: Conkeldurr|Knock Off|p2a: Porygon2
|-damage|p2a: Porygon2|52/100
|-enditem|p2a: Porygon2|Eviolite|[from] move: Knock Off|[of] p1a: Conkeldurr
|move|p2a: Porygon2|Thunder Wave|p1a: Conkeldurr
|-status|p1a: Conkeldurr|par
|
|upkeep
|turn|17
|
|t:|1624711447
|switch|p2a: Salamence|Salamence, F|100/100
|-ability|p2a: Salamence|Intimidate|boost
|-unboost|p1a: Conkeldurr|atk|1
|move|p1a: Conkeldurr|Knock Off|p2a: Salamence
|-damage|p2a: Salamence|60/100
|-enditem|p2a: Salamence|Heavy-Duty Boots|[from] move: Knock Off|[of] p1a: Conkeldurr
|
|upkeep
|turn|18
|
|t:|1624711458
|switch|p1a: Rotom|Rotom-Heat|90/100
|move|p2a: Salamence|Defog|p1a: Rotom
|-unboost|p1a: Rotom|evasion|1
|-sideend|p2: papi salaud|Stealth Rock|[from] move: Defog|[of] p2a: Salamence
|
|upkeep
|turn|19
|
|t:|1624711465
|move|p1a: Rotom|Nasty Plot|p1a: Rotom
|-boost|p1a: Rotom|spa|2
|move|p2a: Salamence|Roost|p2a: Salamence
|-heal|p2a: Salamence|100/100
|-singleturn|p2a: Salamence|move: Roost
|
|upkeep
|turn|20
|
|t:|1624711472
|move|p1a: Rotom|Volt Switch|p2a: Salamence
|-damage|p2a: Salamence|46/100
|
|t:|1624711475
|switch|p1a: Conkeldurr|Conkeldurr, F|100/100 par|[from]move: Volt Switch
|move|p2a: Salamence|Draco Meteor|p1a: Conkeldurr
|-damage|p1a: Conkeldurr|39/100 par
|-unboost|p2a: Salamence|spa|2
|
|upkeep
|turn|21
|
|t:|1624711482
|switch|p1a: Primarina|Primarina, F|100/100
|move|p2a: Salamence|Roost|p2a: Salamence
|-heal|p2a: Salamence|96/100
|-singleturn|p2a: Salamence|move: Roost
|
|upkeep
|turn|22
|
|t:|1624711490
|switch|p2a: Jirachi|Jirachi|54/100
|move|p1a: Primarina|Substitute|p1a: Primarina
|-start|p1a: Primarina|Substitute
|-damage|p1a: Primarina|75/100
|
|-heal|p1a: Primarina|82/100|[from] item: Leftovers
|upkeep
|turn|23
|
|t:|1624711497
|move|p2a: Jirachi|Iron Head|p1a: Primarina
|-end|p1a: Primarina|Substitute
|move|p1a: Primarina|Scald|p2a: Jirachi
|-damage|p2a: Jirachi|19/100
|-status|p2a: Jirachi|brn
|
|-heal|p1a: Primarina|88/100|[from] item: Leftovers
|-damage|p2a: Jirachi|13/100 brn|[from] brn
|upkeep
|turn|24
|
|t:|1624711513
|switch|p1a: Tangrowth|Tangrowth, M|100/100
|move|p2a: Jirachi|Healing Wish|p2a: Jirachi
|faint|p2a: Jirachi
|
|upkeep
|
|t:|1624711526
|switch|p2a: Thundurus|Thundurus, M|100/100
|turn|25
|
|t:|1624711533
|move|p2a: Thundurus|Thunderbolt|p1a: Tangrowth
|-resisted|p1a: Tangrowth
|-damage|p1a: Tangrowth|76/100
|-damage|p2a: Thundurus|91/100|[from] item: Life Orb
|move|p1a: Tangrowth|Knock Off|p2a: Thundurus
|-damage|p2a: Thundurus|54/100
|-enditem|p2a: Thundurus|Life Orb|[from] move: Knock Off|[of] p1a: Tangrowth
|
|upkeep
|turn|26
|
|t:|1624711541
|move|p2a: Thundurus|Thunderbolt|p1a: Tangrowth
|-resisted|p1a: Tangrowth
|-damage|p1a: Tangrowth|58/100
|move|p1a: Tangrowth|Knock Off|p2a: Thundurus
|-damage|p2a: Thundurus|33/100
|
|upkeep
|turn|27
|
|t:|1624711552
|switch|p1a: Rotom|Rotom-Heat|90/100
|move|p2a: Thundurus|Thunderbolt|p1a: Rotom
|-resisted|p1a: Rotom
|-damage|p1a: Rotom|73/100
|
|upkeep
|turn|28
|
|t:|1624711559
|move|p2a: Thundurus|Superpower|p1a: Rotom
|-damage|p1a: Rotom|31/100
|-unboost|p2a: Thundurus|atk|1
|-unboost|p2a: Thundurus|def|1
|move|p1a: Rotom|Volt Switch|p2a: Thundurus
|-damage|p2a: Thundurus|0 fnt
|faint|p2a: Thundurus
|
|t:|1624711567
|switch|p1a: Primarina|Primarina, F|88/100|[from]move: Volt Switch
|
|-heal|p1a: Primarina|94/100|[from] item: Leftovers
|upkeep
|
|t:|1624711575
|switch|p2a: Obstagoon|Obstagoon, F|53/100 brn
|-heal|p2a: Obstagoon|100/100|[from] move: Healing Wish
|turn|29
|
|t:|1624711583
|switch|p2a: Porygon2|Porygon2|52/100
|-ability|p2a: Porygon2|Download|boost
|-boost|p2a: Porygon2|atk|1
|move|p1a: Primarina|Calm Mind|p1a: Primarina
|-boost|p1a: Primarina|spa|1
|-boost|p1a: Primarina|spd|1
|
|-heal|p1a: Primarina|99/100|[from] item: Leftovers
|upkeep
|turn|30
|
|t:|1624711593
|move|p1a: Primarina|Substitute|p1a: Primarina
|-start|p1a: Primarina|Substitute
|-damage|p1a: Primarina|75/100
|move|p2a: Porygon2|Tri Attack|p1a: Primarina
|-crit|p1a: Primarina
|-end|p1a: Primarina|Substitute
|
|-heal|p1a: Primarina|81/100|[from] item: Leftovers
|upkeep
|turn|31
|
|t:|1624711603
|move|p1a: Primarina|Substitute|p1a: Primarina
|-start|p1a: Primarina|Substitute
|-damage|p1a: Primarina|56/100
|move|p2a: Porygon2|Thunder Wave||[still]
|-fail|p2a: Porygon2
|
|-heal|p1a: Primarina|62/100|[from] item: Leftovers
|upkeep
|turn|32
|
|t:|1624711609
|switch|p2a: Mew|Mew|100/100
|move|p1a: Primarina|Calm Mind|p1a: Primarina
|-boost|p1a: Primarina|spa|1
|-boost|p1a: Primarina|spd|1
|
|-heal|p1a: Primarina|68/100|[from] item: Leftovers
|upkeep
|turn|33
|
|t:|1624711617
|move|p2a: Mew|Cosmic Power|p2a: Mew
|-boost|p2a: Mew|def|1
|-boost|p2a: Mew|spd|1
|move|p1a: Primarina|Calm Mind|p1a: Primarina
|-boost|p1a: Primarina|spa|1
|-boost|p1a: Primarina|spd|1
|
|-heal|p1a: Primarina|74/100|[from] item: Leftovers
|upkeep
|turn|34
|
|t:|1624711625
|move|p2a: Mew|Cosmic Power|p2a: Mew
|-boost|p2a: Mew|def|1
|-boost|p2a: Mew|spd|1
|move|p1a: Primarina|Scald|p2a: Mew
|-damage|p2a: Mew|65/100
|
|-heal|p1a: Primarina|80/100|[from] item: Leftovers
|upkeep
|turn|35
|
|t:|1624711633
|move|p2a: Mew|Cosmic Power|p2a: Mew
|-boost|p2a: Mew|def|1
|-boost|p2a: Mew|spd|1
|move|p1a: Primarina|Scald|p2a: Mew
|-damage|p2a: Mew|39/100
|
|-heal|p1a: Primarina|86/100|[from] item: Leftovers
|upkeep
|turn|36
|
|t:|1624711641
|move|p2a: Mew|Cosmic Power|p2a: Mew
|-boost|p2a: Mew|def|1
|-boost|p2a: Mew|spd|1
|move|p1a: Primarina|Scald|p2a: Mew
|-damage|p2a: Mew|18/100
|
|-heal|p1a: Primarina|92/100|[from] item: Leftovers
|upkeep
|turn|37
|
|t:|1624711650
|move|p2a: Mew|Rest|p2a: Mew
|-status|p2a: Mew|slp|[from] move: Rest
|-heal|p2a: Mew|100/100 slp|[silent]
|-enditem|p2a: Mew|Chesto Berry|[eat]
|-curestatus|p2a: Mew|slp|[msg]
|move|p1a: Primarina|Calm Mind|p1a: Primarina
|-boost|p1a: Primarina|spa|1
|-boost|p1a: Primarina|spd|1
|
|-heal|p1a: Primarina|98/100|[from] item: Leftovers
|upkeep
|turn|38
|
|t:|1624711659
|move|p2a: Mew|Cosmic Power|p2a: Mew
|-boost|p2a: Mew|def|1
|-boost|p2a: Mew|spd|1
|move|p1a: Primarina|Calm Mind|p1a: Primarina
|-boost|p1a: Primarina|spa|1
|-boost|p1a: Primarina|spd|1
|
|-heal|p1a: Primarina|100/100|[from] item: Leftovers
|upkeep
|turn|39
|
|t:|1624711667
|move|p2a: Mew|Cosmic Power|p2a: Mew
|-boost|p2a: Mew|def|1
|-boost|p2a: Mew|spd|1
|move|p1a: Primarina|Calm Mind|p1a: Primarina
|-boost|p1a: Primarina|spa|1
|-boost|p1a: Primarina|spd|1
|
|upkeep
|turn|40
|
|t:|1624711674
|move|p2a: Mew|Body Press|p1a: Primarina
|-resisted|p1a: Primarina
|-end|p1a: Primarina|Substitute
|move|p1a: Primarina|Scald|p2a: Mew
|-damage|p2a: Mew|73/100
|
|upkeep
|turn|41
|
|t:|1624711691
|move|p2a: Mew|Body Press|p1a: Primarina
|-resisted|p1a: Primarina
|-damage|p1a: Primarina|55/100
|move|p1a: Primarina|Draining Kiss|p2a: Mew
|-damage|p2a: Mew|56/100
|-heal|p1a: Primarina|70/100|[from] drain|[of] p2a: Mew
|
|-heal|p1a: Primarina|76/100|[from] item: Leftovers
|upkeep
|turn|42
|
|t:|1624711702
|move|p2a: Mew|Body Press|p1a: Primarina
|-resisted|p1a: Primarina
|-damage|p1a: Primarina|27/100
|move|p1a: Primarina|Draining Kiss|p2a: Mew
|-damage|p2a: Mew|39/100
|-heal|p1a: Primarina|41/100|[from] drain|[of] p2a: Mew
|
|-heal|p1a: Primarina|47/100|[from] item: Leftovers
|upkeep
|turn|43
|
|t:|1624711711
|move|p2a: Mew|Body Press|p1a: Primarina
|-resisted|p1a: Primarina
|-damage|p1a: Primarina|2/100
|move|p1a: Primarina|Draining Kiss|p2a: Mew
|-damage|p2a: Mew|22/100
|-heal|p1a: Primarina|16/100|[from] drain|[of] p2a: Mew
|
|-heal|p1a: Primarina|22/100|[from] item: Leftovers
|upkeep
|turn|44
|
|t:|1624711720
|move|p2a: Mew|Body Press|p1a: Primarina
|-resisted|p1a: Primarina
|-damage|p1a: Primarina|0 fnt
|faint|p1a: Primarina
|
|upkeep
|inactive|Battle timer is ON: inactive players will automatically lose when time's up. (requested by papi salaud)
|-message|Zephyyyr forfeited.
|
|win|papi salaud
|raw|Zephyyyr's rating: 1378 &rarr; <strong>1361</strong><br />(-17 for losing)
|raw|papi salaud's rating: 1435 &rarr; <strong>1452</strong><br />(+17 for winning)
|l|☆Zephyyyr
