|html|<div class="broadcast-blue"><strong>[Gen 8] UU is currently suspecting Moltres-Galar! For information on how to participate check out the <a href="https://www.smogon.com/forums/threads/np-ss-uu-stage-12-get-lucky.3700621/">suspect thread</a>.</strong></div>
|j|☆Springerk
|j|☆vitul
|t:|1651060500
|gametype|singles
|player|p1|Springerk|tuberf|1374
|player|p2|vitul|101|1351
|teamsize|p1|6
|teamsize|p2|6
|gen|8
|tier|[Gen 8] UU
|rated|
|rule|Sleep Clause Mod: Limit one foe put to sleep
|rule|Species Clause: Limit one of each Pokémon
|rule|OHKO Clause: OHKO moves are banned
|rule|Evasion Moves Clause: Evasion moves are banned
|rule|Endless Battle Clause: Forcing endless battles is banned
|rule|HP Percentage Mod: HP is shown in percentages
|rule|Dynamax Clause: You cannot dynamax
|clearpoke
|poke|p1|Tangrowth, F|
|poke|p1|Mamoswine, F|
|poke|p1|Hydreigon, F|
|poke|p1|Keldeo-Resolute|
|poke|p1|Crobat, M|
|poke|p1|Jirachi|
|poke|p2|Nidoking, M|
|poke|p2|Venusaur, M|
|poke|p2|Ninetales, F|
|poke|p2|Cloyster, F|
|poke|p2|Chansey, F|
|poke|p2|Aerodactyl, F|
|teampreview
|
|t:|1651060507
|start
|switch|p1a: Doyen des Glaciers|Mamoswine, F|100/100
|switch|p2a: Picpic|Cloyster, F|100/100
|turn|1
|
|t:|1651060520
|move|p1a: Doyen des Glaciers|Earthquake|p2a: Picpic
|-damage|p2a: Picpic|52/100
|-damage|p1a: Doyen des Glaciers|91/100|[from] item: Life Orb
|move|p2a: Picpic|Liquidation|p1a: Doyen des Glaciers
|-supereffective|p1a: Doyen des Glaciers
|-damage|p1a: Doyen des Glaciers|0 fnt
|faint|p1a: Doyen des Glaciers
|
|upkeep
|
|t:|1651060531
|switch|p1a: Hydre des Enfers|Hydreigon, F|100/100
|turn|2
|
|t:|1651060535
|switch|p2a: Chansey|Chansey, F|100/100
|move|p1a: Hydre des Enfers|U-turn|p2a: Chansey
|-damage|p2a: Chansey|92/100
|
|t:|1651060539
|switch|p1a: Génie des Désirs|Jirachi|100/100|[from]move: U-turn
|
|upkeep
|turn|3
|
|t:|1651060545
|move|p1a: Génie des Désirs|Stealth Rock|p2a: Chansey
|-sidestart|p2: vitul|move: Stealth Rock
|move|p2a: Chansey|Thunder Wave|p1a: Génie des Désirs|[miss]
|-miss|p2a: Chansey|p1a: Génie des Désirs
|
|upkeep
|turn|4
|c|☆vitul|G R E A T
|
|t:|1651060563
|move|p1a: Génie des Désirs|Iron Head|p2a: Chansey
|-damage|p2a: Chansey|72/100
|move|p2a: Chansey|Thunder Wave|p1a: Génie des Désirs
|-status|p1a: Génie des Désirs|par
|
|upkeep
|turn|5
|
|t:|1651060573
|cant|p1a: Génie des Désirs|par
|move|p2a: Chansey|Stealth Rock|p1a: Génie des Désirs
|-sidestart|p1: Springerk|move: Stealth Rock
|
|upkeep
|turn|6
|
|t:|1651060580
|move|p1a: Génie des Désirs|Iron Head|p2a: Chansey
|-damage|p2a: Chansey|54/100
|cant|p2a: Chansey|flinch
|
|upkeep
|turn|7
|
|t:|1651060585
|move|p1a: Génie des Désirs|Iron Head|p2a: Chansey
|-damage|p2a: Chansey|36/100
|move|p2a: Chansey|Soft-Boiled|p2a: Chansey
|-heal|p2a: Chansey|86/100
|
|upkeep
|turn|8
|
|t:|1651060593
|switch|p2a: Ninetales|Ninetales, F|100/100
|-damage|p2a: Ninetales|76/100|[from] Stealth Rock
|-weather|SunnyDay|[from] ability: Drought|[of] p2a: Ninetales
|move|p1a: Génie des Désirs|Iron Head|p2a: Ninetales
|-resisted|p2a: Ninetales
|-damage|p2a: Ninetales|56/100
|
|-weather|SunnyDay|[upkeep]
|upkeep
|turn|9
|
|t:|1651060607
|switch|p1a: Cheval indomptable|Keldeo-Resolute|100/100
|-damage|p1a: Cheval indomptable|94/100|[from] Stealth Rock
|move|p2a: Ninetales|Mystical Fire|p1a: Cheval indomptable
|-resisted|p1a: Cheval indomptable
|-damage|p1a: Cheval indomptable|68/100
|-unboost|p1a: Cheval indomptable|spa|1
|
|-weather|SunnyDay|[upkeep]
|-heal|p1a: Cheval indomptable|74/100|[from] item: Leftovers
|upkeep
|turn|10
|
|t:|1651060619
|switch|p1a: Gardien des nuages|Crobat, M|100/100
|switch|p2a: Rotted Greatwood|Venusaur, M|100/100
|-damage|p2a: Rotted Greatwood|88/100|[from] Stealth Rock
|
|-weather|SunnyDay|[upkeep]
|-heal|p2a: Rotted Greatwood|94/100|[from] item: Black Sludge
|upkeep
|turn|11
|
|t:|1651060649
|switch|p2a: Aerodactyl|Aerodactyl, F|100/100
|-ability|p2a: Aerodactyl|Pressure
|move|p1a: Gardien des nuages|Brave Bird|p2a: Aerodactyl
|-resisted|p2a: Aerodactyl
|-damage|p2a: Aerodactyl|59/100
|-damage|p1a: Gardien des nuages|87/100|[from] Recoil
|
|-weather|SunnyDay|[upkeep]
|upkeep
|turn|12
|
|t:|1651060662
|switch|p1a: Génie des Désirs|Jirachi|100/100 par
|-damage|p1a: Génie des Désirs|94/100 par|[from] Stealth Rock
|move|p2a: Aerodactyl|Dual Wingbeat|p1a: Génie des Désirs
|-resisted|p1a: Génie des Désirs
|-damage|p1a: Génie des Désirs|86/100 par
|-resisted|p1a: Génie des Désirs
|-damage|p1a: Génie des Désirs|78/100 par
|-hitcount|p1a: Génie des Désirs|2
|
|-weather|SunnyDay|[upkeep]
|-heal|p1a: Génie des Désirs|84/100 par|[from] item: Leftovers
|upkeep
|turn|13
|
|t:|1651060674
|switch|p2a: Fking Nido mate|Nidoking, M|100/100
|-damage|p2a: Fking Nido mate|95/100|[from] Stealth Rock
|move|p1a: Génie des Désirs|U-turn|p2a: Fking Nido mate
|-resisted|p2a: Fking Nido mate
|-damage|p2a: Fking Nido mate|83/100
|
|t:|1651060688
|switch|p1a: Hydre des Enfers|Hydreigon, F|100/100|[from]move: U-turn
|-damage|p1a: Hydre des Enfers|88/100|[from] Stealth Rock
|
|-weather|SunnyDay|[upkeep]
|upkeep
|turn|14
|
|t:|1651060695
|move|p1a: Hydre des Enfers|Dark Pulse|p2a: Fking Nido mate
|-damage|p2a: Fking Nido mate|0 fnt
|faint|p2a: Fking Nido mate
|
|-weather|SunnyDay|[upkeep]
|upkeep
|
|t:|1651060703
|switch|p2a: Chansey|Chansey, F|86/100
|-damage|p2a: Chansey|74/100|[from] Stealth Rock
|turn|15
|
|t:|1651060720
|switch|p1a: Assassin des bois|Tangrowth, F|100/100
|-damage|p1a: Assassin des bois|88/100|[from] Stealth Rock
|switch|p2a: Aerodactyl|Aerodactyl, F|59/100
|-ability|p2a: Aerodactyl|Pressure
|
|-weather|none
|upkeep
|turn|16
|
|t:|1651060730
|move|p2a: Aerodactyl|Dual Wingbeat|p1a: Assassin des bois
|-supereffective|p1a: Assassin des bois
|-damage|p1a: Assassin des bois|68/100
|-damage|p2a: Aerodactyl|42/100|[from] item: Rocky Helmet|[of] p1a: Assassin des bois
|-supereffective|p1a: Assassin des bois
|-damage|p1a: Assassin des bois|46/100
|-damage|p2a: Aerodactyl|25/100|[from] item: Rocky Helmet|[of] p1a: Assassin des bois
|-hitcount|p1a: Assassin des bois|2
|move|p1a: Assassin des bois|Knock Off|p2a: Aerodactyl
|-damage|p2a: Aerodactyl|0 fnt
|-enditem|p2a: Aerodactyl|Heavy-Duty Boots|[from] move: Knock Off|[of] p1a: Assassin des bois
|faint|p2a: Aerodactyl
|
|upkeep
|
|t:|1651060741
|switch|p2a: Ninetales|Ninetales, F|56/100
|-damage|p2a: Ninetales|31/100|[from] Stealth Rock
|-weather|SunnyDay|[from] ability: Drought|[of] p2a: Ninetales
|turn|17
|
|t:|1651060789
|move|p2a: Ninetales|Weather Ball|p1a: Assassin des bois
|-supereffective|p1a: Assassin des bois
|-damage|p1a: Assassin des bois|0 fnt
|faint|p1a: Assassin des bois
|
|-weather|SunnyDay|[upkeep]
|upkeep
|
|t:|1651060794
|switch|p1a: Gardien des nuages|Crobat, M|87/100
|turn|18
|
|t:|1651060801
|move|p1a: Gardien des nuages|Brave Bird|p2a: Ninetales
|-damage|p2a: Ninetales|0 fnt
|faint|p2a: Ninetales
|-damage|p1a: Gardien des nuages|78/100|[from] Recoil
|
|-weather|SunnyDay|[upkeep]
|upkeep
|
|t:|1651060807
|switch|p2a: Rotted Greatwood|Venusaur, M|94/100
|-damage|p2a: Rotted Greatwood|82/100|[from] Stealth Rock
|turn|19
|
|t:|1651060843
|move|p2a: Rotted Greatwood|Weather Ball|p1a: Gardien des nuages
|-damage|p1a: Gardien des nuages|20/100
|move|p1a: Gardien des nuages|Brave Bird|p2a: Rotted Greatwood
|-supereffective|p2a: Rotted Greatwood
|-damage|p2a: Rotted Greatwood|0 fnt
|faint|p2a: Rotted Greatwood
|-damage|p1a: Gardien des nuages|0 fnt|[from] Recoil
|faint|p1a: Gardien des nuages
|
|-weather|SunnyDay|[upkeep]
|upkeep
|
|t:|1651060856
|switch|p1a: Cheval indomptable|Keldeo-Resolute|74/100
|switch|p2a: Chansey|Chansey, F|74/100
|-damage|p1a: Cheval indomptable|68/100|[from] Stealth Rock
|-damage|p2a: Chansey|62/100|[from] Stealth Rock
|turn|20
|
|t:|1651060863
|move|p1a: Cheval indomptable|Substitute|p1a: Cheval indomptable
|-start|p1a: Cheval indomptable|Substitute
|-damage|p1a: Cheval indomptable|43/100
|move|p2a: Chansey|Thunder Wave||[still]
|-fail|p2a: Chansey
|
|-weather|SunnyDay|[upkeep]
|-heal|p1a: Cheval indomptable|49/100|[from] item: Leftovers
|upkeep
|turn|21
|-message|vitul forfeited.
|
|win|Springerk
|raw|Springerk's rating: 1374 &rarr; <strong>1393</strong><br />(+19 for winning)
|raw|vitul's rating: 1351 &rarr; <strong>1332</strong><br />(-19 for losing)
|l|☆vitul
|c|☆Springerk|well gg
||Ladder isn't responding, score probably updated but might not have (Request timeout).
