|inactive|Battle timer is ON: inactive players will automatically lose when time's up.
|j|☆Randomuser04
|j|☆pokemonisfun
|t:|1659382079
|gametype|singles
|player|p1|Randomuser04|lucas|
|player|p2|pokemonisfun|#uutrio2ladder|
|teamsize|p1|6
|teamsize|p2|6
|gen|8
|tier|[Gen 8] UU
|rated|Tournament battle
|rule|Sleep Clause Mod: Limit one foe put to sleep
|rule|Species Clause: Limit one of each Pokémon
|rule|OHKO Clause: OHKO moves are banned
|rule|Evasion Moves Clause: Evasion moves are banned
|rule|Endless Battle Clause: Forcing endless battles is banned
|rule|HP Percentage Mod: HP is shown in percentages
|rule|Dynamax Clause: You cannot dynamax
|rule|Blitz: Super-fast timer
|clearpoke
|poke|p1|Cobalion|
|poke|p1|Slowbro-Galar, M|
|poke|p1|Tangrowth, M|
|poke|p1|Togekiss, F|
|poke|p1|Zygarde-10%|
|poke|p1|Rotom-Wash|
|poke|p2|Conkeldurr, F|
|poke|p2|Chansey, F|
|poke|p2|Salamence, F|
|poke|p2|Zygarde-10%|
|poke|p2|Tangrowth, F|
|poke|p2|Celesteela|
|teampreview
|c|☆Randomuser04|hf
|c|☆pokemonisfun|hf
|inactive|Randomuser04 has 30 seconds left.
|inactive|pokemonisfun has 30 seconds left.
|
|t:|1659382093
|start
|switch|p1a: Togekiss|Togekiss, F|100/100
|switch|p2a: Tangrowth|Tangrowth, F|100/100
|turn|1
|
|t:|1659382096
|switch|p1a: Cobalion|Cobalion|100/100
|move|p2a: Tangrowth|Knock Off|p1a: Cobalion
|-resisted|p1a: Cobalion
|-damage|p1a: Cobalion|91/100
|-damage|p2a: Tangrowth|84/100|[from] item: Rocky Helmet|[of] p1a: Cobalion
|-ability|p1a: Cobalion|Justified|boost
|-boost|p1a: Cobalion|atk|1
|-enditem|p1a: Cobalion|Rocky Helmet|[from] move: Knock Off|[of] p2a: Tangrowth
|
|upkeep
|turn|2
|
|t:|1659382100
|move|p1a: Cobalion|Stealth Rock|p2a: Tangrowth
|-sidestart|p2: pokemonisfun|move: Stealth Rock
|move|p2a: Tangrowth|Earthquake|p1a: Cobalion
|-supereffective|p1a: Cobalion
|-damage|p1a: Cobalion|54/100
|
|upkeep
|turn|3
|
|t:|1659382103
|move|p1a: Cobalion|Volt Switch|p2a: Tangrowth
|-resisted|p2a: Tangrowth
|-damage|p2a: Tangrowth|80/100
|
|t:|1659382104
|switch|p1a: Slowbro|Slowbro-Galar, M|100/100|[from]move: Volt Switch
|move|p2a: Tangrowth|Earthquake|p1a: Slowbro
|-supereffective|p1a: Slowbro
|-enditem|p1a: Slowbro|Shuca Berry|[eat]
|-enditem|p1a: Slowbro|Shuca Berry|[weaken]
|-damage|p1a: Slowbro|85/100
|
|upkeep
|turn|4
|j| Staymox
|inactive|pokemonisfun has 10 seconds left.
|
|t:|1659382110
|switch|p2a: Chansey|Chansey, F|100/100
|-damage|p2a: Chansey|88/100|[from] Stealth Rock
|move|p1a: Slowbro|Flamethrower|p2a: Chansey
|-damage|p2a: Chansey|81/100
|
|upkeep
|turn|5
|
|t:|1659382114
|switch|p1a: Cobalion|Cobalion|54/100
|move|p2a: Chansey|Stealth Rock|p1a: Cobalion
|-sidestart|p1: Randomuser04|move: Stealth Rock
|
|upkeep
|turn|6
|l| Staymox
|
|t:|1659382118
|switch|p2a: Tangrowth|Tangrowth, F|100/100
|-damage|p2a: Tangrowth|88/100|[from] Stealth Rock
|move|p1a: Cobalion|Volt Switch|p2a: Tangrowth
|-resisted|p2a: Tangrowth
|-damage|p2a: Tangrowth|84/100
|inactive|Randomuser04 has 10 seconds left.
|
|t:|1659382123
|switch|p1a: Slowbro|Slowbro-Galar, M|100/100|[from]move: Volt Switch
|-damage|p1a: Slowbro|88/100|[from] Stealth Rock
|
|upkeep
|turn|7
|
|t:|1659382124
|switch|p2a: Chansey|Chansey, F|81/100
|-damage|p2a: Chansey|69/100|[from] Stealth Rock
|move|p1a: Slowbro|Calm Mind|p1a: Slowbro
|-boost|p1a: Slowbro|spa|1
|-boost|p1a: Slowbro|spd|1
|
|upkeep
|turn|8
|
|t:|1659382127
|move|p2a: Chansey|Soft-Boiled|p2a: Chansey
|-heal|p2a: Chansey|100/100
|move|p1a: Slowbro|Psyshock|p2a: Chansey
|-damage|p2a: Chansey|75/100
|
|upkeep
|turn|9
|
|t:|1659382130
|move|p2a: Chansey|Seismic Toss|p1a: Slowbro
|-damage|p1a: Slowbro|62/100
|move|p1a: Slowbro|Psyshock|p2a: Chansey
|-damage|p2a: Chansey|50/100
|
|upkeep
|turn|10
|
|t:|1659382134
|move|p2a: Chansey|Soft-Boiled|p2a: Chansey
|-heal|p2a: Chansey|99/100
|move|p1a: Slowbro|Calm Mind|p1a: Slowbro
|-boost|p1a: Slowbro|spa|1
|-boost|p1a: Slowbro|spd|1
|
|upkeep
|turn|11
|
|t:|1659382136
|move|p1a: Slowbro|Slack Off|p1a: Slowbro
|-heal|p1a: Slowbro|100/100
|move|p2a: Chansey|Teleport|p2a: Chansey
|inactive|pokemonisfun has 10 seconds left.
|
|t:|1659382145
|switch|p2a: Tangrowth|Tangrowth, F|100/100|[from]move: Teleport
|-damage|p2a: Tangrowth|88/100|[from] Stealth Rock
|
|upkeep
|turn|12
|
|t:|1659382147
|switch|p2a: Chansey|Chansey, F|99/100
|-damage|p2a: Chansey|88/100|[from] Stealth Rock
|move|p1a: Slowbro|Flamethrower|p2a: Chansey
|-damage|p2a: Chansey|75/100
|
|upkeep
|turn|13
|
|t:|1659382151
|move|p2a: Chansey|Seismic Toss|p1a: Slowbro
|-damage|p1a: Slowbro|75/100
|move|p1a: Slowbro|Calm Mind|p1a: Slowbro
|-boost|p1a: Slowbro|spa|1
|-boost|p1a: Slowbro|spd|1
|
|upkeep
|turn|14
|
|t:|1659382154
|move|p1a: Slowbro|Slack Off|p1a: Slowbro
|-heal|p1a: Slowbro|100/100
|move|p2a: Chansey|Teleport|p2a: Chansey
|inactive|pokemonisfun has 10 seconds left.
|
|t:|1659382163
|switch|p2a: Celesteela|Celesteela|100/100|[from]move: Teleport
|-damage|p2a: Celesteela|88/100|[from] Stealth Rock
|
|-heal|p2a: Celesteela|94/100|[from] item: Leftovers
|upkeep
|turn|15
|
|t:|1659382167
|switch|p2a: Chansey|Chansey, F|75/100
|-damage|p2a: Chansey|63/100|[from] Stealth Rock
|move|p1a: Slowbro|Flamethrower|p2a: Chansey
|-damage|p2a: Chansey|47/100
|
|upkeep
|turn|16
|
|t:|1659382169
|move|p2a: Chansey|Soft-Boiled|p2a: Chansey
|-heal|p2a: Chansey|97/100
|move|p1a: Slowbro|Calm Mind|p1a: Slowbro
|-boost|p1a: Slowbro|spa|1
|-boost|p1a: Slowbro|spd|1
|
|upkeep
|turn|17
|
|t:|1659382172
|move|p2a: Chansey|Seismic Toss|p1a: Slowbro
|-damage|p1a: Slowbro|75/100
|move|p1a: Slowbro|Psyshock|p2a: Chansey
|-damage|p2a: Chansey|45/100
|
|upkeep
|turn|18
|
|t:|1659382174
|move|p2a: Chansey|Soft-Boiled|p2a: Chansey
|-heal|p2a: Chansey|95/100
|move|p1a: Slowbro|Calm Mind|p1a: Slowbro
|-boost|p1a: Slowbro|spa|1
|-boost|p1a: Slowbro|spd|1
|
|upkeep
|turn|19
|
|t:|1659382179
|move|p1a: Slowbro|Psyshock|p2a: Chansey
|-damage|p2a: Chansey|30/100
|move|p2a: Chansey|Teleport|p2a: Chansey
|
|t:|1659382181
|switch|p2a: Zygarde|Zygarde-10%|100/100|[from]move: Teleport
|-damage|p2a: Zygarde|94/100|[from] Stealth Rock
|-ability|p2a: Zygarde|Aura Break
|
|upkeep
|turn|20
|
|t:|1659382183
|switch|p1a: Tangrowth|Tangrowth, M|100/100
|-damage|p1a: Tangrowth|88/100|[from] Stealth Rock
|move|p2a: Zygarde|Thousand Arrows|p1a: Tangrowth
|-resisted|p1a: Tangrowth
|-damage|p1a: Tangrowth|69/100
|
|upkeep
|turn|21
|inactive|pokemonisfun has 10 seconds left.
|
|t:|1659382190
|switch|p2a: Tangrowth|Tangrowth, F|100/100
|-damage|p2a: Tangrowth|88/100|[from] Stealth Rock
|move|p1a: Tangrowth|Knock Off|p2a: Tangrowth
|-damage|p2a: Tangrowth|73/100
|-enditem|p2a: Tangrowth|Assault Vest|[from] move: Knock Off|[of] p1a: Tangrowth
|
|upkeep
|turn|22
|inactive|Randomuser04 has 10 seconds left.
|
|t:|1659382196
|move|p2a: Tangrowth|Knock Off|p1a: Tangrowth
|-damage|p1a: Tangrowth|53/100
|-enditem|p1a: Tangrowth|Assault Vest|[from] move: Knock Off|[of] p2a: Tangrowth
|move|p1a: Tangrowth|Sludge Bomb|p2a: Tangrowth
|-supereffective|p2a: Tangrowth
|-damage|p2a: Tangrowth|30/100
|
|upkeep
|turn|23
|inactive|pokemonisfun has 10 seconds left.
|
|t:|1659382202
|switch|p2a: Salamence|Salamence, F|100/100
|-ability|p2a: Salamence|Intimidate|boost
|-unboost|p1a: Tangrowth|atk|1
|move|p1a: Tangrowth|Knock Off|p2a: Salamence
|-damage|p2a: Salamence|87/100
|-enditem|p2a: Salamence|Heavy-Duty Boots|[from] move: Knock Off|[of] p1a: Tangrowth
|
|upkeep
|turn|24
|inactive|pokemonisfun has 10 seconds left.
|
|t:|1659382208
|switch|p1a: Rotom|Rotom-Wash|100/100
|-damage|p1a: Rotom|88/100|[from] Stealth Rock
|move|p2a: Salamence|Dual Wingbeat|p1a: Rotom
|-resisted|p1a: Rotom
|-damage|p1a: Rotom|79/100
|-resisted|p1a: Rotom
|-damage|p1a: Rotom|70/100
|-hitcount|p1a: Rotom|2
|
|-heal|p1a: Rotom|76/100|[from] item: Leftovers
|upkeep
|turn|25
|inactive|pokemonisfun has 10 seconds left.
|
|t:|1659382218
|switch|p2a: Tangrowth|Tangrowth, F|63/100
|-damage|p2a: Tangrowth|50/100|[from] Stealth Rock
|move|p1a: Rotom|Volt Switch|p2a: Tangrowth
|-resisted|p2a: Tangrowth
|-damage|p2a: Tangrowth|39/100
|
|t:|1659382222
|switch|p1a: Togekiss|Togekiss, F|100/100|[from]move: Volt Switch
|
|upkeep
|turn|26
|
|t:|1659382224
|switch|p2a: Celesteela|Celesteela|94/100
|-damage|p2a: Celesteela|82/100|[from] Stealth Rock
|move|p1a: Togekiss|Thunder Wave|p2a: Celesteela
|-status|p2a: Celesteela|par
|
|-heal|p2a: Celesteela|88/100 par|[from] item: Leftovers
|upkeep
|turn|27
|inactive|pokemonisfun has 10 seconds left.
|
|t:|1659382229
|switch|p1a: Rotom|Rotom-Wash|76/100
|-damage|p1a: Rotom|64/100|[from] Stealth Rock
|move|p2a: Celesteela|Toxic|p1a: Rotom
|-status|p1a: Rotom|tox
|
|-heal|p1a: Rotom|70/100 tox|[from] item: Leftovers
|-heal|p2a: Celesteela|94/100 par|[from] item: Leftovers
|-damage|p1a: Rotom|64/100 tox|[from] psn
|upkeep
|turn|28
|inactive|Randomuser04 has 10 seconds left.
|inactive|pokemonisfun has 10 seconds left.
|
|t:|1659382235
|switch|p2a: Zygarde|Zygarde-10%|94/100
|-damage|p2a: Zygarde|88/100|[from] Stealth Rock
|-ability|p2a: Zygarde|Aura Break
|move|p1a: Rotom|Volt Switch|p2a: Zygarde
|-immune|p2a: Zygarde
|
|-heal|p1a: Rotom|70/100 tox|[from] item: Leftovers
|-damage|p1a: Rotom|58/100 tox|[from] psn
|upkeep
|turn|29
|
|t:|1659382240
|switch|p1a: Tangrowth|Tangrowth, M|86/100
|-damage|p1a: Tangrowth|74/100|[from] Stealth Rock
|move|p2a: Zygarde|Toxic|p1a: Tangrowth
|-status|p1a: Tangrowth|tox
|
|-damage|p1a: Tangrowth|67/100 tox|[from] psn
|upkeep
|turn|30
|
|t:|1659382245
|switch|p2a: Salamence|Salamence, F|87/100
|-damage|p2a: Salamence|62/100|[from] Stealth Rock
|-ability|p2a: Salamence|Intimidate|boost
|-unboost|p1a: Tangrowth|atk|1
|move|p1a: Tangrowth|Knock Off|p2a: Salamence
|-damage|p2a: Salamence|53/100
|
|-damage|p1a: Tangrowth|55/100 tox|[from] psn
|upkeep
|turn|31
|
|t:|1659382248
|switch|p1a: Togekiss|Togekiss, F|100/100
|move|p2a: Salamence|Roost|p2a: Salamence
|-heal|p2a: Salamence|100/100
|-singleturn|p2a: Salamence|move: Roost
|
|upkeep
|turn|32
|
|t:|1659382250
|switch|p2a: Celesteela|Celesteela|94/100 par
|-damage|p2a: Celesteela|82/100 par|[from] Stealth Rock
|move|p1a: Togekiss|Nasty Plot|p1a: Togekiss
|-boost|p1a: Togekiss|spa|2
|
|-heal|p2a: Celesteela|88/100 par|[from] item: Leftovers
|upkeep
|turn|33
|
|t:|1659382254
|move|p1a: Togekiss|Air Slash|p2a: Celesteela
|-resisted|p2a: Celesteela
|-damage|p2a: Celesteela|65/100 par
|cant|p2a: Celesteela|flinch
|
|-heal|p2a: Celesteela|71/100 par|[from] item: Leftovers
|upkeep
|turn|34
|
|t:|1659382258
|move|p1a: Togekiss|Air Slash|p2a: Celesteela
|-resisted|p2a: Celesteela
|-damage|p2a: Celesteela|49/100 par
|cant|p2a: Celesteela|par
|
|-heal|p2a: Celesteela|55/100 par|[from] item: Leftovers
|upkeep
|turn|35
|
|t:|1659382260
|move|p1a: Togekiss|Air Slash|p2a: Celesteela
|-resisted|p2a: Celesteela
|-damage|p2a: Celesteela|35/100 par
|cant|p2a: Celesteela|flinch
|
|-heal|p2a: Celesteela|41/100 par|[from] item: Leftovers
|upkeep
|turn|36
|
|t:|1659382263
|move|p1a: Togekiss|Air Slash|p2a: Celesteela|[miss]
|-miss|p1a: Togekiss|p2a: Celesteela
|move|p2a: Celesteela|Heavy Slam|p1a: Togekiss
|-supereffective|p1a: Togekiss
|-crit|p1a: Togekiss
|-damage|p1a: Togekiss|0 fnt
|faint|p1a: Togekiss
|-ability|p2a: Celesteela|Beast Boost|boost
|-boost|p2a: Celesteela|def|1
|
|-heal|p2a: Celesteela|47/100 par|[from] item: Leftovers
|upkeep
|
|t:|1659382267
|switch|p1a: Zygarde|Zygarde-10%|100/100
|-damage|p1a: Zygarde|94/100|[from] Stealth Rock
|-ability|p1a: Zygarde|Aura Break
|turn|37
|inactive|pokemonisfun has 10 seconds left.
|
|t:|1659382276
|move|p1a: Zygarde|Toxic||[still]
|-fail|p1a: Zygarde
|move|p2a: Celesteela|Heavy Slam|p1a: Zygarde
|-damage|p1a: Zygarde|15/100
|
|-heal|p2a: Celesteela|53/100 par|[from] item: Leftovers
|upkeep
|turn|38
|c|☆Randomuser04|thats rude
|
|t:|1659382281
|switch|p1a: Rotom|Rotom-Wash|58/100 tox
|-damage|p1a: Rotom|45/100 tox|[from] Stealth Rock
|move|p2a: Celesteela|Leech Seed|p1a: Rotom
|-start|p1a: Rotom|move: Leech Seed
|
|-heal|p1a: Rotom|51/100 tox|[from] item: Leftovers
|-heal|p2a: Celesteela|59/100 par|[from] item: Leftovers
|-damage|p1a: Rotom|39/100 tox|[from] Leech Seed|[of] p2a: Celesteela
|-heal|p2a: Celesteela|68/100 par|[silent]
|-damage|p1a: Rotom|33/100 tox|[from] psn
|upkeep
|turn|39
|j| pinorska
|inactive|pokemonisfun has 10 seconds left.
|
|t:|1659382288
|switch|p2a: Tangrowth|Tangrowth, F|72/100
|-damage|p2a: Tangrowth|60/100|[from] Stealth Rock
|move|p1a: Rotom|Hydro Pump|p2a: Tangrowth
|-resisted|p2a: Tangrowth
|-crit|p2a: Tangrowth
|-damage|p2a: Tangrowth|32/100
|
|-heal|p1a: Rotom|39/100 tox|[from] item: Leftovers
|-damage|p1a: Rotom|26/100 tox|[from] Leech Seed|[of] p2a: Tangrowth
|-heal|p2a: Tangrowth|41/100|[silent]
|-damage|p1a: Rotom|14/100 tox|[from] psn
|upkeep
|turn|40
|inactive|pokemonisfun has 10 seconds left.
|
|t:|1659382295
|move|p1a: Rotom|Hydro Pump|p2a: Tangrowth
|-resisted|p2a: Tangrowth
|-damage|p2a: Tangrowth|22/100
|move|p2a: Tangrowth|Earthquake|p1a: Rotom
|-immune|p1a: Rotom|[from] ability: Levitate
|
|-heal|p1a: Rotom|20/100 tox|[from] item: Leftovers
|-damage|p1a: Rotom|8/100 tox|[from] Leech Seed|[of] p2a: Tangrowth
|-heal|p2a: Tangrowth|31/100|[silent]
|-damage|p1a: Rotom|0 fnt|[from] psn
|faint|p1a: Rotom
|upkeep
|
|t:|1659382299
|switch|p1a: Slowbro|Slowbro-Galar, M|100/100
|-damage|p1a: Slowbro|88/100|[from] Stealth Rock
|turn|41
|inactive|pokemonisfun has 10 seconds left.
|
|t:|1659382304
|switch|p2a: Chansey|Chansey, F|30/100
|-damage|p2a: Chansey|18/100|[from] Stealth Rock
|move|p1a: Slowbro|Calm Mind|p1a: Slowbro
|-boost|p1a: Slowbro|spa|1
|-boost|p1a: Slowbro|spd|1
|
|upkeep
|turn|42
|
|t:|1659382307
|move|p2a: Chansey|Soft-Boiled|p2a: Chansey
|-heal|p2a: Chansey|68/100
|move|p1a: Slowbro|Calm Mind|p1a: Slowbro
|-boost|p1a: Slowbro|spa|1
|-boost|p1a: Slowbro|spd|1
|
|upkeep
|turn|43
|
|t:|1659382310
|move|p2a: Chansey|Seismic Toss|p1a: Slowbro
|-damage|p1a: Slowbro|62/100
|move|p1a: Slowbro|Slack Off|p1a: Slowbro
|-heal|p1a: Slowbro|100/100
|
|upkeep
|turn|44
|
|t:|1659382312
|move|p2a: Chansey|Seismic Toss|p1a: Slowbro
|-damage|p1a: Slowbro|75/100
|move|p1a: Slowbro|Calm Mind|p1a: Slowbro
|-boost|p1a: Slowbro|spa|1
|-boost|p1a: Slowbro|spd|1
|
|upkeep
|turn|45
|
|t:|1659382315
|move|p2a: Chansey|Soft-Boiled|p2a: Chansey
|-heal|p2a: Chansey|100/100
|move|p1a: Slowbro|Slack Off|p1a: Slowbro
|-heal|p1a: Slowbro|100/100
|
|upkeep
|turn|46
|
|t:|1659382318
|move|p2a: Chansey|Seismic Toss|p1a: Slowbro
|-damage|p1a: Slowbro|75/100
|move|p1a: Slowbro|Calm Mind|p1a: Slowbro
|-boost|p1a: Slowbro|spa|1
|-boost|p1a: Slowbro|spd|1
|
|upkeep
|turn|47
|
|t:|1659382321
|move|p2a: Chansey|Seismic Toss|p1a: Slowbro
|-damage|p1a: Slowbro|49/100
|move|p1a: Slowbro|Slack Off|p1a: Slowbro
|-heal|p1a: Slowbro|99/100
|
|upkeep
|turn|48
|
|t:|1659382324
|move|p2a: Chansey|Seismic Toss|p1a: Slowbro
|-damage|p1a: Slowbro|74/100
|move|p1a: Slowbro|Calm Mind|p1a: Slowbro
|-boost|p1a: Slowbro|spa|1
|-boost|p1a: Slowbro|spd|1
|
|upkeep
|turn|49
|
|t:|1659382327
|move|p2a: Chansey|Seismic Toss|p1a: Slowbro
|-damage|p1a: Slowbro|48/100
|move|p1a: Slowbro|Slack Off|p1a: Slowbro
|-heal|p1a: Slowbro|98/100
|
|upkeep
|turn|50
|
|t:|1659382330
|move|p2a: Chansey|Seismic Toss|p1a: Slowbro
|-damage|p1a: Slowbro|73/100
|move|p1a: Slowbro|Psyshock|p2a: Chansey
|-damage|p2a: Chansey|35/100
|
|upkeep
|turn|51
|
|t:|1659382333
|move|p2a: Chansey|Soft-Boiled|p2a: Chansey
|-heal|p2a: Chansey|85/100
|move|p1a: Slowbro|Psyshock|p2a: Chansey
|-damage|p2a: Chansey|27/100
|
|upkeep
|turn|52
|
|t:|1659382335
|move|p2a: Chansey|Soft-Boiled|p2a: Chansey
|-heal|p2a: Chansey|77/100
|move|p1a: Slowbro|Psyshock|p2a: Chansey
|-damage|p2a: Chansey|10/100
|
|upkeep
|turn|53
|
|t:|1659382338
|move|p2a: Chansey|Soft-Boiled|p2a: Chansey
|-heal|p2a: Chansey|60/100
|move|p1a: Slowbro|Psyshock|p2a: Chansey
|-damage|p2a: Chansey|3/100
|
|upkeep
|turn|54
|
|t:|1659382341
|move|p2a: Chansey|Seismic Toss|p1a: Slowbro
|-damage|p1a: Slowbro|47/100
|move|p1a: Slowbro|Psyshock|p2a: Chansey
|-damage|p2a: Chansey|0 fnt
|faint|p2a: Chansey
|
|upkeep
|
|t:|1659382344
|switch|p2a: Zygarde|Zygarde-10%|88/100
|-damage|p2a: Zygarde|82/100|[from] Stealth Rock
|-ability|p2a: Zygarde|Aura Break
|turn|55
|
|t:|1659382348
|switch|p1a: Tangrowth|Tangrowth, M|88/100 tox
|-damage|p1a: Tangrowth|76/100 tox|[from] Stealth Rock
|move|p2a: Zygarde|Thousand Arrows|p1a: Tangrowth
|-resisted|p1a: Tangrowth
|-damage|p1a: Tangrowth|56/100 tox
|
|-damage|p1a: Tangrowth|50/100 tox|[from] psn
|upkeep
|turn|56
|inactive|Randomuser04 has 10 seconds left.
|inactive|pokemonisfun has 10 seconds left.
|
|t:|1659382357
|switch|p2a: Salamence|Salamence, F|100/100
|-damage|p2a: Salamence|76/100|[from] Stealth Rock
|-ability|p2a: Salamence|Intimidate|boost
|-unboost|p1a: Tangrowth|atk|1
|switch|p1a: Slowbro|Slowbro-Galar, M|81/100
|-damage|p1a: Slowbro|68/100|[from] Stealth Rock
|
|upkeep
|turn|57
|inactive|pokemonisfun has 10 seconds left.
|
|t:|1659382363
|switch|p2a: Zygarde|Zygarde-10%|82/100
|-damage|p2a: Zygarde|76/100|[from] Stealth Rock
|-ability|p2a: Zygarde|Aura Break
|switch|p1a: Cobalion|Cobalion|54/100
|-damage|p1a: Cobalion|51/100|[from] Stealth Rock
|
|upkeep
|turn|58
|
|t:|1659382366
|switch|p1a: Tangrowth|Tangrowth, M|83/100 tox
|-damage|p1a: Tangrowth|71/100 tox|[from] Stealth Rock
|move|p2a: Zygarde|Thousand Arrows|p1a: Tangrowth
|-resisted|p1a: Tangrowth
|-damage|p1a: Tangrowth|52/100 tox
|
|-damage|p1a: Tangrowth|46/100 tox|[from] psn
|upkeep
|turn|59
|
|t:|1659382369
|switch|p2a: Conkeldurr|Conkeldurr, F|100/100
|-damage|p2a: Conkeldurr|94/100|[from] Stealth Rock
|switch|p1a: Zygarde|Zygarde-10%|15/100
|-damage|p1a: Zygarde|9/100|[from] Stealth Rock
|-ability|p1a: Zygarde|Aura Break
|
|-heal|p2a: Conkeldurr|100/100|[from] item: Leftovers
|upkeep
|turn|60
|
|t:|1659382373
|switch|p1a: Slowbro|Slowbro-Galar, M|100/100
|-damage|p1a: Slowbro|88/100|[from] Stealth Rock
|move|p2a: Conkeldurr|Mach Punch|p1a: Slowbro
|-resisted|p1a: Slowbro
|-damage|p1a: Slowbro|85/100
|
|upkeep
|turn|61
|inactive|pokemonisfun has 10 seconds left.
|
|t:|1659382381
|switch|p2a: Celesteela|Celesteela|68/100 par
|-damage|p2a: Celesteela|56/100 par|[from] Stealth Rock
|move|p1a: Slowbro|Calm Mind|p1a: Slowbro
|-boost|p1a: Slowbro|spa|1
|-boost|p1a: Slowbro|spd|1
|
|-heal|p2a: Celesteela|62/100 par|[from] item: Leftovers
|upkeep
|turn|62
|
|t:|1659382385
|move|p1a: Slowbro|Flamethrower|p2a: Celesteela
|-supereffective|p2a: Celesteela
|-damage|p2a: Celesteela|15/100 par
|move|p2a: Celesteela|Leech Seed|p1a: Slowbro
|-start|p1a: Slowbro|move: Leech Seed
|
|-heal|p2a: Celesteela|21/100 par|[from] item: Leftovers
|-damage|p1a: Slowbro|72/100|[from] Leech Seed|[of] p2a: Celesteela
|-heal|p2a: Celesteela|34/100 par|[silent]
|upkeep
|turn|63
|inactive|pokemonisfun has 10 seconds left.
|
|t:|1659382391
|switch|p2a: Conkeldurr|Conkeldurr, F|100/100
|-damage|p2a: Conkeldurr|94/100|[from] Stealth Rock
|move|p1a: Slowbro|Slack Off|p1a: Slowbro
|-heal|p1a: Slowbro|100/100
|
|-heal|p2a: Conkeldurr|100/100|[from] item: Leftovers
|-damage|p1a: Slowbro|88/100|[from] Leech Seed|[of] p2a: Conkeldurr
|upkeep
|turn|64
|
|t:|1659382396
|switch|p1a: Cobalion|Cobalion|51/100
|-damage|p1a: Cobalion|48/100|[from] Stealth Rock
|move|p2a: Conkeldurr|Bulk Up|p2a: Conkeldurr
|-boost|p2a: Conkeldurr|atk|1
|-boost|p2a: Conkeldurr|def|1
|
|upkeep
|turn|65
|
|t:|1659382400
|move|p1a: Cobalion|Close Combat|p2a: Conkeldurr
|-damage|p2a: Conkeldurr|67/100
|-unboost|p1a: Cobalion|def|1
|-unboost|p1a: Cobalion|spd|1
|move|p2a: Conkeldurr|Bulk Up|p2a: Conkeldurr
|-boost|p2a: Conkeldurr|atk|1
|-boost|p2a: Conkeldurr|def|1
|
|-heal|p2a: Conkeldurr|73/100|[from] item: Leftovers
|upkeep
|turn|66
|c|☆Randomuser04|gg
|c|☆pokemonisfun|gg
|inactive|Randomuser04 has 10 seconds left.
|inactive|pokemonisfun has 10 seconds left.
|-message|Randomuser04 forfeited.
|
|win|pokemonisfun
|n|☆Randomuser04|randomuser04
|n|☆pokemonisfun|pokemonisfun
|n| pinorska|pinorska
