|j|☆LeafSS
|j|☆Exi_Dudi
|t:|1664481318
|gametype|singles
|player|p1|LeafSS|101|1218
|player|p2|Exi_Dudi|doctor-gen8|1383
|teamsize|p1|6
|teamsize|p2|6
|gen|8
|tier|[Gen 8] UU
|rated|
|rule|Sleep Clause Mod: Limit one foe put to sleep
|rule|Species Clause: Limit one of each Pokémon
|rule|OHKO Clause: OHKO moves are banned
|rule|Evasion Items Clause: Evasion items are banned
|rule|Evasion Moves Clause: Evasion moves are banned
|rule|Endless Battle Clause: Forcing endless battles is banned
|rule|HP Percentage Mod: HP is shown in percentages
|rule|Dynamax Clause: You cannot dynamax
|clearpoke
|poke|p1|Nidoking, M|
|poke|p1|Thundurus-Therian, M|
|poke|p1|Cobalion|
|poke|p1|Mandibuzz, F|
|poke|p1|Primarina, F|
|poke|p1|Zarude-Dada|
|poke|p2|Virizion|
|poke|p2|Slowbro-Galar, F|
|poke|p2|Raikou|
|poke|p2|Hippowdon, M|
|poke|p2|Salamence, M|
|poke|p2|Primarina, M|
|teampreview
|c|☆LeafSS|hf
|
|t:|1664481330
|start
|switch|p1a: Thundurus|Thundurus-Therian, M|100/100
|switch|p2a: Hippowdon|Hippowdon, M|100/100
|-weather|Sandstorm|[from] ability: Sand Stream|[of] p2a: Hippowdon
|turn|1
|
|t:|1664481336
|move|p1a: Thundurus|Knock Off|p2a: Hippowdon
|-damage|p2a: Hippowdon|87/100
|-enditem|p2a: Hippowdon|Leftovers|[from] move: Knock Off|[of] p1a: Thundurus
|move|p2a: Hippowdon|Stealth Rock|p1a: Thundurus
|-sidestart|p1: LeafSS|move: Stealth Rock
|
|-weather|Sandstorm|[upkeep]
|-damage|p1a: Thundurus|94/100|[from] Sandstorm
|upkeep
|turn|2
|inactive|Battle timer is ON: inactive players will automatically lose when time's up. (requested by LeafSS)
|
|t:|1664481342
|switch|p1a: Mandibuzz|Mandibuzz, F|100/100
|move|p2a: Hippowdon|Toxic|p1a: Mandibuzz
|-status|p1a: Mandibuzz|tox
|
|-weather|Sandstorm|[upkeep]
|-damage|p1a: Mandibuzz|94/100 tox|[from] psn
|upkeep
|turn|3
|
|t:|1664481351
|switch|p2a: Slowbro|Slowbro-Galar, F|100/100
|move|p1a: Mandibuzz|Defog|p2a: Slowbro
|-unboost|p2a: Slowbro|evasion|1
|-sideend|p1: LeafSS|Stealth Rock|[from] move: Defog|[of] p1a: Mandibuzz
|
|-weather|Sandstorm|[upkeep]
|-damage|p2a: Slowbro|94/100|[from] Sandstorm
|-damage|p1a: Mandibuzz|82/100 tox|[from] psn
|upkeep
|turn|4
|
|t:|1664481355
|move|p1a: Mandibuzz|U-turn|p2a: Slowbro
|-damage|p2a: Slowbro|87/100
|
|t:|1664481367
|switch|p1a: Nidoking|Nidoking, M|100/100|[from]move: U-turn
|move|p2a: Slowbro|Calm Mind|p2a: Slowbro
|-boost|p2a: Slowbro|spa|1
|-boost|p2a: Slowbro|spd|1
|
|-weather|Sandstorm|[upkeep]
|-damage|p2a: Slowbro|81/100|[from] Sandstorm
|upkeep
|turn|5
|
|t:|1664481375
|switch|p2a: Salamence|Salamence, M|100/100
|-ability|p2a: Salamence|Intimidate|boost
|-unboost|p1a: Nidoking|atk|1
|move|p1a: Nidoking|Earth Power|p2a: Salamence
|-immune|p2a: Salamence
|
|-weather|none
|upkeep
|turn|6
|
|t:|1664481382
|switch|p1a: Primarina|Primarina, F|100/100
|switch|p2a: Primarina|Primarina, M|100/100
|
|upkeep
|turn|7
|j| BoomerNaturals
|
|t:|1664481391
|switch|p1a: Nidoking|Nidoking, M|100/100
|move|p2a: Primarina|Moonblast|p1a: Nidoking
|-resisted|p1a: Nidoking
|-damage|p1a: Nidoking|43/100
|
|upkeep
|turn|8
|
|t:|1664481402
|switch|p2a: Hippowdon|Hippowdon, M|87/100
|-weather|Sandstorm|[from] ability: Sand Stream|[of] p2a: Hippowdon
|move|p1a: Nidoking|Substitute|p1a: Nidoking
|-start|p1a: Nidoking|Substitute
|-damage|p1a: Nidoking|19/100
|
|-weather|Sandstorm|[upkeep]
|upkeep
|turn|9
|
|t:|1664481404
|move|p1a: Nidoking|Earth Power|p2a: Hippowdon
|-damage|p2a: Hippowdon|35/100
|move|p2a: Hippowdon|Earthquake|p1a: Nidoking
|-supereffective|p1a: Nidoking
|-end|p1a: Nidoking|Substitute
|
|-weather|Sandstorm|[upkeep]
|upkeep
|turn|10
|
|t:|1664481410
|switch|p2a: Salamence|Salamence, M|100/100
|-ability|p2a: Salamence|Intimidate|boost
|-unboost|p1a: Nidoking|atk|1
|move|p1a: Nidoking|Sludge Wave|p2a: Salamence
|-damage|p2a: Salamence|33/100
|
|-weather|Sandstorm|[upkeep]
|-damage|p2a: Salamence|27/100|[from] Sandstorm
|upkeep
|turn|11
|
|t:|1664481413
|switch|p1a: Primarina|Primarina, F|100/100
|switch|p2a: Primarina|Primarina, M|100/100
|
|-weather|Sandstorm|[upkeep]
|-damage|p2a: Primarina|95/100|[from] Sandstorm
|-damage|p1a: Primarina|94/100|[from] Sandstorm
|-heal|p1a: Primarina|100/100|[from] item: Leftovers
|upkeep
|turn|12
|
|t:|1664481425
|move|p2a: Primarina|Moonblast|p1a: Primarina
|-damage|p1a: Primarina|33/100
|-unboost|p1a: Primarina|spa|1
|move|p1a: Primarina|Moonblast|p2a: Primarina
|-damage|p2a: Primarina|65/100
|
|-weather|none
|-heal|p1a: Primarina|39/100|[from] item: Leftovers
|upkeep
|turn|13
|
|t:|1664481433
|move|p2a: Primarina|Moonblast|p1a: Primarina
|-damage|p1a: Primarina|0 fnt
|faint|p1a: Primarina
|
|upkeep
|
|t:|1664481434
|switch|p1a: Nidoking|Nidoking, M|19/100
|turn|14
|
|t:|1664481456
|switch|p2a: Virizion|Virizion|100/100
|move|p1a: Nidoking|Sludge Wave|p2a: Virizion
|-supereffective|p2a: Virizion
|-damage|p2a: Virizion|10/100
|
|-heal|p2a: Virizion|16/100|[from] item: Leftovers
|upkeep
|turn|15
|
|t:|1664481476
|switch|p1a: Mandibuzz|Mandibuzz, F|82/100 tox
|move|p2a: Virizion|Synthesis|p2a: Virizion
|-heal|p2a: Virizion|66/100
|
|-heal|p2a: Virizion|72/100|[from] item: Leftovers
|-damage|p1a: Mandibuzz|76/100 tox|[from] psn
|upkeep
|turn|16
|
|t:|1664481480
|switch|p2a: Raikou|Raikou|100/100
|move|p1a: Mandibuzz|U-turn|p2a: Raikou
|-damage|p2a: Raikou|86/100
|
|t:|1664481487
|switch|p1a: Thundurus|Thundurus-Therian, M|94/100|[from]move: U-turn
|
|upkeep
|turn|17
|
|t:|1664481490
|move|p2a: Raikou|Scald|p1a: Thundurus
|-damage|p1a: Thundurus|61/100
|-status|p1a: Thundurus|brn
|move|p1a: Thundurus|Knock Off|p2a: Raikou
|-damage|p2a: Raikou|71/100
|-enditem|p2a: Raikou|Heavy-Duty Boots|[from] move: Knock Off|[of] p1a: Thundurus
|
|-damage|p1a: Thundurus|55/100 brn|[from] brn
|upkeep
|turn|18
|
|t:|1664481502
|move|p2a: Raikou|Scald|p1a: Thundurus
|-damage|p1a: Thundurus|21/100 brn
|move|p1a: Thundurus|Psychic|p2a: Raikou
|-damage|p2a: Raikou|36/100
|
|-damage|p1a: Thundurus|15/100 brn|[from] brn
|upkeep
|turn|19
|
|t:|1664481508
|move|p2a: Raikou|Scald|p1a: Thundurus
|-damage|p1a: Thundurus|0 fnt
|faint|p1a: Thundurus
|
|upkeep
|
|t:|1664481513
|switch|p1a: Zarude|Zarude-Dada|100/100
|turn|20
|
|t:|1664481519
|switch|p2a: Virizion|Virizion|72/100
|move|p1a: Zarude|Darkest Lariat|p2a: Virizion
|-resisted|p2a: Virizion
|-damage|p2a: Virizion|56/100
|-ability|p2a: Virizion|Justified|boost
|-boost|p2a: Virizion|atk|1
|
|-heal|p2a: Virizion|62/100|[from] item: Leftovers
|upkeep
|turn|21
|
|t:|1664481529
|switch|p1a: Mandibuzz|Mandibuzz, F|76/100 tox
|move|p2a: Virizion|Synthesis|p2a: Virizion
|-heal|p2a: Virizion|100/100
|
|-damage|p1a: Mandibuzz|70/100 tox|[from] psn
|upkeep
|turn|22
|
|t:|1664481531
|move|p2a: Virizion|Calm Mind|p2a: Virizion
|-boost|p2a: Virizion|spa|1
|-boost|p2a: Virizion|spd|1
|move|p1a: Mandibuzz|U-turn|p2a: Virizion
|-damage|p2a: Virizion|91/100
|
|t:|1664481560
|switch|p1a: Nidoking|Nidoking, M|19/100|[from]move: U-turn
|
|-heal|p2a: Virizion|97/100|[from] item: Leftovers
|upkeep
|turn|23
|
|t:|1664481563
|move|p1a: Nidoking|Sludge Wave|p2a: Virizion
|-supereffective|p2a: Virizion
|-damage|p2a: Virizion|28/100
|move|p2a: Virizion|Giga Drain|p1a: Nidoking
|-damage|p1a: Nidoking|0 fnt
|-heal|p2a: Virizion|35/100|[from] drain|[of] p1a: Nidoking
|faint|p1a: Nidoking
|
|-heal|p2a: Virizion|41/100|[from] item: Leftovers
|upkeep
|
|t:|1664481566
|switch|p1a: Cobalion|Cobalion|100/100
|turn|24
|
|t:|1664481575
|switch|p2a: Slowbro|Slowbro-Galar, F|100/100
|move|p1a: Cobalion|Close Combat|p2a: Slowbro
|-resisted|p2a: Slowbro
|-damage|p2a: Slowbro|93/100
|-unboost|p1a: Cobalion|def|1
|-unboost|p1a: Cobalion|spd|1
|
|upkeep
|turn|25
|
|t:|1664481578
|move|p1a: Cobalion|Volt Switch|p2a: Slowbro
|-damage|p2a: Slowbro|79/100
|
|t:|1664481584
|switch|p1a: Mandibuzz|Mandibuzz, F|70/100 tox|[from]move: Volt Switch
|move|p2a: Slowbro|Scald|p1a: Mandibuzz
|-damage|p1a: Mandibuzz|53/100 tox
|
|-damage|p1a: Mandibuzz|47/100 tox|[from] psn
|upkeep
|turn|26
|
|t:|1664481588
|switch|p2a: Virizion|Virizion|41/100
|move|p1a: Mandibuzz|Roost|p1a: Mandibuzz
|-heal|p1a: Mandibuzz|97/100 tox
|-singleturn|p1a: Mandibuzz|move: Roost
|
|-heal|p2a: Virizion|48/100|[from] item: Leftovers
|-damage|p1a: Mandibuzz|85/100 tox|[from] psn
|upkeep
|turn|27
|
|t:|1664481592
|move|p2a: Virizion|Synthesis|p2a: Virizion
|-heal|p2a: Virizion|98/100
|move|p1a: Mandibuzz|U-turn|p2a: Virizion
|-damage|p2a: Virizion|88/100
|
|t:|1664481596
|switch|p1a: Cobalion|Cobalion|100/100|[from]move: U-turn
|
|-heal|p2a: Virizion|94/100|[from] item: Leftovers
|upkeep
|turn|28
|
|t:|1664481598
|switch|p2a: Slowbro|Slowbro-Galar, F|100/100
|move|p1a: Cobalion|Close Combat|p2a: Slowbro
|-resisted|p2a: Slowbro
|-damage|p2a: Slowbro|92/100
|-unboost|p1a: Cobalion|def|1
|-unboost|p1a: Cobalion|spd|1
|
|upkeep
|turn|29
|
|t:|1664481600
|move|p1a: Cobalion|Volt Switch|p2a: Slowbro
|-damage|p2a: Slowbro|78/100
|
|t:|1664481603
|switch|p1a: Mandibuzz|Mandibuzz, F|85/100 tox|[from]move: Volt Switch
|move|p2a: Slowbro|Calm Mind|p2a: Slowbro
|-boost|p2a: Slowbro|spa|1
|-boost|p2a: Slowbro|spd|1
|
|-damage|p1a: Mandibuzz|79/100 tox|[from] psn
|upkeep
|turn|30
|
|t:|1664481606
|move|p1a: Mandibuzz|Foul Play|p2a: Slowbro
|-supereffective|p2a: Slowbro
|-enditem|p2a: Slowbro|Colbur Berry|[eat]
|-enditem|p2a: Slowbro|Colbur Berry|[weaken]
|-damage|p2a: Slowbro|57/100
|move|p2a: Slowbro|Slack Off|p2a: Slowbro
|-heal|p2a: Slowbro|100/100
|
|-damage|p1a: Mandibuzz|67/100 tox|[from] psn
|upkeep
|turn|31
|
|t:|1664481611
|move|p1a: Mandibuzz|U-turn|p2a: Slowbro
|-damage|p2a: Slowbro|93/100
|
|t:|1664481615
|switch|p1a: Zarude|Zarude-Dada|100/100|[from]move: U-turn
|move|p2a: Slowbro|Calm Mind|p2a: Slowbro
|-boost|p2a: Slowbro|spa|1
|-boost|p2a: Slowbro|spd|1
|
|upkeep
|turn|32
|
|t:|1664481618
|move|p1a: Zarude|U-turn|p2a: Slowbro
|-damage|p2a: Slowbro|78/100
|
|t:|1664481620
|switch|p1a: Mandibuzz|Mandibuzz, F|67/100 tox|[from]move: U-turn
|move|p2a: Slowbro|Sludge Bomb|p1a: Mandibuzz
|-damage|p1a: Mandibuzz|18/100 tox
|
|-damage|p1a: Mandibuzz|11/100 tox|[from] psn
|upkeep
|turn|33
|
|t:|1664481623
|move|p1a: Mandibuzz|Foul Play|p2a: Slowbro
|-supereffective|p2a: Slowbro
|-damage|p2a: Slowbro|40/100
|move|p2a: Slowbro|Slack Off|p2a: Slowbro
|-heal|p2a: Slowbro|90/100
|
|-damage|p1a: Mandibuzz|0 fnt|[from] psn
|faint|p1a: Mandibuzz
|upkeep
|
|t:|1664481636
|switch|p1a: Zarude|Zarude-Dada|100/100
|turn|34
|
|t:|1664481640
|move|p1a: Zarude|Darkest Lariat|p2a: Slowbro
|-supereffective|p2a: Slowbro
|-damage|p2a: Slowbro|40/100
|move|p2a: Slowbro|Sludge Bomb|p1a: Zarude
|-supereffective|p1a: Zarude
|-damage|p1a: Zarude|0 fnt
|faint|p1a: Zarude
|
|upkeep
|
|t:|1664481645
|switch|p1a: Cobalion|Cobalion|100/100
|turn|35
|
|t:|1664481647
|move|p1a: Cobalion|Stone Edge|p2a: Slowbro
|-damage|p2a: Slowbro|22/100
|move|p2a: Slowbro|Scald|p1a: Cobalion
|-damage|p1a: Cobalion|53/100
|
|upkeep
|turn|36
|
|t:|1664481650
|move|p1a: Cobalion|Stone Edge|p2a: Slowbro
|-damage|p2a: Slowbro|4/100
|move|p2a: Slowbro|Scald|p1a: Cobalion
|-damage|p1a: Cobalion|2/100
|
|upkeep
|turn|37
|
|t:|1664481654
|move|p1a: Cobalion|Volt Switch|p2a: Slowbro
|-damage|p2a: Slowbro|0 fnt
|faint|p2a: Slowbro
|
|upkeep
|
|t:|1664481656
|switch|p2a: Raikou|Raikou|36/100
|turn|38
|
|t:|1664481657
|move|p2a: Raikou|Volt Switch|p1a: Cobalion
|-damage|p1a: Cobalion|0 fnt
|faint|p1a: Cobalion
|
|win|Exi_Dudi
|raw|LeafSS's rating: 1218 &rarr; <strong>1204</strong><br />(-14 for losing)
|raw|Exi_Dudi's rating: 1383 &rarr; <strong>1394</strong><br />(+11 for winning)
|l|☆LeafSS
|c|☆Exi_Dudi|GG
|c| BoomerNaturals|damn nice plays
||Ladder isn't responding, score probably updated but might not have (Request timeout).
