|html|<div class="broadcast-blue"><strong>[Gen 8] UU is currently suspecting Aegislash! For information on how to participate check out the <a href="https://www.smogon.com/forums/threads/np-ss-uu-stage-8-4-spellbound-aegislash-retest-victini-banned.3679677/">suspect thread</a>.</strong></div>
|j|☆LyFaX
|j|☆Moutemoute
|t:|1616282501
|player|p1|LyFaX|noland-gen3|
|player|p2|Moutemoute|#moutemoute|
|teamsize|p1|6
|teamsize|p2|6
|gametype|singles
|gen|8
|tier|[Gen 8] UU
|rated|Tournament battle
|clearpoke
|poke|p1|Kommo-o, M|
|poke|p1|Zeraora|
|poke|p1|Jirachi|
|poke|p1|Rotom-Wash|
|poke|p1|Skarmory, M|
|poke|p1|Tapu Bulu|
|poke|p2|Alakazam, F|
|poke|p2|Zeraora|
|poke|p2|Skarmory, M|
|poke|p2|Kommo-o, F|
|poke|p2|Krookodile, M|
|poke|p2|Hatterene, F|
|rule|Sleep Clause Mod: Limit one foe put to sleep
|rule|Species Clause: Limit one of each Pokémon
|rule|OHKO Clause: OHKO moves are banned
|rule|Evasion Moves Clause: Evasion moves are banned
|rule|Endless Battle Clause: Forcing endless battles is banned
|rule|HP Percentage Mod: HP is shown in percentages
|rule|Dynamax Clause: You cannot dynamax
|teampreview
|j| spikyshield4
|j| Prof.Otaku
|j| AzZoCcX
|c|☆LyFaX|hf
|c|☆Moutemoute|hf
|j| Draphirion
|
|t:|1616282532
|start
|switch|p1a: Kommo-o|Kommo-o, M|100/100
|switch|p2a: Zeraora|Zeraora|100/100
|turn|1
|
|t:|1616282538
|switch|p1a: Rotom|Rotom-Wash|100/100
|move|p2a: Zeraora|Volt Switch|p1a: Rotom
|-damage|p1a: Rotom|78/100
|
|t:|1616282540
|switch|p2a: Alakazam|Alakazam, F|100/100|[from]move: Volt Switch
|
|-heal|p1a: Rotom|84/100|[from] item: Leftovers
|upkeep
|turn|2
|
|t:|1616282550
|switch|p1a: Tapu Bulu|Tapu Bulu|100/100
|-fieldstart|move: Grassy Terrain|[from] ability: Grassy Surge|[of] p1a: Tapu Bulu
|move|p2a: Alakazam|Knock Off|p1a: Tapu Bulu
|-resisted|p1a: Tapu Bulu
|-damage|p1a: Tapu Bulu|94/100
|-enditem|p1a: Tapu Bulu|Leftovers|[from] move: Knock Off|[of] p2a: Alakazam
|
|-heal|p1a: Tapu Bulu|99/100|[from] Grassy Terrain
|upkeep
|turn|3
|j| pokemon vs you
|
|t:|1616282557
|switch|p2a: Skarmory|Skarmory, M|100/100
|move|p1a: Tapu Bulu|Horn Leech|p2a: Skarmory
|-resisted|p2a: Skarmory
|-damage|p2a: Skarmory|94/100
|-heal|p1a: Tapu Bulu|100/100|[from] drain|[of] p2a: Skarmory
|
|upkeep
|turn|4
|
|t:|1616282570
|switch|p1a: Kommo-o|Kommo-o, M|100/100
|move|p2a: Skarmory|Spikes|p1a: Kommo-o
|-sidestart|p1: LyFaX|Spikes
|
|upkeep
|turn|5
|
|t:|1616282574
|switch|p2a: Alakazam|Alakazam, F|100/100
|move|p1a: Kommo-o|Flamethrower|p2a: Alakazam
|-damage|p2a: Alakazam|41/100
|
|-heal|p2a: Alakazam|47/100|[from] Grassy Terrain
|upkeep
|turn|6
|
|t:|1616282582
|switch|p1a: Tapu Bulu|Tapu Bulu|100/100
|-damage|p1a: Tapu Bulu|88/100|[from] Spikes
|move|p2a: Alakazam|Shadow Ball|p1a: Tapu Bulu
|-damage|p1a: Tapu Bulu|62/100
|
|-heal|p2a: Alakazam|53/100|[from] Grassy Terrain
|-heal|p1a: Tapu Bulu|68/100|[from] Grassy Terrain
|-fieldend|move: Grassy Terrain
|upkeep
|turn|7
|
|t:|1616282587
|switch|p2a: Kommo-o|Kommo-o, F|100/100
|move|p1a: Tapu Bulu|Synthesis|p1a: Tapu Bulu
|-heal|p1a: Tapu Bulu|100/100
|
|upkeep
|turn|8
|j| JustFranco
|
|t:|1616282594
|switch|p1a: Rotom|Rotom-Wash|84/100
|move|p2a: Kommo-o|Stealth Rock|p1a: Rotom
|-sidestart|p1: LyFaX|move: Stealth Rock
|
|-heal|p1a: Rotom|90/100|[from] item: Leftovers
|upkeep
|turn|9
|
|t:|1616282597
|move|p1a: Rotom|Defog|p2a: Kommo-o
|-unboost|p2a: Kommo-o|evasion|1
|-sideend|p1: LyFaX|Spikes|[from] move: Defog|[of] p1a: Rotom
|-sideend|p1: LyFaX|Stealth Rock|[from] move: Defog|[of] p1a: Rotom
|move|p2a: Kommo-o|Toxic|p1a: Rotom|[miss]
|-miss|p2a: Kommo-o|p1a: Rotom
|
|-heal|p1a: Rotom|97/100|[from] item: Leftovers
|upkeep
|turn|10
|j| Carlito29
|
|t:|1616282602
|move|p1a: Rotom|Volt Switch|p2a: Kommo-o
|-resisted|p2a: Kommo-o
|-damage|p2a: Kommo-o|90/100
|
|t:|1616282605
|switch|p1a: Kommo-o|Kommo-o, M|100/100|[from]move: Volt Switch
|move|p2a: Kommo-o|Stealth Rock|p1a: Kommo-o
|-sidestart|p1: LyFaX|move: Stealth Rock
|
|-heal|p2a: Kommo-o|96/100|[from] item: Leftovers
|upkeep
|turn|11
|
|t:|1616282611
|switch|p2a: Hatterene|Hatterene, F|100/100
|move|p1a: Kommo-o|Clanging Scales|p2a: Hatterene
|-immune|p2a: Hatterene
|
|upkeep
|turn|12
|j| ShattereDarkrai
|
|t:|1616282616
|switch|p1a: Rotom|Rotom-Wash|97/100
|-damage|p1a: Rotom|84/100|[from] Stealth Rock
|move|p2a: Hatterene|Mystical Fire|p1a: Rotom
|-resisted|p1a: Rotom
|-damage|p1a: Rotom|72/100
|-unboost|p1a: Rotom|spa|1
|
|-heal|p1a: Rotom|78/100|[from] item: Leftovers
|upkeep
|turn|13
|
|t:|1616282622
|move|p1a: Rotom|Defog|p2a: Hatterene
|move|p2a: Hatterene|Defog|p1a: Rotom|[from]ability: Magic Bounce
|-unboost|p1a: Rotom|evasion|1
|-sideend|p1: LyFaX|Stealth Rock|[from] move: Defog|[of] p2a: Hatterene
|move|p2a: Hatterene|Psychic|p1a: Rotom
|-damage|p1a: Rotom|37/100
|
|-heal|p1a: Rotom|43/100|[from] item: Leftovers
|upkeep
|turn|14
|j|+Bandkrook
|
|t:|1616282630
|move|p1a: Rotom|Volt Switch|p2a: Hatterene
|-damage|p2a: Hatterene|83/100
|
|t:|1616282633
|switch|p1a: Jirachi|Jirachi|100/100|[from]move: Volt Switch
|move|p2a: Hatterene|Mystical Fire|p1a: Jirachi
|-supereffective|p1a: Jirachi
|-damage|p1a: Jirachi|52/100
|-unboost|p1a: Jirachi|spa|1
|
|-heal|p2a: Hatterene|89/100|[from] item: Leftovers
|upkeep
|turn|15
|
|t:|1616282640
|switch|p2a: Kommo-o|Kommo-o, F|96/100
|move|p1a: Jirachi|Trick|p2a: Kommo-o
|-activate|p1a: Jirachi|move: Trick|[of] p2a: Kommo-o
|-item|p2a: Kommo-o|Choice Scarf|[from] move: Trick
|-item|p1a: Jirachi|Leftovers|[from] move: Trick
|
|-heal|p1a: Jirachi|58/100|[from] item: Leftovers
|upkeep
|turn|16
|l| ShattereDarkrai
|
|t:|1616282647
|move|p2a: Kommo-o|Body Press|p1a: Jirachi
|-damage|p1a: Jirachi|14/100
|move|p1a: Jirachi|U-turn|p2a: Kommo-o
|-resisted|p2a: Kommo-o
|-damage|p2a: Kommo-o|90/100
|
|t:|1616282666
|switch|p1a: Kommo-o|Kommo-o, M|100/100|[from]move: U-turn
|
|upkeep
|turn|17
|l|+Bandkrook
|
|t:|1616282673
|switch|p2a: Hatterene|Hatterene, F|89/100
|move|p1a: Kommo-o|Boomburst|p2a: Hatterene
|-damage|p2a: Hatterene|25/100
|
|-heal|p2a: Hatterene|31/100|[from] item: Leftovers
|upkeep
|turn|18
|
|t:|1616282679
|switch|p2a: Skarmory|Skarmory, M|94/100
|move|p1a: Kommo-o|Boomburst|p2a: Skarmory
|-resisted|p2a: Skarmory
|-damage|p2a: Skarmory|55/100
|
|upkeep
|turn|19
|l| Carlito29
|j| SvartPest
|
|t:|1616282683
|switch|p1a: Rotom|Rotom-Wash|43/100
|move|p2a: Skarmory|Roost|p2a: Skarmory
|-heal|p2a: Skarmory|100/100
|-singleturn|p2a: Skarmory|move: Roost
|
|-heal|p1a: Rotom|50/100|[from] item: Leftovers
|upkeep
|turn|20
|
|t:|1616282687
|switch|p2a: Zeraora|Zeraora|100/100
|move|p1a: Rotom|Will-O-Wisp|p2a: Zeraora
|-status|p2a: Zeraora|brn
|
|-heal|p1a: Rotom|56/100|[from] item: Leftovers
|-damage|p2a: Zeraora|95/100 brn|[from] brn
|upkeep
|turn|21
|
|t:|1616282698
|move|p2a: Zeraora|Knock Off|p1a: Rotom
|-damage|p1a: Rotom|39/100
|-enditem|p1a: Rotom|Leftovers|[from] move: Knock Off|[of] p2a: Zeraora
|move|p1a: Rotom|Hydro Pump|p2a: Zeraora
|-damage|p2a: Zeraora|43/100 brn
|
|-damage|p2a: Zeraora|37/100 brn|[from] brn
|upkeep
|turn|22
|
|t:|1616282704
|move|p2a: Zeraora|Volt Switch|p1a: Rotom
|-damage|p1a: Rotom|14/100
|
|t:|1616282707
|switch|p2a: Kommo-o|Kommo-o, F|90/100|[from]move: Volt Switch
|move|p1a: Rotom|Hydro Pump|p2a: Kommo-o
|-resisted|p2a: Kommo-o
|-damage|p2a: Kommo-o|72/100
|
|upkeep
|turn|23
|
|t:|1616282711
|move|p2a: Kommo-o|Body Press|p1a: Rotom
|-damage|p1a: Rotom|0 fnt
|faint|p1a: Rotom
|
|upkeep
|j| voltoutouxd
|
|t:|1616282719
|switch|p1a: Kommo-o|Kommo-o, M|100/100
|turn|24
|
|t:|1616282725
|switch|p2a: Hatterene|Hatterene, F|31/100
|move|p1a: Kommo-o|Flamethrower|p2a: Hatterene
|-damage|p2a: Hatterene|0 fnt
|faint|p2a: Hatterene
|
|upkeep
|j| Crushy Soul
|
|t:|1616282729
|switch|p2a: Alakazam|Alakazam, F|53/100
|turn|25
|
|t:|1616282733
|switch|p1a: Tapu Bulu|Tapu Bulu|100/100
|-fieldstart|move: Grassy Terrain|[from] ability: Grassy Surge|[of] p1a: Tapu Bulu
|move|p2a: Alakazam|Psychic|p1a: Tapu Bulu
|-damage|p1a: Tapu Bulu|54/100
|
|-heal|p2a: Alakazam|59/100|[from] Grassy Terrain
|-heal|p1a: Tapu Bulu|60/100|[from] Grassy Terrain
|upkeep
|turn|26
|
|t:|1616282740
|switch|p2a: Skarmory|Skarmory, M|100/100
|switch|p1a: Kommo-o|Kommo-o, M|100/100
|
|upkeep
|turn|27
|
|t:|1616282752
|move|p1a: Kommo-o|Flamethrower|p2a: Skarmory
|-supereffective|p2a: Skarmory
|-ability|p2a: Skarmory|Sturdy
|-damage|p2a: Skarmory|1/100
|move|p2a: Skarmory|Spikes|p1a: Kommo-o
|-sidestart|p1: LyFaX|Spikes
|
|upkeep
|turn|28
|
|t:|1616282755
|switch|p2a: Kommo-o|Kommo-o, F|72/100
|move|p1a: Kommo-o|Flamethrower|p2a: Kommo-o
|-resisted|p2a: Kommo-o
|-damage|p2a: Kommo-o|53/100
|
|-heal|p2a: Kommo-o|59/100|[from] Grassy Terrain
|upkeep
|turn|29
|j| Mattakata
|
|t:|1616282768
|switch|p1a: Skarmory|Skarmory, M|100/100
|move|p2a: Kommo-o|Flamethrower|p1a: Skarmory
|-supereffective|p1a: Skarmory
|-damage|p1a: Skarmory|45/100
|
|-heal|p2a: Kommo-o|65/100|[from] Grassy Terrain
|-fieldend|move: Grassy Terrain
|upkeep
|turn|30
|
|t:|1616282774
|switch|p2a: Alakazam|Alakazam, F|59/100
|switch|p1a: Kommo-o|Kommo-o, M|100/100
|-damage|p1a: Kommo-o|88/100|[from] Spikes
|
|upkeep
|turn|31
|
|t:|1616282782
|switch|p1a: Jirachi|Jirachi|14/100
|-damage|p1a: Jirachi|1/100|[from] Spikes
|move|p2a: Alakazam|Psychic|p1a: Jirachi
|-resisted|p1a: Jirachi
|-damage|p1a: Jirachi|0 fnt
|faint|p1a: Jirachi
|
|upkeep
|
|t:|1616282783
|switch|p1a: Zeraora|Zeraora|100/100
|-damage|p1a: Zeraora|88/100|[from] Spikes
|turn|32
|
|t:|1616282792
|switch|p2a: Skarmory|Skarmory, M|1/100
|move|p1a: Zeraora|Play Rough|p2a: Skarmory
|-resisted|p2a: Skarmory
|-damage|p2a: Skarmory|0 fnt
|faint|p2a: Skarmory
|
|-heal|p1a: Zeraora|94/100|[from] item: Leftovers
|upkeep
|
|t:|1616282795
|switch|p2a: Krookodile|Krookodile, M|100/100
|-ability|p2a: Krookodile|Intimidate|boost
|-unboost|p1a: Zeraora|atk|1
|turn|33
|
|t:|1616282802
|switch|p1a: Tapu Bulu|Tapu Bulu|60/100
|-damage|p1a: Tapu Bulu|48/100|[from] Spikes
|-fieldstart|move: Grassy Terrain|[from] ability: Grassy Surge|[of] p1a: Tapu Bulu
|move|p2a: Krookodile|Earthquake|p1a: Tapu Bulu
|-resisted|p1a: Tapu Bulu
|-damage|p1a: Tapu Bulu|36/100
|
|-heal|p1a: Tapu Bulu|42/100|[from] Grassy Terrain
|upkeep
|turn|34
|
|t:|1616282811
|switch|p2a: Kommo-o|Kommo-o, F|65/100
|move|p1a: Tapu Bulu|Synthesis|p1a: Tapu Bulu
|-heal|p1a: Tapu Bulu|92/100
|
|-heal|p2a: Kommo-o|71/100|[from] Grassy Terrain
|-heal|p1a: Tapu Bulu|98/100|[from] Grassy Terrain
|upkeep
|turn|35
|
|t:|1616282819
|switch|p1a: Skarmory|Skarmory, M|45/100
|move|p2a: Kommo-o|Stealth Rock|p1a: Skarmory
|-sidestart|p1: LyFaX|move: Stealth Rock
|
|-heal|p2a: Kommo-o|78/100|[from] Grassy Terrain
|upkeep
|turn|36
|
|t:|1616282827
|switch|p2a: Zeraora|Zeraora|37/100 brn
|move|p1a: Skarmory|Spikes|p2a: Zeraora
|-sidestart|p2: Moutemoute|Spikes
|
|-heal|p2a: Zeraora|43/100 brn|[from] Grassy Terrain
|-damage|p2a: Zeraora|37/100 brn|[from] brn
|upkeep
|turn|37
|
|t:|1616282836
|move|p2a: Zeraora|Knock Off|p1a: Skarmory
|-damage|p1a: Skarmory|36/100
|-enditem|p1a: Skarmory|Safety Goggles|[from] move: Knock Off|[of] p2a: Zeraora
|move|p1a: Skarmory|Body Press|p2a: Zeraora
|-damage|p2a: Zeraora|0 fnt
|faint|p2a: Zeraora
|
|-fieldend|move: Grassy Terrain
|upkeep
|
|t:|1616282840
|switch|p2a: Alakazam|Alakazam, F|59/100
|turn|38
|
|t:|1616282846
|move|p2a: Alakazam|Shadow Ball|p1a: Skarmory
|-damage|p1a: Skarmory|0 fnt
|faint|p1a: Skarmory
|
|upkeep
|
|t:|1616282856
|switch|p1a: Zeraora|Zeraora|94/100
|-damage|p1a: Zeraora|82/100|[from] Spikes
|-damage|p1a: Zeraora|70/100|[from] Stealth Rock
|turn|39
|
|t:|1616282860
|switch|p2a: Krookodile|Krookodile, M|100/100
|-damage|p2a: Krookodile|88/100|[from] Spikes
|-ability|p2a: Krookodile|Intimidate|boost
|-unboost|p1a: Zeraora|atk|1
|move|p1a: Zeraora|Play Rough|p2a: Krookodile
|-supereffective|p2a: Krookodile
|-damage|p2a: Krookodile|36/100
|
|-heal|p1a: Zeraora|76/100|[from] item: Leftovers
|upkeep
|turn|40
|
|t:|1616282869
|switch|p1a: Tapu Bulu|Tapu Bulu|98/100
|-damage|p1a: Tapu Bulu|86/100|[from] Stealth Rock
|-damage|p1a: Tapu Bulu|73/100|[from] Spikes
|-fieldstart|move: Grassy Terrain|[from] ability: Grassy Surge|[of] p1a: Tapu Bulu
|move|p2a: Krookodile|Toxic|p1a: Tapu Bulu
|-status|p1a: Tapu Bulu|tox
|
|-heal|p2a: Krookodile|42/100|[from] Grassy Terrain
|-heal|p1a: Tapu Bulu|80/100 tox|[from] Grassy Terrain
|-damage|p1a: Tapu Bulu|73/100 tox|[from] psn
|upkeep
|turn|41
|
|t:|1616282873
|switch|p2a: Kommo-o|Kommo-o, F|78/100
|-damage|p2a: Kommo-o|65/100|[from] Spikes
|switch|p1a: Zeraora|Zeraora|76/100
|-damage|p1a: Zeraora|63/100|[from] Stealth Rock
|-damage|p1a: Zeraora|51/100|[from] Spikes
|
|-heal|p1a: Zeraora|57/100|[from] Grassy Terrain
|-heal|p1a: Zeraora|63/100|[from] item: Leftovers
|-heal|p2a: Kommo-o|71/100|[from] Grassy Terrain
|upkeep
|turn|42
|j| Yves Stone
|
|t:|1616282879
|move|p1a: Zeraora|Play Rough|p2a: Kommo-o
|-supereffective|p2a: Kommo-o
|-damage|p2a: Kommo-o|0 fnt
|faint|p2a: Kommo-o
|
|-heal|p1a: Zeraora|69/100|[from] Grassy Terrain
|-heal|p1a: Zeraora|75/100|[from] item: Leftovers
|upkeep
|
|t:|1616282884
|switch|p2a: Krookodile|Krookodile, M|42/100
|-damage|p2a: Krookodile|29/100|[from] Spikes
|-ability|p2a: Krookodile|Intimidate|boost
|-unboost|p1a: Zeraora|atk|1
|turn|43
|
|t:|1616282909
|move|p2a: Krookodile|Earthquake|p1a: Zeraora
|-supereffective|p1a: Zeraora
|-damage|p1a: Zeraora|12/100
|move|p1a: Zeraora|Play Rough|p2a: Krookodile
|-supereffective|p2a: Krookodile
|-damage|p2a: Krookodile|0 fnt
|faint|p2a: Krookodile
|
|-heal|p1a: Zeraora|18/100|[from] Grassy Terrain
|-heal|p1a: Zeraora|24/100|[from] item: Leftovers
|upkeep
|
|t:|1616282911
|switch|p2a: Alakazam|Alakazam, F|59/100
|turn|44
|-message|Moutemoute forfeited.
|
|win|LyFaX
|n|☆LyFaX|lyfax
|n|☆Moutemoute|moutemoute
|n| spikyshield4|spikyshield4
|n| Prof.Otaku|profotaku
|n| AzZoCcX|azzoccx
|n| Draphirion|draphirion
|n| pokemon vs you|pokemonvsyou
|n| JustFranco|justfranco
|n| SvartPest|svartpest
|n| voltoutouxd|voltoutouxd
|n| Crushy Soul|crushysoul
|n| Mattakata|mattakata
|n| Yves Stone|yvesstone
|l|☆Moutemoute
|c|☆LyFaX|gg
