|j|☆sengolord
|j|☆kindersurprise2 0
|t:|1663262869
|gametype|singles
|player|p1|sengolord|blue|1316
|player|p2|kindersurprise2 0|emmet|1438
|teamsize|p1|6
|teamsize|p2|6
|gen|8
|tier|[Gen 8] UU
|rated|
|rule|Sleep Clause Mod: Limit one foe put to sleep
|rule|Species Clause: Limit one of each Pokémon
|rule|OHKO Clause: OHKO moves are banned
|rule|Evasion Items Clause: Evasion items are banned
|rule|Evasion Moves Clause: Evasion moves are banned
|rule|Endless Battle Clause: Forcing endless battles is banned
|rule|HP Percentage Mod: HP is shown in percentages
|rule|Dynamax Clause: You cannot dynamax
|clearpoke
|poke|p1|Amoonguss, F|
|poke|p1|Chansey, F|
|poke|p1|Cobalion|
|poke|p1|Chandelure, M|
|poke|p1|Gyarados, F|
|poke|p1|Zygarde-10%|
|poke|p2|Slowbro-Galar, M|
|poke|p2|Mandibuzz, F|
|poke|p2|Rotom-Wash|
|poke|p2|Moltres|
|poke|p2|Hippowdon, F|
|poke|p2|Celesteela|
|teampreview
|inactive|Battle timer is ON: inactive players will automatically lose when time's up. (requested by sengolord)
|
|t:|1663262902
|start
|switch|p1a: Chandelure|Chandelure, M|100/100
|switch|p2a: Moltres|Moltres|100/100
|turn|1
|
|t:|1663262908
|move|p2a: Moltres|Scorching Sands|p1a: Chandelure
|-supereffective|p1a: Chandelure
|-damage|p1a: Chandelure|44/100
|move|p1a: Chandelure|Toxic|p2a: Moltres
|-status|p2a: Moltres|tox
|
|-damage|p2a: Moltres|94/100 tox|[from] psn
|upkeep
|turn|2
|
|t:|1663262913
|switch|p1a: Chansey|Chansey, F|100/100
|move|p2a: Moltres|U-turn|p1a: Chansey
|-damage|p1a: Chansey|92/100
|
|t:|1663262917
|switch|p2a: Mandibuzz|Mandibuzz, F|100/100|[from]move: U-turn
|
|upkeep
|turn|3
|
|t:|1663262921
|switch|p1a: Cobalion|Cobalion|100/100
|move|p2a: Mandibuzz|Knock Off|p1a: Cobalion
|-resisted|p1a: Cobalion
|-damage|p1a: Cobalion|91/100
|-damage|p2a: Mandibuzz|84/100|[from] item: Rocky Helmet|[of] p1a: Cobalion
|-ability|p1a: Cobalion|Justified|boost
|-boost|p1a: Cobalion|atk|1
|-enditem|p1a: Cobalion|Rocky Helmet|[from] move: Knock Off|[of] p2a: Mandibuzz
|
|upkeep
|turn|4
|
|t:|1663262925
|move|p1a: Cobalion|Stealth Rock|p2a: Mandibuzz
|-sidestart|p2: kindersurprise2 0|move: Stealth Rock
|move|p2a: Mandibuzz|U-turn|p1a: Cobalion
|-resisted|p1a: Cobalion
|-damage|p1a: Cobalion|89/100
|
|t:|1663262928
|switch|p2a: Hippowdon|Hippowdon, F|100/100|[from]move: U-turn
|-damage|p2a: Hippowdon|94/100|[from] Stealth Rock
|-weather|Sandstorm|[from] ability: Sand Stream|[of] p2a: Hippowdon
|
|-weather|Sandstorm|[upkeep]
|-heal|p2a: Hippowdon|100/100|[from] item: Leftovers
|upkeep
|turn|5
|
|t:|1663262934
|switch|p1a: Gyarados|Gyarados, F|100/100
|-ability|p1a: Gyarados|Intimidate|boost
|-unboost|p2a: Hippowdon|atk|1
|move|p2a: Hippowdon|Stealth Rock|p1a: Gyarados
|-sidestart|p1: sengolord|move: Stealth Rock
|
|-weather|Sandstorm|[upkeep]
|-damage|p1a: Gyarados|94/100|[from] Sandstorm
|upkeep
|turn|6
|
|t:|1663262939
|move|p1a: Gyarados|Dragon Dance|p1a: Gyarados
|-boost|p1a: Gyarados|atk|1
|-boost|p1a: Gyarados|spe|1
|move|p2a: Hippowdon|Toxic|p1a: Gyarados
|-status|p1a: Gyarados|tox
|
|-weather|Sandstorm|[upkeep]
|-damage|p1a: Gyarados|88/100 tox|[from] Sandstorm
|-damage|p1a: Gyarados|82/100 tox|[from] psn
|upkeep
|turn|7
|
|t:|1663262947
|switch|p2a: Slowbro|Slowbro-Galar, M|100/100
|-damage|p2a: Slowbro|88/100|[from] Stealth Rock
|move|p1a: Gyarados|Waterfall|p2a: Slowbro
|-damage|p2a: Slowbro|43/100
|
|-weather|Sandstorm|[upkeep]
|-damage|p1a: Gyarados|76/100 tox|[from] Sandstorm
|-damage|p2a: Slowbro|37/100|[from] Sandstorm
|-heal|p2a: Slowbro|43/100|[from] item: Black Sludge
|-damage|p1a: Gyarados|64/100 tox|[from] psn
|upkeep
|turn|8
|
|t:|1663262957
|switch|p2a: Rotom|Rotom-Wash|100/100
|-damage|p2a: Rotom|88/100|[from] Stealth Rock
|move|p1a: Gyarados|Waterfall|p2a: Rotom
|-resisted|p2a: Rotom
|-damage|p2a: Rotom|56/100
|
|-weather|none
|-damage|p1a: Gyarados|46/100 tox|[from] psn
|upkeep
|turn|9
|
|t:|1663262971
|switch|p2a: Mandibuzz|Mandibuzz, F|84/100
|move|p1a: Gyarados|Waterfall|p2a: Mandibuzz
|-damage|p2a: Mandibuzz|45/100
|
|-damage|p1a: Gyarados|22/100 tox|[from] psn
|upkeep
|turn|10
|
|t:|1663262980
|switch|p2a: Slowbro|Slowbro-Galar, M|76/100
|-damage|p2a: Slowbro|64/100|[from] Stealth Rock
|move|p1a: Gyarados|Waterfall|p2a: Slowbro
|-damage|p2a: Slowbro|24/100
|
|-heal|p2a: Slowbro|30/100|[from] item: Black Sludge
|-damage|p1a: Gyarados|0 fnt|[from] psn
|faint|p1a: Gyarados
|upkeep
|
|t:|1663262995
|switch|p1a: Chandelure|Chandelure, M|44/100
|turn|11
|
|t:|1663263020
|switch|p2a: Moltres|Moltres|94/100 tox
|move|p1a: Chandelure|Shadow Ball|p2a: Moltres
|-damage|p2a: Moltres|42/100 tox
|
|-damage|p2a: Moltres|36/100 tox|[from] psn
|upkeep
|turn|12
|
|t:|1663263028
|switch|p1a: Chansey|Chansey, F|92/100
|-damage|p1a: Chansey|79/100|[from] Stealth Rock
|move|p2a: Moltres|Roost|p2a: Moltres
|-heal|p2a: Moltres|86/100 tox
|-singleturn|p2a: Moltres|move: Roost
|
|-damage|p2a: Moltres|74/100 tox|[from] psn
|upkeep
|turn|13
|
|t:|1663263034
|move|p2a: Moltres|U-turn|p1a: Chansey
|-damage|p1a: Chansey|70/100
|
|t:|1663263037
|switch|p2a: Rotom|Rotom-Wash|56/100|[from]move: U-turn
|-damage|p2a: Rotom|44/100|[from] Stealth Rock
|move|p1a: Chansey|Teleport|p1a: Chansey
|
|t:|1663263042
|switch|p1a: Zygarde|Zygarde-10%|100/100|[from]move: Teleport
|-damage|p1a: Zygarde|94/100|[from] Stealth Rock
|-ability|p1a: Zygarde|Aura Break
|
|upkeep
|turn|14
|
|t:|1663263050
|switch|p1a: Chandelure|Chandelure, M|44/100
|switch|p2a: Hippowdon|Hippowdon, F|100/100
|-damage|p2a: Hippowdon|94/100|[from] Stealth Rock
|-weather|Sandstorm|[from] ability: Sand Stream|[of] p2a: Hippowdon
|
|-weather|Sandstorm|[upkeep]
|-damage|p1a: Chandelure|38/100|[from] Sandstorm
|-heal|p2a: Hippowdon|100/100|[from] item: Leftovers
|upkeep
|turn|15
|
|t:|1663263061
|switch|p2a: Moltres|Moltres|74/100 tox
|move|p1a: Chandelure|Energy Ball|p2a: Moltres
|-resisted|p2a: Moltres
|-damage|p2a: Moltres|65/100 tox
|
|-weather|Sandstorm|[upkeep]
|-damage|p2a: Moltres|59/100 tox|[from] Sandstorm
|-damage|p1a: Chandelure|32/100|[from] Sandstorm
|-damage|p2a: Moltres|52/100 tox|[from] psn
|upkeep
|turn|16
|
|t:|1663263072
|move|p2a: Moltres|Scorching Sands|p1a: Chandelure
|-supereffective|p1a: Chandelure
|-damage|p1a: Chandelure|0 fnt
|faint|p1a: Chandelure
|
|-weather|Sandstorm|[upkeep]
|-damage|p2a: Moltres|46/100 tox|[from] Sandstorm
|-damage|p2a: Moltres|34/100 tox|[from] psn
|upkeep
|
|t:|1663263085
|switch|p1a: Chansey|Chansey, F|70/100
|-damage|p1a: Chansey|58/100|[from] Stealth Rock
|turn|17
|
|t:|1663263092
|move|p2a: Moltres|Roost|p2a: Moltres
|-heal|p2a: Moltres|84/100 tox
|-singleturn|p2a: Moltres|move: Roost
|move|p1a: Chansey|Soft-Boiled|p1a: Chansey
|-heal|p1a: Chansey|100/100
|
|-weather|Sandstorm|[upkeep]
|-damage|p2a: Moltres|78/100 tox|[from] Sandstorm
|-damage|p1a: Chansey|94/100|[from] Sandstorm
|-damage|p2a: Moltres|60/100 tox|[from] psn
|upkeep
|turn|18
|
|t:|1663263099
|move|p2a: Moltres|U-turn|p1a: Chansey
|-damage|p1a: Chansey|85/100
|
|t:|1663263101
|switch|p2a: Rotom|Rotom-Wash|44/100|[from]move: U-turn
|-damage|p2a: Rotom|32/100|[from] Stealth Rock
|move|p1a: Chansey|Toxic|p2a: Rotom
|-status|p2a: Rotom|tox
|
|-weather|none
|-damage|p2a: Rotom|26/100 tox|[from] psn
|upkeep
|turn|19
|
|t:|1663263111
|switch|p1a: Zygarde|Zygarde-10%|94/100
|-damage|p1a: Zygarde|88/100|[from] Stealth Rock
|-ability|p1a: Zygarde|Aura Break
|move|p2a: Rotom|Trick|p1a: Zygarde
|-activate|p2a: Rotom|move: Trick|[of] p1a: Zygarde
|-item|p1a: Zygarde|Choice Scarf|[from] move: Trick
|-item|p2a: Rotom|Choice Band|[from] move: Trick
|
|-damage|p2a: Rotom|14/100 tox|[from] psn
|upkeep
|turn|20
|
|t:|1663263125
|switch|p2a: Hippowdon|Hippowdon, F|100/100
|-damage|p2a: Hippowdon|94/100|[from] Stealth Rock
|-weather|Sandstorm|[from] ability: Sand Stream|[of] p2a: Hippowdon
|move|p1a: Zygarde|Thousand Arrows|p2a: Hippowdon
|-damage|p2a: Hippowdon|74/100
|
|-weather|Sandstorm|[upkeep]
|-heal|p2a: Hippowdon|80/100|[from] item: Leftovers
|upkeep
|turn|21
|
|t:|1663263134
|switch|p1a: Amoonguss|Amoonguss, F|100/100
|-damage|p1a: Amoonguss|88/100|[from] Stealth Rock
|move|p2a: Hippowdon|Earthquake|p1a: Amoonguss
|-damage|p1a: Amoonguss|62/100
|
|-weather|Sandstorm|[upkeep]
|-damage|p1a: Amoonguss|56/100|[from] Sandstorm
|-heal|p2a: Hippowdon|86/100|[from] item: Leftovers
|upkeep
|turn|22
|
|t:|1663263146
|switch|p2a: Mandibuzz|Mandibuzz, F|45/100
|move|p1a: Amoonguss|Spore|p2a: Mandibuzz
|-immune|p2a: Mandibuzz|[from] ability: Overcoat
|
|-weather|Sandstorm|[upkeep]
|-damage|p1a: Amoonguss|50/100|[from] Sandstorm
|upkeep
|turn|23
|
|t:|1663263156
|switch|p1a: Cobalion|Cobalion|89/100
|-damage|p1a: Cobalion|86/100|[from] Stealth Rock
|move|p2a: Mandibuzz|Roost|p2a: Mandibuzz
|-heal|p2a: Mandibuzz|95/100
|-singleturn|p2a: Mandibuzz|move: Roost
|
|-weather|Sandstorm|[upkeep]
|upkeep
|turn|24
|
|t:|1663263165
|switch|p1a: Chansey|Chansey, F|85/100
|-damage|p1a: Chansey|73/100|[from] Stealth Rock
|move|p2a: Mandibuzz|U-turn|p1a: Chansey
|-damage|p1a: Chansey|66/100
|
|t:|1663263176
|switch|p2a: Panda|Celesteela, shiny|100/100|[from]move: U-turn
|-damage|p2a: Panda|88/100|[from] Stealth Rock
|
|-weather|none
|upkeep
|turn|25
|
|t:|1663263183
|move|p2a: Panda|Autotomize|p2a: Panda
|-boost|p2a: Panda|spe|2
|-start|p2a: Panda|Autotomize
|move|p1a: Chansey|Soft-Boiled|p1a: Chansey
|-heal|p1a: Chansey|100/100
|
|upkeep
|turn|26
|
|t:|1663263188
|move|p2a: Panda|Meteor Beam||[still]
|-prepare|p2a: Panda|Meteor Beam
|-boost|p2a: Panda|spa|1
|-enditem|p2a: Panda|Power Herb
|-anim|p2a: Panda|Meteor Beam|p1a: Chansey
|-damage|p1a: Chansey|84/100
|move|p1a: Chansey|Seismic Toss|p2a: Panda
|-damage|p2a: Panda|58/100
|
|upkeep
|turn|27
|
|t:|1663263199
|move|p2a: Panda|Meteor Beam||[still]
|-prepare|p2a: Panda|Meteor Beam
|-boost|p2a: Panda|spa|1
|move|p1a: Chansey|Seismic Toss|p2a: Panda
|-damage|p2a: Panda|29/100
|
|upkeep
|turn|28
|
|t:|1663263207
|move|p2a: Panda|Meteor Beam|p1a: Chansey|[from]lockedmove|[miss]
|-miss|p2a: Panda|p1a: Chansey
|move|p1a: Chansey|Seismic Toss|p2a: Panda
|-damage|p2a: Panda|0 fnt
|faint|p2a: Panda
|
|upkeep
|
|t:|1663263212
|switch|p2a: Mandibuzz|Mandibuzz, F|95/100
|turn|29
|
|t:|1663263218
|move|p2a: Mandibuzz|Defog|p1a: Chansey
|-unboost|p1a: Chansey|evasion|1
|-sideend|p1: sengolord|Stealth Rock|[from] move: Defog|[of] p2a: Mandibuzz
|-sideend|p2: kindersurprise2 0|Stealth Rock|[from] move: Defog|[of] p2a: Mandibuzz
|move|p1a: Chansey|Toxic|p2a: Mandibuzz
|-status|p2a: Mandibuzz|tox
|
|-damage|p2a: Mandibuzz|89/100 tox|[from] psn
|upkeep
|turn|30
|
|t:|1663263226
|switch|p1a: Cobalion|Cobalion|86/100
|move|p2a: Mandibuzz|Knock Off|p1a: Cobalion
|-resisted|p1a: Cobalion
|-damage|p1a: Cobalion|79/100
|-ability|p1a: Cobalion|Justified|boost
|-boost|p1a: Cobalion|atk|1
|
|-damage|p2a: Mandibuzz|76/100 tox|[from] psn
|upkeep
|turn|31
|
|t:|1663263233
|switch|p2a: Slowbro|Slowbro-Galar, M|63/100
|move|p1a: Cobalion|Close Combat|p2a: Slowbro
|-resisted|p2a: Slowbro
|-damage|p2a: Slowbro|50/100
|-unboost|p1a: Cobalion|def|1
|-unboost|p1a: Cobalion|spd|1
|
|-heal|p2a: Slowbro|56/100|[from] item: Black Sludge
|upkeep
|turn|32
|
|t:|1663263239
|move|p1a: Cobalion|Iron Head|p2a: Slowbro
|-damage|p2a: Slowbro|20/100
|cant|p2a: Slowbro|flinch
|
|-heal|p2a: Slowbro|26/100|[from] item: Black Sludge
|upkeep
|turn|33
|
|t:|1663263249
|switch|p2a: Hippowdon|Hippowdon, F|86/100
|-weather|Sandstorm|[from] ability: Sand Stream|[of] p2a: Hippowdon
|move|p1a: Cobalion|Volt Switch|p2a: Hippowdon
|-immune|p2a: Hippowdon
|
|-weather|Sandstorm|[upkeep]
|-heal|p2a: Hippowdon|92/100|[from] item: Leftovers
|upkeep
|turn|34
|inactive|sengolord has 120 seconds left.
|
|t:|1663263288
|switch|p1a: Amoonguss|Amoonguss, F|83/100
|move|p2a: Hippowdon|Stealth Rock|p1a: Amoonguss
|-sidestart|p1: sengolord|move: Stealth Rock
|
|-weather|Sandstorm|[upkeep]
|-damage|p1a: Amoonguss|77/100|[from] Sandstorm
|-heal|p2a: Hippowdon|98/100|[from] item: Leftovers
|upkeep
|turn|35
|inactive|sengolord has 120 seconds left.
|
|t:|1663263302
|switch|p2a: Mandibuzz|Mandibuzz, F|76/100 tox
|switch|p1a: Chansey|Chansey, F|84/100
|-damage|p1a: Chansey|72/100|[from] Stealth Rock
|
|-weather|Sandstorm|[upkeep]
|-damage|p1a: Chansey|66/100|[from] Sandstorm
|-damage|p2a: Mandibuzz|70/100 tox|[from] psn
|upkeep
|turn|36
|
|t:|1663263307
|switch|p1a: Cobalion|Cobalion|79/100
|-damage|p1a: Cobalion|76/100|[from] Stealth Rock
|move|p2a: Mandibuzz|Knock Off|p1a: Cobalion
|-resisted|p1a: Cobalion
|-damage|p1a: Cobalion|69/100
|-ability|p1a: Cobalion|Justified|boost
|-boost|p1a: Cobalion|atk|1
|
|-weather|Sandstorm|[upkeep]
|-damage|p2a: Mandibuzz|58/100 tox|[from] psn
|upkeep
|turn|37
|
|t:|1663263315
|switch|p1a: Chansey|Chansey, F|66/100
|-damage|p1a: Chansey|53/100|[from] Stealth Rock
|switch|p2a: Hippowdon|Hippowdon, F|98/100
|
|-weather|none
|-heal|p2a: Hippowdon|100/100|[from] item: Leftovers
|upkeep
|turn|38
|
|t:|1663263323
|switch|p2a: Rotom|Rotom-Wash|14/100 tox
|move|p1a: Chansey|Soft-Boiled|p1a: Chansey
|-heal|p1a: Chansey|100/100
|
|-damage|p2a: Rotom|8/100 tox|[from] psn
|upkeep
|turn|39
|
|t:|1663263337
|switch|p1a: Zygarde|Zygarde-10%|88/100
|-damage|p1a: Zygarde|82/100|[from] Stealth Rock
|-ability|p1a: Zygarde|Aura Break
|move|p2a: Rotom|Will-O-Wisp|p1a: Zygarde
|-status|p1a: Zygarde|brn
|
|-damage|p2a: Rotom|0 fnt|[from] psn
|faint|p2a: Rotom
|-damage|p1a: Zygarde|76/100 brn|[from] brn
|upkeep
|
|t:|1663263350
|switch|p2a: Slowbro|Slowbro-Galar, M|59/100
|turn|40
|
|t:|1663263357
|switch|p2a: Hippowdon|Hippowdon, F|100/100
|-weather|Sandstorm|[from] ability: Sand Stream|[of] p2a: Hippowdon
|move|p1a: Zygarde|Extreme Speed|p2a: Hippowdon
|-damage|p2a: Hippowdon|95/100
|
|-weather|Sandstorm|[upkeep]
|-heal|p2a: Hippowdon|100/100|[from] item: Leftovers
|-damage|p1a: Zygarde|70/100 brn|[from] brn
|upkeep
|turn|41
|
|t:|1663263363
|switch|p1a: Chansey|Chansey, F|100/100
|-damage|p1a: Chansey|88/100|[from] Stealth Rock
|move|p2a: Hippowdon|Earthquake|p1a: Chansey
|-damage|p1a: Chansey|64/100
|
|-weather|Sandstorm|[upkeep]
|-damage|p1a: Chansey|58/100|[from] Sandstorm
|upkeep
|turn|42
|
|t:|1663263371
|switch|p2a: Slowbro|Slowbro-Galar, M|93/100
|move|p1a: Chansey|Soft-Boiled|p1a: Chansey
|-heal|p1a: Chansey|100/100
|
|-weather|Sandstorm|[upkeep]
|-damage|p1a: Chansey|94/100|[from] Sandstorm
|-damage|p2a: Slowbro|87/100|[from] Sandstorm
|-heal|p2a: Slowbro|93/100|[from] item: Black Sludge
|upkeep
|turn|43
|
|t:|1663263375
|move|p2a: Slowbro|Calm Mind|p2a: Slowbro
|-boost|p2a: Slowbro|spa|1
|-boost|p2a: Slowbro|spd|1
|move|p1a: Chansey|Teleport|p1a: Chansey
|
|t:|1663263399
|switch|p1a: Amoonguss|Amoonguss, F|100/100|[from]move: Teleport
|-damage|p1a: Amoonguss|88/100|[from] Stealth Rock
|
|-weather|Sandstorm|[upkeep]
|-damage|p2a: Slowbro|87/100|[from] Sandstorm
|-damage|p1a: Amoonguss|82/100|[from] Sandstorm
|-heal|p2a: Slowbro|93/100|[from] item: Black Sludge
|upkeep
|turn|44
|
|t:|1663263405
|move|p2a: Slowbro|Calm Mind|p2a: Slowbro
|-boost|p2a: Slowbro|spa|1
|-boost|p2a: Slowbro|spd|1
|move|p1a: Amoonguss|Spore|p2a: Slowbro
|-status|p2a: Slowbro|slp|[from] move: Spore
|
|-weather|none
|-heal|p2a: Slowbro|99/100 slp|[from] item: Black Sludge
|upkeep
|turn|45
|
|t:|1663263408
|switch|p1a: Zygarde|Zygarde-10%|70/100 brn
|-damage|p1a: Zygarde|64/100 brn|[from] Stealth Rock
|-ability|p1a: Zygarde|Aura Break
|cant|p2a: Slowbro|slp
|
|-heal|p2a: Slowbro|100/100 slp|[from] item: Black Sludge
|-damage|p1a: Zygarde|58/100 brn|[from] brn
|upkeep
|turn|46
|
|t:|1663263412
|move|p1a: Zygarde|Earthquake|p2a: Slowbro
|-supereffective|p2a: Slowbro
|-damage|p2a: Slowbro|70/100 slp
|cant|p2a: Slowbro|slp
|
|-heal|p2a: Slowbro|76/100 slp|[from] item: Black Sludge
|-damage|p1a: Zygarde|52/100 brn|[from] brn
|upkeep
|turn|47
|
|t:|1663263416
|move|p1a: Zygarde|Earthquake|p2a: Slowbro
|-supereffective|p2a: Slowbro
|-damage|p2a: Slowbro|46/100 slp
|-curestatus|p2a: Slowbro|slp|[msg]
|move|p2a: Slowbro|Slack Off|p2a: Slowbro
|-heal|p2a: Slowbro|96/100
|
|-heal|p2a: Slowbro|100/100|[from] item: Black Sludge
|-damage|p1a: Zygarde|46/100 brn|[from] brn
|upkeep
|turn|48
|
|t:|1663263421
|move|p1a: Zygarde|Earthquake|p2a: Slowbro
|-supereffective|p2a: Slowbro
|-damage|p2a: Slowbro|70/100
|move|p2a: Slowbro|Calm Mind|p2a: Slowbro
|-boost|p2a: Slowbro|spa|1
|-boost|p2a: Slowbro|spd|1
|
|-heal|p2a: Slowbro|76/100|[from] item: Black Sludge
|-damage|p1a: Zygarde|40/100 brn|[from] brn
|upkeep
|turn|49
|
|t:|1663263424
|move|p1a: Zygarde|Earthquake|p2a: Slowbro
|-supereffective|p2a: Slowbro
|-damage|p2a: Slowbro|42/100
|move|p2a: Slowbro|Slack Off|p2a: Slowbro
|-heal|p2a: Slowbro|92/100
|
|-heal|p2a: Slowbro|98/100|[from] item: Black Sludge
|-damage|p1a: Zygarde|34/100 brn|[from] brn
|upkeep
|turn|50
|
|t:|1663263426
|move|p1a: Zygarde|Earthquake|p2a: Slowbro
|-supereffective|p2a: Slowbro
|-damage|p2a: Slowbro|65/100
|move|p2a: Slowbro|Sludge Bomb|p1a: Zygarde
|-resisted|p1a: Zygarde
|-damage|p1a: Zygarde|0 fnt
|faint|p1a: Zygarde
|
|-heal|p2a: Slowbro|71/100|[from] item: Black Sludge
|upkeep
|-message|sengolord forfeited.
|
|win|kindersurprise2 0
|raw|sengolord's rating: 1316 &rarr; <strong>1303</strong><br />(-13 for losing)
|raw|kindersurprise2 0's rating: 1438 &rarr; <strong>1451</strong><br />(+13 for winning)
|l|☆sengolord
