|j|☆Earthquake_7
|j|☆DDD951
|t:|1665437316
|gametype|singles
|player|p1|Earthquake_7|brock|1444
|player|p2|DDD951|2|1579
|teamsize|p1|6
|teamsize|p2|6
|gen|8
|tier|[Gen 8] UU
|rated|
|rule|Sleep Clause Mod: Limit one foe put to sleep
|rule|Species Clause: Limit one of each Pokémon
|rule|OHKO Clause: OHKO moves are banned
|rule|Evasion Items Clause: Evasion items are banned
|rule|Evasion Moves Clause: Evasion moves are banned
|rule|Endless Battle Clause: Forcing endless battles is banned
|rule|HP Percentage Mod: HP is shown in percentages
|rule|Dynamax Clause: You cannot dynamax
|clearpoke
|poke|p1|Haxorus, F|
|poke|p1|Salamence, F|
|poke|p1|Scizor, F|
|poke|p1|Jirachi|
|poke|p1|Silvally-*|
|poke|p1|Metagross|
|poke|p2|Scizor, M|
|poke|p2|Gyarados, F|
|poke|p2|Regieleki|
|poke|p2|Hydreigon, M|
|poke|p2|Tangrowth, M|
|poke|p2|Mamoswine, F|
|teampreview
|inactive|Battle timer is ON: inactive players will automatically lose when time's up. (requested by Earthquake_7)
|
|t:|1665437333
|start
|switch|p1a: Jirachi|Jirachi|100/100
|switch|p2a: Regieleki|Regieleki|100/100
|turn|1
|
|t:|1665437343
|move|p2a: Regieleki|Volt Switch|p1a: Jirachi
|-damage|p1a: Jirachi|54/100
|
|t:|1665437348
|switch|p2a: Scizor|Scizor, M|100/100|[from]move: Volt Switch
|move|p1a: Jirachi|Body Slam|p2a: Scizor
|-resisted|p2a: Scizor
|-damage|p2a: Scizor|91/100
|
|-heal|p2a: Scizor|97/100|[from] item: Leftovers
|upkeep
|turn|2
|
|t:|1665437357
|switch|p1a: Silvally|Silvally|100/100
|move|p2a: Scizor|U-turn|p1a: Silvally
|-damage|p1a: Silvally|67/100
|
|t:|1665437367
|switch|p2a: Hydreigon|Hydreigon, M|100/100|[from]move: U-turn
|
|upkeep
|turn|3
|
|t:|1665437371
|move|p2a: Hydreigon|Dark Pulse|p1a: Silvally
|-damage|p1a: Silvally|0 fnt
|faint|p1a: Silvally
|
|upkeep
|
|t:|1665437387
|switch|p1a: Scizor|Scizor, F|100/100
|turn|4
|
|t:|1665437394
|switch|p2a: Scizor|Scizor, M|97/100
|move|p1a: Scizor|Swords Dance|p1a: Scizor
|-boost|p1a: Scizor|atk|2
|
|-heal|p2a: Scizor|100/100|[from] item: Leftovers
|upkeep
|turn|5
|
|t:|1665437406
|move|p2a: Scizor|U-turn|p1a: Scizor
|-resisted|p1a: Scizor
|-damage|p1a: Scizor|86/100
|
|t:|1665437411
|switch|p2a: Mamoswine|Mamoswine, F|100/100|[from]move: U-turn
|move|p1a: Scizor|Dual Wingbeat|p2a: Mamoswine
|-damage|p2a: Mamoswine|44/100
|-damage|p2a: Mamoswine|0 fnt
|faint|p2a: Mamoswine
|-hitcount|p2: Mamoswine|2
|
|upkeep
|j| Bloodylaw
|
|t:|1665437425
|switch|p2a: Hydreigon|Hydreigon, M|100/100
|turn|6
|
|t:|1665437427
|move|p1a: Scizor|Bullet Punch|p2a: Hydreigon
|-crit|p2a: Hydreigon
|-damage|p2a: Hydreigon|0 fnt
|faint|p2a: Hydreigon
|
|upkeep
|
|t:|1665437433
|switch|p2a: Regieleki|Regieleki|100/100
|turn|7
|
|t:|1665437440
|move|p2a: Regieleki|Electro Ball|p1a: Scizor
|-damage|p1a: Scizor|0 fnt
|faint|p1a: Scizor
|
|upkeep
|
|t:|1665437458
|switch|p1a: Jirachi|Jirachi|54/100
|turn|8
|
|t:|1665437471
|move|p2a: Regieleki|Volt Switch|p1a: Jirachi
|-damage|p1a: Jirachi|8/100
|
|t:|1665437476
|switch|p2a: Scizor|Scizor, M|100/100|[from]move: Volt Switch
|move|p1a: Jirachi|Stealth Rock|p2a: Scizor
|-sidestart|p2: DDD951|move: Stealth Rock
|
|upkeep
|turn|9
|
|t:|1665437482
|move|p1a: Jirachi|Stealth Rock||[still]
|-fail|p1a: Jirachi
|move|p2a: Scizor|Swords Dance|p2a: Scizor
|-boost|p2a: Scizor|atk|2
|
|upkeep
|turn|10
|
|t:|1665437488
|switch|p1a: Metagross|Metagross, shiny|100/100
|move|p2a: Scizor|Swords Dance|p2a: Scizor
|-boost|p2a: Scizor|atk|2
|
|upkeep
|turn|11
|
|t:|1665437494
|move|p1a: Metagross|Earthquake|p2a: Scizor
|-damage|p2a: Scizor|75/100
|move|p2a: Scizor|Swords Dance|p2a: Scizor
|-boost|p2a: Scizor|atk|2
|
|-heal|p2a: Scizor|81/100|[from] item: Leftovers
|upkeep
|turn|12
|
|t:|1665437501
|move|p2a: Scizor|Bullet Punch|p1a: Metagross
|-resisted|p1a: Metagross
|-damage|p1a: Metagross|51/100
|move|p1a: Metagross|Ice Punch|p2a: Scizor
|-resisted|p2a: Scizor
|-damage|p2a: Scizor|69/100
|
|-heal|p2a: Scizor|75/100|[from] item: Leftovers
|upkeep
|turn|13
|
|t:|1665437508
|move|p2a: Scizor|Bullet Punch|p1a: Metagross
|-resisted|p1a: Metagross
|-damage|p1a: Metagross|5/100
|move|p1a: Metagross|Earthquake|p2a: Scizor
|-damage|p2a: Scizor|49/100
|
|-heal|p2a: Scizor|55/100|[from] item: Leftovers
|upkeep
|turn|14
|
|t:|1665437515
|move|p1a: Metagross|Ice Punch|p2a: Scizor
|-resisted|p2a: Scizor
|-damage|p2a: Scizor|44/100
|move|p2a: Scizor|Roost|p2a: Scizor
|-heal|p2a: Scizor|94/100
|-singleturn|p2a: Scizor|move: Roost
|
|-heal|p2a: Scizor|100/100|[from] item: Leftovers
|upkeep
|turn|15
|-message|Earthquake_7 forfeited.
|
|win|DDD951
|raw|Earthquake_7's rating: 1444 &rarr; <strong>1431</strong><br />(-13 for losing)
|raw|DDD951's rating: 1579 &rarr; <strong>1592</strong><br />(+13 for winning)
|l|☆Earthquake_7
||Ladder isn't responding, score probably updated but might not have (Request timeout).
