|j|☆gijion chilli
|j|☆Mevard
|player|p1|gijion chilli|twins-gen4dp|1539
|player|p2|Mevard|169|1315
|teamsize|p1|6
|teamsize|p2|6
|gametype|singles
|gen|8
|tier|[Gen 8] UU
|rated|
|clearpoke
|poke|p1|Machamp, F|
|poke|p1|Weavile, M|
|poke|p1|Duraludon, M|
|poke|p1|Weezing-Galar, M|
|poke|p1|Doublade, M|
|poke|p1|Gardevoir, M|
|poke|p2|Haxorus, F|
|poke|p2|Araquanid, F|
|poke|p2|Corsola-Galar, F|
|poke|p2|Chandelure, F|
|poke|p2|Rhyperior, M|
|poke|p2|Roserade, M|
|rule|Sleep Clause Mod: Limit one foe put to sleep
|rule|Species Clause: Limit one of each Pokémon
|rule|OHKO Clause: OHKO moves are banned
|rule|Evasion Moves Clause: Evasion moves are banned
|rule|Endless Battle Clause: Forcing endless battles is banned
|rule|HP Percentage Mod: HP is shown in percentages
|rule|Dynamax Clause: You cannot dynamax
|teampreview
|
|start
|switch|p1a: Duraludon|Duraludon, M|100/100
|switch|p2a: Araquanid|Araquanid, F|100/100
|turn|1
|
|switch|p2a: Roserade|Roserade, M|100/100
|move|p1a: Duraludon|Stealth Rock|p2a: Roserade
|-sidestart|p2: Mevard|move: Stealth Rock
|
|upkeep
|turn|2
|
|move|p2a: Roserade|Toxic Spikes|p1a: Duraludon
|-sidestart|p1: gijion chilli|move: Toxic Spikes
|move|p1a: Duraludon|Flash Cannon|p2a: Roserade
|-damage|p2a: Roserade|59/100
|
|-heal|p2a: Roserade|66/100|[from] item: Leftovers
|upkeep
|turn|3
|
|move|p2a: Roserade|Synthesis|p2a: Roserade
|-heal|p2a: Roserade|100/100
|move|p1a: Duraludon|Thunder Wave|p2a: Roserade
|-status|p2a: Roserade|par
|
|upkeep
|turn|4
|
|move|p1a: Duraludon|Flash Cannon|p2a: Roserade
|-damage|p2a: Roserade|60/100 par
|move|p2a: Roserade|Spikes|p1a: Duraludon
|-sidestart|p1: gijion chilli|Spikes
|
|-heal|p2a: Roserade|66/100 par|[from] item: Leftovers
|upkeep
|turn|5
|
|switch|p2a: Corsola|Corsola-Galar, F|100/100
|-damage|p2a: Corsola|88/100|[from] Stealth Rock
|move|p1a: Duraludon|Flash Cannon|p2a: Corsola
|-damage|p2a: Corsola|69/100
|-unboost|p2a: Corsola|spd|1
|-start|p1a: Duraludon|Disable|Flash Cannon|[from] ability: Cursed Body|[of] p2a: Corsola
|
|upkeep
|turn|6
|j| Andresa<3
|
|move|p1a: Duraludon|Thunder Wave|p2a: Corsola
|-status|p2a: Corsola|par
|move|p2a: Corsola|Stealth Rock|p1a: Duraludon
|-sidestart|p1: gijion chilli|move: Stealth Rock
|
|upkeep
|turn|7
|
|move|p1a: Duraludon|Thunderbolt|p2a: Corsola
|-damage|p2a: Corsola|47/100 par
|move|p2a: Corsola|Will-O-Wisp|p1a: Duraludon
|-status|p1a: Duraludon|brn
|
|-damage|p1a: Duraludon|94/100 brn|[from] brn
|upkeep
|turn|8
|
|switch|p1a: Weezing|Weezing-Galar, M|100/100
|-damage|p1a: Weezing|88/100|[from] Stealth Rock
|move|p2a: Corsola|Strength Sap|p1a: Weezing
|-unboost|p1a: Weezing|atk|1
|-heal|p2a: Corsola|99/100 par
|
|-heal|p1a: Weezing|94/100|[from] item: Black Sludge
|upkeep
|turn|9
|
|switch|p2a: Roserade|Roserade, M|66/100
|-damage|p2a: Roserade|54/100|[from] Stealth Rock
|move|p1a: Weezing|Fire Blast|p2a: Roserade
|-supereffective|p2a: Roserade
|-damage|p2a: Roserade|0 fnt
|faint|p2a: Roserade
|
|-heal|p1a: Weezing|100/100|[from] item: Black Sludge
|upkeep
|
|switch|p2a: Chandelure|Chandelure, F|100/100
|-damage|p2a: Chandelure|76/100|[from] Stealth Rock
|turn|10
|
|move|p2a: Chandelure|Fire Blast|p1a: Weezing|[miss]
|-miss|p2a: Chandelure|p1a: Weezing
|move|p1a: Weezing|Toxic|p2a: Chandelure
|-status|p2a: Chandelure|tox
|
|-damage|p2a: Chandelure|69/100 tox|[from] psn
|upkeep
|turn|11
|
|switch|p1a: Duraludon|Duraludon, M|94/100 brn
|-damage|p1a: Duraludon|82/100 brn|[from] Spikes
|-damage|p1a: Duraludon|76/100 brn|[from] Stealth Rock
|move|p2a: Chandelure|Fire Blast|p1a: Duraludon
|-damage|p1a: Duraludon|0 fnt
|faint|p1a: Duraludon
|
|-damage|p2a: Chandelure|57/100 tox|[from] psn
|upkeep
|
|switch|p1a: Gardevoir|Gardevoir, M|100/100
|-status|p1a: Gardevoir|psn
|-damage|p1a: Gardevoir|88/100 psn|[from] Spikes
|-damage|p1a: Gardevoir|76/100 psn|[from] Stealth Rock
|-ability|p1a: Gardevoir|Infiltrator|[from] ability: Trace|[of] p2a: Chandelure
|turn|12
|
|switch|p2a: Araquanid|Araquanid, F|100/100
|-damage|p2a: Araquanid|76/100|[from] Stealth Rock
|move|p1a: Gardevoir|Psychic|p2a: Araquanid
|-damage|p2a: Araquanid|37/100
|
|-heal|p2a: Araquanid|43/100|[from] item: Leftovers
|-damage|p1a: Gardevoir|64/100 psn|[from] psn
|upkeep
|turn|13
|l| Andresa<3
|inactive|Battle timer is ON: inactive players will automatically lose when time's up. (requested by Mevard)
|
|switch|p1a: Weezing|Weezing-Galar, M|100/100
|-damage|p1a: Weezing|88/100|[from] Stealth Rock
|move|p2a: Araquanid|Sticky Web|p1a: Weezing
|-sidestart|p1: gijion chilli|move: Sticky Web
|
|-heal|p1a: Weezing|94/100|[from] item: Black Sludge
|-heal|p2a: Araquanid|49/100|[from] item: Leftovers
|upkeep
|turn|14
|
|switch|p2a: Chandelure|Chandelure, F|57/100 tox
|-damage|p2a: Chandelure|32/100 tox|[from] Stealth Rock
|move|p1a: Weezing|Strange Steam|p2a: Chandelure
|-resisted|p2a: Chandelure
|-damage|p2a: Chandelure|5/100 tox
|
|-heal|p1a: Weezing|100/100|[from] item: Black Sludge
|-damage|p2a: Chandelure|0 fnt|[from] psn
|faint|p2a: Chandelure
|upkeep
|
|switch|p2a: Haxorus|Haxorus, F|100/100
|-damage|p2a: Haxorus|88/100|[from] Stealth Rock
|-ability|p2a: Haxorus|Mold Breaker
|turn|15
|
|move|p2a: Haxorus|Earthquake|p1a: Weezing
|-supereffective|p1a: Weezing
|-damage|p1a: Weezing|23/100
|move|p1a: Weezing|Strange Steam|p2a: Haxorus
|-supereffective|p2a: Haxorus
|-damage|p2a: Haxorus|0 fnt
|faint|p2a: Haxorus
|
|-heal|p1a: Weezing|29/100|[from] item: Black Sludge
|upkeep
|
|switch|p2a: Rhyperior|Rhyperior, M|100/100
|-damage|p2a: Rhyperior|94/100|[from] Stealth Rock
|turn|16
|
|move|p1a: Weezing|Strange Steam|p2a: Rhyperior
|-damage|p2a: Rhyperior|60/100
|-start|p2a: Rhyperior|confusion
|-activate|p2a: Rhyperior|confusion
|move|p2a: Rhyperior|Stone Edge|p1a: Weezing
|-damage|p1a: Weezing|0 fnt
|faint|p1a: Weezing
|
|upkeep
|
|switch|p1a: Doublade|Doublade, M|100/100
|-damage|p1a: Doublade|94/100|[from] Stealth Rock
|-damage|p1a: Doublade|82/100|[from] Spikes
|-activate|p1a: Doublade|move: Sticky Web
|-unboost|p1a: Doublade|spe|1
|turn|17
|
|-activate|p2a: Rhyperior|confusion
|move|p2a: Rhyperior|Earthquake|p1a: Doublade
|-supereffective|p1a: Doublade
|-damage|p1a: Doublade|34/100
|move|p1a: Doublade|Iron Head|p2a: Rhyperior
|-supereffective|p2a: Rhyperior
|-damage|p2a: Rhyperior|30/100
|
|upkeep
|turn|18
|
|move|p1a: Doublade|Shadow Sneak|p2a: Rhyperior
|-damage|p2a: Rhyperior|21/100
|-activate|p2a: Rhyperior|confusion
|move|p2a: Rhyperior|Earthquake|p1a: Doublade
|-supereffective|p1a: Doublade
|-damage|p1a: Doublade|0 fnt
|faint|p1a: Doublade
|
|upkeep
|
|switch|p1a: Weavile|Weavile, M|100/100
|-activate|p1a: Weavile|move: Sticky Web
|-unboost|p1a: Weavile|spe|1
|-damage|p1a: Weavile|76/100|[from] Stealth Rock
|-damage|p1a: Weavile|63/100|[from] Spikes
|-status|p1a: Weavile|psn
|-ability|p1a: Weavile|Pressure
|turn|19
|
|move|p1a: Weavile|Knock Off|p2a: Rhyperior
|-damage|p2a: Rhyperior|0 fnt
|-enditem|p2a: Rhyperior|Assault Vest|[from] move: Knock Off|[of] p1a: Weavile
|-damage|p1a: Weavile|53/100 psn|[from] item: Life Orb
|faint|p2a: Rhyperior
|
|-damage|p1a: Weavile|41/100 psn|[from] psn
|upkeep
|
|switch|p2a: Araquanid|Araquanid, F|49/100
|-damage|p2a: Araquanid|24/100|[from] Stealth Rock
|turn|20
|
|move|p1a: Weavile|Knock Off|p2a: Araquanid
|-damage|p2a: Araquanid|0 fnt
|-enditem|p2a: Araquanid|Leftovers|[from] move: Knock Off|[of] p1a: Weavile
|-damage|p1a: Weavile|31/100 psn|[from] item: Life Orb
|faint|p2a: Araquanid
|
|-damage|p1a: Weavile|18/100 psn|[from] psn
|upkeep
|-message|Mevard forfeited.
|
|win|gijion chilli
|l|☆Mevard
|raw|gijion chilli's rating: 1539 &rarr; <strong>1548</strong><br />(+9 for winning)
|raw|Mevard's rating: 1315 &rarr; <strong>1306</strong><br />(-9 for losing)
