|j|☆papagoi19
|j|☆EliotEnRetar
|t:|1632587553
|gametype|singles
|player|p1|papagoi19|galacticgrunt|1535
|player|p2|EliotEnRetar|falkner|1636
|teamsize|p1|6
|teamsize|p2|6
|gen|8
|tier|[Gen 8] UU
|rated|
|rule|Sleep Clause Mod: Limit one foe put to sleep
|rule|Species Clause: Limit one of each Pokémon
|rule|OHKO Clause: OHKO moves are banned
|rule|Evasion Moves Clause: Evasion moves are banned
|rule|Endless Battle Clause: Forcing endless battles is banned
|rule|HP Percentage Mod: HP is shown in percentages
|rule|Dynamax Clause: You cannot dynamax
|clearpoke
|poke|p1|Kommo-o, M|
|poke|p1|Tangrowth, F|
|poke|p1|Nidoqueen, F|
|poke|p1|Azelf|
|poke|p1|Mamoswine, M|
|poke|p1|Rotom-Wash|
|poke|p2|Drapion, F|
|poke|p2|Talonflame, F|
|poke|p2|Rotom-Wash|
|poke|p2|Ribombee, F|
|poke|p2|Zygarde-10%|
|poke|p2|Conkeldurr, F|
|teampreview
|
|t:|1632587559
|start
|switch|p1a: Nidoqueen|Nidoqueen, F|100/100
|switch|p2a: BeeMovie|Ribombee, F|100/100
|turn|1
|
|t:|1632587562
|move|p2a: BeeMovie|Sticky Web|p1a: Nidoqueen
|-sidestart|p1: papagoi19|move: Sticky Web
|move|p1a: Nidoqueen|Sludge Wave|p2a: BeeMovie
|-supereffective|p2a: BeeMovie
|-enditem|p2a: BeeMovie|Focus Sash
|-damage|p2a: BeeMovie|1/100
|
|upkeep
|turn|2
|
|t:|1632587566
|switch|p2a: En Brrrrrr|Zygarde-10%|100/100
|-ability|p2a: En Brrrrrr|Aura Break
|move|p1a: Nidoqueen|Sludge Wave|p2a: En Brrrrrr
|-resisted|p2a: En Brrrrrr
|-damage|p2a: En Brrrrrr|45/100
|
|upkeep
|turn|3
|
|t:|1632587573
|move|p2a: En Brrrrrr|Outrage|p1a: Nidoqueen
|-damage|p1a: Nidoqueen|14/100
|move|p1a: Nidoqueen|Sludge Wave|p2a: En Brrrrrr
|-resisted|p2a: En Brrrrrr
|-damage|p2a: En Brrrrrr|0 fnt
|faint|p2a: En Brrrrrr
|
|upkeep
|
|t:|1632587585
|switch|p2a: Drrrrrrrascore|Drapion, F|100/100
|turn|4
|
|t:|1632587591
|move|p2a: Drrrrrrrascore|Swords Dance|p2a: Drrrrrrrascore
|-boost|p2a: Drrrrrrrascore|atk|2
|move|p1a: Nidoqueen|Sludge Wave|p2a: Drrrrrrrascore
|-resisted|p2a: Drrrrrrrascore
|-damage|p2a: Drrrrrrrascore|48/100
|
|upkeep
|turn|5
|
|t:|1632587594
|move|p2a: Drrrrrrrascore|Knock Off|p1a: Nidoqueen
|-damage|p1a: Nidoqueen|0 fnt
|-enditem|p1a: Nidoqueen|Choice Specs|[from] move: Knock Off|[of] p2a: Drrrrrrrascore
|faint|p1a: Nidoqueen
|-damage|p2a: Drrrrrrrascore|38/100|[from] item: Life Orb
|
|upkeep
|
|t:|1632587597
|switch|p1a: Mamoswine|Mamoswine, M|100/100
|-activate|p1a: Mamoswine|move: Sticky Web
|-unboost|p1a: Mamoswine|spe|1
|turn|6
|
|t:|1632587602
|move|p2a: Drrrrrrrascore|Aqua Tail|p1a: Mamoswine
|-supereffective|p1a: Mamoswine
|-enditem|p1a: Mamoswine|Focus Sash
|-damage|p1a: Mamoswine|1/100
|-damage|p2a: Drrrrrrrascore|28/100|[from] item: Life Orb
|move|p1a: Mamoswine|Stealth Rock|p2a: Drrrrrrrascore
|-sidestart|p2: EliotEnRetar|move: Stealth Rock
|
|upkeep
|turn|7
|
|t:|1632587609
|switch|p2a: CauetBurger|Rotom-Wash|100/100
|-damage|p2a: CauetBurger|88/100|[from] Stealth Rock
|move|p1a: Mamoswine|Ice Shard|p2a: CauetBurger
|-resisted|p2a: CauetBurger
|-damage|p2a: CauetBurger|79/100
|
|-heal|p2a: CauetBurger|86/100|[from] item: Leftovers
|upkeep
|turn|8
|
|t:|1632587614
|move|p2a: CauetBurger|Hydro Pump|p1a: Mamoswine
|-supereffective|p1a: Mamoswine
|-damage|p1a: Mamoswine|0 fnt
|faint|p1a: Mamoswine
|
|-heal|p2a: CauetBurger|92/100|[from] item: Leftovers
|upkeep
|
|t:|1632587620
|switch|p1a: Kommo-o|Kommo-o, M|100/100
|-activate|p1a: Kommo-o|move: Sticky Web
|-unboost|p1a: Kommo-o|spe|1
|turn|9
|
|t:|1632587624
|move|p2a: CauetBurger|Will-O-Wisp|p1a: Kommo-o
|-status|p1a: Kommo-o|brn
|move|p1a: Kommo-o|Substitute|p1a: Kommo-o
|-start|p1a: Kommo-o|Substitute
|-damage|p1a: Kommo-o|75/100 brn
|
|-heal|p2a: CauetBurger|98/100|[from] item: Leftovers
|-heal|p1a: Kommo-o|82/100 brn|[from] item: Leftovers
|-damage|p1a: Kommo-o|75/100 brn|[from] brn
|upkeep
|turn|10
|
|t:|1632587628
|move|p2a: CauetBurger|Hydro Pump|p1a: Kommo-o
|-resisted|p1a: Kommo-o
|-activate|p1a: Kommo-o|move: Substitute|[damage]
|move|p1a: Kommo-o|Bulk Up|p1a: Kommo-o
|-boost|p1a: Kommo-o|atk|1
|-boost|p1a: Kommo-o|def|1
|
|-heal|p2a: CauetBurger|100/100|[from] item: Leftovers
|-heal|p1a: Kommo-o|82/100 brn|[from] item: Leftovers
|-damage|p1a: Kommo-o|75/100 brn|[from] brn
|upkeep
|turn|11
|
|t:|1632587631
|move|p2a: CauetBurger|Volt Switch|p1a: Kommo-o
|-resisted|p1a: Kommo-o
|-end|p1a: Kommo-o|Substitute
|
|t:|1632587637
|switch|p2a: BizouJeManvol|Talonflame, F|100/100|[from]move: Volt Switch
|move|p1a: Kommo-o|Bulk Up|p1a: Kommo-o
|-boost|p1a: Kommo-o|atk|1
|-boost|p1a: Kommo-o|def|1
|
|-heal|p1a: Kommo-o|82/100 brn|[from] item: Leftovers
|-damage|p1a: Kommo-o|75/100 brn|[from] brn
|upkeep
|turn|12
|
|t:|1632587640
|move|p2a: BizouJeManvol|Brave Bird|p1a: Kommo-o
|-supereffective|p1a: Kommo-o
|-damage|p1a: Kommo-o|40/100 brn
|-damage|p2a: BizouJeManvol|88/100|[from] Recoil
|move|p1a: Kommo-o|Drain Punch|p2a: BizouJeManvol
|-resisted|p2a: BizouJeManvol
|-damage|p2a: BizouJeManvol|65/100
|-heal|p1a: Kommo-o|50/100 brn|[from] drain|[of] p2a: BizouJeManvol
|
|-heal|p1a: Kommo-o|57/100 brn|[from] item: Leftovers
|-damage|p1a: Kommo-o|50/100 brn|[from] brn
|upkeep
|turn|13
|
|t:|1632587654
|move|p2a: BizouJeManvol|Brave Bird|p1a: Kommo-o
|-supereffective|p1a: Kommo-o
|-damage|p1a: Kommo-o|10/100 brn
|-damage|p2a: BizouJeManvol|50/100|[from] Recoil
|move|p1a: Kommo-o|Drain Punch|p2a: BizouJeManvol
|-resisted|p2a: BizouJeManvol
|-damage|p2a: BizouJeManvol|28/100
|-heal|p1a: Kommo-o|19/100 brn|[from] drain|[of] p2a: BizouJeManvol
|
|-heal|p1a: Kommo-o|25/100 brn|[from] item: Leftovers
|-damage|p1a: Kommo-o|19/100 brn|[from] brn
|upkeep
|turn|14
|
|t:|1632587659
|move|p2a: BizouJeManvol|Brave Bird|p1a: Kommo-o
|-supereffective|p1a: Kommo-o
|-damage|p1a: Kommo-o|0 fnt
|faint|p1a: Kommo-o
|-damage|p2a: BizouJeManvol|22/100|[from] Recoil
|
|upkeep
|
|t:|1632587662
|switch|p1a: Azelf|Azelf|100/100
|turn|15
|
|t:|1632587666
|move|p1a: Azelf|Thunderbolt|p2a: BizouJeManvol
|-supereffective|p2a: BizouJeManvol
|-damage|p2a: BizouJeManvol|0 fnt
|faint|p2a: BizouJeManvol
|
|upkeep
|
|t:|1632587671
|switch|p2a: CauetBurger|Rotom-Wash|100/100
|-damage|p2a: CauetBurger|88/100|[from] Stealth Rock
|turn|16
|
|t:|1632587682
|switch|p1a: Rotom|Rotom-Wash|100/100
|move|p2a: CauetBurger|Defog|p1a: Rotom
|-unboost|p1a: Rotom|evasion|1
|-sideend|p1: papagoi19|Sticky Web|[from] move: Defog|[of] p2a: CauetBurger
|-sideend|p2: EliotEnRetar|Stealth Rock|[from] move: Defog|[of] p2a: CauetBurger
|
|-heal|p2a: CauetBurger|94/100|[from] item: Leftovers
|upkeep
|turn|17
|
|t:|1632587688
|move|p2a: CauetBurger|Volt Switch|p1a: Rotom
|-damage|p1a: Rotom|84/100
|
|t:|1632587690
|switch|p2a: Etchebest|Conkeldurr, F|100/100|[from]move: Volt Switch
|move|p1a: Rotom|Charge Beam|p2a: Etchebest
|-damage|p2a: Etchebest|73/100
|-boost|p1a: Rotom|spa|1
|
|-status|p2a: Etchebest|brn|[from] item: Flame Orb
|upkeep
|turn|18
|
|t:|1632587703
|move|p1a: Rotom|Hydro Pump|p2a: Etchebest
|-damage|p2a: Etchebest|0 fnt
|faint|p2a: Etchebest
|
|upkeep
|
|t:|1632587707
|switch|p2a: Drrrrrrrascore|Drapion, F|28/100
|turn|19
|
|t:|1632587710
|move|p2a: Drrrrrrrascore|Knock Off|p1a: Rotom
|-damage|p1a: Rotom|31/100
|-enditem|p1a: Rotom|Assault Vest|[from] move: Knock Off|[of] p2a: Drrrrrrrascore
|-damage|p2a: Drrrrrrrascore|18/100|[from] item: Life Orb
|move|p1a: Rotom|Thunderbolt|p2a: Drrrrrrrascore
|-damage|p2a: Drrrrrrrascore|0 fnt
|faint|p2a: Drrrrrrrascore
|
|upkeep
|
|t:|1632587715
|switch|p2a: BeeMovie|Ribombee, F|1/100
|turn|20
|
|t:|1632587722
|switch|p1a: Azelf|Azelf|100/100
|move|p2a: BeeMovie|Moonblast|p1a: Azelf
|-damage|p1a: Azelf|42/100
|
|upkeep
|turn|21
|
|t:|1632587727
|move|p1a: Azelf|Psychic|p2a: BeeMovie
|-damage|p2a: BeeMovie|0 fnt
|faint|p2a: BeeMovie
|
|upkeep
|
|t:|1632587730
|switch|p2a: CauetBurger|Rotom-Wash|94/100
|turn|22
|
|t:|1632587732
|move|p1a: Azelf|Psychic|p2a: CauetBurger
|-damage|p2a: CauetBurger|44/100
|move|p2a: CauetBurger|Volt Switch|p1a: Azelf
|-damage|p1a: Azelf|0 fnt
|faint|p1a: Azelf
|
|-heal|p2a: CauetBurger|50/100|[from] item: Leftovers
|upkeep
|
|t:|1632587735
|switch|p1a: Tangrowth|Tangrowth, F|100/100
|turn|23
|
|t:|1632587737
|move|p2a: CauetBurger|Will-O-Wisp|p1a: Tangrowth
|-status|p1a: Tangrowth|brn
|move|p1a: Tangrowth|Power Whip|p2a: CauetBurger
|-supereffective|p2a: CauetBurger
|-damage|p2a: CauetBurger|0 fnt
|faint|p2a: CauetBurger
|
|win|papagoi19
|raw|papagoi19's rating: 1535 &rarr; <strong>1561</strong><br />(+26 for winning)
|raw|EliotEnRetar's rating: 1636 &rarr; <strong>1610</strong><br />(-26 for losing)
|c|☆papagoi19|gg
|l|☆EliotEnRetar
||Ladder isn't responding, score probably updated but might not have (Request timeout).
