|html|<div class="broadcast-blue"><strong>[Gen 8] UU is currently suspecting Mienshao! For information on how to participate check out the <a href="https://www.smogon.com/forums/threads/np-ss-uu-stage-10-3-pumped-up-kicks.3694543/">suspect thread</a>.</strong></div>
|j|☆corey2
|j|☆kerorek
|t:|1639293784
|gametype|singles
|player|p1|corey2|veteran|1398
|player|p2|kerorek|lass-gen4dp|1437
|teamsize|p1|6
|teamsize|p2|6
|gen|8
|tier|[Gen 8] UU
|rated|
|rule|Sleep Clause Mod: Limit one foe put to sleep
|rule|Species Clause: Limit one of each Pokémon
|rule|OHKO Clause: OHKO moves are banned
|rule|Evasion Moves Clause: Evasion moves are banned
|rule|Endless Battle Clause: Forcing endless battles is banned
|rule|HP Percentage Mod: HP is shown in percentages
|rule|Dynamax Clause: You cannot dynamax
|clearpoke
|poke|p1|Keldeo-Resolute|
|poke|p1|Diggersby, F|
|poke|p1|Amoonguss, F|
|poke|p1|Jirachi|
|poke|p1|Salamence, M|
|poke|p1|Rotom-Heat|
|poke|p2|Crobat, F|
|poke|p2|Heliolisk, F|
|poke|p2|Hitmontop, M|
|poke|p2|Seaking, M|
|poke|p2|Avalugg, M|
|poke|p2|Mr. Mime-Galar, M|
|teampreview
|
|t:|1639293797
|start
|switch|p1a: Jirachi|Jirachi|100/100
|switch|p2a: Mr. Mime|Mr. Mime-Galar, M|100/100
|turn|1
|
|t:|1639293806
|move|p2a: Mr. Mime|Shadow Ball|p1a: Jirachi
|-supereffective|p1a: Jirachi
|-damage|p1a: Jirachi|46/100
|move|p1a: Jirachi|Trick|p2a: Mr. Mime
|-activate|p1a: Jirachi|move: Trick|[of] p2a: Mr. Mime
|-item|p2a: Mr. Mime|Choice Specs|[from] move: Trick
|-item|p1a: Jirachi|Choice Specs|[from] move: Trick
|
|upkeep
|turn|2
|
|t:|1639293812
|switch|p2a: Heliolisk|Heliolisk, F|100/100
|switch|p1a: Diggersby|Diggersby, F|100/100
|
|upkeep
|turn|3
|
|t:|1639293818
|switch|p2a: Crobat|Crobat, F|100/100
|move|p1a: Diggersby|U-turn|p2a: Crobat
|-resisted|p2a: Crobat
|-damage|p2a: Crobat|95/100
|
|t:|1639293820
|switch|p1a: Jirachi|Jirachi|46/100|[from]move: U-turn
|
|upkeep
|turn|4
|
|t:|1639293827
|switch|p2a: Seaking|Seaking, M, shiny|100/100
|move|p1a: Jirachi|Psyshock|p2a: Seaking
|-damage|p2a: Seaking|26/100
|
|-heal|p2a: Seaking|32/100|[from] item: Leftovers
|upkeep
|turn|5
|
|t:|1639293832
|switch|p2a: Avalugg|Avalugg, M|100/100
|move|p1a: Jirachi|Psyshock|p2a: Avalugg
|-damage|p2a: Avalugg|80/100
|
|upkeep
|turn|6
|
|t:|1639293835
|switch|p1a: Keldeo|Keldeo-Resolute|100/100
|move|p2a: Avalugg|Body Press|p1a: Keldeo
|-damage|p1a: Keldeo|53/100
|
|-heal|p1a: Keldeo|60/100|[from] item: Leftovers
|upkeep
|turn|7
|
|t:|1639293842
|switch|p2a: Heliolisk|Heliolisk, F|100/100
|move|p1a: Keldeo|Substitute|p1a: Keldeo
|-start|p1a: Keldeo|Substitute
|-damage|p1a: Keldeo|35/100
|
|-heal|p1a: Keldeo|41/100|[from] item: Leftovers
|upkeep
|turn|8
|
|t:|1639293851
|switch|p1a: Jirachi|Jirachi|46/100
|move|p2a: Heliolisk|Hyper Voice|p1a: Jirachi
|-resisted|p1a: Jirachi
|-damage|p1a: Jirachi|17/100
|
|upkeep
|turn|9
|
|t:|1639293856
|move|p2a: Heliolisk|Hyper Voice|p1a: Jirachi
|-resisted|p1a: Jirachi
|-damage|p1a: Jirachi|0 fnt
|faint|p1a: Jirachi
|
|upkeep
|
|t:|1639293859
|switch|p1a: Diggersby|Diggersby, F|100/100
|turn|10
|
|t:|1639293862
|switch|p2a: Crobat|Crobat, F|95/100
|move|p1a: Diggersby|U-turn|p2a: Crobat
|-resisted|p2a: Crobat
|-damage|p2a: Crobat|88/100
|
|t:|1639293869
|switch|p1a: Rotom|Rotom-Heat|100/100|[from]move: U-turn
|
|upkeep
|turn|11
|
|t:|1639293874
|move|p2a: Crobat|U-turn|p1a: Rotom
|-resisted|p1a: Rotom
|-damage|p1a: Rotom|91/100
|
|t:|1639293876
|switch|p2a: Seaking|Seaking, M, shiny|32/100|[from]move: U-turn
|move|p1a: Rotom|Overheat|p2a: Seaking
|-resisted|p2a: Seaking
|-damage|p2a: Seaking|6/100
|-unboost|p1a: Rotom|spa|2
|
|-heal|p2a: Seaking|12/100|[from] item: Leftovers
|upkeep
|turn|12
|
|t:|1639293885
|switch|p2a: Crobat|Crobat, F|88/100
|move|p1a: Rotom|Overheat|p2a: Crobat
|-damage|p2a: Crobat|50/100
|-unboost|p1a: Rotom|spa|2
|
|upkeep
|turn|13
|
|t:|1639293899
|move|p2a: Crobat|U-turn|p1a: Rotom
|-resisted|p1a: Rotom
|-crit|p1a: Rotom
|-damage|p1a: Rotom|76/100
|
|t:|1639293902
|switch|p2a: Seaking|Seaking, M, shiny|12/100|[from]move: U-turn
|move|p1a: Rotom|Volt Switch|p2a: Seaking
|-ability|p2a: Seaking|Lightning Rod|boost
|-boost|p2a: Seaking|spa|1
|
|-heal|p2a: Seaking|18/100|[from] item: Leftovers
|upkeep
|turn|14
|
|t:|1639293906
|switch|p1a: Salamence|Salamence, M|100/100
|-ability|p1a: Salamence|Intimidate|boost
|-unboost|p2a: Seaking|atk|1
|move|p2a: Seaking|Rest|p2a: Seaking
|-status|p2a: Seaking|slp|[from] move: Rest
|-heal|p2a: Seaking|100/100 slp|[silent]
|
|upkeep
|turn|15
|
|t:|1639293920
|switch|p2a: Avalugg|Avalugg, M|80/100
|move|p1a: Salamence|Dual Wingbeat|p2a: Avalugg
|-damage|p2a: Avalugg|71/100
|-damage|p2a: Avalugg|61/100
|-hitcount|p2a: Avalugg|2
|
|upkeep
|turn|16
|
|t:|1639293927
|switch|p1a: Amoonguss|Amoonguss, F|100/100
|move|p2a: Avalugg|Recover|p2a: Avalugg
|-heal|p2a: Avalugg|100/100
|
|upkeep
|turn|17
|
|t:|1639293933
|switch|p2a: Mr. Mime|Mr. Mime-Galar, M|100/100
|move|p1a: Amoonguss|Spore|p2a: Mr. Mime
|-immune|p2a: Mr. Mime|[from] ability: Vital Spirit
|
|upkeep
|turn|18
|
|t:|1639293946
|switch|p1a: Diggersby|Diggersby, F|100/100
|move|p2a: Mr. Mime|Psyshock|p1a: Diggersby
|-damage|p1a: Diggersby|34/100
|
|upkeep
|turn|19
|
|t:|1639293950
|switch|p2a: Crobat|Crobat, F|50/100
|move|p1a: Diggersby|U-turn|p2a: Crobat
|-resisted|p2a: Crobat
|-damage|p2a: Crobat|44/100
|
|t:|1639293966
|switch|p1a: Rotom|Rotom-Heat|76/100|[from]move: U-turn
|
|upkeep
|turn|20
|
|t:|1639293969
|move|p2a: Crobat|U-turn|p1a: Rotom
|-resisted|p1a: Rotom
|-damage|p1a: Rotom|66/100
|
|t:|1639293971
|switch|p2a: Seaking|Seaking, M, shiny|100/100 slp|[from]move: U-turn
|move|p1a: Rotom|Overheat|p2a: Seaking
|-resisted|p2a: Seaking
|-damage|p2a: Seaking|77/100 slp
|-unboost|p1a: Rotom|spa|2
|
|-heal|p2a: Seaking|83/100 slp|[from] item: Leftovers
|upkeep
|turn|21
|
|t:|1639293982
|switch|p1a: Amoonguss|Amoonguss, F|100/100
|cant|p2a: Seaking|slp
|move|p2a: Seaking|Sleep Talk|p2a: Seaking
|move|p2a: Seaking|Rest||[from]move: Sleep Talk|[still]
|-fail|p2a: Seaking
|
|-heal|p2a: Seaking|90/100 slp|[from] item: Leftovers
|upkeep
|turn|22
|
|t:|1639293989
|cant|p2a: Seaking|slp
|move|p2a: Seaking|Sleep Talk|p2a: Seaking
|move|p2a: Seaking|Rest||[from]move: Sleep Talk|[still]
|-fail|p2a: Seaking
|move|p1a: Amoonguss|Sludge Bomb|p2a: Seaking
|-damage|p2a: Seaking|58/100 slp
|
|-heal|p2a: Seaking|64/100 slp|[from] item: Leftovers
|upkeep
|turn|23
|
|t:|1639293994
|-curestatus|p2a: Seaking|slp|[msg]
|move|p2a: Seaking|Flip Turn|p1a: Amoonguss
|-resisted|p1a: Amoonguss
|-damage|p1a: Amoonguss|91/100
|-damage|p2a: Seaking|47/100|[from] item: Rocky Helmet|[of] p1a: Amoonguss
|
|t:|1639294001
|switch|p2a: Mr. Mime|Mr. Mime-Galar, M|100/100|[from]move: Flip Turn
|move|p1a: Amoonguss|Giga Drain|p2a: Mr. Mime
|-damage|p2a: Mr. Mime|49/100
|-heal|p1a: Amoonguss|100/100|[from] drain|[of] p2a: Mr. Mime
|
|upkeep
|turn|24
|
|t:|1639294014
|switch|p1a: Salamence|Salamence, M|100/100
|-ability|p1a: Salamence|Intimidate|boost
|-unboost|p2a: Mr. Mime|atk|1
|move|p2a: Mr. Mime|Ice Beam|p1a: Salamence
|-supereffective|p1a: Salamence
|-damage|p1a: Salamence|0 fnt
|faint|p1a: Salamence
|
|upkeep
|
|t:|1639294018
|switch|p1a: Diggersby|Diggersby, F|34/100
|turn|25
|
|t:|1639294024
|switch|p2a: Hitmontop|Hitmontop, M|100/100
|move|p1a: Diggersby|U-turn|p2a: Hitmontop
|-resisted|p2a: Hitmontop
|-damage|p2a: Hitmontop|78/100
|
|t:|1639294055
|switch|p1a: Amoonguss|Amoonguss, F|100/100|[from]move: U-turn
|
|upkeep
|turn|26
|
|t:|1639294061
|move|p2a: Hitmontop|Triple Axel|p1a: Amoonguss
|-supereffective|p1a: Amoonguss
|-damage|p1a: Amoonguss|70/100
|-damage|p2a: Hitmontop|61/100|[from] item: Rocky Helmet|[of] p1a: Amoonguss
|-supereffective|p1a: Amoonguss
|-damage|p1a: Amoonguss|11/100
|-damage|p2a: Hitmontop|45/100|[from] item: Rocky Helmet|[of] p1a: Amoonguss
|-supereffective|p1a: Amoonguss
|-damage|p1a: Amoonguss|0 fnt
|-damage|p2a: Hitmontop|28/100|[from] item: Rocky Helmet|[of] p1a: Amoonguss
|faint|p1a: Amoonguss
|-hitcount|p1: Amoonguss|3
|
|upkeep
|
|t:|1639294071
|switch|p1a: Keldeo|Keldeo-Resolute|41/100
|turn|27
|
|t:|1639294076
|switch|p2a: Mr. Mime|Mr. Mime-Galar, M|49/100
|move|p1a: Keldeo|Secret Sword|p2a: Mr. Mime
|-damage|p2a: Mr. Mime|0 fnt
|faint|p2a: Mr. Mime
|
|-heal|p1a: Keldeo|47/100|[from] item: Leftovers
|upkeep
|
|t:|1639294080
|switch|p2a: Heliolisk|Heliolisk, F|100/100
|turn|28
|
|t:|1639294084
|move|p2a: Heliolisk|Hyper Voice|p1a: Keldeo
|-damage|p1a: Keldeo|0 fnt
|faint|p1a: Keldeo
|
|upkeep
|
|t:|1639294086
|switch|p1a: Diggersby|Diggersby, F|34/100
|turn|29
|
|t:|1639294092
|switch|p2a: Avalugg|Avalugg, M|100/100
|move|p1a: Diggersby|Stone Edge|p2a: Avalugg
|-supereffective|p2a: Avalugg
|-damage|p2a: Avalugg|64/100
|
|upkeep
|turn|30
|
|t:|1639294101
|move|p1a: Diggersby|Stone Edge|p2a: Avalugg
|-supereffective|p2a: Avalugg
|-damage|p2a: Avalugg|28/100
|move|p2a: Avalugg|Recover|p2a: Avalugg
|-heal|p2a: Avalugg|78/100
|
|upkeep
|turn|31
|
|t:|1639294108
|switch|p1a: Rotom|Rotom-Heat|66/100
|move|p2a: Avalugg|Recover|p2a: Avalugg
|-heal|p2a: Avalugg|100/100
|
|upkeep
|turn|32
|
|t:|1639294117
|switch|p1a: Diggersby|Diggersby, F|34/100
|switch|p2a: Seaking|Seaking, M, shiny|47/100
|
|-heal|p2a: Seaking|54/100|[from] item: Leftovers
|upkeep
|turn|33
|
|t:|1639294120
|switch|p2a: Avalugg|Avalugg, M|100/100
|move|p1a: Diggersby|U-turn|p2a: Avalugg
|-damage|p2a: Avalugg|88/100
|
|t:|1639294122
|switch|p1a: Rotom|Rotom-Heat|66/100|[from]move: U-turn
|
|upkeep
|turn|34
|
|t:|1639294124
|switch|p2a: Seaking|Seaking, M, shiny|54/100
|move|p1a: Rotom|Overheat|p2a: Seaking
|-resisted|p2a: Seaking
|-damage|p2a: Seaking|30/100
|-unboost|p1a: Rotom|spa|2
|
|-heal|p2a: Seaking|36/100|[from] item: Leftovers
|upkeep
|turn|35
|
|t:|1639294128
|move|p1a: Rotom|Volt Switch|p2a: Seaking
|-ability|p2a: Seaking|Lightning Rod|boost
|-boost|p2a: Seaking|spa|1
|move|p2a: Seaking|Flip Turn|p1a: Rotom
|-supereffective|p1a: Rotom
|-damage|p1a: Rotom|15/100
|
|t:|1639294131
|switch|p2a: Heliolisk|Heliolisk, F|100/100|[from]move: Flip Turn
|
|upkeep
|turn|36
|-message|corey2 forfeited.
|
|win|kerorek
|raw|corey2's rating: 1398 &rarr; <strong>1380</strong><br />(-18 for losing)
|raw|kerorek's rating: 1437 &rarr; <strong>1455</strong><br />(+18 for winning)
|l|☆corey2
