|j|☆Queen of Bean ✿
|j|☆MegaTotomon
|t:|1665208933
|gametype|singles
|player|p1|Queen of Bean ✿|hexmaniac-gen6|
|player|p2|MegaTotomon|fantina|
|teamsize|p1|6
|teamsize|p2|6
|gen|8
|tier|[Gen 8] UU
|rated|Tournament battle
|rule|Sleep Clause Mod: Limit one foe put to sleep
|rule|Species Clause: Limit one of each Pokémon
|rule|OHKO Clause: OHKO moves are banned
|rule|Evasion Items Clause: Evasion items are banned
|rule|Evasion Moves Clause: Evasion moves are banned
|rule|Endless Battle Clause: Forcing endless battles is banned
|rule|HP Percentage Mod: HP is shown in percentages
|rule|Dynamax Clause: You cannot dynamax
|clearpoke
|poke|p1|Chansey, F|
|poke|p1|Nidoqueen, F|
|poke|p1|Conkeldurr, F|
|poke|p1|Salamence, M|
|poke|p1|Zarude|
|poke|p1|Scizor, F|
|poke|p2|Cobalion|
|poke|p2|Rotom-Wash|
|poke|p2|Hydreigon, M|
|poke|p2|Hatterene, F|
|poke|p2|Mamoswine, M|
|poke|p2|Amoonguss, M|
|teampreview
|c|☆MegaTotomon|shit
|c|☆Queen of Bean ✿|glhf :)
|c|☆MegaTotomon|u2
|c|☆Queen of Bean ✿|shit?
|j|%suloxiv@!
|c|☆Queen of Bean ✿|conk
|
|t:|1665208961
|start
|switch|p1a: Zarude|Zarude|100/100
|switch|p2a: Soos Amogus|Amoonguss, M|100/100
|turn|1
|
|t:|1665208967
|move|p1a: Zarude|U-turn|p2a: Soos Amogus
|-damage|p2a: Soos Amogus|83/100
|-damage|p1a: Zarude|84/100|[from] item: Rocky Helmet|[of] p2a: Soos Amogus
|
|t:|1665208975
|switch|p1a: Chansey|Chansey, F|100/100|[from]move: U-turn
|move|p2a: Soos Amogus|Spore|p1a: Chansey
|-status|p1a: Chansey|slp|[from] move: Spore
|
|upkeep
|turn|2
|
|t:|1665208983
|cant|p1a: Chansey|slp
|move|p2a: Soos Amogus|Spore|p1a: Chansey
|-fail|p1a: Chansey|slp
|
|upkeep
|turn|3
|
|t:|1665208995
|-curestatus|p1a: Chansey|slp|[from] ability: Natural Cure
|switch|p1a: Nidoqueen|Nidoqueen, F|100/100
|move|p2a: Soos Amogus|Seed Bomb|p1a: Nidoqueen
|-damage|p1a: Nidoqueen|77/100
|
|upkeep
|turn|4
|
|t:|1665209011
|switch|p2a: Hogwash|Rotom-Wash|100/100
|move|p1a: Nidoqueen|Stealth Rock|p2a: Hogwash
|-sidestart|p2: MegaTotomon|move: Stealth Rock
|
|upkeep
|turn|5
|
|t:|1665209022
|move|p2a: Hogwash|Defog|p1a: Nidoqueen
|-unboost|p1a: Nidoqueen|evasion|1
|-sideend|p2: MegaTotomon|Stealth Rock|[from] move: Defog|[of] p2a: Hogwash
|move|p1a: Nidoqueen|Sludge Wave|p2a: Hogwash
|-damage|p2a: Hogwash|32/100
|
|-heal|p2a: Hogwash|38/100|[from] item: Leftovers
|upkeep
|turn|6
|
|t:|1665209032
|switch|p1a: Chansey|Chansey, F|100/100
|move|p2a: Hogwash|Volt Switch|p1a: Chansey
|-damage|p1a: Chansey|93/100
|
|t:|1665209035
|switch|p2a: Horacio|Cobalion|100/100|[from]move: Volt Switch
|
|upkeep
|turn|7
|
|t:|1665209041
|switch|p1a: Salamence|Salamence, M|100/100
|-ability|p1a: Salamence|Intimidate|boost
|-unboost|p2a: Horacio|atk|1
|move|p2a: Horacio|Stealth Rock|p1a: Salamence
|-sidestart|p1: Queen of Bean ✿|move: Stealth Rock
|
|upkeep
|turn|8
|j|%Codename Rae
|
|t:|1665209057
|switch|p1a: Zarude|Zarude|84/100
|-damage|p1a: Zarude|72/100|[from] Stealth Rock
|move|p2a: Horacio|Toxic|p1a: Zarude
|-status|p1a: Zarude|tox
|
|-damage|p1a: Zarude|66/100 tox|[from] psn
|upkeep
|turn|9
|
|t:|1665209076
|switch|p2a: Soos Amogus|Amoonguss, M|100/100
|move|p1a: Zarude|U-turn|p2a: Soos Amogus
|-damage|p2a: Soos Amogus|83/100
|-damage|p1a: Zarude|49/100 tox|[from] item: Rocky Helmet|[of] p2a: Soos Amogus
|
|t:|1665209082
|switch|p1a: Nidoqueen|Nidoqueen, F|77/100|[from]move: U-turn
|-damage|p1a: Nidoqueen|71/100|[from] Stealth Rock
|
|upkeep
|turn|10
|
|t:|1665209086
|switch|p2a: Ricardo|Hydreigon, M|100/100
|move|p1a: Nidoqueen|Fire Blast|p2a: Ricardo
|-resisted|p2a: Ricardo
|-damage|p2a: Ricardo|75/100
|
|upkeep
|turn|11
|
|t:|1665209094
|move|p2a: Ricardo|Draco Meteor|p1a: Nidoqueen
|-damage|p1a: Nidoqueen|1/100
|-unboost|p2a: Ricardo|spa|2
|move|p1a: Nidoqueen|Stealth Rock|p2a: Ricardo
|-sidestart|p2: MegaTotomon|move: Stealth Rock
|
|upkeep
|turn|12
|
|t:|1665209110
|switch|p2a: Hogwash|Rotom-Wash|38/100
|-damage|p2a: Hogwash|26/100|[from] Stealth Rock
|move|p1a: Nidoqueen|Sludge Wave|p2a: Hogwash
|-damage|p2a: Hogwash|0 fnt
|faint|p2a: Hogwash
|
|upkeep
|
|t:|1665209124
|switch|p2a: Horacio|Cobalion|100/100
|-damage|p2a: Horacio|97/100|[from] Stealth Rock
|turn|13
|
|t:|1665209139
|switch|p1a: Salamence|Salamence, M|100/100
|-ability|p1a: Salamence|Intimidate|boost
|-unboost|p2a: Horacio|atk|1
|move|p2a: Horacio|Close Combat|p1a: Salamence
|-resisted|p1a: Salamence
|-damage|p1a: Salamence|87/100
|-unboost|p2a: Horacio|def|1
|-unboost|p2a: Horacio|spd|1
|
|upkeep
|turn|14
|
|t:|1665209158
|move|p2a: Horacio|Volt Switch|p1a: Salamence
|-damage|p1a: Salamence|73/100
|
|t:|1665209162
|switch|p2a: Hatterene|Hatterene, F|100/100|[from]move: Volt Switch
|-damage|p2a: Hatterene|88/100|[from] Stealth Rock
|move|p1a: Salamence|Flamethrower|p2a: Hatterene
|-damage|p2a: Hatterene|67/100
|
|-heal|p2a: Hatterene|73/100|[from] item: Leftovers
|upkeep
|turn|15
|
|t:|1665209180
|switch|p1a: Nidoqueen|Nidoqueen, F|1/100
|-damage|p1a: Nidoqueen|0 fnt|[from] Stealth Rock
|faint|p1a: Nidoqueen
|move|p2a: Hatterene|Calm Mind|p2a: Hatterene
|-boost|p2a: Hatterene|spa|1
|-boost|p2a: Hatterene|spd|1
|
|-heal|p2a: Hatterene|78/100|[from] item: Leftovers
|upkeep
|
|t:|1665209204
|switch|p1a: Chansey|Chansey, F|93/100
|-damage|p1a: Chansey|80/100|[from] Stealth Rock
|turn|16
|
|t:|1665209210
|move|p1a: Chansey|Seismic Toss|p2a: Hatterene
|-damage|p2a: Hatterene|47/100
|move|p2a: Hatterene|Calm Mind|p2a: Hatterene
|-boost|p2a: Hatterene|spa|1
|-boost|p2a: Hatterene|spd|1
|
|-heal|p2a: Hatterene|53/100|[from] item: Leftovers
|upkeep
|turn|17
|
|t:|1665209218
|move|p1a: Chansey|Seismic Toss|p2a: Hatterene
|-damage|p2a: Hatterene|22/100
|move|p2a: Hatterene|Draining Kiss|p1a: Chansey
|-damage|p1a: Chansey|66/100
|-heal|p2a: Hatterene|45/100|[from] drain|[of] p1a: Chansey
|
|-heal|p2a: Hatterene|51/100|[from] item: Leftovers
|upkeep
|turn|18
|
|t:|1665209226
|switch|p1a: Scizor|Scizor, F|100/100
|-damage|p1a: Scizor|88/100|[from] Stealth Rock
|move|p2a: Hatterene|Draining Kiss|p1a: Scizor
|-resisted|p1a: Scizor
|-damage|p1a: Scizor|63/100
|-heal|p2a: Hatterene|72/100|[from] drain|[of] p1a: Scizor
|
|-heal|p2a: Hatterene|78/100|[from] item: Leftovers
|upkeep
|turn|19
|
|t:|1665209242
|move|p1a: Scizor|Bullet Punch|p2a: Hatterene
|-supereffective|p2a: Hatterene
|-damage|p2a: Hatterene|32/100
|move|p2a: Hatterene|Draining Kiss|p1a: Scizor
|-resisted|p1a: Scizor
|-damage|p1a: Scizor|36/100
|-heal|p2a: Hatterene|54/100|[from] drain|[of] p1a: Scizor
|
|-heal|p2a: Hatterene|60/100|[from] item: Leftovers
|upkeep
|turn|20
|
|t:|1665209250
|switch|p2a: Horacio|Cobalion|97/100
|-damage|p2a: Horacio|94/100|[from] Stealth Rock
|move|p1a: Scizor|Bullet Punch|p2a: Horacio
|-resisted|p2a: Horacio
|-damage|p2a: Horacio|83/100
|
|upkeep
|turn|21
|
|t:|1665209270
|switch|p1a: Salamence|Salamence, M|73/100
|-ability|p1a: Salamence|Intimidate|boost
|-unboost|p2a: Horacio|atk|1
|move|p2a: Horacio|Close Combat|p1a: Salamence
|-resisted|p1a: Salamence
|-damage|p1a: Salamence|61/100
|-unboost|p2a: Horacio|def|1
|-unboost|p2a: Horacio|spd|1
|
|upkeep
|turn|22
|
|t:|1665209277
|move|p2a: Horacio|Volt Switch|p1a: Salamence
|-damage|p1a: Salamence|46/100
|
|t:|1665209279
|switch|p2a: Ricardo|Hydreigon, M|75/100|[from]move: Volt Switch
|-damage|p2a: Ricardo|62/100|[from] Stealth Rock
|move|p1a: Salamence|Defog|p2a: Ricardo
|-unboost|p2a: Ricardo|evasion|1
|-sideend|p2: MegaTotomon|Stealth Rock|[from] move: Defog|[of] p1a: Salamence
|-sideend|p1: Queen of Bean ✿|Stealth Rock|[from] move: Defog|[of] p1a: Salamence
|
|upkeep
|turn|23
|
|t:|1665209284
|switch|p1a: Chansey|Chansey, F|66/100
|move|p2a: Ricardo|U-turn|p1a: Chansey
|-damage|p1a: Chansey|56/100
|
|t:|1665209290
|switch|p2a: Horacio|Cobalion|83/100|[from]move: U-turn
|
|upkeep
|turn|24
|c|%suloxiv|why are these corp donkey nicks
|c|☆Queen of Bean ✿|its his team
|c|☆MegaTotomon|ummmmmmmmmm
|c|%suloxiv|oh
|
|t:|1665209310
|switch|p1a: Salamence|Salamence, M|46/100
|-ability|p1a: Salamence|Intimidate|boost
|-unboost|p2a: Horacio|atk|1
|move|p2a: Horacio|Stealth Rock|p1a: Salamence
|-sidestart|p1: Queen of Bean ✿|move: Stealth Rock
|
|upkeep
|turn|25
|c|%suloxiv|wheres the
|c|%suloxiv|hatt nick
|c|%suloxiv|thats so lame
|c|☆Queen of Bean ✿|nowhere
|c|☆MegaTotomon|hat has no nick rights
|c|%suloxiv|thats literally transphobia..
|c|☆Queen of Bean ✿|:P
|c|☆MegaTotomon|oml....
|
|t:|1665209351
|move|p2a: Horacio|Toxic|p1a: Salamence
|-status|p1a: Salamence|tox
|move|p1a: Salamence|Roost|p1a: Salamence
|-heal|p1a: Salamence|96/100 tox
|-singleturn|p1a: Salamence|move: Roost
|
|-damage|p1a: Salamence|90/100 tox|[from] psn
|upkeep
|turn|26
|
|t:|1665209359
|move|p2a: Horacio|Volt Switch|p1a: Salamence
|-damage|p1a: Salamence|75/100 tox
|
|t:|1665209361
|switch|p2a: Ricardo|Hydreigon, M|62/100|[from]move: Volt Switch
|move|p1a: Salamence|Defog|p2a: Ricardo
|-unboost|p2a: Ricardo|evasion|1
|-sideend|p1: Queen of Bean ✿|Stealth Rock|[from] move: Defog|[of] p1a: Salamence
|
|-damage|p1a: Salamence|63/100 tox|[from] psn
|upkeep
|turn|27
|
|t:|1665209369
|switch|p1a: Chansey|Chansey, F|56/100
|move|p2a: Ricardo|Draco Meteor|p1a: Chansey
|-damage|p1a: Chansey|35/100
|-unboost|p2a: Ricardo|spa|2
|
|upkeep
|turn|28
|
|t:|1665209381
|switch|p2a: Horacio|Cobalion|83/100
|move|p1a: Chansey|Wish|p1a: Chansey
|
|upkeep
|turn|29
|
|t:|1665209388
|switch|p1a: Conkeldurr|Conkeldurr, F|100/100
|move|p2a: Horacio|Toxic|p1a: Conkeldurr
|-status|p1a: Conkeldurr|tox
|
|-damage|p1a: Conkeldurr|94/100 tox|[from] psn
|upkeep
|turn|30
|
|t:|1665209402
|move|p2a: Horacio|Volt Switch|p1a: Conkeldurr
|-damage|p1a: Conkeldurr|78/100 tox
|
|t:|1665209406
|switch|p2a: Soos Amogus|Amoonguss, M|100/100|[from]move: Volt Switch
|move|p1a: Conkeldurr|Facade|p2a: Soos Amogus
|-damage|p2a: Soos Amogus|35/100
|-damage|p1a: Conkeldurr|61/100 tox|[from] item: Rocky Helmet|[of] p2a: Soos Amogus
|
|-damage|p1a: Conkeldurr|48/100 tox|[from] psn
|upkeep
|turn|31
|j| CAMROON002
|
|t:|1665209439
|switch|p2a: Hatterene|Hatterene, F|60/100
|move|p1a: Conkeldurr|Facade|p2a: Hatterene
|-damage|p2a: Hatterene|0 fnt
|faint|p2a: Hatterene
|
|-damage|p1a: Conkeldurr|30/100 tox|[from] psn
|upkeep
|c|%suloxiv|um
|c|☆Queen of Bean ✿|wierd play
|c|☆MegaTotomon|i
|c|☆MegaTotomon|mis
|c|☆MegaTotomon|clicked
|c|☆Queen of Bean ✿|sorry :Skull:
|c|%suloxiv|naur...
|
|t:|1665209481
|switch|p2a: Porky|Mamoswine, M|100/100
|turn|32
|
|t:|1665209522
|switch|p2a: Soos Amogus|Amoonguss, M|69/100
|switch|p1a: Zarude|Zarude|49/100 tox
|
|-damage|p1a: Zarude|43/100 tox|[from] psn
|upkeep
|turn|33
|
|t:|1665209527
|switch|p1a: Scizor|Scizor, F|36/100
|move|p2a: Soos Amogus|Spore|p1a: Scizor
|-activate|p1a: Scizor|item: Safety Goggles|Spore
|
|upkeep
|turn|34
|
|t:|1665209532
|move|p1a: Scizor|Roost|p1a: Scizor
|-heal|p1a: Scizor|86/100
|-singleturn|p1a: Scizor|move: Roost
|move|p2a: Soos Amogus|Foul Play|p1a: Scizor
|-damage|p1a: Scizor|60/100
|
|upkeep
|turn|35
|
|t:|1665209543
|move|p1a: Scizor|Roost|p1a: Scizor
|-heal|p1a: Scizor|100/100
|-singleturn|p1a: Scizor|move: Roost
|move|p2a: Soos Amogus|Foul Play|p1a: Scizor
|-damage|p1a: Scizor|77/100
|
|upkeep
|turn|36
|
|t:|1665209548
|move|p1a: Scizor|Knock Off|p2a: Soos Amogus
|-damage|p2a: Soos Amogus|45/100
|-damage|p1a: Scizor|61/100|[from] item: Rocky Helmet|[of] p2a: Soos Amogus
|-enditem|p2a: Soos Amogus|Rocky Helmet|[from] move: Knock Off|[of] p1a: Scizor
|move|p2a: Soos Amogus|Foul Play|p1a: Scizor
|-damage|p1a: Scizor|37/100
|
|upkeep
|turn|37
|
|t:|1665209555
|switch|p2a: Horacio|Cobalion|83/100
|move|p1a: Scizor|Roost|p1a: Scizor
|-heal|p1a: Scizor|87/100
|-singleturn|p1a: Scizor|move: Roost
|
|upkeep
|turn|38
|l| CAMROON002
|
|t:|1665209564
|move|p2a: Horacio|Stealth Rock|p1a: Scizor
|-sidestart|p1: Queen of Bean ✿|move: Stealth Rock
|move|p1a: Scizor|Swords Dance|p1a: Scizor
|-boost|p1a: Scizor|atk|2
|
|upkeep
|turn|39
|
|t:|1665209571
|move|p2a: Horacio|Volt Switch|p1a: Scizor
|-damage|p1a: Scizor|71/100
|
|t:|1665209573
|switch|p2a: Soos Amogus|Amoonguss, M|78/100|[from]move: Volt Switch
|move|p1a: Scizor|Swords Dance|p1a: Scizor
|-boost|p1a: Scizor|atk|2
|
|upkeep
|turn|40
|
|t:|1665209598
|switch|p1a: Chansey|Chansey, F|35/100
|-damage|p1a: Chansey|23/100|[from] Stealth Rock
|move|p2a: Soos Amogus|Foul Play|p1a: Chansey
|-damage|p1a: Chansey|22/100
|
|upkeep
|turn|41
|
|t:|1665209603
|switch|p2a: Porky|Mamoswine, M|100/100
|move|p1a: Chansey|Wish|p1a: Chansey
|
|upkeep
|turn|42
|
|t:|1665209609
|switch|p1a: Scizor|Scizor, F|71/100
|-damage|p1a: Scizor|59/100|[from] Stealth Rock
|move|p2a: Porky|Earthquake|p1a: Scizor
|-damage|p1a: Scizor|0 fnt
|faint|p1a: Scizor
|-damage|p2a: Porky|91/100|[from] item: Life Orb
|
|upkeep
|
|t:|1665209616
|switch|p1a: Conkeldurr|Conkeldurr, F|30/100 tox
|-damage|p1a: Conkeldurr|23/100 tox|[from] Stealth Rock
|turn|43
|j| CAMROON002
|
|t:|1665209620
|move|p2a: Porky|Ice Shard|p1a: Conkeldurr
|-damage|p1a: Conkeldurr|0 fnt
|faint|p1a: Conkeldurr
|-damage|p2a: Porky|81/100|[from] item: Life Orb
|
|upkeep
|
|t:|1665209623
|switch|p1a: Zarude|Zarude|43/100 tox
|-damage|p1a: Zarude|31/100 tox|[from] Stealth Rock
|turn|44
|c|☆Queen of Bean ✿|gg
|
|t:|1665209630
|move|p2a: Porky|Ice Shard|p1a: Zarude
|-supereffective|p1a: Zarude
|-damage|p1a: Zarude|0 fnt
|faint|p1a: Zarude
|-damage|p2a: Porky|71/100|[from] item: Life Orb
|
|upkeep
|c|☆MegaTotomon|gg
|
|t:|1665209635
|switch|p1a: Salamence|Salamence, M|63/100 tox
|-ability|p1a: Salamence|Intimidate|boost
|-fail|p2a: Porky|unboost|Attack|[from] ability: Oblivious|[of] p2a: Porky
|turn|45
|-message|Queen of Bean ✿ forfeited.
|
|win|MegaTotomon
|n|☆Queen of Bean ✿|queenofbean
|n|☆MegaTotomon|megatotomon
|n| suloxiv@!|suloxiv
|n| Codename Rae|codenamerae
|n| CAMROON002|camroon002
|l|☆Queen of Bean ✿
|l| suloxiv
|l| Codename Rae
