|j|☆DQ Low Tier Legend
|j|☆Crisite
|t:|1656977200
|gametype|singles
|player|p1|DQ Low Tier Legend|lucas|1455
|player|p2|Crisite|janitor|1312
|teamsize|p1|6
|teamsize|p2|6
|gen|8
|tier|[Gen 8] UU
|rated|
|rule|Sleep Clause Mod: Limit one foe put to sleep
|rule|Species Clause: Limit one of each Pokémon
|rule|OHKO Clause: OHKO moves are banned
|rule|Evasion Moves Clause: Evasion moves are banned
|rule|Endless Battle Clause: Forcing endless battles is banned
|rule|HP Percentage Mod: HP is shown in percentages
|rule|Dynamax Clause: You cannot dynamax
|clearpoke
|poke|p1|Gyarados, F|
|poke|p1|Excadrill, M|
|poke|p1|Scizor, M|
|poke|p1|Hydreigon, M|
|poke|p1|Whimsicott, F|
|poke|p1|Polteageist-Antique|
|poke|p2|Conkeldurr, M|
|poke|p2|Celesteela|
|poke|p2|Darmanitan, M|
|poke|p2|Slowking, M|
|poke|p2|Togekiss, F|
|poke|p2|Swampert, M|
|teampreview
|
|t:|1656977218
|start
|switch|p1a: Excadrill|Excadrill, M|100/100
|switch|p2a: Swampert|Swampert, M|100/100
|-ability|p1a: Excadrill|Mold Breaker
|turn|1
|
|t:|1656977235
|move|p1a: Excadrill|Stealth Rock|p2a: Swampert
|-sidestart|p2: Crisite|move: Stealth Rock
|move|p2a: Swampert|Earthquake|p1a: Excadrill
|-supereffective|p1a: Excadrill
|-crit|p1a: Excadrill
|-enditem|p1a: Excadrill|Focus Sash
|-damage|p1a: Excadrill|1/100
|
|upkeep
|turn|2
|
|t:|1656977240
|move|p1a: Excadrill|Earthquake|p2a: Swampert
|-damage|p2a: Swampert|53/100
|move|p2a: Swampert|Flip Turn|p1a: Excadrill
|-supereffective|p1a: Excadrill
|-damage|p1a: Excadrill|0 fnt
|faint|p1a: Excadrill
|
|t:|1656977247
|switch|p2a: Togekiss|Togekiss, F|100/100|[from]move: Flip Turn
|
|upkeep
|
|t:|1656977260
|switch|p1a: Scizor|Scizor, M|100/100
|turn|3
|
|t:|1656977266
|switch|p2a: Darmanitan|Darmanitan, M|100/100
|-damage|p2a: Darmanitan|76/100|[from] Stealth Rock
|move|p1a: Scizor|Knock Off|p2a: Darmanitan
|-damage|p2a: Darmanitan|0 fnt
|-enditem|p2a: Darmanitan|Choice Band|[from] move: Knock Off|[of] p1a: Scizor
|faint|p2a: Darmanitan
|-damage|p1a: Scizor|90/100|[from] item: Life Orb
|
|upkeep
|
|t:|1656977269
|switch|p2a: Swampert|Swampert, M|53/100
|-damage|p2a: Swampert|47/100|[from] Stealth Rock
|turn|4
|
|t:|1656977277
|move|p1a: Scizor|Dual Wingbeat|p2a: Swampert|[miss]
|-miss|p1a: Scizor|p2a: Swampert
|move|p2a: Swampert|Stealth Rock|p1a: Scizor
|-sidestart|p1: DQ Low Tier Legend|move: Stealth Rock
|
|-heal|p2a: Swampert|53/100|[from] item: Leftovers
|upkeep
|turn|5
|
|t:|1656977283
|move|p1a: Scizor|Swords Dance|p1a: Scizor
|-boost|p1a: Scizor|atk|2
|move|p2a: Swampert|Flip Turn|p1a: Scizor
|-damage|p1a: Scizor|58/100
|
|t:|1656977287
|switch|p2a: Celesteela|Celesteela|100/100|[from]move: Flip Turn
|-damage|p2a: Celesteela|88/100|[from] Stealth Rock
|
|-heal|p2a: Celesteela|94/100|[from] item: Leftovers
|upkeep
|turn|6
|
|t:|1656977300
|move|p1a: Scizor|Knock Off|p2a: Celesteela
|-damage|p2a: Celesteela|34/100
|-enditem|p2a: Celesteela|Leftovers|[from] move: Knock Off|[of] p1a: Scizor
|-damage|p1a: Scizor|48/100|[from] item: Life Orb
|move|p2a: Celesteela|Air Slash|p1a: Scizor
|-damage|p1a: Scizor|14/100
|
|upkeep
|turn|7
|
|t:|1656977306
|move|p1a: Scizor|Knock Off|p2a: Celesteela
|-damage|p2a: Celesteela|0 fnt
|faint|p2a: Celesteela
|-damage|p1a: Scizor|4/100|[from] item: Life Orb
|
|upkeep
|
|t:|1656977310
|switch|p2a: Conkeldurr|Conkeldurr, M|100/100
|-damage|p2a: Conkeldurr|94/100|[from] Stealth Rock
|turn|8
|
|t:|1656977312
|switch|p2a: Swampert|Swampert, M|53/100
|-damage|p2a: Swampert|47/100|[from] Stealth Rock
|move|p1a: Scizor|Bullet Punch|p2a: Swampert
|-resisted|p2a: Swampert
|-damage|p2a: Swampert|8/100
|-damage|p1a: Scizor|0 fnt|[from] item: Life Orb
|faint|p1a: Scizor
|
|-heal|p2a: Swampert|15/100|[from] item: Leftovers
|upkeep
|
|t:|1656977325
|switch|p1a: Whimsicott|Whimsicott, F|100/100
|turn|9
|
|t:|1656977330
|switch|p2a: Togekiss|Togekiss, F|100/100
|move|p1a: Whimsicott|Moonblast|p2a: Togekiss
|-damage|p2a: Togekiss|83/100
|-unboost|p2a: Togekiss|spa|1
|
|upkeep
|turn|10
|inactive|Battle timer is ON: inactive players will automatically lose when time's up. (requested by Crisite)
|
|t:|1656977387
|move|p1a: Whimsicott|Defog|p2a: Togekiss
|-unboost|p2a: Togekiss|evasion|1
|-sideend|p2: Crisite|Stealth Rock|[from] move: Defog|[of] p1a: Whimsicott
|-sideend|p1: DQ Low Tier Legend|Stealth Rock|[from] move: Defog|[of] p1a: Whimsicott
|move|p2a: Togekiss|Thunder Wave|p1a: Whimsicott
|-status|p1a: Whimsicott|par
|
|upkeep
|turn|11
|
|t:|1656977394
|move|p1a: Whimsicott|Encore|p2a: Togekiss
|-start|p2a: Togekiss|Encore
|move|p2a: Togekiss|Thunder Wave|p1a: Whimsicott
|-fail|p1a: Whimsicott|par
|
|upkeep
|turn|12
|
|t:|1656977399
|switch|p2a: Slowking|Slowking, M|100/100
|move|p1a: Whimsicott|Moonblast|p2a: Slowking
|-damage|p2a: Slowking|80/100
|
|upkeep
|turn|13
|inactive|DQ Low Tier Legend has 120 seconds left.
|
|t:|1656977452
|move|p1a: Whimsicott|Giga Drain|p2a: Slowking
|-supereffective|p2a: Slowking
|-damage|p2a: Slowking|43/100
|move|p2a: Slowking|Teleport|p2a: Slowking
|
|t:|1656977455
|switch|p2a: Togekiss|Togekiss, F|83/100|[from]move: Teleport
|
|upkeep
|turn|14
|
|t:|1656977458
|move|p2a: Togekiss|Air Slash|p1a: Whimsicott
|-supereffective|p1a: Whimsicott
|-damage|p1a: Whimsicott|25/100 par
|cant|p1a: Whimsicott|par
|
|upkeep
|turn|15
|
|t:|1656977461
|move|p1a: Whimsicott|Encore|p2a: Togekiss
|-start|p2a: Togekiss|Encore
|move|p2a: Togekiss|Air Slash|p1a: Whimsicott
|-supereffective|p1a: Whimsicott
|-damage|p1a: Whimsicott|0 fnt
|faint|p1a: Whimsicott
|
|upkeep
|
|t:|1656977467
|switch|p1a: Gyarados|Gyarados, F|100/100
|turn|16
|
|t:|1656977471
|switch|p2a: Conkeldurr|Conkeldurr, M|94/100
|move|p1a: Gyarados|Dragon Dance|p1a: Gyarados
|-boost|p1a: Gyarados|atk|1
|-boost|p1a: Gyarados|spe|1
|
|-status|p2a: Conkeldurr|brn|[from] item: Flame Orb
|upkeep
|turn|17
|
|t:|1656977474
|move|p1a: Gyarados|Waterfall|p2a: Conkeldurr
|-damage|p2a: Conkeldurr|36/100 brn
|move|p2a: Conkeldurr|Facade|p1a: Gyarados
|-damage|p1a: Gyarados|0 fnt
|faint|p1a: Gyarados
|
|-damage|p2a: Conkeldurr|29/100 brn|[from] brn
|upkeep
|
|t:|1656977487
|switch|p1a: Polteageist|Polteageist-Antique|100/100
|turn|18
|
|t:|1656977490
|switch|p2a: Swampert|Swampert, M|15/100
|move|p1a: Polteageist|Shadow Ball|p2a: Swampert
|-damage|p2a: Swampert|0 fnt
|faint|p2a: Swampert
|
|upkeep
|
|t:|1656977493
|switch|p2a: Togekiss|Togekiss, F|83/100
|turn|19
|
|t:|1656977499
|move|p1a: Polteageist|Shell Smash|p1a: Polteageist
|-unboost|p1a: Polteageist|def|1
|-unboost|p1a: Polteageist|spd|1
|-boost|p1a: Polteageist|atk|2
|-boost|p1a: Polteageist|spa|2
|-boost|p1a: Polteageist|spe|2
|move|p2a: Togekiss|Thunder Wave|p1a: Polteageist
|-status|p1a: Polteageist|par
|
|upkeep
|turn|20
|
|t:|1656977503
|cant|p1a: Polteageist|par
|move|p2a: Togekiss|Air Slash|p1a: Polteageist
|-damage|p1a: Polteageist|51/100 par
|
|upkeep
|turn|21
|
|t:|1656977508
|move|p1a: Polteageist|Stored Power|p2a: Togekiss
|-damage|p2a: Togekiss|21/100
|move|p2a: Togekiss|Air Slash|p1a: Polteageist
|-damage|p1a: Polteageist|0 fnt
|faint|p1a: Polteageist
|
|upkeep
|
|t:|1656977511
|switch|p1a: Hydreigon|Hydreigon, M|100/100
|turn|22
|
|t:|1656977518
|move|p1a: Hydreigon|Flamethrower|p2a: Togekiss
|-damage|p2a: Togekiss|3/100
|move|p2a: Togekiss|Roost|p2a: Togekiss
|-heal|p2a: Togekiss|53/100
|-singleturn|p2a: Togekiss|move: Roost
|
|upkeep
|turn|23
|
|t:|1656977521
|move|p1a: Hydreigon|Nasty Plot|p1a: Hydreigon
|-boost|p1a: Hydreigon|spa|2
|move|p2a: Togekiss|Roost|p2a: Togekiss
|-heal|p2a: Togekiss|100/100
|-singleturn|p2a: Togekiss|move: Roost
|
|upkeep
|turn|24
|-message|DQ Low Tier Legend forfeited.
|
|win|Crisite
|raw|DQ Low Tier Legend's rating: 1447 &rarr; <strong>1420</strong><br />(-27 for losing)
|raw|Crisite's rating: 1312 &rarr; <strong>1339</strong><br />(+27 for winning)
|l|☆DQ Low Tier Legend
