|j|☆BewearHugger
|j|☆Puppyvolcano
|player|p1|BewearHugger|pokemaniac-gen3rs|1580
|player|p2|Puppyvolcano|102|1635
|teamsize|p1|6
|teamsize|p2|6
|gametype|singles
|gen|8
|tier|[Gen 8] UU
|rated|
|clearpoke
|poke|p1|Bewear, F|
|poke|p1|Grimmsnarl, M|
|poke|p1|Krookodile, F|
|poke|p1|Scolipede, F|
|poke|p1|Porygon-Z|
|poke|p1|Necrozma|
|poke|p2|Barraskewda, F|
|poke|p2|Toxtricity-Low-Key, F|
|poke|p2|Scyther, M|
|poke|p2|Krookodile, M|
|poke|p2|Cloyster, M|
|poke|p2|Heracross, M|
|rule|Sleep Clause Mod: Limit one foe put to sleep
|rule|Species Clause: Limit one of each Pokémon
|rule|OHKO Clause: OHKO moves are banned
|rule|Evasion Moves Clause: Evasion moves are banned
|rule|Endless Battle Clause: Forcing endless battles is banned
|rule|HP Percentage Mod: HP is shown in percentages
|rule|Dynamax Clause: You cannot dynamax
|teampreview
|j| bdog563
|
|start
|switch|p1a: Krookodile|Krookodile, F|100/100
|switch|p2a: Krookodile|Krookodile, M|100/100
|-ability|p1a: Krookodile|Intimidate|boost
|-unboost|p2a: Krookodile|atk|1
|-ability|p2a: Krookodile|Intimidate|boost
|-unboost|p1a: Krookodile|atk|1
|turn|1
|inactive|Battle timer is ON: inactive players will automatically lose when time's up. (requested by Puppyvolcano)
|
|move|p2a: Krookodile|Close Combat|p1a: Krookodile
|-supereffective|p1a: Krookodile
|-damage|p1a: Krookodile|33/100
|-unboost|p2a: Krookodile|def|1
|-unboost|p2a: Krookodile|spd|1
|move|p1a: Krookodile|Stealth Rock|p2a: Krookodile
|-sidestart|p2: Puppyvolcano|move: Stealth Rock
|
|upkeep
|turn|2
|
|switch|p1a: Grimmsnarl|Grimmsnarl, M|100/100
|move|p2a: Krookodile|Earthquake|p1a: Grimmsnarl
|-damage|p1a: Grimmsnarl|59/100
|
|upkeep
|turn|3
|j| MacBong
|
|move|p1a: Grimmsnarl|Reflect|p1a: Grimmsnarl
|-sidestart|p1: BewearHugger|Reflect
|move|p2a: Krookodile|Knock Off|p1a: Grimmsnarl
|-resisted|p1a: Grimmsnarl
|-damage|p1a: Grimmsnarl|54/100
|-enditem|p1a: Grimmsnarl|Light Clay|[from] move: Knock Off|[of] p2a: Krookodile
|
|upkeep
|turn|4
|j| colbur gabin
|
|switch|p2a: Toxtricity|Toxtricity-Low-Key, F|100/100
|-damage|p2a: Toxtricity|88/100|[from] Stealth Rock
|move|p1a: Grimmsnarl|Spirit Break|p2a: Toxtricity
|-resisted|p2a: Toxtricity
|-damage|p2a: Toxtricity|56/100
|-unboost|p2a: Toxtricity|spa|1
|
|upkeep
|turn|5
|
|move|p1a: Grimmsnarl|Light Screen|p1a: Grimmsnarl
|-sidestart|p1: BewearHugger|move: Light Screen
|move|p2a: Toxtricity|Boomburst|p1a: Grimmsnarl
|-damage|p1a: Grimmsnarl|23/100
|
|upkeep
|turn|6
|j| Arbre et Buisson
|
|switch|p2a: Krookodile|Krookodile, M|100/100
|-damage|p2a: Krookodile|94/100|[from] Stealth Rock
|-ability|p2a: Krookodile|Intimidate|boost
|-unboost|p1a: Grimmsnarl|atk|1
|move|p1a: Grimmsnarl|Spirit Break|p2a: Krookodile
|-supereffective|p2a: Krookodile
|-damage|p2a: Krookodile|27/100
|-unboost|p2a: Krookodile|spa|1
|
|upkeep
|turn|7
|
|switch|p1a: Krookodile|Krookodile, F|33/100
|-ability|p1a: Krookodile|Intimidate|boost
|-unboost|p2a: Krookodile|atk|1
|move|p2a: Krookodile|Stealth Rock|p1a: Krookodile
|-sidestart|p1: BewearHugger|move: Stealth Rock
|
|upkeep
|turn|8
|
|move|p1a: Krookodile|Earthquake|p2a: Krookodile
|-damage|p2a: Krookodile|0 fnt
|faint|p2a: Krookodile
|
|upkeep
|
|switch|p2a: Barraskewda|Barraskewda, F|100/100
|-damage|p2a: Barraskewda|88/100|[from] Stealth Rock
|turn|9
|
|move|p2a: Barraskewda|Flip Turn|p1a: Krookodile
|-supereffective|p1a: Krookodile
|-damage|p1a: Krookodile|0 fnt
|faint|p1a: Krookodile
|
|switch|p2a: Scyther|Scyther, M|100/100|[from]move: Flip Turn
|
|-sideend|p1: BewearHugger|move: Light Screen
|upkeep
|
|switch|p1a: Necrozma|Necrozma|100/100
|-damage|p1a: Necrozma|88/100|[from] Stealth Rock
|turn|10
|
|move|p2a: Scyther|Knock Off|p1a: Necrozma
|-supereffective|p1a: Necrozma
|-damage|p1a: Necrozma|66/100
|-enditem|p1a: Necrozma|Weakness Policy
|-boost|p1a: Necrozma|atk|2|[from] item: Weakness Policy
|-boost|p1a: Necrozma|spa|2|[from] item: Weakness Policy
|move|p1a: Necrozma|Autotomize|p1a: Necrozma
|-boost|p1a: Necrozma|spe|2
|-start|p1a: Necrozma|Autotomize
|
|-sideend|p1: BewearHugger|Reflect
|upkeep
|turn|11
|
|move|p1a: Necrozma|Photon Geyser|p2a: Scyther
|-damage|p2a: Scyther|0 fnt
|faint|p2a: Scyther
|
|upkeep
|
|switch|p2a: Cloyster|Cloyster, M|100/100
|-damage|p2a: Cloyster|76/100|[from] Stealth Rock
|turn|12
|
|move|p2a: Cloyster|Ice Shard|p1a: Necrozma
|-damage|p1a: Necrozma|48/100
|move|p1a: Necrozma|Photon Geyser|p2a: Cloyster
|-damage|p2a: Cloyster|0 fnt
|faint|p2a: Cloyster
|
|upkeep
|-message|Puppyvolcano forfeited.
|
|win|BewearHugger
|l|☆Puppyvolcano
|l| bdog563
|l| colbur gabin
|l|☆BewearHugger
||Ladder (probably) updated, but score could not be retrieved (Request timeout).
|l| MacBong
