|html|<div class="broadcast-blue"><strong>[Gen 8] UU is currently suspecting Scizor! For information on how to participate check out the <a href="https://www.smogon.com/forums/threads/ss-uu-stage-12-2-spider-dance.3704866/">suspect thread</a>.</strong></div>
|j|☆Corporate Donkey
|j|☆Anttt333
|t:|1658632206
|gametype|singles
|player|p1|Corporate Donkey|ingo|1311
|player|p2|Anttt333|102|1412
|teamsize|p1|6
|teamsize|p2|6
|gen|8
|tier|[Gen 8] UU
|rated|
|rule|Sleep Clause Mod: Limit one foe put to sleep
|rule|Species Clause: Limit one of each Pokémon
|rule|OHKO Clause: OHKO moves are banned
|rule|Evasion Moves Clause: Evasion moves are banned
|rule|Endless Battle Clause: Forcing endless battles is banned
|rule|HP Percentage Mod: HP is shown in percentages
|rule|Dynamax Clause: You cannot dynamax
|clearpoke
|poke|p1|Krookodile, M|
|poke|p1|Salamence, M|
|poke|p1|Azelf|
|poke|p1|Scizor, M|
|poke|p1|Primarina, F|
|poke|p1|Tangrowth, M|
|poke|p2|Torkoal, F|
|poke|p2|Hatterene, F|
|poke|p2|Cresselia, F|
|poke|p2|Marowak-Alola, F|
|poke|p2|Carbink|
|poke|p2|Conkeldurr, M|
|teampreview
|c|☆Corporate Donkey|gl hf
|inactive|Battle timer is ON: inactive players will automatically lose when time's up. (requested by Anttt333)
|
|t:|1658632222
|start
|switch|p1a: Azelf|Azelf|100/100
|switch|p2a: Conkeldurr|Conkeldurr, M, shiny|100/100
|turn|1
|
|t:|1658632229
|switch|p2a: Hatterene|Hatterene, F|100/100
|move|p1a: Azelf|Psychic|p2a: Hatterene
|-resisted|p2a: Hatterene
|-damage|p2a: Hatterene|77/100
|
|upkeep
|turn|2
|
|t:|1658632233
|move|p1a: Azelf|U-turn|p2a: Hatterene
|-damage|p2a: Hatterene|57/100
|
|t:|1658632235
|switch|p1a: Slash|Scizor, M|100/100|[from]move: U-turn
|move|p2a: Hatterene|Trick Room|p2a: Hatterene
|-fieldstart|move: Trick Room|[of] p2a: Hatterene
|
|upkeep
|turn|3
|
|t:|1658632240
|switch|p2a: Torkoal|Torkoal, F, shiny|100/100
|-weather|SunnyDay|[from] ability: Drought|[of] p2a: Torkoal
|move|p1a: Slash|Bullet Punch|p2a: Torkoal
|-resisted|p2a: Torkoal
|-damage|p2a: Torkoal|89/100
|
|-weather|SunnyDay|[upkeep]
|upkeep
|turn|4
|
|t:|1658632244
|switch|p1a: Shady|Krookodile, M|100/100
|-ability|p1a: Shady|Intimidate|boost
|-unboost|p2a: Torkoal|atk|1
|move|p2a: Torkoal|Eruption|p1a: Shady
|-damage|p1a: Shady|0 fnt
|faint|p1a: Shady
|
|-weather|SunnyDay|[upkeep]
|upkeep
|
|t:|1658632252
|switch|p1a: Rodrigo|Salamence, M|100/100
|-ability|p1a: Rodrigo|Intimidate|boost
|-unboost|p2a: Torkoal|atk|1
|turn|5
|
|t:|1658632257
|move|p2a: Torkoal|Eruption|p1a: Rodrigo
|-resisted|p1a: Rodrigo
|-crit|p1a: Rodrigo
|-damage|p1a: Rodrigo|15/100
|move|p1a: Rodrigo|Roost|p1a: Rodrigo
|-heal|p1a: Rodrigo|65/100
|-singleturn|p1a: Rodrigo|move: Roost
|
|-weather|SunnyDay|[upkeep]
|upkeep
|turn|6
|
|t:|1658632267
|switch|p2a: Carbink|Carbink|100/100
|move|p1a: Rodrigo|Roost|p1a: Rodrigo
|-heal|p1a: Rodrigo|100/100
|-singleturn|p1a: Rodrigo|move: Roost
|
|-weather|SunnyDay|[upkeep]
|-fieldend|move: Trick Room
|upkeep
|turn|7
|
|t:|1658632272
|switch|p1a: Slash|Scizor, M|100/100
|move|p2a: Carbink|Stealth Rock|p1a: Slash
|-sidestart|p1: Corporate Donkey|move: Stealth Rock
|
|-weather|none
|upkeep
|turn|8
|
|t:|1658632275
|switch|p2a: Torkoal|Torkoal, F, shiny|89/100
|-weather|SunnyDay|[from] ability: Drought|[of] p2a: Torkoal
|move|p1a: Slash|Swords Dance|p1a: Slash
|-boost|p1a: Slash|atk|2
|
|-weather|SunnyDay|[upkeep]
|upkeep
|turn|9
|
|t:|1658632281
|move|p1a: Slash|U-turn|p2a: Torkoal
|-resisted|p2a: Torkoal
|-damage|p2a: Torkoal|62/100
|
|t:|1658632284
|switch|p1a: Rodrigo|Salamence, M|100/100|[from]move: U-turn
|-ability|p1a: Rodrigo|Intimidate|boost
|-unboost|p2a: Torkoal|atk|1
|move|p2a: Torkoal|Flamethrower|p1a: Rodrigo
|-resisted|p1a: Rodrigo
|-damage|p1a: Rodrigo|60/100
|
|-weather|SunnyDay|[upkeep]
|upkeep
|turn|10
|
|t:|1658632305
|switch|p2a: Hatterene|Hatterene, F|57/100
|move|p1a: Rodrigo|Hurricane|p2a: Hatterene|[miss]
|-miss|p1a: Rodrigo|p2a: Hatterene
|
|-weather|SunnyDay|[upkeep]
|upkeep
|turn|11
|
|t:|1658632309
|move|p1a: Rodrigo|Flamethrower|p2a: Hatterene
|-damage|p2a: Hatterene|23/100
|move|p2a: Hatterene|Trick Room|p2a: Hatterene
|-fieldstart|move: Trick Room|[of] p2a: Hatterene
|
|-weather|SunnyDay|[upkeep]
|upkeep
|turn|12
|
|t:|1658632313
|switch|p1a: Slash|Scizor, M|100/100
|move|p2a: Hatterene|Misty Explosion|p1a: Slash
|-resisted|p1a: Slash
|-damage|p1a: Slash|69/100
|faint|p2a: Hatterene
|
|-weather|none
|upkeep
|
|t:|1658632324
|switch|p2a: Marowak|Marowak-Alola, F, shiny|100/100
|turn|13
|
|t:|1658632328
|switch|p1a: Rodrigo|Salamence, M|60/100
|-ability|p1a: Rodrigo|Intimidate|boost
|-unboost|p2a: Marowak|atk|1
|move|p2a: Marowak|Flare Blitz|p1a: Rodrigo
|-resisted|p1a: Rodrigo
|-damage|p1a: Rodrigo|29/100
|
|upkeep
|turn|14
|
|t:|1658632342
|move|p2a: Marowak|Flare Blitz|p1a: Rodrigo
|-resisted|p1a: Rodrigo
|-damage|p1a: Rodrigo|0 fnt
|faint|p1a: Rodrigo
|
|upkeep
|
|t:|1658632357
|switch|p1a: Sirena|Primarina, F|100/100
|-damage|p1a: Sirena|88/100|[from] Stealth Rock
|turn|15
|
|t:|1658632366
|move|p2a: Marowak|Poltergeist|p1a: Sirena
|-activate|p1a: Sirena|move: Poltergeist|Leftovers
|-damage|p1a: Sirena|28/100
|move|p1a: Sirena|Scald|p2a: Marowak
|-supereffective|p2a: Marowak
|-damage|p2a: Marowak|0 fnt
|faint|p2a: Marowak
|
|-heal|p1a: Sirena|34/100|[from] item: Leftovers
|-fieldend|move: Trick Room
|upkeep
|
|t:|1658632379
|switch|p2a: Cresselia|Cresselia, F|100/100
|turn|16
|
|t:|1658632383
|move|p1a: Sirena|Rest|p1a: Sirena
|-status|p1a: Sirena|slp|[from] move: Rest
|-heal|p1a: Sirena|100/100 slp|[silent]
|move|p2a: Cresselia|Trick Room|p2a: Cresselia
|-fieldstart|move: Trick Room|[of] p2a: Cresselia
|
|upkeep
|turn|17
|
|t:|1658632392
|cant|p1a: Sirena|slp
|move|p1a: Sirena|Sleep Talk|p1a: Sirena
|move|p1a: Sirena|Rest||[from]move: Sleep Talk|[still]
|-fail|p1a: Sirena
|move|p2a: Cresselia|Lunar Dance|p2a: Cresselia
|faint|p2a: Cresselia
|
|upkeep
|
|t:|1658632394
|switch|p2a: Torkoal|Torkoal, F, shiny|62/100
|-heal|p2a: Torkoal|100/100|[from] move: Lunar Dance
|-weather|SunnyDay|[from] ability: Drought|[of] p2a: Torkoal
|turn|18
|
|t:|1658632396
|move|p2a: Torkoal|Eruption|p1a: Sirena
|-resisted|p1a: Sirena
|-damage|p1a: Sirena|50/100 slp
|cant|p1a: Sirena|slp
|move|p1a: Sirena|Sleep Talk|p1a: Sirena
|move|p1a: Sirena|Scald|p2a: Torkoal|[from]move: Sleep Talk
|-supereffective|p2a: Torkoal
|-damage|p2a: Torkoal|60/100
|
|-weather|SunnyDay|[upkeep]
|-heal|p1a: Sirena|56/100 slp|[from] item: Leftovers
|upkeep
|turn|19
|
|t:|1658632408
|move|p2a: Torkoal|Eruption|p1a: Sirena
|-resisted|p1a: Sirena
|-damage|p1a: Sirena|27/100 slp
|-curestatus|p1a: Sirena|slp|[msg]
|move|p1a: Sirena|Rest|p1a: Sirena
|-status|p1a: Sirena|slp|[from] move: Rest
|-heal|p1a: Sirena|100/100 slp|[silent]
|
|-weather|SunnyDay|[upkeep]
|upkeep
|turn|20
|
|t:|1658632418
|switch|p2a: Conkeldurr|Conkeldurr, M, shiny|100/100
|cant|p1a: Sirena|slp
|move|p1a: Sirena|Sleep Talk|p1a: Sirena
|move|p1a: Sirena|Rest||[from]move: Sleep Talk|[still]
|-fail|p1a: Sirena
|
|-weather|SunnyDay|[upkeep]
|-fieldend|move: Trick Room
|upkeep
|turn|21
|
|t:|1658632433
|switch|p2a: Torkoal|Torkoal, F, shiny|60/100
|cant|p1a: Sirena|slp
|move|p1a: Sirena|Sleep Talk|p1a: Sirena
|move|p1a: Sirena|Scald|p2a: Torkoal|[from]move: Sleep Talk
|-supereffective|p2a: Torkoal
|-damage|p2a: Torkoal|12/100
|
|-weather|SunnyDay|[upkeep]
|upkeep
|turn|22
|
|t:|1658632439
|-curestatus|p1a: Sirena|slp|[msg]
|move|p1a: Sirena|Scald|p2a: Torkoal
|-supereffective|p2a: Torkoal
|-damage|p2a: Torkoal|0 fnt
|faint|p2a: Torkoal
|
|-weather|none
|upkeep
|-message|Anttt333 forfeited.
|
|win|Corporate Donkey
|raw|Corporate Donkey's rating: 1311 &rarr; <strong>1337</strong><br />(+26 for winning)
|raw|Anttt333's rating: 1412 &rarr; <strong>1386</strong><br />(-26 for losing)
|l|☆Anttt333
||Ladder isn't responding, score probably updated but might not have (Request timeout).
