|j|☆scrimded
|j|☆RolitoBR
|t:|1666794883
|gametype|singles
|player|p1|scrimded|silver|1233
|player|p2|RolitoBR|nate|1287
|teamsize|p1|6
|teamsize|p2|6
|gen|8
|tier|[Gen 8] UU
|rated|
|rule|Sleep Clause Mod: Limit one foe put to sleep
|rule|Species Clause: Limit one of each Pokémon
|rule|OHKO Clause: OHKO moves are banned
|rule|Evasion Items Clause: Evasion items are banned
|rule|Evasion Moves Clause: Evasion moves are banned
|rule|Endless Battle Clause: Forcing endless battles is banned
|rule|HP Percentage Mod: HP is shown in percentages
|rule|Dynamax Clause: You cannot dynamax
|clearpoke
|poke|p1|Jirachi|
|poke|p1|Salamence, M|
|poke|p1|Chansey, F|
|poke|p1|Conkeldurr, M|
|poke|p1|Zarude|
|poke|p1|Swampert, M|
|poke|p2|Doublade, M|
|poke|p2|Umbreon, F|
|poke|p2|Skarmory, M|
|poke|p2|Lanturn, M|
|poke|p2|Salamence, M|
|poke|p2|Chansey, F|
|teampreview
|
|t:|1666794905
|start
|switch|p1a: Darude|Zarude|100/100
|switch|p2a: Chansey|Chansey, F|100/100
|turn|1
|
|t:|1666794913
|move|p1a: Darude|U-turn|p2a: Chansey
|-damage|p2a: Chansey|86/100
|inactive|Battle timer is ON: inactive players will automatically lose when time's up. (requested by scrimded)
|
|t:|1666794919
|switch|p1a: Conquistador|Conkeldurr, M|100/100|[from]move: U-turn
|move|p2a: Chansey|Stealth Rock|p1a: Conquistador
|-sidestart|p1: scrimded|move: Stealth Rock
|
|-status|p1a: Conquistador|brn|[from] item: Flame Orb
|upkeep
|turn|2
|c|☆RolitoBR|Conquistador de casadas?
|
|t:|1666794941
|switch|p2a: Salamence|Salamence, M|100/100
|-ability|p2a: Salamence|Intimidate|boost
|-unboost|p1a: Conquistador|atk|1
|move|p1a: Conquistador|Knock Off|p2a: Salamence
|-damage|p2a: Salamence|72/100
|-enditem|p2a: Salamence|Heavy-Duty Boots|[from] move: Knock Off|[of] p1a: Conquistador
|
|-damage|p1a: Conquistador|94/100 brn|[from] brn
|upkeep
|turn|3
|
|t:|1666794957
|switch|p2a: Doublade|Doublade, M, shiny|100/100
|switch|p1a: MENECINGLY|Salamence, M|100/100
|-ability|p1a: MENECINGLY|Intimidate|boost
|-unboost|p2a: Doublade|atk|1
|
|upkeep
|turn|4
|
|t:|1666794971
|move|p1a: MENECINGLY|Defog|p2a: Doublade
|-unboost|p2a: Doublade|evasion|1
|-sideend|p1: scrimded|Stealth Rock|[from] move: Defog|[of] p1a: MENECINGLY
|move|p2a: Doublade|Toxic|p1a: MENECINGLY
|-status|p1a: MENECINGLY|tox
|
|-damage|p1a: MENECINGLY|94/100 tox|[from] psn
|upkeep
|turn|5
|j| Liz Angeles
|
|t:|1666794984
|switch|p1a: Darude|Zarude|100/100
|switch|p2a: Chansey|Chansey, F|86/100
|
|upkeep
|turn|6
|
|t:|1666794990
|switch|p2a: Skarmory|Skarmory, M|100/100
|move|p1a: Darude|U-turn|p2a: Skarmory
|-resisted|p2a: Skarmory
|-damage|p2a: Skarmory|97/100
|-damage|p1a: Darude|84/100|[from] item: Rocky Helmet|[of] p2a: Skarmory
|
|t:|1666795005
|switch|p1a: Conquistador|Conkeldurr, M|94/100 brn|[from]move: U-turn
|
|-damage|p1a: Conquistador|88/100 brn|[from] brn
|upkeep
|turn|7
|
|t:|1666795010
|switch|p2a: Salamence|Salamence, M|72/100
|-ability|p2a: Salamence|Intimidate|boost
|-unboost|p1a: Conquistador|atk|1
|move|p1a: Conquistador|Knock Off|p2a: Salamence
|-damage|p2a: Salamence|53/100
|
|-damage|p1a: Conquistador|82/100 brn|[from] brn
|upkeep
|turn|8
|
|t:|1666795019
|move|p2a: Salamence|Roost|p2a: Salamence
|-heal|p2a: Salamence|100/100
|-singleturn|p2a: Salamence|move: Roost
|move|p1a: Conquistador|Facade|p2a: Salamence
|-damage|p2a: Salamence|58/100
|
|-damage|p1a: Conquistador|76/100 brn|[from] brn
|upkeep
|turn|9
|
|t:|1666795028
|switch|p1a: The Great Wall|Chansey, F|100/100
|move|p2a: Salamence|Roost|p2a: Salamence
|-heal|p2a: Salamence|100/100
|-singleturn|p2a: Salamence|move: Roost
|
|upkeep
|turn|10
|
|t:|1666795044
|switch|p2a: Skarmory|Skarmory, M|97/100
|move|p1a: The Great Wall|Thunder Wave|p2a: Skarmory
|-status|p2a: Skarmory|par
|
|upkeep
|turn|11
|
|t:|1666795052
|cant|p2a: Skarmory|par
|move|p1a: The Great Wall|Teleport|p1a: The Great Wall
|
|t:|1666795064
|switch|p1a: Mudstorm|Swampert, M|100/100|[from]move: Teleport
|
|upkeep
|turn|12
|
|t:|1666795078
|move|p1a: Mudstorm|Stealth Rock|p2a: Skarmory
|-sidestart|p2: RolitoBR|move: Stealth Rock
|move|p2a: Skarmory|Iron Defense|p2a: Skarmory
|-boost|p2a: Skarmory|def|2
|
|upkeep
|turn|13
|
|t:|1666795087
|move|p1a: Mudstorm|Flip Turn|p2a: Skarmory
|-damage|p2a: Skarmory|90/100 par
|-damage|p1a: Mudstorm|84/100|[from] item: Rocky Helmet|[of] p2a: Skarmory
|
|t:|1666795091
|switch|p1a: MENECINGLY|Salamence, M|94/100 tox|[from]move: Flip Turn
|-ability|p1a: MENECINGLY|Intimidate|boost
|-unboost|p2a: Skarmory|atk|1
|move|p2a: Skarmory|Defog|p1a: MENECINGLY
|-unboost|p1a: MENECINGLY|evasion|1
|-sideend|p2: RolitoBR|Stealth Rock|[from] move: Defog|[of] p2a: Skarmory
|
|-damage|p1a: MENECINGLY|88/100 tox|[from] psn
|upkeep
|turn|14
|
|t:|1666795105
|switch|p2a: Chansey|Chansey, F|86/100
|move|p1a: MENECINGLY|Flamethrower|p2a: Chansey
|-damage|p2a: Chansey|80/100
|
|-damage|p1a: MENECINGLY|76/100 tox|[from] psn
|upkeep
|turn|15
|
|t:|1666795122
|switch|p1a: Darude|Zarude|84/100
|move|p2a: Chansey|Seismic Toss|p1a: Darude
|-damage|p1a: Darude|55/100
|
|upkeep
|turn|16
|
|t:|1666795137
|move|p1a: Darude|Close Combat|p2a: Chansey
|-supereffective|p2a: Chansey
|-damage|p2a: Chansey|31/100
|-unboost|p1a: Darude|def|1
|-unboost|p1a: Darude|spd|1
|move|p2a: Chansey|Stealth Rock|p1a: Darude
|-sidestart|p1: scrimded|move: Stealth Rock
|
|upkeep
|turn|17
|
|t:|1666795149
|switch|p1a: MENECINGLY|Salamence, M|76/100 tox
|-ability|p1a: MENECINGLY|Intimidate|boost
|-unboost|p2a: Chansey|atk|1
|switch|p2a: Salamence|Salamence, M|100/100
|-ability|p2a: Salamence|Intimidate|boost
|-unboost|p1a: MENECINGLY|atk|1
|
|-damage|p1a: MENECINGLY|70/100 tox|[from] psn
|upkeep
|turn|18
|
|t:|1666795163
|switch|p2a: Umbreon|Umbreon, F, shiny|100/100
|move|p1a: MENECINGLY|Defog|p2a: Umbreon
|-unboost|p2a: Umbreon|evasion|1
|-sideend|p1: scrimded|Stealth Rock|[from] move: Defog|[of] p1a: MENECINGLY
|
|-damage|p1a: MENECINGLY|58/100 tox|[from] psn
|upkeep
|turn|19
|
|t:|1666795171
|move|p1a: MENECINGLY|Roost|p1a: MENECINGLY
|-heal|p1a: MENECINGLY|100/100 tox
|-singleturn|p1a: MENECINGLY|move: Roost
|move|p2a: Umbreon|Wish|p2a: Umbreon
|
|-damage|p1a: MENECINGLY|82/100 tox|[from] psn
|upkeep
|turn|20
|
|t:|1666795181
|switch|p1a: Conquistador|Conkeldurr, M|76/100 brn
|switch|p2a: Chansey|Chansey, F|31/100
|
|-heal|p2a: Chansey|59/100|[from] move: Wish|[wisher] Umbreon
|-damage|p1a: Conquistador|70/100 brn|[from] brn
|upkeep
|turn|21
|
|t:|1666795191
|switch|p2a: Salamence|Salamence, M|100/100
|-ability|p2a: Salamence|Intimidate|boost
|-unboost|p1a: Conquistador|atk|1
|move|p1a: Conquistador|Facade|p2a: Salamence
|-damage|p2a: Salamence|55/100
|
|-damage|p1a: Conquistador|64/100 brn|[from] brn
|upkeep
|turn|22
|
|t:|1666795202
|switch|p1a: Cry Me a River|Jirachi|100/100
|move|p2a: Salamence|Roost|p2a: Salamence
|-heal|p2a: Salamence|100/100
|-singleturn|p2a: Salamence|move: Roost
|
|upkeep
|turn|23
|
|t:|1666795213
|switch|p2a: Doublade|Doublade, M, shiny|100/100
|move|p1a: Cry Me a River|Wish|p1a: Cry Me a River
|
|upkeep
|turn|24
|
|t:|1666795223
|move|p1a: Cry Me a River|U-turn|p2a: Doublade
|-resisted|p2a: Doublade
|-damage|p2a: Doublade|98/100
|
|t:|1666795226
|switch|p1a: Darude|Zarude|55/100|[from]move: U-turn
|move|p2a: Doublade|Sacred Sword|p1a: Darude
|-supereffective|p1a: Darude
|-damage|p1a: Darude|0 fnt
|faint|p1a: Darude
|
|upkeep
|
|t:|1666795243
|switch|p1a: Mudstorm|Swampert, M|84/100
|turn|25
|
|t:|1666795258
|move|p1a: Mudstorm|Stealth Rock|p2a: Doublade
|-sidestart|p2: RolitoBR|move: Stealth Rock
|move|p2a: Doublade|Toxic|p1a: Mudstorm
|-status|p1a: Mudstorm|tox
|
|-heal|p1a: Mudstorm|90/100 tox|[from] item: Leftovers
|-damage|p1a: Mudstorm|84/100 tox|[from] psn
|upkeep
|turn|26
|
|t:|1666795268
|move|p1a: Mudstorm|Flip Turn|p2a: Doublade
|-damage|p2a: Doublade|87/100
|
|t:|1666795278
|switch|p1a: MENECINGLY|Salamence, M|82/100 tox|[from]move: Flip Turn
|-ability|p1a: MENECINGLY|Intimidate|boost
|-unboost|p2a: Doublade|atk|1
|move|p2a: Doublade|Swords Dance|p2a: Doublade
|-boost|p2a: Doublade|atk|2
|
|-damage|p1a: MENECINGLY|76/100 tox|[from] psn
|upkeep
|turn|27
|
|t:|1666795287
|switch|p2a: Umbreon|Umbreon, F, shiny|100/100
|-damage|p2a: Umbreon|88/100|[from] Stealth Rock
|move|p1a: MENECINGLY|Flamethrower|p2a: Umbreon
|-damage|p2a: Umbreon|73/100
|-status|p2a: Umbreon|brn
|
|-heal|p2a: Umbreon|79/100 brn|[from] item: Leftovers
|-damage|p1a: MENECINGLY|64/100 tox|[from] psn
|-damage|p2a: Umbreon|73/100 brn|[from] brn
|upkeep
|turn|28
|
|t:|1666795306
|switch|p1a: Conquistador|Conkeldurr, M|64/100 brn
|move|p2a: Umbreon|Wish|p2a: Umbreon
|
|-heal|p2a: Umbreon|79/100 brn|[from] item: Leftovers
|-damage|p1a: Conquistador|58/100 brn|[from] brn
|-damage|p2a: Umbreon|73/100 brn|[from] brn
|upkeep
|turn|29
|
|t:|1666795315
|switch|p2a: Salamence|Salamence, M|100/100
|-damage|p2a: Salamence|76/100|[from] Stealth Rock
|-ability|p2a: Salamence|Intimidate|boost
|-unboost|p1a: Conquistador|atk|1
|move|p1a: Conquistador|Facade|p2a: Salamence
|-damage|p2a: Salamence|34/100
|
|-heal|p2a: Salamence|84/100|[from] move: Wish|[wisher] Umbreon
|-damage|p1a: Conquistador|52/100 brn|[from] brn
|upkeep
|turn|30
|
|t:|1666795338
|switch|p1a: The Great Wall|Chansey, F|100/100
|move|p2a: Salamence|Defog|p1a: The Great Wall
|-unboost|p1a: The Great Wall|evasion|1
|-sideend|p2: RolitoBR|Stealth Rock|[from] move: Defog|[of] p2a: Salamence
|
|upkeep
|turn|31
|
|t:|1666795344
|switch|p2a: Lanturn|Lanturn, M|100/100
|move|p1a: The Great Wall|Teleport|p1a: The Great Wall
|
|t:|1666795348
|switch|p1a: Cry Me a River|Jirachi|100/100|[from]move: Teleport
|
|upkeep
|turn|32
|
|t:|1666795353
|move|p1a: Cry Me a River|Wish|p1a: Cry Me a River
|move|p2a: Lanturn|Heal Bell|p2a: Lanturn
|-activate|p2a: Lanturn|move: Heal Bell
|-curestatus|p2: Skarmory|par|[msg]
|-curestatus|p2: Umbreon|brn|[msg]
|
|upkeep
|turn|33
|
|t:|1666795358
|move|p1a: Cry Me a River|U-turn|p2a: Lanturn
|-damage|p2a: Lanturn|82/100
|
|t:|1666795361
|switch|p1a: Conquistador|Conkeldurr, M|52/100 brn|[from]move: U-turn
|move|p2a: Lanturn|Volt Switch|p1a: Conquistador
|-damage|p1a: Conquistador|25/100 brn
|
|t:|1666795370
|switch|p2a: Salamence|Salamence, M|84/100|[from]move: Volt Switch
|-ability|p2a: Salamence|Intimidate|boost
|-unboost|p1a: Conquistador|atk|1
|
|-heal|p1a: Conquistador|81/100 brn|[from] move: Wish|[wisher] Cry Me a River
|-damage|p1a: Conquistador|75/100 brn|[from] brn
|upkeep
|turn|34
|
|t:|1666795382
|switch|p1a: The Great Wall|Chansey, F|100/100
|move|p2a: Salamence|Dual Wingbeat|p1a: The Great Wall
|-damage|p1a: The Great Wall|90/100
|-damage|p1a: The Great Wall|79/100
|-hitcount|p1a: The Great Wall|2
|
|upkeep
|turn|35
|
|t:|1666795398
|switch|p2a: Chansey|Chansey, F|59/100
|move|p1a: The Great Wall|Thunder Wave|p2a: Chansey
|-status|p2a: Chansey|par
|
|upkeep
|turn|36
|
|t:|1666795410
|cant|p2a: Chansey|par
|move|p1a: The Great Wall|Teleport|p1a: The Great Wall
|
|t:|1666795414
|switch|p1a: Conquistador|Conkeldurr, M|75/100 brn|[from]move: Teleport
|
|-damage|p1a: Conquistador|69/100 brn|[from] brn
|upkeep
|turn|37
|
|t:|1666795419
|-curestatus|p2a: Chansey|par|[from] ability: Natural Cure
|switch|p2a: Salamence|Salamence, M|84/100
|-ability|p2a: Salamence|Intimidate|boost
|-unboost|p1a: Conquistador|atk|1
|move|p1a: Conquistador|Facade|p2a: Salamence
|-damage|p2a: Salamence|36/100
|
|-damage|p1a: Conquistador|62/100 brn|[from] brn
|upkeep
|turn|38
|
|t:|1666795436
|switch|p1a: Mudstorm|Swampert, M|84/100 tox
|move|p2a: Salamence|Roost|p2a: Salamence
|-heal|p2a: Salamence|86/100
|-singleturn|p2a: Salamence|move: Roost
|
|-heal|p1a: Mudstorm|90/100 tox|[from] item: Leftovers
|-damage|p1a: Mudstorm|84/100 tox|[from] psn
|upkeep
|turn|39
|
|t:|1666795448
|switch|p2a: Skarmory|Skarmory, M|90/100
|move|p1a: Mudstorm|Stealth Rock|p2a: Skarmory
|-sidestart|p2: RolitoBR|move: Stealth Rock
|
|-heal|p1a: Mudstorm|90/100 tox|[from] item: Leftovers
|-damage|p1a: Mudstorm|78/100 tox|[from] psn
|upkeep
|turn|40
|
|t:|1666795459
|switch|p1a: Cry Me a River|Jirachi|100/100
|move|p2a: Skarmory|Defog|p1a: Cry Me a River
|-unboost|p1a: Cry Me a River|evasion|1
|-sideend|p2: RolitoBR|Stealth Rock|[from] move: Defog|[of] p2a: Skarmory
|
|upkeep
|turn|41
|
|t:|1666795470
|move|p1a: Cry Me a River|Wish|p1a: Cry Me a River
|move|p2a: Skarmory|Body Press|p1a: Cry Me a River
|-damage|p1a: Cry Me a River|76/100
|
|-heal|p1a: Cry Me a River|83/100|[from] item: Leftovers
|upkeep
|turn|42
|
|t:|1666795478
|move|p1a: Cry Me a River|U-turn|p2a: Skarmory
|-resisted|p2a: Skarmory
|-damage|p2a: Skarmory|87/100
|-damage|p1a: Cry Me a River|66/100|[from] item: Rocky Helmet|[of] p2a: Skarmory
|
|t:|1666795484
|switch|p1a: Conquistador|Conkeldurr, M|62/100 brn|[from]move: U-turn
|move|p2a: Skarmory|Roost|p2a: Skarmory
|-heal|p2a: Skarmory|100/100
|-singleturn|p2a: Skarmory|move: Roost
|
|-heal|p1a: Conquistador|100/100 brn|[from] move: Wish|[wisher] Cry Me a River
|-damage|p1a: Conquistador|94/100 brn|[from] brn
|upkeep
|turn|43
|
|t:|1666795496
|switch|p2a: Salamence|Salamence, M|86/100
|-ability|p2a: Salamence|Intimidate|boost
|-unboost|p1a: Conquistador|atk|1
|move|p1a: Conquistador|Facade|p2a: Salamence
|-damage|p2a: Salamence|37/100
|
|-damage|p1a: Conquistador|88/100 brn|[from] brn
|upkeep
|turn|44
|
|t:|1666795506
|switch|p1a: The Great Wall|Chansey, F|79/100
|move|p2a: Salamence|Roost|p2a: Salamence
|-heal|p2a: Salamence|87/100
|-singleturn|p2a: Salamence|move: Roost
|
|upkeep
|turn|45
|
|t:|1666795518
|switch|p2a: Umbreon|Umbreon, F, shiny|73/100
|move|p1a: The Great Wall|Teleport|p1a: The Great Wall
|
|t:|1666795521
|switch|p1a: Conquistador|Conkeldurr, M|88/100 brn|[from]move: Teleport
|
|-heal|p2a: Umbreon|79/100|[from] item: Leftovers
|-damage|p1a: Conquistador|82/100 brn|[from] brn
|upkeep
|turn|46
|
|t:|1666795526
|move|p2a: Umbreon|Protect|p2a: Umbreon
|-singleturn|p2a: Umbreon|Protect
|move|p1a: Conquistador|Facade|p2a: Umbreon
|-activate|p2a: Umbreon|move: Protect
|
|-heal|p2a: Umbreon|85/100|[from] item: Leftovers
|-damage|p1a: Conquistador|76/100 brn|[from] brn
|upkeep
|turn|47
|
|t:|1666795534
|switch|p2a: Skarmory|Skarmory, M|100/100
|move|p1a: Conquistador|Close Combat|p2a: Skarmory
|-damage|p2a: Skarmory|28/100
|-unboost|p1a: Conquistador|def|1
|-unboost|p1a: Conquistador|spd|1
|-damage|p1a: Conquistador|59/100 brn|[from] item: Rocky Helmet|[of] p2a: Skarmory
|
|-damage|p1a: Conquistador|53/100 brn|[from] brn
|upkeep
|turn|48
|
|t:|1666795544
|switch|p2a: Salamence|Salamence, M|87/100
|-ability|p2a: Salamence|Intimidate|boost
|-unboost|p1a: Conquistador|atk|1
|move|p1a: Conquistador|Facade|p2a: Salamence
|-damage|p2a: Salamence|42/100
|
|-damage|p1a: Conquistador|47/100 brn|[from] brn
|upkeep
|turn|49
|
|t:|1666795556
|switch|p1a: The Great Wall|Chansey, F|79/100
|move|p2a: Salamence|Roost|p2a: Salamence
|-heal|p2a: Salamence|92/100
|-singleturn|p2a: Salamence|move: Roost
|
|upkeep
|turn|50
|
|t:|1666795568
|switch|p2a: Umbreon|Umbreon, F, shiny|85/100
|move|p1a: The Great Wall|Thunder Wave|p2a: Umbreon
|-status|p2a: Umbreon|par
|
|-heal|p2a: Umbreon|91/100 par|[from] item: Leftovers
|upkeep
|turn|51
|
|t:|1666795578
|switch|p2a: Skarmory|Skarmory, M|28/100
|move|p1a: The Great Wall|Seismic Toss|p2a: Skarmory
|-damage|p2a: Skarmory|0 fnt
|-damage|p1a: The Great Wall|62/100|[from] item: Rocky Helmet|[of] p2a: Skarmory
|faint|p2a: Skarmory
|
|upkeep
|
|t:|1666795583
|switch|p2a: Doublade|Doublade, M, shiny|87/100
|turn|52
|
|t:|1666795608
|move|p2a: Doublade|Swords Dance|p2a: Doublade
|-boost|p2a: Doublade|atk|2
|move|p1a: The Great Wall|Teleport|p1a: The Great Wall
|inactive|scrimded has 120 seconds left.
|
|t:|1666795635
|switch|p1a: MENECINGLY|Salamence, M|64/100 tox|[from]move: Teleport
|-ability|p1a: MENECINGLY|Intimidate|boost
|-unboost|p2a: Doublade|atk|1
|
|-damage|p1a: MENECINGLY|58/100 tox|[from] psn
|upkeep
|turn|53
|
|t:|1666795642
|move|p1a: MENECINGLY|Flamethrower|p2a: Doublade
|-supereffective|p2a: Doublade
|-damage|p2a: Doublade|31/100
|move|p2a: Doublade|Iron Head|p1a: MENECINGLY
|-damage|p1a: MENECINGLY|13/100 tox
|
|-damage|p1a: MENECINGLY|1/100 tox|[from] psn
|upkeep
|turn|54
|inactive|scrimded has 120 seconds left.
|
|t:|1666795656
|move|p1a: MENECINGLY|Flamethrower|p2a: Doublade
|-supereffective|p2a: Doublade
|-damage|p2a: Doublade|0 fnt
|faint|p2a: Doublade
|
|-damage|p1a: MENECINGLY|0 fnt|[from] psn
|faint|p1a: MENECINGLY
|upkeep
|inactive|scrimded has 120 seconds left.
|
|t:|1666795674
|switch|p1a: Cry Me a River|Jirachi|66/100
|switch|p2a: Salamence|Salamence, M|92/100
|-ability|p2a: Salamence|Intimidate|boost
|-unboost|p1a: Cry Me a River|atk|1
|turn|55
|
|t:|1666795680
|move|p1a: Cry Me a River|Wish|p1a: Cry Me a River
|move|p2a: Salamence|Flamethrower|p1a: Cry Me a River
|-supereffective|p1a: Cry Me a River
|-crit|p1a: Cry Me a River
|-damage|p1a: Cry Me a River|17/100
|
|-heal|p1a: Cry Me a River|23/100|[from] item: Leftovers
|upkeep
|turn|56
|inactive|scrimded has 120 seconds left.
|
|t:|1666795689
|move|p1a: Cry Me a River|Protect|p1a: Cry Me a River
|-singleturn|p1a: Cry Me a River|Protect
|move|p2a: Salamence|Dual Wingbeat|p1a: Cry Me a River
|-activate|p1a: Cry Me a River|move: Protect
|
|-heal|p1a: Cry Me a River|73/100|[from] move: Wish|[wisher] Cry Me a River
|-heal|p1a: Cry Me a River|79/100|[from] item: Leftovers
|upkeep
|turn|57
|
|t:|1666795698
|move|p1a: Cry Me a River|Wish|p1a: Cry Me a River
|move|p2a: Salamence|Flamethrower|p1a: Cry Me a River
|-supereffective|p1a: Cry Me a River
|-damage|p1a: Cry Me a River|46/100
|
|-heal|p1a: Cry Me a River|52/100|[from] item: Leftovers
|upkeep
|turn|58
|
|t:|1666795704
|move|p1a: Cry Me a River|Iron Head|p2a: Salamence
|-damage|p2a: Salamence|78/100
|move|p2a: Salamence|Dual Wingbeat|p1a: Cry Me a River
|-resisted|p1a: Cry Me a River
|-damage|p1a: Cry Me a River|45/100
|-resisted|p1a: Cry Me a River
|-damage|p1a: Cry Me a River|38/100
|-hitcount|p1a: Cry Me a River|2
|
|-heal|p1a: Cry Me a River|88/100|[from] move: Wish|[wisher] Cry Me a River
|-heal|p1a: Cry Me a River|94/100|[from] item: Leftovers
|upkeep
|turn|59
|
|t:|1666795719
|move|p1a: Cry Me a River|Protect|p1a: Cry Me a River
|-singleturn|p1a: Cry Me a River|Protect
|move|p2a: Salamence|Flamethrower|p1a: Cry Me a River
|-activate|p1a: Cry Me a River|move: Protect
|
|-heal|p1a: Cry Me a River|99/100|[from] item: Leftovers
|upkeep
|turn|60
|inactive|RolitoBR has 120 seconds left.
|
|t:|1666795754
|move|p1a: Cry Me a River|U-turn|p2a: Salamence
|-resisted|p2a: Salamence
|-damage|p2a: Salamence|74/100
|
|t:|1666795758
|switch|p1a: The Great Wall|Chansey, F|62/100|[from]move: U-turn
|move|p2a: Salamence|Flamethrower|p1a: The Great Wall
|-damage|p1a: The Great Wall|56/100
|-status|p1a: The Great Wall|brn
|
|-damage|p1a: The Great Wall|50/100 brn|[from] brn
|upkeep
|turn|61
|
|t:|1666795766
|switch|p2a: Chansey|Chansey, F|59/100
|move|p1a: The Great Wall|Soft-Boiled|p1a: The Great Wall
|-heal|p1a: The Great Wall|99/100 brn
|
|-damage|p1a: The Great Wall|93/100 brn|[from] brn
|upkeep
|turn|62
|
|t:|1666795773
|move|p2a: Chansey|Stealth Rock|p1a: The Great Wall
|-sidestart|p1: scrimded|move: Stealth Rock
|move|p1a: The Great Wall|Teleport|p1a: The Great Wall
|
|t:|1666795777
|-curestatus|p1a: The Great Wall|brn|[from] ability: Natural Cure
|switch|p1a: Cry Me a River|Jirachi|99/100|[from]move: Teleport
|-damage|p1a: Cry Me a River|94/100|[from] Stealth Rock
|
|-heal|p1a: Cry Me a River|99/100|[from] item: Leftovers
|upkeep
|turn|63
|
|t:|1666795785
|switch|p2a: Salamence|Salamence, M|74/100
|-ability|p2a: Salamence|Intimidate|boost
|-unboost|p1a: Cry Me a River|atk|1
|move|p1a: Cry Me a River|Wish|p1a: Cry Me a River
|
|-heal|p1a: Cry Me a River|100/100|[from] item: Leftovers
|upkeep
|turn|64
|
|t:|1666795791
|move|p1a: Cry Me a River|U-turn|p2a: Salamence
|-resisted|p2a: Salamence
|-damage|p2a: Salamence|69/100
|
|t:|1666795795
|switch|p1a: Mudstorm|Swampert, M|78/100 tox|[from]move: U-turn
|-damage|p1a: Mudstorm|72/100 tox|[from] Stealth Rock
|move|p2a: Salamence|Dual Wingbeat|p1a: Mudstorm
|-damage|p1a: Mudstorm|57/100 tox
|-damage|p1a: Mudstorm|44/100 tox
|-hitcount|p1a: Mudstorm|2
|
|-heal|p1a: Mudstorm|94/100 tox|[from] move: Wish|[wisher] Cry Me a River
|-heal|p1a: Mudstorm|99/100 tox|[from] item: Leftovers
|-damage|p1a: Mudstorm|94/100 tox|[from] psn
|upkeep
|turn|65
|
|t:|1666795808
|switch|p2a: Chansey|Chansey, F|59/100
|move|p1a: Mudstorm|Stealth Rock|p2a: Chansey
|-sidestart|p2: RolitoBR|move: Stealth Rock
|
|-heal|p1a: Mudstorm|99/100 tox|[from] item: Leftovers
|-damage|p1a: Mudstorm|88/100 tox|[from] psn
|upkeep
|turn|66
|
|t:|1666795817
|move|p1a: Mudstorm|Flip Turn|p2a: Chansey
|-damage|p2a: Chansey|43/100
|
|t:|1666795821
|switch|p1a: Cry Me a River|Jirachi|100/100|[from]move: Flip Turn
|-damage|p1a: Cry Me a River|94/100|[from] Stealth Rock
|move|p2a: Chansey|Soft-Boiled|p2a: Chansey
|-heal|p2a: Chansey|93/100
|
|-heal|p1a: Cry Me a River|100/100|[from] item: Leftovers
|upkeep
|turn|67
|
|t:|1666795832
|switch|p2a: Lanturn|Lanturn, M|82/100
|-damage|p2a: Lanturn|70/100|[from] Stealth Rock
|move|p1a: Cry Me a River|Wish|p1a: Cry Me a River
|
|-heal|p2a: Lanturn|76/100|[from] item: Leftovers
|upkeep
|turn|68
|
|t:|1666795839
|move|p1a: Cry Me a River|U-turn|p2a: Lanturn
|-damage|p2a: Lanturn|57/100
|
|t:|1666795842
|switch|p1a: Conquistador|Conkeldurr, M|47/100 brn|[from]move: U-turn
|-damage|p1a: Conquistador|41/100 brn|[from] Stealth Rock
|move|p2a: Lanturn|Scald|p1a: Conquistador
|-damage|p1a: Conquistador|12/100 brn
|
|-heal|p1a: Conquistador|69/100 brn|[from] move: Wish|[wisher] Cry Me a River
|-heal|p2a: Lanturn|63/100|[from] item: Leftovers
|-damage|p1a: Conquistador|62/100 brn|[from] brn
|upkeep
|turn|69
|
|t:|1666795857
|switch|p1a: Mudstorm|Swampert, M|88/100 tox
|-damage|p1a: Mudstorm|82/100 tox|[from] Stealth Rock
|move|p2a: Lanturn|Volt Switch|p1a: Mudstorm
|-immune|p1a: Mudstorm
|
|-heal|p2a: Lanturn|69/100|[from] item: Leftovers
|-heal|p1a: Mudstorm|88/100 tox|[from] item: Leftovers
|-damage|p1a: Mudstorm|82/100 tox|[from] psn
|upkeep
|turn|70
|
|t:|1666795870
|move|p2a: Lanturn|Scald|p1a: Mudstorm
|-damage|p1a: Mudstorm|66/100 tox
|move|p1a: Mudstorm|Flip Turn|p2a: Lanturn
|-resisted|p2a: Lanturn
|-damage|p2a: Lanturn|56/100
|
|t:|1666795879
|switch|p1a: Cry Me a River|Jirachi|100/100|[from]move: Flip Turn
|-damage|p1a: Cry Me a River|94/100|[from] Stealth Rock
|
|-heal|p1a: Cry Me a River|100/100|[from] item: Leftovers
|-heal|p2a: Lanturn|63/100|[from] item: Leftovers
|upkeep
|turn|71
|
|t:|1666795885
|move|p1a: Cry Me a River|Wish|p1a: Cry Me a River
|move|p2a: Lanturn|Scald|p1a: Cry Me a River
|-damage|p1a: Cry Me a River|80/100
|
|-heal|p1a: Cry Me a River|87/100|[from] item: Leftovers
|-heal|p2a: Lanturn|69/100|[from] item: Leftovers
|upkeep
|turn|72
|
|t:|1666795893
|move|p1a: Cry Me a River|U-turn|p2a: Lanturn
|-damage|p2a: Lanturn|50/100
|
|t:|1666795895
|switch|p1a: Conquistador|Conkeldurr, M|62/100 brn|[from]move: U-turn
|-damage|p1a: Conquistador|56/100 brn|[from] Stealth Rock
|move|p2a: Lanturn|Volt Switch|p1a: Conquistador
|-damage|p1a: Conquistador|29/100 brn
|
|t:|1666795906
|switch|p2a: Salamence|Salamence, M|69/100|[from]move: Volt Switch
|-damage|p2a: Salamence|44/100|[from] Stealth Rock
|-ability|p2a: Salamence|Intimidate|boost
|-unboost|p1a: Conquistador|atk|1
|
|-heal|p1a: Conquistador|85/100 brn|[from] move: Wish|[wisher] Cry Me a River
|-damage|p1a: Conquistador|79/100 brn|[from] brn
|upkeep
|turn|73
|
|t:|1666795918
|switch|p1a: Cry Me a River|Jirachi|87/100
|-damage|p1a: Cry Me a River|80/100|[from] Stealth Rock
|move|p2a: Salamence|Dual Wingbeat|p1a: Cry Me a River
|-resisted|p1a: Cry Me a River
|-damage|p1a: Cry Me a River|74/100
|-resisted|p1a: Cry Me a River
|-damage|p1a: Cry Me a River|67/100
|-hitcount|p1a: Cry Me a River|2
|
|-heal|p1a: Cry Me a River|74/100|[from] item: Leftovers
|upkeep
|turn|74
|
|t:|1666795930
|move|p1a: Cry Me a River|Iron Head|p2a: Salamence
|-damage|p2a: Salamence|21/100
|cant|p2a: Salamence|flinch
|
|-heal|p1a: Cry Me a River|80/100|[from] item: Leftovers
|upkeep
|turn|75
|-message|RolitoBR forfeited.
|
|win|scrimded
|raw|scrimded's rating: 1233 &rarr; <strong>1262</strong><br />(+29 for winning)
|raw|RolitoBR's rating: 1287 &rarr; <strong>1258</strong><br />(-29 for losing)
|l|☆RolitoBR
|j|☆RolitoBR
|player|p2|RolitoBR|nate
|l|☆RolitoBR
|player|p2|
||Ladder isn't responding, score probably updated but might not have (Request timeout).
