|j|☆Springerk
|j|☆uu11t pokemonisfun
|t:|1643480433
|gametype|singles
|player|p1|Springerk|2|1425
|player|p2|uu11t pokemonisfun|#uutrio2ladder|1658
|teamsize|p1|6
|teamsize|p2|6
|gen|8
|tier|[Gen 8] UU
|rated|
|rule|Sleep Clause Mod: Limit one foe put to sleep
|rule|Species Clause: Limit one of each Pokémon
|rule|OHKO Clause: OHKO moves are banned
|rule|Evasion Moves Clause: Evasion moves are banned
|rule|Endless Battle Clause: Forcing endless battles is banned
|rule|HP Percentage Mod: HP is shown in percentages
|rule|Dynamax Clause: You cannot dynamax
|clearpoke
|poke|p1|Tangrowth, F|
|poke|p1|Mamoswine, F|
|poke|p1|Hydreigon, M|
|poke|p1|Keldeo-Resolute|
|poke|p1|Crobat, M|
|poke|p1|Jirachi|
|poke|p2|Centiskorch, M|
|poke|p2|Nihilego|
|poke|p2|Tapu Bulu|
|poke|p2|Zygarde-10%|
|poke|p2|Slowking, M|
|poke|p2|Skarmory, M|
|teampreview
|j| PurplePete15
|
|t:|1643480485
|start
|switch|p1a: Hydreigon|Hydreigon, M|100/100
|switch|p2a: king of things|Slowking, M|100/100
|turn|1
|j|@martha
|
|t:|1643480494
|move|p1a: Hydreigon|U-turn|p2a: king of things
|-supereffective|p2a: king of things
|-crit|p2a: king of things
|-damage|p2a: king of things|66/100
|
|t:|1643480499
|switch|p1a: Génie des Désirs|Jirachi|100/100|[from]move: U-turn
|move|p2a: king of things|Teleport|p2a: king of things
|j| MegaTotomon
|
|t:|1643480505
|switch|p2a: can't the feet me|Centiskorch, M|100/100|[from]move: Teleport
|
|upkeep
|turn|2
|j| Aqua8Jet
|
|t:|1643480532
|move|p1a: Génie des Désirs|U-turn|p2a: can't the feet me
|-resisted|p2a: can't the feet me
|-damage|p2a: can't the feet me|89/100
|
|t:|1643480541
|switch|p1a: Cheval indomptable|Keldeo-Resolute|100/100|[from]move: U-turn
|move|p2a: can't the feet me|Knock Off|p1a: Cheval indomptable
|-resisted|p1a: Cheval indomptable
|-damage|p1a: Cheval indomptable|82/100
|-ability|p1a: Cheval indomptable|Justified|boost
|-boost|p1a: Cheval indomptable|atk|1
|-enditem|p1a: Cheval indomptable|Leftovers|[from] move: Knock Off|[of] p2a: can't the feet me
|
|upkeep
|turn|3
|
|t:|1643480555
|switch|p1a: Hydreigon|Hydreigon, M|100/100
|move|p2a: can't the feet me|Power Whip|p1a: Hydreigon
|-resisted|p1a: Hydreigon
|-damage|p1a: Hydreigon|76/100
|
|upkeep
|turn|4
|l|@martha
|j| ramoloST
|
|t:|1643480574
|move|p1a: Hydreigon|Draco Meteor|p2a: can't the feet me
|-damage|p2a: can't the feet me|0 fnt
|-unboost|p1a: Hydreigon|spa|2
|faint|p2a: can't the feet me
|
|upkeep
|c|☆uu11t pokemonisfun|ok
|c|☆uu11t pokemonisfun|this is disappointing
|
|t:|1643480594
|switch|p2a: nihi leggo my eggo|Nihilego|100/100
|turn|5
|c|☆Springerk|nah you will just beat me lol you're top ladder
|c|☆Springerk|u can do it
|c|☆uu11t pokemonisfun|thanks for the encouragement
|
|t:|1643480625
|switch|p1a: Génie des Désirs|Jirachi|100/100
|move|p2a: nihi leggo my eggo|Stealth Rock|p1a: Génie des Désirs
|-sidestart|p1: Springerk|move: Stealth Rock
|
|upkeep
|turn|6
|c|☆uu11t pokemonisfun|i hope i beat you too
|c|☆Springerk|aha
|
|t:|1643480643
|switch|p2a: sturdy birdy|Skarmory, M|100/100
|move|p1a: Génie des Désirs|Stealth Rock|p2a: sturdy birdy
|-sidestart|p2: uu11t pokemonisfun|move: Stealth Rock
|
|upkeep
|turn|7
|
|t:|1643480653
|move|p1a: Génie des Désirs|U-turn|p2a: sturdy birdy
|-resisted|p2a: sturdy birdy
|-damage|p2a: sturdy birdy|98/100
|-damage|p1a: Génie des Désirs|84/100|[from] item: Rocky Helmet|[of] p2a: sturdy birdy
|
|t:|1643480664
|switch|p1a: Assassin des bois|Tangrowth, F|100/100|[from]move: U-turn
|-damage|p1a: Assassin des bois|88/100|[from] Stealth Rock
|move|p2a: sturdy birdy|Body Press|p1a: Assassin des bois
|-damage|p1a: Assassin des bois|70/100
|-damage|p2a: sturdy birdy|82/100|[from] item: Rocky Helmet|[of] p1a: Assassin des bois
|
|upkeep
|turn|8
|
|t:|1643480684
|switch|p2a: edgy veggie|Tapu Bulu|100/100
|-damage|p2a: edgy veggie|88/100|[from] Stealth Rock
|-fieldstart|move: Grassy Terrain|[from] ability: Grassy Surge|[of] p2a: edgy veggie
|move|p1a: Assassin des bois|Knock Off|p2a: edgy veggie
|-resisted|p2a: edgy veggie
|-damage|p2a: edgy veggie|78/100
|-enditem|p2a: edgy veggie|Leftovers|[from] move: Knock Off|[of] p1a: Assassin des bois
|
|-heal|p2a: edgy veggie|84/100|[from] Grassy Terrain
|-heal|p1a: Assassin des bois|76/100|[from] Grassy Terrain
|upkeep
|turn|9
|
|t:|1643480689
|switch|p2a: nihi leggo my eggo|Nihilego|100/100
|-damage|p2a: nihi leggo my eggo|88/100|[from] Stealth Rock
|move|p1a: Assassin des bois|Sludge Bomb|p2a: nihi leggo my eggo
|-resisted|p2a: nihi leggo my eggo
|-damage|p2a: nihi leggo my eggo|84/100
|
|-heal|p2a: nihi leggo my eggo|90/100|[from] Grassy Terrain
|-heal|p2a: nihi leggo my eggo|97/100|[from] item: Black Sludge
|-heal|p1a: Assassin des bois|82/100|[from] Grassy Terrain
|upkeep
|turn|10
|
|t:|1643480700
|switch|p1a: Génie des Désirs|Jirachi|84/100
|-damage|p1a: Génie des Désirs|78/100|[from] Stealth Rock
|move|p2a: nihi leggo my eggo|Knock Off|p1a: Génie des Désirs
|-supereffective|p1a: Génie des Désirs
|-damage|p1a: Génie des Désirs|58/100
|-enditem|p1a: Génie des Désirs|Leftovers|[from] move: Knock Off|[of] p2a: nihi leggo my eggo
|
|-heal|p2a: nihi leggo my eggo|100/100|[from] Grassy Terrain
|-heal|p1a: Génie des Désirs|64/100|[from] Grassy Terrain
|upkeep
|turn|11
|
|t:|1643480719
|switch|p2a: sturdy birdy|Skarmory, M|82/100
|-damage|p2a: sturdy birdy|70/100|[from] Stealth Rock
|move|p1a: Génie des Désirs|U-turn|p2a: sturdy birdy
|-resisted|p2a: sturdy birdy
|-damage|p2a: sturdy birdy|67/100
|-damage|p1a: Génie des Désirs|48/100|[from] item: Rocky Helmet|[of] p2a: sturdy birdy
|
|t:|1643480744
|switch|p1a: Hydreigon|Hydreigon, M|76/100|[from]move: U-turn
|-damage|p1a: Hydreigon|64/100|[from] Stealth Rock
|
|upkeep
|turn|12
|
|t:|1643480749
|switch|p2a: nihi leggo my eggo|Nihilego|100/100
|-damage|p2a: nihi leggo my eggo|88/100|[from] Stealth Rock
|move|p1a: Hydreigon|Dark Pulse|p2a: nihi leggo my eggo
|-damage|p2a: nihi leggo my eggo|39/100
|
|-heal|p2a: nihi leggo my eggo|45/100|[from] Grassy Terrain
|-heal|p2a: nihi leggo my eggo|51/100|[from] item: Black Sludge
|-fieldend|move: Grassy Terrain
|upkeep
|turn|13
|
|t:|1643480761
|move|p2a: nihi leggo my eggo|Power Gem|p1a: Hydreigon
|-damage|p1a: Hydreigon|15/100
|move|p1a: Hydreigon|Dark Pulse|p2a: nihi leggo my eggo
|-damage|p2a: nihi leggo my eggo|6/100
|
|-heal|p2a: nihi leggo my eggo|12/100|[from] item: Black Sludge
|upkeep
|turn|14
|
|t:|1643480774
|switch|p1a: Mamoswine|Mamoswine, F|100/100
|-damage|p1a: Mamoswine|88/100|[from] Stealth Rock
|move|p2a: nihi leggo my eggo|Power Gem|p1a: Mamoswine
|-damage|p1a: Mamoswine|32/100
|
|-heal|p2a: nihi leggo my eggo|18/100|[from] item: Black Sludge
|upkeep
|turn|15
|
|t:|1643480786
|switch|p2a: king of things|Slowking, M|99/100
|move|p1a: Mamoswine|Ice Shard|p2a: king of things
|-resisted|p2a: king of things
|-damage|p2a: king of things|87/100
|-damage|p1a: Mamoswine|22/100|[from] item: Life Orb
|
|upkeep
|turn|16
|
|t:|1643480803
|move|p1a: Mamoswine|Knock Off|p2a: king of things
|-supereffective|p2a: king of things
|-damage|p2a: king of things|8/100
|-enditem|p2a: king of things|Heavy-Duty Boots|[from] move: Knock Off|[of] p1a: Mamoswine
|-damage|p1a: Mamoswine|12/100|[from] item: Life Orb
|move|p2a: king of things|Teleport|p2a: king of things
|
|t:|1643480812
|switch|p2a: sturdy birdy|Skarmory, M|67/100|[from]move: Teleport
|-damage|p2a: sturdy birdy|55/100|[from] Stealth Rock
|
|upkeep
|turn|17
|
|t:|1643480818
|move|p1a: Mamoswine|Icicle Crash|p2a: sturdy birdy
|-damage|p2a: sturdy birdy|13/100
|-damage|p1a: Mamoswine|2/100|[from] item: Life Orb
|cant|p2a: sturdy birdy|flinch
|
|upkeep
|turn|18
|
|t:|1643480827
|move|p1a: Mamoswine|Knock Off|p2a: sturdy birdy
|-damage|p2a: sturdy birdy|0 fnt
|-damage|p1a: Mamoswine|0 fnt|[from] item: Rocky Helmet|[of] p2a: sturdy birdy
|faint|p2a: sturdy birdy
|faint|p1a: Mamoswine
|
|upkeep
|
|t:|1643480838
|switch|p1a: Génie des Désirs|Jirachi|48/100
|switch|p2a: king of things|Slowking, M|41/100
|-damage|p1a: Génie des Désirs|41/100|[from] Stealth Rock
|-damage|p2a: king of things|29/100|[from] Stealth Rock
|turn|19
|
|t:|1643480857
|move|p1a: Génie des Désirs|U-turn|p2a: king of things
|-supereffective|p2a: king of things
|-damage|p2a: king of things|5/100
|
|t:|1643480883
|switch|p1a: Gardien des nuages|Crobat, M|100/100|[from]move: U-turn
|move|p2a: king of things|Slack Off|p2a: king of things
|-heal|p2a: king of things|55/100
|
|upkeep
|turn|20
|c| ramoloST|centi is dog
|c|☆uu11t pokemonisfun|no its bug
|
|t:|1643480896
|move|p1a: Gardien des nuages|U-turn|p2a: king of things
|-supereffective|p2a: king of things
|-damage|p2a: king of things|26/100
|
|t:|1643480900
|switch|p1a: Génie des Désirs|Jirachi|41/100|[from]move: U-turn
|-damage|p1a: Génie des Désirs|35/100|[from] Stealth Rock
|move|p2a: king of things|Slack Off|p2a: king of things
|-heal|p2a: king of things|76/100
|
|upkeep
|turn|21
|c| ramoloST|what
|
|t:|1643480905
|move|p1a: Génie des Désirs|Healing Wish|p1a: Génie des Désirs
|faint|p1a: Génie des Désirs
|move|p2a: king of things|Scald|p1: Génie des Désirs|[notarget]
|-fail|p2a: king of things
|
|upkeep
|c| ramoloST|his nicknames
|c|☆uu11t pokemonisfun|perdemos
|c| ramoloST|are horseshit
|l| PurplePete15
|
|t:|1643480924
|switch|p1a: Hydreigon|Hydreigon, M|15/100
|-heal|p1a: Hydreigon|100/100|[from] move: Healing Wish
|-damage|p1a: Hydreigon|88/100|[from] Stealth Rock
|turn|22
|
|t:|1643480942
|switch|p2a: edgy veggie|Tapu Bulu|84/100
|-damage|p2a: edgy veggie|72/100|[from] Stealth Rock
|-fieldstart|move: Grassy Terrain|[from] ability: Grassy Surge|[of] p2a: edgy veggie
|move|p1a: Hydreigon|Dark Pulse|p2a: edgy veggie
|-resisted|p2a: edgy veggie
|-damage|p2a: edgy veggie|42/100
|
|-heal|p2a: edgy veggie|48/100|[from] Grassy Terrain
|upkeep
|turn|23
|l|☆Springerk
|player|p1|
|c| ramoloST|drei and mamo are pleased and thankfull that he spared them
|j|☆Springerk
|player|p1|Springerk|2
|c| ramoloST|timer
|c| ramoloST|pif
|c| ramoloST|fuck
|c|☆uu11t pokemonisfun|do you like my nicks ramolost
|c| ramoloST|too late
|c|☆uu11t pokemonisfun|no im not toxic
|
|t:|1643480995
|move|p1a: Hydreigon|Dark Pulse|p2a: edgy veggie
|-resisted|p2a: edgy veggie
|-damage|p2a: edgy veggie|19/100
|cant|p2a: edgy veggie|flinch
|
|-heal|p2a: edgy veggie|25/100|[from] Grassy Terrain
|upkeep
|turn|24
|c| ramoloST|its onot about being toxic
|c| ramoloST|its about winning
|
|t:|1643481007
|move|p1a: Hydreigon|Dark Pulse|p2a: edgy veggie
|-resisted|p2a: edgy veggie
|-damage|p2a: edgy veggie|0 fnt
|faint|p2a: edgy veggie
|
|upkeep
|c| ramoloST|but what do you know about winning anyway
|c|☆uu11t pokemonisfun|please be nice
|j| Scor da bunn
|
|t:|1643481025
|switch|p2a: Zygarde-10% off|Zygarde-10%|100/100
|-damage|p2a: Zygarde-10% off|94/100|[from] Stealth Rock
|-ability|p2a: Zygarde-10% off|Aura Break
|turn|25
|
|t:|1643481037
|switch|p2a: nihi leggo my eggo|Nihilego|18/100
|-damage|p2a: nihi leggo my eggo|6/100|[from] Stealth Rock
|switch|p1a: Assassin des bois|Tangrowth, F|100/100
|-damage|p1a: Assassin des bois|88/100|[from] Stealth Rock
|
|-heal|p2a: nihi leggo my eggo|12/100|[from] Grassy Terrain
|-heal|p2a: nihi leggo my eggo|18/100|[from] item: Black Sludge
|-heal|p1a: Assassin des bois|94/100|[from] Grassy Terrain
|upkeep
|turn|26
|
|t:|1643481046
|switch|p1a: Cheval indomptable|Keldeo-Resolute|82/100
|-damage|p1a: Cheval indomptable|76/100|[from] Stealth Rock
|move|p2a: nihi leggo my eggo|Sludge Bomb|p1a: Cheval indomptable
|-damage|p1a: Cheval indomptable|23/100
|
|-heal|p1a: Cheval indomptable|29/100|[from] Grassy Terrain
|-heal|p2a: nihi leggo my eggo|24/100|[from] Grassy Terrain
|-heal|p2a: nihi leggo my eggo|30/100|[from] item: Black Sludge
|-fieldend|move: Grassy Terrain
|upkeep
|turn|27
|
|t:|1643481059
|switch|p1a: Hydreigon|Hydreigon, M|88/100
|-damage|p1a: Hydreigon|76/100|[from] Stealth Rock
|switch|p2a: king of things|Slowking, M|100/100
|-damage|p2a: king of things|88/100|[from] Stealth Rock
|
|upkeep
|turn|28
|
|t:|1643481066
|move|p1a: Hydreigon|Dark Pulse|p2a: king of things
|-supereffective|p2a: king of things
|-damage|p2a: king of things|0 fnt
|faint|p2a: king of things
|
|upkeep
|c|☆uu11t pokemonisfun|okay
|c|☆uu11t pokemonisfun|gg
|-message|uu11t pokemonisfun forfeited.
|
|win|Springerk
|raw|Springerk's rating: 1425 &rarr; <strong>1456</strong><br />(+31 for winning)
|raw|uu11t pokemonisfun's rating: 1638 &rarr; <strong>1607</strong><br />(-31 for losing)
|c|☆Springerk|ty
|l| MegaTotomon
