|j|☆RIZ LA VIE
|j|☆Dragon246
|t:|1617928706
|gametype|singles
|player|p1|RIZ LA VIE|shelly-gen3|
|player|p2|Dragon246|pokemonranger-gen4|
|teamsize|p1|6
|teamsize|p2|6
|gen|8
|tier|[Gen 8] UU
|rated|Tournament battle
|clearpoke
|poke|p1|Nidoqueen, F|
|poke|p1|Kommo-o, M|
|poke|p1|Thundurus, M|
|poke|p1|Scizor, M|
|poke|p1|Amoonguss, M|
|poke|p1|Reuniclus, F|
|poke|p2|Scizor, M|
|poke|p2|Conkeldurr, M|
|poke|p2|Gyarados, M|
|poke|p2|Gardevoir, F|
|poke|p2|Nidoqueen, F|
|poke|p2|Rotom-Wash|
|rule|Sleep Clause Mod: Limit one foe put to sleep
|rule|Species Clause: Limit one of each Pokémon
|rule|OHKO Clause: OHKO moves are banned
|rule|Evasion Moves Clause: Evasion moves are banned
|rule|Endless Battle Clause: Forcing endless battles is banned
|rule|HP Percentage Mod: HP is shown in percentages
|rule|Dynamax Clause: You cannot dynamax
|teampreview
|j|*Lady Monita
|
|t:|1617928725
|start
|switch|p1a: Thundurus|Thundurus, M|100/100
|switch|p2a: Washington|Rotom-Wash, shiny|100/100
|turn|1
|
|t:|1617928733
|move|p1a: Thundurus|U-turn|p2a: Washington
|-crit|p2a: Washington
|-damage|p2a: Washington|69/100
|
|t:|1617928736
|switch|p1a: Amoonguss|Amoonguss, M|100/100|[from]move: U-turn
|move|p2a: Washington|Hydro Pump|p1a: Amoonguss|[miss]
|-miss|p2a: Washington|p1a: Amoonguss
|
|-heal|p2a: Washington|75/100|[from] item: Leftovers
|upkeep
|turn|2
|
|t:|1617928742
|move|p2a: Washington|Volt Switch|p1a: Amoonguss
|-resisted|p1a: Amoonguss
|-damage|p1a: Amoonguss|85/100
|
|t:|1617928750
|switch|p2a: Queens|Nidoqueen, F, shiny|100/100|[from]move: Volt Switch
|move|p1a: Amoonguss|Spore|p2a: Queens
|-status|p2a: Queens|slp|[from] move: Spore
|
|upkeep
|turn|3
|
|t:|1617928757
|switch|p2a: Stark|Scizor, M, shiny|100/100
|switch|p1a: Reuniclus|Reuniclus, F|100/100
|
|upkeep
|turn|4
|
|t:|1617928767
|switch|p1a: Kommo-o|Kommo-o, M|100/100
|move|p2a: Stark|Swords Dance|p2a: Stark
|-boost|p2a: Stark|atk|2
|
|upkeep
|turn|5
|
|t:|1617928775
|switch|p2a: Queens|Nidoqueen, F, shiny|100/100 slp
|move|p1a: Kommo-o|Flamethrower|p2a: Queens
|-damage|p2a: Queens|85/100 slp
|
|-heal|p2a: Queens|91/100 slp|[from] item: Black Sludge
|upkeep
|turn|6
|
|t:|1617928781
|switch|p1a: Reuniclus|Reuniclus, F|100/100
|cant|p2a: Queens|slp
|
|-heal|p2a: Queens|97/100 slp|[from] item: Black Sludge
|upkeep
|turn|7
|
|t:|1617928789
|switch|p2a: Stark|Scizor, M, shiny|100/100
|move|p1a: Reuniclus|Knock Off|p2a: Stark
|-damage|p2a: Stark|85/100
|-enditem|p2a: Stark|Life Orb|[from] move: Knock Off|[of] p1a: Reuniclus
|
|upkeep
|turn|8
|
|t:|1617928795
|switch|p1a: Amoonguss|Amoonguss, M|100/100
|move|p2a: Stark|U-turn|p1a: Amoonguss
|-damage|p1a: Amoonguss|73/100
|-damage|p2a: Stark|69/100|[from] item: Rocky Helmet|[of] p1a: Amoonguss
|
|t:|1617928808
|switch|p2a: Diana|Gardevoir, F, shiny|100/100|[from]move: U-turn
|
|upkeep
|turn|9
|
|t:|1617928815
|switch|p1a: Reuniclus|Reuniclus, F|100/100
|move|p2a: Diana|Psyshock|p1a: Reuniclus
|-resisted|p1a: Reuniclus
|-damage|p1a: Reuniclus|78/100
|
|upkeep
|turn|10
|
|t:|1617928819
|switch|p2a: Stark|Scizor, M, shiny|69/100
|move|p1a: Reuniclus|Future Sight|p2a: Stark
|-start|p1a: Reuniclus|move: Future Sight
|
|upkeep
|turn|11
|
|t:|1617928826
|switch|p1a: Amoonguss|Amoonguss, M|100/100
|move|p2a: Stark|Swords Dance|p2a: Stark
|-boost|p2a: Stark|atk|2
|
|upkeep
|turn|12
|
|t:|1617928830
|move|p2a: Stark|Dual Wingbeat|p1a: Amoonguss
|-supereffective|p1a: Amoonguss
|-damage|p1a: Amoonguss|27/100
|-damage|p2a: Stark|52/100|[from] item: Rocky Helmet|[of] p1a: Amoonguss
|-supereffective|p1a: Amoonguss
|-damage|p1a: Amoonguss|0 fnt
|-damage|p2a: Stark|35/100|[from] item: Rocky Helmet|[of] p1a: Amoonguss
|-hitcount|p1a: Amoonguss|2
|faint|p1a: Amoonguss
|
|-end|p2a: Stark|move: Future Sight
|-resisted|p2a: Stark
|-damage|p2a: Stark|0 fnt
|upkeep
|faint|p2a: Stark
|
|t:|1617928843
|switch|p2a: Washington|Rotom-Wash, shiny|75/100
|switch|p1a: Thundurus|Thundurus, M|100/100
|turn|13
|
|t:|1617928852
|move|p1a: Thundurus|Thunderbolt|p2a: Washington
|-damage|p2a: Washington|10/100
|move|p2a: Washington|Volt Switch|p1a: Thundurus
|-damage|p1a: Thundurus|55/100
|
|t:|1617928859
|switch|p2a: Diana|Gardevoir, F, shiny|100/100|[from]move: Volt Switch
|
|upkeep
|turn|14
|
|t:|1617928864
|switch|p1a: Reuniclus|Reuniclus, F|100/100
|move|p2a: Diana|Moonblast|p1a: Reuniclus
|-damage|p1a: Reuniclus|76/100
|-unboost|p1a: Reuniclus|spa|1
|
|upkeep
|turn|15
|
|t:|1617928869
|move|p2a: Diana|Moonblast|p1a: Reuniclus
|-damage|p1a: Reuniclus|49/100
|-unboost|p1a: Reuniclus|spa|1
|move|p1a: Reuniclus|Psyshock|p2a: Diana
|-resisted|p2a: Diana
|-damage|p2a: Diana|84/100
|
|upkeep
|turn|16
|
|t:|1617928874
|switch|p2a: Washington|Rotom-Wash, shiny|10/100
|switch|p1a: Scizor|Scizor, M|100/100
|
|-heal|p2a: Washington|17/100|[from] item: Leftovers
|upkeep
|turn|17
|
|t:|1617928880
|move|p2a: Washington|Will-O-Wisp|p1a: Scizor
|-status|p1a: Scizor|brn
|move|p1a: Scizor|U-turn|p2a: Washington
|-damage|p2a: Washington|0 fnt
|faint|p2a: Washington
|
|t:|1617928885
|switch|p1a: Thundurus|Thundurus, M|55/100|[from]move: U-turn
|
|upkeep
|
|t:|1617928898
|switch|p2a: Queens|Nidoqueen, F, shiny|97/100 slp
|turn|18
|
|t:|1617928901
|move|p1a: Thundurus|Psychic|p2a: Queens
|-supereffective|p2a: Queens
|-damage|p2a: Queens|55/100 slp
|-curestatus|p2a: Queens|slp|[msg]
|move|p2a: Queens|Toxic|p1a: Thundurus
|-status|p1a: Thundurus|tox
|
|-heal|p2a: Queens|61/100|[from] item: Black Sludge
|-damage|p1a: Thundurus|49/100 tox|[from] psn
|upkeep
|turn|19
|
|t:|1617928914
|move|p1a: Thundurus|U-turn|p2a: Queens
|-resisted|p2a: Queens
|-damage|p2a: Queens|53/100
|
|t:|1617928916
|switch|p1a: Nidoqueen|Nidoqueen, F|100/100|[from]move: U-turn
|move|p2a: Queens|Stealth Rock|p1a: Nidoqueen
|-sidestart|p1: RIZ LA VIE|move: Stealth Rock
|
|-heal|p2a: Queens|59/100|[from] item: Black Sludge
|upkeep
|turn|20
|
|t:|1617928928
|move|p1a: Nidoqueen|Earth Power|p2a: Queens
|-supereffective|p2a: Queens
|-damage|p2a: Queens|0 fnt
|faint|p2a: Queens
|
|upkeep
|
|t:|1617928933
|switch|p2a: Lance|Gyarados, M, shiny|100/100
|turn|21
|
|t:|1617928935
|move|p1a: Nidoqueen|Thunderbolt|p2a: Lance
|-supereffective|p2a: Lance
|-damage|p2a: Lance|0 fnt
|faint|p2a: Lance
|
|upkeep
|
|t:|1617928939
|switch|p2a: Diana|Gardevoir, F, shiny|84/100
|turn|22
|
|t:|1617928950
|switch|p1a: Reuniclus|Reuniclus, F|82/100
|-damage|p1a: Reuniclus|70/100|[from] Stealth Rock
|move|p2a: Diana|Psyshock|p1a: Reuniclus
|-resisted|p1a: Reuniclus
|-damage|p1a: Reuniclus|49/100
|
|upkeep
|turn|23
|
|t:|1617928968
|switch|p2a: Bricks|Conkeldurr, M, shiny|100/100
|move|p1a: Reuniclus|Knock Off|p2a: Bricks
|-resisted|p2a: Bricks
|-damage|p2a: Bricks|94/100
|-enditem|p2a: Bricks|Assault Vest|[from] move: Knock Off|[of] p1a: Reuniclus
|
|upkeep
|turn|24
|
|t:|1617928974
|switch|p1a: Kommo-o|Kommo-o, M|100/100
|-damage|p1a: Kommo-o|94/100|[from] Stealth Rock
|move|p2a: Bricks|Knock Off|p1a: Kommo-o
|-resisted|p1a: Kommo-o
|-damage|p1a: Kommo-o|82/100
|-enditem|p1a: Kommo-o|Leftovers|[from] move: Knock Off|[of] p2a: Bricks
|
|upkeep
|turn|25
|
|t:|1617928980
|move|p1a: Kommo-o|Flamethrower|p2a: Bricks
|-damage|p2a: Bricks|69/100
|move|p2a: Bricks|Ice Punch|p1a: Kommo-o
|-supereffective|p1a: Kommo-o
|-damage|p1a: Kommo-o|35/100
|
|upkeep
|turn|26
|
|t:|1617928991
|switch|p2a: Diana|Gardevoir, F, shiny|84/100
|move|p1a: Kommo-o|Body Press|p2a: Diana
|-resisted|p2a: Diana
|-damage|p2a: Diana|66/100
|
|upkeep
|turn|27
|
|t:|1617928998
|move|p2a: Diana|Psyshock|p1a: Kommo-o
|-supereffective|p1a: Kommo-o
|-damage|p1a: Kommo-o|0 fnt
|faint|p1a: Kommo-o
|
|upkeep
|
|t:|1617929004
|switch|p1a: Reuniclus|Reuniclus, F|82/100
|-damage|p1a: Reuniclus|70/100|[from] Stealth Rock
|turn|28
|
|t:|1617929009
|switch|p2a: Bricks|Conkeldurr, M, shiny|69/100
|move|p1a: Reuniclus|Shadow Ball|p2a: Bricks
|-damage|p2a: Bricks|41/100
|
|upkeep
|turn|29
|
|t:|1617929016
|switch|p1a: Nidoqueen|Nidoqueen, F|100/100
|-damage|p1a: Nidoqueen|94/100|[from] Stealth Rock
|move|p2a: Bricks|Knock Off|p1a: Nidoqueen
|-damage|p1a: Nidoqueen|50/100
|-enditem|p1a: Nidoqueen|Life Orb|[from] move: Knock Off|[of] p2a: Bricks
|
|upkeep
|turn|30
|
|t:|1617929022
|move|p1a: Nidoqueen|Sludge Wave|p2a: Bricks
|-damage|p2a: Bricks|0 fnt
|faint|p2a: Bricks
|
|upkeep
|
|t:|1617929024
|switch|p2a: Diana|Gardevoir, F, shiny|66/100
|turn|31
|
|t:|1617929032
|move|p2a: Diana|Shadow Ball|p1a: Nidoqueen
|-damage|p1a: Nidoqueen|14/100
|-unboost|p1a: Nidoqueen|spd|1
|move|p1a: Nidoqueen|Sludge Wave|p2a: Diana
|-supereffective|p2a: Diana
|-damage|p2a: Diana|0 fnt
|faint|p2a: Diana
|
|win|RIZ LA VIE
|n|☆RIZ LA VIE|rizlavie
|n|☆Dragon246|dragon246
|n|*Lady Monita|ladymonita
|l|*Lady Monita
|l|☆RIZ LA VIE
|l|☆Dragon246
