|html|<div class="broadcast-blue"><strong>[Gen 8] UU is currently suspecting Latias! For information on how to participate check out the <a href="https://www.smogon.com/forums/threads/np-ss-uu-stage-10-airplanes-latias-retest.3691692/page-3#post-9007205">suspect thread</a>.</strong></div>
|j|☆underused bruh
|j|☆EliotEnRetar
|t:|1635370610
|gametype|singles
|player|p1|underused bruh|169|1406
|player|p2|EliotEnRetar|falkner|1491
|teamsize|p1|6
|teamsize|p2|6
|gen|8
|tier|[Gen 8] UU
|rated|
|rule|Sleep Clause Mod: Limit one foe put to sleep
|rule|Species Clause: Limit one of each Pokémon
|rule|OHKO Clause: OHKO moves are banned
|rule|Evasion Moves Clause: Evasion moves are banned
|rule|Endless Battle Clause: Forcing endless battles is banned
|rule|HP Percentage Mod: HP is shown in percentages
|rule|Dynamax Clause: You cannot dynamax
|clearpoke
|poke|p1|Swampert, F|
|poke|p1|Hydreigon, F|
|poke|p1|Aegislash, F|
|poke|p1|Tapu Bulu|
|poke|p1|Moltres|
|poke|p1|Conkeldurr, M|
|poke|p2|Drapion, M|
|poke|p2|Talonflame, F|
|poke|p2|Rotom-Wash|
|poke|p2|Ribombee, F|
|poke|p2|Zygarde-10%|
|poke|p2|Conkeldurr, F|
|teampreview
|
|t:|1635370627
|start
|switch|p1a: Moltres|Moltres|100/100
|switch|p2a: BeeMovie|Ribombee, F|100/100
|turn|1
|
|t:|1635370632
|switch|p2a: CauetBurger|Rotom-Wash|100/100
|move|p1a: Moltres|Flamethrower|p2a: CauetBurger
|-resisted|p2a: CauetBurger
|-damage|p2a: CauetBurger|78/100
|
|-heal|p2a: CauetBurger|85/100|[from] item: Leftovers
|upkeep
|turn|2
|
|t:|1635370636
|switch|p1a: Swampert|Swampert, F|100/100
|move|p2a: CauetBurger|Volt Switch|p1a: Swampert
|-immune|p1a: Swampert
|
|-heal|p2a: CauetBurger|91/100|[from] item: Leftovers
|upkeep
|turn|3
|
|t:|1635370640
|move|p2a: CauetBurger|Will-O-Wisp|p1a: Swampert
|-status|p1a: Swampert|brn
|move|p1a: Swampert|Stealth Rock|p2a: CauetBurger
|-sidestart|p2: EliotEnRetar|move: Stealth Rock
|
|-heal|p2a: CauetBurger|97/100|[from] item: Leftovers
|-damage|p1a: Swampert|94/100 brn|[from] brn
|upkeep
|turn|4
|
|t:|1635370642
|move|p2a: CauetBurger|Defog|p1a: Swampert
|-unboost|p1a: Swampert|evasion|1
|-sideend|p2: EliotEnRetar|Stealth Rock|[from] move: Defog|[of] p2a: CauetBurger
|move|p1a: Swampert|Toxic|p2a: CauetBurger
|-status|p2a: CauetBurger|tox
|
|-heal|p2a: CauetBurger|100/100 tox|[from] item: Leftovers
|-heal|p1a: Swampert|100/100 brn|[from] item: Leftovers
|-damage|p2a: CauetBurger|94/100 tox|[from] psn
|-damage|p1a: Swampert|94/100 brn|[from] brn
|upkeep
|turn|5
|
|t:|1635370649
|switch|p2a: Etchebest|Conkeldurr, F|100/100
|move|p1a: Swampert|Stealth Rock|p2a: Etchebest
|-sidestart|p2: EliotEnRetar|move: Stealth Rock
|
|-heal|p1a: Swampert|100/100 brn|[from] item: Leftovers
|-damage|p1a: Swampert|94/100 brn|[from] brn
|-status|p2a: Etchebest|brn|[from] item: Flame Orb
|upkeep
|turn|6
|
|t:|1635370652
|move|p2a: Etchebest|Facade|p1a: Swampert
|-damage|p1a: Swampert|38/100 brn
|move|p1a: Swampert|Flip Turn|p2a: Etchebest
|-damage|p2a: Etchebest|89/100 brn
|
|t:|1635370657
|switch|p1a: Moltres|Moltres|100/100|[from]move: Flip Turn
|
|-damage|p2a: Etchebest|83/100 brn|[from] brn
|upkeep
|turn|7
|
|t:|1635370660
|switch|p2a: CauetBurger|Rotom-Wash|94/100 tox
|-damage|p2a: CauetBurger|82/100 tox|[from] Stealth Rock
|move|p1a: Moltres|U-turn|p2a: CauetBurger
|-damage|p2a: CauetBurger|70/100 tox
|
|t:|1635370665
|switch|p1a: Hydreigon|Hydreigon, F|100/100|[from]move: U-turn
|
|-heal|p2a: CauetBurger|76/100 tox|[from] item: Leftovers
|-damage|p2a: CauetBurger|70/100 tox|[from] psn
|upkeep
|turn|8
|
|t:|1635370668
|switch|p2a: BizouJeManvol|Talonflame, F|100/100
|move|p1a: Hydreigon|Dark Pulse|p2a: BizouJeManvol
|-damage|p2a: BizouJeManvol|35/100
|
|upkeep
|turn|9
|
|t:|1635370674
|switch|p2a: BeeMovie|Ribombee, F|100/100
|-damage|p2a: BeeMovie|76/100|[from] Stealth Rock
|move|p1a: Hydreigon|Dark Pulse|p2a: BeeMovie
|-resisted|p2a: BeeMovie
|-damage|p2a: BeeMovie|42/100
|
|upkeep
|turn|10
|
|t:|1635370678
|move|p1a: Hydreigon|Dark Pulse|p2a: BeeMovie
|-resisted|p2a: BeeMovie
|-damage|p2a: BeeMovie|5/100
|move|p2a: BeeMovie|Sticky Web|p1a: Hydreigon
|-sidestart|p1: underused bruh|move: Sticky Web
|
|upkeep
|turn|11
|
|t:|1635370685
|move|p1a: Hydreigon|Dark Pulse|p2a: BeeMovie
|-resisted|p2a: BeeMovie
|-damage|p2a: BeeMovie|0 fnt
|faint|p2a: BeeMovie
|
|upkeep
|
|t:|1635370690
|switch|p2a: Etchebest|Conkeldurr, F|83/100 brn
|-damage|p2a: Etchebest|77/100 brn|[from] Stealth Rock
|turn|12
|
|t:|1635370696
|switch|p1a: Swampert|Swampert, F|38/100 brn
|-activate|p1a: Swampert|move: Sticky Web
|-unboost|p1a: Swampert|spe|1
|move|p2a: Etchebest|Facade|p1a: Swampert
|-damage|p1a: Swampert|0 fnt
|faint|p1a: Swampert
|
|-damage|p2a: Etchebest|71/100 brn|[from] brn
|upkeep
|
|t:|1635370702
|switch|p1a: Moltres|Moltres|100/100
|turn|13
|
|t:|1635370705
|move|p1a: Moltres|Hurricane|p2a: Etchebest
|-supereffective|p2a: Etchebest
|-damage|p2a: Etchebest|0 fnt
|faint|p2a: Etchebest
|
|upkeep
|
|t:|1635370709
|switch|p2a: CauetBurger|Rotom-Wash|70/100 tox
|-damage|p2a: CauetBurger|57/100 tox|[from] Stealth Rock
|turn|14
|
|t:|1635370712
|switch|p1a: Hydreigon|Hydreigon, F|100/100
|move|p2a: CauetBurger|Volt Switch|p1a: Hydreigon
|-resisted|p1a: Hydreigon
|-damage|p1a: Hydreigon|87/100
|
|t:|1635370719
|switch|p2a: Drrrrrrrascore|Drapion, M|100/100|[from]move: Volt Switch
|-damage|p2a: Drrrrrrrascore|88/100|[from] Stealth Rock
|
|upkeep
|turn|15
|
|t:|1635370722
|move|p1a: Hydreigon|U-turn|p2a: Drrrrrrrascore
|-damage|p2a: Drrrrrrrascore|71/100
|
|t:|1635370727
|switch|p1a: Moltres|Moltres|100/100|[from]move: U-turn
|move|p2a: Drrrrrrrascore|Knock Off|p1a: Moltres
|-damage|p1a: Moltres|41/100
|-enditem|p1a: Moltres|Heavy-Duty Boots|[from] move: Knock Off|[of] p2a: Drrrrrrrascore
|-damage|p2a: Drrrrrrrascore|61/100|[from] item: Life Orb
|
|upkeep
|turn|16
|
|t:|1635370731
|move|p2a: Drrrrrrrascore|Aqua Tail|p1a: Moltres
|-supereffective|p1a: Moltres
|-damage|p1a: Moltres|0 fnt
|-status|p2a: Drrrrrrrascore|brn|[from] ability: Flame Body|[of] p1a: Moltres
|faint|p1a: Moltres
|-damage|p2a: Drrrrrrrascore|51/100 brn|[from] item: Life Orb
|
|-damage|p2a: Drrrrrrrascore|45/100 brn|[from] brn
|upkeep
|
|t:|1635370739
|switch|p1a: Conkeldurr|Conkeldurr, M|100/100
|-activate|p1a: Conkeldurr|move: Sticky Web
|-unboost|p1a: Conkeldurr|spe|1
|turn|17
|
|t:|1635370743
|move|p2a: Drrrrrrrascore|Knock Off|p1a: Conkeldurr
|-resisted|p1a: Conkeldurr
|-damage|p1a: Conkeldurr|87/100
|-enditem|p1a: Conkeldurr|Flame Orb|[from] move: Knock Off|[of] p2a: Drrrrrrrascore
|-damage|p2a: Drrrrrrrascore|35/100 brn|[from] item: Life Orb
|move|p1a: Conkeldurr|Facade|p2a: Drrrrrrrascore
|-damage|p2a: Drrrrrrrascore|3/100 brn
|
|-damage|p2a: Drrrrrrrascore|0 fnt|[from] brn
|faint|p2a: Drrrrrrrascore
|upkeep
|
|t:|1635370747
|switch|p2a: BizouJeManvol|Talonflame, F|35/100
|turn|18
|
|t:|1635370752
|move|p2a: BizouJeManvol|Roost|p2a: BizouJeManvol
|-heal|p2a: BizouJeManvol|85/100
|-singleturn|p2a: BizouJeManvol|move: Roost
|move|p1a: Conkeldurr|Knock Off|p2a: BizouJeManvol
|-damage|p2a: BizouJeManvol|28/100
|-enditem|p2a: BizouJeManvol|Heavy-Duty Boots|[from] move: Knock Off|[of] p1a: Conkeldurr
|
|upkeep
|turn|19
|
|t:|1635370757
|move|p2a: BizouJeManvol|Roost|p2a: BizouJeManvol
|-heal|p2a: BizouJeManvol|78/100
|-singleturn|p2a: BizouJeManvol|move: Roost
|move|p1a: Conkeldurr|Facade|p2a: BizouJeManvol
|-damage|p2a: BizouJeManvol|39/100
|
|upkeep
|turn|20
|
|t:|1635370765
|move|p2a: BizouJeManvol|Brave Bird|p1a: Conkeldurr
|-supereffective|p1a: Conkeldurr
|-damage|p1a: Conkeldurr|0 fnt
|faint|p1a: Conkeldurr
|-damage|p2a: BizouJeManvol|5/100|[from] Recoil
|
|upkeep
|
|t:|1635370769
|switch|p1a: Hydreigon|Hydreigon, F|87/100
|turn|21
|
|t:|1635370775
|move|p1a: Hydreigon|Dark Pulse|p2a: BizouJeManvol
|-damage|p2a: BizouJeManvol|0 fnt
|faint|p2a: BizouJeManvol
|
|upkeep
|
|t:|1635370778
|switch|p2a: En Brrrrrr|Zygarde-10%|100/100
|-damage|p2a: En Brrrrrr|94/100|[from] Stealth Rock
|-ability|p2a: En Brrrrrr|Aura Break
|turn|22
|
|t:|1635370782
|move|p1a: Hydreigon|Dark Pulse|p2a: En Brrrrrr
|-damage|p2a: En Brrrrrr|33/100
|move|p2a: En Brrrrrr|Outrage|p1a: Hydreigon
|-supereffective|p1a: Hydreigon
|-damage|p1a: Hydreigon|0 fnt
|faint|p1a: Hydreigon
|
|upkeep
|-message|EliotEnRetar forfeited.
|
|win|underused bruh
|raw|underused bruh's rating: 1406 &rarr; <strong>1431</strong><br />(+25 for winning)
|raw|EliotEnRetar's rating: 1491 &rarr; <strong>1466</strong><br />(-25 for losing)
|l|☆EliotEnRetar
|c|☆underused bruh|gg
