|j|☆Sabreur
|j|☆SSRW26 Test Test
|t:|1610205913
|player|p1|Sabreur|unknown|1461
|player|p2|SSRW26 Test Test|scientist-gen4dp|1299
|teamsize|p1|6
|teamsize|p2|6
|gametype|singles
|gen|8
|tier|[Gen 8] UU
|rated|
|clearpoke
|poke|p1|Victini|
|poke|p1|Azumarill, M|
|poke|p1|Rotom-Wash|
|poke|p1|Tangrowth, F|
|poke|p1|Jirachi|
|poke|p1|Krookodile, M|
|poke|p2|Thundurus, M|
|poke|p2|Golisopod, M|
|poke|p2|Nidoqueen, F|
|poke|p2|Mew|
|poke|p2|Whimsicott, F|
|poke|p2|Terrakion|
|rule|Sleep Clause Mod: Limit one foe put to sleep
|rule|Species Clause: Limit one of each Pokémon
|rule|OHKO Clause: OHKO moves are banned
|rule|Evasion Moves Clause: Evasion moves are banned
|rule|Endless Battle Clause: Forcing endless battles is banned
|rule|HP Percentage Mod: HP is shown in percentages
|rule|Dynamax Clause: You cannot dynamax
|teampreview
|
|t:|1610205978
|start
|switch|p1a: Victini|Victini|100/100
|switch|p2a: Cloud Nein|Thundurus, M|100/100
|turn|1
|
|t:|1610205988
|switch|p1a: Krookodile|Krookodile, M|100/100
|-ability|p1a: Krookodile|Intimidate|boost
|-unboost|p2a: Cloud Nein|atk|1
|-ability|p2a: Cloud Nein|Defiant
|-boost|p2a: Cloud Nein|atk|2
|move|p2a: Cloud Nein|Knock Off|p1a: Krookodile
|-resisted|p1a: Krookodile
|-damage|p1a: Krookodile|73/100
|-enditem|p1a: Krookodile|Choice Scarf|[from] move: Knock Off|[of] p2a: Cloud Nein
|
|upkeep
|turn|2
|
|t:|1610206003
|switch|p1a: Tangrowth|Tangrowth, F|100/100
|move|p2a: Cloud Nein|U-turn|p1a: Tangrowth
|-supereffective|p1a: Tangrowth
|-damage|p1a: Tangrowth|68/100
|-damage|p2a: Cloud Nein|84/100|[from] item: Rocky Helmet|[of] p1a: Tangrowth
|
|t:|1610206009
|switch|p2a: Virago|Nidoqueen, F|100/100|[from]move: U-turn
|
|upkeep
|turn|3
|
|t:|1610206016
|switch|p1a: Krookodile|Krookodile, M|73/100
|-ability|p1a: Krookodile|Intimidate|boost
|-unboost|p2a: Virago|atk|1
|move|p2a: Virago|Flamethrower|p1a: Krookodile
|-damage|p1a: Krookodile|28/100
|
|upkeep
|turn|4
|
|t:|1610206026
|switch|p2a: Validierung|Whimsicott, F|100/100
|move|p1a: Krookodile|Knock Off|p2a: Validierung
|-resisted|p2a: Validierung
|-damage|p2a: Validierung|63/100
|-enditem|p2a: Validierung|Leftovers|[from] move: Knock Off|[of] p1a: Krookodile
|
|upkeep
|turn|5
|
|t:|1610206036
|switch|p1a: Jirachi|Jirachi|100/100
|move|p2a: Validierung|Moonblast|p1a: Jirachi
|-resisted|p1a: Jirachi
|-damage|p1a: Jirachi|90/100
|
|-heal|p1a: Jirachi|97/100|[from] item: Leftovers
|upkeep
|turn|6
|
|t:|1610206046
|switch|p2a: Virago|Nidoqueen, F|100/100
|move|p1a: Jirachi|Stealth Rock|p2a: Virago
|-sidestart|p2: SSRW26 Test Test|move: Stealth Rock
|
|-heal|p1a: Jirachi|100/100|[from] item: Leftovers
|upkeep
|turn|7
|
|t:|1610206053
|switch|p1a: Rotom|Rotom-Wash|100/100
|move|p2a: Virago|Stealth Rock|p1a: Rotom
|-sidestart|p1: Sabreur|move: Stealth Rock
|
|upkeep
|turn|8
|
|t:|1610206060
|switch|p2a: Virwirrung|Mew|100/100
|-damage|p2a: Virwirrung|88/100|[from] Stealth Rock
|move|p1a: Rotom|Hydro Pump|p2a: Virwirrung
|-damage|p2a: Virwirrung|54/100
|
|-heal|p2a: Virwirrung|61/100|[from] item: Leftovers
|upkeep
|turn|9
|
|t:|1610206069
|move|p2a: Virwirrung|Soft-Boiled|p2a: Virwirrung
|-heal|p2a: Virwirrung|100/100
|move|p1a: Rotom|Volt Switch|p2a: Virwirrung
|-damage|p2a: Virwirrung|78/100
|
|t:|1610206075
|switch|p1a: Krookodile|Krookodile, M|28/100|[from]move: Volt Switch
|-damage|p1a: Krookodile|22/100|[from] Stealth Rock
|-ability|p1a: Krookodile|Intimidate|boost
|-unboost|p2a: Virwirrung|atk|1
|
|-heal|p2a: Virwirrung|84/100|[from] item: Leftovers
|upkeep
|turn|10
|
|t:|1610206086
|switch|p2a: Validierung|Whimsicott, F|63/100
|-damage|p2a: Validierung|51/100|[from] Stealth Rock
|move|p1a: Krookodile|Stone Edge|p2a: Validierung
|-damage|p2a: Validierung|5/100
|
|upkeep
|turn|11
|
|t:|1610206095
|switch|p1a: Jirachi|Jirachi|100/100
|-damage|p1a: Jirachi|94/100|[from] Stealth Rock
|move|p2a: Validierung|Moonblast|p1a: Jirachi
|-resisted|p1a: Jirachi
|-damage|p1a: Jirachi|83/100
|
|-heal|p1a: Jirachi|89/100|[from] item: Leftovers
|upkeep
|turn|12
|
|t:|1610206106
|move|p2a: Validierung|Leech Seed|p1a: Jirachi
|-start|p1a: Jirachi|move: Leech Seed
|move|p1a: Jirachi|U-turn|p2a: Validierung
|-damage|p2a: Validierung|0 fnt
|faint|p2a: Validierung
|
|t:|1610206108
|switch|p1a: Victini|Victini|100/100|[from]move: U-turn
|
|upkeep
|
|t:|1610206115
|switch|p2a: Vulkanismus|Terrakion|100/100
|-damage|p2a: Vulkanismus|94/100|[from] Stealth Rock
|turn|13
|
|t:|1610206122
|switch|p1a: Tangrowth|Tangrowth, F|100/100
|-damage|p1a: Tangrowth|88/100|[from] Stealth Rock
|move|p2a: Vulkanismus|Stone Edge|p1a: Tangrowth
|-damage|p1a: Tangrowth|52/100
|
|upkeep
|turn|14
|
|t:|1610206135
|switch|p2a: Virwirrung|Mew|84/100
|-damage|p2a: Virwirrung|72/100|[from] Stealth Rock
|move|p1a: Tangrowth|Giga Drain|p2a: Virwirrung
|-damage|p2a: Virwirrung|47/100
|-heal|p1a: Tangrowth|65/100|[from] drain|[of] p2a: Virwirrung
|
|-heal|p2a: Virwirrung|54/100|[from] item: Leftovers
|upkeep
|turn|15
|
|t:|1610206145
|move|p2a: Virwirrung|Knock Off|p1a: Tangrowth
|-damage|p1a: Tangrowth|55/100
|-damage|p2a: Virwirrung|37/100|[from] item: Rocky Helmet|[of] p1a: Tangrowth
|-enditem|p1a: Tangrowth|Rocky Helmet|[from] move: Knock Off|[of] p2a: Virwirrung
|move|p1a: Tangrowth|Sleep Powder|p2a: Virwirrung
|-status|p2a: Virwirrung|slp|[from] move: Sleep Powder
|
|-heal|p2a: Virwirrung|43/100 slp|[from] item: Leftovers
|upkeep
|turn|16
|
|t:|1610206155
|switch|p1a: Krookodile|Krookodile, M|22/100
|-damage|p1a: Krookodile|16/100|[from] Stealth Rock
|-ability|p1a: Krookodile|Intimidate|boost
|-unboost|p2a: Virwirrung|atk|1
|cant|p2a: Virwirrung|slp
|
|-heal|p2a: Virwirrung|49/100 slp|[from] item: Leftovers
|upkeep
|turn|17
|
|t:|1610206165
|move|p1a: Krookodile|Knock Off|p2a: Virwirrung
|-supereffective|p2a: Virwirrung
|-damage|p2a: Virwirrung|0 fnt
|-enditem|p2a: Virwirrung|Leftovers|[from] move: Knock Off|[of] p1a: Krookodile
|faint|p2a: Virwirrung
|
|upkeep
|
|t:|1610206171
|switch|p2a: Vulkanismus|Terrakion|94/100
|-damage|p2a: Vulkanismus|88/100|[from] Stealth Rock
|turn|18
|
|t:|1610206175
|switch|p1a: Tangrowth|Tangrowth, F|88/100
|-damage|p1a: Tangrowth|75/100|[from] Stealth Rock
|move|p2a: Vulkanismus|Megahorn|p1a: Tangrowth
|-supereffective|p1a: Tangrowth
|-damage|p1a: Tangrowth|18/100
|
|upkeep
|turn|19
|
|t:|1610206185
|switch|p1a: Azumarill|Azumarill, M|100/100
|-damage|p1a: Azumarill|88/100|[from] Stealth Rock
|move|p2a: Vulkanismus|Megahorn|p1a: Azumarill
|-resisted|p1a: Azumarill
|-damage|p1a: Azumarill|52/100
|
|upkeep
|turn|20
|
|t:|1610206197
|switch|p2a: Vorkämpfer|Golisopod, M|100/100
|move|p1a: Azumarill|Liquidation|p2a: Vorkämpfer
|-resisted|p2a: Vorkämpfer
|-damage|p2a: Vorkämpfer|69/100
|
|upkeep
|turn|21
|
|t:|1610206204
|move|p2a: Vorkämpfer|First Impression|p1a: Azumarill
|-resisted|p1a: Azumarill
|-damage|p1a: Azumarill|22/100
|move|p1a: Azumarill|Liquidation|p2a: Vorkämpfer
|-resisted|p2a: Vorkämpfer
|-damage|p2a: Vorkämpfer|38/100
|-activate|p2a: Vorkämpfer|ability: Emergency Exit
|
|t:|1610206212
|switch|p2a: Cloud Nein|Thundurus, M|84/100
|
|upkeep
|turn|22
|
|t:|1610206224
|switch|p1a: Rotom|Rotom-Wash|100/100
|-damage|p1a: Rotom|88/100|[from] Stealth Rock
|move|p2a: Cloud Nein|Thunderbolt|p1a: Rotom
|-damage|p1a: Rotom|50/100
|
|-heal|p1a: Rotom|56/100|[from] item: Leftovers
|upkeep
|turn|23
|
|t:|1610206237
|move|p2a: Cloud Nein|Thunderbolt|p1a: Rotom
|-damage|p1a: Rotom|20/100
|move|p1a: Rotom|Hydro Pump|p2a: Cloud Nein
|-damage|p2a: Cloud Nein|20/100
|
|-heal|p1a: Rotom|26/100|[from] item: Leftovers
|upkeep
|turn|24
|
|t:|1610206245
|move|p2a: Cloud Nein|Thunderbolt|p1a: Rotom
|-damage|p1a: Rotom|0 fnt
|faint|p1a: Rotom
|
|upkeep
|
|t:|1610206248
|switch|p1a: Azumarill|Azumarill, M|22/100
|-damage|p1a: Azumarill|10/100|[from] Stealth Rock
|turn|25
|
|t:|1610206255
|switch|p2a: Vorkämpfer|Golisopod, M|38/100
|move|p1a: Azumarill|Aqua Jet|p2a: Vorkämpfer
|-resisted|p2a: Vorkämpfer
|-damage|p2a: Vorkämpfer|25/100
|
|upkeep
|turn|26
|
|t:|1610206262
|move|p1a: Azumarill|Aqua Jet|p2a: Vorkämpfer
|-resisted|p2a: Vorkämpfer
|-damage|p2a: Vorkämpfer|9/100
|move|p2a: Vorkämpfer|Leech Life|p1a: Azumarill
|-resisted|p1a: Azumarill
|-damage|p1a: Azumarill|0 fnt
|-heal|p2a: Vorkämpfer|14/100|[from] drain|[of] p1a: Azumarill
|faint|p1a: Azumarill
|
|upkeep
|
|t:|1610206265
|switch|p1a: Victini|Victini|100/100
|turn|27
|
|t:|1610206272
|move|p1a: Victini|Psychic|p2a: Vorkämpfer
|-damage|p2a: Vorkämpfer|0 fnt
|faint|p2a: Vorkämpfer
|
|upkeep
|
|t:|1610206277
|switch|p2a: Vulkanismus|Terrakion|88/100
|-damage|p2a: Vulkanismus|82/100|[from] Stealth Rock
|turn|28
|
|t:|1610206283
|switch|p1a: Jirachi|Jirachi|89/100
|-damage|p1a: Jirachi|83/100|[from] Stealth Rock
|move|p2a: Vulkanismus|Earthquake|p1a: Jirachi
|-supereffective|p1a: Jirachi
|-damage|p1a: Jirachi|7/100
|
|-heal|p1a: Jirachi|13/100|[from] item: Leftovers
|upkeep
|turn|29
|
|t:|1610206293
|switch|p1a: Tangrowth|Tangrowth, F|51/100
|-damage|p1a: Tangrowth|38/100|[from] Stealth Rock
|move|p2a: Vulkanismus|Earthquake|p1a: Tangrowth
|-resisted|p1a: Tangrowth
|-damage|p1a: Tangrowth|25/100
|
|upkeep
|turn|30
|
|t:|1610206302
|switch|p2a: Virago|Nidoqueen, F|100/100
|-damage|p2a: Virago|94/100|[from] Stealth Rock
|switch|p1a: Krookodile|Krookodile, M|16/100
|-damage|p1a: Krookodile|10/100|[from] Stealth Rock
|-ability|p1a: Krookodile|Intimidate|boost
|-unboost|p2a: Virago|atk|1
|
|-heal|p2a: Virago|100/100|[from] item: Black Sludge
|upkeep
|turn|31
|
|t:|1610206314
|move|p1a: Krookodile|Earthquake|p2a: Virago
|-supereffective|p2a: Virago
|-damage|p2a: Virago|0 fnt
|faint|p2a: Virago
|
|upkeep
|
|t:|1610206319
|switch|p2a: Cloud Nein|Thundurus, M|20/100
|turn|32
|
|t:|1610206325
|move|p2a: Cloud Nein|Knock Off|p1a: Krookodile
|-resisted|p1a: Krookodile
|-damage|p1a: Krookodile|0 fnt
|faint|p1a: Krookodile
|
|upkeep
|
|t:|1610206331
|switch|p1a: Tangrowth|Tangrowth, F|58/100
|-damage|p1a: Tangrowth|46/100|[from] Stealth Rock
|turn|33
|
|t:|1610206340
|switch|p1a: Jirachi|Jirachi|13/100
|-damage|p1a: Jirachi|7/100|[from] Stealth Rock
|move|p2a: Cloud Nein|Superpower|p1a: Jirachi
|-damage|p1a: Jirachi|0 fnt
|-unboost|p2a: Cloud Nein|atk|1
|-unboost|p2a: Cloud Nein|def|1
|faint|p1a: Jirachi
|
|upkeep
|
|t:|1610206342
|switch|p1a: Victini|Victini|100/100
|turn|34
|
|t:|1610206351
|move|p2a: Cloud Nein|Knock Off|p1a: Victini
|-supereffective|p1a: Victini
|-damage|p1a: Victini|61/100
|-enditem|p1a: Victini|Heavy-Duty Boots|[from] move: Knock Off|[of] p2a: Cloud Nein
|move|p1a: Victini|Psychic|p2a: Cloud Nein
|-damage|p2a: Cloud Nein|0 fnt
|faint|p2a: Cloud Nein
|
|upkeep
|
|t:|1610206359
|switch|p2a: Vulkanismus|Terrakion|82/100
|-damage|p2a: Vulkanismus|76/100|[from] Stealth Rock
|turn|35
|
|t:|1610206363
|move|p2a: Vulkanismus|Megahorn|p1a: Victini
|-damage|p1a: Victini|6/100
|move|p1a: Victini|Psychic|p2a: Vulkanismus
|-supereffective|p2a: Vulkanismus
|-damage|p2a: Vulkanismus|0 fnt
|faint|p2a: Vulkanismus
|
|win|Sabreur
|c|☆Sabreur|gg
|c|☆SSRW26 Test Test|gg
|raw|Sabreur's rating: 1461 &rarr; <strong>1473</strong><br />(+12 for winning)
|raw|SSRW26 Test Test's rating: 1299 &rarr; <strong>1285</strong><br />(-14 for losing)
