|j|☆bioche80
|j|☆Final Retribution
|t:|1612730202
|player|p1|bioche80|red|1350
|player|p2|Final Retribution|blue|1423
|teamsize|p1|6
|teamsize|p2|6
|gametype|singles
|gen|8
|tier|[Gen 8] UU
|rated|
|clearpoke
|poke|p1|Ditto|
|poke|p1|Slowking, M|
|poke|p1|Scizor, F|
|poke|p1|Nihilego|
|poke|p1|Chansey, F|
|poke|p1|Keldeo-Resolute|
|poke|p2|Skarmory, F|
|poke|p2|Terrakion|
|poke|p2|Krookodile, F|
|poke|p2|Ninetales-Alola, M|
|poke|p2|Alakazam, M|
|poke|p2|Rotom-Wash|
|rule|Sleep Clause Mod: Limit one foe put to sleep
|rule|Species Clause: Limit one of each Pokémon
|rule|OHKO Clause: OHKO moves are banned
|rule|Evasion Moves Clause: Evasion moves are banned
|rule|Endless Battle Clause: Forcing endless battles is banned
|rule|HP Percentage Mod: HP is shown in percentages
|rule|Dynamax Clause: You cannot dynamax
|teampreview
|
|t:|1612730221
|start
|switch|p1a: Keldeo|Keldeo-Resolute|100/100
|switch|p2a: Alakazam|Alakazam, M|100/100
|turn|1
|
|t:|1612730233
|switch|p1a: Chansey|Chansey, F|100/100
|move|p2a: Alakazam|Psychic|p1a: Chansey
|-damage|p1a: Chansey|79/100
|
|upkeep
|turn|2
|
|t:|1612730242
|switch|p2a: Skarmory|Skarmory, F|100/100
|move|p1a: Chansey|Toxic|p2a: Skarmory
|-immune|p2a: Skarmory
|
|upkeep
|turn|3
|j| LieMaster≧◡≦
|
|t:|1612730259
|switch|p1a: Keldeo|Keldeo-Resolute|100/100
|move|p2a: Skarmory|Stealth Rock|p1a: Keldeo
|-sidestart|p1: bioche80|move: Stealth Rock
|
|upkeep
|turn|4
|
|t:|1612730272
|move|p1a: Keldeo|Substitute|p1a: Keldeo
|-start|p1a: Keldeo|Substitute
|-damage|p1a: Keldeo|76/100
|move|p2a: Skarmory|Roost||[still]
|-fail|p2a: Skarmory|heal
|
|-heal|p1a: Keldeo|82/100|[from] item: Leftovers
|upkeep
|turn|5
|
|t:|1612730284
|move|p1a: Keldeo|Calm Mind|p1a: Keldeo
|-boost|p1a: Keldeo|spa|1
|-boost|p1a: Keldeo|spd|1
|move|p2a: Skarmory|Whirlwind|p1a: Keldeo
|drag|p1a: Scizor|Scizor, F|100/100
|-damage|p1a: Scizor|88/100|[from] Stealth Rock
|
|upkeep
|turn|6
|
|t:|1612730292
|switch|p2a: Rotom|Rotom-Wash|100/100
|move|p1a: Scizor|Knock Off|p2a: Rotom
|-damage|p2a: Rotom|52/100
|-enditem|p2a: Rotom|Heavy-Duty Boots|[from] move: Knock Off|[of] p1a: Scizor
|-damage|p1a: Scizor|78/100|[from] item: Life Orb
|
|upkeep
|turn|7
|
|t:|1612730301
|move|p2a: Rotom|Will-O-Wisp|p1a: Scizor
|-status|p1a: Scizor|brn
|move|p1a: Scizor|U-turn|p2a: Rotom
|-damage|p2a: Rotom|22/100
|-damage|p1a: Scizor|68/100 brn|[from] item: Life Orb
|
|t:|1612730308
|switch|p1a: Keldeo|Keldeo-Resolute|82/100|[from]move: U-turn
|-damage|p1a: Keldeo|76/100|[from] Stealth Rock
|
|-heal|p1a: Keldeo|82/100|[from] item: Leftovers
|upkeep
|turn|8
|
|t:|1612730323
|move|p1a: Keldeo|Secret Sword|p2a: Rotom
|-damage|p2a: Rotom|0 fnt
|faint|p2a: Rotom
|
|-heal|p1a: Keldeo|88/100|[from] item: Leftovers
|upkeep
|
|t:|1612730332
|switch|p2a: Ninetales|Ninetales-Alola, M|100/100
|-weather|Hail|[from] ability: Snow Warning|[of] p2a: Ninetales
|turn|9
|
|t:|1612730338
|switch|p1a: Nihilego|Nihilego|100/100
|-damage|p1a: Nihilego|88/100|[from] Stealth Rock
|move|p2a: Ninetales|Aurora Veil|p2a: Ninetales
|-sidestart|p2: Final Retribution|move: Aurora Veil
|
|-weather|Hail|[upkeep]
|-damage|p1a: Nihilego|82/100|[from] Hail
|upkeep
|turn|10
|
|t:|1612730345
|switch|p2a: Skarmory|Skarmory, F|100/100
|move|p1a: Nihilego|Meteor Beam||[still]
|-prepare|p1a: Nihilego|Meteor Beam
|-boost|p1a: Nihilego|spa|1
|-enditem|p1a: Nihilego|Power Herb
|-anim|p1a: Nihilego|Meteor Beam|p2a: Skarmory
|-damage|p2a: Skarmory|43/100
|
|-weather|Hail|[upkeep]
|-damage|p1a: Nihilego|76/100|[from] Hail
|-damage|p2a: Skarmory|37/100|[from] Hail
|upkeep
|turn|11
|
|t:|1612730356
|move|p1a: Nihilego|Thunderbolt|p2a: Skarmory
|-supereffective|p2a: Skarmory
|-damage|p2a: Skarmory|0 fnt
|faint|p2a: Skarmory
|-ability|p1a: Nihilego|Beast Boost|boost
|-boost|p1a: Nihilego|spe|1
|
|-weather|Hail|[upkeep]
|-damage|p1a: Nihilego|70/100|[from] Hail
|upkeep
|
|t:|1612730369
|switch|p2a: Krookodile|Krookodile, F|100/100
|-ability|p2a: Krookodile|Intimidate|boost
|-unboost|p1a: Nihilego|atk|1
|turn|12
|
|t:|1612730379
|move|p1a: Nihilego|Stealth Rock|p2a: Krookodile
|-sidestart|p2: Final Retribution|move: Stealth Rock
|move|p2a: Krookodile|Earthquake|p1a: Nihilego
|-supereffective|p1a: Nihilego
|-damage|p1a: Nihilego|0 fnt
|faint|p1a: Nihilego
|
|-weather|Hail|[upkeep]
|-damage|p2a: Krookodile|94/100|[from] Hail
|upkeep
|
|t:|1612730393
|switch|p1a: Keldeo|Keldeo-Resolute|88/100
|-damage|p1a: Keldeo|82/100|[from] Stealth Rock
|turn|13
|
|t:|1612730428
|switch|p2a: Ninetales|Ninetales-Alola, M|100/100
|-damage|p2a: Ninetales|76/100|[from] Stealth Rock
|move|p1a: Keldeo|Scald|p2a: Ninetales
|-damage|p2a: Ninetales|57/100
|-status|p2a: Ninetales|brn
|
|-weather|none
|-heal|p1a: Keldeo|88/100|[from] item: Leftovers
|-damage|p2a: Ninetales|51/100 brn|[from] brn
|upkeep
|turn|14
|
|t:|1612730447
|switch|p2a: Terrakion|Terrakion|100/100
|-damage|p2a: Terrakion|94/100|[from] Stealth Rock
|switch|p1a: Chansey|Chansey, F|79/100
|-damage|p1a: Chansey|67/100|[from] Stealth Rock
|
|upkeep
|turn|15
|
|t:|1612730468
|switch|p1a: Slowking|Slowking, M|100/100
|move|p2a: Terrakion|Close Combat|p1a: Slowking
|-resisted|p1a: Slowking
|-damage|p1a: Slowking|66/100
|-unboost|p2a: Terrakion|def|1
|-unboost|p2a: Terrakion|spd|1
|
|upkeep
|turn|16
|
|t:|1612730478
|switch|p2a: Ninetales|Ninetales-Alola, M|51/100 brn
|-damage|p2a: Ninetales|26/100 brn|[from] Stealth Rock
|-weather|Hail|[from] ability: Snow Warning|[of] p2a: Ninetales
|move|p1a: Slowking|Scald|p2a: Ninetales
|-damage|p2a: Ninetales|12/100 brn
|
|-weather|Hail|[upkeep]
|-damage|p1a: Slowking|60/100|[from] Hail
|-damage|p2a: Ninetales|6/100 brn|[from] brn
|-sideend|p2: Final Retribution|move: Aurora Veil
|upkeep
|turn|17
|
|t:|1612730490
|move|p2a: Ninetales|Aurora Veil|p2a: Ninetales
|-sidestart|p2: Final Retribution|move: Aurora Veil
|move|p1a: Slowking|Future Sight|p2a: Ninetales
|-start|p1a: Slowking|move: Future Sight
|
|-weather|Hail|[upkeep]
|-damage|p1a: Slowking|53/100|[from] Hail
|-damage|p2a: Ninetales|0 fnt|[from] brn
|faint|p2a: Ninetales
|upkeep
|
|t:|1612730498
|switch|p2a: Krookodile|Krookodile, F|94/100
|-damage|p2a: Krookodile|88/100|[from] Stealth Rock
|-ability|p2a: Krookodile|Intimidate|boost
|-unboost|p1a: Slowking|atk|1
|turn|18
|
|t:|1612730509
|move|p2a: Krookodile|Knock Off|p1a: Slowking
|-supereffective|p1a: Slowking
|-damage|p1a: Slowking|0 fnt
|-enditem|p1a: Slowking|Heavy-Duty Boots|[from] move: Knock Off|[of] p2a: Krookodile
|faint|p1a: Slowking
|
|-weather|Hail|[upkeep]
|-damage|p2a: Krookodile|82/100|[from] Hail
|upkeep
|
|t:|1612730517
|switch|p1a: Keldeo|Keldeo-Resolute|88/100
|-damage|p1a: Keldeo|82/100|[from] Stealth Rock
|turn|19
|
|t:|1612730526
|move|p2a: Krookodile|Knock Off|p1a: Keldeo
|-resisted|p1a: Keldeo
|-damage|p1a: Keldeo|56/100
|-ability|p1a: Keldeo|Justified|boost
|-boost|p1a: Keldeo|atk|1
|-enditem|p1a: Keldeo|Leftovers|[from] move: Knock Off|[of] p2a: Krookodile
|move|p1a: Keldeo|Scald|p2a: Krookodile
|-supereffective|p2a: Krookodile
|-damage|p2a: Krookodile|25/100
|
|-weather|Hail|[upkeep]
|-damage|p2a: Krookodile|19/100|[from] Hail
|-damage|p1a: Keldeo|49/100|[from] Hail
|-end|p2a: Krookodile|move: Future Sight
|-immune|p2a: Krookodile
|upkeep
|turn|20
|
|t:|1612730538
|move|p2a: Krookodile|Knock Off|p1a: Keldeo
|-resisted|p1a: Keldeo
|-damage|p1a: Keldeo|32/100
|-ability|p1a: Keldeo|Justified|boost
|-boost|p1a: Keldeo|atk|1
|move|p1a: Keldeo|Scald|p2a: Krookodile
|-supereffective|p2a: Krookodile
|-damage|p2a: Krookodile|0 fnt
|faint|p2a: Krookodile
|
|-weather|none
|upkeep
|
|t:|1612730541
|switch|p2a: Alakazam|Alakazam, M|100/100
|turn|21
|
|t:|1612730561
|switch|p1a: Chansey|Chansey, F|67/100
|-damage|p1a: Chansey|54/100|[from] Stealth Rock
|move|p2a: Alakazam|Focus Blast|p1a: Chansey|[miss]
|-miss|p2a: Alakazam|p1a: Chansey
|
|upkeep
|turn|22
|
|t:|1612730569
|move|p2a: Alakazam|Focus Blast|p1a: Chansey
|-supereffective|p1a: Chansey
|-damage|p1a: Chansey|18/100
|move|p1a: Chansey|Soft-Boiled|p1a: Chansey
|-heal|p1a: Chansey|68/100
|
|upkeep
|turn|23
|
|t:|1612730578
|move|p2a: Alakazam|Focus Blast|p1a: Chansey
|-supereffective|p1a: Chansey
|-damage|p1a: Chansey|26/100
|move|p1a: Chansey|Heal Bell|p1a: Chansey
|-activate|p1a: Chansey|move: Heal Bell
|-curestatus|p1: Scizor|brn|[msg]
|
|upkeep
|turn|24
|
|t:|1612730585
|move|p2a: Alakazam|Focus Blast|p1a: Chansey
|-supereffective|p1a: Chansey
|-damage|p1a: Chansey|0 fnt
|faint|p1a: Chansey
|
|-sideend|p2: Final Retribution|move: Aurora Veil
|upkeep
|
|t:|1612730592
|switch|p1a: Ditto|Ditto|100/100
|-damage|p1a: Ditto|88/100|[from] Stealth Rock
|-transform|p1a: Ditto|p2a: Alakazam|[from] ability: Imposter
|turn|25
|
|t:|1612730599
|move|p1a: Ditto|Shadow Ball|p2a: Alakazam
|-supereffective|p2a: Alakazam
|-damage|p2a: Alakazam|15/100
|move|p2a: Alakazam|Focus Blast|p1a: Ditto|[miss]
|-miss|p2a: Alakazam|p1a: Ditto
|
|upkeep
|turn|26
|
|t:|1612730606
|move|p1a: Ditto|Shadow Ball|p2a: Alakazam
|-supereffective|p2a: Alakazam
|-damage|p2a: Alakazam|0 fnt
|faint|p2a: Alakazam
|
|upkeep
|
|t:|1612730608
|switch|p2a: Terrakion|Terrakion|94/100
|-damage|p2a: Terrakion|88/100|[from] Stealth Rock
|turn|27
|
|t:|1612730617
|move|p1a: Ditto|Shadow Ball|p2a: Terrakion
|-damage|p2a: Terrakion|53/100
|move|p2a: Terrakion|Close Combat|p1a: Ditto
|-resisted|p1a: Ditto
|-damage|p1a: Ditto|0 fnt
|-unboost|p2a: Terrakion|def|1
|-unboost|p2a: Terrakion|spd|1
|faint|p1a: Ditto
|
|upkeep
|
|t:|1612730626
|switch|p1a: Scizor|Scizor, F|68/100
|-damage|p1a: Scizor|56/100|[from] Stealth Rock
|turn|28
|
|t:|1612730631
|move|p1a: Scizor|Bullet Punch|p2a: Terrakion
|-supereffective|p2a: Terrakion
|-damage|p2a: Terrakion|0 fnt
|-damage|p1a: Scizor|46/100|[from] item: Life Orb
|faint|p2a: Terrakion
|
|win|bioche80
|c|☆bioche80|gg
