|j|☆kindersurprise2 0
|j|☆Hydreigon > Latias
|t:|1663333865
|gametype|singles
|player|p1|kindersurprise2 0|emmet|1299
|player|p2|Hydreigon > Latias|guitarist|1473
|teamsize|p1|6
|teamsize|p2|6
|gen|8
|tier|[Gen 8] UU
|rated|
|rule|Sleep Clause Mod: Limit one foe put to sleep
|rule|Species Clause: Limit one of each Pokémon
|rule|OHKO Clause: OHKO moves are banned
|rule|Evasion Items Clause: Evasion items are banned
|rule|Evasion Moves Clause: Evasion moves are banned
|rule|Endless Battle Clause: Forcing endless battles is banned
|rule|HP Percentage Mod: HP is shown in percentages
|rule|Dynamax Clause: You cannot dynamax
|clearpoke
|poke|p1|Slowbro-Galar, M|
|poke|p1|Zarude-Dada|
|poke|p1|Rotom-Wash|
|poke|p1|Moltres|
|poke|p1|Hippowdon, F|
|poke|p1|Celesteela|
|poke|p2|Chansey, F|
|poke|p2|Skarmory, M|
|poke|p2|Zygarde-10%|
|poke|p2|Scizor, M|
|poke|p2|Slowking, M|
|poke|p2|Nihilego|
|teampreview
|
|t:|1663333915
|start
|switch|p1a: Cabbage|Rotom-Wash|100/100
|switch|p2a: Slowking|Slowking, M|100/100
|turn|1
|
|t:|1663333947
|switch|p2a: Chansey|Chansey, F|100/100
|move|p1a: Cabbage|Trick|p2a: Chansey
|-activate|p1a: Cabbage|move: Trick|[of] p2a: Chansey
|-item|p2a: Chansey|Choice Scarf|[from] move: Trick
|-item|p1a: Cabbage|Eviolite|[from] move: Trick
|
|upkeep
|turn|2
|
|t:|1663333957
|move|p1a: Cabbage|Volt Switch|p2a: Chansey
|-damage|p2a: Chansey|88/100
|
|t:|1663333971
|switch|p1a: Hax Repellant 3.0|Slowbro-Galar, M|100/100|[from]move: Volt Switch
|move|p2a: Chansey|Seismic Toss|p1a: Hax Repellant 3.0
|-damage|p1a: Hax Repellant 3.0|75/100
|
|upkeep
|turn|3
|
|t:|1663333981
|move|p2a: Chansey|Seismic Toss|p1a: Hax Repellant 3.0
|-damage|p1a: Hax Repellant 3.0|50/100
|move|p1a: Hax Repellant 3.0|Future Sight|p2a: Chansey
|-start|p1a: Hax Repellant 3.0|move: Future Sight
|
|upkeep
|turn|4
|
|t:|1663333987
|switch|p1a: Cocoa|Hippowdon, F|100/100
|-weather|Sandstorm|[from] ability: Sand Stream|[of] p1a: Cocoa
|move|p2a: Chansey|Seismic Toss|p1a: Cocoa
|-damage|p1a: Cocoa|77/100
|
|-weather|Sandstorm|[upkeep]
|-damage|p2a: Chansey|81/100|[from] Sandstorm
|-heal|p1a: Cocoa|83/100|[from] item: Leftovers
|upkeep
|turn|5
|
|t:|1663333991
|switch|p2a: Skarmory|Skarmory, M|100/100
|move|p1a: Cocoa|Stealth Rock|p2a: Skarmory
|-sidestart|p2: Hydreigon > Latias|move: Stealth Rock
|
|-weather|Sandstorm|[upkeep]
|-end|p2a: Skarmory|move: Future Sight
|-resisted|p2a: Skarmory
|-damage|p2a: Skarmory|71/100
|-heal|p1a: Cocoa|89/100|[from] item: Leftovers
|upkeep
|turn|6
|
|t:|1663333996
|switch|p1a: Panda|Celesteela, shiny|100/100
|move|p2a: Skarmory|Defog|p1a: Panda
|-unboost|p1a: Panda|evasion|1
|-sideend|p2: Hydreigon > Latias|Stealth Rock|[from] move: Defog|[of] p2a: Skarmory
|
|-weather|Sandstorm|[upkeep]
|upkeep
|turn|7
|
|t:|1663334000
|switch|p2a: Slowking|Slowking, M|100/100
|move|p1a: Panda|Autotomize|p1a: Panda
|-boost|p1a: Panda|spe|2
|-start|p1a: Panda|Autotomize
|
|-weather|Sandstorm|[upkeep]
|-damage|p2a: Slowking|94/100|[from] Sandstorm
|upkeep
|turn|8
|
|t:|1663334013
|switch|p1a: Avocado|Moltres|100/100
|move|p2a: Slowking|Teleport|p2a: Slowking
|
|t:|1663334039
|switch|p2a: Nihilego|Nihilego|100/100|[from]move: Teleport
|
|-weather|none
|upkeep
|turn|9
|
|t:|1663334047
|switch|p1a: Hax Repellant 3.0|Slowbro-Galar, M|83/100
|move|p2a: Nihilego|Knock Off|p1a: Hax Repellant 3.0
|-supereffective|p1a: Hax Repellant 3.0
|-damage|p1a: Hax Repellant 3.0|67/100
|-enditem|p1a: Hax Repellant 3.0|Assault Vest|[from] move: Knock Off|[of] p2a: Nihilego
|
|upkeep
|turn|10
|
|t:|1663334073
|switch|p2a: Zygarde|Zygarde-10%|100/100
|-ability|p2a: Zygarde|Aura Break
|move|p1a: Hax Repellant 3.0|Earthquake|p2a: Zygarde
|-damage|p2a: Zygarde|61/100
|
|upkeep
|turn|11
|
|t:|1663334078
|switch|p1a: Cocoa|Hippowdon, F|89/100
|-weather|Sandstorm|[from] ability: Sand Stream|[of] p1a: Cocoa
|move|p2a: Zygarde|Toxic|p1a: Cocoa
|-status|p1a: Cocoa|tox
|
|-weather|Sandstorm|[upkeep]
|-heal|p1a: Cocoa|95/100 tox|[from] item: Leftovers
|-damage|p1a: Cocoa|89/100 tox|[from] psn
|upkeep
|turn|12
|
|t:|1663334085
|switch|p2a: Scizor|Scizor, M|100/100
|move|p1a: Cocoa|Stealth Rock|p2a: Scizor
|-sidestart|p2: Hydreigon > Latias|move: Stealth Rock
|
|-weather|Sandstorm|[upkeep]
|-heal|p1a: Cocoa|95/100 tox|[from] item: Leftovers
|-damage|p1a: Cocoa|83/100 tox|[from] psn
|upkeep
|turn|13
|
|t:|1663334088
|switch|p1a: Panda|Celesteela, shiny|100/100
|move|p2a: Scizor|Knock Off|p1a: Panda
|-damage|p1a: Panda|64/100
|-enditem|p1a: Panda|Power Herb|[from] move: Knock Off|[of] p2a: Scizor
|
|-weather|Sandstorm|[upkeep]
|upkeep
|turn|14
|
|t:|1663334093
|switch|p1a: Ermm|Zarude-Dada|100/100
|switch|p2a: Nihilego|Nihilego|100/100
|-damage|p2a: Nihilego|88/100|[from] Stealth Rock
|
|-weather|Sandstorm|[upkeep]
|-damage|p1a: Ermm|95/100|[from] Sandstorm
|-heal|p2a: Nihilego|94/100|[from] item: Black Sludge
|upkeep
|turn|15
|
|t:|1663334118
|switch|p2a: Scizor|Scizor, M|100/100
|move|p1a: Ermm|Close Combat|p2a: Scizor
|-damage|p2a: Scizor|45/100
|-unboost|p1a: Ermm|def|1
|-unboost|p1a: Ermm|spd|1
|
|-weather|none
|upkeep
|turn|16
|
|t:|1663334130
|switch|p2a: Slowking|Slowking, M|100/100
|-damage|p2a: Slowking|88/100|[from] Stealth Rock
|move|p1a: Ermm|Close Combat|p2a: Slowking
|-resisted|p2a: Slowking
|-damage|p2a: Slowking|66/100
|-unboost|p1a: Ermm|def|1
|-unboost|p1a: Ermm|spd|1
|
|upkeep
|turn|17
|
|t:|1663334148
|switch|p1a: Hax Repellant 3.0|Slowbro-Galar, M|99/100
|move|p2a: Slowking|Teleport|p2a: Slowking
|
|t:|1663334156
|switch|p2a: Zygarde|Zygarde-10%|61/100|[from]move: Teleport
|-damage|p2a: Zygarde|55/100|[from] Stealth Rock
|-ability|p2a: Zygarde|Aura Break
|
|upkeep
|turn|18
|
|t:|1663334169
|switch|p1a: Cocoa|Hippowdon, F|83/100 tox
|-weather|Sandstorm|[from] ability: Sand Stream|[of] p1a: Cocoa
|move|p2a: Zygarde|Thousand Arrows|p1a: Cocoa
|-damage|p1a: Cocoa|50/100 tox
|
|-weather|Sandstorm|[upkeep]
|-heal|p1a: Cocoa|57/100 tox|[from] item: Leftovers
|-damage|p1a: Cocoa|50/100 tox|[from] psn
|upkeep
|turn|19
|
|t:|1663334175
|move|p2a: Zygarde|Thousand Arrows|p1a: Cocoa
|-damage|p1a: Cocoa|18/100 tox
|move|p1a: Cocoa|Slack Off|p1a: Cocoa
|-heal|p1a: Cocoa|68/100 tox
|
|-weather|Sandstorm|[upkeep]
|-heal|p1a: Cocoa|74/100 tox|[from] item: Leftovers
|-damage|p1a: Cocoa|62/100 tox|[from] psn
|upkeep
|turn|20
|
|t:|1663334182
|switch|p2a: Skarmory|Skarmory, M|71/100
|-damage|p2a: Skarmory|58/100|[from] Stealth Rock
|move|p1a: Cocoa|Earthquake|p2a: Skarmory
|-immune|p2a: Skarmory
|
|-weather|Sandstorm|[upkeep]
|-heal|p1a: Cocoa|68/100 tox|[from] item: Leftovers
|-damage|p1a: Cocoa|50/100 tox|[from] psn
|upkeep
|turn|21
|j| ramo is a she
|
|t:|1663334257
|switch|p1a: Cabbage|Rotom-Wash|100/100
|move|p2a: Skarmory|Defog|p1a: Cabbage
|-unboost|p1a: Cabbage|evasion|1
|-sideend|p2: Hydreigon > Latias|Stealth Rock|[from] move: Defog|[of] p2a: Skarmory
|
|-weather|Sandstorm|[upkeep]
|-damage|p1a: Cabbage|95/100|[from] Sandstorm
|upkeep
|turn|22
|
|t:|1663334282
|switch|p2a: Zygarde|Zygarde-10%|55/100
|-ability|p2a: Zygarde|Aura Break
|move|p1a: Cabbage|Volt Switch|p2a: Zygarde
|-immune|p2a: Zygarde
|
|-weather|none
|upkeep
|turn|23
|
|t:|1663334293
|switch|p1a: Ermm|Zarude-Dada|95/100
|move|p2a: Zygarde|Thousand Arrows|p1a: Ermm
|-resisted|p1a: Ermm
|-damage|p1a: Ermm|68/100
|
|upkeep
|turn|24
|
|t:|1663334298
|switch|p2a: Scizor|Scizor, M|45/100
|move|p1a: Ermm|Darkest Lariat|p2a: Scizor
|-damage|p2a: Scizor|0 fnt
|faint|p2a: Scizor
|
|upkeep
|
|t:|1663334303
|switch|p2a: Skarmory|Skarmory, M|58/100
|turn|25
|
|t:|1663334313
|switch|p1a: Avocado|Moltres|100/100
|move|p2a: Skarmory|Roost|p2a: Skarmory
|-heal|p2a: Skarmory|100/100
|-singleturn|p2a: Skarmory|move: Roost
|
|upkeep
|turn|26
|
|t:|1663334318
|switch|p2a: Nihilego|Nihilego|94/100
|move|p1a: Avocado|Mystical Fire|p2a: Nihilego
|-resisted|p2a: Nihilego
|-damage|p2a: Nihilego|82/100
|-unboost|p2a: Nihilego|spa|1
|
|-heal|p2a: Nihilego|88/100|[from] item: Black Sludge
|upkeep
|turn|27
|
|t:|1663334325
|switch|p1a: Hax Repellant 3.0|Slowbro-Galar, M|100/100
|move|p2a: Nihilego|Stealth Rock|p1a: Hax Repellant 3.0
|-sidestart|p1: kindersurprise2 0|move: Stealth Rock
|
|-heal|p2a: Nihilego|94/100|[from] item: Black Sludge
|upkeep
|turn|28
|
|t:|1663334329
|switch|p2a: Slowking|Slowking, M|99/100
|move|p1a: Hax Repellant 3.0|Ice Beam|p2a: Slowking
|-resisted|p2a: Slowking
|-damage|p2a: Slowking|92/100
|
|upkeep
|turn|29
|
|t:|1663334333
|move|p1a: Hax Repellant 3.0|Future Sight|p2a: Slowking
|-start|p1a: Hax Repellant 3.0|move: Future Sight
|move|p2a: Slowking|Scald|p1a: Hax Repellant 3.0
|-damage|p1a: Hax Repellant 3.0|72/100
|-status|p1a: Hax Repellant 3.0|brn
|
|-damage|p1a: Hax Repellant 3.0|65/100 brn|[from] brn
|upkeep
|turn|30
|
|t:|1663334358
|switch|p1a: Cabbage|Rotom-Wash|95/100
|-damage|p1a: Cabbage|82/100|[from] Stealth Rock
|move|p2a: Slowking|Teleport|p2a: Slowking
|
|t:|1663334366
|switch|p2a: Chansey|Chansey, F|81/100|[from]move: Teleport
|
|upkeep
|turn|31
|
|t:|1663334370
|move|p1a: Cabbage|Volt Switch|p2a: Chansey
|-damage|p2a: Chansey|68/100
|
|t:|1663334374
|switch|p1a: Cocoa|Hippowdon, F|50/100 tox|[from]move: Volt Switch
|-damage|p1a: Cocoa|43/100 tox|[from] Stealth Rock
|-weather|Sandstorm|[from] ability: Sand Stream|[of] p1a: Cocoa
|move|p2a: Chansey|Soft-Boiled|p2a: Chansey
|-heal|p2a: Chansey|100/100
|
|-weather|Sandstorm|[upkeep]
|-damage|p2a: Chansey|94/100|[from] Sandstorm
|-end|p2a: Chansey|move: Future Sight
|-damage|p2a: Chansey|75/100
|-heal|p1a: Cocoa|50/100 tox|[from] item: Leftovers
|-damage|p1a: Cocoa|43/100 tox|[from] psn
|upkeep
|turn|32
|
|t:|1663334383
|move|p2a: Chansey|Soft-Boiled|p2a: Chansey
|-heal|p2a: Chansey|100/100
|move|p1a: Cocoa|Stealth Rock|p2a: Chansey
|-sidestart|p2: Hydreigon > Latias|move: Stealth Rock
|
|-weather|Sandstorm|[upkeep]
|-damage|p2a: Chansey|94/100|[from] Sandstorm
|-heal|p1a: Cocoa|50/100 tox|[from] item: Leftovers
|-damage|p1a: Cocoa|37/100 tox|[from] psn
|upkeep
|turn|33
|
|t:|1663334386
|switch|p2a: Skarmory|Skarmory, M|100/100
|-damage|p2a: Skarmory|88/100|[from] Stealth Rock
|switch|p1a: Ermm|Zarude-Dada|68/100
|-damage|p1a: Ermm|56/100|[from] Stealth Rock
|
|-weather|Sandstorm|[upkeep]
|-damage|p1a: Ermm|50/100|[from] Sandstorm
|upkeep
|turn|34
|
|t:|1663334396
|switch|p1a: Panda|Celesteela, shiny|64/100
|-damage|p1a: Panda|52/100|[from] Stealth Rock
|move|p2a: Skarmory|Body Press|p1a: Panda
|-damage|p1a: Panda|22/100
|
|-weather|Sandstorm|[upkeep]
|upkeep
|turn|35
|
|t:|1663334405
|switch|p1a: Ermm|Zarude-Dada|50/100
|-damage|p1a: Ermm|38/100|[from] Stealth Rock
|switch|p2a: Nihilego|Nihilego|94/100
|-damage|p2a: Nihilego|82/100|[from] Stealth Rock
|
|-weather|none
|-heal|p2a: Nihilego|88/100|[from] item: Black Sludge
|upkeep
|turn|36
|
|t:|1663334411
|switch|p2a: Skarmory|Skarmory, M|88/100
|-damage|p2a: Skarmory|76/100|[from] Stealth Rock
|move|p1a: Ermm|Close Combat|p2a: Skarmory
|-damage|p2a: Skarmory|40/100
|-unboost|p1a: Ermm|def|1
|-unboost|p1a: Ermm|spd|1
|-damage|p1a: Ermm|21/100|[from] item: Rocky Helmet|[of] p2a: Skarmory
|
|upkeep
|turn|37
|
|t:|1663334418
|switch|p1a: Cabbage|Rotom-Wash|82/100
|-damage|p1a: Cabbage|70/100|[from] Stealth Rock
|move|p2a: Skarmory|Roost|p2a: Skarmory
|-heal|p2a: Skarmory|90/100
|-singleturn|p2a: Skarmory|move: Roost
|
|upkeep
|turn|38
|
|t:|1663334425
|switch|p2a: Chansey|Chansey, F|94/100
|-damage|p2a: Chansey|82/100|[from] Stealth Rock
|move|p1a: Cabbage|Defog|p2a: Chansey
|-unboost|p2a: Chansey|evasion|1
|-sideend|p2: Hydreigon > Latias|Stealth Rock|[from] move: Defog|[of] p1a: Cabbage
|-sideend|p1: kindersurprise2 0|Stealth Rock|[from] move: Defog|[of] p1a: Cabbage
|
|upkeep
|turn|39
|
|t:|1663334436
|move|p1a: Cabbage|Volt Switch|p2a: Chansey
|-damage|p2a: Chansey|67/100
|
|t:|1663334445
|switch|p1a: Hax Repellant 3.0|Slowbro-Galar, M|99/100 brn|[from]move: Volt Switch
|move|p2a: Chansey|Seismic Toss|p1a: Hax Repellant 3.0
|-damage|p1a: Hax Repellant 3.0|73/100 brn
|
|-damage|p1a: Hax Repellant 3.0|67/100 brn|[from] brn
|upkeep
|turn|40
|
|t:|1663334455
|move|p2a: Chansey|Seismic Toss|p1a: Hax Repellant 3.0
|-damage|p1a: Hax Repellant 3.0|42/100 brn
|move|p1a: Hax Repellant 3.0|Future Sight|p2a: Chansey
|-start|p1a: Hax Repellant 3.0|move: Future Sight
|
|-damage|p1a: Hax Repellant 3.0|36/100 brn|[from] brn
|upkeep
|turn|41
|
|t:|1663334465
|switch|p1a: Avocado|Moltres|100/100
|move|p2a: Chansey|Seismic Toss|p1a: Avocado
|-damage|p1a: Avocado|73/100
|-status|p2a: Chansey|brn|[from] ability: Flame Body|[of] p1a: Avocado
|
|-damage|p2a: Chansey|60/100 brn|[from] brn
|upkeep
|turn|42
|
|t:|1663334471
|-curestatus|p2a: Chansey|brn|[from] ability: Natural Cure
|switch|p2a: Slowking|Slowking, M|100/100
|move|p1a: Avocado|U-turn|p2a: Slowking
|-supereffective|p2a: Slowking
|-damage|p2a: Slowking|79/100
|
|t:|1663334478
|switch|p1a: Cocoa|Hippowdon, F|37/100 tox|[from]move: U-turn
|-weather|Sandstorm|[from] ability: Sand Stream|[of] p1a: Cocoa
|
|-weather|Sandstorm|[upkeep]
|-damage|p2a: Slowking|73/100|[from] Sandstorm
|-end|p2a: Slowking|move: Future Sight
|-resisted|p2a: Slowking
|-damage|p2a: Slowking|57/100
|-heal|p1a: Cocoa|43/100 tox|[from] item: Leftovers
|-damage|p1a: Cocoa|37/100 tox|[from] psn
|upkeep
|turn|43
|
|t:|1663334483
|move|p1a: Cocoa|Stealth Rock|p2a: Slowking
|-sidestart|p2: Hydreigon > Latias|move: Stealth Rock
|move|p2a: Slowking|Scald|p1a: Cocoa
|-supereffective|p1a: Cocoa
|-crit|p1a: Cocoa
|-damage|p1a: Cocoa|0 fnt
|faint|p1a: Cocoa
|
|-weather|Sandstorm|[upkeep]
|-damage|p2a: Slowking|51/100|[from] Sandstorm
|upkeep
|
|t:|1663334489
|switch|p1a: Ermm|Zarude-Dada|21/100
|turn|44
|
|t:|1663334509
|switch|p2a: Skarmory|Skarmory, M|90/100
|-damage|p2a: Skarmory|78/100|[from] Stealth Rock
|move|p1a: Ermm|Darkest Lariat|p2a: Skarmory
|-damage|p2a: Skarmory|41/100
|-damage|p1a: Ermm|4/100|[from] item: Rocky Helmet|[of] p2a: Skarmory
|
|-weather|Sandstorm|[upkeep]
|-damage|p1a: Ermm|0 fnt|[from] Sandstorm
|faint|p1a: Ermm
|upkeep
|
|t:|1663334523
|switch|p1a: Cabbage|Rotom-Wash|70/100
|turn|45
|
|t:|1663334565
|switch|p2a: Zygarde|Zygarde-10%|55/100
|-damage|p2a: Zygarde|49/100|[from] Stealth Rock
|-ability|p2a: Zygarde|Aura Break
|move|p1a: Cabbage|Hydro Pump|p2a: Zygarde|[miss]
|-miss|p1a: Cabbage|p2a: Zygarde
|
|-weather|Sandstorm|[upkeep]
|-damage|p1a: Cabbage|64/100|[from] Sandstorm
|upkeep
|turn|46
|
|t:|1663334575
|move|p2a: Zygarde|Thousand Arrows|p1a: Cabbage
|-supereffective|p1a: Cabbage
|-damage|p1a: Cabbage|0 fnt
|faint|p1a: Cabbage
|
|-weather|none
|upkeep
|c|☆kindersurprise2 0|Game hates me
|c|☆kindersurprise2 0|gg
|-message|kindersurprise2 0 forfeited.
|
|win|Hydreigon > Latias
|raw|kindersurprise2 0's rating: 1311 &rarr; <strong>1300</strong><br />(-11 for losing)
|raw|Hydreigon &gt; Latias's rating: 1473 &rarr; <strong>1484</strong><br />(+11 for winning)
|l|☆kindersurprise2 0
||Ladder isn't responding, score probably updated but might not have (Request timeout).
