|j|☆Tempest brute
|j|☆pif
|t:|1664330673
|gametype|singles
|player|p1|Tempest brute|169|1583
|player|p2|pif|#uutrio2ladder|1704
|teamsize|p1|6
|teamsize|p2|6
|gen|8
|tier|[Gen 8] UU
|rated|
|rule|Sleep Clause Mod: Limit one foe put to sleep
|rule|Species Clause: Limit one of each Pokémon
|rule|OHKO Clause: OHKO moves are banned
|rule|Evasion Items Clause: Evasion items are banned
|rule|Evasion Moves Clause: Evasion moves are banned
|rule|Endless Battle Clause: Forcing endless battles is banned
|rule|HP Percentage Mod: HP is shown in percentages
|rule|Dynamax Clause: You cannot dynamax
|clearpoke
|poke|p1|Skarmory, M|
|poke|p1|Hydreigon, F|
|poke|p1|Cresselia, F|
|poke|p1|Primarina, M|
|poke|p1|Golisopod, F|
|poke|p1|Thundurus-Therian, M|
|poke|p2|Golisopod, F|
|poke|p2|Cobalion|
|poke|p2|Zygarde-10%|
|poke|p2|Chansey, F|
|poke|p2|Salamence, M|
|poke|p2|Tentacruel, M|
|teampreview
|c|☆Tempest brute|the team s everywhe
|c|☆pif|im pokemonisfun
|c|☆pif|glhf
|c|☆Tempest brute|so two of your accounts are top 5
|c|☆Tempest brute|how
|c|☆pif|not easy!
|c|☆pif|are you in pia btw?
|c|☆pif|if youre interested in more uu things, feel free to join pia, a uu focused discord here - focus is to help people get into uu and we have tours with prizes and other fun stuff like building sessions https://www.smogon.com/forums/members/pokemonisfun.56643/#about
|c|☆Tempest brute|ure
|
|t:|1664330749
|start
|switch|p1a: Golisopod|Golisopod, F|100/100
|switch|p2a: GOD POD|Golisopod, F|100/100
|turn|1
|l|☆Tempest brute
|player|p1|
|j|☆Tempest brute
|player|p1|Tempest brute|169
|
|t:|1664330775
|switch|p2a: mencey wencey|Salamence, M|100/100
|-ability|p2a: mencey wencey|Intimidate|boost
|-unboost|p1a: Golisopod|atk|1
|move|p1a: Golisopod|Knock Off|p2a: mencey wencey
|-crit|p2a: mencey wencey
|-damage|p2a: mencey wencey|54/100
|-enditem|p2a: mencey wencey|Heavy-Duty Boots|[from] move: Knock Off|[of] p1a: Golisopod
|
|upkeep
|turn|2
|
|t:|1664330779
|switch|p1a: Thundurus|Thundurus-Therian, M|100/100
|move|p2a: mencey wencey|Roost|p2a: mencey wencey
|-heal|p2a: mencey wencey|100/100
|-singleturn|p2a: mencey wencey|move: Roost
|
|upkeep
|turn|3
|
|t:|1664330788
|move|p1a: Thundurus|Nasty Plot|p1a: Thundurus
|-boost|p1a: Thundurus|spa|2
|move|p2a: mencey wencey|Flamethrower|p1a: Thundurus
|-damage|p1a: Thundurus|74/100
|
|upkeep
|turn|4
|
|t:|1664330856
|switch|p2a: GOD POD|Golisopod, F|100/100
|move|p1a: Thundurus|Psychic|p2a: GOD POD
|-damage|p2a: GOD POD|28/100
|-activate|p2a: GOD POD|ability: Emergency Exit
|
|t:|1664330862
|switch|p2a: Zygarde-10% off|Zygarde-10%|100/100
|-ability|p2a: Zygarde-10% off|Aura Break
|
|upkeep
|turn|5
|
|t:|1664330872
|switch|p2a: GOD POD|Golisopod, F|28/100
|switch|p1a: Golisopod|Golisopod, F|100/100
|
|upkeep
|turn|6
|
|t:|1664330879
|switch|p2a: coba truthin|Cobalion|100/100
|move|p1a: Golisopod|Knock Off|p2a: coba truthin
|-resisted|p2a: coba truthin
|-damage|p2a: coba truthin|84/100
|-damage|p1a: Golisopod|84/100|[from] item: Rocky Helmet|[of] p2a: coba truthin
|-ability|p2a: coba truthin|Justified|boost
|-boost|p2a: coba truthin|atk|1
|-enditem|p2a: coba truthin|Rocky Helmet|[from] move: Knock Off|[of] p1a: Golisopod
|
|upkeep
|turn|7
|
|t:|1664330884
|move|p2a: coba truthin|Stealth Rock|p1a: Golisopod
|-sidestart|p1: Tempest brute|move: Stealth Rock
|move|p1a: Golisopod|Liquidation|p2a: coba truthin
|-damage|p2a: coba truthin|41/100
|
|upkeep
|turn|8
|
|t:|1664330889
|switch|p2a: mencey wencey|Salamence, M|100/100
|-ability|p2a: mencey wencey|Intimidate|boost
|-unboost|p1a: Golisopod|atk|1
|move|p1a: Golisopod|Liquidation|p2a: mencey wencey
|-resisted|p2a: mencey wencey
|-damage|p2a: mencey wencey|86/100
|
|upkeep
|turn|9
|
|t:|1664330895
|move|p2a: mencey wencey|Wish|p2a: mencey wencey
|move|p1a: Golisopod|Knock Off|p2a: mencey wencey
|-damage|p2a: mencey wencey|72/100
|
|upkeep
|turn|10
|
|t:|1664330900
|switch|p2a: coba truthin|Cobalion|41/100
|move|p1a: Golisopod|Leech Life|p2a: coba truthin
|-resisted|p2a: coba truthin
|-damage|p2a: coba truthin|35/100
|-heal|p1a: Golisopod|87/100|[from] drain|[of] p2a: coba truthin
|
|-heal|p2a: coba truthin|96/100|[from] move: Wish|[wisher] mencey wencey
|upkeep
|turn|11
|
|t:|1664330910
|switch|p2a: mencey wencey|Salamence, M|72/100
|-ability|p2a: mencey wencey|Intimidate|boost
|-unboost|p1a: Golisopod|atk|1
|switch|p1a: Skarmory|Skarmory, M|100/100
|-damage|p1a: Skarmory|88/100|[from] Stealth Rock
|
|upkeep
|turn|12
|
|t:|1664330913
|switch|p1a: Thundurus|Thundurus-Therian, M|74/100
|move|p2a: mencey wencey|Wish|p2a: mencey wencey
|
|upkeep
|turn|13
|
|t:|1664330920
|switch|p2a: Zygarde-10% off|Zygarde-10%|100/100
|-ability|p2a: Zygarde-10% off|Aura Break
|move|p1a: Thundurus|Psychic|p2a: Zygarde-10% off
|-crit|p2a: Zygarde-10% off
|-damage|p2a: Zygarde-10% off|22/100
|
|-heal|p2a: Zygarde-10% off|100/100|[from] move: Wish|[wisher] mencey wencey
|upkeep
|turn|14
|
|t:|1664330930
|switch|p1a: Cresselia|Cresselia, F|100/100
|-damage|p1a: Cresselia|88/100|[from] Stealth Rock
|move|p2a: Zygarde-10% off|Toxic|p1a: Cresselia
|-status|p1a: Cresselia|tox
|
|-heal|p1a: Cresselia|94/100 tox|[from] item: Leftovers
|-damage|p1a: Cresselia|88/100 tox|[from] psn
|upkeep
|turn|15
|
|t:|1664330954
|switch|p2a: megan the eggin|Chansey, F|100/100
|switch|p1a: Thundurus|Thundurus-Therian, M|74/100
|
|upkeep
|turn|16
|
|t:|1664330959
|move|p1a: Thundurus|Nasty Plot|p1a: Thundurus
|-boost|p1a: Thundurus|spa|2
|move|p2a: megan the eggin|Teleport|p2a: megan the eggin
|
|t:|1664330962
|switch|p2a: Zygarde-10% off|Zygarde-10%|100/100|[from]move: Teleport
|-ability|p2a: Zygarde-10% off|Aura Break
|
|upkeep
|turn|17
|
|t:|1664330968
|move|p2a: Zygarde-10% off|Thousand Arrows|p1a: Thundurus
|-damage|p1a: Thundurus|0 fnt
|faint|p1a: Thundurus
|
|upkeep
|-message|Tempest brute forfeited.
|
|win|pif
|raw|Tempest brute's rating: 1583 &rarr; <strong>1570</strong><br />(-13 for losing)
|raw|pif's rating: 1704 &rarr; <strong>1717</strong><br />(+13 for winning)
|l|☆Tempest brute
||Ladder isn't responding, score probably updated but might not have (Request timeout).
