|j|☆V3nuesaur
|j|☆Corporate Donkey
|t:|1656279615
|gametype|singles
|player|p1|V3nuesaur|roark|
|player|p2|Corporate Donkey|ingo|
|teamsize|p1|6
|teamsize|p2|6
|gen|8
|tier|[Gen 8] UU
|rule|Sleep Clause Mod: Limit one foe put to sleep
|rule|Species Clause: Limit one of each Pokémon
|rule|OHKO Clause: OHKO moves are banned
|rule|Evasion Moves Clause: Evasion moves are banned
|rule|Endless Battle Clause: Forcing endless battles is banned
|rule|HP Percentage Mod: HP is shown in percentages
|rule|Dynamax Clause: You cannot dynamax
|clearpoke
|poke|p1|Slowbro-Galar, F|
|poke|p1|Tapu Bulu|
|poke|p1|Rotom-Wash|
|poke|p1|Hippowdon, F|
|poke|p1|Scizor, M|
|poke|p1|Hydreigon, M|
|poke|p2|Nihilego|
|poke|p2|Salamence, M|
|poke|p2|Zarude|
|poke|p2|Cobalion|
|poke|p2|Primarina, F|
|poke|p2|Chansey, F|
|teampreview
|c|☆Corporate Donkey|gl hf
|c|☆V3nuesaur|u2
|c|☆Corporate Donkey|thanks
|
|t:|1656279702
|start
|switch|p1a: Slowbro|Slowbro-Galar, F|100/100
|switch|p2a: Trash Monkey|Zarude|100/100
|turn|1
|
|t:|1656279723
|switch|p1a: Scizor|Scizor, M|100/100
|move|p2a: Trash Monkey|U-turn|p1a: Scizor
|-resisted|p1a: Scizor
|-damage|p1a: Scizor|91/100
|
|t:|1656279728
|switch|p2a: Horacio|Cobalion|100/100|[from]move: U-turn
|
|upkeep
|turn|2
|
|t:|1656279749
|switch|p1a: Slowbro|Slowbro-Galar, F|100/100
|move|p2a: Horacio|Swords Dance|p2a: Horacio
|-boost|p2a: Horacio|atk|2
|
|upkeep
|turn|3
|
|t:|1656279753
|switch|p2a: Chansey|Chansey, F|100/100
|move|p1a: Slowbro|Flamethrower|p2a: Chansey
|-damage|p2a: Chansey|93/100
|
|upkeep
|turn|4
|
|t:|1656279756
|switch|p1a: Hippowdon|Hippowdon, F|100/100
|-weather|Sandstorm|[from] ability: Sand Stream|[of] p1a: Hippowdon
|move|p2a: Chansey|Thunder Wave|p1a: Hippowdon
|-immune|p1a: Hippowdon
|
|-weather|Sandstorm|[upkeep]
|-damage|p2a: Chansey|87/100|[from] Sandstorm
|upkeep
|turn|5
|
|t:|1656279762
|switch|p2a: Sirena|Primarina, F|100/100
|move|p1a: Hippowdon|Stealth Rock|p2a: Sirena
|-sidestart|p2: Corporate Donkey|move: Stealth Rock
|
|-weather|Sandstorm|[upkeep]
|-damage|p2a: Sirena|95/100|[from] Sandstorm
|upkeep
|turn|6
|
|t:|1656279769
|switch|p1a: Slowbro|Slowbro-Galar, F|100/100
|move|p2a: Sirena|Moonblast|p1a: Slowbro
|-resisted|p1a: Slowbro
|-damage|p1a: Slowbro|76/100
|-unboost|p1a: Slowbro|spa|1
|
|-weather|Sandstorm|[upkeep]
|-damage|p2a: Sirena|89/100|[from] Sandstorm
|-damage|p1a: Slowbro|70/100|[from] Sandstorm
|upkeep
|turn|7
|
|t:|1656279780
|switch|p2a: Rodrigo|Salamence, M|100/100
|-ability|p2a: Rodrigo|Intimidate|boost
|-unboost|p1a: Slowbro|atk|1
|move|p1a: Slowbro|Future Sight|p2a: Rodrigo
|-start|p1a: Slowbro|move: Future Sight
|
|-weather|Sandstorm|[upkeep]
|-damage|p2a: Rodrigo|94/100|[from] Sandstorm
|-damage|p1a: Slowbro|64/100|[from] Sandstorm
|upkeep
|turn|8
|
|t:|1656279784
|switch|p1a: Rotom|Rotom-Wash|100/100
|move|p2a: Rodrigo|Defog|p1a: Rotom
|-unboost|p1a: Rotom|evasion|1
|-sideend|p2: Corporate Donkey|Stealth Rock|[from] move: Defog|[of] p2a: Rodrigo
|
|-weather|none
|upkeep
|turn|9
|
|t:|1656279791
|switch|p2a: Trash Monkey|Zarude|100/100
|move|p1a: Rotom|Volt Switch|p2a: Trash Monkey
|-resisted|p2a: Trash Monkey
|-damage|p2a: Trash Monkey|87/100
|
|t:|1656279796
|switch|p1a: Scizor|Scizor, M|91/100|[from]move: Volt Switch
|
|-end|p2a: Trash Monkey|move: Future Sight
|-immune|p2a: Trash Monkey
|upkeep
|turn|10
|inactive|Battle timer is ON: inactive players will automatically lose when time's up. (requested by V3nuesaur)
|
|t:|1656279883
|switch|p1a: Hippowdon|Hippowdon, F|100/100
|-weather|Sandstorm|[from] ability: Sand Stream|[of] p1a: Hippowdon
|move|p2a: Trash Monkey|U-turn|p1a: Hippowdon
|-damage|p1a: Hippowdon|88/100
|-damage|p2a: Trash Monkey|70/100|[from] item: Rocky Helmet|[of] p1a: Hippowdon
|
|t:|1656279887
|switch|p2a: Sirena|Primarina, F|89/100|[from]move: U-turn
|
|-weather|Sandstorm|[upkeep]
|-damage|p2a: Sirena|83/100|[from] Sandstorm
|upkeep
|turn|11
|
|t:|1656279889
|switch|p1a: Slowbro|Slowbro-Galar, F|97/100
|move|p2a: Sirena|Hydro Pump|p1a: Slowbro
|-damage|p1a: Slowbro|47/100
|
|-weather|Sandstorm|[upkeep]
|-damage|p2a: Sirena|77/100|[from] Sandstorm
|-damage|p1a: Slowbro|41/100|[from] Sandstorm
|upkeep
|turn|12
|
|t:|1656279893
|switch|p2a: Noodle|Nihilego|100/100
|switch|p1a: Rotom|Rotom-Wash|100/100
|
|-weather|Sandstorm|[upkeep]
|-damage|p1a: Rotom|94/100|[from] Sandstorm
|upkeep
|turn|13
|
|t:|1656279900
|switch|p1a: Hippowdon|Hippowdon, F|88/100
|move|p2a: Noodle|Stealth Rock|p1a: Hippowdon
|-sidestart|p1: V3nuesaur|move: Stealth Rock
|
|-weather|Sandstorm|[upkeep]
|upkeep
|turn|14
|
|t:|1656279905
|switch|p2a: Trash Monkey|Zarude|70/100
|switch|p1a: Scizor|Scizor, M|91/100
|
|-weather|none
|upkeep
|turn|15
|
|t:|1656279917
|move|p2a: Trash Monkey|U-turn|p1a: Scizor
|-resisted|p1a: Scizor
|-damage|p1a: Scizor|82/100
|
|t:|1656279920
|switch|p2a: Horacio|Cobalion|100/100|[from]move: U-turn
|move|p1a: Scizor|Knock Off|p2a: Horacio
|-resisted|p2a: Horacio
|-damage|p2a: Horacio|86/100
|-damage|p1a: Scizor|65/100|[from] item: Rocky Helmet|[of] p2a: Horacio
|-ability|p2a: Horacio|Justified|boost
|-boost|p2a: Horacio|atk|1
|-enditem|p2a: Horacio|Rocky Helmet|[from] move: Knock Off|[of] p1a: Scizor
|
|upkeep
|turn|16
|
|t:|1656279927
|switch|p1a: Slowbro|Slowbro-Galar, F|74/100
|-damage|p1a: Slowbro|62/100|[from] Stealth Rock
|move|p2a: Horacio|Iron Head|p1a: Slowbro
|-damage|p1a: Slowbro|19/100
|
|upkeep
|turn|17
|
|t:|1656279938
|switch|p1a: Rotom|Rotom-Wash|94/100
|move|p2a: Horacio|Swords Dance|p2a: Horacio
|-boost|p2a: Horacio|atk|2
|
|upkeep
|turn|18
|j| Ara ara<3
|
|t:|1656279966
|move|p2a: Horacio|Close Combat|p1a: Rotom
|-damage|p1a: Rotom|0 fnt
|-unboost|p2a: Horacio|def|1
|-unboost|p2a: Horacio|spd|1
|faint|p1a: Rotom
|
|upkeep
|
|t:|1656279971
|switch|p1a: Hydreigon|Hydreigon, M|100/100
|-damage|p1a: Hydreigon|88/100|[from] Stealth Rock
|turn|19
|
|t:|1656279976
|switch|p2a: Sirena|Primarina, F|77/100
|move|p1a: Hydreigon|U-turn|p2a: Sirena
|-resisted|p2a: Sirena
|-damage|p2a: Sirena|66/100
|
|t:|1656279980
|switch|p1a: Tapu Bulu|Tapu Bulu|100/100|[from]move: U-turn
|-damage|p1a: Tapu Bulu|88/100|[from] Stealth Rock
|-fieldstart|move: Grassy Terrain|[from] ability: Grassy Surge|[of] p1a: Tapu Bulu
|
|-heal|p1a: Tapu Bulu|94/100|[from] Grassy Terrain
|-heal|p2a: Sirena|72/100|[from] Grassy Terrain
|upkeep
|turn|20
|
|t:|1656279986
|switch|p2a: Rodrigo|Salamence, M|94/100
|-ability|p2a: Rodrigo|Intimidate|boost
|-unboost|p1a: Tapu Bulu|atk|1
|move|p1a: Tapu Bulu|Stone Edge|p2a: Rodrigo
|-supereffective|p2a: Rodrigo
|-damage|p2a: Rodrigo|20/100
|-damage|p1a: Tapu Bulu|84/100|[from] item: Life Orb
|
|-heal|p1a: Tapu Bulu|91/100|[from] Grassy Terrain
|upkeep
|turn|21
|
|t:|1656279991
|switch|p1a: Hydreigon|Hydreigon, M|88/100
|-damage|p1a: Hydreigon|76/100|[from] Stealth Rock
|move|p2a: Rodrigo|Roost|p2a: Rodrigo
|-heal|p2a: Rodrigo|70/100
|-singleturn|p2a: Rodrigo|move: Roost
|
|-heal|p2a: Rodrigo|77/100|[from] Grassy Terrain
|upkeep
|turn|22
|
|t:|1656279996
|move|p1a: Hydreigon|U-turn|p2a: Rodrigo
|-resisted|p2a: Rodrigo
|-damage|p2a: Rodrigo|69/100
|
|t:|1656279999
|switch|p1a: Slowbro|Slowbro-Galar, F|53/100|[from]move: U-turn
|-damage|p1a: Slowbro|40/100|[from] Stealth Rock
|move|p2a: Rodrigo|Hurricane|p1a: Slowbro
|-damage|p1a: Slowbro|15/100
|
|-heal|p1a: Slowbro|22/100|[from] Grassy Terrain
|upkeep
|turn|23
|
|t:|1656280009
|switch|p1a: Hippowdon|Hippowdon, F|88/100
|-damage|p1a: Hippowdon|81/100|[from] Stealth Rock
|-weather|Sandstorm|[from] ability: Sand Stream|[of] p1a: Hippowdon
|move|p2a: Rodrigo|Hurricane|p1a: Hippowdon
|-damage|p1a: Hippowdon|37/100
|-start|p1a: Hippowdon|confusion
|
|-weather|Sandstorm|[upkeep]
|-damage|p2a: Rodrigo|63/100|[from] Sandstorm
|-heal|p1a: Hippowdon|43/100|[from] Grassy Terrain
|-fieldend|move: Grassy Terrain
|upkeep
|turn|24
|
|t:|1656280015
|move|p2a: Rodrigo|Roost|p2a: Rodrigo
|-heal|p2a: Rodrigo|100/100
|-singleturn|p2a: Rodrigo|move: Roost
|-activate|p1a: Hippowdon|confusion
|-damage|p1a: Hippowdon|38/100|[from] confusion
|
|-weather|Sandstorm|[upkeep]
|-damage|p2a: Rodrigo|94/100|[from] Sandstorm
|upkeep
|turn|25
|
|t:|1656280020
|switch|p1a: Slowbro|Slowbro-Galar, F|55/100
|-damage|p1a: Slowbro|42/100|[from] Stealth Rock
|move|p2a: Rodrigo|Hurricane|p1a: Slowbro
|-damage|p1a: Slowbro|20/100
|
|-weather|Sandstorm|[upkeep]
|-damage|p2a: Rodrigo|88/100|[from] Sandstorm
|-damage|p1a: Slowbro|14/100|[from] Sandstorm
|upkeep
|turn|26
|
|t:|1656280023
|switch|p1a: Hippowdon|Hippowdon, F|38/100
|-damage|p1a: Hippowdon|32/100|[from] Stealth Rock
|move|p2a: Rodrigo|Flamethrower|p1a: Hippowdon
|-damage|p1a: Hippowdon|11/100
|
|-weather|Sandstorm|[upkeep]
|-damage|p2a: Rodrigo|82/100|[from] Sandstorm
|upkeep
|turn|27
|
|t:|1656280028
|switch|p1a: Slowbro|Slowbro-Galar, F|47/100
|-damage|p1a: Slowbro|35/100|[from] Stealth Rock
|move|p2a: Rodrigo|Flamethrower|p1a: Slowbro
|-damage|p1a: Slowbro|23/100
|
|-weather|none
|upkeep
|turn|28
|
|t:|1656280033
|switch|p1a: Hydreigon|Hydreigon, M|76/100
|-damage|p1a: Hydreigon|64/100|[from] Stealth Rock
|move|p2a: Rodrigo|Hurricane|p1a: Hydreigon
|-damage|p1a: Hydreigon|20/100
|
|upkeep
|turn|29
|
|t:|1656280039
|switch|p2a: Chansey|Chansey, F|87/100
|move|p1a: Hydreigon|U-turn|p2a: Chansey
|-damage|p2a: Chansey|77/100
|
|t:|1656280041
|switch|p1a: Tapu Bulu|Tapu Bulu|91/100|[from]move: U-turn
|-damage|p1a: Tapu Bulu|78/100|[from] Stealth Rock
|-fieldstart|move: Grassy Terrain|[from] ability: Grassy Surge|[of] p1a: Tapu Bulu
|
|-heal|p1a: Tapu Bulu|84/100|[from] Grassy Terrain
|-heal|p2a: Chansey|83/100|[from] Grassy Terrain
|upkeep
|turn|30
|
|t:|1656280045
|move|p1a: Tapu Bulu|Close Combat|p2a: Chansey
|-supereffective|p2a: Chansey
|-damage|p2a: Chansey|11/100
|-unboost|p1a: Tapu Bulu|def|1
|-unboost|p1a: Tapu Bulu|spd|1
|-damage|p1a: Tapu Bulu|75/100|[from] item: Life Orb
|move|p2a: Chansey|Thunder Wave|p1a: Tapu Bulu|[miss]
|-miss|p2a: Chansey|p1a: Tapu Bulu
|
|-heal|p1a: Tapu Bulu|81/100|[from] Grassy Terrain
|-heal|p2a: Chansey|17/100|[from] Grassy Terrain
|upkeep
|turn|31
|
|t:|1656280061
|switch|p2a: Rodrigo|Salamence, M|82/100
|-ability|p2a: Rodrigo|Intimidate|boost
|-unboost|p1a: Tapu Bulu|atk|1
|move|p1a: Tapu Bulu|Stone Edge|p2a: Rodrigo
|-supereffective|p2a: Rodrigo
|-damage|p2a: Rodrigo|15/100
|-damage|p1a: Tapu Bulu|71/100|[from] item: Life Orb
|
|-heal|p1a: Tapu Bulu|77/100|[from] Grassy Terrain
|upkeep
|turn|32
|
|t:|1656280069
|switch|p1a: Hydreigon|Hydreigon, M|20/100
|-damage|p1a: Hydreigon|8/100|[from] Stealth Rock
|move|p2a: Rodrigo|Roost|p2a: Rodrigo
|-heal|p2a: Rodrigo|65/100
|-singleturn|p2a: Rodrigo|move: Roost
|
|-heal|p2a: Rodrigo|71/100|[from] Grassy Terrain
|upkeep
|turn|33
|
|t:|1656280077
|switch|p2a: Noodle|Nihilego|100/100
|move|p1a: Hydreigon|Draco Meteor|p2a: Noodle
|-damage|p2a: Noodle|48/100
|-unboost|p1a: Hydreigon|spa|2
|
|-heal|p2a: Noodle|54/100|[from] Grassy Terrain
|-heal|p2a: Noodle|60/100|[from] item: Black Sludge
|-fieldend|move: Grassy Terrain
|upkeep
|turn|34
|
|t:|1656280080
|switch|p1a: Scizor|Scizor, M|65/100
|move|p2a: Noodle|Knock Off|p1a: Scizor
|-damage|p1a: Scizor|56/100
|-enditem|p1a: Scizor|Heavy-Duty Boots|[from] move: Knock Off|[of] p2a: Noodle
|
|-heal|p2a: Noodle|66/100|[from] item: Black Sludge
|upkeep
|turn|35
|
|t:|1656280088
|switch|p2a: Horacio|Cobalion|86/100
|switch|p1a: Slowbro|Slowbro-Galar, F|56/100
|-damage|p1a: Slowbro|43/100|[from] Stealth Rock
|
|upkeep
|turn|36
|
|t:|1656280102
|switch|p2a: Sirena|Primarina, F|72/100
|move|p1a: Slowbro|Flamethrower|p2a: Sirena
|-resisted|p2a: Sirena
|-damage|p2a: Sirena|60/100
|
|upkeep
|turn|37
|
|t:|1656280127
|switch|p1a: Hippowdon|Hippowdon, F|11/100
|-damage|p1a: Hippowdon|4/100|[from] Stealth Rock
|-weather|Sandstorm|[from] ability: Sand Stream|[of] p1a: Hippowdon
|move|p2a: Sirena|Hydro Pump|p1a: Hippowdon
|-supereffective|p1a: Hippowdon
|-damage|p1a: Hippowdon|0 fnt
|faint|p1a: Hippowdon
|
|-weather|Sandstorm|[upkeep]
|-damage|p2a: Sirena|54/100|[from] Sandstorm
|upkeep
|
|t:|1656280135
|switch|p1a: Tapu Bulu|Tapu Bulu|77/100
|-damage|p1a: Tapu Bulu|65/100|[from] Stealth Rock
|-fieldstart|move: Grassy Terrain|[from] ability: Grassy Surge|[of] p1a: Tapu Bulu
|turn|38
|
|t:|1656280149
|switch|p2a: Horacio|Cobalion|86/100
|move|p1a: Tapu Bulu|Close Combat|p2a: Horacio
|-supereffective|p2a: Horacio
|-crit|p2a: Horacio
|-damage|p2a: Horacio|0 fnt
|-unboost|p1a: Tapu Bulu|def|1
|-unboost|p1a: Tapu Bulu|spd|1
|faint|p2a: Horacio
|-damage|p1a: Tapu Bulu|55/100|[from] item: Life Orb
|
|-weather|Sandstorm|[upkeep]
|-damage|p1a: Tapu Bulu|49/100|[from] Sandstorm
|-heal|p1a: Tapu Bulu|55/100|[from] Grassy Terrain
|upkeep
|c|☆Corporate Donkey|damn I though you were gonna go for stone edge
|inactive|Corporate Donkey has 270 seconds left.
|
|t:|1656280175
|switch|p2a: Rodrigo|Salamence, M|71/100
|-ability|p2a: Rodrigo|Intimidate|boost
|-unboost|p1a: Tapu Bulu|atk|1
|turn|39
|c|☆V3nuesaur|yeah i'm trying to mix it up
|
|t:|1656280182
|switch|p1a: Slowbro|Slowbro-Galar, F|77/100
|-damage|p1a: Slowbro|64/100|[from] Stealth Rock
|move|p2a: Rodrigo|Hurricane|p1a: Slowbro|[miss]
|-miss|p2a: Rodrigo|p1a: Slowbro
|
|-weather|Sandstorm|[upkeep]
|-damage|p2a: Rodrigo|65/100|[from] Sandstorm
|-damage|p1a: Slowbro|58/100|[from] Sandstorm
|-heal|p1a: Slowbro|64/100|[from] Grassy Terrain
|upkeep
|turn|40
|
|t:|1656280192
|move|p2a: Rodrigo|Hurricane|p1a: Slowbro|[miss]
|-miss|p2a: Rodrigo|p1a: Slowbro
|move|p1a: Slowbro|Shell Side Arm|p2a: Rodrigo|[anim] Shell Side Arm Special
|-damage|p2a: Rodrigo|28/100
|-hint|Special Shell Side Arm
|
|-weather|Sandstorm|[upkeep]
|-damage|p2a: Rodrigo|22/100|[from] Sandstorm
|-damage|p1a: Slowbro|58/100|[from] Sandstorm
|-heal|p1a: Slowbro|64/100|[from] Grassy Terrain
|upkeep
|turn|41
|
|t:|1656280196
|move|p2a: Rodrigo|Roost|p2a: Rodrigo
|-heal|p2a: Rodrigo|72/100
|-singleturn|p2a: Rodrigo|move: Roost
|move|p1a: Slowbro|Shell Side Arm|p2a: Rodrigo|[anim] Shell Side Arm Special
|-damage|p2a: Rodrigo|35/100
|-hint|Special Shell Side Arm
|
|-weather|none
|-heal|p2a: Rodrigo|41/100|[from] Grassy Terrain
|-heal|p1a: Slowbro|70/100|[from] Grassy Terrain
|upkeep
|turn|42
|
|t:|1656280201
|move|p2a: Rodrigo|Roost|p2a: Rodrigo
|-heal|p2a: Rodrigo|91/100
|-singleturn|p2a: Rodrigo|move: Roost
|move|p1a: Slowbro|Future Sight|p2a: Rodrigo
|-start|p1a: Slowbro|move: Future Sight
|
|-heal|p2a: Rodrigo|97/100|[from] Grassy Terrain
|-heal|p1a: Slowbro|76/100|[from] Grassy Terrain
|-fieldend|move: Grassy Terrain
|upkeep
|turn|43
|
|t:|1656280204
|move|p2a: Rodrigo|Hurricane|p1a: Slowbro|[miss]
|-miss|p2a: Rodrigo|p1a: Slowbro
|move|p1a: Slowbro|Shell Side Arm|p2a: Rodrigo|[anim] Shell Side Arm Special
|-damage|p2a: Rodrigo|60/100
|-hint|Special Shell Side Arm
|
|upkeep
|turn|44
|
|t:|1656280208
|switch|p2a: Chansey|Chansey, F|17/100
|move|p1a: Slowbro|Shell Side Arm|p2a: Chansey|[anim] Shell Side Arm Physical
|-damage|p2a: Chansey|0 fnt
|-hint|Physical Shell Side Arm
|faint|p2a: Chansey
|
|-hint|Future Sight did not hit because the target is fainted.
|upkeep
|c|☆V3nuesaur|sry
|
|t:|1656280214
|switch|p2a: Trash Monkey|Zarude|70/100
|turn|45
|c|☆V3nuesaur|i don't see much way i come back from that tho
|
|t:|1656280233
|switch|p1a: Hydreigon|Hydreigon, M|8/100
|-damage|p1a: Hydreigon|0 fnt|[from] Stealth Rock
|faint|p1a: Hydreigon
|move|p2a: Trash Monkey|U-turn|p1: Hydreigon|[notarget]
|-fail|p2a: Trash Monkey
|
|upkeep
|
|t:|1656280246
|switch|p1a: Scizor|Scizor, M|56/100
|-damage|p1a: Scizor|43/100|[from] Stealth Rock
|turn|46
|
|t:|1656280249
|move|p2a: Trash Monkey|U-turn|p1a: Scizor
|-resisted|p1a: Scizor
|-damage|p1a: Scizor|35/100
|
|t:|1656280257
|switch|p2a: Sirena|Primarina, F|54/100|[from]move: U-turn
|move|p1a: Scizor|Swords Dance|p1a: Scizor
|-boost|p1a: Scizor|atk|2
|
|upkeep
|turn|47
|
|t:|1656280261
|move|p1a: Scizor|Bullet Punch|p2a: Sirena
|-damage|p2a: Sirena|0 fnt
|faint|p2a: Sirena
|
|upkeep
|
|t:|1656280264
|switch|p2a: Rodrigo|Salamence, M|60/100
|-ability|p2a: Rodrigo|Intimidate|boost
|-unboost|p1a: Scizor|atk|1
|turn|48
|
|t:|1656280267
|switch|p1a: Slowbro|Slowbro-Galar, F|100/100
|-damage|p1a: Slowbro|88/100|[from] Stealth Rock
|move|p2a: Rodrigo|Flamethrower|p1a: Slowbro
|-damage|p1a: Slowbro|74/100
|
|upkeep
|turn|49
|
|t:|1656280274
|move|p2a: Rodrigo|Roost|p2a: Rodrigo
|-heal|p2a: Rodrigo|100/100
|-singleturn|p2a: Rodrigo|move: Roost
|move|p1a: Slowbro|Shell Side Arm|p2a: Rodrigo|[anim] Shell Side Arm Special
|-damage|p2a: Rodrigo|64/100
|-hint|Special Shell Side Arm
|
|upkeep
|turn|50
|
|t:|1656280277
|switch|p2a: Noodle|Nihilego|66/100
|move|p1a: Slowbro|Future Sight|p2a: Noodle
|-start|p1a: Slowbro|move: Future Sight
|
|-heal|p2a: Noodle|72/100|[from] item: Black Sludge
|upkeep
|turn|51
|
|t:|1656280285
|move|p2a: Noodle|Knock Off|p1a: Slowbro
|-supereffective|p1a: Slowbro
|-damage|p1a: Slowbro|51/100
|-enditem|p1a: Slowbro|Assault Vest|[from] move: Knock Off|[of] p2a: Noodle
|move|p1a: Slowbro|Shell Side Arm|p2a: Noodle|[anim] Shell Side Arm Physical
|-resisted|p2a: Noodle
|-crit|p2a: Noodle
|-damage|p2a: Noodle|52/100
|-hint|Physical Shell Side Arm
|
|-heal|p2a: Noodle|58/100|[from] item: Black Sludge
|upkeep
|turn|52
|
|t:|1656280295
|switch|p2a: Trash Monkey|Zarude|70/100
|move|p1a: Slowbro|Shell Side Arm|p2a: Trash Monkey|[anim] Shell Side Arm Special
|-supereffective|p2a: Trash Monkey
|-damage|p2a: Trash Monkey|0 fnt
|-hint|Special Shell Side Arm
|faint|p2a: Trash Monkey
|
|-hint|Future Sight did not hit because the target is fainted.
|upkeep
|
|t:|1656280303
|switch|p2a: Noodle|Nihilego|58/100
|turn|53
|l| Ara ara<3
|
|t:|1656280308
|switch|p1a: Tapu Bulu|Tapu Bulu|55/100
|-damage|p1a: Tapu Bulu|42/100|[from] Stealth Rock
|-fieldstart|move: Grassy Terrain|[from] ability: Grassy Surge|[of] p1a: Tapu Bulu
|move|p2a: Noodle|Power Gem|p1a: Tapu Bulu
|-damage|p1a: Tapu Bulu|0 fnt
|faint|p1a: Tapu Bulu
|-ability|p2a: Noodle|Beast Boost|boost
|-boost|p2a: Noodle|spa|1
|
|-heal|p2a: Noodle|64/100|[from] Grassy Terrain
|-heal|p2a: Noodle|70/100|[from] item: Black Sludge
|upkeep
|j| Ara ara<3
|
|t:|1656280314
|switch|p1a: Scizor|Scizor, M|35/100
|-damage|p1a: Scizor|22/100|[from] Stealth Rock
|turn|54
|
|t:|1656280321
|switch|p2a: Rodrigo|Salamence, M|64/100
|-ability|p2a: Rodrigo|Intimidate|boost
|-unboost|p1a: Scizor|atk|1
|move|p1a: Scizor|Bullet Punch|p2a: Rodrigo
|-damage|p2a: Rodrigo|45/100
|
|-heal|p1a: Scizor|28/100|[from] Grassy Terrain
|upkeep
|turn|55
|
|t:|1656280325
|switch|p1a: Slowbro|Slowbro-Galar, F|85/100
|-damage|p1a: Slowbro|72/100|[from] Stealth Rock
|move|p2a: Rodrigo|Roost|p2a: Rodrigo
|-heal|p2a: Rodrigo|95/100
|-singleturn|p2a: Rodrigo|move: Roost
|
|-heal|p2a: Rodrigo|100/100|[from] Grassy Terrain
|-heal|p1a: Slowbro|78/100|[from] Grassy Terrain
|upkeep
|turn|56
|
|t:|1656280330
|switch|p2a: Noodle|Nihilego|70/100
|move|p1a: Slowbro|Future Sight|p2a: Noodle
|-start|p1a: Slowbro|move: Future Sight
|
|-heal|p2a: Noodle|76/100|[from] Grassy Terrain
|-heal|p2a: Noodle|82/100|[from] item: Black Sludge
|-heal|p1a: Slowbro|84/100|[from] Grassy Terrain
|upkeep
|turn|57
|
|t:|1656280338
|move|p2a: Noodle|Power Gem|p1a: Slowbro
|-damage|p1a: Slowbro|50/100
|move|p1a: Slowbro|Psyshock|p2a: Noodle
|-supereffective|p2a: Noodle
|-damage|p2a: Noodle|0 fnt
|faint|p2a: Noodle
|
|-heal|p1a: Slowbro|56/100|[from] Grassy Terrain
|-fieldend|move: Grassy Terrain
|upkeep
|
|t:|1656280343
|switch|p2a: Rodrigo|Salamence, M|100/100
|-ability|p2a: Rodrigo|Intimidate|boost
|-unboost|p1a: Slowbro|atk|1
|turn|58
|
|t:|1656280356
|switch|p1a: Scizor|Scizor, M|28/100
|-damage|p1a: Scizor|16/100|[from] Stealth Rock
|move|p2a: Rodrigo|Hurricane|p1a: Scizor|[miss]
|-miss|p2a: Rodrigo|p1a: Scizor
|
|-end|p2a: Rodrigo|move: Future Sight
|-damage|p2a: Rodrigo|49/100
|upkeep
|turn|59
|
|t:|1656280362
|move|p1a: Scizor|Bullet Punch|p2a: Rodrigo
|-damage|p2a: Rodrigo|21/100
|move|p2a: Rodrigo|Roost|p2a: Rodrigo
|-heal|p2a: Rodrigo|71/100
|-singleturn|p2a: Rodrigo|move: Roost
|
|upkeep
|turn|60
|
|t:|1656280366
|move|p1a: Scizor|Bullet Punch|p2a: Rodrigo
|-damage|p2a: Rodrigo|42/100
|move|p2a: Rodrigo|Roost|p2a: Rodrigo
|-heal|p2a: Rodrigo|93/100
|-singleturn|p2a: Rodrigo|move: Roost
|
|upkeep
|turn|61
|
|t:|1656280370
|move|p1a: Scizor|Bullet Punch|p2a: Rodrigo
|-damage|p2a: Rodrigo|63/100
|move|p2a: Rodrigo|Flamethrower|p1a: Scizor
|-supereffective|p1a: Scizor
|-damage|p1a: Scizor|0 fnt
|faint|p1a: Scizor
|
|upkeep
|
|t:|1656280372
|switch|p1a: Slowbro|Slowbro-Galar, F|89/100
|-damage|p1a: Slowbro|77/100|[from] Stealth Rock
|turn|62
|inactive|V3nuesaur has 270 seconds left.
|
|t:|1656280418
|move|p2a: Rodrigo|Hurricane|p1a: Slowbro|[miss]
|-miss|p2a: Rodrigo|p1a: Slowbro
|move|p1a: Slowbro|Future Sight|p2a: Rodrigo
|-start|p1a: Slowbro|move: Future Sight
|
|upkeep
|turn|63
|
|t:|1656280422
|move|p2a: Rodrigo|Hurricane|p1a: Slowbro
|-damage|p1a: Slowbro|39/100
|move|p1a: Slowbro|Shell Side Arm|p2a: Rodrigo|[anim] Shell Side Arm Special
|-damage|p2a: Rodrigo|24/100
|-hint|Special Shell Side Arm
|
|upkeep
|turn|64
|inactive|V3nuesaur has 270 seconds left.
|
|t:|1656280427
|move|p2a: Rodrigo|Roost|p2a: Rodrigo
|-heal|p2a: Rodrigo|74/100
|-singleturn|p2a: Rodrigo|move: Roost
|move|p1a: Slowbro|Shell Side Arm|p2a: Rodrigo|[anim] Shell Side Arm Special
|-damage|p2a: Rodrigo|37/100
|-hint|Special Shell Side Arm
|-status|p2a: Rodrigo|psn
|
|-end|p2a: Rodrigo|move: Future Sight
|-damage|p2a: Rodrigo|0 fnt
|faint|p2a: Rodrigo
|
|win|V3nuesaur
|upkeep
|c|☆Corporate Donkey|gg
|c|☆V3nuesaur|gg
|c|☆V3nuesaur|sry i lucked u there
