|j|☆Bamarah
|j|☆Crowbcrow
|player|p1|Bamarah|eusine-gen2|1298
|player|p2|Crowbcrow|blue|1328
|teamsize|p1|6
|teamsize|p2|6
|gametype|singles
|gen|8
|tier|[Gen 8] UU
|rated|
|clearpoke
|poke|p1|Noivern, M|
|poke|p1|Keldeo-Resolute|
|poke|p1|Darmanitan, M|
|poke|p1|Chandelure, M|
|poke|p1|Skarmory, M|
|poke|p1|Blissey, F|
|poke|p2|Scolipede, F|
|poke|p2|Barraskewda, M|
|poke|p2|Incineroar, F|
|poke|p2|Keldeo-Resolute|
|poke|p2|Rhyperior, F|
|poke|p2|Roserade, F|
|rule|Sleep Clause Mod: Limit one foe put to sleep
|rule|Species Clause: Limit one of each Pokémon
|rule|OHKO Clause: OHKO moves are banned
|rule|Evasion Moves Clause: Evasion moves are banned
|rule|Endless Battle Clause: Forcing endless battles is banned
|rule|HP Percentage Mod: HP is shown in percentages
|rule|Dynamax Clause: You cannot dynamax
|teampreview
|inactive|Battle timer is ON: inactive players will automatically lose when time's up. (requested by Bamarah)
|
|start
|switch|p1a: Darmanitan|Darmanitan, M, shiny|100/100
|switch|p2a: Rhyperior|Rhyperior, F|100/100
|turn|1
|inactive|Crowbcrow has 120 seconds left.
|
|move|p1a: Darmanitan|U-turn|p2a: Rhyperior
|-damage|p2a: Rhyperior|85/100
|
|switch|p1a: Keldeo|Keldeo-Resolute|100/100|[from]move: U-turn
|move|p2a: Rhyperior|Stealth Rock|p1a: Keldeo
|-sidestart|p1: Bamarah|move: Stealth Rock
|
|-heal|p2a: Rhyperior|92/100|[from] item: Leftovers
|upkeep
|turn|2
|inactive|Crowbcrow has 120 seconds left.
|
|switch|p2a: Roserade|Roserade, F|100/100
|move|p1a: Keldeo|Icy Wind|p2a: Roserade
|-supereffective|p2a: Roserade
|-damage|p2a: Roserade|33/100
|-unboost|p2a: Roserade|spe|1
|-damage|p1a: Keldeo|91/100|[from] item: Life Orb
|
|upkeep
|turn|3
|
|move|p1a: Keldeo|Icy Wind|p2a: Roserade|[miss]
|-miss|p1a: Keldeo|p2a: Roserade
|move|p2a: Roserade|Spikes|p1a: Keldeo
|-sidestart|p1: Bamarah|Spikes
|
|upkeep
|turn|4
|c|☆Bamarah|!dt icy wind
|raw|<ul class="utilichart"><li class="result"><span class="col movenamecol"><a href="https://dex.pokemonshowdown.com/moves/icywind">Icy Wind</a></span> <span class="col typecol"><img src="//play.pokemonshowdown.com/sprites/types/Ice.png" alt="Ice" width="32" height="14"><img src="//play.pokemonshowdown.com/sprites/categories/Special.png" alt="Special" width="32" height="14"></span> <span class="col labelcol"><em>Power</em><br>55</span> <span class="col widelabelcol"><em>Accuracy</em><br>95%</span> <span class="col pplabelcol"><em>PP</em><br>24</span> <span class="col movedesccol">100% chance to lower the foe(s) Speed by 1.</span> </li><li style="clear:both"></li></ul>
|raw|<font size="1"><font color="#686868">Priority:</font> 0&nbsp;|&ThickSpace;<font color="#686868">Gen:</font> 2&nbsp;|&ThickSpace;&#10003; Secondary effect&nbsp;|&ThickSpace;<font color="#686868">Z-Power:</font> 100&nbsp;|&ThickSpace;<font color="#686868">Dynamax Power:</font> 110&nbsp;|&ThickSpace;<font color="#686868">Target:</font> All Adjacent Opponents</font>

|inactive|Crowbcrow has 120 seconds left.
|
|move|p1a: Keldeo|Icy Wind|p2a: Roserade
|-supereffective|p2a: Roserade
|-damage|p2a: Roserade|0 fnt
|-damage|p1a: Keldeo|81/100|[from] item: Life Orb
|faint|p2a: Roserade
|
|upkeep
|
|switch|p2a: Barraskewda|Barraskewda, M|100/100
|turn|5
|
|move|p2a: Barraskewda|Close Combat|p1a: Keldeo
|-damage|p1a: Keldeo|5/100
|-unboost|p2a: Barraskewda|def|1
|-unboost|p2a: Barraskewda|spd|1
|move|p1a: Keldeo|Secret Sword|p2a: Barraskewda
|-damage|p2a: Barraskewda|0 fnt
|-damage|p1a: Keldeo|0 fnt|[from] item: Life Orb
|faint|p2a: Barraskewda
|faint|p1a: Keldeo
|
|upkeep
|inactive|Crowbcrow has 120 seconds left.
|
|switch|p2a: Keldeo|Keldeo-Resolute|100/100
|switch|p1a: Noivern|Noivern, M, shiny|100/100
|-damage|p1a: Noivern|76/100|[from] Stealth Rock
|turn|6
|
|move|p1a: Noivern|Hurricane|p2a: Keldeo
|-supereffective|p2a: Keldeo
|-damage|p2a: Keldeo|0 fnt
|-damage|p1a: Noivern|66/100|[from] item: Life Orb
|faint|p2a: Keldeo
|
|upkeep
|
|switch|p2a: Rhyperior|Rhyperior, F|92/100
|turn|7
|
|move|p1a: Noivern|Defog|p2a: Rhyperior
|-unboost|p2a: Rhyperior|evasion|1
|-sideend|p1: Bamarah|Spikes|[from] move: Defog|[of] p1a: Noivern
|-sideend|p1: Bamarah|Stealth Rock|[from] move: Defog|[of] p1a: Noivern
|move|p2a: Rhyperior|Stone Edge|p1a: Noivern
|-supereffective|p1a: Noivern
|-crit|p1a: Noivern
|-damage|p1a: Noivern|0 fnt
|faint|p1a: Noivern
|
|-heal|p2a: Rhyperior|98/100|[from] item: Leftovers
|upkeep
|
|switch|p1a: Chandelure|Chandelure, M, shiny|100/100
|turn|8
|
|move|p1a: Chandelure|Energy Ball|p2a: Rhyperior
|-supereffective|p2a: Rhyperior
|-damage|p2a: Rhyperior|1/100
|move|p2a: Rhyperior|Earthquake|p1a: Chandelure
|-supereffective|p1a: Chandelure
|-damage|p1a: Chandelure|0 fnt
|faint|p1a: Chandelure
|
|-heal|p2a: Rhyperior|7/100|[from] item: Leftovers
|upkeep
|
|switch|p1a: Skarmory|Skarmory, M, shiny|100/100
|turn|9
|
|move|p1a: Skarmory|Iron Defense|p1a: Skarmory
|-boost|p1a: Skarmory|def|2
|move|p2a: Rhyperior|Stealth Rock|p1a: Skarmory
|-sidestart|p1: Bamarah|move: Stealth Rock
|
|-heal|p2a: Rhyperior|13/100|[from] item: Leftovers
|upkeep
|turn|10
|
|move|p1a: Skarmory|Iron Defense|p1a: Skarmory
|-boost|p1a: Skarmory|def|2
|move|p2a: Rhyperior|Stone Edge|p1a: Skarmory
|-damage|p1a: Skarmory|87/100
|
|-heal|p1a: Skarmory|93/100|[from] item: Leftovers
|-heal|p2a: Rhyperior|20/100|[from] item: Leftovers
|upkeep
|turn|11
|
|move|p1a: Skarmory|Iron Defense|p1a: Skarmory
|-boost|p1a: Skarmory|def|2
|move|p2a: Rhyperior|Stone Edge|p1a: Skarmory
|-damage|p1a: Skarmory|84/100
|
|-heal|p1a: Skarmory|90/100|[from] item: Leftovers
|-heal|p2a: Rhyperior|26/100|[from] item: Leftovers
|upkeep
|turn|12
|
|move|p1a: Skarmory|Body Press|p2a: Rhyperior
|-supereffective|p2a: Rhyperior
|-damage|p2a: Rhyperior|0 fnt
|faint|p2a: Rhyperior
|
|-heal|p1a: Skarmory|96/100|[from] item: Leftovers
|upkeep
|
|switch|p2a: Incineroar|Incineroar, F|100/100
|-ability|p2a: Incineroar|Intimidate|boost
|-unboost|p1a: Skarmory|atk|1
|turn|13
|
|move|p1a: Skarmory|Body Press|p2a: Incineroar
|-supereffective|p2a: Incineroar
|-damage|p2a: Incineroar|0 fnt
|faint|p2a: Incineroar
|
|-heal|p1a: Skarmory|100/100|[from] item: Leftovers
|upkeep
|
|switch|p2a: Scolipede|Scolipede, F|100/100
|turn|14
|
|move|p2a: Scolipede|Swords Dance|p2a: Scolipede
|-boost|p2a: Scolipede|atk|2
|move|p1a: Skarmory|Body Press|p2a: Scolipede
|-resisted|p2a: Scolipede
|-damage|p2a: Scolipede|58/100
|
|-ability|p2a: Scolipede|Speed Boost|boost
|-boost|p2a: Scolipede|spe|1
|upkeep
|turn|15
|
|move|p2a: Scolipede|Megahorn|p1a: Skarmory
|-resisted|p1a: Skarmory
|-damage|p1a: Skarmory|95/100
|move|p1a: Skarmory|Body Press|p2a: Scolipede
|-resisted|p2a: Scolipede
|-damage|p2a: Scolipede|13/100
|
|-heal|p1a: Skarmory|100/100|[from] item: Leftovers
|-ability|p2a: Scolipede|Speed Boost|boost
|-boost|p2a: Scolipede|spe|1
|upkeep
|turn|16
|
|move|p2a: Scolipede|Earthquake|p1a: Skarmory
|-immune|p1a: Skarmory
|move|p1a: Skarmory|Body Press|p2a: Scolipede
|-resisted|p2a: Scolipede
|-damage|p2a: Scolipede|0 fnt
|faint|p2a: Scolipede
|
|win|Bamarah
|l|☆Crowbcrow
|raw|Bamarah's rating: 1299 &rarr; <strong>1326</strong><br />(+27 for winning)
|raw|Crowbcrow's rating: 1328 &rarr; <strong>1306</strong><br />(-22 for losing)
