|j|☆Emo Birb
|j|☆Bamarah
|player|p1|Emo Birb|ingo|1392
|player|p2|Bamarah|eusine-gen2|1335
|teamsize|p1|6
|teamsize|p2|6
|gametype|singles
|gen|8
|tier|[Gen 8] UU
|rated|
|clearpoke
|poke|p1|Jirachi|
|poke|p1|Weezing-Galar, F|
|poke|p1|Lycanroc-Dusk, M|
|poke|p1|Krookodile, F|
|poke|p1|Skarmory, F|
|poke|p1|Slowking, F|
|poke|p2|Noivern, M|
|poke|p2|Keldeo-Resolute|
|poke|p2|Darmanitan, M|
|poke|p2|Chandelure, M|
|poke|p2|Skarmory, M|
|poke|p2|Blissey, F|
|rule|Sleep Clause Mod: Limit one foe put to sleep
|rule|Species Clause: Limit one of each Pokémon
|rule|OHKO Clause: OHKO moves are banned
|rule|Evasion Moves Clause: Evasion moves are banned
|rule|Endless Battle Clause: Forcing endless battles is banned
|rule|HP Percentage Mod: HP is shown in percentages
|rule|Dynamax Clause: You cannot dynamax
|teampreview
|inactive|Battle timer is ON: inactive players will automatically lose when time's up. (requested by Bamarah)
|
|start
|switch|p1a: Krookodile|Krookodile, F|100/100
|switch|p2a: Darmanitan|Darmanitan, M, shiny|100/100
|-ability|p1a: Krookodile|Intimidate|boost
|-unboost|p2a: Darmanitan|atk|1
|turn|1
|
|move|p2a: Darmanitan|U-turn|p1a: Krookodile
|-supereffective|p1a: Krookodile
|-damage|p1a: Krookodile|61/100
|
|switch|p2a: Noivern|Noivern, M, shiny|100/100|[from]move: U-turn
|move|p1a: Krookodile|Stealth Rock|p2a: Noivern
|-sidestart|p2: Bamarah|move: Stealth Rock
|
|upkeep
|turn|2
|
|move|p2a: Noivern|Defog|p1a: Krookodile
|-unboost|p1a: Krookodile|evasion|1
|-sideend|p2: Bamarah|Stealth Rock|[from] move: Defog|[of] p2a: Noivern
|move|p1a: Krookodile|Smack Down|p2a: Noivern
|-supereffective|p2a: Noivern
|-damage|p2a: Noivern|57/100
|-start|p2a: Noivern|Smack Down
|
|upkeep
|turn|3
|
|move|p2a: Noivern|Draco Meteor|p1a: Krookodile
|-damage|p1a: Krookodile|0 fnt
|-unboost|p2a: Noivern|spa|2
|-damage|p2a: Noivern|47/100|[from] item: Life Orb
|faint|p1a: Krookodile
|
|upkeep
|
|switch|p1a: Jirachi|Jirachi, shiny|100/100
|turn|4
|
|switch|p2a: Chandelure|Chandelure, M, shiny|100/100
|move|p1a: Jirachi|Calm Mind|p1a: Jirachi
|-boost|p1a: Jirachi|spa|1
|-boost|p1a: Jirachi|spd|1
|
|upkeep
|turn|5
|
|move|p2a: Chandelure|Flamethrower|p1a: Jirachi
|-supereffective|p1a: Jirachi
|-damage|p1a: Jirachi|33/100
|move|p1a: Jirachi|Psyshock|p2a: Chandelure
|-damage|p2a: Chandelure|24/100
|
|-heal|p1a: Jirachi|39/100|[from] item: Leftovers
|upkeep
|turn|6
|
|switch|p1a: Slowking|Slowking, F|100/100
|move|p2a: Chandelure|Flamethrower|p1a: Slowking
|-resisted|p1a: Slowking
|-damage|p1a: Slowking|81/100
|
|upkeep
|turn|7
|
|switch|p2a: Blissey|Blissey, F, shiny|100/100
|move|p1a: Slowking|Teleport|p1a: Slowking
|
|switch|p1a: Jirachi|Jirachi, shiny|39/100|[from]move: Teleport
|
|-heal|p1a: Jirachi|45/100|[from] item: Leftovers
|upkeep
|turn|8
|
|switch|p2a: Darmanitan|Darmanitan, M, shiny|100/100
|move|p1a: Jirachi|Psyshock|p2a: Darmanitan
|-damage|p2a: Darmanitan|49/100
|
|-heal|p1a: Jirachi|52/100|[from] item: Leftovers
|upkeep
|turn|9
|inactive|Emo Birb has 120 seconds left.
|inactive|Emo Birb has 90 seconds left.
|
|switch|p1a: Slowking|Slowking, F|100/100
|move|p2a: Darmanitan|U-turn|p1a: Slowking
|-supereffective|p1a: Slowking
|-damage|p1a: Slowking|64/100
|
|switch|p2a: Chandelure|Chandelure, M, shiny|24/100|[from]move: U-turn
|
|upkeep
|turn|10
|
|switch|p1a: Weezing|Weezing-Galar, F, shiny|100/100
|-ability|p1a: Weezing|Neutralizing Gas
|move|p2a: Chandelure|Shadow Ball|p1a: Weezing
|-crit|p1a: Weezing
|-damage|p1a: Weezing|2/100
|
|-heal|p1a: Weezing|8/100|[from] item: Black Sludge
|upkeep
|turn|11
|
|move|p2a: Chandelure|Shadow Ball|p1a: Weezing
|-damage|p1a: Weezing|0 fnt
|faint|p1a: Weezing
|
|upkeep
|
|switch|p1a: Lycanroc|Lycanroc-Dusk, M, shiny|100/100
|turn|12
|
|switch|p2a: Keldeo|Keldeo-Resolute|100/100
|switch|p1a: Jirachi|Jirachi, shiny|52/100
|
|-heal|p1a: Jirachi|58/100|[from] item: Leftovers
|upkeep
|turn|13
|
|move|p2a: Keldeo|Surf|p1a: Jirachi
|-damage|p1a: Jirachi|0 fnt
|-damage|p2a: Keldeo|91/100|[from] item: Life Orb
|faint|p1a: Jirachi
|
|upkeep
|
|switch|p1a: Slowking|Slowking, F|98/100
|turn|14
|
|switch|p2a: Blissey|Blissey, F, shiny|100/100
|move|p1a: Slowking|Future Sight|p2a: Blissey
|-start|p1a: Slowking|move: Future Sight
|
|upkeep
|turn|15
|
|switch|p1a: Lycanroc|Lycanroc-Dusk, M, shiny|100/100
|move|p2a: Blissey|Thunder Wave|p1a: Lycanroc
|-status|p1a: Lycanroc|par
|
|upkeep
|turn|16
|
|switch|p2a: Chandelure|Chandelure, M, shiny|24/100
|cant|p1a: Lycanroc|par
|
|-end|p2a: Chandelure|move: Future Sight
|-damage|p2a: Chandelure|0 fnt
|upkeep
|faint|p2a: Chandelure
|
|switch|p2a: Keldeo|Keldeo-Resolute|91/100
|turn|17
|
|switch|p1a: Slowking|Slowking, F|100/100
|move|p2a: Keldeo|Surf|p1a: Slowking
|-resisted|p1a: Slowking
|-damage|p1a: Slowking|78/100
|-damage|p2a: Keldeo|81/100|[from] item: Life Orb
|
|upkeep
|turn|18
|
|switch|p2a: Blissey|Blissey, F, shiny|100/100
|move|p1a: Slowking|Teleport|p1a: Slowking
|
|switch|p1a: Lycanroc|Lycanroc-Dusk, M, shiny|100/100 par|[from]move: Teleport
|
|upkeep
|turn|19
|
|switch|p1a: Slowking|Slowking, F|100/100
|switch|p2a: Skarmory|Skarmory, M, shiny|100/100
|
|upkeep
|turn|20
|c|☆Bamarah|you have no other moves
|c|☆Bamarah|lol
|
|switch|p2a: Blissey|Blissey, F, shiny|100/100
|move|p1a: Slowking|Scald|p2a: Blissey
|-crit|p2a: Blissey
|-damage|p2a: Blissey|90/100
|
|-heal|p2a: Blissey|96/100|[from] item: Leftovers
|upkeep
|turn|21
|
|switch|p1a: Skarmory|Skarmory, F|100/100
|move|p2a: Blissey|Wish|p2a: Blissey
|
|-heal|p2a: Blissey|100/100|[from] item: Leftovers
|upkeep
|turn|22
|
|switch|p2a: Keldeo|Keldeo-Resolute|81/100
|move|p1a: Skarmory|Iron Defense|p1a: Skarmory
|-boost|p1a: Skarmory|def|2
|
|-heal|p2a: Keldeo|100/100|[from] move: Wish|[wisher] Blissey
|upkeep
|turn|23
|
|move|p2a: Keldeo|Surf|p1a: Skarmory
|-damage|p1a: Skarmory|25/100
|-damage|p2a: Keldeo|91/100|[from] item: Life Orb
|move|p1a: Skarmory|Body Press|p2a: Keldeo
|-damage|p2a: Keldeo|14/100
|
|-heal|p1a: Skarmory|31/100|[from] item: Leftovers
|upkeep
|turn|24
|
|switch|p1a: Slowking|Slowking, F|100/100
|move|p2a: Keldeo|Surf|p1a: Slowking
|-resisted|p1a: Slowking
|-damage|p1a: Slowking|75/100
|-damage|p2a: Keldeo|4/100|[from] item: Life Orb
|
|upkeep
|turn|25
|c|☆Bamarah|lolololol
|
|switch|p2a: Blissey|Blissey, F, shiny|100/100
|move|p1a: Slowking|Scald|p2a: Blissey
|-damage|p2a: Blissey|93/100
|-status|p2a: Blissey|brn
|
|-heal|p2a: Blissey|99/100 brn|[from] item: Leftovers
|-damage|p2a: Blissey|93/100 brn|[from] brn
|upkeep
|turn|26
|
|move|p2a: Blissey|Seismic Toss|p1a: Slowking
|-damage|p1a: Slowking|50/100
|move|p1a: Slowking|Future Sight|p2a: Blissey
|-start|p1a: Slowking|move: Future Sight
|
|-heal|p2a: Blissey|99/100 brn|[from] item: Leftovers
|-damage|p2a: Blissey|93/100 brn|[from] brn
|upkeep
|turn|27
|
|move|p2a: Blissey|Seismic Toss|p1a: Slowking
|-damage|p1a: Slowking|25/100
|move|p1a: Slowking|Slack Off|p1a: Slowking
|-heal|p1a: Slowking|75/100
|
|-heal|p2a: Blissey|99/100 brn|[from] item: Leftovers
|-damage|p2a: Blissey|93/100 brn|[from] brn
|upkeep
|turn|28
|
|move|p2a: Blissey|Wish|p2a: Blissey
|move|p1a: Slowking|Teleport|p1a: Slowking
|
|switch|p1a: Skarmory|Skarmory, F|31/100|[from]move: Teleport
|
|-end|p2a: Blissey|move: Future Sight
|-damage|p2a: Blissey|83/100 brn
|-heal|p1a: Skarmory|37/100|[from] item: Leftovers
|-heal|p2a: Blissey|89/100 brn|[from] item: Leftovers
|-damage|p2a: Blissey|83/100 brn|[from] brn
|upkeep
|turn|29
|
|switch|p2a: Noivern|Noivern, M, shiny|47/100
|move|p1a: Skarmory|Body Press|p2a: Noivern
|-resisted|p2a: Noivern
|-damage|p2a: Noivern|25/100
|
|-heal|p2a: Noivern|100/100|[from] move: Wish|[wisher] Blissey
|-heal|p1a: Skarmory|43/100|[from] item: Leftovers
|upkeep
|turn|30
|
|switch|p1a: Slowking|Slowking, F|100/100
|move|p2a: Noivern|Hurricane|p1a: Slowking
|-damage|p1a: Slowking|48/100
|-damage|p2a: Noivern|91/100|[from] item: Life Orb
|
|upkeep
|turn|31
|c|☆Bamarah|just forfeit
|
|move|p2a: Noivern|Hurricane|p1a: Slowking
|-damage|p1a: Slowking|0 fnt
|-damage|p2a: Noivern|81/100|[from] item: Life Orb
|faint|p1a: Slowking
|
|upkeep
|
|switch|p1a: Lycanroc|Lycanroc-Dusk, M, shiny|100/100 par
|turn|32
|
|switch|p2a: Keldeo|Keldeo-Resolute|4/100
|switch|p1a: Skarmory|Skarmory, F|43/100
|
|-heal|p1a: Skarmory|49/100|[from] item: Leftovers
|upkeep
|turn|33
|
|switch|p1a: Lycanroc|Lycanroc-Dusk, M, shiny|100/100 par
|move|p2a: Keldeo|Surf|p1a: Lycanroc
|-supereffective|p1a: Lycanroc
|-damage|p1a: Lycanroc|0 fnt
|-damage|p2a: Keldeo|0 fnt|[from] item: Life Orb
|faint|p1a: Lycanroc
|faint|p2a: Keldeo
|
|upkeep
|c|☆Bamarah|~_~
|
|switch|p1a: Skarmory|Skarmory, F|49/100
|switch|p2a: Darmanitan|Darmanitan, M, shiny|49/100
|turn|34
|
|move|p2a: Darmanitan|Flare Blitz|p1a: Skarmory
|-supereffective|p1a: Skarmory
|-damage|p1a: Skarmory|0 fnt
|-damage|p2a: Darmanitan|34/100|[from] Recoil
|faint|p1a: Skarmory
|
|win|Bamarah
|l|☆Emo Birb
