|j|‽NETBANGER2
|j|☆EliotEnRetar
|t:|1623842997
|gametype|singles
|player|p1|NETBANGER2|lyra|1502
|player|p2|EliotEnRetar|falkner|1481
|teamsize|p1|6
|teamsize|p2|6
|gen|8
|tier|[Gen 8] UU
|rated|
|rule|Sleep Clause Mod: Limit one foe put to sleep
|rule|Species Clause: Limit one of each Pokémon
|rule|OHKO Clause: OHKO moves are banned
|rule|Evasion Moves Clause: Evasion moves are banned
|rule|Endless Battle Clause: Forcing endless battles is banned
|rule|HP Percentage Mod: HP is shown in percentages
|rule|Dynamax Clause: You cannot dynamax
|clearpoke
|poke|p1|Chansey, F|
|poke|p1|Crobat, F|
|poke|p1|Charizard, F|
|poke|p1|Entei|
|poke|p1|Venusaur, F|
|poke|p1|Torkoal, F|
|poke|p2|Barraskewda, M|
|poke|p2|Krookodile, M|
|poke|p2|Roserade, M|
|poke|p2|Scizor, F|
|poke|p2|Talonflame, M|
|poke|p2|Rotom-Wash|
|teampreview
|inactive|Battle timer is ON: inactive players will automatically lose when time's up. (requested by NETBANGER2)
|inactive|EliotEnRetar has 120 seconds left.
|
|t:|1623843043
|start
|switch|p1a: Torkoal|Torkoal, F|100/100
|switch|p2a: Fish|Barraskewda, M|100/100
|-weather|SunnyDay|[from] ability: Drought|[of] p1a: Torkoal
|turn|1
|
|t:|1623843050
|move|p2a: Fish|Flip Turn|p1a: Torkoal
|-supereffective|p1a: Torkoal
|-damage|p1a: Torkoal|72/100
|
|t:|1623843053
|switch|p2a: CauetBurger|Rotom-Wash|100/100|[from]move: Flip Turn
|move|p1a: Torkoal|Stealth Rock|p2a: CauetBurger
|-sidestart|p2: EliotEnRetar|move: Stealth Rock
|
|-weather|SunnyDay|[upkeep]
|upkeep
|turn|2
|
|t:|1623843061
|switch|p1a: Venusaur|Venusaur, F|100/100
|move|p2a: CauetBurger|Defog|p1a: Venusaur
|-unboost|p1a: Venusaur|evasion|1
|-sideend|p2: EliotEnRetar|Stealth Rock|[from] move: Defog|[of] p2a: CauetBurger
|
|-weather|SunnyDay|[upkeep]
|upkeep
|turn|3
|
|t:|1623843064
|move|p1a: Venusaur|Growth|p1a: Venusaur
|-boost|p1a: Venusaur|atk|2
|-boost|p1a: Venusaur|spa|2
|move|p2a: CauetBurger|Volt Switch|p1a: Venusaur
|-resisted|p1a: Venusaur
|-damage|p1a: Venusaur|84/100
|
|t:|1623843066
|switch|p2a: BizouJeManvol|Talonflame, M|100/100|[from]move: Volt Switch
|
|-weather|SunnyDay|[upkeep]
|upkeep
|turn|4
|
|t:|1623843069
|move|p2a: BizouJeManvol|Brave Bird|p1a: Venusaur
|-supereffective|p1a: Venusaur
|-damage|p1a: Venusaur|0 fnt
|faint|p1a: Venusaur
|-damage|p2a: BizouJeManvol|73/100|[from] Recoil
|
|-weather|SunnyDay|[upkeep]
|upkeep
|
|t:|1623843084
|switch|p1a: Entei|Entei|100/100
|turn|5
|
|t:|1623843088
|move|p2a: BizouJeManvol|U-turn|p1a: Entei
|-resisted|p1a: Entei
|-damage|p1a: Entei|91/100
|j| Battle Beard
|
|t:|1623843090
|switch|p2a: CauetBurger|Rotom-Wash|100/100|[from]move: U-turn
|move|p1a: Entei|Toxic|p2a: CauetBurger
|-status|p2a: CauetBurger|tox
|
|-weather|SunnyDay|[upkeep]
|-damage|p2a: CauetBurger|94/100 tox|[from] psn
|upkeep
|turn|6
|
|t:|1623843095
|move|p1a: Entei|Sacred Fire|p2a: CauetBurger
|-resisted|p2a: CauetBurger
|-damage|p2a: CauetBurger|63/100 tox
|move|p2a: CauetBurger|Volt Switch|p1a: Entei
|-damage|p1a: Entei|59/100
|
|t:|1623843099
|switch|p2a: Krookodile|Krookodile, M|100/100|[from]move: Volt Switch
|-ability|p2a: Krookodile|Intimidate|boost
|-fail|p1a: Entei|unboost|Attack|[from] ability: Inner Focus|[of] p1a: Entei
|
|-weather|SunnyDay|[upkeep]
|upkeep
|turn|7
|
|t:|1623843105
|switch|p1a: Crobat|Crobat, F|100/100
|move|p2a: Krookodile|Knock Off|p1a: Crobat
|-damage|p1a: Crobat|52/100
|-enditem|p1a: Crobat|Heavy-Duty Boots|[from] move: Knock Off|[of] p2a: Krookodile
|
|-weather|SunnyDay|[upkeep]
|upkeep
|turn|8
|
|t:|1623843113
|switch|p2a: Scizor|Scizor, F|100/100
|move|p1a: Crobat|Roost|p1a: Crobat
|-heal|p1a: Crobat|100/100
|-singleturn|p1a: Crobat|move: Roost
|
|-weather|none
|upkeep
|turn|9
|
|t:|1623843119
|move|p1a: Crobat|U-turn|p2a: Scizor
|-resisted|p2a: Scizor
|-damage|p2a: Scizor|93/100
|
|t:|1623843120
|switch|p1a: Torkoal|Torkoal, F|72/100|[from]move: U-turn
|-weather|SunnyDay|[from] ability: Drought|[of] p1a: Torkoal
|move|p2a: Scizor|U-turn|p1a: Torkoal
|-resisted|p1a: Torkoal
|-damage|p1a: Torkoal|61/100
|
|t:|1623843131
|switch|p2a: Krookodile|Krookodile, M|100/100|[from]move: U-turn
|-ability|p2a: Krookodile|Intimidate|boost
|-unboost|p1a: Torkoal|atk|1
|
|-weather|SunnyDay|[upkeep]
|upkeep
|turn|10
|
|t:|1623843135
|switch|p1a: Crobat|Crobat, F|100/100
|move|p2a: Krookodile|Knock Off|p1a: Crobat
|-damage|p1a: Crobat|71/100
|
|-weather|SunnyDay|[upkeep]
|upkeep
|turn|11
|
|t:|1623843142
|switch|p2a: BizouJeManvol|Talonflame, M|73/100
|move|p1a: Crobat|U-turn|p2a: BizouJeManvol
|-resisted|p2a: BizouJeManvol
|-damage|p2a: BizouJeManvol|67/100
|
|t:|1623843145
|switch|p1a: Entei|Entei|59/100|[from]move: U-turn
|
|-weather|SunnyDay|[upkeep]
|upkeep
|turn|12
|
|t:|1623843149
|move|p2a: BizouJeManvol|U-turn|p1a: Entei
|-resisted|p1a: Entei
|-damage|p1a: Entei|50/100
|
|t:|1623843150
|switch|p2a: CauetBurger|Rotom-Wash|63/100 tox|[from]move: U-turn
|move|p1a: Entei|Stone Edge|p2a: CauetBurger
|-crit|p2a: CauetBurger
|-damage|p2a: CauetBurger|18/100 tox
|
|-weather|SunnyDay|[upkeep]
|-heal|p2a: CauetBurger|24/100 tox|[from] item: Leftovers
|-damage|p2a: CauetBurger|18/100 tox|[from] psn
|upkeep
|turn|13
|
|t:|1623843154
|move|p1a: Entei|Sacred Fire|p2a: CauetBurger
|-resisted|p2a: CauetBurger
|-damage|p2a: CauetBurger|0 fnt
|faint|p2a: CauetBurger
|
|-weather|SunnyDay|[upkeep]
|upkeep
|
|t:|1623843161
|switch|p2a: Fish|Barraskewda, M|100/100
|turn|14
|
|t:|1623843171
|switch|p1a: Chansey|Chansey, F|100/100
|move|p2a: Fish|Flip Turn|p1a: Chansey
|-damage|p1a: Chansey|83/100
|l| Battle Beard
|
|t:|1623843194
|switch|p2a: Scizor|Scizor, F|93/100|[from]move: Flip Turn
|
|-weather|SunnyDay|[upkeep]
|upkeep
|turn|15
|
|t:|1623843200
|move|p2a: Scizor|Dual Wingbeat|p1a: Chansey
|-damage|p1a: Chansey|69/100
|-damage|p1a: Chansey|55/100
|-hitcount|p1a: Chansey|2
|move|p1a: Chansey|Teleport|p1a: Chansey
|
|t:|1623843203
|switch|p1a: Charizard|Charizard, F|100/100|[from]move: Teleport
|
|-weather|SunnyDay|[upkeep]
|-damage|p1a: Charizard|88/100|[from] ability: Solar Power|[of] p1a: Charizard
|upkeep
|turn|16
|
|t:|1623843212
|switch|p2a: BizouJeManvol|Talonflame, M|67/100
|move|p1a: Charizard|Overheat|p2a: BizouJeManvol
|-resisted|p2a: BizouJeManvol
|-damage|p2a: BizouJeManvol|0 fnt
|-unboost|p1a: Charizard|spa|2
|faint|p2a: BizouJeManvol
|
|-weather|none
|upkeep
|
|t:|1623843231
|switch|p2a: Fish|Barraskewda, M|100/100
|turn|17
|
|t:|1623843237
|switch|p1a: Torkoal|Torkoal, F|61/100
|-weather|SunnyDay|[from] ability: Drought|[of] p1a: Torkoal
|move|p2a: Fish|Flip Turn|p1a: Torkoal
|-supereffective|p1a: Torkoal
|-damage|p1a: Torkoal|34/100
|
|t:|1623843242
|switch|p2a: Boom|Roserade, M|100/100|[from]move: Flip Turn
|
|-weather|SunnyDay|[upkeep]
|upkeep
|turn|18
|
|t:|1623843244
|switch|p1a: Crobat|Crobat, F|71/100
|move|p2a: Boom|Sludge Bomb|p1a: Crobat
|-resisted|p1a: Crobat
|-damage|p1a: Crobat|38/100
|
|-weather|SunnyDay|[upkeep]
|upkeep
|turn|19
|
|t:|1623843251
|switch|p2a: Scizor|Scizor, F|93/100
|move|p1a: Crobat|U-turn|p2a: Scizor
|-resisted|p2a: Scizor
|-damage|p2a: Scizor|85/100
|
|t:|1623843255
|switch|p1a: Entei|Entei|50/100|[from]move: U-turn
|
|-weather|SunnyDay|[upkeep]
|upkeep
|turn|20
|
|t:|1623843260
|switch|p2a: Krookodile|Krookodile, M|100/100
|-ability|p2a: Krookodile|Intimidate|boost
|-fail|p1a: Entei|unboost|Attack|[from] ability: Inner Focus|[of] p1a: Entei
|move|p1a: Entei|Sacred Fire|p2a: Krookodile
|-damage|p2a: Krookodile|0 fnt
|faint|p2a: Krookodile
|
|-weather|SunnyDay|[upkeep]
|upkeep
|-message|EliotEnRetar forfeited.
|
|win|NETBANGER2
|raw|NETBANGER2's rating: 1502 &rarr; <strong>1521</strong><br />(+19 for winning)
|raw|EliotEnRetar's rating: 1481 &rarr; <strong>1462</strong><br />(-19 for losing)
|l|☆EliotEnRetar
