|j|☆MadMat_Tattoo
|j|☆Zephyyyr
|t:|1662630911
|gametype|singles
|player|p1|MadMat_Tattoo|biker-gen4|1253
|player|p2|Zephyyyr|richboy|1472
|teamsize|p1|6
|teamsize|p2|6
|gen|8
|tier|[Gen 8] UU
|rated|
|rule|Sleep Clause Mod: Limit one foe put to sleep
|rule|Species Clause: Limit one of each Pokémon
|rule|OHKO Clause: OHKO moves are banned
|rule|Evasion Items Clause: Evasion items are banned
|rule|Evasion Moves Clause: Evasion moves are banned
|rule|Endless Battle Clause: Forcing endless battles is banned
|rule|HP Percentage Mod: HP is shown in percentages
|rule|Dynamax Clause: You cannot dynamax
|clearpoke
|poke|p1|Gyarados, M|
|poke|p1|Nidoking, M|
|poke|p1|Scizor, F|
|poke|p1|Azumarill, M|
|poke|p1|Salamence, F|
|poke|p1|Krookodile, M|
|poke|p2|Skarmory, M|
|poke|p2|Chansey, F|
|poke|p2|Dhelmise|
|poke|p2|Noivern, M|
|poke|p2|Slowking, F|
|poke|p2|Hippowdon, M|
|teampreview
|inactive|Battle timer is ON: inactive players will automatically lose when time's up. (requested by Zephyyyr)
|
|t:|1662630929
|start
|switch|p1a: Salamence|Salamence, F|100/100
|switch|p2a: Hippowdon|Hippowdon, M|100/100
|-weather|Sandstorm|[from] ability: Sand Stream|[of] p2a: Hippowdon
|turn|1
|
|t:|1662630935
|move|p1a: Salamence|Substitute|p1a: Salamence
|-start|p1a: Salamence|Substitute
|-damage|p1a: Salamence|75/100
|move|p2a: Hippowdon|Toxic||[still]
|-fail|p2a: Hippowdon
|
|-weather|Sandstorm|[upkeep]
|-damage|p1a: Salamence|69/100|[from] Sandstorm
|-heal|p1a: Salamence|75/100|[from] item: Leftovers
|upkeep
|turn|2
|
|t:|1662630942
|switch|p2a: Skarmory|Skarmory, M|100/100
|move|p1a: Salamence|Dragon Dance|p1a: Salamence
|-boost|p1a: Salamence|atk|1
|-boost|p1a: Salamence|spe|1
|
|-weather|Sandstorm|[upkeep]
|-damage|p1a: Salamence|69/100|[from] Sandstorm
|-heal|p1a: Salamence|75/100|[from] item: Leftovers
|upkeep
|turn|3
|
|t:|1662630946
|move|p1a: Salamence|Fire Fang|p2a: Skarmory
|-supereffective|p2a: Skarmory
|-damage|p2a: Skarmory|58/100
|-damage|p1a: Salamence|59/100|[from] item: Rocky Helmet|[of] p2a: Skarmory
|move|p2a: Skarmory|Iron Defense|p2a: Skarmory
|-boost|p2a: Skarmory|def|2
|
|-weather|Sandstorm|[upkeep]
|-damage|p1a: Salamence|53/100|[from] Sandstorm
|-heal|p1a: Salamence|59/100|[from] item: Leftovers
|upkeep
|turn|4
|
|t:|1662630959
|move|p1a: Salamence|Dragon Dance|p1a: Salamence
|-boost|p1a: Salamence|atk|1
|-boost|p1a: Salamence|spe|1
|move|p2a: Skarmory|Roost|p2a: Skarmory
|-heal|p2a: Skarmory|100/100
|-singleturn|p2a: Skarmory|move: Roost
|
|-weather|Sandstorm|[upkeep]
|-damage|p1a: Salamence|53/100|[from] Sandstorm
|-heal|p1a: Salamence|59/100|[from] item: Leftovers
|upkeep
|turn|5
|
|t:|1662630963
|move|p1a: Salamence|Fire Fang|p2a: Skarmory
|-supereffective|p2a: Skarmory
|-damage|p2a: Skarmory|72/100
|-damage|p1a: Salamence|42/100|[from] item: Rocky Helmet|[of] p2a: Skarmory
|move|p2a: Skarmory|Iron Defense|p2a: Skarmory
|-boost|p2a: Skarmory|def|2
|
|-weather|none
|-heal|p1a: Salamence|48/100|[from] item: Leftovers
|upkeep
|turn|6
|
|t:|1662630970
|move|p1a: Salamence|Dragon Dance|p1a: Salamence
|-boost|p1a: Salamence|atk|1
|-boost|p1a: Salamence|spe|1
|move|p2a: Skarmory|Spikes|p1a: Salamence
|-sidestart|p1: MadMat_Tattoo|Spikes
|
|-heal|p1a: Salamence|54/100|[from] item: Leftovers
|upkeep
|turn|7
|
|t:|1662630975
|move|p1a: Salamence|Dragon Dance|p1a: Salamence
|-boost|p1a: Salamence|atk|1
|-boost|p1a: Salamence|spe|1
|move|p2a: Skarmory|Iron Defense|p2a: Skarmory
|-boost|p2a: Skarmory|def|2
|
|-heal|p1a: Salamence|60/100|[from] item: Leftovers
|upkeep
|turn|8
|
|t:|1662630977
|move|p1a: Salamence|Dragon Dance|p1a: Salamence
|-boost|p1a: Salamence|atk|1
|-boost|p1a: Salamence|spe|1
|move|p2a: Skarmory|Spikes|p1a: Salamence
|-sidestart|p1: MadMat_Tattoo|Spikes
|
|-heal|p1a: Salamence|66/100|[from] item: Leftovers
|upkeep
|turn|9
|
|t:|1662630979
|move|p1a: Salamence|Dragon Dance|p1a: Salamence
|-boost|p1a: Salamence|atk|1
|-boost|p1a: Salamence|spe|1
|move|p2a: Skarmory|Spikes|p1a: Salamence
|-sidestart|p1: MadMat_Tattoo|Spikes
|
|-heal|p1a: Salamence|72/100|[from] item: Leftovers
|upkeep
|turn|10
|
|t:|1662630982
|move|p1a: Salamence|Fire Fang|p2a: Skarmory
|-supereffective|p2a: Skarmory
|-damage|p2a: Skarmory|42/100
|-damage|p1a: Salamence|56/100|[from] item: Rocky Helmet|[of] p2a: Skarmory
|move|p2a: Skarmory|Roost|p2a: Skarmory
|-heal|p2a: Skarmory|92/100
|-singleturn|p2a: Skarmory|move: Roost
|
|-heal|p1a: Salamence|62/100|[from] item: Leftovers
|upkeep
|turn|11
|
|t:|1662630985
|move|p1a: Salamence|Fire Fang|p2a: Skarmory
|-supereffective|p2a: Skarmory
|-damage|p2a: Skarmory|61/100
|-damage|p1a: Salamence|45/100|[from] item: Rocky Helmet|[of] p2a: Skarmory
|move|p2a: Skarmory|Body Press|p1a: Salamence
|-resisted|p1a: Salamence
|-end|p1a: Salamence|Substitute
|
|-heal|p1a: Salamence|51/100|[from] item: Leftovers
|upkeep
|turn|12
|
|t:|1662630991
|move|p1a: Salamence|Fire Fang|p2a: Skarmory
|-supereffective|p2a: Skarmory
|-damage|p2a: Skarmory|31/100
|-damage|p1a: Salamence|35/100|[from] item: Rocky Helmet|[of] p2a: Skarmory
|move|p2a: Skarmory|Roost|p2a: Skarmory
|-heal|p2a: Skarmory|81/100
|-singleturn|p2a: Skarmory|move: Roost
|
|-heal|p1a: Salamence|41/100|[from] item: Leftovers
|upkeep
|turn|13
|
|t:|1662631002
|switch|p1a: Nidoking|Nidoking, M|100/100
|-damage|p1a: Nidoking|75/100|[from] Spikes
|move|p2a: Skarmory|Body Press|p1a: Nidoking
|-resisted|p1a: Nidoking
|-damage|p1a: Nidoking|0 fnt
|faint|p1a: Nidoking
|
|upkeep
|
|t:|1662631008
|switch|p1a: Scizor|Scizor, F|100/100
|-damage|p1a: Scizor|76/100|[from] Spikes
|turn|14
|
|t:|1662631010
|move|p1a: Scizor|Knock Off|p2a: Skarmory
|-damage|p2a: Skarmory|75/100
|-damage|p1a: Scizor|59/100|[from] item: Rocky Helmet|[of] p2a: Skarmory
|-enditem|p2a: Skarmory|Rocky Helmet|[from] move: Knock Off|[of] p1a: Scizor
|move|p2a: Skarmory|Body Press|p1a: Scizor
|-damage|p1a: Scizor|0 fnt
|faint|p1a: Scizor
|
|upkeep
|-message|MadMat_Tattoo forfeited.
|
|win|Zephyyyr
|raw|MadMat_Tattoo's rating: 1253 &rarr; <strong>1242</strong><br />(-11 for losing)
|raw|Zephyyyr's rating: 1472 &rarr; <strong>1481</strong><br />(+9 for winning)
|l|☆MadMat_Tattoo
