|j|☆Y1theking100
|j|☆TS Adam
|player|p1|Y1theking100|palmer|1257
|player|p2|TS Adam|caitlin|1310
|teamsize|p1|6
|teamsize|p2|6
|gametype|singles
|gen|8
|tier|[Gen 8] UU
|rated|
|html|<div class="broadcast-red"><strong>UU is currently suspecting Mamoswine! For information on how to participate check out the <a href="https://www.smogon.com/forums/threads/3661513/">suspect thread</a>.</strong></div>
|clearpoke
|poke|p1|Dugtrio-Alola, F|
|poke|p1|Golisopod, F|
|poke|p1|Gigalith, F|
|poke|p1|Gardevoir, F|
|poke|p1|Tsareena, F|
|poke|p1|Haxorus, F|
|poke|p2|Celebi|
|poke|p2|Weezing-Galar, F|
|poke|p2|Cobalion|
|poke|p2|Incineroar, F|
|poke|p2|Milotic, M|
|poke|p2|Noivern, M|
|rule|Sleep Clause Mod: Limit one foe put to sleep
|rule|Species Clause: Limit one of each Pokémon
|rule|OHKO Clause: OHKO moves are banned
|rule|Evasion Moves Clause: Evasion moves are banned
|rule|Endless Battle Clause: Forcing endless battles is banned
|rule|HP Percentage Mod: HP is shown in percentages
|rule|Dynamax Clause: You cannot dynamax
|teampreview
|inactive|Battle timer is ON: inactive players will automatically lose when time's up. (requested by Y1theking100)
|
|start
|switch|p1a: Haxorus|Haxorus, F|100/100
|switch|p2a: Weezing|Weezing-Galar, F|100/100
|-ability|p1a: Haxorus|Mold Breaker
|turn|1
|
|move|p1a: Haxorus|Earthquake|p2a: Weezing
|-supereffective|p2a: Weezing
|-damage|p2a: Weezing|26/100
|move|p2a: Weezing|Strange Steam|p1a: Haxorus
|-supereffective|p1a: Haxorus
|-damage|p1a: Haxorus|12/100
|
|-heal|p2a: Weezing|32/100|[from] item: Black Sludge
|upkeep
|turn|2
|
|switch|p2a: Noivern|Noivern, M|100/100
|move|p1a: Haxorus|Earthquake|p2a: Noivern
|-immune|p2a: Noivern
|
|upkeep
|turn|3
|
|switch|p1a: Gigalith|Gigalith, F|100/100
|-weather|Sandstorm|[from] ability: Sand Stream|[of] p1a: Gigalith
|move|p2a: Noivern|Hurricane|p1a: Gigalith|[miss]
|-miss|p2a: Noivern|p1a: Gigalith
|
|-weather|Sandstorm|[upkeep]
|-damage|p2a: Noivern|94/100|[from] Sandstorm
|upkeep
|turn|4
|
|switch|p2a: Celebi|Celebi|100/100
|move|p1a: Gigalith|Stealth Rock|p2a: Celebi
|-sidestart|p2: TS Adam|move: Stealth Rock
|
|-weather|Sandstorm|[upkeep]
|-damage|p2a: Celebi|94/100|[from] Sandstorm
|-heal|p2a: Celebi|100/100|[from] item: Leftovers
|upkeep
|turn|5
|
|move|p2a: Celebi|Giga Drain|p1a: Gigalith
|-supereffective|p1a: Gigalith
|-damage|p1a: Gigalith|68/100
|move|p1a: Gigalith|Toxic|p2a: Celebi
|-status|p2a: Celebi|tox
|
|-weather|Sandstorm|[upkeep]
|-damage|p2a: Celebi|94/100 tox|[from] Sandstorm
|-heal|p2a: Celebi|100/100 tox|[from] item: Leftovers
|-damage|p2a: Celebi|94/100 tox|[from] psn
|upkeep
|turn|6
|
|move|p2a: Celebi|Giga Drain|p1a: Gigalith
|-supereffective|p1a: Gigalith
|-damage|p1a: Gigalith|32/100
|-heal|p2a: Celebi|100/100 tox|[from] drain|[of] p1a: Gigalith
|move|p1a: Gigalith|Stone Edge|p2a: Celebi
|-crit|p2a: Celebi
|-damage|p2a: Celebi|34/100 tox
|
|-weather|Sandstorm|[upkeep]
|-damage|p2a: Celebi|28/100 tox|[from] Sandstorm
|-heal|p2a: Celebi|34/100 tox|[from] item: Leftovers
|-damage|p2a: Celebi|22/100 tox|[from] psn
|upkeep
|turn|7
|
|move|p2a: Celebi|Giga Drain|p1a: Gigalith
|-supereffective|p1a: Gigalith
|-damage|p1a: Gigalith|0 fnt
|-heal|p2a: Celebi|39/100 tox|[from] drain|[of] p1a: Gigalith
|faint|p1a: Gigalith
|
|-weather|Sandstorm|[upkeep]
|-damage|p2a: Celebi|33/100 tox|[from] Sandstorm
|-heal|p2a: Celebi|39/100 tox|[from] item: Leftovers
|-damage|p2a: Celebi|21/100 tox|[from] psn
|upkeep
|
|switch|p1a: Haxorus|Haxorus, F|12/100
|-ability|p1a: Haxorus|Mold Breaker
|turn|8
|
|move|p1a: Haxorus|First Impression|p2a: Celebi
|-supereffective|p2a: Celebi
|-damage|p2a: Celebi|0 fnt
|faint|p2a: Celebi
|
|-weather|Sandstorm|[upkeep]
|-damage|p1a: Haxorus|6/100|[from] Sandstorm
|upkeep
|
|switch|p2a: Weezing|Weezing-Galar, F|32/100
|-damage|p2a: Weezing|19/100|[from] Stealth Rock
|turn|9
|
|move|p1a: Haxorus|First Impression||[still]
|-fail|p1a: Haxorus
|-hint|First Impression only works on your first turn out.
|move|p2a: Weezing|Defog|p1a: Haxorus
|-unboost|p1a: Haxorus|evasion|1
|-sideend|p2: TS Adam|Stealth Rock|[from] move: Defog|[of] p2a: Weezing
|
|-weather|Sandstorm|[upkeep]
|-damage|p1a: Haxorus|0 fnt|[from] Sandstorm
|-damage|p2a: Weezing|13/100|[from] Sandstorm
|faint|p1a: Haxorus
|-heal|p2a: Weezing|19/100|[from] item: Black Sludge
|upkeep
|
|switch|p1a: Dugtrio|Dugtrio-Alola, F|100/100
|turn|10
|
|move|p1a: Dugtrio|Iron Head|p2a: Weezing
|-supereffective|p2a: Weezing
|-crit|p2a: Weezing
|-damage|p2a: Weezing|0 fnt
|-damage|p1a: Dugtrio|91/100|[from] item: Life Orb
|faint|p2a: Weezing
|
|-weather|none
|upkeep
|
|switch|p2a: Noivern|Noivern, M|94/100
|turn|11
|
|move|p2a: Noivern|Hurricane|p1a: Dugtrio
|-resisted|p1a: Dugtrio
|-damage|p1a: Dugtrio|21/100
|move|p1a: Dugtrio|Stone Edge|p2a: Noivern
|-supereffective|p2a: Noivern
|-damage|p2a: Noivern|0 fnt
|-damage|p1a: Dugtrio|11/100|[from] item: Life Orb
|faint|p2a: Noivern
|
|upkeep
|
|switch|p2a: Milotic|Milotic, M|100/100
|turn|12
|
|move|p1a: Dugtrio|Earthquake|p2a: Milotic
|-damage|p2a: Milotic|61/100
|-damage|p1a: Dugtrio|1/100|[from] item: Life Orb
|move|p2a: Milotic|Recover|p2a: Milotic
|-heal|p2a: Milotic|100/100
|
|upkeep
|turn|13
|
|move|p1a: Dugtrio|Earthquake|p2a: Milotic
|-damage|p2a: Milotic|59/100
|-damage|p1a: Dugtrio|0 fnt|[from] item: Life Orb
|faint|p1a: Dugtrio
|move|p2a: Milotic|Recover|p2a: Milotic
|-heal|p2a: Milotic|100/100
|
|upkeep
|
|switch|p1a: Tsareena|Tsareena, F|100/100
|turn|14
|
|switch|p2a: Incineroar|Incineroar, F|100/100
|-ability|p2a: Incineroar|Intimidate|boost
|-unboost|p1a: Tsareena|atk|1
|move|p1a: Tsareena|Power Whip|p2a: Incineroar|[miss]
|-miss|p1a: Tsareena|p2a: Incineroar
|
|upkeep
|turn|15
|
|switch|p1a: Golisopod|Golisopod, F|100/100
|move|p2a: Incineroar|Knock Off|p1a: Golisopod
|-damage|p1a: Golisopod|75/100
|-enditem|p1a: Golisopod|Heavy-Duty Boots|[from] move: Knock Off|[of] p2a: Incineroar
|
|upkeep
|turn|16
|
|switch|p2a: Milotic|Milotic, M|100/100
|move|p1a: Golisopod|Liquidation|p2a: Milotic
|-resisted|p2a: Milotic
|-damage|p2a: Milotic|81/100
|
|-heal|p2a: Milotic|87/100|[from] item: Leftovers
|upkeep
|turn|17
|
|move|p2a: Milotic|Toxic|p1a: Golisopod
|-status|p1a: Golisopod|tox
|move|p1a: Golisopod|Spikes|p2a: Milotic
|-sidestart|p2: TS Adam|Spikes
|
|-heal|p2a: Milotic|93/100|[from] item: Leftovers
|-damage|p1a: Golisopod|69/100 tox|[from] psn
|upkeep
|turn|18
|
|move|p2a: Milotic|Scald|p1a: Golisopod
|-resisted|p1a: Golisopod
|-damage|p1a: Golisopod|53/100 tox
|move|p1a: Golisopod|Liquidation|p2a: Milotic
|-resisted|p2a: Milotic
|-damage|p2a: Milotic|74/100
|
|-heal|p2a: Milotic|80/100|[from] item: Leftovers
|-damage|p1a: Golisopod|41/100 tox|[from] psn
|-activate|p1a: Golisopod|ability: Emergency Exit
|upkeep
|
|switch|p1a: Tsareena|Tsareena, F|100/100
|turn|19
|
|switch|p2a: Cobalion|Cobalion|100/100
|-damage|p2a: Cobalion|88/100|[from] Spikes
|move|p1a: Tsareena|U-turn|p2a: Cobalion
|-resisted|p2a: Cobalion
|-damage|p2a: Cobalion|83/100
|
|switch|p1a: Gardevoir|Gardevoir, F|100/100|[from]move: U-turn
|-ability|p1a: Gardevoir|Justified|[from] ability: Trace|[of] p2a: Cobalion
|
|upkeep
|turn|20
|
|move|p2a: Cobalion|Iron Head|p1a: Gardevoir
|-supereffective|p1a: Gardevoir
|-damage|p1a: Gardevoir|0 fnt
|faint|p1a: Gardevoir
|
|upkeep
|
|switch|p1a: Golisopod|Golisopod, F|41/100 tox
|turn|21
|
|switch|p2a: Milotic|Milotic, M|80/100
|-damage|p2a: Milotic|68/100|[from] Spikes
|move|p1a: Golisopod|Liquidation|p2a: Milotic
|-resisted|p2a: Milotic
|-damage|p2a: Milotic|49/100
|
|-heal|p2a: Milotic|56/100|[from] item: Leftovers
|-damage|p1a: Golisopod|35/100 tox|[from] psn
|upkeep
|turn|22
|
|move|p2a: Milotic|Recover|p2a: Milotic
|-heal|p2a: Milotic|100/100
|move|p1a: Golisopod|Leech Life|p2a: Milotic
|-damage|p2a: Milotic|64/100
|-heal|p1a: Golisopod|55/100 tox|[from] drain|[of] p2a: Milotic
|
|-heal|p2a: Milotic|71/100|[from] item: Leftovers
|-damage|p1a: Golisopod|43/100 tox|[from] psn
|-activate|p1a: Golisopod|ability: Emergency Exit
|upkeep
|
|switch|p1a: Tsareena|Tsareena, F|100/100
|turn|23
|
|switch|p2a: Incineroar|Incineroar, F|100/100
|-ability|p2a: Incineroar|Intimidate|boost
|-unboost|p1a: Tsareena|atk|1
|move|p1a: Tsareena|Power Whip|p2a: Incineroar
|-resisted|p2a: Incineroar
|-damage|p2a: Incineroar|85/100
|
|upkeep
|turn|24
|
|switch|p1a: Golisopod|Golisopod, F|43/100 tox
|move|p2a: Incineroar|Knock Off|p1a: Golisopod
|-damage|p1a: Golisopod|24/100 tox
|
|-damage|p1a: Golisopod|18/100 tox|[from] psn
|upkeep
|turn|25
|
|move|p2a: Incineroar|Flare Blitz|p1a: Golisopod
|-crit|p1a: Golisopod
|-damage|p1a: Golisopod|0 fnt
|-damage|p2a: Incineroar|80/100|[from] Recoil
|faint|p1a: Golisopod
|
|upkeep
|
|switch|p1a: Tsareena|Tsareena, F|100/100
|turn|26
|
|move|p1a: Tsareena|Knock Off|p2a: Incineroar
|-resisted|p2a: Incineroar
|-damage|p2a: Incineroar|66/100
|-enditem|p2a: Incineroar|Heavy-Duty Boots|[from] move: Knock Off|[of] p1a: Tsareena
|move|p2a: Incineroar|Flare Blitz|p1a: Tsareena
|-supereffective|p1a: Tsareena
|-damage|p1a: Tsareena|0 fnt
|-damage|p2a: Incineroar|42/100|[from] Recoil
|faint|p1a: Tsareena
|
|win|TS Adam
|l|☆Y1theking100
|l|☆TS Adam
||Ladder (probably) updated, but score could not be retrieved (Response not received).
|j|☆TS Adam
|player|p2|TS Adam|caitlin
