|html|<div class="broadcast-blue"><strong>[Gen 8] UU is currently suspecting Thundurus-T! For information on how to participate check out the <a href="https://www.smogon.com/forums/threads/np-ss-uu-stage-11-boom-clap.3696000/">suspect thread</a>.</strong></div>
|j|☆Fathiryxi
|j|☆Expulso
|t:|1642784224
|gametype|singles
|player|p1|Fathiryxi|preschoolers|
|player|p2|Expulso|chuck|
|teamsize|p1|6
|teamsize|p2|6
|gen|8
|tier|[Gen 8] UU
|rule|Sleep Clause Mod: Limit one foe put to sleep
|rule|Species Clause: Limit one of each Pokémon
|rule|OHKO Clause: OHKO moves are banned
|rule|Evasion Moves Clause: Evasion moves are banned
|rule|Endless Battle Clause: Forcing endless battles is banned
|rule|HP Percentage Mod: HP is shown in percentages
|rule|Dynamax Clause: You cannot dynamax
|clearpoke
|poke|p1|Excadrill, M|
|poke|p1|Slowbro-Galar, F|
|poke|p1|Mandibuzz, F|
|poke|p1|Ditto|
|poke|p1|Keldeo-Resolute|
|poke|p1|Tapu Bulu|
|poke|p2|Scolipede, F|
|poke|p2|Celesteela|
|poke|p2|Aegislash, M|
|poke|p2|Azelf|
|poke|p2|Nihilego|
|poke|p2|Krookodile, F|
|teampreview
|c|☆Expulso|Hf
|c|☆Fathiryxi|u2
|j| Dunoks
|j| P.Otaku ☯
|j| Micciu20250
|inactive|Battle timer is ON: inactive players will automatically lose when time's up. (requested by Expulso)
|j| Guldkatt
|j| jobless monday
|inactive|Fathiryxi has 270 seconds left.
|l| Micciu20250
|l| P.Otaku ☯
|inactive|Fathiryxi has 240 seconds left.
|j| P.Otaku ☯
|l| P.Otaku ☯
|j| P.Otaku ☯
|j| Micciu20250
|inactive|Fathiryxi has 210 seconds left.
|
|t:|1642784390
|start
|switch|p1a: Ditto|Ditto|100/100
|switch|p2a: Scolipede|Scolipede, F|100/100
|-transform|p1a: Ditto|p2a: Scolipede|[from] ability: Imposter
|turn|1
|inactive|Fathiryxi has 270 seconds left.
|inactive|Fathiryxi has 240 seconds left.
|c|☆Fathiryxi|lead eq p jab spikes endeavor
|l| P.Otaku ☯
|j| P.Otaku ☯
|inactive|Fathiryxi has 210 seconds left.
|
|t:|1642784476
|switch|p2a: Azelf|Azelf|100/100
|move|p1a: Ditto|Earthquake|p2a: Azelf
|-immune|p2a: Azelf|[from] ability: Levitate
|
|-ability|p1a: Ditto|Speed Boost|boost
|-boost|p1a: Ditto|spe|1
|upkeep
|turn|2
|
|t:|1642784488
|switch|p1a: Mandibuzz|Mandibuzz, F|100/100
|move|p2a: Azelf|Nasty Plot|p2a: Azelf
|-boost|p2a: Azelf|spa|2
|
|upkeep
|turn|3
|
|t:|1642784495
|move|p2a: Azelf|Dazzling Gleam|p1a: Mandibuzz
|-supereffective|p1a: Mandibuzz
|-damage|p1a: Mandibuzz|21/100
|move|p1a: Mandibuzz|U-turn|p2a: Azelf
|-supereffective|p2a: Azelf
|-damage|p2a: Azelf|61/100
|
|t:|1642784500
|switch|p1a: Ditto|Ditto|100/100|[from]move: U-turn
|-transform|p1a: Ditto|p2a: Azelf|[from] ability: Imposter
|
|upkeep
|turn|4
|c|☆Expulso|np psyshock fire blast dgleam
|inactive|Fathiryxi has 180 seconds left.
|inactive|Expulso has 270 seconds left.
|c|☆Fathiryxi|^
|c|☆Expulso|'-'
|
|t:|1642784561
|move|p1a: Ditto|Dazzling Gleam|p2a: Azelf
|-damage|p2a: Azelf|0 fnt
|faint|p2a: Azelf
|
|upkeep
|inactive|Expulso has 240 seconds left.
|
|t:|1642784600
|switch|p2a: Aegislash|Aegislash, M|100/100
|turn|5
|inactive|Fathiryxi has 150 seconds left.
|inactive|Fathiryxi has 120 seconds left.
|
|t:|1642784658
|switch|p1a: Keldeo|Keldeo-Resolute|100/100
|move|p2a: Aegislash|Swords Dance|p2a: Aegislash
|-boost|p2a: Aegislash|atk|2
|
|upkeep
|turn|6
|inactive|Fathiryxi has 120 seconds left.
|inactive|Expulso has 210 seconds left.
|
|t:|1642784704
|move|p1a: Keldeo|Flip Turn|p2a: Aegislash
|-damage|p2a: Aegislash|88/100
|
|t:|1642784707
|switch|p1a: Mandibuzz|Mandibuzz, F|21/100|[from]move: Flip Turn
|-formechange|p2a: Aegislash|Aegislash-Blade||[from] ability: Stance Change
|move|p2a: Aegislash|Close Combat|p1a: Mandibuzz
|-damage|p1a: Mandibuzz|0 fnt
|-unboost|p2a: Aegislash|def|1
|-unboost|p2a: Aegislash|spd|1
|faint|p1a: Mandibuzz
|
|upkeep
|
|t:|1642784720
|switch|p1a: Ditto|Ditto|100/100
|-transform|p1a: Ditto|p2a: Aegislash|[from] ability: Imposter
|turn|7
|inactive|Expulso has 180 seconds left.
|
|t:|1642784747
|switch|p1a: Tapu Bulu|Tapu Bulu|100/100
|-fieldstart|move: Grassy Terrain|[from] ability: Grassy Surge|[of] p1a: Tapu Bulu
|switch|p2a: Krookodile|Krookodile, F|100/100
|-ability|p2a: Krookodile|Intimidate|boost
|-unboost|p1a: Tapu Bulu|atk|1
|
|upkeep
|turn|8
|inactive|Fathiryxi has 90 seconds left.
|
|t:|1642784774
|switch|p2a: Scolipede|Scolipede, F|100/100
|move|p1a: Tapu Bulu|Horn Leech|p2a: Scolipede
|-resisted|p2a: Scolipede
|-damage|p2a: Scolipede|90/100
|
|-heal|p2a: Scolipede|96/100|[from] Grassy Terrain
|upkeep
|turn|9
|l| Dunoks
|inactive|Expulso has 180 seconds left.
|l| Micciu20250
|l|☆Expulso
|inactive|Expulso disconnected and has 300 seconds to reconnect!
|player|p2|
|inactive|Expulso has 270 seconds to reconnect!
|j| Draph
|inactive|Expulso has 240 seconds to reconnect!
|l| P.Otaku ☯
|j| Micciu20250
|j| P.Otaku ☯
|j|☆Expulso
|inactive|Expulso reconnected and has 175 seconds left.
|player|p2|Expulso|chuck
|inactive|Fathiryxi has 60 seconds left.
|j| AzZoCcX
|c|☆Expulso|ugh laptop sux
|inactive|Expulso has 150 seconds left.
|
|t:|1642784909
|switch|p1a: Excadrill|Excadrill, M|100/100
|-ability|p1a: Excadrill|Mold Breaker
|move|p2a: Scolipede|Spikes|p1a: Excadrill
|-sidestart|p1: Fathiryxi|Spikes
|
|-heal|p2a: Scolipede|100/100|[from] Grassy Terrain
|-ability|p2a: Scolipede|Speed Boost|boost
|-boost|p2a: Scolipede|spe|1
|upkeep
|turn|10
|inactive|Expulso has 150 seconds left.
|inactive|Fathiryxi has 60 seconds left.
|
|t:|1642784936
|switch|p2a: Aegislash|Aegislash, M|88/100
|move|p1a: Excadrill|High Horsepower|p2a: Aegislash
|-supereffective|p2a: Aegislash
|-damage|p2a: Aegislash|17/100
|-enditem|p2a: Aegislash|Weakness Policy
|-boost|p2a: Aegislash|atk|2|[from] item: Weakness Policy
|-boost|p2a: Aegislash|spa|2|[from] item: Weakness Policy
|
|-heal|p2a: Aegislash|23/100|[from] Grassy Terrain
|upkeep
|turn|11
|inactive|Fathiryxi has 60 seconds left.
|
|t:|1642784950
|-formechange|p2a: Aegislash|Aegislash-Blade||[from] ability: Stance Change
|move|p2a: Aegislash|Shadow Sneak|p1a: Excadrill
|-damage|p1a: Excadrill|39/100
|move|p1a: Excadrill|High Horsepower|p2a: Aegislash
|-supereffective|p2a: Aegislash
|-damage|p2a: Aegislash|0 fnt
|faint|p2a: Aegislash
|
|-heal|p1a: Excadrill|45/100|[from] Grassy Terrain
|-heal|p1a: Excadrill|51/100|[from] item: Leftovers
|-fieldend|move: Grassy Terrain
|upkeep
|
|t:|1642784968
|switch|p2a: Krookodile|Krookodile, F|100/100
|-ability|p2a: Krookodile|Intimidate|boost
|-unboost|p1a: Excadrill|atk|1
|turn|12
|inactive|Expulso has 120 seconds left.
|
|t:|1642784991
|switch|p1a: Tapu Bulu|Tapu Bulu|100/100
|-damage|p1a: Tapu Bulu|88/100|[from] Spikes
|-fieldstart|move: Grassy Terrain|[from] ability: Grassy Surge|[of] p1a: Tapu Bulu
|move|p2a: Krookodile|Knock Off|p1a: Tapu Bulu
|-resisted|p1a: Tapu Bulu
|-damage|p1a: Tapu Bulu|67/100
|-enditem|p1a: Tapu Bulu|Leftovers|[from] move: Knock Off|[of] p2a: Krookodile
|
|-heal|p1a: Tapu Bulu|73/100|[from] Grassy Terrain
|upkeep
|turn|13
|l| Micciu20250
|inactive|Expulso has 120 seconds left.
|l| AzZoCcX
|inactive|Expulso has 90 seconds left.
|
|t:|1642785044
|move|p2a: Krookodile|Stealth Rock|p1a: Tapu Bulu
|-sidestart|p1: Fathiryxi|move: Stealth Rock
|move|p1a: Tapu Bulu|Darkest Lariat|p2a: Krookodile
|-resisted|p2a: Krookodile
|-damage|p2a: Krookodile|86/100
|
|-heal|p2a: Krookodile|92/100|[from] Grassy Terrain
|-heal|p1a: Tapu Bulu|79/100|[from] Grassy Terrain
|upkeep
|turn|14
|inactive|Fathiryxi has 60 seconds left.
|c|☆Expulso|test
|
|t:|1642785084
|switch|p2a: Scolipede|Scolipede, F|100/100
|move|p1a: Tapu Bulu|Darkest Lariat|p2a: Scolipede
|-damage|p2a: Scolipede|65/100
|
|-heal|p2a: Scolipede|71/100|[from] Grassy Terrain
|-heal|p1a: Tapu Bulu|85/100|[from] Grassy Terrain
|upkeep
|turn|15
|j| Micciu20250
|inactive|Fathiryxi has 30 seconds left.
|
|t:|1642785113
|switch|p1a: Slowbro|Slowbro-Galar, F|100/100
|-damage|p1a: Slowbro|88/100|[from] Stealth Rock
|-damage|p1a: Slowbro|76/100|[from] Spikes
|move|p2a: Scolipede|Poison Jab|p1a: Slowbro
|-resisted|p1a: Slowbro
|-damage|p1a: Slowbro|65/100
|
|-heal|p2a: Scolipede|78/100|[from] Grassy Terrain
|-heal|p1a: Slowbro|71/100|[from] Grassy Terrain
|-ability|p2a: Scolipede|Speed Boost|boost
|-boost|p2a: Scolipede|spe|1
|upkeep
|turn|16
|l| P.Otaku ☯
|inactive|Expulso has 60 seconds left.
|
|t:|1642785149
|move|p2a: Scolipede|Earthquake|p1a: Slowbro
|-supereffective|p1a: Slowbro
|-damage|p1a: Slowbro|51/100
|move|p1a: Slowbro|Scald|p2a: Scolipede
|-damage|p2a: Scolipede|45/100
|
|-heal|p2a: Scolipede|51/100|[from] Grassy Terrain
|-heal|p1a: Slowbro|57/100|[from] Grassy Terrain
|-fieldend|move: Grassy Terrain
|-ability|p2a: Scolipede|Speed Boost|boost
|-boost|p2a: Scolipede|spe|1
|upkeep
|turn|17
|inactive|Fathiryxi has 30 seconds left.
|j| AzZoCcX
|inactive|Fathiryxi has 20 seconds left.
|inactive|Fathiryxi has 15 seconds left.
|inactive|Fathiryxi has 10 seconds left.
|
|t:|1642785186
|move|p2a: Scolipede|Earthquake|p1a: Slowbro
|-supereffective|p1a: Slowbro
|-damage|p1a: Slowbro|22/100
|move|p1a: Slowbro|Slack Off|p1a: Slowbro
|-heal|p1a: Slowbro|72/100
|
|-ability|p2a: Scolipede|Speed Boost|boost
|-boost|p2a: Scolipede|spe|1
|upkeep
|turn|18
|inactive|Fathiryxi has 20 seconds left this turn.
|inactive|Fathiryxi has 15 seconds left.
|inactive|Fathiryxi has 10 seconds left.
|
|t:|1642785196
|switch|p2a: Krookodile|Krookodile, F|92/100
|-ability|p2a: Krookodile|Intimidate|boost
|-unboost|p1a: Slowbro|atk|1
|move|p1a: Slowbro|Calm Mind|p1a: Slowbro
|-boost|p1a: Slowbro|spa|1
|-boost|p1a: Slowbro|spd|1
|
|upkeep
|turn|19
|inactive|Fathiryxi has 20 seconds left this turn.
|j| P.Otaku ☯
|
|t:|1642785210
|switch|p2a: Scolipede|Scolipede, F|51/100
|switch|p1a: Tapu Bulu|Tapu Bulu|85/100
|-damage|p1a: Tapu Bulu|73/100|[from] Stealth Rock
|-damage|p1a: Tapu Bulu|60/100|[from] Spikes
|-fieldstart|move: Grassy Terrain|[from] ability: Grassy Surge|[of] p1a: Tapu Bulu
|
|-heal|p2a: Scolipede|58/100|[from] Grassy Terrain
|-heal|p1a: Tapu Bulu|66/100|[from] Grassy Terrain
|upkeep
|turn|20
|inactive|Fathiryxi has 30 seconds left this turn.
|l| P.Otaku ☯
|inactive|Expulso has 30 seconds left.
|j| P.Otaku ☯
|
|t:|1642785238
|switch|p1a: Slowbro|Slowbro-Galar, F|100/100
|-damage|p1a: Slowbro|88/100|[from] Stealth Rock
|-damage|p1a: Slowbro|76/100|[from] Spikes
|move|p2a: Scolipede|Earthquake|p1a: Slowbro
|-supereffective|p1a: Slowbro
|-damage|p1a: Slowbro|56/100
|
|-heal|p2a: Scolipede|64/100|[from] Grassy Terrain
|-heal|p1a: Slowbro|62/100|[from] Grassy Terrain
|-ability|p2a: Scolipede|Speed Boost|boost
|-boost|p2a: Scolipede|spe|1
|upkeep
|turn|21
|inactive|Fathiryxi has 30 seconds left.
|inactive|Expulso has 30 seconds left.
|inactive|Expulso has 20 seconds left.
|inactive|Expulso has 15 seconds left.
|
|t:|1642785258
|move|p2a: Scolipede|Spikes|p1a: Slowbro
|-sidestart|p1: Fathiryxi|Spikes
|move|p1a: Slowbro|Slack Off|p1a: Slowbro
|-heal|p1a: Slowbro|100/100
|
|-heal|p2a: Scolipede|70/100|[from] Grassy Terrain
|-ability|p2a: Scolipede|Speed Boost|boost
|-boost|p2a: Scolipede|spe|1
|upkeep
|turn|22
|inactive|Expulso has 25 seconds left this turn.
|inactive|Expulso has 20 seconds left.
|
|t:|1642785266
|switch|p2a: Krookodile|Krookodile, F|92/100
|-ability|p2a: Krookodile|Intimidate|boost
|-unboost|p1a: Slowbro|atk|1
|move|p1a: Slowbro|Calm Mind|p1a: Slowbro
|-boost|p1a: Slowbro|spa|1
|-boost|p1a: Slowbro|spd|1
|
|-heal|p2a: Krookodile|98/100|[from] Grassy Terrain
|upkeep
|turn|23
|inactive|Expulso has 30 seconds left this turn.
|inactive|Expulso has 20 seconds left.
|
|t:|1642785278
|move|p2a: Krookodile|Knock Off|p1a: Slowbro
|-supereffective|p1a: Slowbro
|-enditem|p1a: Slowbro|Colbur Berry|[eat]
|-enditem|p1a: Slowbro|Colbur Berry|[weaken]
|-damage|p1a: Slowbro|72/100
|move|p1a: Slowbro|Scald|p2a: Krookodile
|-supereffective|p2a: Krookodile
|-damage|p2a: Krookodile|25/100
|
|-heal|p2a: Krookodile|31/100|[from] Grassy Terrain
|-heal|p1a: Slowbro|78/100|[from] Grassy Terrain
|-fieldend|move: Grassy Terrain
|upkeep
|turn|24
|inactive|Expulso has 30 seconds left this turn.
|l| P.Otaku ☯
|j| P.Otaku ☯
|inactive|Expulso has 20 seconds left.
|inactive|Expulso has 15 seconds left.
|inactive|Fathiryxi has 30 seconds left.
|
|t:|1642785307
|move|p2a: Krookodile|Knock Off|p1a: Slowbro
|-supereffective|p1a: Slowbro
|-damage|p1a: Slowbro|33/100
|move|p1a: Slowbro|Scald|p2a: Krookodile
|-supereffective|p2a: Krookodile
|-damage|p2a: Krookodile|0 fnt
|faint|p2a: Krookodile
|
|upkeep
|inactive|Fathiryxi has 30 seconds left this turn.
|inactive|Expulso has 20 seconds left this turn.
|
|t:|1642785312
|switch|p2a: Nihilego|Nihilego|100/100
|turn|25
|inactive|Expulso has 30 seconds left this turn.
|inactive|Fathiryxi has 30 seconds left.
|
|t:|1642785322
|switch|p1a: Keldeo|Keldeo-Resolute|100/100
|-damage|p1a: Keldeo|94/100|[from] Stealth Rock
|-damage|p1a: Keldeo|78/100|[from] Spikes
|move|p2a: Nihilego|Meteor Beam||[still]
|-prepare|p2a: Nihilego|Meteor Beam
|-boost|p2a: Nihilego|spa|1
|-enditem|p2a: Nihilego|Power Herb
|-anim|p2a: Nihilego|Meteor Beam|p1a: Keldeo
|-resisted|p1a: Keldeo
|-damage|p1a: Keldeo|29/100
|
|upkeep
|turn|26
|inactive|Expulso has 30 seconds left.
|inactive|Fathiryxi has 30 seconds left.
|inactive|Fathiryxi has 20 seconds left.
|inactive|Expulso has 20 seconds left.
|inactive|Expulso has 15 seconds left.
|
|t:|1642785350
|move|p1a: Keldeo|Hydro Pump|p2a: Nihilego|[miss]
|-miss|p1a: Keldeo|p2a: Nihilego
|move|p2a: Nihilego|Sludge Wave|p1a: Keldeo
|-damage|p1a: Keldeo|0 fnt
|faint|p1a: Keldeo
|-ability|p2a: Nihilego|Beast Boost|boost
|-boost|p2a: Nihilego|spa|1
|
|upkeep
|inactive|Fathiryxi has 25 seconds left this turn.
|inactive|Expulso has 20 seconds left this turn.
|inactive|Fathiryxi has 20 seconds left.
|inactive|Fathiryxi has 15 seconds left.
|c|☆Expulso|Mb
|inactive|Fathiryxi has 10 seconds left.
|inactive|Fathiryxi has 5 seconds left.
|
|t:|1642785371
|switch|p1a: Slowbro|Slowbro-Galar, F|67/100
|-damage|p1a: Slowbro|50/100|[from] Spikes
|-damage|p1a: Slowbro|38/100|[from] Stealth Rock
|turn|27
|inactive|Fathiryxi has 15 seconds left this turn.
|inactive|Expulso has 30 seconds left this turn.
|inactive|Fathiryxi has 10 seconds left.
|l| P.Otaku ☯
|inactive|Fathiryxi has 5 seconds left.
|
|t:|1642785382
|switch|p1a: Tapu Bulu|Tapu Bulu|66/100
|-damage|p1a: Tapu Bulu|54/100|[from] Stealth Rock
|-damage|p1a: Tapu Bulu|37/100|[from] Spikes
|-fieldstart|move: Grassy Terrain|[from] ability: Grassy Surge|[of] p1a: Tapu Bulu
|move|p2a: Nihilego|Sludge Wave|p1a: Tapu Bulu
|-supereffective|p1a: Tapu Bulu
|-damage|p1a: Tapu Bulu|0 fnt
|faint|p1a: Tapu Bulu
|-ability|p2a: Nihilego|Beast Boost|boost
|-boost|p2a: Nihilego|spa|1
|
|upkeep
|inactive|Fathiryxi has 10 seconds left this turn.
|inactive|Expulso has 30 seconds left this turn.
|j| P.Otaku ☯
|inactive|Fathiryxi has 5 seconds left.
|
|t:|1642785388
|switch|p1a: Excadrill|Excadrill, M|51/100
|-damage|p1a: Excadrill|48/100|[from] Stealth Rock
|-damage|p1a: Excadrill|31/100|[from] Spikes
|-ability|p1a: Excadrill|Mold Breaker
|turn|28
|inactive|Fathiryxi has 15 seconds left this turn.
|inactive|Fathiryxi has 10 seconds left.
|
|t:|1642785397
|move|p2a: Nihilego|Grass Knot|p1a: Excadrill
|-damage|p1a: Excadrill|0 fnt
|faint|p1a: Excadrill
|-ability|p2a: Nihilego|Beast Boost|boost
|-boost|p2a: Nihilego|spa|1
|
|upkeep
|inactive|Fathiryxi has 15 seconds left this turn.
|
|t:|1642785401
|switch|p1a: Ditto|Ditto|100/100
|-damage|p1a: Ditto|84/100|[from] Spikes
|-damage|p1a: Ditto|71/100|[from] Stealth Rock
|-transform|p1a: Ditto|p2a: Nihilego|[from] ability: Imposter
|turn|29
|inactive|Fathiryxi has 25 seconds left this turn.
|inactive|Fathiryxi has 20 seconds left.
|inactive|Fathiryxi has 15 seconds left.
|l| P.Otaku ☯
|inactive|Expulso has 30 seconds left.
|j| P.Otaku ☯
|
|t:|1642785430
|move|p1a: Ditto|Grass Knot|p2a: Nihilego
|-damage|p2a: Nihilego|27/100
|move|p2a: Nihilego|Sludge Wave|p1a: Ditto
|-resisted|p1a: Ditto
|-damage|p1a: Ditto|37/100
|
|-heal|p1a: Ditto|43/100|[from] Grassy Terrain
|-heal|p2a: Nihilego|33/100|[from] Grassy Terrain
|upkeep
|turn|30
|inactive|Fathiryxi has 25 seconds left this turn.
|inactive|Fathiryxi has 20 seconds left.
|inactive|Expulso has 30 seconds left.
|
|t:|1642785449
|switch|p2a: Celesteela|Celesteela|100/100
|move|p1a: Ditto|Grass Knot|p2a: Celesteela
|-resisted|p2a: Celesteela
|-damage|p2a: Celesteela|58/100
|
|-heal|p1a: Ditto|49/100|[from] Grassy Terrain
|upkeep
|turn|31
|inactive|Fathiryxi has 30 seconds left this turn.
|inactive|Expulso has 30 seconds left.
|inactive|Fathiryxi has 20 seconds left.
|
|t:|1642785459
|move|p1a: Ditto|Grass Knot|p2a: Celesteela
|-resisted|p2a: Celesteela
|-damage|p2a: Celesteela|20/100
|move|p2a: Celesteela|Meteor Beam||[still]
|-prepare|p2a: Celesteela|Meteor Beam
|-boost|p2a: Celesteela|spa|1
|-enditem|p2a: Celesteela|Power Herb
|-anim|p2a: Celesteela|Meteor Beam|p1a: Ditto
|-damage|p1a: Ditto|0 fnt
|faint|p1a: Ditto
|-ability|p2a: Celesteela|Beast Boost|boost
|-boost|p2a: Celesteela|spa|1
|
|-fieldend|move: Grassy Terrain
|upkeep
|inactive|Fathiryxi has 25 seconds left this turn.
|inactive|Fathiryxi has 20 seconds left.
|l| P.Otaku ☯
|
|t:|1642785468
|switch|p1a: Slowbro|Slowbro-Galar, F|71/100
|-damage|p1a: Slowbro|55/100|[from] Spikes
|-damage|p1a: Slowbro|42/100|[from] Stealth Rock
|turn|32
|inactive|Fathiryxi has 30 seconds left this turn.
|
|t:|1642785472
|move|p2a: Celesteela|Air Slash|p1a: Slowbro
|-damage|p1a: Slowbro|0 fnt
|faint|p1a: Slowbro
|
|win|Expulso
|c|☆Expulso|gg sry for miss
|c|☆Fathiryxi|gg
