|raw|<div class="broadcast-blue"><strong>This battle is required to be public due to a player having a name starting with 'uult82n'.</div>
|j|☆uult82n blackpink
|j|☆big baz
|t:|1623153364
|gametype|singles
|player|p1|uult82n blackpink|102|1497
|player|p2|big baz|ltsurge|1412
|teamsize|p1|6
|teamsize|p2|6
|gen|8
|tier|[Gen 8] UU
|rated|
|rule|Sleep Clause Mod: Limit one foe put to sleep
|rule|Species Clause: Limit one of each Pokémon
|rule|OHKO Clause: OHKO moves are banned
|rule|Evasion Moves Clause: Evasion moves are banned
|rule|Endless Battle Clause: Forcing endless battles is banned
|rule|HP Percentage Mod: HP is shown in percentages
|rule|Dynamax Clause: You cannot dynamax
|clearpoke
|poke|p1|Ribombee, F|
|poke|p1|Thundurus-Therian, M|
|poke|p1|Necrozma|
|poke|p1|Azelf|
|poke|p1|Diggersby, F|
|poke|p1|Azumarill, F|
|poke|p2|Tyrantrum, M|
|poke|p2|Ribombee, M|
|poke|p2|Obstagoon, M|
|poke|p2|Hatterene, F|
|poke|p2|Volcanion|
|poke|p2|Zygarde-10%|
|teampreview
|
|t:|1623153376
|start
|switch|p1a: Ribombee|Ribombee, F|100/100
|switch|p2a: Ribombee|Ribombee, M|100/100
|turn|1
|inactive|Battle timer is ON: inactive players will automatically lose when time's up. (requested by uult82n blackpink)
|
|t:|1623153381
|move|p2a: Ribombee|U-turn|p1a: Ribombee
|-resisted|p1a: Ribombee
|-damage|p1a: Ribombee|88/100
|
|t:|1623153383
|switch|p2a: Hatterene|Hatterene, F|100/100|[from]move: U-turn
|move|p1a: Ribombee|Moonblast|p2a: Hatterene
|-damage|p2a: Hatterene|58/100
|
|-heal|p2a: Hatterene|64/100|[from] item: Leftovers
|upkeep
|turn|2
|
|t:|1623153389
|move|p1a: Ribombee|Moonblast|p2a: Hatterene
|-damage|p2a: Hatterene|22/100
|-unboost|p2a: Hatterene|spa|1
|move|p2a: Hatterene|Draining Kiss|p1a: Ribombee
|-damage|p1a: Ribombee|63/100
|-heal|p2a: Hatterene|37/100|[from] drain|[of] p1a: Ribombee
|
|-heal|p2a: Hatterene|43/100|[from] item: Leftovers
|upkeep
|turn|3
|
|t:|1623153397
|move|p1a: Ribombee|U-turn|p2a: Hatterene
|-damage|p2a: Hatterene|33/100
|
|t:|1623153400
|switch|p1a: Necrozma|Necrozma|100/100|[from]move: U-turn
|move|p2a: Hatterene|Psyshock|p1a: Necrozma
|-resisted|p1a: Necrozma
|-damage|p1a: Necrozma|89/100
|
|-heal|p2a: Hatterene|39/100|[from] item: Leftovers
|upkeep
|turn|4
|
|t:|1623153409
|switch|p2a: Obstagoon|Obstagoon, M|100/100
|move|p1a: Necrozma|Meteor Beam||[still]
|-prepare|p1a: Necrozma|Meteor Beam
|-boost|p1a: Necrozma|spa|1
|-enditem|p1a: Necrozma|Power Herb
|-anim|p1a: Necrozma|Meteor Beam|p2a: Obstagoon
|-damage|p2a: Obstagoon|30/100
|
|upkeep
|turn|5
|
|t:|1623153424
|switch|p1a: Ribombee|Ribombee, F|63/100
|move|p2a: Obstagoon|Trick|p1a: Ribombee
|-activate|p2a: Obstagoon|move: Trick|[of] p1a: Ribombee
|-item|p1a: Ribombee|Choice Scarf|[from] move: Trick
|-item|p2a: Obstagoon|Focus Sash|[from] move: Trick
|
|upkeep
|turn|6
|
|t:|1623153435
|switch|p2a: Hatterene|Hatterene, F|39/100
|move|p1a: Ribombee|Moonblast|p2a: Hatterene
|-damage|p2a: Hatterene|0 fnt
|faint|p2a: Hatterene
|
|upkeep
|
|t:|1623153438
|switch|p2a: Volcanion|Volcanion|100/100
|turn|7
|
|t:|1623153450
|switch|p1a: Thundurus|Thundurus-Therian, M|100/100
|move|p2a: Volcanion|Substitute|p2a: Volcanion
|-start|p2a: Volcanion|Substitute
|-damage|p2a: Volcanion|76/100
|
|-heal|p2a: Volcanion|82/100|[from] item: Leftovers
|upkeep
|turn|8
|
|t:|1623153453
|move|p1a: Thundurus|Thunderbolt|p2a: Volcanion
|-supereffective|p2a: Volcanion
|-end|p2a: Volcanion|Substitute
|move|p2a: Volcanion|Steam Eruption|p1a: Thundurus
|-damage|p1a: Thundurus|21/100
|
|-heal|p2a: Volcanion|88/100|[from] item: Leftovers
|upkeep
|turn|9
|
|t:|1623153462
|switch|p2a: Zygarde|Zygarde-10%|100/100
|-ability|p2a: Zygarde|Aura Break
|move|p1a: Thundurus|Psychic|p2a: Zygarde
|-damage|p2a: Zygarde|47/100
|
|upkeep
|turn|10
|
|t:|1623153472
|switch|p1a: Necrozma|Necrozma|89/100
|move|p2a: Zygarde|Thousand Arrows|p1a: Necrozma
|-damage|p1a: Necrozma|28/100
|
|upkeep
|turn|11
|
|t:|1623153481
|move|p2a: Zygarde|Thousand Arrows|p1a: Necrozma
|-damage|p1a: Necrozma|0 fnt
|faint|p1a: Necrozma
|
|upkeep
|
|t:|1623153483
|switch|p1a: Ribombee|Ribombee, F|63/100
|turn|12
|
|t:|1623153486
|switch|p2a: Obstagoon|Obstagoon, M|30/100
|move|p1a: Ribombee|Sticky Web|p2a: Obstagoon
|-sidestart|p2: big baz|move: Sticky Web
|
|upkeep
|turn|13
|
|t:|1623153506
|switch|p2a: Ribombee|Ribombee, M|100/100
|-activate|p2a: Ribombee|move: Sticky Web
|-unboost|p2a: Ribombee|spe|1
|move|p1a: Ribombee|Sticky Web||[still]
|-fail|p1a: Ribombee
|
|upkeep
|turn|14
|
|t:|1623153528
|switch|p1a: Azumarill|Azumarill, F|100/100
|move|p2a: Ribombee|Sticky Web|p1a: Azumarill
|-sidestart|p1: uult82n blackpink|move: Sticky Web
|
|upkeep
|turn|15
|
|t:|1623153536
|move|p2a: Ribombee|Stun Spore|p1a: Azumarill|[miss]
|-miss|p2a: Ribombee|p1a: Azumarill
|move|p1a: Azumarill|Play Rough|p2a: Ribombee|[miss]
|-miss|p1a: Azumarill|p2a: Ribombee
|
|upkeep
|turn|16
|
|t:|1623153543
|switch|p1a: Ribombee|Ribombee, F|63/100
|-activate|p1a: Ribombee|move: Sticky Web
|-unboost|p1a: Ribombee|spe|1
|move|p2a: Ribombee|Stun Spore|p1a: Ribombee|[miss]
|-miss|p2a: Ribombee|p1a: Ribombee
|
|upkeep
|turn|17
|
|t:|1623153548
|move|p1a: Ribombee|Moonblast|p2a: Ribombee
|-damage|p2a: Ribombee|36/100
|move|p2a: Ribombee|Stun Spore|p1a: Ribombee|[miss]
|-miss|p2a: Ribombee|p1a: Ribombee
|
|upkeep
|turn|18
|
|t:|1623153553
|move|p1a: Ribombee|Moonblast|p2a: Ribombee
|-damage|p2a: Ribombee|0 fnt
|faint|p2a: Ribombee
|
|upkeep
|c|☆uult82n blackpink|mb
|
|t:|1623153555
|switch|p2a: Volcanion|Volcanion|88/100
|-activate|p2a: Volcanion|move: Sticky Web
|-unboost|p2a: Volcanion|spe|1
|turn|19
|
|t:|1623153560
|switch|p1a: Thundurus|Thundurus-Therian, M|21/100
|move|p2a: Volcanion|Substitute|p2a: Volcanion
|-start|p2a: Volcanion|Substitute
|-damage|p2a: Volcanion|63/100
|
|-heal|p2a: Volcanion|69/100|[from] item: Leftovers
|upkeep
|turn|20
|
|t:|1623153563
|move|p1a: Thundurus|Thunderbolt|p2a: Volcanion
|-supereffective|p2a: Volcanion
|-end|p2a: Volcanion|Substitute
|move|p2a: Volcanion|Flamethrower|p1a: Thundurus
|-damage|p1a: Thundurus|0 fnt
|faint|p1a: Thundurus
|
|-heal|p2a: Volcanion|75/100|[from] item: Leftovers
|upkeep
|inactive|uult82n blackpink has 120 seconds left.
|inactive|uult82n blackpink has 90 seconds left.
|
|t:|1623153650
|switch|p1a: Diggersby|Diggersby, F|100/100
|-activate|p1a: Diggersby|move: Sticky Web
|-unboost|p1a: Diggersby|spe|1
|turn|21
|
|t:|1623153658
|switch|p2a: Tyrantrum|Tyrantrum, M|100/100
|-activate|p2a: Tyrantrum|move: Sticky Web
|-unboost|p2a: Tyrantrum|spe|1
|move|p1a: Diggersby|Quick Attack|p2a: Tyrantrum
|-resisted|p2a: Tyrantrum
|-damage|p2a: Tyrantrum|86/100
|
|upkeep
|turn|22
|
|t:|1623153663
|move|p1a: Diggersby|Earthquake|p2a: Tyrantrum
|-supereffective|p2a: Tyrantrum
|-damage|p2a: Tyrantrum|0 fnt
|faint|p2a: Tyrantrum
|
|upkeep
|
|t:|1623153667
|switch|p2a: Obstagoon|Obstagoon, M|30/100
|-activate|p2a: Obstagoon|move: Sticky Web
|-unboost|p2a: Obstagoon|spe|1
|-ability|p2a: Obstagoon|Defiant
|-boost|p2a: Obstagoon|atk|2
|turn|23
|
|t:|1623153674
|move|p1a: Diggersby|Quick Attack|p2a: Obstagoon
|-damage|p2a: Obstagoon|0 fnt
|faint|p2a: Obstagoon
|
|upkeep
|-message|big baz forfeited.
|
|win|uult82n blackpink
|raw|uult82n blackpink's rating: 1497 &rarr; <strong>1512</strong><br />(+15 for winning)
|raw|big baz's rating: 1412 &rarr; <strong>1397</strong><br />(-15 for losing)
|l|☆big baz
