|j|☆MegaTotomon
|j|☆pokemonisfun
|t:|1663297780
|gametype|singles
|player|p1|MegaTotomon|fantina|1600
|player|p2|pokemonisfun|#uutrio2ladder|1694
|teamsize|p1|6
|teamsize|p2|6
|gen|8
|tier|[Gen 8] UU
|rated|
|rule|Sleep Clause Mod: Limit one foe put to sleep
|rule|Species Clause: Limit one of each Pokémon
|rule|OHKO Clause: OHKO moves are banned
|rule|Evasion Items Clause: Evasion items are banned
|rule|Evasion Moves Clause: Evasion moves are banned
|rule|Endless Battle Clause: Forcing endless battles is banned
|rule|HP Percentage Mod: HP is shown in percentages
|rule|Dynamax Clause: You cannot dynamax
|clearpoke
|poke|p1|Cobalion|
|poke|p1|Chandelure, F|
|poke|p1|Rotom-Wash|
|poke|p1|Diggersby, M|
|poke|p1|Tangrowth, F|
|poke|p1|Slowbro-Galar, F|
|poke|p2|Regice|
|poke|p2|Salamence, F|
|poke|p2|Jirachi|
|poke|p2|Hippowdon, M|
|poke|p2|Tangrowth, M|
|poke|p2|Diggersby, M|
|teampreview
|c|☆MegaTotomon|glhf
|c|☆pokemonisfun|glhf
|
|t:|1663297809
|start
|switch|p1a: Chandelure|Chandelure, F|100/100
|switch|p2a: tang ur wang|Tangrowth, M|100/100
|turn|1
|
|t:|1663297815
|switch|p1a: Slowbro|Slowbro-Galar, F|100/100
|move|p2a: tang ur wang|Knock Off|p1a: Slowbro
|-supereffective|p1a: Slowbro
|-enditem|p1a: Slowbro|Colbur Berry|[eat]
|-enditem|p1a: Slowbro|Colbur Berry|[weaken]
|-damage|p1a: Slowbro|85/100
|
|upkeep
|turn|2
|
|t:|1663297828
|switch|p2a: hip(pos) dont lie|Hippowdon, M|100/100
|-weather|Sandstorm|[from] ability: Sand Stream|[of] p2a: hip(pos) dont lie
|move|p1a: Slowbro|Sludge Bomb|p2a: hip(pos) dont lie
|-resisted|p2a: hip(pos) dont lie
|-damage|p2a: hip(pos) dont lie|88/100
|
|-weather|Sandstorm|[upkeep]
|-damage|p1a: Slowbro|79/100|[from] Sandstorm
|-heal|p2a: hip(pos) dont lie|94/100|[from] item: Leftovers
|upkeep
|turn|3
|
|t:|1663297836
|switch|p1a: Rotom|Rotom-Wash|100/100
|move|p2a: hip(pos) dont lie|Stealth Rock|p1a: Rotom
|-sidestart|p1: MegaTotomon|move: Stealth Rock
|
|-weather|Sandstorm|[upkeep]
|-damage|p1a: Rotom|95/100|[from] Sandstorm
|-heal|p1a: Rotom|100/100|[from] item: Leftovers
|-heal|p2a: hip(pos) dont lie|99/100|[from] item: Leftovers
|upkeep
|turn|4
|
|t:|1663297843
|move|p1a: Rotom|Hydro Pump|p2a: hip(pos) dont lie
|-supereffective|p2a: hip(pos) dont lie
|-damage|p2a: hip(pos) dont lie|40/100
|move|p2a: hip(pos) dont lie|Toxic|p1a: Rotom
|-status|p1a: Rotom|tox
|
|-weather|Sandstorm|[upkeep]
|-damage|p1a: Rotom|95/100 tox|[from] Sandstorm
|-heal|p1a: Rotom|100/100 tox|[from] item: Leftovers
|-heal|p2a: hip(pos) dont lie|46/100|[from] item: Leftovers
|-damage|p1a: Rotom|95/100 tox|[from] psn
|upkeep
|turn|5
|
|t:|1663297849
|switch|p2a: tang ur wang|Tangrowth, M|100/100
|move|p1a: Rotom|Defog|p2a: tang ur wang
|-unboost|p2a: tang ur wang|evasion|1
|-sideend|p1: MegaTotomon|Stealth Rock|[from] move: Defog|[of] p1a: Rotom
|
|-weather|Sandstorm|[upkeep]
|-damage|p1a: Rotom|89/100 tox|[from] Sandstorm
|-damage|p2a: tang ur wang|94/100|[from] Sandstorm
|-heal|p1a: Rotom|95/100 tox|[from] item: Leftovers
|-damage|p1a: Rotom|83/100 tox|[from] psn
|upkeep
|turn|6
|
|t:|1663297852
|switch|p2a: hip(pos) dont lie|Hippowdon, M|46/100
|move|p1a: Rotom|Volt Switch|p2a: hip(pos) dont lie
|-immune|p2a: hip(pos) dont lie
|
|-weather|none
|-heal|p1a: Rotom|89/100 tox|[from] item: Leftovers
|-heal|p2a: hip(pos) dont lie|52/100|[from] item: Leftovers
|-damage|p1a: Rotom|71/100 tox|[from] psn
|upkeep
|turn|7
|
|t:|1663297857
|switch|p2a: tang ur wang|Tangrowth, M|100/100
|move|p1a: Rotom|Volt Switch|p2a: tang ur wang
|-resisted|p2a: tang ur wang
|-damage|p2a: tang ur wang|92/100
|
|t:|1663297859
|switch|p1a: Diggersby|Diggersby, M|100/100|[from]move: Volt Switch
|
|upkeep
|turn|8
|
|t:|1663297864
|move|p1a: Diggersby|U-turn|p2a: tang ur wang
|-supereffective|p2a: tang ur wang
|-damage|p2a: tang ur wang|53/100
|
|t:|1663297868
|switch|p1a: Slowbro|Slowbro-Galar, F|100/100|[from]move: U-turn
|move|p2a: tang ur wang|Earthquake|p1a: Slowbro
|-supereffective|p1a: Slowbro
|-damage|p1a: Slowbro|73/100
|
|upkeep
|turn|9
|
|t:|1663297872
|switch|p2a: hip(pos) dont lie|Hippowdon, M|52/100
|-weather|Sandstorm|[from] ability: Sand Stream|[of] p2a: hip(pos) dont lie
|switch|p1a: Chandelure|Chandelure, F|100/100
|
|-weather|Sandstorm|[upkeep]
|-damage|p1a: Chandelure|94/100|[from] Sandstorm
|-heal|p2a: hip(pos) dont lie|58/100|[from] item: Leftovers
|upkeep
|turn|10
|
|t:|1663297881
|switch|p2a: airy scary|Salamence, F|100/100
|-ability|p2a: airy scary|Intimidate|boost
|-unboost|p1a: Chandelure|atk|1
|move|p1a: Chandelure|Will-O-Wisp|p2a: airy scary
|-status|p2a: airy scary|brn
|
|-weather|Sandstorm|[upkeep]
|-damage|p2a: airy scary|94/100 brn|[from] Sandstorm
|-damage|p1a: Chandelure|88/100|[from] Sandstorm
|-damage|p2a: airy scary|88/100 brn|[from] brn
|upkeep
|turn|11
|
|t:|1663297893
|switch|p2a: merits a carrot?|Diggersby, M|100/100
|move|p1a: Chandelure|Protect||[still]
|-fail|p1a: Chandelure
|
|-weather|Sandstorm|[upkeep]
|-damage|p1a: Chandelure|82/100|[from] Sandstorm
|upkeep
|turn|12
|
|t:|1663297901
|move|p1a: Chandelure|Protect|p1a: Chandelure
|-singleturn|p1a: Chandelure|Protect
|move|p2a: merits a carrot?|Earthquake|p1a: Chandelure
|-activate|p1a: Chandelure|move: Protect
|
|-weather|Sandstorm|[upkeep]
|-damage|p1a: Chandelure|76/100|[from] Sandstorm
|upkeep
|turn|13
|
|t:|1663297909
|switch|p2a: tang ur wang|Tangrowth, M|86/100
|switch|p1a: Rotom|Rotom-Wash|71/100 tox
|
|-weather|none
|-heal|p1a: Rotom|77/100 tox|[from] item: Leftovers
|-damage|p1a: Rotom|71/100 tox|[from] psn
|upkeep
|turn|14
|
|t:|1663297911
|switch|p2a: hip(pos) dont lie|Hippowdon, M|58/100
|-weather|Sandstorm|[from] ability: Sand Stream|[of] p2a: hip(pos) dont lie
|move|p1a: Rotom|Volt Switch|p2a: hip(pos) dont lie
|-immune|p2a: hip(pos) dont lie
|
|-weather|Sandstorm|[upkeep]
|-damage|p1a: Rotom|65/100 tox|[from] Sandstorm
|-heal|p1a: Rotom|71/100 tox|[from] item: Leftovers
|-heal|p2a: hip(pos) dont lie|64/100|[from] item: Leftovers
|-damage|p1a: Rotom|59/100 tox|[from] psn
|upkeep
|turn|15
|
|t:|1663297920
|switch|p2a: tang ur wang|Tangrowth, M|100/100
|move|p1a: Rotom|Hydro Pump|p2a: tang ur wang
|-resisted|p2a: tang ur wang
|-damage|p2a: tang ur wang|88/100
|
|-weather|Sandstorm|[upkeep]
|-damage|p1a: Rotom|53/100 tox|[from] Sandstorm
|-damage|p2a: tang ur wang|82/100|[from] Sandstorm
|-heal|p1a: Rotom|59/100 tox|[from] item: Leftovers
|-damage|p1a: Rotom|41/100 tox|[from] psn
|upkeep
|turn|16
|
|t:|1663297925
|switch|p2a: hip(pos) dont lie|Hippowdon, M|64/100
|move|p1a: Rotom|Pain Split|p2a: hip(pos) dont lie
|-sethp|p2a: hip(pos) dont lie|47/100|[from] move: Pain Split|[silent]
|-sethp|p1a: Rotom|65/100 tox|[from] move: Pain Split
|
|-weather|Sandstorm|[upkeep]
|-damage|p1a: Rotom|59/100 tox|[from] Sandstorm
|-heal|p1a: Rotom|65/100 tox|[from] item: Leftovers
|-heal|p2a: hip(pos) dont lie|53/100|[from] item: Leftovers
|-damage|p1a: Rotom|41/100 tox|[from] psn
|upkeep
|turn|17
|
|t:|1663297934
|switch|p1a: Tangrowth|Tangrowth, F|100/100
|switch|p2a: tang ur wang|Tangrowth, M|100/100
|
|-weather|Sandstorm|[upkeep]
|-damage|p2a: tang ur wang|94/100|[from] Sandstorm
|-damage|p1a: Tangrowth|94/100|[from] Sandstorm
|upkeep
|turn|18
|
|t:|1663297958
|move|p2a: tang ur wang|Sludge Bomb|p1a: Tangrowth
|-supereffective|p1a: Tangrowth
|-damage|p1a: Tangrowth|64/100
|move|p1a: Tangrowth|Knock Off|p2a: tang ur wang
|-damage|p2a: tang ur wang|80/100
|-enditem|p2a: tang ur wang|Assault Vest|[from] move: Knock Off|[of] p1a: Tangrowth
|
|-weather|none
|upkeep
|turn|19
|
|t:|1663297969
|move|p2a: tang ur wang|Sludge Bomb|p1a: Tangrowth
|-supereffective|p1a: Tangrowth
|-damage|p1a: Tangrowth|33/100
|-status|p1a: Tangrowth|psn
|move|p1a: Tangrowth|Sludge Bomb|p2a: tang ur wang
|-supereffective|p2a: tang ur wang
|-damage|p2a: tang ur wang|36/100
|
|-damage|p1a: Tangrowth|21/100 psn|[from] psn
|upkeep
|turn|20
|
|t:|1663297976
|switch|p2a: hip(pos) dont lie|Hippowdon, M|53/100
|-weather|Sandstorm|[from] ability: Sand Stream|[of] p2a: hip(pos) dont lie
|switch|p1a: Cobalion|Cobalion|100/100
|
|-weather|Sandstorm|[upkeep]
|-heal|p2a: hip(pos) dont lie|59/100|[from] item: Leftovers
|upkeep
|turn|21
|
|t:|1663297983
|move|p1a: Cobalion|Swords Dance|p1a: Cobalion
|-boost|p1a: Cobalion|atk|2
|move|p2a: hip(pos) dont lie|Stealth Rock|p1a: Cobalion
|-sidestart|p1: MegaTotomon|move: Stealth Rock
|
|-weather|Sandstorm|[upkeep]
|-heal|p2a: hip(pos) dont lie|65/100|[from] item: Leftovers
|upkeep
|turn|22
|
|t:|1663297990
|move|p1a: Cobalion|Swords Dance|p1a: Cobalion
|-boost|p1a: Cobalion|atk|2
|move|p2a: hip(pos) dont lie|Earthquake|p1a: Cobalion
|-supereffective|p1a: Cobalion
|-damage|p1a: Cobalion|37/100
|
|-weather|Sandstorm|[upkeep]
|-heal|p2a: hip(pos) dont lie|72/100|[from] item: Leftovers
|upkeep
|turn|23
|
|t:|1663298008
|switch|p2a: jim|Regice|100/100
|move|p1a: Cobalion|Close Combat|p2a: jim
|-supereffective|p2a: jim
|-damage|p2a: jim|0 fnt
|-unboost|p1a: Cobalion|def|1
|-unboost|p1a: Cobalion|spd|1
|faint|p2a: jim
|
|-weather|Sandstorm|[upkeep]
|upkeep
|c|☆pokemonisfun|holy shit regice is so good
|
|t:|1663298020
|switch|p2a: merits a carrot?|Diggersby, M|100/100
|turn|24
|
|t:|1663298037
|move|p2a: merits a carrot?|Fire Punch|p1a: Cobalion
|-supereffective|p1a: Cobalion
|-damage|p1a: Cobalion|0 fnt
|-damage|p2a: merits a carrot?|84/100|[from] item: Rocky Helmet|[of] p1a: Cobalion
|faint|p1a: Cobalion
|
|-weather|none
|upkeep
|j|+Goro Yagami@!
|
|t:|1663298039
|switch|p1a: Chandelure|Chandelure, F|76/100
|turn|25
|
|t:|1663298044
|switch|p2a: airy scary|Salamence, F|88/100 brn
|-ability|p2a: airy scary|Intimidate|boost
|-unboost|p1a: Chandelure|atk|1
|move|p1a: Chandelure|Hex|p2a: airy scary
|-damage|p2a: airy scary|16/100 brn
|
|-damage|p2a: airy scary|10/100 brn|[from] brn
|upkeep
|turn|26
|
|t:|1663298052
|move|p2a: airy scary|Toxic|p1a: Chandelure
|-status|p1a: Chandelure|tox
|move|p1a: Chandelure|Hex|p2a: airy scary
|-damage|p2a: airy scary|0 fnt
|faint|p2a: airy scary
|
|-damage|p1a: Chandelure|70/100 tox|[from] psn
|upkeep
|
|t:|1663298058
|switch|p2a: merits a carrot?|Diggersby, M|84/100
|turn|27
|
|t:|1663298071
|switch|p1a: Tangrowth|Tangrowth, F|54/100 psn
|-damage|p1a: Tangrowth|41/100 psn|[from] Stealth Rock
|move|p2a: merits a carrot?|Earthquake|p1a: Tangrowth
|-resisted|p1a: Tangrowth
|-damage|p1a: Tangrowth|24/100 psn
|
|-damage|p1a: Tangrowth|11/100 psn|[from] psn
|upkeep
|turn|28
|
|t:|1663298076
|switch|p2a: tang ur wang|Tangrowth, M|70/100
|switch|p1a: Rotom|Rotom-Wash|41/100 tox
|-damage|p1a: Rotom|29/100 tox|[from] Stealth Rock
|
|-heal|p1a: Rotom|35/100 tox|[from] item: Leftovers
|-damage|p1a: Rotom|29/100 tox|[from] psn
|upkeep
|turn|29
|
|t:|1663298088
|move|p1a: Rotom|Pain Split|p2a: tang ur wang
|-sethp|p2a: tang ur wang|46/100|[from] move: Pain Split|[silent]
|-sethp|p1a: Rotom|61/100 tox|[from] move: Pain Split
|move|p2a: tang ur wang|Knock Off|p1a: Rotom
|-damage|p1a: Rotom|40/100 tox
|-enditem|p1a: Rotom|Leftovers|[from] move: Knock Off|[of] p2a: tang ur wang
|
|-damage|p1a: Rotom|28/100 tox|[from] psn
|upkeep
|turn|30
|
|t:|1663298097
|move|p1a: Rotom|Hydro Pump|p2a: tang ur wang
|-resisted|p2a: tang ur wang
|-damage|p2a: tang ur wang|25/100
|move|p2a: tang ur wang|Knock Off|p1a: Rotom
|-damage|p1a: Rotom|14/100 tox
|
|-damage|p1a: Rotom|0 fnt|[from] psn
|faint|p1a: Rotom
|upkeep
|
|t:|1663298100
|switch|p1a: Diggersby|Diggersby, M|100/100
|-damage|p1a: Diggersby|94/100|[from] Stealth Rock
|turn|31
|
|t:|1663298130
|switch|p2a: flinch by inch|Jirachi|100/100
|move|p1a: Diggersby|Earthquake|p2a: flinch by inch
|-supereffective|p2a: flinch by inch
|-damage|p2a: flinch by inch|0 fnt
|faint|p2a: flinch by inch
|
|upkeep
|
|t:|1663298142
|switch|p2a: hip(pos) dont lie|Hippowdon, M|72/100
|-weather|Sandstorm|[from] ability: Sand Stream|[of] p2a: hip(pos) dont lie
|turn|32
|
|t:|1663298153
|switch|p1a: Tangrowth|Tangrowth, F|45/100 psn
|-damage|p1a: Tangrowth|32/100 psn|[from] Stealth Rock
|move|p2a: hip(pos) dont lie|Slack Off|p2a: hip(pos) dont lie
|-heal|p2a: hip(pos) dont lie|100/100
|
|-weather|Sandstorm|[upkeep]
|-damage|p1a: Tangrowth|26/100 psn|[from] Sandstorm
|-damage|p1a: Tangrowth|14/100 psn|[from] psn
|upkeep
|turn|33
|
|t:|1663298165
|switch|p2a: tang ur wang|Tangrowth, M|58/100
|move|p1a: Tangrowth|Sludge Bomb|p2a: tang ur wang
|-supereffective|p2a: tang ur wang
|-damage|p2a: tang ur wang|13/100
|
|-weather|Sandstorm|[upkeep]
|-damage|p2a: tang ur wang|7/100|[from] Sandstorm
|-damage|p1a: Tangrowth|7/100 psn|[from] Sandstorm
|-damage|p1a: Tangrowth|0 fnt|[from] psn
|faint|p1a: Tangrowth
|upkeep
|
|t:|1663298171
|switch|p1a: Diggersby|Diggersby, M|94/100
|-damage|p1a: Diggersby|88/100|[from] Stealth Rock
|turn|34
|
|t:|1663298194
|move|p1a: Diggersby|U-turn|p2a: tang ur wang
|-supereffective|p2a: tang ur wang
|-damage|p2a: tang ur wang|0 fnt
|faint|p2a: tang ur wang
|
|t:|1663298211
|switch|p1a: Slowbro|Slowbro-Galar, F|100/100|[from]move: U-turn
|-damage|p1a: Slowbro|88/100|[from] Stealth Rock
|
|-weather|Sandstorm|[upkeep]
|-damage|p1a: Slowbro|82/100|[from] Sandstorm
|upkeep
|
|t:|1663298227
|switch|p2a: merits a carrot?|Diggersby, M|84/100
|turn|35
|
|t:|1663298240
|switch|p1a: Diggersby|Diggersby, M|88/100
|-damage|p1a: Diggersby|82/100|[from] Stealth Rock
|move|p2a: merits a carrot?|Earthquake|p1a: Diggersby
|-damage|p1a: Diggersby|5/100
|
|-weather|Sandstorm|[upkeep]
|upkeep
|turn|36
|
|t:|1663298260
|move|p2a: merits a carrot?|Earthquake|p1a: Diggersby
|-damage|p1a: Diggersby|0 fnt
|faint|p1a: Diggersby
|
|-weather|none
|upkeep
|
|t:|1663298264
|switch|p1a: Slowbro|Slowbro-Galar, F|100/100
|-damage|p1a: Slowbro|88/100|[from] Stealth Rock
|turn|37
|
|t:|1663298269
|move|p2a: merits a carrot?|Earthquake|p1a: Slowbro
|-supereffective|p1a: Slowbro
|-damage|p1a: Slowbro|11/100
|move|p1a: Slowbro|Flamethrower|p2a: merits a carrot?
|-damage|p2a: merits a carrot?|56/100
|
|upkeep
|turn|38
|c|☆MegaTotomon|gg
|-message|MegaTotomon forfeited.
|
|win|pokemonisfun
|raw|MegaTotomon's rating: 1600 &rarr; <strong>1585</strong><br />(-15 for losing)
|raw|pokemonisfun's rating: 1694 &rarr; <strong>1709</strong><br />(+15 for winning)
|l|☆MegaTotomon
|c|☆pokemonisfun|gg]
|l|☆pokemonisfun
