|raw|<div class="broadcast-blue"><strong>This battle is required to be public due to a player having a name starting with 'UULT82n'.</div>
|j|☆Lucckyy
|j|☆UULT82n Monke
|t:|1621996543
|gametype|singles
|player|p1|Lucckyy|86|1500
|player|p2|UULT82n Monke|bruno|1556
|teamsize|p1|6
|teamsize|p2|6
|gen|8
|tier|[Gen 8] UU
|rated|
|rule|Sleep Clause Mod: Limit one foe put to sleep
|rule|Species Clause: Limit one of each Pokémon
|rule|OHKO Clause: OHKO moves are banned
|rule|Evasion Moves Clause: Evasion moves are banned
|rule|Endless Battle Clause: Forcing endless battles is banned
|rule|HP Percentage Mod: HP is shown in percentages
|rule|Dynamax Clause: You cannot dynamax
|clearpoke
|poke|p1|Crawdaunt, F|
|poke|p1|Cresselia, F|
|poke|p1|Mew|
|poke|p1|Hatterene, F|
|poke|p1|Conkeldurr, M|
|poke|p1|Primarina, M|
|poke|p2|Ribombee, F|
|poke|p2|Azelf|
|poke|p2|Thundurus-Therian, M|
|poke|p2|Diggersby, M|
|poke|p2|Necrozma|
|poke|p2|Aegislash, M|
|teampreview
|j| UULT82n Migranha
|inactive|Battle timer is ON: inactive players will automatically lose when time's up. (requested by UULT82n Monke)
|
|t:|1621996571
|start
|switch|p1a: Hatterene|Hatterene, F|100/100
|switch|p2a: Ribombee|Ribombee, F|100/100
|turn|1
|
|t:|1621996578
|move|p2a: Ribombee|Bug Buzz|p1a: Hatterene
|-damage|p1a: Hatterene|59/100
|move|p1a: Hatterene|Calm Mind|p1a: Hatterene
|-boost|p1a: Hatterene|spa|1
|-boost|p1a: Hatterene|spd|1
|
|upkeep
|turn|2
|
|t:|1621996588
|move|p2a: Ribombee|Bug Buzz|p1a: Hatterene
|-damage|p1a: Hatterene|34/100
|move|p1a: Hatterene|Draining Kiss|p2a: Ribombee
|-damage|p2a: Ribombee|40/100
|-heal|p1a: Hatterene|72/100|[from] drain|[of] p2a: Ribombee
|
|upkeep
|turn|3
|
|t:|1621996594
|switch|p2a: Aegislash|Aegislash, M|100/100
|move|p1a: Hatterene|Draining Kiss|p2a: Aegislash
|-resisted|p2a: Aegislash
|-damage|p2a: Aegislash|83/100
|-heal|p1a: Hatterene|82/100|[from] drain|[of] p2a: Aegislash
|
|upkeep
|turn|4
|
|t:|1621996598
|-formechange|p2a: Aegislash|Aegislash-Blade||[from] ability: Stance Change
|move|p2a: Aegislash|Iron Head|p1a: Hatterene
|-supereffective|p1a: Hatterene
|-enditem|p1a: Hatterene|Babiri Berry|[eat]
|-enditem|p1a: Hatterene|Babiri Berry|[weaken]
|-damage|p1a: Hatterene|35/100
|-damage|p2a: Aegislash|73/100|[from] item: Life Orb
|cant|p1a: Hatterene|flinch
|
|upkeep
|turn|5
|
|t:|1621996606
|switch|p1a: Crawdaunt|Crawdaunt, F|100/100
|move|p2a: Aegislash|Iron Head|p1a: Crawdaunt
|-resisted|p1a: Crawdaunt
|-damage|p1a: Crawdaunt|52/100
|-damage|p2a: Aegislash|63/100|[from] item: Life Orb
|
|upkeep
|turn|6
|
|t:|1621996612
|move|p2a: Aegislash|Close Combat|p1a: Crawdaunt
|-supereffective|p1a: Crawdaunt
|-damage|p1a: Crawdaunt|0 fnt
|-unboost|p2a: Aegislash|def|1
|-unboost|p2a: Aegislash|spd|1
|faint|p1a: Crawdaunt
|-damage|p2a: Aegislash|53/100|[from] item: Life Orb
|
|upkeep
|
|t:|1621996618
|switch|p1a: Mew|Mew|100/100
|turn|7
|j| samasenta
|
|t:|1621996627
|switch|p1a: Cresselia|Cresselia, F|100/100
|move|p2a: Aegislash|Shadow Sneak|p1a: Cresselia
|-supereffective|p1a: Cresselia
|-damage|p1a: Cresselia|68/100
|-damage|p2a: Aegislash|43/100|[from] item: Life Orb
|
|upkeep
|turn|8
|
|t:|1621996636
|move|p2a: Aegislash|Iron Head|p1a: Cresselia
|-damage|p1a: Cresselia|36/100
|-damage|p2a: Aegislash|33/100|[from] item: Life Orb
|move|p1a: Cresselia|Reflect|p1a: Cresselia
|-sidestart|p1: Lucckyy|Reflect
|
|upkeep
|turn|9
|
|t:|1621996643
|move|p2a: Aegislash|Swords Dance|p2a: Aegislash
|-boost|p2a: Aegislash|atk|2
|move|p1a: Cresselia|Lunar Dance|p1a: Cresselia
|faint|p1a: Cresselia
|
|upkeep
|
|t:|1621996645
|switch|p1a: Mew|Mew|100/100
|turn|10
|
|t:|1621996650
|move|p2a: Aegislash|Shadow Sneak|p1a: Mew
|-supereffective|p1a: Mew
|-damage|p1a: Mew|35/100
|-enditem|p1a: Mew|Weakness Policy
|-boost|p1a: Mew|atk|2|[from] item: Weakness Policy
|-boost|p1a: Mew|spa|2|[from] item: Weakness Policy
|-damage|p2a: Aegislash|23/100|[from] item: Life Orb
|move|p1a: Mew|Dragon Dance|p1a: Mew
|-boost|p1a: Mew|atk|1
|-boost|p1a: Mew|spe|1
|
|upkeep
|turn|11
|-message|Lucckyy forfeited.
|
|win|UULT82n Monke
|raw|Lucckyy's rating: 1500 &rarr; <strong>1482</strong><br />(-18 for losing)
|raw|UULT82n Monke's rating: 1533 &rarr; <strong>1551</strong><br />(+18 for winning)
|l|☆Lucckyy
|l|☆UULT82n Monke
|l| samasenta
|j| ItsMagnum
|c| ItsMagnum|monke
