|j|☆Shades438
|j|☆Red violet blue
|t:|1662306771
|gametype|singles
|player|p1|Shades438|brendan-gen3rs|1340
|player|p2|Red violet blue|169|1384
|teamsize|p1|6
|teamsize|p2|6
|gen|8
|tier|[Gen 8] UU
|rated|
|rule|Sleep Clause Mod: Limit one foe put to sleep
|rule|Species Clause: Limit one of each Pokémon
|rule|OHKO Clause: OHKO moves are banned
|rule|Evasion Items Clause: Evasion items are banned
|rule|Evasion Moves Clause: Evasion moves are banned
|rule|Endless Battle Clause: Forcing endless battles is banned
|rule|HP Percentage Mod: HP is shown in percentages
|rule|Dynamax Clause: You cannot dynamax
|clearpoke
|poke|p1|Politoed, F|
|poke|p1|Kingdra, F|
|poke|p1|Azumarill, M|
|poke|p1|Tornadus, M|
|poke|p1|Salamence, F|
|poke|p1|Chansey, F|
|poke|p2|Keldeo-Resolute|
|poke|p2|Scizor, M|
|poke|p2|Nidoking, M|
|poke|p2|Crobat, F|
|poke|p2|Zarude|
|poke|p2|Rotom-Wash|
|teampreview
|inactive|Battle timer is ON: inactive players will automatically lose when time's up. (requested by Red violet blue)
|
|t:|1662306782
|start
|switch|p1a: Politoed|Politoed, F|100/100
|switch|p2a: Nidoking|Nidoking, M|100/100
|-weather|RainDance|[from] ability: Drizzle|[of] p1a: Politoed
|turn|1
|
|t:|1662306802
|switch|p1a: Chansey|Chansey, F|100/100
|move|p2a: Nidoking|Stealth Rock|p1a: Chansey
|-sidestart|p1: Shades438|move: Stealth Rock
|
|-weather|RainDance|[upkeep]
|upkeep
|turn|2
|
|t:|1662306807
|switch|p2a: Keldeo|Keldeo-Resolute|100/100
|move|p1a: Chansey|Teleport|p1a: Chansey
|
|t:|1662306814
|switch|p1a: Tornadus|Tornadus, M|100/100|[from]move: Teleport
|-damage|p1a: Tornadus|76/100|[from] Stealth Rock
|
|-weather|RainDance|[upkeep]
|upkeep
|turn|3
|
|t:|1662306819
|switch|p2a: Rotom|Rotom-Wash|100/100
|move|p1a: Tornadus|Hurricane|p2a: Rotom
|-resisted|p2a: Rotom
|-damage|p2a: Rotom|52/100
|
|-weather|RainDance|[upkeep]
|-heal|p2a: Rotom|58/100|[from] item: Leftovers
|upkeep
|turn|4
|
|t:|1662306823
|switch|p1a: Chansey|Chansey, F|100/100
|-damage|p1a: Chansey|88/100|[from] Stealth Rock
|move|p2a: Rotom|Volt Switch|p1a: Chansey
|-damage|p1a: Chansey|81/100
|
|t:|1662306826
|switch|p2a: Keldeo|Keldeo-Resolute|100/100|[from]move: Volt Switch
|
|-weather|RainDance|[upkeep]
|upkeep
|turn|5
|
|t:|1662306829
|switch|p1a: Salamence|Salamence, F|100/100
|-ability|p1a: Salamence|Intimidate|boost
|-unboost|p2a: Keldeo|atk|1
|move|p2a: Keldeo|Secret Sword|p1a: Salamence
|-resisted|p1a: Salamence
|-damage|p1a: Salamence|65/100
|
|-weather|RainDance|[upkeep]
|upkeep
|turn|6
|
|t:|1662306840
|switch|p2a: Scizor|Scizor, M|100/100
|move|p1a: Salamence|Roost|p1a: Salamence
|-heal|p1a: Salamence|100/100
|-singleturn|p1a: Salamence|move: Roost
|
|-weather|RainDance|[upkeep]
|upkeep
|turn|7
|
|t:|1662306843
|move|p1a: Salamence|Defog|p2a: Scizor
|-unboost|p2a: Scizor|evasion|1
|-sideend|p1: Shades438|Stealth Rock|[from] move: Defog|[of] p1a: Salamence
|move|p2a: Scizor|Knock Off|p1a: Salamence
|-damage|p1a: Salamence|71/100
|-enditem|p1a: Salamence|Heavy-Duty Boots|[from] move: Knock Off|[of] p2a: Scizor
|
|-weather|RainDance|[upkeep]
|upkeep
|turn|8
|
|t:|1662306847
|move|p1a: Salamence|Hurricane|p2a: Scizor
|-damage|p2a: Scizor|62/100
|move|p2a: Scizor|U-turn|p1a: Salamence
|-resisted|p1a: Salamence
|-damage|p1a: Salamence|56/100
|
|t:|1662306872
|switch|p2a: Crobat|Crobat, F|100/100|[from]move: U-turn
|
|-weather|none
|upkeep
|turn|9
|
|t:|1662306881
|switch|p1a: Politoed|Politoed, F|100/100
|-weather|RainDance|[from] ability: Drizzle|[of] p1a: Politoed
|move|p2a: Crobat|Taunt|p1a: Politoed
|-start|p1a: Politoed|move: Taunt
|
|-weather|RainDance|[upkeep]
|upkeep
|turn|10
|
|t:|1662306890
|move|p2a: Crobat|U-turn|p1a: Politoed
|-crit|p1a: Politoed
|-damage|p1a: Politoed|79/100
|
|t:|1662306893
|switch|p2a: Rotom|Rotom-Wash|58/100|[from]move: U-turn
|move|p1a: Politoed|Scald|p2a: Rotom
|-resisted|p2a: Rotom
|-damage|p2a: Rotom|36/100
|
|-weather|RainDance|[upkeep]
|-heal|p2a: Rotom|42/100|[from] item: Leftovers
|upkeep
|turn|11
|
|t:|1662306897
|switch|p1a: Chansey|Chansey, F|81/100
|move|p2a: Rotom|Pain Split|p1a: Chansey
|-sethp|p1a: Chansey|50/100|[from] move: Pain Split|[silent]
|-sethp|p2a: Rotom|100/100|[from] move: Pain Split
|
|-weather|RainDance|[upkeep]
|upkeep
|turn|12
|
|t:|1662306901
|move|p2a: Rotom|Volt Switch|p1a: Chansey
|-damage|p1a: Chansey|42/100
|
|t:|1662306905
|switch|p2a: Crobat|Crobat, F|100/100|[from]move: Volt Switch
|move|p1a: Chansey|Soft-Boiled|p1a: Chansey
|-heal|p1a: Chansey|93/100
|
|-weather|RainDance|[upkeep]
|upkeep
|turn|13
|
|t:|1662306909
|move|p2a: Crobat|Taunt|p1a: Chansey
|-start|p1a: Chansey|move: Taunt
|cant|p1a: Chansey|move: Taunt|Teleport
|
|-weather|RainDance|[upkeep]
|upkeep
|turn|14
|
|t:|1662306912
|move|p2a: Crobat|U-turn|p1a: Chansey
|-damage|p1a: Chansey|82/100
|
|t:|1662306914
|switch|p2a: Keldeo|Keldeo-Resolute|100/100|[from]move: U-turn
|move|p1a: Chansey|Seismic Toss|p2a: Keldeo
|-damage|p2a: Keldeo|70/100
|
|-weather|RainDance|[upkeep]
|upkeep
|turn|15
|
|t:|1662306920
|switch|p1a: Salamence|Salamence, F|56/100
|-ability|p1a: Salamence|Intimidate|boost
|-unboost|p2a: Keldeo|atk|1
|move|p2a: Keldeo|Secret Sword|p1a: Salamence
|-resisted|p1a: Salamence
|-damage|p1a: Salamence|20/100
|
|-weather|RainDance|[upkeep]
|upkeep
|turn|16
|
|t:|1662306927
|switch|p1a: Azumarill|Azumarill, M|100/100
|move|p2a: Keldeo|Secret Sword|p1a: Azumarill
|-resisted|p1a: Azumarill
|-damage|p1a: Azumarill|65/100
|
|-weather|none
|upkeep
|turn|17
|
|t:|1662306935
|switch|p2a: Rotom|Rotom-Wash|100/100
|move|p1a: Azumarill|Liquidation|p2a: Rotom
|-resisted|p2a: Rotom
|-damage|p2a: Rotom|60/100
|
|-heal|p2a: Rotom|66/100|[from] item: Leftovers
|upkeep
|turn|18
|
|t:|1662306939
|switch|p1a: Politoed|Politoed, F|79/100
|-weather|RainDance|[from] ability: Drizzle|[of] p1a: Politoed
|move|p2a: Rotom|Volt Switch|p1a: Politoed
|-supereffective|p1a: Politoed
|-damage|p1a: Politoed|36/100
|
|t:|1662306948
|switch|p2a: Nidoking|Nidoking, M|100/100|[from]move: Volt Switch
|
|-weather|RainDance|[upkeep]
|upkeep
|turn|19
|
|t:|1662306951
|switch|p1a: Chansey|Chansey, F|82/100
|move|p2a: Nidoking|Stealth Rock|p1a: Chansey
|-sidestart|p1: Shades438|move: Stealth Rock
|
|-weather|RainDance|[upkeep]
|upkeep
|turn|20
|
|t:|1662306958
|switch|p2a: Keldeo|Keldeo-Resolute|70/100
|move|p1a: Chansey|Teleport|p1a: Chansey
|
|t:|1662306967
|switch|p1a: Kingdra|Kingdra, F|100/100|[from]move: Teleport
|-damage|p1a: Kingdra|88/100|[from] Stealth Rock
|
|-weather|RainDance|[upkeep]
|upkeep
|turn|21
|
|t:|1662306979
|switch|p2a: Scizor|Scizor, M|62/100
|move|p1a: Kingdra|Surf|p2a: Scizor
|-damage|p2a: Scizor|0 fnt
|faint|p2a: Scizor
|
|-weather|RainDance|[upkeep]
|upkeep
|
|t:|1662306984
|switch|p2a: Zarude|Zarude|100/100
|turn|22
|
|t:|1662306989
|switch|p1a: Salamence|Salamence, F|20/100
|-damage|p1a: Salamence|0 fnt|[from] Stealth Rock
|faint|p1a: Salamence
|move|p2a: Zarude|Power Whip|p1: Salamence|[notarget]
|-fail|p2a: Zarude
|
|-weather|RainDance|[upkeep]
|upkeep
|
|t:|1662306993
|switch|p1a: Kingdra|Kingdra, F|88/100
|-damage|p1a: Kingdra|76/100|[from] Stealth Rock
|turn|23
|
|t:|1662307005
|switch|p2a: Nidoking|Nidoking, M|100/100
|move|p1a: Kingdra|Hurricane|p2a: Nidoking
|-damage|p2a: Nidoking|28/100
|
|-weather|RainDance|[upkeep]
|upkeep
|turn|24
|
|t:|1662307011
|move|p1a: Kingdra|Hurricane|p2a: Nidoking
|-damage|p2a: Nidoking|0 fnt
|faint|p2a: Nidoking
|
|-weather|RainDance|[upkeep]
|upkeep
|
|t:|1662307019
|switch|p2a: Rotom|Rotom-Wash|66/100
|turn|25
|
|t:|1662307024
|switch|p1a: Chansey|Chansey, F|82/100
|-damage|p1a: Chansey|69/100|[from] Stealth Rock
|move|p2a: Rotom|Volt Switch|p1a: Chansey
|-damage|p1a: Chansey|62/100
|j| Waloogi67
|
|t:|1662307027
|switch|p2a: Keldeo|Keldeo-Resolute|70/100|[from]move: Volt Switch
|
|-weather|none
|upkeep
|turn|26
|
|t:|1662307031
|switch|p1a: Politoed|Politoed, F|36/100
|-damage|p1a: Politoed|24/100|[from] Stealth Rock
|-weather|RainDance|[from] ability: Drizzle|[of] p1a: Politoed
|move|p2a: Keldeo|Secret Sword|p1a: Politoed
|-damage|p1a: Politoed|0 fnt
|faint|p1a: Politoed
|
|-weather|RainDance|[upkeep]
|upkeep
|
|t:|1662307034
|switch|p1a: Kingdra|Kingdra, F|76/100
|-damage|p1a: Kingdra|63/100|[from] Stealth Rock
|turn|27
|
|t:|1662307060
|switch|p2a: Crobat|Crobat, F|100/100
|move|p1a: Kingdra|Hurricane|p2a: Crobat
|-damage|p2a: Crobat|39/100
|
|-weather|RainDance|[upkeep]
|upkeep
|turn|28
|
|t:|1662307065
|move|p1a: Kingdra|Hurricane|p2a: Crobat
|-damage|p2a: Crobat|0 fnt
|faint|p2a: Crobat
|
|-weather|RainDance|[upkeep]
|upkeep
|
|t:|1662307068
|switch|p2a: Rotom|Rotom-Wash|66/100
|turn|29
|
|t:|1662307075
|move|p1a: Kingdra|Hurricane|p2a: Rotom
|-resisted|p2a: Rotom
|-damage|p2a: Rotom|40/100
|move|p2a: Rotom|Pain Split|p1a: Kingdra
|-sethp|p1a: Kingdra|53/100|[from] move: Pain Split|[silent]
|-sethp|p2a: Rotom|51/100|[from] move: Pain Split
|
|-weather|RainDance|[upkeep]
|-heal|p2a: Rotom|57/100|[from] item: Leftovers
|upkeep
|turn|30
|
|t:|1662307094
|move|p1a: Kingdra|Hurricane|p2a: Rotom
|-resisted|p2a: Rotom
|-damage|p2a: Rotom|28/100
|move|p2a: Rotom|Volt Switch|p1a: Kingdra
|-damage|p1a: Kingdra|23/100
|
|t:|1662307109
|switch|p2a: Zarude|Zarude|100/100|[from]move: Volt Switch
|
|-weather|RainDance|[upkeep]
|upkeep
|turn|31
|c|☆Shades438|gg
|
|t:|1662307116
|move|p1a: Kingdra|Hurricane|p2a: Zarude
|-supereffective|p2a: Zarude
|-crit|p2a: Zarude
|-damage|p2a: Zarude|0 fnt
|faint|p2a: Zarude
|
|-weather|RainDance|[upkeep]
|upkeep
|
|t:|1662307118
|switch|p2a: Rotom|Rotom-Wash|28/100
|turn|32
|l| Waloogi67
|
|t:|1662307122
|move|p1a: Kingdra|Hurricane|p2a: Rotom
|-resisted|p2a: Rotom
|-damage|p2a: Rotom|2/100
|move|p2a: Rotom|Volt Switch|p1a: Kingdra
|-damage|p1a: Kingdra|0 fnt
|faint|p1a: Kingdra
|c|☆Shades438|damn!
|
|t:|1662307132
|switch|p2a: Keldeo|Keldeo-Resolute|70/100|[from]move: Volt Switch
|
|-weather|RainDance|[upkeep]
|upkeep
|
|t:|1662307154
|switch|p1a: Azumarill|Azumarill, M|65/100
|-damage|p1a: Azumarill|52/100|[from] Stealth Rock
|turn|33
|
|t:|1662307163
|move|p2a: Keldeo|Hydro Pump|p1a: Azumarill
|-resisted|p1a: Azumarill
|-crit|p1a: Azumarill
|-damage|p1a: Azumarill|0 fnt
|faint|p1a: Azumarill
|
|-weather|none
|upkeep
|
|t:|1662307167
|switch|p1a: Tornadus|Tornadus, M|76/100
|-damage|p1a: Tornadus|51/100|[from] Stealth Rock
|turn|34
|
|t:|1662307173
|move|p1a: Tornadus|Hurricane|p2a: Keldeo|[miss]
|-miss|p1a: Tornadus|p2a: Keldeo
|move|p2a: Keldeo|Hydro Pump|p1a: Tornadus
|-damage|p1a: Tornadus|0 fnt
|faint|p1a: Tornadus
|
|upkeep
|
|t:|1662307175
|switch|p1a: Chansey|Chansey, F|62/100
|-damage|p1a: Chansey|49/100|[from] Stealth Rock
|turn|35
|
|t:|1662307178
|switch|p2a: Rotom|Rotom-Wash|2/100
|move|p1a: Chansey|Soft-Boiled|p1a: Chansey
|-heal|p1a: Chansey|99/100
|
|-heal|p2a: Rotom|8/100|[from] item: Leftovers
|upkeep
|turn|36
|
|t:|1662307183
|move|p2a: Rotom|Pain Split|p1a: Chansey
|-sethp|p1a: Chansey|52/100|[from] move: Pain Split|[silent]
|-sethp|p2a: Rotom|100/100|[from] move: Pain Split
|move|p1a: Chansey|Seismic Toss|p2a: Rotom
|-damage|p2a: Rotom|67/100
|
|-heal|p2a: Rotom|73/100|[from] item: Leftovers
|upkeep
|turn|37
|
|t:|1662307190
|move|p2a: Rotom|Volt Switch|p1a: Chansey
|-damage|p1a: Chansey|44/100
|
|t:|1662307191
|switch|p2a: Keldeo|Keldeo-Resolute|70/100|[from]move: Volt Switch
|move|p1a: Chansey|Thunder Wave|p2a: Keldeo
|-status|p2a: Keldeo|par
|
|upkeep
|turn|38
|
|t:|1662307194
|move|p2a: Keldeo|Secret Sword|p1a: Chansey
|-supereffective|p1a: Chansey
|-damage|p1a: Chansey|0 fnt
|faint|p1a: Chansey
|
|win|Red violet blue
|raw|Shades438's rating: 1340 &rarr; <strong>1323</strong><br />(-17 for losing)
|raw|Red violet blue's rating: 1384 &rarr; <strong>1401</strong><br />(+17 for winning)
|l|☆Shades438
