|j|☆big baz
|j|☆Oramai
|player|p1|big baz|ltsurge|1479
|player|p2|Oramai|skierf-gen4dp|1374
|teamsize|p1|6
|teamsize|p2|6
|gametype|singles
|gen|8
|tier|[Gen 8] UU
|rated|
|clearpoke
|poke|p1|Weezing-Galar, M|
|poke|p1|Umbreon, F|
|poke|p1|Terrakion|
|poke|p1|Kyurem|
|poke|p1|Jirachi|
|poke|p1|Keldeo-Resolute|
|poke|p2|Tyranitar, F|
|poke|p2|Doublade, M|
|poke|p2|Kyurem|
|poke|p2|Claydol|
|poke|p2|Rotom-Wash|
|poke|p2|Incineroar, M|
|rule|Sleep Clause Mod: Limit one foe put to sleep
|rule|Species Clause: Limit one of each Pokémon
|rule|OHKO Clause: OHKO moves are banned
|rule|Evasion Moves Clause: Evasion moves are banned
|rule|Endless Battle Clause: Forcing endless battles is banned
|rule|HP Percentage Mod: HP is shown in percentages
|rule|Dynamax Clause: You cannot dynamax
|teampreview
|
|start
|switch|p1a: Kyurem|Kyurem|100/100
|switch|p2a: Claydol|Claydol|100/100
|-ability|p1a: Kyurem|Pressure
|turn|1
|
|switch|p2a: Tyranitar|Tyranitar, F|100/100
|-weather|Sandstorm|[from] ability: Sand Stream|[of] p2a: Tyranitar
|move|p1a: Kyurem|Substitute|p1a: Kyurem
|-start|p1a: Kyurem|Substitute
|-damage|p1a: Kyurem|76/100
|
|-weather|Sandstorm|[upkeep]
|-damage|p1a: Kyurem|69/100|[from] Sandstorm
|-heal|p1a: Kyurem|76/100|[from] item: Leftovers
|upkeep
|turn|2
|
|move|p1a: Kyurem|Protect|p1a: Kyurem
|-singleturn|p1a: Kyurem|Protect
|move|p2a: Tyranitar|Crunch|p1a: Kyurem
|-activate|p1a: Kyurem|move: Protect
|
|-weather|Sandstorm|[upkeep]
|-damage|p1a: Kyurem|69/100|[from] Sandstorm
|-heal|p1a: Kyurem|76/100|[from] item: Leftovers
|upkeep
|turn|3
|
|move|p1a: Kyurem|Earth Power|p2a: Tyranitar
|-supereffective|p2a: Tyranitar
|-damage|p2a: Tyranitar|68/100
|move|p2a: Tyranitar|Crunch|p1a: Kyurem
|-end|p1a: Kyurem|Substitute
|
|-weather|Sandstorm|[upkeep]
|-damage|p1a: Kyurem|69/100|[from] Sandstorm
|-heal|p1a: Kyurem|76/100|[from] item: Leftovers
|upkeep
|turn|4
|
|switch|p1a: Terrakion|Terrakion|100/100
|move|p2a: Tyranitar|Crunch|p1a: Terrakion
|-resisted|p1a: Terrakion
|-damage|p1a: Terrakion|62/100
|-ability|p1a: Terrakion|Justified|boost
|-boost|p1a: Terrakion|atk|1
|
|-weather|Sandstorm|[upkeep]
|upkeep
|turn|5
|
|switch|p2a: Doublade|Doublade, M|100/100
|move|p1a: Terrakion|Earthquake|p2a: Doublade
|-supereffective|p2a: Doublade
|-damage|p2a: Doublade|25/100
|
|-weather|none
|upkeep
|turn|6
|
|switch|p1a: Kyurem|Kyurem|76/100
|-ability|p1a: Kyurem|Pressure
|switch|p2a: Claydol|Claydol|100/100
|
|-heal|p1a: Kyurem|82/100|[from] item: Leftovers
|upkeep
|turn|7
|
|move|p1a: Kyurem|Substitute|p1a: Kyurem
|-start|p1a: Kyurem|Substitute
|-damage|p1a: Kyurem|57/100
|move|p2a: Claydol|Stealth Rock|p1a: Kyurem
|-sidestart|p1: big baz|move: Stealth Rock
|
|-heal|p1a: Kyurem|63/100|[from] item: Leftovers
|upkeep
|turn|8
|
|move|p1a: Kyurem|Freeze-Dry|p2a: Claydol
|-supereffective|p2a: Claydol
|-damage|p2a: Claydol|45/100
|move|p2a: Claydol|Psychic|p1a: Kyurem
|-end|p1a: Kyurem|Substitute
|
|-heal|p1a: Kyurem|69/100|[from] item: Leftovers
|upkeep
|turn|9
|
|move|p1a: Kyurem|Freeze-Dry|p2a: Claydol
|-supereffective|p2a: Claydol
|-damage|p2a: Claydol|0 fnt
|faint|p2a: Claydol
|
|-heal|p1a: Kyurem|75/100|[from] item: Leftovers
|upkeep
|
|switch|p2a: Kyurem|Kyurem|100/100
|-ability|p2a: Kyurem|Pressure
|turn|10
|
|move|p1a: Kyurem|Protect|p1a: Kyurem
|-singleturn|p1a: Kyurem|Protect
|move|p2a: Kyurem|Draco Meteor|p1a: Kyurem
|-activate|p1a: Kyurem|move: Protect
|
|-heal|p1a: Kyurem|82/100|[from] item: Leftovers
|upkeep
|turn|11
|
|switch|p1a: Weezing|Weezing-Galar, M|100/100
|-ability|p1a: Weezing|Neutralizing Gas
|-damage|p1a: Weezing|88/100|[from] Stealth Rock
|move|p2a: Kyurem|Draco Meteor|p1a: Weezing
|-immune|p1a: Weezing
|
|-heal|p1a: Weezing|94/100|[from] item: Black Sludge
|upkeep
|turn|12
|
|switch|p2a: Incineroar|Incineroar, M|100/100
|move|p1a: Weezing|Defog|p2a: Incineroar
|-unboost|p2a: Incineroar|evasion|1
|-sideend|p1: big baz|Stealth Rock|[from] move: Defog|[of] p1a: Weezing
|
|-heal|p1a: Weezing|99/100|[from] item: Black Sludge
|upkeep
|turn|13
|
|move|p2a: Incineroar|Parting Shot|p1a: Weezing
|-unboost|p1a: Weezing|atk|1
|-unboost|p1a: Weezing|spa|1
|
|switch|p2a: Rotom|Rotom-Wash|100/100|[from]move: Parting Shot
|move|p1a: Weezing|Sludge Bomb|p2a: Rotom
|-damage|p2a: Rotom|81/100
|
|-heal|p2a: Rotom|88/100|[from] item: Leftovers
|-heal|p1a: Weezing|100/100|[from] item: Black Sludge
|upkeep
|turn|14
|
|switch|p1a: Kyurem|Kyurem|82/100
|-ability|p1a: Kyurem|Pressure
|move|p2a: Rotom|Volt Switch|p1a: Kyurem
|-resisted|p1a: Kyurem
|-damage|p1a: Kyurem|68/100
|
|switch|p2a: Tyranitar|Tyranitar, F|68/100|[from]move: Volt Switch
|-weather|Sandstorm|[from] ability: Sand Stream|[of] p2a: Tyranitar
|
|-weather|Sandstorm|[upkeep]
|-damage|p1a: Kyurem|62/100|[from] Sandstorm
|-heal|p1a: Kyurem|68/100|[from] item: Leftovers
|upkeep
|turn|15
|
|move|p1a: Kyurem|Protect|p1a: Kyurem
|-singleturn|p1a: Kyurem|Protect
|move|p2a: Tyranitar|Crunch|p1a: Kyurem
|-activate|p1a: Kyurem|move: Protect
|
|-weather|Sandstorm|[upkeep]
|-damage|p1a: Kyurem|62/100|[from] Sandstorm
|-heal|p1a: Kyurem|68/100|[from] item: Leftovers
|upkeep
|turn|16
|
|switch|p1a: Terrakion|Terrakion|62/100
|move|p2a: Tyranitar|Crunch|p1a: Terrakion
|-resisted|p1a: Terrakion
|-damage|p1a: Terrakion|27/100
|-unboost|p1a: Terrakion|def|1
|-ability|p1a: Terrakion|Justified|boost
|-boost|p1a: Terrakion|atk|1
|
|-weather|Sandstorm|[upkeep]
|upkeep
|turn|17
|
|switch|p2a: Rotom|Rotom-Wash|88/100
|move|p1a: Terrakion|Stone Edge|p2a: Rotom
|-damage|p2a: Rotom|0 fnt
|faint|p2a: Rotom
|
|-weather|Sandstorm|[upkeep]
|upkeep
|
|switch|p2a: Doublade|Doublade, M|25/100
|turn|18
|
|switch|p1a: Umbreon|Umbreon, F|100/100
|move|p2a: Doublade|Shadow Sneak|p1a: Umbreon
|-resisted|p1a: Umbreon
|-damage|p1a: Umbreon|92/100
|
|-weather|none
|-heal|p1a: Umbreon|98/100|[from] item: Leftovers
|upkeep
|turn|19
|
|move|p1a: Umbreon|Foul Play|p2a: Doublade
|-supereffective|p2a: Doublade
|-damage|p2a: Doublade|0 fnt
|faint|p2a: Doublade
|
|-heal|p1a: Umbreon|100/100|[from] item: Leftovers
|upkeep
|
|switch|p2a: Incineroar|Incineroar, M|100/100
|-ability|p2a: Incineroar|Intimidate|boost
|-unboost|p1a: Umbreon|atk|1
|turn|20
|
|move|p2a: Incineroar|Knock Off|p1a: Umbreon
|-resisted|p1a: Umbreon
|-damage|p1a: Umbreon|85/100
|-enditem|p1a: Umbreon|Leftovers|[from] move: Knock Off|[of] p2a: Incineroar
|move|p1a: Umbreon|Foul Play|p2a: Incineroar
|-resisted|p2a: Incineroar
|-damage|p2a: Incineroar|85/100
|
|upkeep
|turn|21
|
|move|p2a: Incineroar|Close Combat|p1a: Umbreon
|-supereffective|p1a: Umbreon
|-damage|p1a: Umbreon|36/100
|-unboost|p2a: Incineroar|def|1
|-unboost|p2a: Incineroar|spd|1
|move|p1a: Umbreon|Foul Play|p2a: Incineroar
|-resisted|p2a: Incineroar
|-damage|p2a: Incineroar|63/100
|
|upkeep
|turn|22
|
|switch|p1a: Keldeo|Keldeo-Resolute|100/100
|move|p2a: Incineroar|Knock Off|p1a: Keldeo
|-resisted|p1a: Keldeo
|-damage|p1a: Keldeo|78/100
|-ability|p1a: Keldeo|Justified|boost
|-boost|p1a: Keldeo|atk|1
|-enditem|p1a: Keldeo|Leftovers|[from] move: Knock Off|[of] p2a: Incineroar
|
|upkeep
|turn|23
|
|move|p1a: Keldeo|Secret Sword|p2a: Incineroar
|-supereffective|p2a: Incineroar
|-damage|p2a: Incineroar|0 fnt
|faint|p2a: Incineroar
|
|upkeep
|
|switch|p2a: Kyurem|Kyurem|100/100
|-ability|p2a: Kyurem|Pressure
|turn|24
|
|move|p1a: Keldeo|Substitute|p1a: Keldeo
|-start|p1a: Keldeo|Substitute
|-damage|p1a: Keldeo|53/100
|move|p2a: Kyurem|Freeze-Dry|p1a: Keldeo
|-supereffective|p1a: Keldeo
|-end|p1a: Keldeo|Substitute
|
|upkeep
|turn|25
|
|switch|p1a: Jirachi|Jirachi|100/100
|move|p2a: Kyurem|Freeze-Dry|p1a: Jirachi
|-resisted|p1a: Jirachi
|-damage|p1a: Jirachi|71/100
|
|upkeep
|turn|26
|
|switch|p2a: Tyranitar|Tyranitar, F|68/100
|-weather|Sandstorm|[from] ability: Sand Stream|[of] p2a: Tyranitar
|move|p1a: Jirachi|Iron Head|p2a: Tyranitar
|-supereffective|p2a: Tyranitar
|-damage|p2a: Tyranitar|2/100
|
|-weather|Sandstorm|[upkeep]
|upkeep
|turn|27
|
|move|p1a: Jirachi|Iron Head|p2a: Tyranitar
|-supereffective|p2a: Tyranitar
|-damage|p2a: Tyranitar|0 fnt
|faint|p2a: Tyranitar
|
|-weather|Sandstorm|[upkeep]
|upkeep
|-message|Oramai forfeited.
|
|win|big baz
|l|☆Oramai
|raw|big baz's rating: 1479 &rarr; <strong>1493</strong><br />(+14 for winning)
|raw|Oramai's rating: 1374 &rarr; <strong>1360</strong><br />(-14 for losing)
