|j|☆gogole2021
|j|☆3g only
|t:|1631634360
|gametype|singles
|player|p1|gogole2021|rood|1323
|player|p2|3g only|101|1238
|teamsize|p1|6
|teamsize|p2|6
|gen|8
|tier|[Gen 8] UU
|rated|
|rule|Sleep Clause Mod: Limit one foe put to sleep
|rule|Species Clause: Limit one of each Pokémon
|rule|OHKO Clause: OHKO moves are banned
|rule|Evasion Moves Clause: Evasion moves are banned
|rule|Endless Battle Clause: Forcing endless battles is banned
|rule|HP Percentage Mod: HP is shown in percentages
|rule|Dynamax Clause: You cannot dynamax
|clearpoke
|poke|p1|Chansey, F|
|poke|p1|Entei|
|poke|p1|Jirachi|
|poke|p1|Keldeo-Resolute|
|poke|p1|Tapu Bulu|
|poke|p1|Flygon, F|
|poke|p2|Crawdaunt, M|
|poke|p2|Diggersby, F|
|poke|p2|Cloyster, M|
|poke|p2|Mienshao, F|
|poke|p2|Rotom-Heat|
|poke|p2|Steelix, M|
|teampreview
|c|☆gogole2021|coul team 3g
|
|t:|1631634387
|start
|switch|p1a: Jirachi|Jirachi|100/100
|switch|p2a: Crawdaunt|Crawdaunt, M|100/100
|turn|1
|
|t:|1631634405
|move|p1a: Jirachi|U-turn|p2a: Crawdaunt
|-supereffective|p2a: Crawdaunt
|-damage|p2a: Crawdaunt|41/100
|
|t:|1631634409
|switch|p1a: Tapu Bulu|Tapu Bulu|100/100|[from]move: U-turn
|-fieldstart|move: Grassy Terrain|[from] ability: Grassy Surge|[of] p1a: Tapu Bulu
|move|p2a: Crawdaunt|Knock Off|p1a: Tapu Bulu
|-resisted|p1a: Tapu Bulu
|-damage|p1a: Tapu Bulu|73/100
|-damage|p2a: Crawdaunt|24/100|[from] item: Rocky Helmet|[of] p1a: Tapu Bulu
|-enditem|p1a: Tapu Bulu|Rocky Helmet|[from] move: Knock Off|[of] p2a: Crawdaunt
|-damage|p2a: Crawdaunt|15/100|[from] item: Life Orb
|
|-heal|p2a: Crawdaunt|21/100|[from] Grassy Terrain
|-heal|p1a: Tapu Bulu|79/100|[from] Grassy Terrain
|upkeep
|turn|2
|
|t:|1631634422
|switch|p2a: Rotom|Rotom-Heat|100/100
|move|p1a: Tapu Bulu|Toxic|p2a: Rotom
|-status|p2a: Rotom|tox
|
|-heal|p1a: Tapu Bulu|85/100|[from] Grassy Terrain
|-damage|p2a: Rotom|94/100 tox|[from] psn
|upkeep
|turn|3
|
|t:|1631634448
|switch|p1a: Chansey|Chansey, F|100/100
|move|p2a: Rotom|Will-O-Wisp|p1a: Chansey
|-status|p1a: Chansey|brn
|
|-damage|p2a: Rotom|82/100 tox|[from] psn
|-damage|p1a: Chansey|94/100 brn|[from] brn
|upkeep
|turn|4
|
|t:|1631634457
|move|p2a: Rotom|Volt Switch|p1a: Chansey
|-damage|p1a: Chansey|87/100 brn
|
|t:|1631634462
|switch|p2a: Crawdaunt|Crawdaunt, M|21/100|[from]move: Volt Switch
|move|p1a: Chansey|Teleport|p1a: Chansey
|
|t:|1631634467
|switch|p1a: Keldeo|Keldeo-Resolute|100/100|[from]move: Teleport
|
|-heal|p2a: Crawdaunt|27/100|[from] Grassy Terrain
|upkeep
|turn|5
|
|t:|1631634474
|move|p2a: Crawdaunt|Aqua Jet|p1a: Keldeo
|-resisted|p1a: Keldeo
|-damage|p1a: Keldeo|82/100
|-damage|p2a: Crawdaunt|17/100|[from] item: Life Orb
|move|p1a: Keldeo|Secret Sword|p2a: Crawdaunt
|-supereffective|p2a: Crawdaunt
|-damage|p2a: Crawdaunt|0 fnt
|faint|p2a: Crawdaunt
|-damage|p1a: Keldeo|72/100|[from] item: Life Orb
|
|-heal|p1a: Keldeo|78/100|[from] Grassy Terrain
|-fieldend|move: Grassy Terrain
|upkeep
|
|t:|1631634487
|switch|p2a: Cloyster|Cloyster, M|100/100
|turn|6
|
|t:|1631634494
|move|p1a: Keldeo|Secret Sword|p2a: Cloyster
|-supereffective|p2a: Cloyster
|-damage|p2a: Cloyster|2/100
|-damage|p1a: Keldeo|68/100|[from] item: Life Orb
|move|p2a: Cloyster|Shell Smash|p2a: Cloyster
|-unboost|p2a: Cloyster|def|1
|-unboost|p2a: Cloyster|spd|1
|-boost|p2a: Cloyster|atk|2
|-boost|p2a: Cloyster|spa|2
|-boost|p2a: Cloyster|spe|2
|
|upkeep
|turn|7
|
|t:|1631634504
|switch|p1a: Jirachi|Jirachi|100/100
|move|p2a: Cloyster|Liquidation|p1a: Jirachi
|-damage|p1a: Jirachi|23/100
|
|upkeep
|turn|8
|
|t:|1631634511
|move|p1a: Jirachi|U-turn|p2a: Cloyster
|-damage|p2a: Cloyster|0 fnt
|faint|p2a: Cloyster
|
|t:|1631634529
|switch|p1a: Flygon|Flygon, F|100/100|[from]move: U-turn
|
|upkeep
|
|t:|1631634546
|switch|p2a: Rotom|Rotom-Heat|82/100 tox
|turn|9
|
|t:|1631634551
|switch|p1a: Chansey|Chansey, F|87/100
|move|p2a: Rotom|Volt Switch|p1a: Chansey
|-damage|p1a: Chansey|79/100
|
|t:|1631634556
|switch|p2a: Diggersby|Diggersby, F|100/100|[from]move: Volt Switch
|
|upkeep
|turn|10
|
|t:|1631634562
|switch|p1a: Tapu Bulu|Tapu Bulu|85/100
|-fieldstart|move: Grassy Terrain|[from] ability: Grassy Surge|[of] p1a: Tapu Bulu
|move|p2a: Diggersby|Swords Dance|p2a: Diggersby
|-boost|p2a: Diggersby|atk|2
|
|-heal|p1a: Tapu Bulu|91/100|[from] Grassy Terrain
|upkeep
|turn|11
|
|t:|1631634574
|switch|p2a: Rotom|Rotom-Heat|82/100 tox
|move|p1a: Tapu Bulu|Horn Leech|p2a: Rotom
|-resisted|p2a: Rotom
|-damage|p2a: Rotom|64/100 tox
|-heal|p1a: Tapu Bulu|99/100|[from] drain|[of] p2a: Rotom
|
|-heal|p1a: Tapu Bulu|100/100|[from] Grassy Terrain
|-damage|p2a: Rotom|58/100 tox|[from] psn
|upkeep
|turn|12
|
|t:|1631634584
|switch|p1a: Flygon|Flygon, F|100/100
|move|p2a: Rotom|Volt Switch|p1a: Flygon
|-immune|p1a: Flygon
|
|-damage|p2a: Rotom|45/100 tox|[from] psn
|upkeep
|turn|13
|
|t:|1631634592
|switch|p1a: Chansey|Chansey, F|79/100
|move|p2a: Rotom|Will-O-Wisp|p1a: Chansey
|-status|p1a: Chansey|brn
|
|-heal|p1a: Chansey|85/100 brn|[from] Grassy Terrain
|-damage|p2a: Rotom|26/100 tox|[from] psn
|-damage|p1a: Chansey|79/100 brn|[from] brn
|upkeep
|turn|14
|
|t:|1631634603
|move|p2a: Rotom|Overheat|p1a: Chansey
|-damage|p1a: Chansey|64/100 brn
|-unboost|p2a: Rotom|spa|2
|move|p1a: Chansey|Teleport|p1a: Chansey
|
|t:|1631634609
|-curestatus|p1a: Chansey|brn|[from] ability: Natural Cure
|switch|p1a: Keldeo|Keldeo-Resolute|68/100|[from]move: Teleport
|
|-heal|p1a: Keldeo|75/100|[from] Grassy Terrain
|-damage|p2a: Rotom|1/100 tox|[from] psn
|-fieldend|move: Grassy Terrain
|upkeep
|turn|15
|
|t:|1631634617
|move|p1a: Keldeo|Scald|p2a: Rotom
|-supereffective|p2a: Rotom
|-damage|p2a: Rotom|0 fnt
|faint|p2a: Rotom
|-damage|p1a: Keldeo|65/100|[from] item: Life Orb
|
|upkeep
|
|t:|1631634624
|switch|p2a: Mienshao|Mienshao, F|100/100
|turn|16
|
|t:|1631634634
|switch|p1a: Flygon|Flygon, F|100/100
|move|p2a: Mienshao|High Jump Kick|p1a: Flygon
|-damage|p1a: Flygon|48/100
|-damage|p2a: Mienshao|84/100|[from] item: Rocky Helmet|[of] p1a: Flygon
|
|upkeep
|turn|17
|
|t:|1631634643
|move|p2a: Mienshao|High Jump Kick|p1a: Flygon
|-damage|p1a: Flygon|0 fnt
|-damage|p2a: Mienshao|67/100|[from] item: Rocky Helmet|[of] p1a: Flygon
|faint|p1a: Flygon
|
|upkeep
|
|t:|1631634649
|switch|p1a: Keldeo|Keldeo-Resolute|65/100
|turn|18
|
|t:|1631634653
|move|p2a: Mienshao|High Jump Kick|p1a: Keldeo
|-damage|p1a: Keldeo|0 fnt
|faint|p1a: Keldeo
|
|upkeep
|
|t:|1631634658
|switch|p1a: Tapu Bulu|Tapu Bulu|100/100
|-fieldstart|move: Grassy Terrain|[from] ability: Grassy Surge|[of] p1a: Tapu Bulu
|turn|19
|
|t:|1631634663
|switch|p2a: Steelix|Steelix, M|100/100
|move|p1a: Tapu Bulu|Bulk Up|p1a: Tapu Bulu
|-boost|p1a: Tapu Bulu|atk|1
|-boost|p1a: Tapu Bulu|def|1
|
|upkeep
|turn|20
|
|t:|1631634672
|move|p1a: Tapu Bulu|Horn Leech|p2a: Steelix
|-damage|p2a: Steelix|67/100
|move|p2a: Steelix|Heavy Slam|p1a: Tapu Bulu
|-supereffective|p1a: Tapu Bulu
|-damage|p1a: Tapu Bulu|27/100
|
|-heal|p1a: Tapu Bulu|33/100|[from] Grassy Terrain
|-heal|p2a: Steelix|74/100|[from] Grassy Terrain
|upkeep
|turn|21
|
|t:|1631634682
|switch|p2a: Mienshao|Mienshao, F|100/100
|move|p1a: Tapu Bulu|Horn Leech|p2a: Mienshao
|-damage|p2a: Mienshao|0 fnt
|-heal|p1a: Tapu Bulu|73/100|[from] drain|[of] p2a: Mienshao
|faint|p2a: Mienshao
|
|-heal|p1a: Tapu Bulu|79/100|[from] Grassy Terrain
|upkeep
|
|t:|1631634691
|switch|p2a: Steelix|Steelix, M|74/100
|turn|22
|
|t:|1631634700
|switch|p1a: Jirachi|Jirachi|23/100
|move|p2a: Steelix|Head Smash|p1a: Jirachi
|-resisted|p1a: Jirachi
|-damage|p1a: Jirachi|0 fnt
|faint|p1a: Jirachi
|
|-heal|p2a: Steelix|80/100|[from] Grassy Terrain
|upkeep
|
|t:|1631634710
|switch|p1a: Entei|Entei|100/100
|turn|23
|
|t:|1631634713
|move|p1a: Entei|Sacred Fire|p2a: Steelix
|-supereffective|p2a: Steelix
|-damage|p2a: Steelix|7/100
|move|p2a: Steelix|Head Smash|p1a: Entei
|-supereffective|p1a: Entei
|-damage|p1a: Entei|0 fnt
|faint|p1a: Entei
|
|-heal|p2a: Steelix|13/100|[from] Grassy Terrain
|-fieldend|move: Grassy Terrain
|upkeep
|
|t:|1631634722
|switch|p1a: Tapu Bulu|Tapu Bulu|79/100
|-fieldstart|move: Grassy Terrain|[from] ability: Grassy Surge|[of] p1a: Tapu Bulu
|turn|24
|
|t:|1631634726
|move|p1a: Tapu Bulu|Horn Leech|p2a: Steelix
|-damage|p2a: Steelix|0 fnt
|-heal|p1a: Tapu Bulu|86/100|[from] drain|[of] p2a: Steelix
|faint|p2a: Steelix
|
|-heal|p1a: Tapu Bulu|92/100|[from] Grassy Terrain
|upkeep
|
|t:|1631634732
|switch|p2a: Diggersby|Diggersby, F|100/100
|turn|25
|c|☆gogole2021|gg
|
|t:|1631634738
|move|p2a: Diggersby|Swords Dance|p2a: Diggersby
|-boost|p2a: Diggersby|atk|2
|move|p1a: Tapu Bulu|Horn Leech|p2a: Diggersby
|-supereffective|p2a: Diggersby
|-damage|p2a: Diggersby|0 fnt
|-heal|p1a: Tapu Bulu|100/100|[from] drain|[of] p2a: Diggersby
|faint|p2a: Diggersby
|
|win|gogole2021
|raw|gogole2021's rating: 1323 &rarr; <strong>1338</strong><br />(+15 for winning)
|raw|3g only's rating: 1238 &rarr; <strong>1219</strong><br />(-19 for losing)
