|j|☆kro_Okies
|j|☆SwitchTheGreat
|t:|1662938205
|gametype|singles
|player|p1|kro_Okies|clay|1416
|player|p2|SwitchTheGreat|170|1639
|teamsize|p1|6
|teamsize|p2|6
|gen|8
|tier|[Gen 8] UU
|rated|
|rule|Sleep Clause Mod: Limit one foe put to sleep
|rule|Species Clause: Limit one of each Pokémon
|rule|OHKO Clause: OHKO moves are banned
|rule|Evasion Items Clause: Evasion items are banned
|rule|Evasion Moves Clause: Evasion moves are banned
|rule|Endless Battle Clause: Forcing endless battles is banned
|rule|HP Percentage Mod: HP is shown in percentages
|rule|Dynamax Clause: You cannot dynamax
|clearpoke
|poke|p1|Tauros, M|
|poke|p1|Slowbro-Galar, M|
|poke|p1|Clawitzer, F|
|poke|p1|Maractus, M|
|poke|p1|Gigalith, F|
|poke|p1|Excadrill, F|
|poke|p2|Gastrodon-East, F|
|poke|p2|Chandelure, F|
|poke|p2|Cobalion|
|poke|p2|Hippowdon, F|
|poke|p2|Excadrill, F|
|poke|p2|Salamence, F|
|teampreview
|inactive|Battle timer is ON: inactive players will automatically lose when time's up. (requested by SwitchTheGreat)
|c|☆kro_Okies|hi
|c|☆SwitchTheGreat|hi hf
|inactive|SwitchTheGreat has 120 seconds left.
|inactive|SwitchTheGreat has 90 seconds left.
|
|t:|1662938272
|start
|switch|p1a: hai owo|Maractus, M|100/100
|switch|p2a: Hippowdon|Hippowdon, F|100/100
|-weather|Sandstorm|[from] ability: Sand Stream|[of] p2a: Hippowdon
|turn|1
|
|t:|1662938298
|switch|p2a: Salamence|Salamence, F|100/100
|-ability|p2a: Salamence|Intimidate|boost
|-unboost|p1a: hai owo|atk|1
|move|p1a: hai owo|Weather Ball|p2a: Salamence
|-supereffective|p2a: Salamence
|-damage|p2a: Salamence|0 fnt
|faint|p2a: Salamence
|
|-weather|Sandstorm|[upkeep]
|-damage|p1a: hai owo|94/100|[from] Sandstorm
|upkeep
|inactive|SwitchTheGreat has 120 seconds left.
|c|☆kro_Okies|lets gooooooooooooooo
|
|t:|1662938329
|switch|p2a: Excadrill|Excadrill, F, shiny|100/100
|turn|2
|
|t:|1662938352
|switch|p1a: Horse?|Tauros, M|100/100
|move|p2a: Excadrill|Iron Head|p1a: Horse?
|-damage|p1a: Horse?|19/100
|-damage|p2a: Excadrill|91/100|[from] item: Life Orb
|
|-weather|Sandstorm|[upkeep]
|-damage|p1a: Horse?|13/100|[from] Sandstorm
|upkeep
|turn|3
|
|t:|1662938362
|move|p2a: Excadrill|Earthquake|p1a: Horse?
|-damage|p1a: Horse?|0 fnt
|faint|p1a: Horse?
|-damage|p2a: Excadrill|81/100|[from] item: Life Orb
|
|-weather|Sandstorm|[upkeep]
|upkeep
|
|t:|1662938370
|switch|p1a: BOOM|Clawitzer, F|100/100
|turn|4
|inactive|SwitchTheGreat has 120 seconds left.
|
|t:|1662938409
|switch|p2a: Gastrodon|Gastrodon-East, F, shiny|100/100
|move|p1a: BOOM|Aura Sphere|p2a: Gastrodon
|-damage|p2a: Gastrodon|53/100
|
|-weather|Sandstorm|[upkeep]
|-damage|p1a: BOOM|94/100|[from] Sandstorm
|upkeep
|turn|5
|inactive|SwitchTheGreat has 90 seconds left.
|
|t:|1662938448
|switch|p1a: hai owo|Maractus, M|94/100
|switch|p2a: Chandelure|Chandelure, F, shiny|100/100
|
|-weather|Sandstorm|[upkeep]
|-damage|p2a: Chandelure|94/100|[from] Sandstorm
|-damage|p1a: hai owo|88/100|[from] Sandstorm
|upkeep
|turn|6
|inactive|SwitchTheGreat has 60 seconds left.
|inactive|SwitchTheGreat has 30 seconds left.
|
|t:|1662938500
|switch|p1a: Angery Rock|Gigalith, F|100/100
|move|p2a: Chandelure|Toxic|p1a: Angery Rock|[miss]
|-miss|p2a: Chandelure|p1a: Angery Rock
|
|-weather|Sandstorm|[upkeep]
|-damage|p2a: Chandelure|88/100|[from] Sandstorm
|upkeep
|turn|7
|
|t:|1662938512
|switch|p2a: Hippowdon|Hippowdon, F|100/100
|move|p1a: Angery Rock|Stealth Rock|p2a: Hippowdon
|-sidestart|p2: SwitchTheGreat|move: Stealth Rock
|
|-weather|Sandstorm|[upkeep]
|upkeep
|turn|8
|
|t:|1662938524
|switch|p1a: hai owo|Maractus, M|88/100
|move|p2a: Hippowdon|Stealth Rock|p1a: hai owo
|-sidestart|p1: kro_Okies|move: Stealth Rock
|
|-weather|none
|upkeep
|turn|9
|
|t:|1662938558
|switch|p2a: Cobalion|Cobalion|100/100
|-damage|p2a: Cobalion|97/100|[from] Stealth Rock
|move|p1a: hai owo|Leaf Storm|p2a: Cobalion
|-resisted|p2a: Cobalion
|-damage|p2a: Cobalion|28/100
|-unboost|p1a: hai owo|spa|2
|
|upkeep
|turn|10
|
|t:|1662938573
|switch|p1a: pew pew|Slowbro-Galar, M|100/100
|-damage|p1a: pew pew|88/100|[from] Stealth Rock
|move|p2a: Cobalion|Volt Switch|p1a: pew pew
|-damage|p1a: pew pew|72/100
|
|t:|1662938578
|switch|p2a: Excadrill|Excadrill, F, shiny|81/100|[from]move: Volt Switch
|-damage|p2a: Excadrill|78/100|[from] Stealth Rock
|
|upkeep
|turn|11
|
|t:|1662938587
|move|p2a: Excadrill|Earthquake|p1a: pew pew
|-supereffective|p1a: pew pew
|-damage|p1a: pew pew|0 fnt
|faint|p1a: pew pew
|-damage|p2a: Excadrill|68/100|[from] item: Life Orb
|
|upkeep
|
|t:|1662938599
|switch|p1a: BOOM|Clawitzer, F|94/100
|-damage|p1a: BOOM|82/100|[from] Stealth Rock
|turn|12
|inactive|SwitchTheGreat has 60 seconds left.
|
|t:|1662938630
|switch|p2a: Gastrodon|Gastrodon-East, F, shiny|53/100
|move|p1a: BOOM|Dark Pulse|p2a: Gastrodon
|-damage|p2a: Gastrodon|10/100
|
|upkeep
|turn|13
|
|t:|1662938636
|move|p1a: BOOM|Dark Pulse|p2a: Gastrodon
|-damage|p2a: Gastrodon|0 fnt
|faint|p2a: Gastrodon
|
|upkeep
|
|t:|1662938638
|switch|p2a: Cobalion|Cobalion|28/100
|-damage|p2a: Cobalion|25/100|[from] Stealth Rock
|turn|14
|inactive|SwitchTheGreat has 60 seconds left.
|
|t:|1662938667
|switch|p1a: Angery Rock|Gigalith, F|100/100
|-damage|p1a: Angery Rock|88/100|[from] Stealth Rock
|-weather|Sandstorm|[from] ability: Sand Stream|[of] p1a: Angery Rock
|move|p2a: Cobalion|Close Combat|p1a: Angery Rock
|-supereffective|p1a: Angery Rock
|-damage|p1a: Angery Rock|32/100
|-unboost|p2a: Cobalion|def|1
|-unboost|p2a: Cobalion|spd|1
|
|-weather|Sandstorm|[upkeep]
|upkeep
|turn|15
|
|t:|1662938681
|move|p2a: Cobalion|Close Combat|p1a: Angery Rock
|-supereffective|p1a: Angery Rock
|-damage|p1a: Angery Rock|0 fnt
|-unboost|p2a: Cobalion|def|1
|-unboost|p2a: Cobalion|spd|1
|faint|p1a: Angery Rock
|
|-weather|Sandstorm|[upkeep]
|upkeep
|
|t:|1662938686
|switch|p1a: Try Spinning|Excadrill, F|100/100
|-damage|p1a: Try Spinning|97/100|[from] Stealth Rock
|turn|16
|
|t:|1662938692
|move|p1a: Try Spinning|Earthquake|p2a: Cobalion
|-supereffective|p2a: Cobalion
|-damage|p2a: Cobalion|0 fnt
|faint|p2a: Cobalion
|
|-weather|Sandstorm|[upkeep]
|-heal|p1a: Try Spinning|100/100|[from] item: Leftovers
|upkeep
|
|t:|1662938694
|switch|p2a: Hippowdon|Hippowdon, F|100/100
|-damage|p2a: Hippowdon|94/100|[from] Stealth Rock
|turn|17
|inactive|SwitchTheGreat has 90 seconds left.
|
|t:|1662938727
|move|p1a: Try Spinning|Earthquake|p2a: Hippowdon
|-damage|p2a: Hippowdon|58/100
|move|p2a: Hippowdon|Earthquake|p1a: Try Spinning
|-supereffective|p1a: Try Spinning
|-damage|p1a: Try Spinning|0 fnt
|faint|p1a: Try Spinning
|
|-weather|Sandstorm|[upkeep]
|upkeep
|
|t:|1662938737
|switch|p1a: hai owo|Maractus, M|88/100
|-damage|p1a: hai owo|76/100|[from] Stealth Rock
|turn|18
|
|t:|1662938740
|move|p1a: hai owo|Giga Drain|p2a: Hippowdon
|-supereffective|p2a: Hippowdon
|-damage|p2a: Hippowdon|0 fnt
|-heal|p1a: hai owo|100/100|[from] drain|[of] p2a: Hippowdon
|faint|p2a: Hippowdon
|
|-weather|Sandstorm|[upkeep]
|-damage|p1a: hai owo|94/100|[from] Sandstorm
|upkeep
|
|t:|1662938742
|switch|p2a: Excadrill|Excadrill, F, shiny|68/100
|-damage|p2a: Excadrill|64/100|[from] Stealth Rock
|turn|19
|
|t:|1662938747
|move|p2a: Excadrill|Iron Head|p1a: hai owo
|-damage|p1a: hai owo|0 fnt
|faint|p1a: hai owo
|-damage|p2a: Excadrill|55/100|[from] item: Life Orb
|
|-weather|Sandstorm|[upkeep]
|upkeep
|
|t:|1662938750
|switch|p1a: BOOM|Clawitzer, F|82/100
|-damage|p1a: BOOM|70/100|[from] Stealth Rock
|turn|20
|
|t:|1662938756
|move|p2a: Excadrill|Earthquake|p1a: BOOM
|-damage|p1a: BOOM|0 fnt
|faint|p1a: BOOM
|-damage|p2a: Excadrill|45/100|[from] item: Life Orb
|
|win|SwitchTheGreat
|raw|kro_Okies's rating: 1416 &rarr; <strong>1407</strong><br />(-9 for losing)
|raw|SwitchTheGreat's rating: 1639 &rarr; <strong>1648</strong><br />(+9 for winning)
|c|☆SwitchTheGreat|gg
|c|☆kro_Okies|gg
