|j|☆wildflower13
|j|☆Angelwingsmygoons
|t:|1668194936
|gametype|singles
|player|p1|wildflower13|266|1446
|player|p2|Angelwingsmygoons|caitlin|1386
|teamsize|p1|6
|teamsize|p2|6
|gen|8
|tier|[Gen 8] UU
|rated|
|rule|Sleep Clause Mod: Limit one foe put to sleep
|rule|Species Clause: Limit one of each Pokémon
|rule|OHKO Clause: OHKO moves are banned
|rule|Evasion Items Clause: Evasion items are banned
|rule|Evasion Moves Clause: Evasion moves are banned
|rule|Endless Battle Clause: Forcing endless battles is banned
|rule|HP Percentage Mod: HP is shown in percentages
|rule|Dynamax Clause: You cannot dynamax
|clearpoke
|poke|p1|Primarina, F|
|poke|p1|Noivern, M|
|poke|p1|Seismitoad, F|
|poke|p1|Amoonguss, F|
|poke|p1|Talonflame, F|
|poke|p1|Cobalion|
|poke|p2|Krookodile, M|
|poke|p2|Salamence, F|
|poke|p2|Moltres|
|poke|p2|Slowbro-Galar, F|
|poke|p2|Hydreigon, F|
|poke|p2|Primarina, M|
|teampreview
|inactive|Battle timer is ON: inactive players will automatically lose when time's up. (requested by Angelwingsmygoons)
|c|☆Angelwingsmygoons|Meow
|inactive|wildflower13 has 120 seconds left.
|
|t:|1668195012
|start
|switch|p1a: Seismitoad|Seismitoad, F|100/100
|switch|p2a: Krookodile|Krookodile, M|100/100
|turn|1
|
|t:|1668195025
|move|p2a: Krookodile|Knock Off|p1a: Seismitoad
|-damage|p1a: Seismitoad|39/100
|-enditem|p1a: Seismitoad|Leftovers|[from] move: Knock Off|[of] p2a: Krookodile
|move|p1a: Seismitoad|Knock Off|p2a: Krookodile
|-resisted|p2a: Krookodile
|-damage|p2a: Krookodile|82/100
|-enditem|p2a: Krookodile|Choice Scarf|[from] move: Knock Off|[of] p1a: Seismitoad
|
|upkeep
|turn|2
|
|t:|1668195040
|switch|p1a: Noivern|Noivern, M|100/100
|move|p2a: Krookodile|Knock Off|p1a: Noivern
|-crit|p1a: Noivern
|-damage|p1a: Noivern|5/100
|-enditem|p1a: Noivern|Heavy-Duty Boots|[from] move: Knock Off|[of] p2a: Krookodile
|
|upkeep
|turn|3
|
|t:|1668195048
|switch|p2a: Moltres|Moltres|100/100
|move|p1a: Noivern|Roost|p1a: Noivern
|-heal|p1a: Noivern|55/100
|-singleturn|p1a: Noivern|move: Roost
|
|upkeep
|turn|4
|
|t:|1668195054
|move|p1a: Noivern|Roost|p1a: Noivern
|-heal|p1a: Noivern|100/100
|-singleturn|p1a: Noivern|move: Roost
|move|p2a: Moltres|Flamethrower|p1a: Noivern
|-resisted|p1a: Noivern
|-damage|p1a: Noivern|75/100
|
|upkeep
|turn|5
|
|t:|1668195062
|move|p1a: Noivern|Draco Meteor|p2a: Moltres
|-damage|p2a: Moltres|46/100
|-unboost|p1a: Noivern|spa|2
|move|p2a: Moltres|U-turn|p1a: Noivern
|-resisted|p1a: Noivern
|-damage|p1a: Noivern|65/100
|
|t:|1668195067
|switch|p2a: Hydreigon|Hydreigon, F|100/100|[from]move: U-turn
|
|upkeep
|turn|6
|
|t:|1668195073
|switch|p1a: Primarina|Primarina, F|100/100
|move|p2a: Hydreigon|Dragon Dance|p2a: Hydreigon
|-boost|p2a: Hydreigon|atk|1
|-boost|p2a: Hydreigon|spe|1
|
|upkeep
|turn|7
|
|t:|1668195081
|switch|p2a: 4u a1000times|Slowbro-Galar, F, shiny|100/100
|move|p1a: Primarina|Ice Beam|p2a: 4u a1000times
|-damage|p2a: 4u a1000times|40/100
|
|upkeep
|turn|8
|
|t:|1668195092
|switch|p2a: Primarina|Primarina, M|100/100
|move|p1a: Primarina|Ice Beam|p2a: Primarina
|-resisted|p2a: Primarina
|-damage|p2a: Primarina|80/100
|
|-heal|p2a: Primarina|86/100|[from] item: Leftovers
|upkeep
|turn|9
|
|t:|1668195100
|switch|p1a: Amoonguss|Amoonguss, F|100/100
|move|p2a: Primarina|Substitute|p2a: Primarina
|-start|p2a: Primarina|Substitute
|-damage|p2a: Primarina|61/100
|
|-heal|p2a: Primarina|67/100|[from] item: Leftovers
|upkeep
|turn|10
|
|t:|1668195108
|move|p2a: Primarina|Calm Mind|p2a: Primarina
|-boost|p2a: Primarina|spa|1
|-boost|p2a: Primarina|spd|1
|move|p1a: Amoonguss|Sludge Bomb|p2a: Primarina
|-supereffective|p2a: Primarina
|-end|p2a: Primarina|Substitute
|
|-heal|p2a: Primarina|73/100|[from] item: Leftovers
|upkeep
|turn|11
|
|t:|1668195116
|switch|p2a: Moltres|Moltres|46/100
|move|p1a: Amoonguss|Sludge Bomb|p2a: Moltres
|-damage|p2a: Moltres|16/100
|-status|p2a: Moltres|psn
|
|-damage|p2a: Moltres|4/100 psn|[from] psn
|upkeep
|turn|12
|
|t:|1668195124
|switch|p1a: Talonflame|Talonflame, F|100/100
|move|p2a: Moltres|Roost|p2a: Moltres
|-heal|p2a: Moltres|54/100 psn
|-singleturn|p2a: Moltres|move: Roost
|
|-damage|p2a: Moltres|42/100 psn|[from] psn
|upkeep
|turn|13
|
|t:|1668195133
|move|p1a: Talonflame|Brave Bird|p2a: Moltres
|-damage|p2a: Moltres|11/100 psn
|-damage|p1a: Talonflame|88/100|[from] Recoil
|move|p2a: Moltres|Roost|p2a: Moltres
|-heal|p2a: Moltres|62/100 psn
|-singleturn|p2a: Moltres|move: Roost
|
|-damage|p2a: Moltres|49/100 psn|[from] psn
|upkeep
|turn|14
|
|t:|1668195144
|switch|p2a: Salamence|Salamence, F|100/100
|-ability|p2a: Salamence|Intimidate|boost
|-unboost|p1a: Talonflame|atk|1
|move|p1a: Talonflame|Brave Bird|p2a: Salamence
|-damage|p2a: Salamence|67/100
|-damage|p1a: Talonflame|73/100|[from] Recoil
|
|upkeep
|turn|15
|
|t:|1668195155
|move|p1a: Talonflame|U-turn|p2a: Salamence
|-resisted|p2a: Salamence
|-damage|p2a: Salamence|60/100
|
|t:|1668195159
|switch|p1a: Primarina|Primarina, F|100/100|[from]move: U-turn
|move|p2a: Salamence|Toxic|p1a: Primarina
|-status|p1a: Primarina|tox
|
|-damage|p1a: Primarina|94/100 tox|[from] psn
|upkeep
|turn|16
|
|t:|1668195169
|switch|p2a: Moltres|Moltres|49/100 psn
|move|p1a: Primarina|Moonblast|p2a: Moltres
|-resisted|p2a: Moltres
|-damage|p2a: Moltres|5/100 psn
|
|-damage|p2a: Moltres|0 fnt|[from] psn
|faint|p2a: Moltres
|-damage|p1a: Primarina|82/100 tox|[from] psn
|upkeep
|
|t:|1668195177
|switch|p2a: 4u a1000times|Slowbro-Galar, F, shiny|73/100
|turn|17
|
|t:|1668195183
|switch|p1a: Seismitoad|Seismitoad, F|39/100
|move|p2a: 4u a1000times|Psychic|p1a: Seismitoad
|-damage|p1a: Seismitoad|0 fnt
|faint|p1a: Seismitoad
|
|upkeep
|
|t:|1668195190
|switch|p1a: Primarina|Primarina, F|82/100 tox
|turn|18
|
|t:|1668195199
|switch|p2a: Primarina|Primarina, M|73/100
|move|p1a: Primarina|Hydro Pump|p2a: Primarina
|-resisted|p2a: Primarina
|-damage|p2a: Primarina|34/100
|
|-heal|p2a: Primarina|40/100|[from] item: Leftovers
|-damage|p1a: Primarina|76/100 tox|[from] psn
|upkeep
|turn|19
|
|t:|1668195208
|switch|p2a: Salamence|Salamence, F|60/100
|-ability|p2a: Salamence|Intimidate|boost
|-unboost|p1a: Primarina|atk|1
|move|p1a: Primarina|Hydro Pump|p2a: Salamence
|-resisted|p2a: Salamence
|-damage|p2a: Salamence|29/100
|
|-damage|p1a: Primarina|64/100 tox|[from] psn
|upkeep
|turn|20
|
|t:|1668195217
|switch|p1a: Noivern|Noivern, M|65/100
|move|p2a: Salamence|Roost|p2a: Salamence
|-heal|p2a: Salamence|79/100
|-singleturn|p2a: Salamence|move: Roost
|
|upkeep
|turn|21
|
|t:|1668195236
|switch|p1a: Primarina|Primarina, F|64/100 tox
|move|p2a: Salamence|Draco Meteor|p1a: Primarina
|-immune|p1a: Primarina
|
|-damage|p1a: Primarina|58/100 tox|[from] psn
|upkeep
|turn|22
|
|t:|1668195246
|switch|p2a: Primarina|Primarina, M|40/100
|move|p1a: Primarina|Moonblast|p2a: Primarina
|-damage|p2a: Primarina|0 fnt
|faint|p2a: Primarina
|
|-damage|p1a: Primarina|46/100 tox|[from] psn
|upkeep
|
|t:|1668195253
|switch|p2a: 4u a1000times|Slowbro-Galar, F, shiny|100/100
|turn|23
|
|t:|1668195263
|switch|p1a: Amoonguss|Amoonguss, F|100/100
|move|p2a: 4u a1000times|Psychic|p1a: Amoonguss
|-supereffective|p1a: Amoonguss
|-damage|p1a: Amoonguss|0 fnt
|faint|p1a: Amoonguss
|
|upkeep
|
|t:|1668195270
|switch|p1a: Primarina|Primarina, F|46/100 tox
|turn|24
|
|t:|1668195279
|move|p1a: Primarina|Hydro Pump|p2a: 4u a1000times
|-damage|p2a: 4u a1000times|0 fnt
|faint|p2a: 4u a1000times
|
|-damage|p1a: Primarina|39/100 tox|[from] psn
|upkeep
|
|t:|1668195290
|switch|p2a: Salamence|Salamence, F|79/100
|-ability|p2a: Salamence|Intimidate|boost
|-unboost|p1a: Primarina|atk|1
|turn|25
|
|t:|1668195296
|switch|p1a: Talonflame|Talonflame, F|73/100
|move|p2a: Salamence|Fire Blast|p1a: Talonflame
|-resisted|p1a: Talonflame
|-damage|p1a: Talonflame|51/100
|
|upkeep
|turn|26
|
|t:|1668195305
|move|p1a: Talonflame|U-turn|p2a: Salamence
|-resisted|p2a: Salamence
|-damage|p2a: Salamence|70/100
|
|t:|1668195307
|switch|p1a: Primarina|Primarina, F|39/100 tox|[from]move: U-turn
|move|p2a: Salamence|Roost|p2a: Salamence
|-heal|p2a: Salamence|100/100
|-singleturn|p2a: Salamence|move: Roost
|
|-damage|p1a: Primarina|33/100 tox|[from] psn
|upkeep
|turn|27
|
|t:|1668195319
|move|p2a: Salamence|Roost||[still]
|-fail|p2a: Salamence|heal
|move|p1a: Primarina|Moonblast|p2a: Salamence
|-supereffective|p2a: Salamence
|-damage|p2a: Salamence|0 fnt
|faint|p2a: Salamence
|
|-damage|p1a: Primarina|21/100 tox|[from] psn
|upkeep
|
|t:|1668195325
|switch|p2a: Krookodile|Krookodile, M|82/100
|turn|28
|
|t:|1668195329
|switch|p1a: Talonflame|Talonflame, F|51/100
|move|p2a: Krookodile|Knock Off|p1a: Talonflame
|-damage|p1a: Talonflame|0 fnt
|-status|p2a: Krookodile|brn|[from] ability: Flame Body|[of] p1a: Talonflame
|-enditem|p1a: Talonflame|Heavy-Duty Boots|[from] move: Knock Off|[of] p2a: Krookodile
|faint|p1a: Talonflame
|-ability|p2a: Krookodile|Moxie|boost
|-boost|p2a: Krookodile|atk|1
|
|-damage|p2a: Krookodile|76/100 brn|[from] brn
|upkeep
|
|t:|1668195340
|switch|p1a: Cobalion|Cobalion|100/100
|turn|29
|
|t:|1668195343
|move|p1a: Cobalion|Close Combat|p2a: Krookodile
|-supereffective|p2a: Krookodile
|-damage|p2a: Krookodile|0 fnt
|-unboost|p1a: Cobalion|def|1
|-unboost|p1a: Cobalion|spd|1
|faint|p2a: Krookodile
|
|upkeep
|
|t:|1668195345
|switch|p2a: Hydreigon|Hydreigon, F|100/100
|turn|30
|
|t:|1668195351
|move|p1a: Cobalion|Close Combat|p2a: Hydreigon
|-supereffective|p2a: Hydreigon
|-damage|p2a: Hydreigon|0 fnt
|-unboost|p1a: Cobalion|def|1
|-unboost|p1a: Cobalion|spd|1
|faint|p2a: Hydreigon
|
|win|wildflower13
|raw|wildflower13's rating: 1446 &rarr; <strong>1463</strong><br />(+17 for winning)
|raw|Angelwingsmygoons's rating: 1386 &rarr; <strong>1369</strong><br />(-17 for losing)
|l|☆Angelwingsmygoons
||Ladder isn't responding, score probably updated but might not have (Request timeout).
