|j|☆klam141
|j|☆Bhris Pink
|t:|1643676170
|gametype|singles
|player|p1|klam141|pokemaniac|1308
|player|p2|Bhris Pink|harlequin|1505
|teamsize|p1|6
|teamsize|p2|6
|gen|8
|tier|[Gen 8] UU
|rated|
|rule|Sleep Clause Mod: Limit one foe put to sleep
|rule|Species Clause: Limit one of each Pokémon
|rule|OHKO Clause: OHKO moves are banned
|rule|Evasion Moves Clause: Evasion moves are banned
|rule|Endless Battle Clause: Forcing endless battles is banned
|rule|HP Percentage Mod: HP is shown in percentages
|rule|Dynamax Clause: You cannot dynamax
|clearpoke
|poke|p1|Haxorus, F|
|poke|p1|Salamence, F|
|poke|p1|Magneton|
|poke|p1|Gyarados, M|
|poke|p1|Azumarill, M|
|poke|p1|Excadrill, M|
|poke|p2|Excadrill, F|
|poke|p2|Slowking, F|
|poke|p2|Amoonguss, M|
|poke|p2|Celesteela|
|poke|p2|Thundurus-Therian, M|
|poke|p2|Lycanroc-Dusk, M|
|teampreview
|c|☆Bhris Pink|oh
|c|☆Bhris Pink|more points
|c|☆Bhris Pink|nice
|j|+Specs
|c|☆Bhris Pink|that was uncalled for
|c|☆Bhris Pink|my bad
|c|☆Bhris Pink|hf
|j| Aqua8Jet
|c|☆klam141|no it was funny as hell
|inactive|Battle timer is ON: inactive players will automatically lose when time's up. (requested by Bhris Pink)
|
|t:|1643676222
|start
|switch|p1a: Gyarados|Gyarados, M, shiny|100/100
|switch|p2a: Slowking|Slowking, F|100/100
|-ability|p1a: Gyarados|Intimidate|boost
|-unboost|p2a: Slowking|atk|1
|turn|1
|l|+Specs
|j|+Specs
|
|t:|1643676243
|move|p1a: Gyarados|Dragon Dance|p1a: Gyarados
|-boost|p1a: Gyarados|atk|1
|-boost|p1a: Gyarados|spe|1
|move|p2a: Slowking|Teleport|p2a: Slowking
|
|t:|1643676248
|switch|p2a: Amoonguss|Amoonguss, M|100/100|[from]move: Teleport
|
|upkeep
|turn|2
|
|t:|1643676251
|move|p1a: Gyarados|Ice Fang|p2a: Amoonguss
|-supereffective|p2a: Amoonguss
|-damage|p2a: Amoonguss|51/100
|-damage|p1a: Gyarados|84/100|[from] item: Rocky Helmet|[of] p2a: Amoonguss
|move|p2a: Amoonguss|Foul Play|p1a: Gyarados
|-damage|p1a: Gyarados|13/100
|
|upkeep
|turn|3
|
|t:|1643676266
|switch|p2a: Slowking|Slowking, F|100/100
|move|p1a: Gyarados|Ice Fang|p2a: Slowking
|-resisted|p2a: Slowking
|-damage|p2a: Slowking|87/100
|-damage|p1a: Gyarados|0 fnt|[from] item: Rocky Helmet|[of] p2a: Slowking
|faint|p1a: Gyarados
|
|upkeep
|j| hariyana grande
|inactive|klam141 has 120 seconds left.
|
|t:|1643676293
|switch|p1a: Basilisk|Haxorus, F, shiny|100/100
|-ability|p1a: Basilisk|Mold Breaker
|turn|4
|
|t:|1643676300
|move|p1a: Basilisk|Outrage|p2a: Slowking
|-damage|p2a: Slowking|14/100
|-damage|p1a: Basilisk|84/100|[from] item: Rocky Helmet|[of] p2a: Slowking
|move|p2a: Slowking|Teleport|p2a: Slowking
|
|t:|1643676314
|switch|p2a: Excadrill|Excadrill, F|100/100|[from]move: Teleport
|-ability|p2a: Excadrill|Mold Breaker
|
|upkeep
|turn|5
|
|t:|1643676320
|move|p1a: Basilisk|Outrage|p2a: Excadrill|[from]lockedmove
|-resisted|p2a: Excadrill
|-damage|p2a: Excadrill|24/100
|move|p2a: Excadrill|Rapid Spin|p1a: Basilisk
|-damage|p1a: Basilisk|63/100
|-boost|p2a: Excadrill|spe|1
|
|-heal|p2a: Excadrill|30/100|[from] item: Leftovers
|upkeep
|turn|6
|
|t:|1643676325
|move|p2a: Excadrill|Earthquake|p1a: Basilisk
|-damage|p1a: Basilisk|0 fnt
|faint|p1a: Basilisk
|
|-heal|p2a: Excadrill|36/100|[from] item: Leftovers
|upkeep
|inactive|klam141 has 120 seconds left.
|
|t:|1643676367
|switch|p1a: Salamence|Salamence, F|100/100
|turn|7
|
|t:|1643676407
|move|p2a: Excadrill|Rapid Spin|p1a: Salamence
|-damage|p1a: Salamence|78/100
|-boost|p2a: Excadrill|spe|1
|move|p1a: Salamence|Dragon Dance|p1a: Salamence
|-boost|p1a: Salamence|atk|1
|-boost|p1a: Salamence|spe|1
|
|-heal|p2a: Excadrill|42/100|[from] item: Leftovers
|upkeep
|turn|8
|inactive|klam141 has 90 seconds left.
|
|t:|1643676433
|move|p2a: Excadrill|Stealth Rock|p1a: Salamence
|-sidestart|p1: klam141|move: Stealth Rock
|move|p1a: Salamence|Earthquake|p2a: Excadrill
|-supereffective|p2a: Excadrill
|-damage|p2a: Excadrill|0 fnt
|faint|p2a: Excadrill
|-ability|p1a: Salamence|Moxie|boost
|-boost|p1a: Salamence|atk|1
|
|upkeep
|
|t:|1643676437
|switch|p2a: Lycanroc|Lycanroc-Dusk, M|100/100
|turn|9
|inactive|klam141 has 90 seconds left.
|j| supersecrettesting
|
|t:|1643676470
|move|p2a: Lycanroc|Accelerock|p1a: Salamence
|-supereffective|p1a: Salamence
|-damage|p1a: Salamence|0 fnt
|faint|p1a: Salamence
|-damage|p2a: Lycanroc|91/100|[from] item: Life Orb
|
|upkeep
|inactive|klam141 has 60 seconds left.
|
|t:|1643676487
|switch|p1a: Azumarill|Azumarill, M|100/100
|-damage|p1a: Azumarill|88/100|[from] Stealth Rock
|turn|10
|
|t:|1643676490
|move|p2a: Lycanroc|Accelerock|p1a: Azumarill
|-damage|p1a: Azumarill|47/100
|-enditem|p1a: Azumarill|Sitrus Berry|[eat]
|-heal|p1a: Azumarill|72/100|[from] item: Sitrus Berry
|-damage|p2a: Lycanroc|81/100|[from] item: Life Orb
|move|p1a: Azumarill|Belly Drum|p1a: Azumarill
|-damage|p1a: Azumarill|22/100
|-setboost|p1a: Azumarill|atk|6|[from] move: Belly Drum
|
|upkeep
|turn|11
|c|☆Bhris Pink|bet
|
|t:|1643676501
|move|p2a: Lycanroc|Accelerock|p1a: Azumarill
|-damage|p1a: Azumarill|0 fnt
|faint|p1a: Azumarill
|-damage|p2a: Lycanroc|71/100|[from] item: Life Orb
|
|upkeep
|c|☆Bhris Pink|gg bro
|inactive|klam141 has 60 seconds left.
|
|t:|1643676516
|switch|p1a: Excadrill|Excadrill, M|100/100
|-damage|p1a: Excadrill|97/100|[from] Stealth Rock
|-ability|p1a: Excadrill|Mold Breaker
|turn|12
|c|☆Bhris Pink|whos a good doggy
|
|t:|1643676519
|move|p2a: Lycanroc|Close Combat|p1a: Excadrill
|-supereffective|p1a: Excadrill
|-damage|p1a: Excadrill|0 fnt
|-unboost|p2a: Lycanroc|def|1
|-unboost|p2a: Lycanroc|spd|1
|faint|p1a: Excadrill
|-damage|p2a: Lycanroc|61/100|[from] item: Life Orb
|
|upkeep
|c|☆klam141|gg
|c|☆Bhris Pink|give him the paws
|
|t:|1643676526
|switch|p1a: Aurelion|Magneton, shiny|100/100
|-damage|p1a: Aurelion|95/100|[from] Stealth Rock
|turn|13
|
|t:|1643676536
|move|p2a: Lycanroc|Close Combat|p1a: Aurelion
|-supereffective|p1a: Aurelion
|-damage|p1a: Aurelion|0 fnt
|-unboost|p2a: Lycanroc|def|1
|-unboost|p2a: Lycanroc|spd|1
|faint|p1a: Aurelion
|-damage|p2a: Lycanroc|51/100|[from] item: Life Orb
|
|win|Bhris Pink
|raw|klam141's rating: 1308 &rarr; <strong>1298</strong><br />(-10 for losing)
|raw|Bhris Pink's rating: 1505 &rarr; <strong>1515</strong><br />(+10 for winning)
|l|☆klam141
|l|+Specs
|l|bhrispink
