|j|☆Ichindar2
|j|☆kainzi611
|t:|1666731687
|gametype|singles
|player|p1|Ichindar2|clerk|1419
|player|p2|kainzi611|wallace|1553
|teamsize|p1|6
|teamsize|p2|6
|gen|8
|tier|[Gen 8] UU
|rated|
|rule|Sleep Clause Mod: Limit one foe put to sleep
|rule|Species Clause: Limit one of each Pokémon
|rule|OHKO Clause: OHKO moves are banned
|rule|Evasion Items Clause: Evasion items are banned
|rule|Evasion Moves Clause: Evasion moves are banned
|rule|Endless Battle Clause: Forcing endless battles is banned
|rule|HP Percentage Mod: HP is shown in percentages
|rule|Dynamax Clause: You cannot dynamax
|clearpoke
|poke|p1|Tapu Bulu|
|poke|p1|Sirfetch’d, M|
|poke|p1|Primarina, M|
|poke|p1|Chansey, F|
|poke|p1|Regieleki|
|poke|p1|Krookodile, M|
|poke|p2|Porygon2|
|poke|p2|Marowak-Alola, F|
|poke|p2|Cresselia, F|
|poke|p2|Conkeldurr, F|
|poke|p2|Salamence, F|
|poke|p2|Sylveon, F|
|teampreview
|
|t:|1666731723
|start
|switch|p1a: Tapu Bulu|Tapu Bulu|100/100
|switch|p2a: Sylveon|Sylveon, F|100/100
|-fieldstart|move: Grassy Terrain|[from] ability: Grassy Surge|[of] p1a: Tapu Bulu
|turn|1
|
|t:|1666731739
|switch|p1a: Chansey|Chansey, F|100/100
|move|p2a: Sylveon|Hyper Voice|p1a: Chansey
|-damage|p1a: Chansey|77/100
|
|-heal|p1a: Chansey|83/100|[from] Grassy Terrain
|upkeep
|turn|2
|
|t:|1666731747
|switch|p2a: Conkeldurr|Conkeldurr, F|100/100
|move|p1a: Chansey|Teleport|p1a: Chansey
|
|t:|1666731752
|switch|p1a: Sirfetch’d|Sirfetch’d, M|100/100|[from]move: Teleport
|
|-status|p2a: Conkeldurr|brn|[from] item: Flame Orb
|upkeep
|turn|3
|
|t:|1666731768
|switch|p2a: Salamence|Salamence, F|100/100
|-ability|p2a: Salamence|Intimidate|boost
|-unboost|p1a: Sirfetch’d|atk|1
|move|p1a: Sirfetch’d|Brave Bird|p2a: Salamence
|-damage|p2a: Salamence|67/100
|-damage|p1a: Sirfetch’d|85/100|[from] Recoil
|
|-heal|p1a: Sirfetch’d|91/100|[from] Grassy Terrain
|upkeep
|turn|4
|
|t:|1666731801
|switch|p1a: Krookodile|Krookodile, M|100/100
|-ability|p1a: Krookodile|Intimidate|boost
|-unboost|p2a: Salamence|atk|1
|move|p2a: Salamence|Toxic|p1a: Krookodile
|-status|p1a: Krookodile|tox
|
|-damage|p1a: Krookodile|94/100 tox|[from] psn
|upkeep
|turn|5
|
|t:|1666731812
|move|p1a: Krookodile|Knock Off|p2a: Salamence
|-damage|p2a: Salamence|31/100
|-enditem|p2a: Salamence|Heavy-Duty Boots|[from] move: Knock Off|[of] p1a: Krookodile
|move|p2a: Salamence|Roost|p2a: Salamence
|-heal|p2a: Salamence|81/100
|-singleturn|p2a: Salamence|move: Roost
|
|-heal|p1a: Krookodile|100/100 tox|[from] Grassy Terrain
|-heal|p2a: Salamence|87/100|[from] Grassy Terrain
|-damage|p1a: Krookodile|88/100 tox|[from] psn
|-fieldend|move: Grassy Terrain
|upkeep
|turn|6
|j| pokemonisfun
|
|t:|1666731839
|switch|p2a: Sylveon|Sylveon, F|100/100
|move|p1a: Krookodile|Taunt|p2a: Sylveon
|-start|p2a: Sylveon|move: Taunt
|
|-heal|p1a: Krookodile|94/100 tox|[from] item: Leftovers
|-damage|p1a: Krookodile|76/100 tox|[from] psn
|upkeep
|turn|7
|
|t:|1666731848
|switch|p1a: Chansey|Chansey, F|83/100
|switch|p2a: Conkeldurr|Conkeldurr, F|100/100 brn
|
|-damage|p2a: Conkeldurr|94/100 brn|[from] brn
|upkeep
|turn|8
|
|t:|1666731858
|switch|p1a: Tapu Bulu|Tapu Bulu|100/100
|-fieldstart|move: Grassy Terrain|[from] ability: Grassy Surge|[of] p1a: Tapu Bulu
|move|p2a: Conkeldurr|Facade|p1a: Tapu Bulu
|-damage|p1a: Tapu Bulu|37/100
|-damage|p2a: Conkeldurr|78/100 brn|[from] item: Rocky Helmet|[of] p1a: Tapu Bulu
|
|-heal|p1a: Tapu Bulu|43/100|[from] Grassy Terrain
|-heal|p2a: Conkeldurr|84/100 brn|[from] Grassy Terrain
|-damage|p2a: Conkeldurr|78/100 brn|[from] brn
|upkeep
|turn|9
|
|t:|1666731910
|switch|p2a: Marowak|Marowak-Alola, F|100/100
|move|p1a: Tapu Bulu|Synthesis|p1a: Tapu Bulu
|-heal|p1a: Tapu Bulu|93/100
|
|-heal|p1a: Tapu Bulu|99/100|[from] Grassy Terrain
|upkeep
|turn|10
|
|t:|1666731924
|switch|p1a: Krookodile|Krookodile, M|76/100 tox
|-ability|p1a: Krookodile|Intimidate|boost
|-unboost|p2a: Marowak|atk|1
|move|p2a: Marowak|Flare Blitz|p1a: Krookodile
|-damage|p1a: Krookodile|10/100 tox
|
|-heal|p1a: Krookodile|16/100 tox|[from] Grassy Terrain
|-heal|p1a: Krookodile|22/100 tox|[from] item: Leftovers
|-damage|p1a: Krookodile|16/100 tox|[from] psn
|upkeep
|turn|11
|j| amogusroxyrrrr
|
|t:|1666731939
|switch|p2a: Salamence|Salamence, F|87/100
|-ability|p2a: Salamence|Intimidate|boost
|-unboost|p1a: Krookodile|atk|1
|move|p1a: Krookodile|Stealth Rock|p2a: Salamence
|-sidestart|p2: kainzi611|move: Stealth Rock
|
|-heal|p1a: Krookodile|22/100 tox|[from] Grassy Terrain
|-heal|p1a: Krookodile|29/100 tox|[from] item: Leftovers
|-damage|p1a: Krookodile|16/100 tox|[from] psn
|upkeep
|turn|12
|
|t:|1666731950
|move|p1a: Krookodile|Taunt|p2a: Salamence
|-start|p2a: Salamence|move: Taunt
|cant|p2a: Salamence|move: Taunt|Defog
|
|-heal|p1a: Krookodile|22/100 tox|[from] Grassy Terrain
|-heal|p1a: Krookodile|29/100 tox|[from] item: Leftovers
|-damage|p1a: Krookodile|10/100 tox|[from] psn
|-fieldend|move: Grassy Terrain
|upkeep
|turn|13
|inactive|Battle timer is ON: inactive players will automatically lose when time's up. (requested by Ichindar2)
|
|t:|1666731997
|switch|p1a: Primarina|Primarina, M|100/100
|move|p2a: Salamence|Flamethrower|p1a: Primarina
|-resisted|p1a: Primarina
|-damage|p1a: Primarina|93/100
|
|-heal|p1a: Primarina|99/100|[from] item: Leftovers
|upkeep
|turn|14
|
|t:|1666732009
|switch|p2a: Porygon2|Porygon2|100/100
|-damage|p2a: Porygon2|88/100|[from] Stealth Rock
|-ability|p2a: Porygon2|Torrent|[from] ability: Trace|[of] p1a: Primarina
|move|p1a: Primarina|Calm Mind|p1a: Primarina
|-boost|p1a: Primarina|spa|1
|-boost|p1a: Primarina|spd|1
|
|-heal|p1a: Primarina|100/100|[from] item: Leftovers
|upkeep
|turn|15
|
|t:|1666732020
|move|p1a: Primarina|Substitute|p1a: Primarina
|-start|p1a: Primarina|Substitute
|-damage|p1a: Primarina|75/100
|move|p2a: Porygon2|Trick Room|p2a: Porygon2
|-fieldstart|move: Trick Room|[of] p2a: Porygon2
|
|-heal|p1a: Primarina|82/100|[from] item: Leftovers
|upkeep
|turn|16
|
|t:|1666732033
|move|p1a: Primarina|Calm Mind|p1a: Primarina
|-boost|p1a: Primarina|spa|1
|-boost|p1a: Primarina|spd|1
|move|p2a: Porygon2|Teleport|p2a: Porygon2
|
|t:|1666732054
|switch|p2a: Sylveon|Sylveon, F|100/100|[from]move: Teleport
|-damage|p2a: Sylveon|88/100|[from] Stealth Rock
|
|-heal|p1a: Primarina|88/100|[from] item: Leftovers
|upkeep
|turn|17
|
|t:|1666732062
|move|p2a: Sylveon|Hyper Voice|p1a: Primarina
|-damage|p1a: Primarina|62/100
|move|p1a: Primarina|Draining Kiss|p2a: Sylveon
|-damage|p2a: Sylveon|58/100
|-heal|p1a: Primarina|87/100|[from] drain|[of] p2a: Sylveon
|
|-heal|p1a: Primarina|93/100|[from] item: Leftovers
|upkeep
|turn|18
|
|t:|1666732074
|move|p2a: Sylveon|Hyper Voice|p1a: Primarina
|-damage|p1a: Primarina|68/100
|move|p1a: Primarina|Draining Kiss|p2a: Sylveon
|-damage|p2a: Sylveon|30/100
|-heal|p1a: Primarina|90/100|[from] drain|[of] p2a: Sylveon
|
|-heal|p1a: Primarina|96/100|[from] item: Leftovers
|upkeep
|turn|19
|inactive|kainzi611 has 120 seconds left.
|
|t:|1666732110
|move|p2a: Sylveon|Hyper Voice|p1a: Primarina
|-damage|p1a: Primarina|69/100
|move|p1a: Primarina|Calm Mind|p1a: Primarina
|-boost|p1a: Primarina|spa|1
|-boost|p1a: Primarina|spd|1
|
|-heal|p1a: Primarina|75/100|[from] item: Leftovers
|-fieldend|move: Trick Room
|upkeep
|turn|20
|
|t:|1666732119
|move|p1a: Primarina|Draining Kiss|p2a: Sylveon
|-damage|p2a: Sylveon|0 fnt
|-heal|p1a: Primarina|99/100|[from] drain|[of] p2a: Sylveon
|faint|p2a: Sylveon
|
|-heal|p1a: Primarina|100/100|[from] item: Leftovers
|upkeep
|
|t:|1666732128
|switch|p2a: Porygon2|Porygon2|88/100
|-damage|p2a: Porygon2|76/100|[from] Stealth Rock
|-ability|p2a: Porygon2|Torrent|[from] ability: Trace|[of] p1a: Primarina
|turn|21
|
|t:|1666732135
|move|p1a: Primarina|Scald|p2a: Porygon2
|-damage|p2a: Porygon2|38/100
|-status|p2a: Porygon2|brn
|move|p2a: Porygon2|Trick Room|p2a: Porygon2
|-fieldstart|move: Trick Room|[of] p2a: Porygon2
|
|-damage|p2a: Porygon2|32/100 brn|[from] brn
|upkeep
|turn|22
|inactive|kainzi611 has 120 seconds left.
|
|t:|1666732144
|move|p1a: Primarina|Draining Kiss|p2a: Porygon2
|-damage|p2a: Porygon2|9/100 brn
|move|p2a: Porygon2|Teleport|p2a: Porygon2
|inactive|kainzi611 has 120 seconds left.
|
|t:|1666732178
|switch|p2a: Marowak|Marowak-Alola, F|100/100|[from]move: Teleport
|-damage|p2a: Marowak|76/100|[from] Stealth Rock
|
|upkeep
|turn|23
|
|t:|1666732190
|move|p2a: Marowak|Flare Blitz|p1a: Primarina
|-resisted|p1a: Primarina
|-end|p1a: Primarina|Substitute
|move|p1a: Primarina|Substitute|p1a: Primarina
|-start|p1a: Primarina|Substitute
|-damage|p1a: Primarina|75/100
|
|-heal|p1a: Primarina|82/100|[from] item: Leftovers
|upkeep
|turn|24
|
|t:|1666732200
|move|p2a: Marowak|Flare Blitz|p1a: Primarina
|-resisted|p1a: Primarina
|-end|p1a: Primarina|Substitute
|move|p1a: Primarina|Substitute|p1a: Primarina
|-start|p1a: Primarina|Substitute
|-damage|p1a: Primarina|57/100
|
|-heal|p1a: Primarina|63/100|[from] item: Leftovers
|upkeep
|turn|25
|
|t:|1666732208
|move|p2a: Marowak|Flare Blitz|p1a: Primarina
|-resisted|p1a: Primarina
|-end|p1a: Primarina|Substitute
|move|p1a: Primarina|Substitute|p1a: Primarina
|-start|p1a: Primarina|Substitute
|-damage|p1a: Primarina|38/100
|
|-heal|p1a: Primarina|44/100|[from] item: Leftovers
|-fieldend|move: Trick Room
|upkeep
|turn|26
|
|t:|1666732220
|move|p1a: Primarina|Scald|p2a: Marowak
|-supereffective|p2a: Marowak
|-damage|p2a: Marowak|0 fnt
|faint|p2a: Marowak
|
|-heal|p1a: Primarina|50/100|[from] item: Leftovers
|upkeep
|inactive|kainzi611 has 90 seconds left.
|j| Meow Tse Tung
|inactive|kainzi611 has 60 seconds left.
|inactive|kainzi611 has 30 seconds left.
|c|☆kainzi611|gg i guess xD
|inactive|kainzi611 has 20 seconds left.
|c|☆Ichindar2|gg
|
|t:|1666732311
|switch|p2a: Cresselia|Cresselia, F|100/100
|-damage|p2a: Cresselia|88/100|[from] Stealth Rock
|turn|27
|inactive|kainzi611 has 30 seconds left this turn.
|
|t:|1666732320
|move|p1a: Primarina|Scald|p2a: Cresselia
|-damage|p2a: Cresselia|35/100
|move|p2a: Cresselia|Trick Room|p2a: Cresselia
|-fieldstart|move: Trick Room|[of] p2a: Cresselia
|
|-heal|p1a: Primarina|56/100|[from] item: Leftovers
|upkeep
|turn|28
|inactive|kainzi611 has 30 seconds left.
|
|t:|1666732333
|move|p1a: Primarina|Draining Kiss|p2a: Cresselia
|-damage|p2a: Cresselia|1/100
|-heal|p1a: Primarina|87/100|[from] drain|[of] p2a: Cresselia
|move|p2a: Cresselia|Lunar Dance|p2a: Cresselia
|faint|p2a: Cresselia
|
|-heal|p1a: Primarina|93/100|[from] item: Leftovers
|upkeep
|inactive|kainzi611 has 30 seconds left this turn.
|
|t:|1666732341
|switch|p2a: Conkeldurr|Conkeldurr, F|78/100 brn
|-heal|p2a: Conkeldurr|100/100|[from] move: Lunar Dance
|-damage|p2a: Conkeldurr|94/100|[from] Stealth Rock
|turn|29
|inactive|kainzi611 has 30 seconds left.
|
|t:|1666732347
|move|p2a: Conkeldurr|Facade|p1a: Primarina
|-end|p1a: Primarina|Substitute
|move|p1a: Primarina|Draining Kiss|p2a: Conkeldurr
|-supereffective|p2a: Conkeldurr
|-damage|p2a: Conkeldurr|0 fnt
|-heal|p1a: Primarina|100/100|[from] drain|[of] p2a: Conkeldurr
|faint|p2a: Conkeldurr
|
|upkeep
|inactive|kainzi611 has 30 seconds left.
|
|t:|1666732356
|switch|p2a: Porygon2|Porygon2|9/100 brn
|-damage|p2a: Porygon2|0 fnt|[from] Stealth Rock
|faint|p2a: Porygon2
|inactive|kainzi611 has 30 seconds left.
|c|☆kainzi611|._.
|c|☆Ichindar2|gg
|
|t:|1666732363
|switch|p2a: Salamence|Salamence, F|87/100
|-damage|p2a: Salamence|62/100|[from] Stealth Rock
|-ability|p2a: Salamence|Intimidate|boost
|-unboost|p1a: Primarina|atk|1
|turn|30
|c|☆Ichindar2|flametrower
|
|t:|1666732374
|move|p1a: Primarina|Draining Kiss|p2a: Salamence
|-supereffective|p2a: Salamence
|-crit|p2a: Salamence
|-damage|p2a: Salamence|0 fnt
|faint|p2a: Salamence
|
|win|Ichindar2
|raw|Ichindar2's rating: 1419 &rarr; <strong>1446</strong><br />(+27 for winning)
|raw|kainzi611's rating: 1553 &rarr; <strong>1526</strong><br />(-27 for losing)
|l| amogusroxyrrrr
|l|☆kainzi611
|c|☆Ichindar2|nice match
||Ladder isn't responding, score probably updated but might not have (Request timeout).
