|j|☆ARandomFailure
|j|☆Fousfull
|t:|1666033497
|gametype|singles
|player|p1|ARandomFailure|gentleman|1347
|player|p2|Fousfull|blackbelt-gen4|1640
|teamsize|p1|6
|teamsize|p2|6
|gen|8
|tier|[Gen 8] UU
|rated|
|rule|Sleep Clause Mod: Limit one foe put to sleep
|rule|Species Clause: Limit one of each Pokémon
|rule|OHKO Clause: OHKO moves are banned
|rule|Evasion Items Clause: Evasion items are banned
|rule|Evasion Moves Clause: Evasion moves are banned
|rule|Endless Battle Clause: Forcing endless battles is banned
|rule|HP Percentage Mod: HP is shown in percentages
|rule|Dynamax Clause: You cannot dynamax
|clearpoke
|poke|p1|Jirachi|
|poke|p1|Conkeldurr, M|
|poke|p1|Rotom-Wash|
|poke|p1|Hydreigon, M|
|poke|p1|Thundurus-Therian, M|
|poke|p1|Nihilego|
|poke|p2|Golisopod, M|
|poke|p2|Salamence, M|
|poke|p2|Cobalion|
|poke|p2|Zygarde-10%|
|poke|p2|Tentacruel, M|
|poke|p2|Chansey, F|
|teampreview
|
|t:|1666033526
|start
|switch|p1a: Rotom|Rotom-Wash, shiny|100/100
|switch|p2a: Golisopod|Golisopod, M|100/100
|turn|1
|
|t:|1666033529
|switch|p2a: Chansey|Chansey, F|100/100
|move|p1a: Rotom|Volt Switch|p2a: Chansey
|-damage|p2a: Chansey|93/100
|
|t:|1666033532
|switch|p1a: Conkeldurr|Conkeldurr, M|100/100|[from]move: Volt Switch
|
|upkeep
|turn|2
|
|t:|1666033535
|switch|p2a: Salamence|Salamence, M|100/100
|-ability|p2a: Salamence|Intimidate|boost
|-unboost|p1a: Conkeldurr|atk|1
|move|p1a: Conkeldurr|Ice Punch|p2a: Salamence
|-supereffective|p2a: Salamence
|-damage|p2a: Salamence|0 fnt
|faint|p2a: Salamence
|
|upkeep
|
|t:|1666033539
|switch|p2a: Golisopod|Golisopod, M|100/100
|turn|3
|
|t:|1666033543
|switch|p1a: Rotom|Rotom-Wash, shiny|100/100
|move|p2a: Golisopod|Spikes|p1a: Rotom
|-sidestart|p1: ARandomFailure|Spikes
|
|upkeep
|turn|4
|
|t:|1666033548
|move|p1a: Rotom|Defog|p2a: Golisopod
|-unboost|p2a: Golisopod|evasion|1
|-sideend|p1: ARandomFailure|Spikes|[from] move: Defog|[of] p1a: Rotom
|move|p2a: Golisopod|Spikes|p1a: Rotom
|-sidestart|p1: ARandomFailure|Spikes
|
|upkeep
|turn|5
|
|t:|1666033551
|move|p1a: Rotom|Defog|p2a: Golisopod
|-unboost|p2a: Golisopod|evasion|1
|-sideend|p1: ARandomFailure|Spikes|[from] move: Defog|[of] p1a: Rotom
|move|p2a: Golisopod|Knock Off|p1a: Rotom
|-damage|p1a: Rotom|75/100
|-enditem|p1a: Rotom|Leftovers|[from] move: Knock Off|[of] p2a: Golisopod
|
|upkeep
|turn|6
|
|t:|1666033554
|switch|p2a: Zygarde|Zygarde-10%|100/100
|-ability|p2a: Zygarde|Aura Break
|move|p1a: Rotom|Volt Switch|p2a: Zygarde
|-immune|p2a: Zygarde
|
|upkeep
|turn|7
|j| molnar95
|
|t:|1666033561
|switch|p1a: Hydreigon|Hydreigon, M|100/100
|move|p2a: Zygarde|Thousand Arrows|p1a: Hydreigon
|-damage|p1a: Hydreigon|31/100
|-start|p1a: Hydreigon|Smack Down
|
|upkeep
|turn|8
|
|t:|1666033567
|switch|p2a: Golisopod|Golisopod, M|100/100
|move|p1a: Hydreigon|U-turn|p2a: Golisopod
|-damage|p2a: Golisopod|91/100
|
|t:|1666033585
|switch|p1a: Conkeldurr|Conkeldurr, M|100/100|[from]move: U-turn
|
|upkeep
|turn|9
|
|t:|1666033589
|move|p1a: Conkeldurr|Thunder Punch|p2a: Golisopod
|-supereffective|p2a: Golisopod
|-damage|p2a: Golisopod|28/100
|-activate|p2a: Golisopod|ability: Emergency Exit
|
|t:|1666033594
|switch|p2a: Tentacruel|Tentacruel, M|100/100
|
|upkeep
|turn|10
|
|t:|1666033596
|move|p2a: Tentacruel|Sludge Bomb|p1a: Conkeldurr
|-crit|p1a: Conkeldurr
|-damage|p1a: Conkeldurr|56/100
|move|p1a: Conkeldurr|Thunder Punch|p2a: Tentacruel
|-supereffective|p2a: Tentacruel
|-damage|p2a: Tentacruel|0 fnt
|faint|p2a: Tentacruel
|
|upkeep
|
|t:|1666033598
|switch|p2a: Zygarde|Zygarde-10%|100/100
|-ability|p2a: Zygarde|Aura Break
|turn|11
|
|t:|1666033608
|switch|p1a: Rotom|Rotom-Wash, shiny|75/100
|move|p2a: Zygarde|Thousand Arrows|p1a: Rotom
|-supereffective|p1a: Rotom
|-damage|p1a: Rotom|0 fnt
|faint|p1a: Rotom
|
|upkeep
|
|t:|1666033610
|switch|p1a: Hydreigon|Hydreigon, M|31/100
|turn|12
|
|t:|1666033612
|switch|p2a: Cobalion|Cobalion|100/100
|move|p1a: Hydreigon|U-turn|p2a: Cobalion
|-resisted|p2a: Cobalion
|-damage|p2a: Cobalion|98/100
|-damage|p1a: Hydreigon|15/100|[from] item: Rocky Helmet|[of] p2a: Cobalion
|
|t:|1666033619
|switch|p1a: Conkeldurr|Conkeldurr, M|56/100|[from]move: U-turn
|
|upkeep
|turn|13
|
|t:|1666033624
|move|p2a: Cobalion|Close Combat|p1a: Conkeldurr
|-damage|p1a: Conkeldurr|12/100
|-unboost|p2a: Cobalion|def|1
|-unboost|p2a: Cobalion|spd|1
|move|p1a: Conkeldurr|Drain Punch|p2a: Cobalion
|-supereffective|p2a: Cobalion
|-damage|p2a: Cobalion|0 fnt
|-heal|p1a: Conkeldurr|50/100|[from] drain|[of] p2a: Cobalion
|-damage|p1a: Conkeldurr|34/100|[from] item: Rocky Helmet|[of] p2a: Cobalion
|faint|p2a: Cobalion
|
|upkeep
|
|t:|1666033628
|switch|p2a: Zygarde|Zygarde-10%|100/100
|-ability|p2a: Zygarde|Aura Break
|turn|14
|
|t:|1666033632
|switch|p1a: Jirachi|Jirachi|100/100
|move|p2a: Zygarde|Thousand Arrows|p1a: Jirachi
|-supereffective|p1a: Jirachi
|-damage|p1a: Jirachi|0 fnt
|faint|p1a: Jirachi
|
|upkeep
|
|t:|1666033639
|switch|p1a: Hydreigon|Hydreigon, M|15/100
|turn|15
|
|t:|1666033645
|switch|p2a: Chansey|Chansey, F|93/100
|move|p1a: Hydreigon|Draco Meteor|p2a: Chansey|[miss]
|-miss|p1a: Hydreigon|p2a: Chansey
|
|upkeep
|turn|16
|
|t:|1666033649
|switch|p1a: Thundurus|Thundurus-Therian, M|100/100
|move|p2a: Chansey|Teleport|p2a: Chansey
|
|t:|1666033651
|switch|p2a: Zygarde|Zygarde-10%|100/100|[from]move: Teleport
|-ability|p2a: Zygarde|Aura Break
|
|upkeep
|turn|17
|
|t:|1666033656
|move|p2a: Zygarde|Thousand Arrows|p1a: Thundurus
|-damage|p1a: Thundurus|4/100
|-start|p1a: Thundurus|Smack Down
|move|p1a: Thundurus|Psychic|p2a: Zygarde
|-damage|p2a: Zygarde|43/100
|
|upkeep
|turn|18
|
|t:|1666033661
|move|p2a: Zygarde|Thousand Arrows|p1a: Thundurus
|-supereffective|p1a: Thundurus
|-damage|p1a: Thundurus|0 fnt
|faint|p1a: Thundurus
|
|upkeep
|
|t:|1666033667
|switch|p1a: Hydreigon|Hydreigon, M|15/100
|turn|19
|
|t:|1666033670
|switch|p2a: Golisopod|Golisopod, M|28/100
|move|p1a: Hydreigon|U-turn|p2a: Golisopod
|-damage|p2a: Golisopod|19/100
|
|t:|1666033675
|switch|p1a: Nihilego|Nihilego|100/100|[from]move: U-turn
|
|upkeep
|turn|20
|
|t:|1666033677
|switch|p2a: Chansey|Chansey, F|93/100
|move|p1a: Nihilego|Meteor Beam||[still]
|-prepare|p1a: Nihilego|Meteor Beam
|-boost|p1a: Nihilego|spa|1
|-enditem|p1a: Nihilego|Power Herb
|-anim|p1a: Nihilego|Meteor Beam|p2a: Chansey
|-damage|p2a: Chansey|66/100
|
|upkeep
|turn|21
|
|t:|1666033684
|move|p1a: Nihilego|Sludge Bomb|p2a: Chansey
|-damage|p2a: Chansey|44/100
|move|p2a: Chansey|Teleport|p2a: Chansey
|
|t:|1666033687
|switch|p2a: Zygarde|Zygarde-10%|43/100|[from]move: Teleport
|-ability|p2a: Zygarde|Aura Break
|
|upkeep
|turn|22
|
|t:|1666033690
|move|p2a: Zygarde|Thousand Arrows|p1a: Nihilego
|-supereffective|p1a: Nihilego
|-damage|p1a: Nihilego|0 fnt
|faint|p1a: Nihilego
|
|upkeep
|
|t:|1666033693
|switch|p1a: Conkeldurr|Conkeldurr, M|34/100
|turn|23
|
|t:|1666033695
|move|p1a: Conkeldurr|Mach Punch|p2a: Zygarde
|-damage|p2a: Zygarde|0 fnt
|faint|p2a: Zygarde
|
|upkeep
|
|t:|1666033702
|switch|p2a: Chansey|Chansey, F|44/100
|turn|24
|
|t:|1666033704
|move|p1a: Conkeldurr|Mach Punch|p2a: Chansey
|-supereffective|p2a: Chansey
|-damage|p2a: Chansey|0 fnt
|faint|p2a: Chansey
|
|upkeep
|
|t:|1666033706
|switch|p2a: Golisopod|Golisopod, M|19/100
|turn|25
|
|t:|1666033710
|move|p1a: Conkeldurr|Mach Punch|p2a: Golisopod
|-resisted|p2a: Golisopod
|-damage|p2a: Golisopod|8/100
|move|p2a: Golisopod|Liquidation|p1a: Conkeldurr
|-damage|p1a: Conkeldurr|1/100
|
|upkeep
|turn|26
|
|t:|1666033715
|move|p1a: Conkeldurr|Mach Punch|p2a: Golisopod
|-resisted|p2a: Golisopod
|-damage|p2a: Golisopod|0 fnt
|faint|p2a: Golisopod
|
|win|ARandomFailure
|raw|ARandomFailure's rating: 1347 &rarr; <strong>1381</strong><br />(+34 for winning)
|raw|Fousfull's rating: 1640 &rarr; <strong>1606</strong><br />(-34 for losing)
|l|☆Fousfull
|l| molnar95
||Ladder isn't responding, score probably updated but might not have (Request timeout).
