|html|<div class="broadcast-blue"><strong>[Gen 8] UU is currently suspecting Terrakion! For information on how to participate check out the <a href="https://www.smogon.com/forums/threads/np-ss-uu-stage-8-3-rack-city.3678591/">suspect thread</a>.</strong></div>
|j|☆Royal Byleth
|j|☆Valiant Hearts
|t:|1614873509
|player|p1|Royal Byleth|lance|1486
|player|p2|Valiant Hearts|psychic-gen3|1296
|teamsize|p1|6
|teamsize|p2|6
|gametype|singles
|gen|8
|tier|[Gen 8] UU
|rated|
|clearpoke
|poke|p1|Arcanine, F|
|poke|p1|Chansey, F|
|poke|p1|Skarmory, M|
|poke|p1|Victini|
|poke|p1|Magnezone|
|poke|p1|Kommo-o, F|
|poke|p2|Krookodile, M|
|poke|p2|Ninetales-Alola, F|
|poke|p2|Kommo-o, M|
|poke|p2|Moltres-Galar|
|poke|p2|Zeraora|
|poke|p2|Celesteela|
|rule|Sleep Clause Mod: Limit one foe put to sleep
|rule|Species Clause: Limit one of each Pokémon
|rule|OHKO Clause: OHKO moves are banned
|rule|Evasion Moves Clause: Evasion moves are banned
|rule|Endless Battle Clause: Forcing endless battles is banned
|rule|HP Percentage Mod: HP is shown in percentages
|rule|Dynamax Clause: You cannot dynamax
|teampreview
|
|t:|1614873515
|start
|switch|p1a: Victini|Victini|100/100
|switch|p2a: Krookodile|Krookodile, M, shiny|100/100
|-ability|p2a: Krookodile|Intimidate|boost
|-unboost|p1a: Victini|atk|1
|turn|1
|
|t:|1614873522
|move|p1a: Victini|U-turn|p2a: Krookodile
|-supereffective|p2a: Krookodile
|-damage|p2a: Krookodile|67/100
|
|t:|1614873530
|switch|p1a: Skarmory|Skarmory, M|100/100|[from]move: U-turn
|move|p2a: Krookodile|Stealth Rock|p1a: Skarmory
|-sidestart|p1: Royal Byleth|move: Stealth Rock
|
|upkeep
|turn|2
|
|t:|1614873538
|move|p2a: Krookodile|Taunt|p1a: Skarmory
|-start|p1a: Skarmory|move: Taunt
|move|p1a: Skarmory|Body Press|p2a: Krookodile
|-supereffective|p2a: Krookodile
|-damage|p2a: Krookodile|0 fnt
|faint|p2a: Krookodile
|
|upkeep
|
|t:|1614873542
|switch|p2a: Ninetales|Ninetales-Alola, F|100/100
|-weather|Hail|[from] ability: Snow Warning|[of] p2a: Ninetales
|turn|3
|
|t:|1614873562
|switch|p1a: Magnezone|Magnezone|100/100
|-damage|p1a: Magnezone|94/100|[from] Stealth Rock
|move|p2a: Ninetales|Aurora Veil|p2a: Ninetales
|-sidestart|p2: Valiant Hearts|move: Aurora Veil
|
|-weather|Hail|[upkeep]
|-damage|p1a: Magnezone|88/100|[from] Hail
|upkeep
|turn|4
|
|t:|1614873572
|move|p2a: Ninetales|Hypnosis|p1a: Magnezone|[miss]
|-miss|p2a: Ninetales|p1a: Magnezone
|move|p1a: Magnezone|Flash Cannon|p2a: Ninetales
|-supereffective|p2a: Ninetales
|-damage|p2a: Ninetales|0 fnt
|faint|p2a: Ninetales
|
|-weather|Hail|[upkeep]
|-damage|p1a: Magnezone|82/100|[from] Hail
|upkeep
|
|t:|1614873576
|switch|p2a: Moltres|Moltres-Galar|100/100
|turn|5
|
|t:|1614873586
|switch|p1a: Chansey|Chansey, F|100/100
|-damage|p1a: Chansey|88/100|[from] Stealth Rock
|move|p2a: Moltres|Nasty Plot|p2a: Moltres
|-boost|p2a: Moltres|spa|2
|
|-weather|Hail|[upkeep]
|-damage|p2a: Moltres|94/100|[from] Hail
|-damage|p1a: Chansey|82/100|[from] Hail
|upkeep
|turn|6
|
|t:|1614873597
|move|p2a: Moltres|Nasty Plot|p2a: Moltres
|-boost|p2a: Moltres|spa|2
|move|p1a: Chansey|Toxic|p2a: Moltres
|-status|p2a: Moltres|tox
|
|-weather|Hail|[upkeep]
|-damage|p2a: Moltres|88/100 tox|[from] Hail
|-damage|p1a: Chansey|75/100|[from] Hail
|-damage|p2a: Moltres|82/100 tox|[from] psn
|upkeep
|turn|7
|
|t:|1614873608
|move|p2a: Moltres|Nasty Plot|p2a: Moltres
|-boost|p2a: Moltres|spa|2
|move|p1a: Chansey|Seismic Toss|p2a: Moltres
|-damage|p2a: Moltres|51/100 tox
|
|-weather|none
|-damage|p2a: Moltres|38/100 tox|[from] psn
|upkeep
|turn|8
|
|t:|1614873618
|move|p2a: Moltres|Fiery Wrath|p1a: Chansey
|-damage|p1a: Chansey|24/100
|move|p1a: Chansey|Soft-Boiled|p1a: Chansey
|-heal|p1a: Chansey|74/100
|
|-damage|p2a: Moltres|20/100 tox|[from] psn
|upkeep
|turn|9
|
|t:|1614873627
|move|p2a: Moltres|Air Slash|p1a: Chansey
|-damage|p1a: Chansey|33/100
|cant|p1a: Chansey|flinch
|
|-damage|p2a: Moltres|0 fnt|[from] psn
|faint|p2a: Moltres
|upkeep
|
|t:|1614873635
|switch|p2a: Kommo-o|Kommo-o, M|100/100
|turn|10
|
|t:|1614873641
|switch|p1a: Skarmory|Skarmory, M|100/100
|-damage|p1a: Skarmory|88/100|[from] Stealth Rock
|move|p2a: Kommo-o|Drain Punch|p1a: Skarmory
|-damage|p1a: Skarmory|67/100
|-damage|p2a: Kommo-o|84/100|[from] item: Rocky Helmet|[of] p1a: Skarmory
|
|-heal|p2a: Kommo-o|90/100|[from] item: Leftovers
|-sideend|p2: Valiant Hearts|move: Aurora Veil
|upkeep
|turn|11
|
|t:|1614873656
|move|p2a: Kommo-o|Clangorous Soul|p2a: Kommo-o
|-boost|p2a: Kommo-o|atk|1
|-boost|p2a: Kommo-o|def|1
|-boost|p2a: Kommo-o|spa|1
|-boost|p2a: Kommo-o|spd|1
|-boost|p2a: Kommo-o|spe|1
|-damage|p2a: Kommo-o|57/100
|move|p1a: Skarmory|Defog|p2a: Kommo-o
|-unboost|p2a: Kommo-o|evasion|1
|-sideend|p1: Royal Byleth|Stealth Rock|[from] move: Defog|[of] p1a: Skarmory
|
|-heal|p2a: Kommo-o|63/100|[from] item: Leftovers
|upkeep
|turn|12
|
|t:|1614873669
|move|p2a: Kommo-o|Drain Punch|p1a: Skarmory
|-damage|p1a: Skarmory|34/100
|-heal|p2a: Kommo-o|83/100|[from] drain|[of] p1a: Skarmory
|-damage|p2a: Kommo-o|66/100|[from] item: Rocky Helmet|[of] p1a: Skarmory
|move|p1a: Skarmory|Iron Defense|p1a: Skarmory
|-boost|p1a: Skarmory|def|2
|
|-heal|p2a: Kommo-o|72/100|[from] item: Leftovers
|upkeep
|turn|13
|
|t:|1614873680
|switch|p2a: Celesteela|Celesteela|100/100
|move|p1a: Skarmory|Roost|p1a: Skarmory
|-heal|p1a: Skarmory|84/100
|-singleturn|p1a: Skarmory|move: Roost
|
|upkeep
|turn|14
|
|t:|1614873688
|switch|p1a: Victini|Victini|100/100
|move|p2a: Celesteela|Flamethrower|p1a: Victini
|-resisted|p1a: Victini
|-damage|p1a: Victini|85/100
|
|upkeep
|turn|15
|
|t:|1614873696
|switch|p2a: Kommo-o|Kommo-o, M|72/100
|move|p1a: Victini|V-create|p2a: Kommo-o
|-resisted|p2a: Kommo-o
|-damage|p2a: Kommo-o|35/100
|-unboost|p1a: Victini|spe|1
|-unboost|p1a: Victini|def|1
|-unboost|p1a: Victini|spd|1
|
|-heal|p2a: Kommo-o|41/100|[from] item: Leftovers
|upkeep
|turn|16
|
|t:|1614873708
|switch|p1a: Skarmory|Skarmory, M|84/100
|move|p2a: Kommo-o|Drain Punch|p1a: Skarmory
|-damage|p1a: Skarmory|62/100
|-heal|p2a: Kommo-o|54/100|[from] drain|[of] p1a: Skarmory
|-damage|p2a: Kommo-o|37/100|[from] item: Rocky Helmet|[of] p1a: Skarmory
|
|-heal|p2a: Kommo-o|43/100|[from] item: Leftovers
|upkeep
|turn|17
|
|t:|1614873719
|switch|p2a: Celesteela|Celesteela|100/100
|move|p1a: Skarmory|Roost|p1a: Skarmory
|-heal|p1a: Skarmory|100/100
|-singleturn|p1a: Skarmory|move: Roost
|
|upkeep
|turn|18
|
|t:|1614873727
|switch|p1a: Magnezone|Magnezone|82/100
|move|p2a: Celesteela|Autotomize|p2a: Celesteela
|-boost|p2a: Celesteela|spe|2
|-start|p2a: Celesteela|Autotomize
|
|upkeep
|turn|19
|
|t:|1614873736
|switch|p2a: Zeraora|Zeraora, shiny|100/100
|move|p1a: Magnezone|Volt Switch|p2a: Zeraora
|-immune|p2a: Zeraora|[from] ability: Volt Absorb
|
|upkeep
|turn|20
|
|t:|1614873744
|switch|p1a: Arcanine|Arcanine, F|100/100
|-ability|p1a: Arcanine|Intimidate|boost
|-unboost|p2a: Zeraora|atk|1
|move|p2a: Zeraora|Bulk Up|p2a: Zeraora
|-boost|p2a: Zeraora|atk|1
|-boost|p2a: Zeraora|def|1
|
|upkeep
|turn|21
|
|t:|1614873752
|move|p2a: Zeraora|Bulk Up|p2a: Zeraora
|-boost|p2a: Zeraora|atk|1
|-boost|p2a: Zeraora|def|1
|move|p1a: Arcanine|Will-O-Wisp|p2a: Zeraora
|-status|p2a: Zeraora|brn
|
|-damage|p2a: Zeraora|95/100 brn|[from] brn
|upkeep
|turn|22
|
|t:|1614873762
|move|p2a: Zeraora|Bulk Up|p2a: Zeraora
|-boost|p2a: Zeraora|atk|1
|-boost|p2a: Zeraora|def|1
|move|p1a: Arcanine|Scorching Sands|p2a: Zeraora
|-supereffective|p2a: Zeraora
|-damage|p2a: Zeraora|53/100 brn
|
|-damage|p2a: Zeraora|48/100 brn|[from] brn
|upkeep
|turn|23
|
|t:|1614873772
|move|p2a: Zeraora|Drain Punch|p1a: Arcanine
|-damage|p1a: Arcanine|84/100
|-heal|p2a: Zeraora|57/100 brn|[from] drain|[of] p1a: Arcanine
|-damage|p2a: Zeraora|41/100 brn|[from] item: Rocky Helmet|[of] p1a: Arcanine
|move|p1a: Arcanine|Scorching Sands|p2a: Zeraora
|-supereffective|p2a: Zeraora
|-damage|p2a: Zeraora|0 fnt
|faint|p2a: Zeraora
|
|upkeep
|
|t:|1614873776
|switch|p2a: Celesteela|Celesteela|100/100
|turn|24
|
|t:|1614873787
|switch|p1a: Magnezone|Magnezone|82/100
|move|p2a: Celesteela|Autotomize|p2a: Celesteela
|-boost|p2a: Celesteela|spe|2
|-start|p2a: Celesteela|Autotomize
|
|upkeep
|turn|25
|
|t:|1614873797
|move|p2a: Celesteela|Flamethrower|p1a: Magnezone
|-supereffective|p1a: Magnezone
|-damage|p1a: Magnezone|19/100
|move|p1a: Magnezone|Thunderbolt|p2a: Celesteela
|-supereffective|p2a: Celesteela
|-damage|p2a: Celesteela|0 fnt
|faint|p2a: Celesteela
|
|upkeep
|
|t:|1614873802
|switch|p2a: Kommo-o|Kommo-o, M|43/100
|turn|26
|
|t:|1614873808
|switch|p1a: Skarmory|Skarmory, M|100/100
|move|p2a: Kommo-o|Clangorous Soul|p2a: Kommo-o
|-boost|p2a: Kommo-o|atk|1
|-boost|p2a: Kommo-o|def|1
|-boost|p2a: Kommo-o|spa|1
|-boost|p2a: Kommo-o|spd|1
|-boost|p2a: Kommo-o|spe|1
|-damage|p2a: Kommo-o|10/100
|
|-heal|p2a: Kommo-o|17/100|[from] item: Leftovers
|upkeep
|turn|27
|
|t:|1614873820
|move|p2a: Kommo-o|Drain Punch|p1a: Skarmory
|-damage|p1a: Skarmory|68/100
|-heal|p2a: Kommo-o|36/100|[from] drain|[of] p1a: Skarmory
|-damage|p2a: Kommo-o|19/100|[from] item: Rocky Helmet|[of] p1a: Skarmory
|move|p1a: Skarmory|Iron Defense|p1a: Skarmory
|-boost|p1a: Skarmory|def|2
|
|-heal|p2a: Kommo-o|25/100|[from] item: Leftovers
|upkeep
|turn|28
|
|t:|1614873833
|move|p2a: Kommo-o|Drain Punch|p1a: Skarmory
|-damage|p1a: Skarmory|52/100
|-heal|p2a: Kommo-o|35/100|[from] drain|[of] p1a: Skarmory
|-damage|p2a: Kommo-o|18/100|[from] item: Rocky Helmet|[of] p1a: Skarmory
|move|p1a: Skarmory|Body Press|p2a: Kommo-o
|-damage|p2a: Kommo-o|0 fnt
|faint|p2a: Kommo-o
|
|win|Royal Byleth
|l|☆Valiant Hearts
