|j|☆Puchepro
|j|☆5 pia to the top
|t:|1660353793
|gametype|singles
|player|p1|Puchepro|idol|1354
|player|p2|5 pia to the top|#uutrio2ladder|1579
|teamsize|p1|6
|teamsize|p2|5
|gen|8
|tier|[Gen 8] UU
|rated|
|rule|Sleep Clause Mod: Limit one foe put to sleep
|rule|Species Clause: Limit one of each Pokémon
|rule|OHKO Clause: OHKO moves are banned
|rule|Evasion Items Clause: Evasion items are banned
|rule|Evasion Moves Clause: Evasion moves are banned
|rule|Endless Battle Clause: Forcing endless battles is banned
|rule|HP Percentage Mod: HP is shown in percentages
|rule|Dynamax Clause: You cannot dynamax
|clearpoke
|poke|p1|Politoed, F|
|poke|p1|Ludicolo, F|
|poke|p1|Seismitoad, F|
|poke|p1|Torkoal, M|
|poke|p1|Venusaur, M|
|poke|p1|Darmanitan, M|
|poke|p2|Salamence, M|
|poke|p2|Chansey, F|
|poke|p2|Umbreon, F|
|poke|p2|Quagsire, M|
|poke|p2|Tangrowth, F|
|teampreview
|inactive|Battle timer is ON: inactive players will automatically lose when time's up. (requested by Puchepro)
|
|t:|1660353813
|start
|switch|p1a: Darmanitan|Darmanitan, M|100/100
|switch|p2a: tang ur wang|Tangrowth, F|100/100
|turn|1
|c|☆Puchepro|Stalling team
|c|☆Puchepro|fun
|j| amogusroxyrrrr
|
|t:|1660353825
|switch|p2a: scary airy|Salamence, M|100/100
|-ability|p2a: scary airy|Intimidate|boost
|-unboost|p1a: Darmanitan|atk|1
|move|p1a: Darmanitan|U-turn|p2a: scary airy
|-resisted|p2a: scary airy
|-damage|p2a: scary airy|93/100
|
|t:|1660353831
|switch|p1a: Politoed|Politoed, F, shiny|100/100|[from]move: U-turn
|-weather|RainDance|[from] ability: Drizzle|[of] p1a: Politoed
|
|-weather|RainDance|[upkeep]
|upkeep
|turn|2
|
|t:|1660353834
|switch|p2a: megan the eggin|Chansey, F|100/100
|move|p1a: Politoed|Ice Beam|p2a: megan the eggin
|-damage|p2a: megan the eggin|94/100
|
|-weather|RainDance|[upkeep]
|upkeep
|turn|3
|
|t:|1660353845
|switch|p1a: Torkoal|Torkoal, M|100/100
|-weather|SunnyDay|[from] ability: Drought|[of] p1a: Torkoal
|move|p2a: megan the eggin|Stealth Rock|p1a: Torkoal
|-sidestart|p1: Puchepro|move: Stealth Rock
|
|-weather|SunnyDay|[upkeep]
|upkeep
|turn|4
|
|t:|1660353850
|move|p2a: megan the eggin|Toxic|p1a: Torkoal
|-status|p1a: Torkoal|tox
|move|p1a: Torkoal|Yawn|p2a: megan the eggin
|-start|p2a: megan the eggin|move: Yawn|[of] p1a: Torkoal
|
|-weather|SunnyDay|[upkeep]
|-damage|p1a: Torkoal|94/100 tox|[from] psn
|upkeep
|turn|5
|j| ramoloST
|
|t:|1660353858
|switch|p2a: umby wumby|Umbreon, F|100/100
|move|p1a: Torkoal|Rapid Spin|p2a: umby wumby
|-damage|p2a: umby wumby|94/100
|-boost|p1a: Torkoal|spe|1
|-sideend|p1: Puchepro|Stealth Rock|[from] move: Rapid Spin|[of] p1a: Torkoal
|
|-weather|SunnyDay|[upkeep]
|-heal|p2a: umby wumby|99/100|[from] item: Leftovers
|-damage|p1a: Torkoal|82/100 tox|[from] psn
|upkeep
|turn|6
|c| amogusroxyrrrr|ik chanseys egg is eatable but what does chansey taste like
|c| amogusroxyrrrr|does it taste like egg
|c|☆5 pia to the top|uh...
|
|t:|1660353885
|switch|p1a: Politoed|Politoed, F, shiny|100/100
|-weather|RainDance|[from] ability: Drizzle|[of] p1a: Politoed
|move|p2a: umby wumby|Foul Play|p1a: Politoed
|-damage|p1a: Politoed|82/100
|
|-weather|RainDance|[upkeep]
|-heal|p2a: umby wumby|100/100|[from] item: Leftovers
|upkeep
|turn|7
|c|☆Puchepro|Are you famous?
|c| ramoloST|id eat chansey out if i could
|
|t:|1660353897
|switch|p2a: megan the eggin|Chansey, F|94/100
|switch|p1a: Seismitoad|Seismitoad, F, shiny|100/100
|
|-weather|RainDance|[upkeep]
|upkeep
|turn|8
|
|t:|1660353905
|switch|p2a: tang ur wang|Tangrowth, F|100/100
|move|p1a: Seismitoad|Power-Up Punch|p2a: tang ur wang
|-damage|p2a: tang ur wang|91/100
|-boost|p1a: Seismitoad|atk|1
|
|-weather|RainDance|[upkeep]
|upkeep
|turn|9
|
|t:|1660353914
|switch|p1a: Torkoal|Torkoal, M|82/100 tox
|-weather|SunnyDay|[from] ability: Drought|[of] p1a: Torkoal
|move|p2a: tang ur wang|Knock Off|p1a: Torkoal
|-damage|p1a: Torkoal|67/100 tox
|-enditem|p1a: Torkoal|Heat Rock|[from] move: Knock Off|[of] p2a: tang ur wang
|
|-weather|SunnyDay|[upkeep]
|-damage|p1a: Torkoal|61/100 tox|[from] psn
|upkeep
|turn|10
|
|t:|1660353921
|switch|p2a: megan the eggin|Chansey, F|94/100
|switch|p1a: Darmanitan|Darmanitan, M|100/100
|
|-weather|SunnyDay|[upkeep]
|upkeep
|turn|11
|
|t:|1660353925
|switch|p2a: scary airy|Salamence, M|93/100
|-ability|p2a: scary airy|Intimidate|boost
|-unboost|p1a: Darmanitan|atk|1
|move|p1a: Darmanitan|Flare Blitz|p2a: scary airy
|-resisted|p2a: scary airy
|-damage|p2a: scary airy|55/100
|-damage|p1a: Darmanitan|86/100|[from] Recoil
|
|-weather|SunnyDay|[upkeep]
|upkeep
|turn|12
|
|t:|1660353932
|switch|p1a: Politoed|Politoed, F, shiny|82/100
|-weather|RainDance|[from] ability: Drizzle|[of] p1a: Politoed
|move|p2a: scary airy|Roost|p2a: scary airy
|-heal|p2a: scary airy|100/100
|-singleturn|p2a: scary airy|move: Roost
|
|-weather|RainDance|[upkeep]
|upkeep
|turn|13
|
|t:|1660353937
|switch|p2a: megan the eggin|Chansey, F|94/100
|move|p1a: Politoed|Ice Beam|p2a: megan the eggin
|-damage|p2a: megan the eggin|87/100
|
|-weather|RainDance|[upkeep]
|upkeep
|turn|14
|
|t:|1660353961
|switch|p1a: Seismitoad|Seismitoad, F, shiny|100/100
|move|p2a: megan the eggin|Stealth Rock|p1a: Seismitoad
|-sidestart|p1: Puchepro|move: Stealth Rock
|
|-weather|RainDance|[upkeep]
|upkeep
|turn|15
|
|t:|1660353964
|switch|p2a: tang ur wang|Tangrowth, F|100/100
|move|p1a: Seismitoad|Ice Punch|p2a: tang ur wang
|-supereffective|p2a: tang ur wang
|-damage|p2a: tang ur wang|65/100
|
|-weather|RainDance|[upkeep]
|upkeep
|turn|16
|
|t:|1660353973
|move|p1a: Seismitoad|Ice Punch|p2a: tang ur wang
|-supereffective|p2a: tang ur wang
|-damage|p2a: tang ur wang|28/100
|move|p2a: tang ur wang|Power Whip|p1a: Seismitoad
|-supereffective|p1a: Seismitoad
|-damage|p1a: Seismitoad|0 fnt
|faint|p1a: Seismitoad
|
|-weather|RainDance|[upkeep]
|upkeep
|
|t:|1660353976
|switch|p1a: Ludicolo|Ludicolo, F|100/100
|-damage|p1a: Ludicolo|88/100|[from] Stealth Rock
|turn|17
|
|t:|1660353994
|switch|p2a: umby wumby|Umbreon, F|100/100
|move|p1a: Ludicolo|Ice Beam|p2a: umby wumby
|-damage|p2a: umby wumby|78/100
|-damage|p1a: Ludicolo|78/100|[from] item: Life Orb
|
|-weather|RainDance|[upkeep]
|-heal|p2a: umby wumby|84/100|[from] item: Leftovers
|upkeep
|turn|18
|
|t:|1660353998
|switch|p2a: megan the eggin|Chansey, F|87/100
|move|p1a: Ludicolo|Weather Ball|p2a: megan the eggin
|-damage|p2a: megan the eggin|61/100
|-damage|p1a: Ludicolo|68/100|[from] item: Life Orb
|
|-weather|RainDance|[upkeep]
|upkeep
|turn|19
|
|t:|1660354005
|switch|p1a: Torkoal|Torkoal, M|61/100 tox
|-damage|p1a: Torkoal|36/100 tox|[from] Stealth Rock
|-weather|SunnyDay|[from] ability: Drought|[of] p1a: Torkoal
|move|p2a: megan the eggin|Soft-Boiled|p2a: megan the eggin
|-heal|p2a: megan the eggin|100/100
|
|-weather|SunnyDay|[upkeep]
|-damage|p1a: Torkoal|30/100 tox|[from] psn
|upkeep
|turn|20
|
|t:|1660354012
|move|p2a: megan the eggin|Seismic Toss|p1a: Torkoal
|-damage|p1a: Torkoal|0 fnt
|faint|p1a: Torkoal
|
|-weather|SunnyDay|[upkeep]
|upkeep
|
|t:|1660354015
|switch|p1a: Darmanitan|Darmanitan, M|86/100
|-damage|p1a: Darmanitan|61/100|[from] Stealth Rock
|turn|21
|
|t:|1660354023
|switch|p2a: scary airy|Salamence, M|100/100
|-ability|p2a: scary airy|Intimidate|boost
|-unboost|p1a: Darmanitan|atk|1
|move|p1a: Darmanitan|Rock Slide|p2a: scary airy
|-supereffective|p2a: scary airy
|-damage|p2a: scary airy|62/100
|
|-weather|SunnyDay|[upkeep]
|upkeep
|turn|22
|
|t:|1660354029
|move|p1a: Darmanitan|Rock Slide|p2a: scary airy
|-supereffective|p2a: scary airy
|-damage|p2a: scary airy|22/100
|move|p2a: scary airy|Roost|p2a: scary airy
|-heal|p2a: scary airy|72/100
|-singleturn|p2a: scary airy|move: Roost
|
|-weather|SunnyDay|[upkeep]
|upkeep
|turn|23
|
|t:|1660354035
|switch|p2a: umby wumby|Umbreon, F|84/100
|move|p1a: Darmanitan|Rock Slide|p2a: umby wumby
|-damage|p2a: umby wumby|70/100
|
|-weather|none
|-heal|p2a: umby wumby|76/100|[from] item: Leftovers
|upkeep
|turn|24
|-message|Puchepro forfeited.
|
|win|5 pia to the top
|raw|Puchepro's rating: 1354 &rarr; <strong>1345</strong><br />(-9 for losing)
|raw|5 pia to the top's rating: 1579 &rarr; <strong>1588</strong><br />(+9 for winning)
|l|☆Puchepro
|c| amogusroxyrrrr|im going to eat chansey
|c| amogusroxyrrrr|do i microwave it or put it in the oven
||Ladder isn't responding, score probably updated but might not have (Request timeout).
