|j|☆PRINCESSFORTNITE49
|j|☆BurningDownDaHouse
|t:|1645666106
|gametype|singles
|player|p1|PRINCESSFORTNITE49|ethan|1546
|player|p2|BurningDownDaHouse|flannery|1437
|teamsize|p1|6
|teamsize|p2|6
|gen|8
|tier|[Gen 8] UU
|rated|
|rule|Sleep Clause Mod: Limit one foe put to sleep
|rule|Species Clause: Limit one of each Pokémon
|rule|OHKO Clause: OHKO moves are banned
|rule|Evasion Moves Clause: Evasion moves are banned
|rule|Endless Battle Clause: Forcing endless battles is banned
|rule|HP Percentage Mod: HP is shown in percentages
|rule|Dynamax Clause: You cannot dynamax
|clearpoke
|poke|p1|Nidoking, M|
|poke|p1|Thundurus-Therian, M|
|poke|p1|Cobalion|
|poke|p1|Slowking, F|
|poke|p1|Mandibuzz, F|
|poke|p1|Tapu Bulu|
|poke|p2|Chansey, F|
|poke|p2|Torkoal, F|
|poke|p2|Darmanitan, F|
|poke|p2|Venusaur, M|
|poke|p2|Mandibuzz, F|
|poke|p2|Krookodile, M|
|teampreview
|inactive|Battle timer is ON: inactive players will automatically lose when time's up. (requested by PRINCESSFORTNITE49)
|
|t:|1645666124
|start
|switch|p1a: Nidoking|Nidoking, M|100/100
|switch|p2a: Torkoal|Torkoal, F|100/100
|-weather|SunnyDay|[from] ability: Drought|[of] p2a: Torkoal
|turn|1
|
|t:|1645666129
|switch|p2a: Chansey|Chansey, F|100/100
|move|p1a: Nidoking|Earth Power|p2a: Chansey
|-damage|p2a: Chansey|82/100
|
|-weather|SunnyDay|[upkeep]
|upkeep
|turn|2
|
|t:|1645666142
|switch|p1a: Cobalion|Cobalion|100/100
|move|p2a: Chansey|Seismic Toss|p1a: Cobalion
|-damage|p1a: Cobalion|70/100
|-damage|p2a: Chansey|65/100|[from] item: Rocky Helmet|[of] p1a: Cobalion
|
|-weather|SunnyDay|[upkeep]
|upkeep
|turn|3
|
|t:|1645666146
|switch|p2a: Venusaur|Venusaur, M|100/100
|move|p1a: Cobalion|Stealth Rock|p2a: Venusaur
|-sidestart|p2: BurningDownDaHouse|move: Stealth Rock
|
|-weather|SunnyDay|[upkeep]
|upkeep
|turn|4
|
|t:|1645666153
|switch|p1a: Mandibuzz|Mandibuzz, F|100/100
|move|p2a: Venusaur|Weather Ball|p1a: Mandibuzz
|-crit|p1a: Mandibuzz
|-damage|p1a: Mandibuzz|17/100
|-damage|p2a: Venusaur|91/100|[from] item: Life Orb
|
|-weather|SunnyDay|[upkeep]
|upkeep
|turn|5
|
|t:|1645666159
|switch|p1a: Slowking|Slowking, F|100/100
|move|p2a: Venusaur|Sludge Bomb|p1a: Slowking
|-damage|p1a: Slowking|53/100
|-damage|p2a: Venusaur|81/100|[from] item: Life Orb
|
|-weather|SunnyDay|[upkeep]
|upkeep
|turn|6
|
|t:|1645666172
|move|p2a: Venusaur|Giga Drain|p1a: Slowking
|-supereffective|p1a: Slowking
|-damage|p1a: Slowking|0 fnt
|-heal|p2a: Venusaur|100/100|[from] drain|[of] p1a: Slowking
|faint|p1a: Slowking
|-damage|p2a: Venusaur|91/100|[from] item: Life Orb
|
|-weather|SunnyDay|[upkeep]
|upkeep
|
|t:|1645666177
|switch|p1a: Nidoking|Nidoking, M|100/100
|turn|7
|
|t:|1645666180
|move|p2a: Venusaur|Weather Ball|p1a: Nidoking
|-damage|p1a: Nidoking|13/100
|-damage|p2a: Venusaur|81/100|[from] item: Life Orb
|move|p1a: Nidoking|Sludge Wave|p2a: Venusaur
|-damage|p2a: Venusaur|4/100
|
|-weather|SunnyDay|[upkeep]
|upkeep
|turn|8
|
|t:|1645666186
|move|p2a: Venusaur|Giga Drain|p1a: Nidoking
|-damage|p1a: Nidoking|0 fnt
|-heal|p2a: Venusaur|10/100|[from] drain|[of] p1a: Nidoking
|faint|p1a: Nidoking
|-damage|p2a: Venusaur|0 fnt|[from] item: Life Orb
|faint|p2a: Venusaur
|
|-weather|none
|upkeep
|
|t:|1645666194
|switch|p1a: Thundurus|Thundurus-Therian, M|100/100
|switch|p2a: Torkoal|Torkoal, F|100/100
|-damage|p2a: Torkoal|76/100|[from] Stealth Rock
|-weather|SunnyDay|[from] ability: Drought|[of] p2a: Torkoal
|turn|9
|
|t:|1645666197
|move|p1a: Thundurus|Thunderbolt|p2a: Torkoal
|-damage|p2a: Torkoal|13/100
|move|p2a: Torkoal|Yawn|p1a: Thundurus
|-start|p1a: Thundurus|move: Yawn|[of] p2a: Torkoal
|
|-weather|SunnyDay|[upkeep]
|upkeep
|turn|10
|
|t:|1645666202
|move|p1a: Thundurus|U-turn|p2a: Torkoal
|-resisted|p2a: Torkoal
|-damage|p2a: Torkoal|9/100
|
|t:|1645666205
|switch|p1a: Mandibuzz|Mandibuzz, F|17/100|[from]move: U-turn
|move|p2a: Torkoal|Rapid Spin|p1a: Mandibuzz
|-damage|p1a: Mandibuzz|11/100
|-boost|p2a: Torkoal|spe|1
|-sideend|p2: BurningDownDaHouse|Stealth Rock|[from] move: Rapid Spin|[of] p2a: Torkoal
|
|-weather|SunnyDay|[upkeep]
|upkeep
|turn|11
|
|t:|1645666209
|move|p1a: Mandibuzz|Roost|p1a: Mandibuzz
|-heal|p1a: Mandibuzz|61/100
|-singleturn|p1a: Mandibuzz|move: Roost
|move|p2a: Torkoal|Lava Plume|p1a: Mandibuzz
|-damage|p1a: Mandibuzz|29/100
|-status|p1a: Mandibuzz|brn
|
|-weather|SunnyDay|[upkeep]
|-damage|p1a: Mandibuzz|23/100 brn|[from] brn
|upkeep
|turn|12
|
|t:|1645666214
|switch|p2a: Darmanitan|Darmanitan, F|100/100
|move|p1a: Mandibuzz|Roost|p1a: Mandibuzz
|-heal|p1a: Mandibuzz|73/100 brn
|-singleturn|p1a: Mandibuzz|move: Roost
|
|-weather|SunnyDay|[upkeep]
|-damage|p1a: Mandibuzz|67/100 brn|[from] brn
|upkeep
|turn|13
|
|t:|1645666216
|move|p2a: Darmanitan|Flare Blitz|p1a: Mandibuzz
|-damage|p1a: Mandibuzz|0 fnt
|faint|p1a: Mandibuzz
|-damage|p2a: Darmanitan|74/100|[from] Recoil
|
|-weather|SunnyDay|[upkeep]
|upkeep
|
|t:|1645666226
|switch|p1a: Cobalion|Cobalion|70/100
|turn|14
|
|t:|1645666228
|move|p2a: Darmanitan|Flare Blitz|p1a: Cobalion
|-supereffective|p1a: Cobalion
|-damage|p1a: Cobalion|0 fnt
|-damage|p2a: Darmanitan|58/100|[from] item: Rocky Helmet|[of] p1a: Cobalion
|faint|p1a: Cobalion
|-damage|p2a: Darmanitan|37/100|[from] Recoil
|
|-weather|SunnyDay|[upkeep]
|upkeep
|c|☆PRINCESSFORTNITE49|dang
|c|☆PRINCESSFORTNITE49|u are very talented
|c|☆PRINCESSFORTNITE49|well played !
|-message|PRINCESSFORTNITE49 forfeited.
|
|win|BurningDownDaHouse
|raw|PRINCESSFORTNITE49's rating: 1546 &rarr; <strong>1520</strong><br />(-26 for losing)
|raw|BurningDownDaHouse's rating: 1437 &rarr; <strong>1463</strong><br />(+26 for winning)
|l|☆PRINCESSFORTNITE49
||Ladder isn't responding, score probably updated but might not have (Request timeout).
