|j|☆UUBF4explodingregi
|j|☆Forcemew2
|t:|1616588844
|player|p1|UUBF4explodingregi|maid-gen4|1379
|player|p2|Forcemew2|blue|1481
|teamsize|p1|6
|teamsize|p2|6
|gametype|singles
|gen|8
|tier|[Gen 8] UU
|rated|
|clearpoke
|poke|p1|Regidrago|
|poke|p1|Necrozma|
|poke|p1|Grimmsnarl, M|
|poke|p1|Kommo-o, M|
|poke|p1|Aegislash, M|
|poke|p1|Moltres-Galar|
|poke|p2|Alakazam, F|
|poke|p2|Salamence, F|
|poke|p2|Magnezone|
|poke|p2|Seismitoad, F|
|poke|p2|Scizor, F|
|poke|p2|Ninetales-Alola, M|
|rule|Sleep Clause Mod: Limit one foe put to sleep
|rule|Species Clause: Limit one of each Pokémon
|rule|OHKO Clause: OHKO moves are banned
|rule|Evasion Moves Clause: Evasion moves are banned
|rule|Endless Battle Clause: Forcing endless battles is banned
|rule|HP Percentage Mod: HP is shown in percentages
|rule|Dynamax Clause: You cannot dynamax
|teampreview
|
|t:|1616588855
|start
|switch|p1a: Kommo-o|Kommo-o, M|100/100
|switch|p2a: Ninetales|Ninetales-Alola, M|100/100
|-weather|Hail|[from] ability: Snow Warning|[of] p2a: Ninetales
|turn|1
|
|t:|1616588864
|move|p2a: Ninetales|Moonblast|p1a: Kommo-o
|-supereffective|p1a: Kommo-o
|-damage|p1a: Kommo-o|0 fnt
|faint|p1a: Kommo-o
|
|-weather|Hail|[upkeep]
|upkeep
|
|t:|1616588869
|switch|p1a: Aegislash|Aegislash, M|100/100
|turn|2
|
|t:|1616588877
|switch|p2a: Magnezone|Magnezone|100/100
|move|p1a: Aegislash|Swords Dance|p1a: Aegislash
|-boost|p1a: Aegislash|atk|2
|
|-weather|Hail|[upkeep]
|-damage|p2a: Magnezone|94/100|[from] Hail
|-damage|p1a: Aegislash|94/100|[from] Hail
|upkeep
|turn|3
|
|t:|1616588885
|move|p2a: Magnezone|Thunderbolt|p1a: Aegislash
|-damage|p1a: Aegislash|23/100
|-formechange|p1a: Aegislash|Aegislash-Blade||[from] ability: Stance Change
|move|p1a: Aegislash|Close Combat|p2a: Magnezone
|-supereffective|p2a: Magnezone
|-damage|p2a: Magnezone|0 fnt
|-unboost|p1a: Aegislash|def|1
|-unboost|p1a: Aegislash|spd|1
|faint|p2a: Magnezone
|
|-weather|Hail|[upkeep]
|-damage|p1a: Aegislash|17/100|[from] Hail
|upkeep
|
|t:|1616588907
|switch|p2a: Scizor|Scizor, F|100/100
|turn|4
|
|t:|1616588910
|move|p1a: Aegislash|Shadow Sneak|p2a: Scizor
|-damage|p2a: Scizor|61/100
|move|p2a: Scizor|Bullet Punch|p1a: Aegislash
|-resisted|p1a: Aegislash
|-crit|p1a: Aegislash
|-damage|p1a: Aegislash|0 fnt
|faint|p1a: Aegislash
|
|-weather|Hail|[upkeep]
|-damage|p2a: Scizor|55/100|[from] Hail
|-heal|p2a: Scizor|61/100|[from] item: Leftovers
|upkeep
|
|t:|1616588916
|switch|p1a: Regidrago|Regidrago|100/100
|turn|5
|
|t:|1616588924
|move|p1a: Regidrago|Dragon Dance|p1a: Regidrago
|-boost|p1a: Regidrago|atk|1
|-boost|p1a: Regidrago|spe|1
|move|p2a: Scizor|Roost|p2a: Scizor
|-heal|p2a: Scizor|100/100
|-singleturn|p2a: Scizor|move: Roost
|
|-weather|none
|upkeep
|turn|6
|
|t:|1616588932
|move|p1a: Regidrago|Fire Fang|p2a: Scizor
|-supereffective|p2a: Scizor
|-damage|p2a: Scizor|18/100
|-status|p2a: Scizor|brn
|move|p2a: Scizor|U-turn|p1a: Regidrago
|-damage|p1a: Regidrago|83/100
|
|t:|1616588945
|switch|p2a: Ninetales|Ninetales-Alola, M|100/100|[from]move: U-turn
|-weather|Hail|[from] ability: Snow Warning|[of] p2a: Ninetales
|
|-weather|Hail|[upkeep]
|-damage|p1a: Regidrago|77/100|[from] Hail
|-heal|p1a: Regidrago|83/100|[from] item: Leftovers
|upkeep
|turn|7
|
|t:|1616588954
|move|p1a: Regidrago|Fire Fang|p2a: Ninetales
|-supereffective|p2a: Ninetales
|-damage|p2a: Ninetales|11/100
|move|p2a: Ninetales|Aurora Veil|p2a: Ninetales
|-sidestart|p2: Forcemew2|move: Aurora Veil
|
|-weather|Hail|[upkeep]
|-damage|p1a: Regidrago|77/100|[from] Hail
|-heal|p1a: Regidrago|83/100|[from] item: Leftovers
|upkeep
|turn|8
|
|t:|1616588970
|switch|p2a: Scizor|Scizor, F|18/100 brn
|move|p1a: Regidrago|Fire Fang|p2a: Scizor
|-supereffective|p2a: Scizor
|-damage|p2a: Scizor|0 fnt
|faint|p2a: Scizor
|
|-weather|Hail|[upkeep]
|-damage|p1a: Regidrago|77/100|[from] Hail
|-heal|p1a: Regidrago|83/100|[from] item: Leftovers
|upkeep
|
|t:|1616588983
|switch|p2a: Seismitoad|Seismitoad, F|100/100
|turn|9
|
|t:|1616588988
|move|p1a: Regidrago|Dragon Claw|p2a: Seismitoad
|-damage|p2a: Seismitoad|57/100
|move|p2a: Seismitoad|Scald|p1a: Regidrago
|-resisted|p1a: Regidrago
|-damage|p1a: Regidrago|69/100
|
|-weather|Hail|[upkeep]
|-damage|p1a: Regidrago|63/100|[from] Hail
|-damage|p2a: Seismitoad|50/100|[from] Hail
|-heal|p1a: Regidrago|69/100|[from] item: Leftovers
|-heal|p2a: Seismitoad|57/100|[from] item: Leftovers
|upkeep
|turn|10
|
|t:|1616589000
|move|p1a: Regidrago|Dragon Claw|p2a: Seismitoad
|-damage|p2a: Seismitoad|15/100
|move|p2a: Seismitoad|Scald|p1a: Regidrago
|-resisted|p1a: Regidrago
|-damage|p1a: Regidrago|56/100
|
|-weather|none
|-heal|p1a: Regidrago|62/100|[from] item: Leftovers
|-heal|p2a: Seismitoad|22/100|[from] item: Leftovers
|upkeep
|turn|11
|
|t:|1616589011
|move|p1a: Regidrago|Dragon Claw|p2a: Seismitoad
|-damage|p2a: Seismitoad|0 fnt
|faint|p2a: Seismitoad
|
|-heal|p1a: Regidrago|68/100|[from] item: Leftovers
|upkeep
|
|t:|1616589020
|switch|p2a: Salamence|Salamence, F|100/100
|turn|12
|
|t:|1616589026
|move|p1a: Regidrago|Dragon Claw|p2a: Salamence
|-supereffective|p2a: Salamence
|-damage|p2a: Salamence|0 fnt
|faint|p2a: Salamence
|
|-heal|p1a: Regidrago|74/100|[from] item: Leftovers
|upkeep
|-message|Forcemew2 forfeited.
|
|win|UUBF4explodingregi
|raw|UUBF4explodingregi's rating: 1379 &rarr; <strong>1405</strong><br />(+26 for winning)
|raw|Forcemew2's rating: 1481 &rarr; <strong>1455</strong><br />(-26 for losing)
|l|☆Forcemew2
