|j|☆UUH4 Intel
|j|☆alexander malofeev
|player|p1|UUH4 Intel|youngn|1500
|player|p2|alexander malofeev|clerkf|1499
|teamsize|p1|6
|teamsize|p2|6
|gametype|singles
|gen|8
|tier|[Gen 8] UU
|rated|
|html|<div class="broadcast-blue"><strong>UU is currently suspecting Haxorus! For information on how to participate check out the <a href="https://www.smogon.com/forums/threads/3664575/">suspect thread</a>.</strong></div>
|clearpoke
|poke|p1|Reuniclus, M|
|poke|p1|Pangoro, M|
|poke|p1|Haxorus, M|
|poke|p1|Cobalion|
|poke|p1|Golisopod, M|
|poke|p1|Weezing-Galar, F|
|poke|p2|Cobalion|
|poke|p2|Sylveon, M|
|poke|p2|Golisopod, M|
|poke|p2|Noivern, M|
|poke|p2|Gigalith, F|
|poke|p2|Roserade, F|
|rule|Sleep Clause Mod: Limit one foe put to sleep
|rule|Species Clause: Limit one of each Pokémon
|rule|OHKO Clause: OHKO moves are banned
|rule|Evasion Moves Clause: Evasion moves are banned
|rule|Endless Battle Clause: Forcing endless battles is banned
|rule|HP Percentage Mod: HP is shown in percentages
|rule|Dynamax Clause: You cannot dynamax
|teampreview
|inactive|Battle timer is ON: inactive players will automatically lose when time's up. (requested by alexander malofeev)
|c|☆alexander malofeev|hf
|
|start
|switch|p1a: Weezing|Weezing-Galar, F|100/100
|switch|p2a: Sylveon|Sylveon, M|100/100
|turn|1
|inactive|alexander malofeev has 120 seconds left.
|
|switch|p2a: Gigalith|Gigalith, F|100/100
|-weather|Sandstorm|[from] ability: Sand Stream|[of] p2a: Gigalith
|move|p1a: Weezing|Strange Steam|p2a: Gigalith
|-damage|p2a: Gigalith|82/100
|
|-weather|Sandstorm|[upkeep]
|-damage|p1a: Weezing|94/100|[from] Sandstorm
|-heal|p1a: Weezing|100/100|[from] item: Black Sludge
|-heal|p2a: Gigalith|88/100|[from] item: Leftovers
|upkeep
|turn|2
|inactive|alexander malofeev has 120 seconds left.
|inactive|alexander malofeev has 90 seconds left.
|
|switch|p1a: Cobalion|Cobalion|100/100
|move|p2a: Gigalith|Stealth Rock|p1a: Cobalion
|-sidestart|p1: UUH4 Intel|move: Stealth Rock
|
|-weather|Sandstorm|[upkeep]
|-heal|p2a: Gigalith|94/100|[from] item: Leftovers
|upkeep
|turn|3
|inactive|alexander malofeev has 90 seconds left.
|
|move|p1a: Cobalion|Stealth Rock|p2a: Gigalith
|-sidestart|p2: alexander malofeev|move: Stealth Rock
|move|p2a: Gigalith|Earthquake|p1a: Cobalion
|-supereffective|p1a: Cobalion
|-crit|p1a: Cobalion
|-damage|p1a: Cobalion|24/100
|
|-weather|Sandstorm|[upkeep]
|-heal|p2a: Gigalith|99/100|[from] item: Leftovers
|upkeep
|turn|4
|
|switch|p2a: Noivern|Noivern, M|100/100
|-item|p1a: Cobalion|Rocky Helmet|[from] ability: Frisk|[of] p2a: Noivern|[identify]
|move|p1a: Cobalion|Volt Switch|p2a: Noivern
|-damage|p2a: Noivern|85/100
|
|switch|p1a: Reuniclus|Reuniclus, M|100/100|[from]move: Volt Switch
|-damage|p1a: Reuniclus|88/100|[from] Stealth Rock
|
|-weather|Sandstorm|[upkeep]
|-damage|p2a: Noivern|79/100|[from] Sandstorm
|-damage|p1a: Reuniclus|82/100|[from] Sandstorm
|upkeep
|turn|5
|inactive|alexander malofeev has 90 seconds left.
|
|switch|p2a: Gigalith|Gigalith, F|99/100
|-damage|p2a: Gigalith|88/100|[from] Stealth Rock
|move|p1a: Reuniclus|Knock Off|p2a: Gigalith
|-damage|p2a: Gigalith|78/100
|-enditem|p2a: Gigalith|Leftovers|[from] move: Knock Off|[of] p1a: Reuniclus
|
|-weather|none
|upkeep
|turn|6
|inactive|alexander malofeev has 90 seconds left.
|inactive|UUH4 Intel has 120 seconds left.
|c|☆alexander malofeev|test
|
|switch|p2a: Golisopod|Golisopod, M|100/100
|move|p1a: Reuniclus|Future Sight|p2a: Golisopod
|-start|p1a: Reuniclus|move: Future Sight
|
|upkeep
|turn|7
|
|switch|p1a: Weezing|Weezing-Galar, F|100/100
|-damage|p1a: Weezing|88/100|[from] Stealth Rock
|move|p2a: Golisopod|Liquidation|p1a: Weezing
|-damage|p1a: Weezing|49/100
|
|-heal|p1a: Weezing|55/100|[from] item: Black Sludge
|upkeep
|turn|8
|inactive|UUH4 Intel has 120 seconds left.
|
|switch|p2a: Gigalith|Gigalith, F|78/100
|-damage|p2a: Gigalith|66/100|[from] Stealth Rock
|-weather|Sandstorm|[from] ability: Sand Stream|[of] p2a: Gigalith
|move|p1a: Weezing|Sludge Bomb|p2a: Gigalith
|-resisted|p2a: Gigalith
|-damage|p2a: Gigalith|56/100
|-status|p2a: Gigalith|psn
|
|-weather|Sandstorm|[upkeep]
|-damage|p1a: Weezing|49/100|[from] Sandstorm
|-end|p2a: Gigalith|move: Future Sight
|-damage|p2a: Gigalith|27/100 psn
|-heal|p1a: Weezing|55/100|[from] item: Black Sludge
|-damage|p2a: Gigalith|14/100 psn|[from] psn
|upkeep
|turn|9
|inactive|alexander malofeev has 90 seconds left.
|
|move|p1a: Weezing|Strange Steam|p2a: Gigalith
|-damage|p2a: Gigalith|0 fnt
|faint|p2a: Gigalith
|
|-weather|Sandstorm|[upkeep]
|-damage|p1a: Weezing|49/100|[from] Sandstorm
|-heal|p1a: Weezing|55/100|[from] item: Black Sludge
|upkeep
|inactive|alexander malofeev has 90 seconds left.
|
|switch|p2a: Roserade|Roserade, F|100/100
|-damage|p2a: Roserade|88/100|[from] Stealth Rock
|turn|10
|
|switch|p1a: Reuniclus|Reuniclus, M|100/100
|-damage|p1a: Reuniclus|88/100|[from] Stealth Rock
|move|p2a: Roserade|Sleep Powder|p1a: Reuniclus
|-status|p1a: Reuniclus|slp|[from] move: Sleep Powder
|
|-weather|Sandstorm|[upkeep]
|-damage|p2a: Roserade|82/100|[from] Sandstorm
|-damage|p1a: Reuniclus|82/100 slp|[from] Sandstorm
|-heal|p2a: Roserade|88/100|[from] item: Black Sludge
|upkeep
|turn|11
|inactive|alexander malofeev has 90 seconds left.
|
|switch|p1a: Cobalion|Cobalion|24/100
|-damage|p1a: Cobalion|21/100|[from] Stealth Rock
|move|p2a: Roserade|Sludge Bomb|p1a: Cobalion
|-immune|p1a: Cobalion
|
|-weather|Sandstorm|[upkeep]
|-damage|p2a: Roserade|82/100|[from] Sandstorm
|-heal|p2a: Roserade|88/100|[from] item: Black Sludge
|upkeep
|turn|12
|inactive|alexander malofeev has 90 seconds left.
|
|move|p1a: Cobalion|Volt Switch|p2a: Roserade
|-resisted|p2a: Roserade
|-damage|p2a: Roserade|80/100
|
|switch|p1a: Reuniclus|Reuniclus, M|100/100 slp|[from]move: Volt Switch
|-damage|p1a: Reuniclus|88/100 slp|[from] Stealth Rock
|move|p2a: Roserade|Leaf Storm|p1a: Reuniclus
|-damage|p1a: Reuniclus|56/100 slp
|-unboost|p2a: Roserade|spa|2
|
|-weather|none
|-heal|p2a: Roserade|86/100|[from] item: Black Sludge
|upkeep
|turn|13
|
|switch|p2a: Golisopod|Golisopod, M|100/100
|switch|p1a: Weezing|Weezing-Galar, F|55/100
|-damage|p1a: Weezing|43/100|[from] Stealth Rock
|
|-heal|p1a: Weezing|49/100|[from] item: Black Sludge
|upkeep
|turn|14
|
|move|p1a: Weezing|Defog|p2a: Golisopod
|-unboost|p2a: Golisopod|evasion|1
|-sideend|p2: alexander malofeev|Stealth Rock|[from] move: Defog|[of] p1a: Weezing
|-sideend|p1: UUH4 Intel|Stealth Rock|[from] move: Defog|[of] p1a: Weezing
|move|p2a: Golisopod|Liquidation|p1a: Weezing
|-damage|p1a: Weezing|5/100
|
|-heal|p1a: Weezing|11/100|[from] item: Black Sludge
|upkeep
|turn|15
|
|move|p2a: Golisopod|Aqua Jet|p1a: Weezing
|-damage|p1a: Weezing|0 fnt
|faint|p1a: Weezing
|
|upkeep
|j| DarkHakola
|
|switch|p1a: Haxorus|Haxorus, M|100/100
|-ability|p1a: Haxorus|Mold Breaker
|turn|16
|inactive|alexander malofeev has 90 seconds left.
|inactive|alexander malofeev has 60 seconds left.
|
|move|p1a: Haxorus|Earthquake|p2a: Golisopod
|-resisted|p2a: Golisopod
|-damage|p2a: Golisopod|81/100
|move|p2a: Golisopod|Leech Life|p1a: Haxorus
|-damage|p1a: Haxorus|41/100
|-heal|p2a: Golisopod|100/100|[from] drain|[of] p1a: Haxorus
|
|upkeep
|turn|17
|
|switch|p1a: Golisopod|Golisopod, M|100/100
|move|p2a: Golisopod|First Impression||[still]
|-fail|p2a: Golisopod
|-hint|First Impression only works on your first turn out.
|
|upkeep
|turn|18
|c|☆alexander malofeev|whups
|l| DarkHakola
|inactive|alexander malofeev has 30 seconds left.
|
|switch|p2a: Noivern|Noivern, M|79/100
|-item|p1a: Golisopod|Heavy-Duty Boots|[from] ability: Frisk|[of] p2a: Noivern|[identify]
|move|p1a: Golisopod|Spikes|p2a: Noivern
|-sidestart|p2: alexander malofeev|Spikes
|
|upkeep
|turn|19
|inactive|alexander malofeev has 30 seconds left.
|
|switch|p1a: Reuniclus|Reuniclus, M|90/100 slp
|move|p2a: Noivern|Draco Meteor|p1a: Reuniclus
|-damage|p1a: Reuniclus|68/100 slp
|-unboost|p2a: Noivern|spa|2
|
|upkeep
|turn|20
|inactive|alexander malofeev has 30 seconds left.
|
|switch|p2a: Sylveon|Sylveon, M|100/100
|-damage|p2a: Sylveon|88/100|[from] Spikes
|switch|p1a: Pangoro|Pangoro, M|100/100
|
|upkeep
|turn|21
|
|switch|p1a: Reuniclus|Reuniclus, M|100/100 slp
|move|p2a: Sylveon|Hyper Voice|p1a: Reuniclus
|-damage|p1a: Reuniclus|61/100 slp
|
|upkeep
|turn|22
|
|move|p2a: Sylveon|Hyper Voice|p1a: Reuniclus
|-damage|p1a: Reuniclus|22/100 slp
|cant|p1a: Reuniclus|slp
|
|upkeep
|turn|23
|
|move|p2a: Sylveon|Hyper Voice|p1a: Reuniclus
|-damage|p1a: Reuniclus|0 fnt
|faint|p1a: Reuniclus
|
|upkeep
|
|switch|p1a: Cobalion|Cobalion|21/100
|turn|24
|inactive|alexander malofeev has 60 seconds left.
|
|switch|p2a: Noivern|Noivern, M|79/100
|-item|p1a: Cobalion|Rocky Helmet|[from] ability: Frisk|[of] p2a: Noivern|[identify]
|move|p1a: Cobalion|Volt Switch|p2a: Noivern
|-crit|p2a: Noivern
|-damage|p2a: Noivern|57/100
|
|switch|p1a: Golisopod|Golisopod, M|100/100|[from]move: Volt Switch
|
|upkeep
|turn|25
|inactive|alexander malofeev has 60 seconds left.
|
|move|p2a: Noivern|Draco Meteor|p1a: Golisopod
|-damage|p1a: Golisopod|46/100
|-unboost|p2a: Noivern|spa|2
|-activate|p1a: Golisopod|ability: Emergency Exit
|
|switch|p1a: Pangoro|Pangoro, M|100/100
|
|upkeep
|turn|26
|
|switch|p2a: Roserade|Roserade, F|86/100
|-damage|p2a: Roserade|74/100|[from] Spikes
|move|p1a: Pangoro|Drain Punch|p2a: Roserade
|-resisted|p2a: Roserade
|-damage|p2a: Roserade|14/100
|-damage|p1a: Pangoro|91/100|[from] item: Life Orb
|
|-heal|p2a: Roserade|20/100|[from] item: Black Sludge
|upkeep
|turn|27
|
|move|p2a: Roserade|Sludge Bomb|p1a: Pangoro
|-damage|p1a: Pangoro|23/100
|-status|p1a: Pangoro|psn
|move|p1a: Pangoro|Drain Punch|p2a: Roserade
|-resisted|p2a: Roserade
|-damage|p2a: Roserade|0 fnt
|-heal|p1a: Pangoro|31/100 psn|[from] drain|[of] p2a: Roserade
|-damage|p1a: Pangoro|21/100 psn|[from] item: Life Orb
|faint|p2a: Roserade
|
|-damage|p1a: Pangoro|9/100 psn|[from] psn
|upkeep
|
|switch|p2a: Cobalion|Cobalion|100/100
|-damage|p2a: Cobalion|88/100|[from] Spikes
|turn|28
|
|move|p2a: Cobalion|Iron Head|p1a: Pangoro
|-damage|p1a: Pangoro|0 fnt
|faint|p1a: Pangoro
|
|upkeep
|
|switch|p1a: Cobalion|Cobalion|21/100
|turn|29
|
|switch|p2a: Noivern|Noivern, M|57/100
|-item|p1a: Cobalion|Rocky Helmet|[from] ability: Frisk|[of] p2a: Noivern|[identify]
|move|p1a: Cobalion|Close Combat|p2a: Noivern
|-resisted|p2a: Noivern
|-damage|p2a: Noivern|29/100
|-unboost|p1a: Cobalion|def|1
|-unboost|p1a: Cobalion|spd|1
|
|upkeep
|turn|30
|
|switch|p1a: Golisopod|Golisopod, M|46/100
|move|p2a: Noivern|Flamethrower|p1a: Golisopod
|-damage|p1a: Golisopod|23/100
|
|upkeep
|turn|31
|inactive|alexander malofeev has 90 seconds left.
|
|switch|p2a: Sylveon|Sylveon, M|88/100
|-damage|p2a: Sylveon|76/100|[from] Spikes
|move|p1a: Golisopod|First Impression|p2a: Sylveon
|-resisted|p2a: Sylveon
|-damage|p2a: Sylveon|40/100
|
|upkeep
|turn|32
|
|move|p2a: Sylveon|Hyper Voice|p1a: Golisopod
|-damage|p1a: Golisopod|0 fnt
|faint|p1a: Golisopod
|
|upkeep
|-message|UUH4 Intel forfeited.
|
|win|alexander malofeev
|l|☆UUH4 Intel
|raw|UUH4 Intel's rating: 1459 &rarr; <strong>1442</strong><br />(-17 for losing)
|raw|alexander malofeev's rating: 1499 &rarr; <strong>1517</strong><br />(+18 for winning)
