|inactive|Battle timer is ON: inactive players will automatically lose when time's up.
|j|☆Milonna
|j|☆ChloraSucks
|t:|1666446203
|gametype|singles
|player|p1|Milonna|pokemonbreederf-gen4|
|player|p2|ChloraSucks|plasmagruntf-gen5bw|
|teamsize|p1|6
|teamsize|p2|6
|gen|8
|tier|[Gen 8] UU
|rated|Tournament battle
|rule|Sleep Clause Mod: Limit one foe put to sleep
|rule|Species Clause: Limit one of each Pokémon
|rule|OHKO Clause: OHKO moves are banned
|rule|Evasion Items Clause: Evasion items are banned
|rule|Evasion Moves Clause: Evasion moves are banned
|rule|Endless Battle Clause: Forcing endless battles is banned
|rule|HP Percentage Mod: HP is shown in percentages
|rule|Dynamax Clause: You cannot dynamax
|rule|Blitz: Super-fast timer
|clearpoke
|poke|p1|Hydreigon, M|
|poke|p1|Hippowdon, M|
|poke|p1|Scizor, M|
|poke|p1|Slowbro-Galar, F|
|poke|p1|Mantine, F|
|poke|p1|Tapu Bulu|
|poke|p2|Cobalion|
|poke|p2|Umbreon, M|
|poke|p2|Rotom-Wash|
|poke|p2|Nihilego|
|poke|p2|Celesteela|
|poke|p2|Darmanitan, M|
|teampreview
|inactive|Milonna also wants the timer to be on.
|j| Treeckomaman
|
|t:|1666446213
|start
|switch|p1a: Scizor|Scizor, M|100/100
|switch|p2a: Darmanitan|Darmanitan, M|100/100
|turn|1
|l| Treeckomaman
|
|t:|1666446216
|switch|p1a: Mantine|Mantine, F|100/100
|move|p2a: Darmanitan|U-turn|p1a: Mantine
|-resisted|p1a: Mantine
|-damage|p1a: Mantine|88/100
|
|t:|1666446219
|switch|p2a: Rotom|Rotom-Wash, shiny|100/100|[from]move: U-turn
|
|upkeep
|turn|2
|
|t:|1666446221
|switch|p1a: Hydreigon|Hydreigon, M|100/100
|move|p2a: Rotom|Hydro Pump|p1a: Hydreigon|[miss]
|-miss|p2a: Rotom|p1a: Hydreigon
|
|upkeep
|turn|3
|
|t:|1666446224
|move|p1a: Hydreigon|Dark Pulse|p2a: Rotom
|-damage|p2a: Rotom|56/100
|move|p2a: Rotom|Volt Switch|p1a: Hydreigon
|-resisted|p1a: Hydreigon
|-damage|p1a: Hydreigon|82/100
|j|%chloe
|
|t:|1666446227
|switch|p2a: Darmanitan|Darmanitan, M|100/100|[from]move: Volt Switch
|
|-heal|p1a: Hydreigon|88/100|[from] item: Leftovers
|upkeep
|turn|4
|
|t:|1666446230
|move|p2a: Darmanitan|U-turn|p1a: Hydreigon
|-supereffective|p1a: Hydreigon
|-damage|p1a: Hydreigon|30/100
|
|t:|1666446233
|switch|p2a: Cobalion|Cobalion|100/100|[from]move: U-turn
|move|p1a: Hydreigon|Roost|p1a: Hydreigon
|-heal|p1a: Hydreigon|80/100
|-singleturn|p1a: Hydreigon|move: Roost
|
|-heal|p1a: Hydreigon|86/100|[from] item: Leftovers
|upkeep
|turn|5
|l|%chloe
|
|t:|1666446237
|switch|p1a: Hippowdon|Hippowdon, M|100/100
|-weather|Sandstorm|[from] ability: Sand Stream|[of] p1a: Hippowdon
|move|p2a: Cobalion|Stealth Rock|p1a: Hippowdon
|-sidestart|p1: Milonna|move: Stealth Rock
|
|-weather|Sandstorm|[upkeep]
|upkeep
|turn|6
|
|t:|1666446241
|switch|p2a: Celesteela|Celesteela|100/100
|move|p1a: Hippowdon|Stealth Rock|p2a: Celesteela
|-sidestart|p2: ChloraSucks|move: Stealth Rock
|
|-weather|Sandstorm|[upkeep]
|upkeep
|turn|7
|inactive|Milonna has 10 seconds left.
|
|t:|1666446246
|switch|p1a: Hydreigon|Hydreigon, M|86/100
|-damage|p1a: Hydreigon|74/100|[from] Stealth Rock
|move|p2a: Celesteela|Heavy Slam|p1a: Hydreigon
|-damage|p1a: Hydreigon|26/100
|
|-weather|Sandstorm|[upkeep]
|-damage|p1a: Hydreigon|20/100|[from] Sandstorm
|-heal|p1a: Hydreigon|26/100|[from] item: Leftovers
|upkeep
|turn|8
|inactive|ChloraSucks has 10 seconds left.
|
|t:|1666446252
|switch|p2a: Cobalion|Cobalion|100/100
|-damage|p2a: Cobalion|97/100|[from] Stealth Rock
|move|p1a: Hydreigon|Roost|p1a: Hydreigon
|-heal|p1a: Hydreigon|76/100
|-singleturn|p1a: Hydreigon|move: Roost
|
|-weather|Sandstorm|[upkeep]
|-damage|p1a: Hydreigon|70/100|[from] Sandstorm
|-heal|p1a: Hydreigon|76/100|[from] item: Leftovers
|upkeep
|turn|9
|
|t:|1666446255
|switch|p1a: Hippowdon|Hippowdon, M|100/100
|-damage|p1a: Hippowdon|94/100|[from] Stealth Rock
|move|p2a: Cobalion|Close Combat|p1a: Hippowdon
|-damage|p1a: Hippowdon|63/100
|-unboost|p2a: Cobalion|def|1
|-unboost|p2a: Cobalion|spd|1
|
|-weather|none
|-heal|p1a: Hippowdon|69/100|[from] item: Leftovers
|upkeep
|turn|10
|
|t:|1666446258
|switch|p2a: Celesteela|Celesteela|100/100
|-damage|p2a: Celesteela|88/100|[from] Stealth Rock
|move|p1a: Hippowdon|Slack Off|p1a: Hippowdon
|-heal|p1a: Hippowdon|100/100
|
|-heal|p2a: Celesteela|94/100|[from] item: Leftovers
|upkeep
|turn|11
|
|t:|1666446262
|switch|p1a: Mantine|Mantine, F|88/100
|move|p2a: Celesteela|Heavy Slam|p1a: Mantine
|-resisted|p1a: Mantine
|-damage|p1a: Mantine|72/100
|
|-heal|p2a: Celesteela|99/100|[from] item: Leftovers
|upkeep
|turn|12
|
|t:|1666446264
|move|p1a: Mantine|Scald|p2a: Celesteela
|-damage|p2a: Celesteela|80/100
|move|p2a: Celesteela|Toxic|p1a: Mantine
|-status|p1a: Mantine|tox
|
|-heal|p2a: Celesteela|86/100|[from] item: Leftovers
|-damage|p1a: Mantine|65/100 tox|[from] psn
|upkeep
|turn|13
|
|t:|1666446267
|move|p1a: Mantine|Scald|p2a: Celesteela
|-damage|p2a: Celesteela|66/100
|move|p2a: Celesteela|Leech Seed|p1a: Mantine
|-start|p1a: Mantine|move: Leech Seed
|
|-heal|p2a: Celesteela|72/100|[from] item: Leftovers
|-damage|p1a: Mantine|53/100 tox|[from] Leech Seed|[of] p2a: Celesteela
|-heal|p2a: Celesteela|83/100|[silent]
|-damage|p1a: Mantine|41/100 tox|[from] psn
|upkeep
|turn|14
|inactive|Milonna has 10 seconds left.
|
|t:|1666446273
|switch|p1a: Tapu Bulu|Tapu Bulu|100/100
|-damage|p1a: Tapu Bulu|88/100|[from] Stealth Rock
|-fieldstart|move: Grassy Terrain|[from] ability: Grassy Surge|[of] p1a: Tapu Bulu
|move|p2a: Celesteela|Heavy Slam|p1a: Tapu Bulu
|-supereffective|p1a: Tapu Bulu
|-damage|p1a: Tapu Bulu|0 fnt
|faint|p1a: Tapu Bulu
|-ability|p2a: Celesteela|Beast Boost|boost
|-boost|p2a: Celesteela|def|1
|
|-heal|p2a: Celesteela|89/100|[from] item: Leftovers
|upkeep
|inactive|Milonna has 10 seconds left.
|
|t:|1666446278
|switch|p1a: Hydreigon|Hydreigon, M|76/100
|-damage|p1a: Hydreigon|64/100|[from] Stealth Rock
|turn|15
|
|t:|1666446281
|move|p1a: Hydreigon|Taunt|p2a: Celesteela
|-start|p2a: Celesteela|move: Taunt
|move|p2a: Celesteela|Heavy Slam|p1a: Hydreigon
|-damage|p1a: Hydreigon|12/100
|
|-heal|p1a: Hydreigon|19/100|[from] item: Leftovers
|-heal|p2a: Celesteela|95/100|[from] item: Leftovers
|upkeep
|turn|16
|
|t:|1666446284
|move|p1a: Hydreigon|Flamethrower|p2a: Celesteela
|-supereffective|p2a: Celesteela
|-damage|p2a: Celesteela|41/100
|move|p2a: Celesteela|Heavy Slam|p1a: Hydreigon
|-damage|p1a: Hydreigon|0 fnt
|faint|p1a: Hydreigon
|-ability|p2a: Celesteela|Beast Boost|boost
|-boost|p2a: Celesteela|def|1
|
|-heal|p2a: Celesteela|47/100|[from] item: Leftovers
|upkeep
|inactive|Milonna has 10 seconds left.
|
|t:|1666446291
|switch|p1a: Mantine|Mantine, F|41/100 tox
|turn|17
|
|t:|1666446293
|move|p1a: Mantine|Scald|p2a: Celesteela
|-damage|p2a: Celesteela|27/100
|-status|p2a: Celesteela|brn
|move|p2a: Celesteela|Heavy Slam|p1a: Mantine
|-resisted|p1a: Mantine
|-damage|p1a: Mantine|33/100 tox
|
|-heal|p2a: Celesteela|33/100 brn|[from] item: Leftovers
|-damage|p1a: Mantine|27/100 tox|[from] psn
|-damage|p2a: Celesteela|27/100 brn|[from] brn
|-end|p2a: Celesteela|move: Taunt
|upkeep
|turn|18
|
|t:|1666446297
|move|p1a: Mantine|Scald|p2a: Celesteela
|-crit|p2a: Celesteela
|-damage|p2a: Celesteela|0 fnt
|faint|p2a: Celesteela
|
|-damage|p1a: Mantine|14/100 tox|[from] psn
|-fieldend|move: Grassy Terrain
|upkeep
|inactive|ChloraSucks has 10 seconds left.
|
|t:|1666446303
|switch|p2a: Darmanitan|Darmanitan, M|100/100
|-damage|p2a: Darmanitan|76/100|[from] Stealth Rock
|turn|19
|
|t:|1666446307
|move|p2a: Darmanitan|Rock Slide|p1a: Mantine
|-supereffective|p1a: Mantine
|-damage|p1a: Mantine|0 fnt
|faint|p1a: Mantine
|
|upkeep
|
|t:|1666446308
|switch|p1a: Slowbro|Slowbro-Galar, F|100/100
|-damage|p1a: Slowbro|88/100|[from] Stealth Rock
|turn|20
|
|t:|1666446310
|move|p2a: Darmanitan|Rock Slide|p1a: Slowbro
|-damage|p1a: Slowbro|63/100
|move|p1a: Slowbro|Calm Mind|p1a: Slowbro
|-boost|p1a: Slowbro|spa|1
|-boost|p1a: Slowbro|spd|1
|
|upkeep
|turn|21
|
|t:|1666446313
|move|p2a: Darmanitan|Rock Slide|p1a: Slowbro
|-damage|p1a: Slowbro|40/100
|move|p1a: Slowbro|Slack Off|p1a: Slowbro
|-heal|p1a: Slowbro|90/100
|
|upkeep
|turn|22
|
|t:|1666446316
|switch|p2a: Cobalion|Cobalion|97/100
|-damage|p2a: Cobalion|94/100|[from] Stealth Rock
|move|p1a: Slowbro|Calm Mind|p1a: Slowbro
|-boost|p1a: Slowbro|spa|1
|-boost|p1a: Slowbro|spd|1
|
|upkeep
|turn|23
|
|t:|1666446319
|move|p2a: Cobalion|Iron Head|p1a: Slowbro
|-damage|p1a: Slowbro|67/100
|move|p1a: Slowbro|Flamethrower|p2a: Cobalion
|-supereffective|p2a: Cobalion
|-damage|p2a: Cobalion|0 fnt
|faint|p2a: Cobalion
|
|upkeep
|
|t:|1666446323
|switch|p2a: Darmanitan|Darmanitan, M|76/100
|-damage|p2a: Darmanitan|51/100|[from] Stealth Rock
|turn|24
|
|t:|1666446324
|move|p2a: Darmanitan|Earthquake|p1a: Slowbro
|-supereffective|p1a: Slowbro
|-damage|p1a: Slowbro|22/100
|move|p1a: Slowbro|Slack Off|p1a: Slowbro
|-heal|p1a: Slowbro|72/100
|
|upkeep
|turn|25
|
|t:|1666446327
|move|p2a: Darmanitan|Earthquake|p1a: Slowbro
|-supereffective|p1a: Slowbro
|-damage|p1a: Slowbro|26/100
|move|p1a: Slowbro|Sludge Bomb|p2a: Darmanitan
|-damage|p2a: Darmanitan|0 fnt
|faint|p2a: Darmanitan
|
|upkeep
|
|t:|1666446331
|switch|p2a: Nihilego|Nihilego, shiny|100/100
|-damage|p2a: Nihilego|88/100|[from] Stealth Rock
|turn|26
|
|t:|1666446334
|switch|p1a: Hippowdon|Hippowdon, M|100/100
|-damage|p1a: Hippowdon|94/100|[from] Stealth Rock
|-weather|Sandstorm|[from] ability: Sand Stream|[of] p1a: Hippowdon
|move|p2a: Nihilego|Meteor Beam||[still]
|-prepare|p2a: Nihilego|Meteor Beam
|-boost|p2a: Nihilego|spa|1
|-enditem|p2a: Nihilego|Power Herb
|-anim|p2a: Nihilego|Meteor Beam|p1a: Hippowdon
|-resisted|p1a: Hippowdon
|-damage|p1a: Hippowdon|57/100
|
|-weather|Sandstorm|[upkeep]
|-heal|p1a: Hippowdon|63/100|[from] item: Leftovers
|upkeep
|turn|27
|
|t:|1666446337
|switch|p1a: Scizor|Scizor, M|100/100
|-damage|p1a: Scizor|88/100|[from] Stealth Rock
|move|p2a: Nihilego|Grass Knot|p1a: Scizor
|-resisted|p1a: Scizor
|-damage|p1a: Scizor|77/100
|-damage|p2a: Nihilego|72/100|[from] item: Rocky Helmet|[of] p1a: Scizor
|
|-weather|Sandstorm|[upkeep]
|upkeep
|turn|28
|
|t:|1666446341
|move|p1a: Scizor|Bullet Punch|p2a: Nihilego
|-supereffective|p2a: Nihilego
|-damage|p2a: Nihilego|0 fnt
|faint|p2a: Nihilego
|
|-weather|Sandstorm|[upkeep]
|upkeep
|
|t:|1666446344
|switch|p2a: Rotom|Rotom-Wash, shiny|56/100
|-damage|p2a: Rotom|44/100|[from] Stealth Rock
|turn|29
|
|t:|1666446349
|move|p2a: Rotom|Hydro Pump|p1a: Scizor
|-damage|p1a: Scizor|22/100
|move|p1a: Scizor|Roost|p1a: Scizor
|-heal|p1a: Scizor|72/100
|-singleturn|p1a: Scizor|move: Roost
|
|-weather|Sandstorm|[upkeep]
|-damage|p2a: Rotom|37/100|[from] Sandstorm
|-heal|p2a: Rotom|44/100|[from] item: Leftovers
|upkeep
|turn|30
|
|t:|1666446352
|move|p2a: Rotom|Hydro Pump|p1a: Scizor
|-damage|p1a: Scizor|25/100
|move|p1a: Scizor|Roost|p1a: Scizor
|-heal|p1a: Scizor|75/100
|-singleturn|p1a: Scizor|move: Roost
|
|-weather|none
|-heal|p2a: Rotom|50/100|[from] item: Leftovers
|upkeep
|turn|31
|
|t:|1666446355
|move|p2a: Rotom|Will-O-Wisp|p1a: Scizor|[miss]
|-miss|p2a: Rotom|p1a: Scizor
|move|p1a: Scizor|Roost|p1a: Scizor
|-heal|p1a: Scizor|100/100
|-singleturn|p1a: Scizor|move: Roost
|
|-heal|p2a: Rotom|56/100|[from] item: Leftovers
|upkeep
|turn|32
|
|t:|1666446357
|move|p2a: Rotom|Will-O-Wisp|p1a: Scizor
|-status|p1a: Scizor|brn
|move|p1a: Scizor|Knock Off|p2a: Rotom
|-damage|p2a: Rotom|43/100
|-enditem|p2a: Rotom|Leftovers|[from] move: Knock Off|[of] p1a: Scizor
|
|-damage|p1a: Scizor|94/100 brn|[from] brn
|upkeep
|turn|33
|
|t:|1666446361
|move|p2a: Rotom|Hydro Pump|p1a: Scizor
|-damage|p1a: Scizor|44/100 brn
|move|p1a: Scizor|U-turn|p2a: Rotom
|-damage|p2a: Rotom|29/100
|
|t:|1666446363
|switch|p1a: Hippowdon|Hippowdon, M|63/100|[from]move: U-turn
|-damage|p1a: Hippowdon|57/100|[from] Stealth Rock
|-weather|Sandstorm|[from] ability: Sand Stream|[of] p1a: Hippowdon
|
|-weather|Sandstorm|[upkeep]
|-damage|p2a: Rotom|23/100|[from] Sandstorm
|-heal|p1a: Hippowdon|63/100|[from] item: Leftovers
|upkeep
|turn|34
|
|t:|1666446367
|move|p2a: Rotom|Hydro Pump|p1a: Hippowdon
|-supereffective|p1a: Hippowdon
|-damage|p1a: Hippowdon|0 fnt
|faint|p1a: Hippowdon
|
|-weather|Sandstorm|[upkeep]
|-damage|p2a: Rotom|16/100|[from] Sandstorm
|upkeep
|
|t:|1666446369
|switch|p1a: Slowbro|Slowbro-Galar, F|59/100
|-damage|p1a: Slowbro|47/100|[from] Stealth Rock
|turn|35
|
|t:|1666446372
|move|p2a: Rotom|Hydro Pump|p1a: Slowbro
|-damage|p1a: Slowbro|0 fnt
|faint|p1a: Slowbro
|
|-weather|Sandstorm|[upkeep]
|-damage|p2a: Rotom|10/100|[from] Sandstorm
|upkeep
|
|t:|1666446374
|switch|p1a: Scizor|Scizor, M|44/100 brn
|-damage|p1a: Scizor|32/100 brn|[from] Stealth Rock
|turn|36
|
|t:|1666446377
|move|p2a: Rotom|Volt Switch|p1a: Scizor
|-damage|p1a: Scizor|2/100 brn
|
|t:|1666446379
|switch|p2a: Umbreon|Umbreon, M, shiny|100/100|[from]move: Volt Switch
|-damage|p2a: Umbreon|88/100|[from] Stealth Rock
|move|p1a: Scizor|Roost|p1a: Scizor
|-heal|p1a: Scizor|52/100 brn
|-singleturn|p1a: Scizor|move: Roost
|
|-weather|Sandstorm|[upkeep]
|-damage|p2a: Umbreon|82/100|[from] Sandstorm
|-heal|p2a: Umbreon|88/100|[from] item: Leftovers
|-damage|p1a: Scizor|46/100 brn|[from] brn
|upkeep
|turn|37
|
|t:|1666446381
|move|p2a: Umbreon|Foul Play|p1a: Scizor
|-damage|p1a: Scizor|10/100 brn
|-damage|p2a: Umbreon|72/100|[from] item: Rocky Helmet|[of] p1a: Scizor
|move|p1a: Scizor|Roost|p1a: Scizor
|-heal|p1a: Scizor|60/100 brn
|-singleturn|p1a: Scizor|move: Roost
|
|-weather|none
|-heal|p2a: Umbreon|78/100|[from] item: Leftovers
|-damage|p1a: Scizor|54/100 brn|[from] brn
|upkeep
|turn|38
|
|t:|1666446385
|move|p2a: Umbreon|Wish|p2a: Umbreon
|move|p1a: Scizor|Roost|p1a: Scizor
|-heal|p1a: Scizor|100/100 brn
|-singleturn|p1a: Scizor|move: Roost
|
|-heal|p2a: Umbreon|84/100|[from] item: Leftovers
|-damage|p1a: Scizor|94/100 brn|[from] brn
|upkeep
|turn|39
|
|t:|1666446387
|move|p2a: Umbreon|Foul Play|p1a: Scizor
|-damage|p1a: Scizor|63/100 brn
|-damage|p2a: Umbreon|67/100|[from] item: Rocky Helmet|[of] p1a: Scizor
|move|p1a: Scizor|Knock Off|p2a: Umbreon
|-resisted|p2a: Umbreon
|-damage|p2a: Umbreon|62/100
|-enditem|p2a: Umbreon|Leftovers|[from] move: Knock Off|[of] p1a: Scizor
|
|-heal|p2a: Umbreon|100/100|[from] move: Wish|[wisher] Umbreon
|-damage|p1a: Scizor|57/100 brn|[from] brn
|upkeep
|turn|40
|
|t:|1666446391
|move|p2a: Umbreon|Foul Play|p1a: Scizor
|-damage|p1a: Scizor|23/100 brn
|-damage|p2a: Umbreon|84/100|[from] item: Rocky Helmet|[of] p1a: Scizor
|move|p1a: Scizor|Roost|p1a: Scizor
|-heal|p1a: Scizor|73/100 brn
|-singleturn|p1a: Scizor|move: Roost
|
|-damage|p1a: Scizor|67/100 brn|[from] brn
|upkeep
|turn|41
|inactive|ChloraSucks has 10 seconds left.
|
|t:|1666446397
|move|p2a: Umbreon|Foul Play|p1a: Scizor
|-damage|p1a: Scizor|34/100 brn
|-damage|p2a: Umbreon|68/100|[from] item: Rocky Helmet|[of] p1a: Scizor
|move|p1a: Scizor|U-turn|p2a: Umbreon
|-supereffective|p2a: Umbreon
|-damage|p2a: Umbreon|43/100
|
|-damage|p1a: Scizor|28/100 brn|[from] brn
|upkeep
|turn|42
|
|t:|1666446399
|move|p2a: Umbreon|Wish|p2a: Umbreon
|move|p1a: Scizor|Roost|p1a: Scizor
|-heal|p1a: Scizor|78/100 brn
|-singleturn|p1a: Scizor|move: Roost
|
|-damage|p1a: Scizor|72/100 brn|[from] brn
|upkeep
|turn|43
|
|t:|1666446404
|move|p2a: Umbreon|Foul Play|p1a: Scizor
|-damage|p1a: Scizor|38/100 brn
|-damage|p2a: Umbreon|27/100|[from] item: Rocky Helmet|[of] p1a: Scizor
|move|p1a: Scizor|U-turn|p2a: Umbreon
|-supereffective|p2a: Umbreon
|-damage|p2a: Umbreon|4/100
|
|-heal|p2a: Umbreon|54/100|[from] move: Wish|[wisher] Umbreon
|-damage|p1a: Scizor|32/100 brn|[from] brn
|upkeep
|turn|44
|
|t:|1666446408
|move|p2a: Umbreon|Wish|p2a: Umbreon
|move|p1a: Scizor|U-turn|p2a: Umbreon
|-supereffective|p2a: Umbreon
|-damage|p2a: Umbreon|29/100
|
|-damage|p1a: Scizor|26/100 brn|[from] brn
|upkeep
|turn|45
|
|t:|1666446410
|move|p2a: Umbreon|Protect|p2a: Umbreon
|-singleturn|p2a: Umbreon|Protect
|move|p1a: Scizor|Roost|p1a: Scizor
|-heal|p1a: Scizor|76/100 brn
|-singleturn|p1a: Scizor|move: Roost
|
|-heal|p2a: Umbreon|79/100|[from] move: Wish|[wisher] Umbreon
|-damage|p1a: Scizor|70/100 brn|[from] brn
|upkeep
|turn|46
|j|%pokemonisfun
|inactive|Milonna has 10 seconds left.
|
|t:|1666446416
|move|p2a: Umbreon|Wish|p2a: Umbreon
|move|p1a: Scizor|Roost|p1a: Scizor
|-heal|p1a: Scizor|100/100 brn
|-singleturn|p1a: Scizor|move: Roost
|
|-damage|p1a: Scizor|94/100 brn|[from] brn
|upkeep
|turn|47
|
|t:|1666446419
|move|p2a: Umbreon|Foul Play|p1a: Scizor
|-damage|p1a: Scizor|61/100 brn
|-damage|p2a: Umbreon|63/100|[from] item: Rocky Helmet|[of] p1a: Scizor
|move|p1a: Scizor|U-turn|p2a: Umbreon
|-supereffective|p2a: Umbreon
|-damage|p2a: Umbreon|40/100
|
|-heal|p2a: Umbreon|90/100|[from] move: Wish|[wisher] Umbreon
|-damage|p1a: Scizor|55/100 brn|[from] brn
|upkeep
|turn|48
|
|t:|1666446423
|move|p2a: Umbreon|Wish|p2a: Umbreon
|move|p1a: Scizor|U-turn|p2a: Umbreon
|-supereffective|p2a: Umbreon
|-damage|p2a: Umbreon|67/100
|
|-damage|p1a: Scizor|49/100 brn|[from] brn
|upkeep
|turn|49
|
|t:|1666446425
|move|p2a: Umbreon|Foul Play|p1a: Scizor
|-damage|p1a: Scizor|14/100 brn
|-damage|p2a: Umbreon|51/100|[from] item: Rocky Helmet|[of] p1a: Scizor
|move|p1a: Scizor|Roost|p1a: Scizor
|-heal|p1a: Scizor|64/100 brn
|-singleturn|p1a: Scizor|move: Roost
|
|-heal|p2a: Umbreon|100/100|[from] move: Wish|[wisher] Umbreon
|-damage|p1a: Scizor|57/100 brn|[from] brn
|upkeep
|turn|50
|
|t:|1666446430
|move|p2a: Umbreon|Foul Play|p1a: Scizor
|-damage|p1a: Scizor|27/100 brn
|-damage|p2a: Umbreon|84/100|[from] item: Rocky Helmet|[of] p1a: Scizor
|move|p1a: Scizor|U-turn|p2a: Umbreon
|-supereffective|p2a: Umbreon
|-damage|p2a: Umbreon|60/100
|
|-damage|p1a: Scizor|21/100 brn|[from] brn
|upkeep
|turn|51
|
|t:|1666446433
|move|p2a: Umbreon|Wish|p2a: Umbreon
|move|p1a: Scizor|U-turn|p2a: Umbreon
|-supereffective|p2a: Umbreon
|-damage|p2a: Umbreon|37/100
|
|-damage|p1a: Scizor|14/100 brn|[from] brn
|upkeep
|turn|52
|inactive|Milonna has 10 seconds left.
|c|☆Milonna|bro just click foul play lol
|inactive|Milonna has 5 seconds left.
|
|t:|1666446443
|move|p2a: Umbreon|Foul Play|p1a: Scizor
|-damage|p1a: Scizor|0 fnt
|-damage|p2a: Umbreon|20/100|[from] item: Rocky Helmet|[of] p1a: Scizor
|faint|p1a: Scizor
|
|win|ChloraSucks
|inactive|Milonna has 10 seconds left this turn.
|n|☆Milonna|milonna
|n|☆ChloraSucks|chlorasucks
|n| pokemonisfun|pokemonisfun
