|j|☆The SD sweep
|j|☆Tempest brute
|t:|1666659296
|gametype|singles
|player|p1|The SD sweep|karen|1639
|player|p2|Tempest brute|102|1615
|teamsize|p1|6
|teamsize|p2|6
|gen|8
|tier|[Gen 8] UU
|rated|
|rule|Sleep Clause Mod: Limit one foe put to sleep
|rule|Species Clause: Limit one of each Pokémon
|rule|OHKO Clause: OHKO moves are banned
|rule|Evasion Items Clause: Evasion items are banned
|rule|Evasion Moves Clause: Evasion moves are banned
|rule|Endless Battle Clause: Forcing endless battles is banned
|rule|HP Percentage Mod: HP is shown in percentages
|rule|Dynamax Clause: You cannot dynamax
|clearpoke
|poke|p1|Scizor, F|
|poke|p1|Zarude-Dada|
|poke|p1|Keldeo-Resolute|
|poke|p1|Hippowdon, F|
|poke|p1|Slowking, M|
|poke|p1|Primarina, F|
|poke|p2|Skarmory, F|
|poke|p2|Hydreigon, M|
|poke|p2|Cresselia, F|
|poke|p2|Primarina, F|
|poke|p2|Keldeo-Resolute|
|poke|p2|Porygon2|
|teampreview
|inactive|Battle timer is ON: inactive players will automatically lose when time's up. (requested by The SD sweep)
|
|t:|1666659323
|start
|switch|p1a: Zarude|Zarude-Dada|100/100
|switch|p2a: Keldeo|Keldeo-Resolute|100/100
|turn|1
|
|t:|1666659344
|switch|p2a: Skarmory|Skarmory, F|100/100
|move|p1a: Zarude|U-turn|p2a: Skarmory
|-resisted|p2a: Skarmory
|-damage|p2a: Skarmory|97/100
|-damage|p1a: Zarude|84/100|[from] item: Rocky Helmet|[of] p2a: Skarmory
|
|t:|1666659348
|switch|p1a: Primarina|Primarina, F, shiny|100/100|[from]move: U-turn
|
|upkeep
|turn|2
|
|t:|1666659352
|switch|p2a: Porygon2|Porygon2|100/100
|-ability|p2a: Porygon2|Torrent|[from] ability: Trace|[of] p1a: Primarina
|move|p1a: Primarina|Moonblast|p2a: Porygon2
|-damage|p2a: Porygon2|66/100
|
|upkeep
|turn|3
|
|t:|1666659359
|move|p1a: Primarina|Moonblast|p2a: Porygon2
|-damage|p2a: Porygon2|26/100
|move|p2a: Porygon2|Recover|p2a: Porygon2
|-heal|p2a: Porygon2|76/100
|
|upkeep
|turn|4
|
|t:|1666659365
|switch|p1a: Scizor|Scizor, F|100/100
|move|p2a: Porygon2|Discharge|p1a: Scizor
|-damage|p1a: Scizor|75/100
|-status|p1a: Scizor|par
|
|upkeep
|turn|5
|
|t:|1666659370
|switch|p1a: Primarina|Primarina, F, shiny|100/100
|move|p2a: Porygon2|Substitute|p2a: Porygon2
|-start|p2a: Porygon2|Substitute
|-damage|p2a: Porygon2|51/100
|
|upkeep
|turn|6
|
|t:|1666659375
|switch|p1a: Hippowdon|Hippowdon, F|100/100
|-weather|Sandstorm|[from] ability: Sand Stream|[of] p1a: Hippowdon
|move|p2a: Porygon2|Recover|p2a: Porygon2
|-heal|p2a: Porygon2|100/100
|
|-weather|Sandstorm|[upkeep]
|-damage|p2a: Porygon2|94/100|[from] Sandstorm
|upkeep
|turn|7
|
|t:|1666659377
|move|p2a: Porygon2|Ice Beam|p1a: Hippowdon
|-supereffective|p1a: Hippowdon
|-damage|p1a: Hippowdon|63/100
|move|p1a: Hippowdon|Earthquake|p2a: Porygon2
|-activate|p2a: Porygon2|move: Substitute|[damage]
|
|-weather|Sandstorm|[upkeep]
|-damage|p2a: Porygon2|88/100|[from] Sandstorm
|-heal|p1a: Hippowdon|69/100|[from] item: Leftovers
|upkeep
|turn|8
|
|t:|1666659382
|move|p2a: Porygon2|Ice Beam|p1a: Hippowdon
|-supereffective|p1a: Hippowdon
|-damage|p1a: Hippowdon|35/100
|move|p1a: Hippowdon|Earthquake|p2a: Porygon2
|-crit|p2a: Porygon2
|-end|p2a: Porygon2|Substitute
|
|-weather|Sandstorm|[upkeep]
|-damage|p2a: Porygon2|82/100|[from] Sandstorm
|-heal|p1a: Hippowdon|41/100|[from] item: Leftovers
|upkeep
|turn|9
|
|t:|1666659387
|move|p2a: Porygon2|Ice Beam|p1a: Hippowdon
|-supereffective|p1a: Hippowdon
|-crit|p1a: Hippowdon
|-damage|p1a: Hippowdon|0 fnt
|faint|p1a: Hippowdon
|
|-weather|Sandstorm|[upkeep]
|-damage|p2a: Porygon2|76/100|[from] Sandstorm
|upkeep
|
|t:|1666659395
|switch|p1a: Keldeo|Keldeo-Resolute|100/100
|turn|10
|
|t:|1666659398
|switch|p1a: Primarina|Primarina, F, shiny|100/100
|switch|p2a: Primarina|Primarina, F|100/100
|
|-weather|none
|upkeep
|turn|11
|
|t:|1666659405
|switch|p2a: Cresselia|Cresselia, F|100/100
|move|p1a: Primarina|Surf|p2a: Cresselia
|-damage|p2a: Cresselia|60/100
|
|-heal|p2a: Cresselia|66/100|[from] item: Leftovers
|upkeep
|turn|12
|
|t:|1666659410
|move|p1a: Primarina|Surf|p2a: Cresselia
|-damage|p2a: Cresselia|24/100
|move|p2a: Cresselia|Calm Mind|p2a: Cresselia
|-boost|p2a: Cresselia|spa|1
|-boost|p2a: Cresselia|spd|1
|
|-heal|p2a: Cresselia|30/100|[from] item: Leftovers
|upkeep
|turn|13
|
|t:|1666659419
|move|p1a: Primarina|Surf|p2a: Cresselia
|-damage|p2a: Cresselia|0 fnt
|faint|p2a: Cresselia
|
|upkeep
|
|t:|1666659424
|switch|p2a: Porygon2|Porygon2|76/100
|-ability|p2a: Porygon2|Torrent|[from] ability: Trace|[of] p1a: Primarina
|turn|14
|
|t:|1666659428
|switch|p1a: Zarude|Zarude-Dada|84/100
|move|p2a: Porygon2|Substitute|p2a: Porygon2
|-start|p2a: Porygon2|Substitute
|-damage|p2a: Porygon2|51/100
|
|upkeep
|turn|15
|
|t:|1666659433
|move|p1a: Zarude|Power Whip|p2a: Porygon2
|-end|p2a: Porygon2|Substitute
|move|p2a: Porygon2|Recover|p2a: Porygon2
|-heal|p2a: Porygon2|100/100
|
|upkeep
|turn|16
|
|t:|1666659438
|move|p1a: Zarude|Power Whip|p2a: Porygon2
|-damage|p2a: Porygon2|64/100
|move|p2a: Porygon2|Discharge|p1a: Zarude
|-resisted|p1a: Zarude
|-damage|p1a: Zarude|75/100
|-status|p1a: Zarude|par
|
|upkeep
|turn|17
|
|t:|1666659444
|move|p1a: Zarude|Power Whip|p2a: Porygon2
|-damage|p2a: Porygon2|25/100
|move|p2a: Porygon2|Substitute|p2a: Porygon2
|-fail|p2a: Porygon2|move: Substitute|[weak]
|
|upkeep
|turn|18
|
|t:|1666659448
|switch|p2a: Skarmory|Skarmory, F|97/100
|cant|p1a: Zarude|par
|
|upkeep
|turn|19
|
|t:|1666659455
|switch|p1a: Primarina|Primarina, F, shiny|100/100
|move|p2a: Skarmory|Spikes|p1a: Primarina
|-sidestart|p1: The SD sweep|Spikes
|
|upkeep
|turn|20
|
|t:|1666659460
|switch|p2a: Primarina|Primarina, F|100/100
|move|p1a: Primarina|Moonblast|p2a: Primarina
|-crit|p2a: Primarina
|-damage|p2a: Primarina|22/100
|
|-heal|p2a: Primarina|28/100|[from] item: Leftovers
|upkeep
|turn|21
|
|t:|1666659467
|switch|p2a: Porygon2|Porygon2|25/100
|-ability|p2a: Porygon2|Torrent|[from] ability: Trace|[of] p1a: Primarina
|move|p1a: Primarina|Moonblast|p2a: Porygon2
|-damage|p2a: Porygon2|0 fnt
|faint|p2a: Porygon2
|
|upkeep
|
|t:|1666659468
|switch|p2a: Skarmory|Skarmory, F|97/100
|turn|22
|
|t:|1666659470
|move|p1a: Primarina|Moonblast|p2a: Skarmory
|-resisted|p2a: Skarmory
|-damage|p2a: Skarmory|40/100
|move|p2a: Skarmory|Spikes|p1a: Primarina
|-sidestart|p1: The SD sweep|Spikes
|
|upkeep
|turn|23
|
|t:|1666659473
|move|p1a: Primarina|Moonblast|p2a: Skarmory
|-resisted|p2a: Skarmory
|-damage|p2a: Skarmory|0 fnt
|faint|p2a: Skarmory
|
|upkeep
|-message|Tempest brute forfeited.
|
|win|The SD sweep
|raw|The SD sweep's rating: 1639 &rarr; <strong>1658</strong><br />(+19 for winning)
|raw|Tempest brute's rating: 1615 &rarr; <strong>1596</strong><br />(-19 for losing)
|l|☆Tempest brute
||Ladder isn't responding, score probably updated but might not have (Request timeout).
