|j|☆UULT83h dog nga
|j|☆Kla0Trixx
|t:|1622921570
|gametype|singles
|player|p1|UULT83h dog nga|2|1596
|player|p2|Kla0Trixx|169|1509
|teamsize|p1|6
|teamsize|p2|6
|gen|8
|tier|[Gen 8] UU
|rated|
|rule|Sleep Clause Mod: Limit one foe put to sleep
|rule|Species Clause: Limit one of each Pokémon
|rule|OHKO Clause: OHKO moves are banned
|rule|Evasion Moves Clause: Evasion moves are banned
|rule|Endless Battle Clause: Forcing endless battles is banned
|rule|HP Percentage Mod: HP is shown in percentages
|rule|Dynamax Clause: You cannot dynamax
|clearpoke
|poke|p1|Jellicent, F|
|poke|p1|Slowbro-Galar, F|
|poke|p1|Buzzwole|
|poke|p1|Chansey, F|
|poke|p1|Salamence, M|
|poke|p1|Rhyperior, M|
|poke|p2|Amoonguss, M|
|poke|p2|Rotom-Heat|
|poke|p2|Primarina, M|
|poke|p2|Jirachi|
|poke|p2|Mamoswine, F|
|poke|p2|Obstagoon, F|
|teampreview
|
|t:|1622921582
|start
|switch|p1a: Buzzwole|Buzzwole|100/100
|switch|p2a: Primarina|Primarina, M|100/100
|turn|1
|j| turtledoggo1
|
|t:|1622921594
|switch|p1a: Jellicent|Jellicent, F|100/100
|move|p2a: Primarina|Moonblast|p1a: Jellicent
|-crit|p1a: Jellicent
|-damage|p1a: Jellicent|29/100
|
|upkeep
|turn|2
|
|t:|1622921598
|move|p1a: Jellicent|Recover|p1a: Jellicent
|-heal|p1a: Jellicent|79/100
|move|p2a: Primarina|Moonblast|p1a: Jellicent
|-damage|p1a: Jellicent|31/100
|
|upkeep
|turn|3
|
|t:|1622921605
|switch|p1a: Chansey|Chansey, F|100/100
|switch|p2a: Obstagoon|Obstagoon, F|100/100
|
|-status|p2a: Obstagoon|brn|[from] item: Flame Orb
|upkeep
|turn|4
|
|t:|1622921617
|switch|p1a: Salamence|Salamence, M|100/100
|-ability|p1a: Salamence|Intimidate|boost
|-unboost|p2a: Obstagoon|atk|1
|move|p2a: Obstagoon|Switcheroo|p1a: Salamence
|-activate|p2a: Obstagoon|move: Trick|[of] p1a: Salamence
|-item|p1a: Salamence|Flame Orb|[from] move: Switcheroo
|-item|p2a: Obstagoon|Heavy-Duty Boots|[from] move: Switcheroo
|
|-damage|p2a: Obstagoon|94/100 brn|[from] brn
|-status|p1a: Salamence|brn|[from] item: Flame Orb
|upkeep
|turn|5
|
|t:|1622921627
|switch|p2a: Primarina|Primarina, M|100/100
|move|p1a: Salamence|Hurricane|p2a: Primarina|[miss]
|-miss|p1a: Salamence|p2a: Primarina
|
|-damage|p1a: Salamence|94/100 brn|[from] brn
|upkeep
|turn|6
|
|t:|1622921636
|switch|p1a: Slowbro|Slowbro-Galar, F|100/100
|move|p2a: Primarina|Flip Turn|p1a: Slowbro
|-damage|p1a: Slowbro|91/100
|
|t:|1622921642
|switch|p2a: Obstagoon|Obstagoon, F|94/100 brn|[from]move: Flip Turn
|
|-damage|p2a: Obstagoon|88/100 brn|[from] brn
|upkeep
|turn|7
|j| Saenai Heroine♡
|
|t:|1622921653
|switch|p1a: Jellicent|Jellicent, F|31/100
|move|p2a: Obstagoon|Facade|p1a: Jellicent
|-immune|p1a: Jellicent
|
|-damage|p2a: Obstagoon|82/100 brn|[from] brn
|upkeep
|turn|8
|
|t:|1622921657
|switch|p1a: Buzzwole|Buzzwole|100/100
|move|p2a: Obstagoon|Knock Off|p1a: Buzzwole
|-resisted|p1a: Buzzwole
|-damage|p1a: Buzzwole|81/100
|-damage|p2a: Obstagoon|66/100 brn|[from] item: Rocky Helmet|[of] p1a: Buzzwole
|-enditem|p1a: Buzzwole|Rocky Helmet|[from] move: Knock Off|[of] p2a: Obstagoon
|
|-damage|p2a: Obstagoon|60/100 brn|[from] brn
|upkeep
|turn|9
|
|t:|1622921664
|switch|p2a: Rotom|Rotom-Heat|100/100
|move|p1a: Buzzwole|Roost|p1a: Buzzwole
|-heal|p1a: Buzzwole|100/100
|-singleturn|p1a: Buzzwole|move: Roost
|
|upkeep
|turn|10
|j| kitten㋡milk
|
|t:|1622921674
|switch|p1a: Rhyperior|Rhyperior, M|100/100
|switch|p2a: Primarina|Primarina, M|100/100
|
|upkeep
|turn|11
|
|t:|1622921681
|switch|p1a: Chansey|Chansey, F|100/100
|move|p2a: Primarina|Moonblast|p1a: Chansey
|-damage|p1a: Chansey|74/100
|
|upkeep
|turn|12
|
|t:|1622921690
|switch|p2a: Jirachi|Jirachi|100/100
|switch|p1a: Slowbro|Slowbro-Galar, F|100/100
|
|upkeep
|turn|13
|
|t:|1622921700
|move|p2a: Jirachi|Stealth Rock|p1a: Slowbro
|-sidestart|p1: UULT83h dog nga|move: Stealth Rock
|move|p1a: Slowbro|Scald|p2a: Jirachi
|-damage|p2a: Jirachi|90/100
|
|-heal|p2a: Jirachi|96/100|[from] item: Leftovers
|upkeep
|turn|14
|
|t:|1622921705
|move|p2a: Jirachi|Wish|p2a: Jirachi
|move|p1a: Slowbro|Scald|p2a: Jirachi
|-damage|p2a: Jirachi|85/100
|
|-heal|p2a: Jirachi|92/100|[from] item: Leftovers
|upkeep
|turn|15
|
|t:|1622921714
|switch|p2a: Obstagoon|Obstagoon, F|60/100 brn
|switch|p1a: Buzzwole|Buzzwole|100/100
|-damage|p1a: Buzzwole|88/100|[from] Stealth Rock
|
|-heal|p2a: Obstagoon|100/100 brn|[from] move: Wish|[wisher] Jirachi
|-damage|p2a: Obstagoon|94/100 brn|[from] brn
|upkeep
|turn|16
|
|t:|1622921726
|switch|p2a: Primarina|Primarina, M|100/100
|move|p1a: Buzzwole|Thunder Punch|p2a: Primarina
|-supereffective|p2a: Primarina
|-damage|p2a: Primarina|23/100
|
|upkeep
|turn|17
|
|t:|1622921734
|switch|p1a: Jellicent|Jellicent, F|31/100
|move|p2a: Primarina|Moonblast|p1a: Jellicent
|-damage|p1a: Jellicent|0 fnt
|faint|p1a: Jellicent
|
|upkeep
|c| kitten㋡milk|that's interesting
|j| zeta2048
|
|t:|1622921750
|switch|p1a: Salamence|Salamence, M|94/100 brn
|-damage|p1a: Salamence|69/100 brn|[from] Stealth Rock
|-ability|p1a: Salamence|Intimidate|boost
|-unboost|p2a: Primarina|atk|1
|turn|18
|
|t:|1622921756
|switch|p2a: Jirachi|Jirachi|92/100
|move|p1a: Salamence|Defog|p2a: Jirachi
|-unboost|p2a: Jirachi|evasion|1
|-sideend|p1: UULT83h dog nga|Stealth Rock|[from] move: Defog|[of] p1a: Salamence
|
|-heal|p2a: Jirachi|98/100|[from] item: Leftovers
|-damage|p1a: Salamence|63/100 brn|[from] brn
|upkeep
|turn|19
|
|t:|1622921761
|switch|p1a: Rhyperior|Rhyperior, M|100/100
|move|p2a: Jirachi|Wish|p2a: Jirachi
|
|-heal|p2a: Jirachi|100/100|[from] item: Leftovers
|upkeep
|turn|20
|
|t:|1622921774
|move|p2a: Jirachi|Stealth Rock|p1a: Rhyperior
|-sidestart|p1: UULT83h dog nga|move: Stealth Rock
|move|p1a: Rhyperior|Stealth Rock|p2a: Jirachi
|-sidestart|p2: Kla0Trixx|move: Stealth Rock
|
|upkeep
|turn|21
|
|t:|1622921779
|switch|p2a: Amoonguss|Amoonguss, M|100/100
|-damage|p2a: Amoonguss|88/100|[from] Stealth Rock
|move|p1a: Rhyperior|Earthquake|p2a: Amoonguss
|-damage|p2a: Amoonguss|55/100
|
|-heal|p2a: Amoonguss|61/100|[from] item: Black Sludge
|upkeep
|turn|22
|
|t:|1622921783
|switch|p1a: Slowbro|Slowbro-Galar, F|100/100
|-damage|p1a: Slowbro|88/100|[from] Stealth Rock
|move|p2a: Amoonguss|Giga Drain|p1a: Slowbro
|-resisted|p1a: Slowbro
|-damage|p1a: Slowbro|75/100
|-heal|p2a: Amoonguss|67/100|[from] drain|[of] p1a: Slowbro
|
|-heal|p2a: Amoonguss|73/100|[from] item: Black Sludge
|upkeep
|turn|23
|j| UULT83H Rinnaldo
|
|t:|1622921788
|switch|p2a: Jirachi|Jirachi|100/100
|-damage|p2a: Jirachi|94/100|[from] Stealth Rock
|move|p1a: Slowbro|Calm Mind|p1a: Slowbro
|-boost|p1a: Slowbro|spa|1
|-boost|p1a: Slowbro|spd|1
|
|-heal|p2a: Jirachi|100/100|[from] item: Leftovers
|upkeep
|turn|24
|
|t:|1622921791
|move|p2a: Jirachi|Iron Head|p1a: Slowbro
|-damage|p1a: Slowbro|58/100
|cant|p1a: Slowbro|flinch
|
|upkeep
|turn|25
|
|t:|1622921795
|move|p2a: Jirachi|Iron Head|p1a: Slowbro
|-damage|p1a: Slowbro|42/100
|cant|p1a: Slowbro|flinch
|
|upkeep
|turn|26
|
|t:|1622921799
|move|p2a: Jirachi|Iron Head|p1a: Slowbro
|-damage|p1a: Slowbro|23/100
|cant|p1a: Slowbro|flinch
|
|upkeep
|turn|27
|
|t:|1622921802
|switch|p1a: Buzzwole|Buzzwole|88/100
|-damage|p1a: Buzzwole|76/100|[from] Stealth Rock
|move|p2a: Jirachi|Iron Head|p1a: Buzzwole
|-damage|p1a: Buzzwole|56/100
|
|upkeep
|turn|28
|
|t:|1622921808
|move|p2a: Jirachi|Iron Head|p1a: Buzzwole
|-damage|p1a: Buzzwole|37/100
|cant|p1a: Buzzwole|flinch
|
|upkeep
|turn|29
|
|t:|1622921811
|move|p2a: Jirachi|Iron Head|p1a: Buzzwole
|-damage|p1a: Buzzwole|19/100
|cant|p1a: Buzzwole|flinch
|
|upkeep
|turn|30
|
|t:|1622921815
|move|p2a: Jirachi|Iron Head|p1a: Buzzwole
|-damage|p1a: Buzzwole|0 fnt
|faint|p1a: Buzzwole
|
|upkeep
|c|☆UULT83h dog nga|i see
|
|t:|1622921821
|switch|p1a: Slowbro|Slowbro-Galar, F|56/100
|-damage|p1a: Slowbro|43/100|[from] Stealth Rock
|turn|31
|
|t:|1622921824
|move|p2a: Jirachi|Iron Head|p1a: Slowbro
|-damage|p1a: Slowbro|26/100
|cant|p1a: Slowbro|flinch
|
|upkeep
|turn|32
|
|t:|1622921827
|move|p2a: Jirachi|Iron Head|p1a: Slowbro
|-damage|p1a: Slowbro|8/100
|cant|p1a: Slowbro|flinch
|
|upkeep
|turn|33
|c|☆UULT83h dog nga|gg lol
|inactive|Battle timer is ON: inactive players will automatically lose when time's up. (requested by Kla0Trixx)
|-message|UULT83h dog nga forfeited.
|
|win|Kla0Trixx
|raw|UULT83h dog nga's rating: 1613 &rarr; <strong>1587</strong><br />(-26 for losing)
|raw|Kla0Trixx's rating: 1509 &rarr; <strong>1535</strong><br />(+26 for winning)
|l|☆UULT83h dog nga
|l|☆Kla0Trixx
|l| Saenai Heroine♡
|j|+Shiba
|l|+Shiba
