|j|☆ramoloST
|j|☆pif
|t:|1661655137
|gametype|singles
|player|p1|ramoloST|#uutrio2ladder|1499
|player|p2|pif|#uutrio2ladder|1790
|teamsize|p1|6
|teamsize|p2|6
|gen|8
|tier|[Gen 8] UU
|rated|
|rule|Sleep Clause Mod: Limit one foe put to sleep
|rule|Species Clause: Limit one of each Pokémon
|rule|OHKO Clause: OHKO moves are banned
|rule|Evasion Items Clause: Evasion items are banned
|rule|Evasion Moves Clause: Evasion moves are banned
|rule|Endless Battle Clause: Forcing endless battles is banned
|rule|HP Percentage Mod: HP is shown in percentages
|rule|Dynamax Clause: You cannot dynamax
|clearpoke
|poke|p1|Krookodile, F|
|poke|p1|Gyarados, M|
|poke|p1|Necrozma|
|poke|p1|Cloyster, F|
|poke|p1|Celesteela|
|poke|p1|Grimmsnarl, M|
|poke|p2|Necrozma|
|poke|p2|Krookodile, F|
|poke|p2|Rotom-Wash|
|poke|p2|Registeel|
|poke|p2|Tapu Bulu|
|poke|p2|Salamence, M|
|teampreview
|
|t:|1661655168
|start
|switch|p1a: Krookodile|Krookodile, F|100/100
|switch|p2a: Tapu Bulu|Tapu Bulu|100/100
|-fieldstart|move: Grassy Terrain|[from] ability: Grassy Surge|[of] p2a: Tapu Bulu
|-ability|p1a: Krookodile|Intimidate|boost
|-unboost|p2a: Tapu Bulu|atk|1
|turn|1
|
|t:|1661655179
|move|p2a: Tapu Bulu|Horn Leech|p1a: Krookodile
|-supereffective|p1a: Krookodile
|-damage|p1a: Krookodile|7/100
|move|p1a: Krookodile|Stealth Rock|p2a: Tapu Bulu
|-sidestart|p2: pif|move: Stealth Rock
|
|-heal|p1a: Krookodile|13/100|[from] Grassy Terrain
|upkeep
|turn|2
|j| ca va barder
|c| ca va barder|can i invite random people
|c| ca va barder|in this game
|c|☆pif|yes
|c| ca va barder|to act like its a big game
|c| ca va barder|and we fake its UU slam
|c|☆pif|ok
|l| ca va barder
|j| ca va barder
|j| Johntrell Jingle
|j| spikes skarm
|
|t:|1661655285
|move|p2a: Tapu Bulu|Horn Leech|p1a: Krookodile
|-supereffective|p1a: Krookodile
|-damage|p1a: Krookodile|0 fnt
|faint|p1a: Krookodile
|
|upkeep
|
|t:|1661655296
|switch|p1a: Celesteela|Celesteela|100/100
|turn|3
|
|t:|1661655299
|switch|p2a: Rotom|Rotom-Wash|100/100
|-damage|p2a: Rotom|88/100|[from] Stealth Rock
|move|p1a: Celesteela|Autotomize|p1a: Celesteela
|-boost|p1a: Celesteela|spe|2
|-start|p1a: Celesteela|Autotomize
|
|-heal|p2a: Rotom|94/100|[from] item: Leftovers
|upkeep
|turn|4
|
|t:|1661655302
|move|p1a: Celesteela|Meteor Beam||[still]
|-prepare|p1a: Celesteela|Meteor Beam
|-boost|p1a: Celesteela|spa|1
|-enditem|p1a: Celesteela|Power Herb
|-anim|p1a: Celesteela|Meteor Beam|p2a: Rotom
|-damage|p2a: Rotom|28/100
|move|p2a: Rotom|Pain Split|p1a: Celesteela
|-sethp|p1a: Celesteela|62/100|[from] move: Pain Split|[silent]
|-sethp|p2a: Rotom|73/100|[from] move: Pain Split
|
|-heal|p2a: Rotom|79/100|[from] item: Leftovers
|upkeep
|turn|5
|
|t:|1661655339
|move|p1a: Celesteela|Air Slash|p2a: Rotom
|-resisted|p2a: Rotom
|-damage|p2a: Rotom|50/100
|move|p2a: Rotom|Volt Switch|p1a: Celesteela
|-supereffective|p1a: Celesteela
|-damage|p1a: Celesteela|15/100
|j|+Goro Yagami
|
|t:|1661655361
|switch|p2a: Krookodile|Krookodile, F|100/100|[from]move: Volt Switch
|-damage|p2a: Krookodile|94/100|[from] Stealth Rock
|-ability|p2a: Krookodile|Intimidate|boost
|-unboost|p1a: Celesteela|atk|1
|
|-heal|p2a: Krookodile|100/100|[from] Grassy Terrain
|-fieldend|move: Grassy Terrain
|upkeep
|turn|6
|
|t:|1661655366
|move|p1a: Celesteela|Air Slash|p2a: Krookodile
|-damage|p2a: Krookodile|29/100
|move|p2a: Krookodile|Knock Off|p1a: Celesteela
|-damage|p1a: Celesteela|0 fnt
|faint|p1a: Celesteela
|
|-heal|p2a: Krookodile|35/100|[from] item: Leftovers
|upkeep
|
|t:|1661655415
|switch|p1a: Cloyster|Cloyster, F|100/100
|turn|7
|
|t:|1661655435
|move|p2a: Krookodile|Taunt|p1a: Cloyster
|-start|p1a: Cloyster|move: Taunt
|move|p1a: Cloyster|Hydro Pump|p2a: Krookodile
|-supereffective|p2a: Krookodile
|-damage|p2a: Krookodile|0 fnt
|faint|p2a: Krookodile
|
|upkeep
|
|t:|1661655448
|switch|p2a: Registeel|Registeel|100/100
|-damage|p2a: Registeel|94/100|[from] Stealth Rock
|turn|8
|l| spikes skarm
|inactive|Battle timer is ON: inactive players will automatically lose when time's up. (requested by pif)
|
|t:|1661655492
|switch|p1a: Necrozma|Necrozma, shiny|100/100
|move|p2a: Registeel|Iron Defense|p2a: Registeel
|-boost|p2a: Registeel|def|2
|
|upkeep
|turn|9
|
|t:|1661655496
|move|p1a: Necrozma|Heat Wave|p2a: Registeel
|-supereffective|p2a: Registeel
|-damage|p2a: Registeel|58/100
|move|p2a: Registeel|Amnesia|p2a: Registeel
|-boost|p2a: Registeel|spd|2
|
|upkeep
|turn|10
|
|t:|1661655507
|move|p1a: Necrozma|Heat Wave|p2a: Registeel
|-supereffective|p2a: Registeel
|-damage|p2a: Registeel|39/100
|move|p2a: Registeel|Iron Defense|p2a: Registeel
|-boost|p2a: Registeel|def|2
|
|upkeep
|turn|11
|
|t:|1661655511
|move|p1a: Necrozma|Heat Wave|p2a: Registeel
|-supereffective|p2a: Registeel
|-damage|p2a: Registeel|21/100
|move|p2a: Registeel|Rest|p2a: Registeel
|-status|p2a: Registeel|slp|[from] move: Rest
|-heal|p2a: Registeel|100/100 slp|[silent]
|-enditem|p2a: Registeel|Chesto Berry|[eat]
|-curestatus|p2a: Registeel|slp|[msg]
|
|upkeep
|turn|12
|j| Maractus-4-UU
|
|t:|1661655519
|move|p1a: Necrozma|Heat Wave|p2a: Registeel
|-supereffective|p2a: Registeel
|-damage|p2a: Registeel|83/100
|move|p2a: Registeel|Body Press|p1a: Necrozma
|-resisted|p1a: Necrozma
|-damage|p1a: Necrozma|47/100
|
|upkeep
|turn|13
|
|t:|1661655524
|move|p1a: Necrozma|Heat Wave|p2a: Registeel
|-supereffective|p2a: Registeel
|-damage|p2a: Registeel|65/100
|move|p2a: Registeel|Body Press|p1a: Necrozma
|-resisted|p1a: Necrozma
|-damage|p1a: Necrozma|0 fnt
|faint|p1a: Necrozma
|
|upkeep
|c| Maractus-4-UU|maractus was invited
|c|☆pif|excellent
|
|t:|1661655547
|switch|p1a: Cloyster|Cloyster, F|100/100
|turn|14
|
|t:|1661655553
|move|p1a: Cloyster|Shell Smash|p1a: Cloyster
|-unboost|p1a: Cloyster|def|1
|-unboost|p1a: Cloyster|spd|1
|-boost|p1a: Cloyster|atk|2
|-boost|p1a: Cloyster|spa|2
|-boost|p1a: Cloyster|spe|2
|move|p2a: Registeel|Body Press|p1a: Cloyster
|-supereffective|p1a: Cloyster
|-enditem|p1a: Cloyster|Focus Sash
|-damage|p1a: Cloyster|1/100
|
|upkeep
|turn|15
|
|t:|1661655558
|move|p1a: Cloyster|Hydro Pump|p2a: Registeel
|-damage|p2a: Registeel|45/100
|move|p2a: Registeel|Body Press|p1a: Cloyster
|-supereffective|p1a: Cloyster
|-damage|p1a: Cloyster|0 fnt
|faint|p1a: Cloyster
|
|upkeep
|c| Maractus-4-UU|It's a shame Maractus could have stopped this Registeel sweep
|
|t:|1661655565
|switch|p1a: Grimmsnarl|Grimmsnarl, M|100/100
|turn|16
|
|t:|1661655573
|move|p1a: Grimmsnarl|Bulk Up|p1a: Grimmsnarl
|-boost|p1a: Grimmsnarl|atk|1
|-boost|p1a: Grimmsnarl|def|1
|move|p2a: Registeel|Body Press|p1a: Grimmsnarl
|-damage|p1a: Grimmsnarl|0 fnt
|faint|p1a: Grimmsnarl
|
|upkeep
|c|☆pif|nice bulk up
|
|t:|1661655582
|switch|p1a: Gyarados|Gyarados, M|100/100
|turn|17
|
|t:|1661655585
|move|p1a: Gyarados|Dragon Dance|p1a: Gyarados
|-boost|p1a: Gyarados|atk|1
|-boost|p1a: Gyarados|spe|1
|move|p2a: Registeel|Body Press|p1a: Gyarados
|-resisted|p1a: Gyarados
|-damage|p1a: Gyarados|34/100
|
|upkeep
|turn|18
|
|t:|1661655590
|move|p1a: Gyarados|Waterfall|p2a: Registeel
|-damage|p2a: Registeel|33/100
|cant|p2a: Registeel|flinch
|
|upkeep
|turn|19
|
|t:|1661655593
|move|p1a: Gyarados|Waterfall|p2a: Registeel
|-damage|p2a: Registeel|20/100
|move|p2a: Registeel|Body Press|p1a: Gyarados
|-resisted|p1a: Gyarados
|-damage|p1a: Gyarados|0 fnt
|faint|p1a: Gyarados
|
|win|pif
|raw|ramoloST's rating: 1499 &rarr; <strong>1493</strong><br />(-6 for losing)
|raw|pif's rating: 1790 &rarr; <strong>1796</strong><br />(+6 for winning)
|c|☆ramoloST|gg.
|c|☆pif|gg
|l|☆ramoloST
|l| Maractus-4-UU
|l| ca va barder
|l|+Goro Yagami
||Ladder isn't responding, score probably updated but might not have (Request timeout).
