|j|☆gioilele
|j|☆Youngster Maxance
|player|p1|gioilele|shadowtriad|1345
|player|p2|Youngster Maxance|preschooler|1319
|teamsize|p1|6
|teamsize|p2|6
|gametype|singles
|gen|8
|tier|[Gen 8] UU
|rated|
|clearpoke
|poke|p1|Vaporeon, F|
|poke|p1|Morpeko, F|
|poke|p1|Espeon, M|
|poke|p1|Polteageist-Antique|
|poke|p1|Celebi|
|poke|p1|Darmanitan, F|
|poke|p2|Celebi|
|poke|p2|Umbreon, M|
|poke|p2|Noivern, M|
|poke|p2|Arcanine, F|
|poke|p2|Quagsire, M|
|poke|p2|Reuniclus, F|
|rule|Sleep Clause Mod: Limit one foe put to sleep
|rule|Species Clause: Limit one of each Pokémon
|rule|OHKO Clause: OHKO moves are banned
|rule|Evasion Moves Clause: Evasion moves are banned
|rule|Endless Battle Clause: Forcing endless battles is banned
|rule|HP Percentage Mod: HP is shown in percentages
|rule|Dynamax Clause: You cannot dynamax
|teampreview
|
|start
|switch|p1a: Darmanitan|Darmanitan, F|100/100
|switch|p2a: FORFEIT !!!|Celebi, shiny|100/100
|turn|1
|
|switch|p2a: Forfeit...|Arcanine, F|100/100
|-ability|p2a: Forfeit...|Intimidate|boost
|-unboost|p1a: Darmanitan|atk|1
|move|p1a: Darmanitan|U-turn|p2a: Forfeit...
|-resisted|p2a: Forfeit...
|-damage|p2a: Forfeit...|94/100
|
|switch|p1a: Morpeko|Morpeko, F|100/100|[from]move: U-turn
|
|-formechange|p1a: Morpeko|Morpeko-Hangry||[from] ability: Hunger Switch
|upkeep
|turn|2
|
|move|p1a: Morpeko|Fake Out|p2a: Forfeit...
|-damage|p2a: Forfeit...|85/100
|cant|p2a: Forfeit...|flinch
|
|-formechange|p1a: Morpeko|Morpeko||[from] ability: Hunger Switch
|upkeep
|turn|3
|
|move|p1a: Morpeko|Volt Switch|p2a: Forfeit...
|-damage|p2a: Forfeit...|67/100
|
|switch|p1a: Darmanitan|Darmanitan, F|100/100|[from]move: Volt Switch
|move|p2a: Forfeit...|Toxic|p1a: Darmanitan
|-status|p1a: Darmanitan|tox
|
|-damage|p1a: Darmanitan|95/100 tox|[from] psn
|upkeep
|turn|4
|
|switch|p2a: fOrFeIt ??!!|Quagsire, M|100/100
|move|p1a: Darmanitan|Rock Slide|p2a: fOrFeIt ??!!
|-resisted|p2a: fOrFeIt ??!!
|-damage|p2a: fOrFeIt ??!!|88/100
|
|-heal|p2a: fOrFeIt ??!!|94/100|[from] item: Leftovers
|-damage|p1a: Darmanitan|83/100 tox|[from] psn
|upkeep
|turn|5
|
|switch|p1a: Celebi|Celebi|100/100
|move|p2a: fOrFeIt ??!!|Earthquake|p1a: Celebi
|-resisted|p1a: Celebi
|-damage|p1a: Celebi|87/100
|
|-heal|p1a: Celebi|93/100|[from] item: Leftovers
|-heal|p2a: fOrFeIt ??!!|100/100|[from] item: Leftovers
|upkeep
|turn|6
|
|switch|p2a: forfeit ???|Umbreon, M, shiny|100/100
|move|p1a: Celebi|Stealth Rock|p2a: forfeit ???
|-sidestart|p2: Youngster Maxance|move: Stealth Rock
|
|-heal|p1a: Celebi|99/100|[from] item: Leftovers
|upkeep
|turn|7
|
|move|p1a: Celebi|U-turn|p2a: forfeit ???
|-supereffective|p2a: forfeit ???
|-damage|p2a: forfeit ???|77/100
|
|switch|p1a: Espeon|Espeon, M|100/100|[from]move: U-turn
|move|p2a: forfeit ???|Foul Play|p1a: Espeon
|-supereffective|p1a: Espeon
|-damage|p1a: Espeon|39/100
|
|-heal|p1a: Espeon|44/100|[from] item: Leftovers
|-heal|p2a: forfeit ???|83/100|[from] item: Leftovers
|upkeep
|turn|8
|
|switch|p1a: Vaporeon|Vaporeon, F|100/100
|move|p2a: forfeit ???|Protect||[still]
|-fail|p2a: forfeit ???
|
|-heal|p2a: forfeit ???|89/100|[from] item: Leftovers
|upkeep
|turn|9
|
|move|p2a: forfeit ???|Foul Play|p1a: Vaporeon
|-damage|p1a: Vaporeon|82/100
|move|p1a: Vaporeon|Rain Dance|p1a: Vaporeon
|-weather|RainDance
|
|-weather|RainDance|[upkeep]
|-heal|p2a: forfeit ???|95/100|[from] item: Leftovers
|upkeep
|turn|10
|
|move|p2a: forfeit ???|Protect|p2a: forfeit ???
|-singleturn|p2a: forfeit ???|Protect
|move|p1a: Vaporeon|Weather Ball|p2a: forfeit ???
|-activate|p2a: forfeit ???|move: Protect
|
|-weather|RainDance|[upkeep]
|-heal|p2a: forfeit ???|100/100|[from] item: Leftovers
|upkeep
|turn|11
|
|move|p2a: forfeit ???|Foul Play|p1a: Vaporeon
|-damage|p1a: Vaporeon|64/100
|move|p1a: Vaporeon|Weather Ball|p2a: forfeit ???
|-damage|p2a: forfeit ???|55/100
|
|-weather|RainDance|[upkeep]
|-heal|p2a: forfeit ???|61/100|[from] item: Leftovers
|upkeep
|turn|12
|
|move|p2a: forfeit ???|Wish|p2a: forfeit ???
|move|p1a: Vaporeon|Rest|p1a: Vaporeon
|-status|p1a: Vaporeon|slp|[from] move: Rest
|-heal|p1a: Vaporeon|100/100 slp|[silent]
|
|-weather|RainDance|[upkeep]
|-heal|p2a: forfeit ???|68/100|[from] item: Leftovers
|-activate|p1a: Vaporeon|ability: Hydration
|-curestatus|p1a: Vaporeon|slp|[msg]
|upkeep
|turn|13
|
|switch|p1a: Celebi|Celebi|99/100
|move|p2a: forfeit ???|Foul Play|p1a: Celebi
|-supereffective|p1a: Celebi
|-damage|p1a: Celebi|51/100
|
|-weather|none
|-heal|p2a: forfeit ???|100/100|[from] move: Wish|[wisher] forfeit ???
|-heal|p1a: Celebi|58/100|[from] item: Leftovers
|upkeep
|turn|14
|
|switch|p2a: Forfeit...|Arcanine, F|67/100
|-ability|p2a: Forfeit...|Intimidate|boost
|-unboost|p1a: Celebi|atk|1
|move|p1a: Celebi|Recover|p1a: Celebi
|-heal|p1a: Celebi|100/100
|
|upkeep
|turn|15
|
|move|p1a: Celebi|U-turn|p2a: Forfeit...
|-resisted|p2a: Forfeit...
|-damage|p2a: Forfeit...|63/100
|
|switch|p1a: Vaporeon|Vaporeon, F|100/100|[from]move: U-turn
|move|p2a: Forfeit...|Morning Sun|p2a: Forfeit...
|-heal|p2a: Forfeit...|100/100
|
|upkeep
|turn|16
|
|switch|p2a: FORFEIT !!!|Celebi, shiny|100/100
|-damage|p2a: FORFEIT !!!|88/100|[from] Stealth Rock
|move|p1a: Vaporeon|Rain Dance|p1a: Vaporeon
|-weather|RainDance
|
|-weather|RainDance|[upkeep]
|upkeep
|turn|17
|
|move|p2a: FORFEIT !!!|Stealth Rock|p1a: Vaporeon
|-sidestart|p1: gioilele|move: Stealth Rock
|move|p1a: Vaporeon|Ice Beam|p2a: FORFEIT !!!
|-supereffective|p2a: FORFEIT !!!
|-damage|p2a: FORFEIT !!!|37/100
|
|-weather|RainDance|[upkeep]
|upkeep
|turn|18
|
|move|p2a: FORFEIT !!!|Giga Drain|p1a: Vaporeon
|-supereffective|p1a: Vaporeon
|-damage|p1a: Vaporeon|60/100
|-heal|p2a: FORFEIT !!!|60/100|[from] drain|[of] p1a: Vaporeon
|move|p1a: Vaporeon|Ice Beam|p2a: FORFEIT !!!
|-supereffective|p2a: FORFEIT !!!
|-damage|p2a: FORFEIT !!!|5/100
|
|-weather|RainDance|[upkeep]
|upkeep
|turn|19
|
|move|p2a: FORFEIT !!!|Recover|p2a: FORFEIT !!!
|-heal|p2a: FORFEIT !!!|55/100
|move|p1a: Vaporeon|Rest|p1a: Vaporeon
|-status|p1a: Vaporeon|slp|[from] move: Rest
|-heal|p1a: Vaporeon|100/100 slp|[silent]
|
|-weather|RainDance|[upkeep]
|-activate|p1a: Vaporeon|ability: Hydration
|-curestatus|p1a: Vaporeon|slp|[msg]
|upkeep
|turn|20
|
|switch|p1a: Morpeko|Morpeko, F|100/100
|-damage|p1a: Morpeko|88/100|[from] Stealth Rock
|move|p2a: FORFEIT !!!|Giga Drain|p1a: Morpeko
|-damage|p1a: Morpeko|54/100
|-heal|p2a: FORFEIT !!!|66/100|[from] drain|[of] p1a: Morpeko
|
|-weather|none
|-formechange|p1a: Morpeko|Morpeko-Hangry||[from] ability: Hunger Switch
|upkeep
|turn|21
|
|switch|p2a: Forfeit...|Arcanine, F|100/100
|-ability|p2a: Forfeit...|Intimidate|boost
|-unboost|p1a: Morpeko|atk|1
|move|p1a: Morpeko|Rapid Spin|p2a: Forfeit...
|-damage|p2a: Forfeit...|93/100
|-boost|p1a: Morpeko|spe|1
|-sideend|p1: gioilele|Stealth Rock|[from] move: Rapid Spin|[of] p1a: Morpeko
|
|-formechange|p1a: Morpeko|Morpeko||[from] ability: Hunger Switch
|upkeep
|turn|22
|
|move|p1a: Morpeko|Volt Switch|p2a: Forfeit...
|-damage|p2a: Forfeit...|76/100
|
|switch|p1a: Espeon|Espeon, M|44/100|[from]move: Volt Switch
|move|p2a: Forfeit...|Flamethrower|p1a: Espeon
|-damage|p1a: Espeon|6/100
|
|-heal|p1a: Espeon|12/100|[from] item: Leftovers
|upkeep
|turn|23
|
|move|p1a: Espeon|Morning Sun|p1a: Espeon
|-heal|p1a: Espeon|61/100
|move|p2a: Forfeit...|Flamethrower|p1a: Espeon
|-damage|p1a: Espeon|19/100
|-status|p1a: Espeon|brn
|
|-heal|p1a: Espeon|25/100 brn|[from] item: Leftovers
|-damage|p1a: Espeon|19/100 brn|[from] brn
|upkeep
|turn|24
|
|switch|p2a: FORFEIT !!!|Celebi, shiny|66/100
|-damage|p2a: FORFEIT !!!|53/100|[from] Stealth Rock
|move|p1a: Espeon|Morning Sun|p1a: Espeon
|-heal|p1a: Espeon|69/100 brn
|
|-heal|p1a: Espeon|75/100 brn|[from] item: Leftovers
|-damage|p1a: Espeon|69/100 brn|[from] brn
|upkeep
|turn|25
|
|move|p1a: Espeon|Calm Mind|p1a: Espeon
|-boost|p1a: Espeon|spa|1
|-boost|p1a: Espeon|spd|1
|move|p2a: FORFEIT !!!|Recover|p2a: FORFEIT !!!
|-heal|p2a: FORFEIT !!!|100/100
|
|-heal|p1a: Espeon|75/100 brn|[from] item: Leftovers
|-damage|p1a: Espeon|69/100 brn|[from] brn
|upkeep
|turn|26
|
|switch|p2a: FORFEIT ???|Reuniclus, F|100/100
|-damage|p2a: FORFEIT ???|88/100|[from] Stealth Rock
|move|p1a: Espeon|Calm Mind|p1a: Espeon
|-boost|p1a: Espeon|spa|1
|-boost|p1a: Espeon|spd|1
|
|-heal|p1a: Espeon|75/100 brn|[from] item: Leftovers
|-damage|p1a: Espeon|69/100 brn|[from] brn
|upkeep
|turn|27
|
|switch|p1a: Darmanitan|Darmanitan, F|83/100 tox
|move|p2a: FORFEIT ???|Knock Off|p1a: Darmanitan
|-damage|p1a: Darmanitan|59/100 tox
|-enditem|p1a: Darmanitan|Choice Scarf|[from] move: Knock Off|[of] p2a: FORFEIT ???
|
|-damage|p1a: Darmanitan|53/100 tox|[from] psn
|upkeep
|turn|28
|
|switch|p2a: Forfeit...|Arcanine, F|76/100
|-ability|p2a: Forfeit...|Intimidate|boost
|-unboost|p1a: Darmanitan|atk|1
|move|p1a: Darmanitan|Flare Blitz|p2a: Forfeit...
|-resisted|p2a: Forfeit...
|-damage|p2a: Forfeit...|55/100
|-damage|p1a: Darmanitan|45/100 tox|[from] Recoil
|
|-damage|p1a: Darmanitan|33/100 tox|[from] psn
|upkeep
|turn|29
|
|switch|p1a: Vaporeon|Vaporeon, F|100/100
|move|p2a: Forfeit...|Morning Sun|p2a: Forfeit...
|-heal|p2a: Forfeit...|100/100
|
|upkeep
|turn|30
|
|switch|p2a: FORFEIT ???|Reuniclus, F|100/100
|-damage|p2a: FORFEIT ???|88/100|[from] Stealth Rock
|move|p1a: Vaporeon|Rain Dance|p1a: Vaporeon
|-weather|RainDance
|
|-weather|RainDance|[upkeep]
|upkeep
|turn|31
|
|move|p1a: Vaporeon|Weather Ball|p2a: FORFEIT ???
|-damage|p2a: FORFEIT ???|47/100
|move|p2a: FORFEIT ???|Energy Ball|p1a: Vaporeon
|-supereffective|p1a: Vaporeon
|-damage|p1a: Vaporeon|64/100
|
|-weather|RainDance|[upkeep]
|upkeep
|turn|32
|
|switch|p2a: forfeit ???|Umbreon, M, shiny|100/100
|-damage|p2a: forfeit ???|88/100|[from] Stealth Rock
|move|p1a: Vaporeon|Weather Ball|p2a: forfeit ???
|-damage|p2a: forfeit ???|41/100
|
|-weather|RainDance|[upkeep]
|-heal|p2a: forfeit ???|47/100|[from] item: Leftovers
|upkeep
|turn|33
|
|move|p2a: forfeit ???|Protect|p2a: forfeit ???
|-singleturn|p2a: forfeit ???|Protect
|move|p1a: Vaporeon|Weather Ball|p2a: forfeit ???
|-activate|p2a: forfeit ???|move: Protect
|
|-weather|RainDance|[upkeep]
|-heal|p2a: forfeit ???|53/100|[from] item: Leftovers
|upkeep
|turn|34
|
|move|p2a: forfeit ???|Wish|p2a: forfeit ???
|move|p1a: Vaporeon|Weather Ball|p2a: forfeit ???
|-damage|p2a: forfeit ???|8/100
|
|-weather|none
|-heal|p2a: forfeit ???|14/100|[from] item: Leftovers
|upkeep
|turn|35
|
|move|p2a: forfeit ???|Protect|p2a: forfeit ???
|-singleturn|p2a: forfeit ???|Protect
|move|p1a: Vaporeon|Ice Beam|p2a: forfeit ???
|-activate|p2a: forfeit ???|move: Protect
|
|-heal|p2a: forfeit ???|64/100|[from] move: Wish|[wisher] forfeit ???
|-heal|p2a: forfeit ???|70/100|[from] item: Leftovers
|upkeep
|turn|36
|
|move|p2a: forfeit ???|Foul Play|p1a: Vaporeon
|-damage|p1a: Vaporeon|46/100
|move|p1a: Vaporeon|Rain Dance|p1a: Vaporeon
|-weather|RainDance
|
|-weather|RainDance|[upkeep]
|-heal|p2a: forfeit ???|76/100|[from] item: Leftovers
|upkeep
|turn|37
|
|move|p2a: forfeit ???|Wish|p2a: forfeit ???
|move|p1a: Vaporeon|Rest|p1a: Vaporeon
|-status|p1a: Vaporeon|slp|[from] move: Rest
|-heal|p1a: Vaporeon|100/100 slp|[silent]
|
|-weather|RainDance|[upkeep]
|-heal|p2a: forfeit ???|82/100|[from] item: Leftovers
|-activate|p1a: Vaporeon|ability: Hydration
|-curestatus|p1a: Vaporeon|slp|[msg]
|upkeep
|turn|38
|
|move|p2a: forfeit ???|Foul Play|p1a: Vaporeon
|-damage|p1a: Vaporeon|81/100
|move|p1a: Vaporeon|Ice Beam|p2a: forfeit ???
|-damage|p2a: forfeit ???|67/100
|-status|p2a: forfeit ???|frz
|
|-weather|RainDance|[upkeep]
|-heal|p2a: forfeit ???|100/100 frz|[from] move: Wish|[wisher] forfeit ???
|upkeep
|turn|39
|
|-curestatus|p2a: forfeit ???|frz|[msg]
|move|p2a: forfeit ???|Foul Play|p1a: Vaporeon
|-damage|p1a: Vaporeon|63/100
|move|p1a: Vaporeon|Weather Ball|p2a: forfeit ???
|-damage|p2a: forfeit ???|52/100
|
|-weather|RainDance|[upkeep]
|-heal|p2a: forfeit ???|58/100|[from] item: Leftovers
|upkeep
|turn|40
|
|move|p2a: forfeit ???|Protect|p2a: forfeit ???
|-singleturn|p2a: forfeit ???|Protect
|move|p1a: Vaporeon|Weather Ball|p2a: forfeit ???
|-activate|p2a: forfeit ???|move: Protect
|
|-weather|none
|-heal|p2a: forfeit ???|64/100|[from] item: Leftovers
|upkeep
|turn|41
|
|switch|p1a: Darmanitan|Darmanitan, F|33/100 tox
|move|p2a: forfeit ???|Wish|p2a: forfeit ???
|
|-heal|p2a: forfeit ???|71/100|[from] item: Leftovers
|-damage|p1a: Darmanitan|27/100 tox|[from] psn
|upkeep
|turn|42
|
|move|p2a: forfeit ???|Protect|p2a: forfeit ???
|-singleturn|p2a: forfeit ???|Protect
|move|p1a: Darmanitan|U-turn|p2a: forfeit ???
|-activate|p2a: forfeit ???|move: Protect
|
|-heal|p2a: forfeit ???|100/100|[from] move: Wish|[wisher] forfeit ???
|-damage|p1a: Darmanitan|15/100 tox|[from] psn
|upkeep
|turn|43
|
|move|p1a: Darmanitan|U-turn|p2a: forfeit ???
|-supereffective|p2a: forfeit ???
|-damage|p2a: forfeit ???|58/100
|
|switch|p1a: Vaporeon|Vaporeon, F|63/100|[from]move: U-turn
|move|p2a: forfeit ???|Wish|p2a: forfeit ???
|
|-heal|p2a: forfeit ???|64/100|[from] item: Leftovers
|upkeep
|turn|44
|
|move|p2a: forfeit ???|Foul Play|p1a: Vaporeon
|-damage|p1a: Vaporeon|45/100
|move|p1a: Vaporeon|Rain Dance|p1a: Vaporeon
|-weather|RainDance
|
|-weather|RainDance|[upkeep]
|-heal|p2a: forfeit ???|100/100|[from] move: Wish|[wisher] forfeit ???
|upkeep
|turn|45
|
|move|p2a: forfeit ???|Wish|p2a: forfeit ???
|move|p1a: Vaporeon|Weather Ball|p2a: forfeit ???
|-damage|p2a: forfeit ???|49/100
|
|-weather|RainDance|[upkeep]
|-heal|p2a: forfeit ???|56/100|[from] item: Leftovers
|upkeep
|turn|46
|
|move|p2a: forfeit ???|Foul Play|p1a: Vaporeon
|-damage|p1a: Vaporeon|26/100
|move|p1a: Vaporeon|Weather Ball|p2a: forfeit ???
|-damage|p2a: forfeit ???|11/100
|
|-weather|RainDance|[upkeep]
|-heal|p2a: forfeit ???|61/100|[from] move: Wish|[wisher] forfeit ???
|-heal|p2a: forfeit ???|68/100|[from] item: Leftovers
|upkeep
|turn|47
|
|move|p2a: forfeit ???|Wish|p2a: forfeit ???
|move|p1a: Vaporeon|Rest|p1a: Vaporeon
|-status|p1a: Vaporeon|slp|[from] move: Rest
|-heal|p1a: Vaporeon|100/100 slp|[silent]
|
|-weather|RainDance|[upkeep]
|-heal|p2a: forfeit ???|74/100|[from] item: Leftovers
|-activate|p1a: Vaporeon|ability: Hydration
|-curestatus|p1a: Vaporeon|slp|[msg]
|upkeep
|turn|48
|
|move|p2a: forfeit ???|Foul Play|p1a: Vaporeon
|-damage|p1a: Vaporeon|83/100
|move|p1a: Vaporeon|Ice Beam|p2a: forfeit ???
|-damage|p2a: forfeit ???|58/100
|
|-weather|none
|-heal|p2a: forfeit ???|100/100|[from] move: Wish|[wisher] forfeit ???
|upkeep
|turn|49
|
|move|p2a: forfeit ???|Foul Play|p1a: Vaporeon
|-damage|p1a: Vaporeon|63/100
|move|p1a: Vaporeon|Rain Dance|p1a: Vaporeon
|-weather|RainDance
|
|-weather|RainDance|[upkeep]
|upkeep
|turn|50
|
|move|p2a: forfeit ???|Foul Play|p1a: Vaporeon
|-damage|p1a: Vaporeon|43/100
|move|p1a: Vaporeon|Weather Ball|p2a: forfeit ???
|-damage|p2a: forfeit ???|49/100
|
|-weather|RainDance|[upkeep]
|-heal|p2a: forfeit ???|55/100|[from] item: Leftovers
|upkeep
|turn|51
|
|move|p2a: forfeit ???|Protect|p2a: forfeit ???
|-singleturn|p2a: forfeit ???|Protect
|move|p1a: Vaporeon|Weather Ball|p2a: forfeit ???
|-activate|p2a: forfeit ???|move: Protect
|
|-weather|RainDance|[upkeep]
|-heal|p2a: forfeit ???|61/100|[from] item: Leftovers
|upkeep
|turn|52
|
|move|p2a: forfeit ???|Wish|p2a: forfeit ???
|move|p1a: Vaporeon|Weather Ball|p2a: forfeit ???
|-damage|p2a: forfeit ???|16/100
|
|-weather|RainDance|[upkeep]
|-heal|p2a: forfeit ???|22/100|[from] item: Leftovers
|upkeep
|turn|53
|
|move|p2a: forfeit ???|Protect|p2a: forfeit ???
|-singleturn|p2a: forfeit ???|Protect
|move|p1a: Vaporeon|Ice Beam|p2a: forfeit ???
|-activate|p2a: forfeit ???|move: Protect
|
|-weather|none
|-heal|p2a: forfeit ???|72/100|[from] move: Wish|[wisher] forfeit ???
|-heal|p2a: forfeit ???|78/100|[from] item: Leftovers
|upkeep
|turn|54
|
|move|p2a: forfeit ???|Wish|p2a: forfeit ???
|move|p1a: Vaporeon|Rain Dance|p1a: Vaporeon
|-weather|RainDance
|
|-weather|RainDance|[upkeep]
|-heal|p2a: forfeit ???|84/100|[from] item: Leftovers
|upkeep
|turn|55
|
|move|p2a: forfeit ???|Foul Play|p1a: Vaporeon
|-damage|p1a: Vaporeon|23/100
|move|p1a: Vaporeon|Ice Beam|p2a: forfeit ???
|-damage|p2a: forfeit ???|69/100
|-status|p2a: forfeit ???|frz
|
|-weather|RainDance|[upkeep]
|-heal|p2a: forfeit ???|100/100 frz|[from] move: Wish|[wisher] forfeit ???
|upkeep
|turn|56
|
|cant|p2a: forfeit ???|frz
|move|p1a: Vaporeon|Weather Ball|p2a: forfeit ???
|-damage|p2a: forfeit ???|51/100 frz
|
|-weather|RainDance|[upkeep]
|-heal|p2a: forfeit ???|57/100 frz|[from] item: Leftovers
|upkeep
|turn|57
|
|-curestatus|p2a: forfeit ???|frz|[msg]
|move|p2a: forfeit ???|Protect|p2a: forfeit ???
|-singleturn|p2a: forfeit ???|Protect
|move|p1a: Vaporeon|Weather Ball|p2a: forfeit ???
|-activate|p2a: forfeit ???|move: Protect
|
|-weather|RainDance|[upkeep]
|-heal|p2a: forfeit ???|63/100|[from] item: Leftovers
|upkeep
|turn|58
|
|move|p2a: forfeit ???|Wish|p2a: forfeit ???
|move|p1a: Vaporeon|Rest|p1a: Vaporeon
|-status|p1a: Vaporeon|slp|[from] move: Rest
|-heal|p1a: Vaporeon|100/100 slp|[silent]
|
|-weather|none
|-heal|p2a: forfeit ???|69/100|[from] item: Leftovers
|upkeep
|turn|59
|
|move|p2a: forfeit ???|Foul Play|p1a: Vaporeon
|-damage|p1a: Vaporeon|82/100 slp
|cant|p1a: Vaporeon|slp
|
|-heal|p2a: forfeit ???|100/100|[from] move: Wish|[wisher] forfeit ???
|upkeep
|turn|60
|
|move|p2a: forfeit ???|Foul Play|p1a: Vaporeon
|-damage|p1a: Vaporeon|62/100 slp
|cant|p1a: Vaporeon|slp
|
|upkeep
|turn|61
|
|switch|p2a: FORFEIT !!!|Celebi, shiny|100/100
|-damage|p2a: FORFEIT !!!|88/100|[from] Stealth Rock
|-curestatus|p1a: Vaporeon|slp|[msg]
|move|p1a: Vaporeon|Ice Beam|p2a: FORFEIT !!!
|-supereffective|p2a: FORFEIT !!!
|-damage|p2a: FORFEIT !!!|39/100
|
|upkeep
|turn|62
|
|switch|p1a: Celebi|Celebi|100/100
|move|p2a: FORFEIT !!!|Giga Drain|p1a: Celebi
|-resisted|p1a: Celebi
|-damage|p1a: Celebi|92/100
|-heal|p2a: FORFEIT !!!|43/100|[from] drain|[of] p1a: Celebi
|
|-heal|p1a: Celebi|99/100|[from] item: Leftovers
|upkeep
|turn|63
|
|switch|p2a: FoRfeIt ?!|Noivern, M|100/100
|-item|p1a: Celebi|Leftovers|[from] ability: Frisk|[of] p2a: FoRfeIt ?!|[identify]
|move|p1a: Celebi|U-turn|p2a: FoRfeIt ?!
|-resisted|p2a: FoRfeIt ?!
|-damage|p2a: FoRfeIt ?!|92/100
|
|switch|p1a: Morpeko|Morpeko, F|54/100|[from]move: U-turn
|
|-formechange|p1a: Morpeko|Morpeko-Hangry||[from] ability: Hunger Switch
|upkeep
|turn|64
|
|move|p1a: Morpeko|Fake Out|p2a: FoRfeIt ?!
|-damage|p2a: FoRfeIt ?!|80/100
|cant|p2a: FoRfeIt ?!|flinch
|
|-formechange|p1a: Morpeko|Morpeko||[from] ability: Hunger Switch
|upkeep
|turn|65
|inactive|Battle timer is ON: inactive players will automatically lose when time's up. (requested by Youngster Maxance)
|
|move|p2a: FoRfeIt ?!|Defog|p1a: Morpeko
|-unboost|p1a: Morpeko|evasion|1
|-sideend|p2: Youngster Maxance|Stealth Rock|[from] move: Defog|[of] p2a: FoRfeIt ?!
|move|p1a: Morpeko|Aura Wheel|p2a: FoRfeIt ?!
|-damage|p2a: FoRfeIt ?!|27/100
|-boost|p1a: Morpeko|spe|1
|
|-formechange|p1a: Morpeko|Morpeko-Hangry||[from] ability: Hunger Switch
|upkeep
|turn|66
|
|switch|p2a: fOrFeIt ??!!|Quagsire, M|100/100
|move|p1a: Morpeko|Aura Wheel|p2a: fOrFeIt ??!!
|-damage|p2a: fOrFeIt ??!!|71/100
|-boost|p1a: Morpeko|spe|1
|
|-heal|p2a: fOrFeIt ??!!|77/100|[from] item: Leftovers
|-formechange|p1a: Morpeko|Morpeko||[from] ability: Hunger Switch
|upkeep
|turn|67
|
|switch|p1a: Vaporeon|Vaporeon, F|62/100
|move|p2a: fOrFeIt ??!!|Recover|p2a: fOrFeIt ??!!
|-heal|p2a: fOrFeIt ??!!|100/100
|
|upkeep
|turn|68
|
|move|p1a: Vaporeon|Rain Dance|p1a: Vaporeon
|-weather|RainDance
|move|p2a: fOrFeIt ??!!|Earthquake|p1a: Vaporeon
|-damage|p1a: Vaporeon|31/100
|
|-weather|RainDance|[upkeep]
|upkeep
|turn|69
|
|move|p1a: Vaporeon|Rest|p1a: Vaporeon
|-status|p1a: Vaporeon|slp|[from] move: Rest
|-heal|p1a: Vaporeon|100/100 slp|[silent]
|move|p2a: fOrFeIt ??!!|Earthquake|p1a: Vaporeon
|-damage|p1a: Vaporeon|68/100 slp
|
|-weather|RainDance|[upkeep]
|-activate|p1a: Vaporeon|ability: Hydration
|-curestatus|p1a: Vaporeon|slp|[msg]
|upkeep
|turn|70
|
|move|p1a: Vaporeon|Weather Ball|p2a: fOrFeIt ??!!
|-damage|p2a: fOrFeIt ??!!|0 fnt
|faint|p2a: fOrFeIt ??!!
|
|-weather|RainDance|[upkeep]
|upkeep
|
|switch|p2a: FORFEIT !!!|Celebi, shiny|43/100
|turn|71
|
|switch|p1a: Celebi|Celebi|99/100
|move|p2a: FORFEIT !!!|Giga Drain|p1a: Celebi
|-resisted|p1a: Celebi
|-damage|p1a: Celebi|90/100
|-heal|p2a: FORFEIT !!!|48/100|[from] drain|[of] p1a: Celebi
|
|-weather|RainDance|[upkeep]
|-heal|p1a: Celebi|96/100|[from] item: Leftovers
|upkeep
|turn|72
|
|switch|p2a: FoRfeIt ?!|Noivern, M|27/100
|-item|p1a: Celebi|Leftovers|[from] ability: Frisk|[of] p2a: FoRfeIt ?!|[identify]
|move|p1a: Celebi|Stealth Rock|p2a: FoRfeIt ?!
|-sidestart|p2: Youngster Maxance|move: Stealth Rock
|
|-weather|none
|-heal|p1a: Celebi|100/100|[from] item: Leftovers
|upkeep
|turn|73
|
|move|p2a: FoRfeIt ?!|Air Slash|p1a: Celebi
|-supereffective|p1a: Celebi
|-damage|p1a: Celebi|65/100
|cant|p1a: Celebi|flinch
|
|-heal|p1a: Celebi|71/100|[from] item: Leftovers
|upkeep
|turn|74
|
|move|p2a: FoRfeIt ?!|Roost|p2a: FoRfeIt ?!
|-heal|p2a: FoRfeIt ?!|77/100
|-singleturn|p2a: FoRfeIt ?!|move: Roost
|move|p1a: Celebi|Recover|p1a: Celebi
|-heal|p1a: Celebi|100/100
|
|upkeep
|turn|75
|
|move|p2a: FoRfeIt ?!|Defog|p1a: Celebi
|-unboost|p1a: Celebi|evasion|1
|-sideend|p2: Youngster Maxance|Stealth Rock|[from] move: Defog|[of] p2a: FoRfeIt ?!
|move|p1a: Celebi|U-turn|p2a: FoRfeIt ?!
|-resisted|p2a: FoRfeIt ?!
|-damage|p2a: FoRfeIt ?!|69/100
|
|switch|p1a: Vaporeon|Vaporeon, F|68/100|[from]move: U-turn
|
|upkeep
|turn|76
|
|switch|p2a: Forfeit...|Arcanine, F|100/100
|-ability|p2a: Forfeit...|Intimidate|boost
|-unboost|p1a: Vaporeon|atk|1
|move|p1a: Vaporeon|Ice Beam|p2a: Forfeit...
|-resisted|p2a: Forfeit...
|-damage|p2a: Forfeit...|83/100
|
|upkeep
|turn|77
|
|switch|p1a: Espeon|Espeon, M|69/100 brn
|move|p2a: Forfeit...|Flamethrower|p1a: Espeon
|-damage|p1a: Espeon|27/100 brn
|
|-heal|p1a: Espeon|33/100 brn|[from] item: Leftovers
|-damage|p1a: Espeon|27/100 brn|[from] brn
|upkeep
|turn|78
|
|switch|p2a: FORFEIT ???|Reuniclus, F|80/100
|move|p1a: Espeon|Morning Sun|p1a: Espeon
|-heal|p1a: Espeon|77/100 brn
|
|-heal|p1a: Espeon|82/100 brn|[from] item: Leftovers
|-damage|p1a: Espeon|77/100 brn|[from] brn
|upkeep
|turn|79
|
|switch|p1a: Darmanitan|Darmanitan, F|15/100 tox
|move|p2a: FORFEIT ???|Knock Off|p1a: Darmanitan
|-damage|p1a: Darmanitan|1/100 tox
|
|-damage|p1a: Darmanitan|0 fnt|[from] psn
|faint|p1a: Darmanitan
|upkeep
|
|switch|p1a: Morpeko|Morpeko, F|54/100
|turn|80
|
|switch|p2a: Forfeit...|Arcanine, F|83/100
|-ability|p2a: Forfeit...|Intimidate|boost
|-unboost|p1a: Morpeko|atk|1
|move|p1a: Morpeko|Fake Out|p2a: Forfeit...
|-damage|p2a: Forfeit...|78/100
|
|-formechange|p1a: Morpeko|Morpeko-Hangry||[from] ability: Hunger Switch
|upkeep
|turn|81
|
|move|p1a: Morpeko|Volt Switch|p2a: Forfeit...
|-damage|p2a: Forfeit...|60/100
|
|switch|p1a: Espeon|Espeon, M|77/100 brn|[from]move: Volt Switch
|move|p2a: Forfeit...|Morning Sun|p2a: Forfeit...
|-heal|p2a: Forfeit...|100/100
|
|-heal|p1a: Espeon|82/100 brn|[from] item: Leftovers
|-damage|p1a: Espeon|77/100 brn|[from] brn
|upkeep
|turn|82
|
|switch|p2a: FORFEIT ???|Reuniclus, F|100/100
|move|p1a: Espeon|Calm Mind|p1a: Espeon
|-boost|p1a: Espeon|spa|1
|-boost|p1a: Espeon|spd|1
|
|-heal|p1a: Espeon|82/100 brn|[from] item: Leftovers
|-damage|p1a: Espeon|77/100 brn|[from] brn
|upkeep
|turn|83
|
|move|p1a: Espeon|Calm Mind|p1a: Espeon
|-boost|p1a: Espeon|spa|1
|-boost|p1a: Espeon|spd|1
|move|p2a: FORFEIT ???|Knock Off|p1a: Espeon
|-supereffective|p1a: Espeon
|-damage|p1a: Espeon|18/100 brn
|-enditem|p1a: Espeon|Leftovers|[from] move: Knock Off|[of] p2a: FORFEIT ???
|
|-damage|p1a: Espeon|12/100 brn|[from] brn
|upkeep
|turn|84
|
|move|p1a: Espeon|Morning Sun|p1a: Espeon
|-heal|p1a: Espeon|62/100 brn
|move|p2a: FORFEIT ???|Knock Off|p1a: Espeon
|-supereffective|p1a: Espeon
|-damage|p1a: Espeon|24/100 brn
|
|-damage|p1a: Espeon|18/100 brn|[from] brn
|upkeep
|turn|85
|
|move|p1a: Espeon|Morning Sun|p1a: Espeon
|-heal|p1a: Espeon|68/100 brn
|move|p2a: FORFEIT ???|Knock Off|p1a: Espeon
|-supereffective|p1a: Espeon
|-damage|p1a: Espeon|34/100 brn
|
|-damage|p1a: Espeon|29/100 brn|[from] brn
|upkeep
|turn|86
|
|move|p1a: Espeon|Dazzling Gleam|p2a: FORFEIT ???
|-damage|p2a: FORFEIT ???|78/100
|move|p2a: FORFEIT ???|Shadow Ball|p1a: Espeon
|-supereffective|p1a: Espeon
|-damage|p1a: Espeon|0 fnt
|faint|p1a: Espeon
|
|upkeep
|
|switch|p1a: Morpeko|Morpeko, F|54/100
|turn|87
|inactive|Youngster Maxance has 120 seconds left.
|
|switch|p2a: FORFEIT !!!|Celebi, shiny|48/100
|move|p1a: Morpeko|Aura Wheel|p2a: FORFEIT !!!
|-resisted|p2a: FORFEIT !!!
|-damage|p2a: FORFEIT !!!|33/100
|-boost|p1a: Morpeko|spe|1
|
|-formechange|p1a: Morpeko|Morpeko-Hangry||[from] ability: Hunger Switch
|upkeep
|turn|88
|inactive|Youngster Maxance has 120 seconds left.
|
|switch|p2a: Forfeit...|Arcanine, F|100/100
|-ability|p2a: Forfeit...|Intimidate|boost
|-unboost|p1a: Morpeko|atk|1
|move|p1a: Morpeko|Aura Wheel|p2a: Forfeit...
|-damage|p2a: Forfeit...|76/100
|-boost|p1a: Morpeko|spe|1
|
|-formechange|p1a: Morpeko|Morpeko||[from] ability: Hunger Switch
|upkeep
|turn|89
|inactive|Youngster Maxance has 120 seconds left.
|
|move|p1a: Morpeko|Volt Switch|p2a: Forfeit...
|-damage|p2a: Forfeit...|58/100
|
|switch|p1a: Polteageist-Antiqu|Polteageist-Antique|100/100|[from]move: Volt Switch
|move|p2a: Forfeit...|Toxic|p1a: Polteageist-Antiqu
|-status|p1a: Polteageist-Antiqu|tox
|
|-damage|p1a: Polteageist-Antiqu|94/100 tox|[from] psn
|upkeep
|turn|90
|
|switch|p2a: forfeit ???|Umbreon, M, shiny|100/100
|move|p1a: Polteageist-Antiqu|Shell Smash|p1a: Polteageist-Antiqu
|-unboost|p1a: Polteageist-Antiqu|def|1
|-unboost|p1a: Polteageist-Antiqu|spd|1
|-boost|p1a: Polteageist-Antiqu|atk|2
|-boost|p1a: Polteageist-Antiqu|spa|2
|-boost|p1a: Polteageist-Antiqu|spe|2
|
|-damage|p1a: Polteageist-Antiqu|82/100 tox|[from] psn
|upkeep
|turn|91
|
|move|p1a: Polteageist-Antiqu|Giga Drain|p2a: forfeit ???
|-damage|p2a: forfeit ???|71/100
|-heal|p1a: Polteageist-Antiqu|100/100 tox|[from] drain|[of] p2a: forfeit ???
|move|p2a: forfeit ???|Foul Play|p1a: Polteageist-Antiqu
|-supereffective|p1a: Polteageist-Antiqu
|-enditem|p1a: Polteageist-Antiqu|Focus Sash
|-damage|p1a: Polteageist-Antiqu|1/100 tox
|-ability|p1a: Polteageist-Antiqu|Weak Armor|boost
|-unboost|p1a: Polteageist-Antiqu|def|1
|-boost|p1a: Polteageist-Antiqu|spe|2
|
|-heal|p2a: forfeit ???|77/100|[from] item: Leftovers
|-damage|p1a: Polteageist-Antiqu|0 fnt|[from] psn
|faint|p1a: Polteageist-Antiqu
|upkeep
|
|switch|p1a: Morpeko|Morpeko, F|54/100
|turn|92
|
|move|p1a: Morpeko|Fake Out|p2a: forfeit ???
|-damage|p2a: forfeit ???|67/100
|cant|p2a: forfeit ???|flinch
|
|-heal|p2a: forfeit ???|73/100|[from] item: Leftovers
|-formechange|p1a: Morpeko|Morpeko-Hangry||[from] ability: Hunger Switch
|upkeep
|turn|93
|
|move|p1a: Morpeko|Volt Switch|p2a: forfeit ???
|-damage|p2a: forfeit ???|64/100
|
|switch|p1a: Celebi|Celebi|100/100|[from]move: Volt Switch
|move|p2a: forfeit ???|Heal Bell||[still]
|-activate|p2a: forfeit ???|move: Heal Bell
|-fail|p2a: forfeit ???
|
|-heal|p2a: forfeit ???|70/100|[from] item: Leftovers
|upkeep
|turn|94
|
|move|p1a: Celebi|Stealth Rock|p2a: forfeit ???
|-sidestart|p2: Youngster Maxance|move: Stealth Rock
|move|p2a: forfeit ???|Wish|p2a: forfeit ???
|
|-heal|p2a: forfeit ???|76/100|[from] item: Leftovers
|upkeep
|turn|95
|
|switch|p2a: Forfeit...|Arcanine, F|58/100
|-ability|p2a: Forfeit...|Intimidate|boost
|-unboost|p1a: Celebi|atk|1
|move|p1a: Celebi|U-turn|p2a: Forfeit...
|-resisted|p2a: Forfeit...
|-damage|p2a: Forfeit...|55/100
|
|switch|p1a: Morpeko|Morpeko, F|54/100|[from]move: U-turn
|
|-heal|p2a: Forfeit...|100/100|[from] move: Wish|[wisher] forfeit ???
|-formechange|p1a: Morpeko|Morpeko-Hangry||[from] ability: Hunger Switch
|upkeep
|turn|96
|
|move|p1a: Morpeko|Fake Out|p2a: Forfeit...
|-damage|p2a: Forfeit...|92/100
|cant|p2a: Forfeit...|flinch
|
|-formechange|p1a: Morpeko|Morpeko||[from] ability: Hunger Switch
|upkeep
|turn|97
|
|move|p1a: Morpeko|Aura Wheel|p2a: Forfeit...
|-damage|p2a: Forfeit...|59/100
|-boost|p1a: Morpeko|spe|1
|move|p2a: Forfeit...|Flamethrower|p1a: Morpeko
|-damage|p1a: Morpeko|8/100
|
|-formechange|p1a: Morpeko|Morpeko-Hangry||[from] ability: Hunger Switch
|upkeep
|turn|98
|
|move|p1a: Morpeko|Aura Wheel|p2a: Forfeit...
|-damage|p2a: Forfeit...|24/100
|-boost|p1a: Morpeko|spe|1
|move|p2a: Forfeit...|Morning Sun|p2a: Forfeit...
|-heal|p2a: Forfeit...|74/100
|
|-formechange|p1a: Morpeko|Morpeko||[from] ability: Hunger Switch
|upkeep
|turn|99
|
|move|p1a: Morpeko|Aura Wheel|p2a: Forfeit...
|-damage|p2a: Forfeit...|37/100
|-boost|p1a: Morpeko|spe|1
|move|p2a: Forfeit...|Flamethrower|p1a: Morpeko
|-crit|p1a: Morpeko
|-damage|p1a: Morpeko|0 fnt
|faint|p1a: Morpeko
|
|upkeep
|-message|gioilele forfeited.
|
|win|Youngster Maxance
|l|☆gioilele
