|j|☆2 headed boy
|j|☆senegal
|t:|1604589505
|player|p1|2 headed boy|erika-gen2|1471
|player|p2|senegal|1|1492
|teamsize|p1|6
|teamsize|p2|6
|gametype|singles
|gen|8
|tier|[Gen 8] UU
|rated|
|clearpoke
|poke|p1|Bisharp, F|
|poke|p1|Terrakion|
|poke|p1|Latias, F|
|poke|p1|Azumarill, M|
|poke|p1|Gyarados, M|
|poke|p1|Alakazam, F|
|poke|p2|Volcarona, F|
|poke|p2|Celesteela|
|poke|p2|Crawdaunt, F|
|poke|p2|Jirachi|
|poke|p2|Nihilego|
|poke|p2|Hippowdon, M|
|rule|Sleep Clause Mod: Limit one foe put to sleep
|rule|Species Clause: Limit one of each Pokémon
|rule|OHKO Clause: OHKO moves are banned
|rule|Evasion Moves Clause: Evasion moves are banned
|rule|Endless Battle Clause: Forcing endless battles is banned
|rule|HP Percentage Mod: HP is shown in percentages
|rule|Dynamax Clause: You cannot dynamax
|teampreview
|
|t:|1604589517
|start
|switch|p1a: Terrakion|Terrakion|100/100
|switch|p2a: Crawdaunt|Crawdaunt, F|100/100
|turn|1
|
|t:|1604589524
|switch|p2a: Hippowdon|Hippowdon, M|100/100
|-weather|Sandstorm|[from] ability: Sand Stream|[of] p2a: Hippowdon
|move|p1a: Terrakion|Close Combat|p2a: Hippowdon
|-damage|p2a: Hippowdon|69/100
|-unboost|p1a: Terrakion|def|1
|-unboost|p1a: Terrakion|spd|1
|-damage|p1a: Terrakion|84/100|[from] item: Rocky Helmet|[of] p2a: Hippowdon
|
|-weather|Sandstorm|[upkeep]
|upkeep
|turn|2
|
|t:|1604589530
|move|p1a: Terrakion|Taunt|p2a: Hippowdon
|-start|p2a: Hippowdon|move: Taunt
|cant|p2a: Hippowdon|move: Taunt|Slack Off
|
|-weather|Sandstorm|[upkeep]
|upkeep
|turn|3
|
|t:|1604589533
|move|p1a: Terrakion|Stealth Rock|p2a: Hippowdon
|-sidestart|p2: senegal|move: Stealth Rock
|move|p2a: Hippowdon|Earthquake|p1a: Terrakion
|-supereffective|p1a: Terrakion
|-damage|p1a: Terrakion|0 fnt
|faint|p1a: Terrakion
|
|-weather|Sandstorm|[upkeep]
|upkeep
|j| Solobigbagalert
|
|t:|1604589538
|switch|p1a: Gyarados|Gyarados, M|100/100
|turn|4
|
|t:|1604589549
|switch|p2a: Celesteela|Celesteela|100/100
|-damage|p2a: Celesteela|88/100|[from] Stealth Rock
|move|p1a: Gyarados|Dragon Dance|p1a: Gyarados
|-boost|p1a: Gyarados|atk|1
|-boost|p1a: Gyarados|spe|1
|
|-weather|Sandstorm|[upkeep]
|-damage|p1a: Gyarados|94/100|[from] Sandstorm
|-heal|p2a: Celesteela|94/100|[from] item: Leftovers
|upkeep
|turn|5
|
|t:|1604589553
|move|p1a: Gyarados|Dragon Dance|p1a: Gyarados
|-boost|p1a: Gyarados|atk|1
|-boost|p1a: Gyarados|spe|1
|move|p2a: Celesteela|Leech Seed|p1a: Gyarados
|-start|p1a: Gyarados|move: Leech Seed
|
|-weather|none
|-heal|p2a: Celesteela|99/100|[from] item: Leftovers
|-damage|p1a: Gyarados|82/100|[from] Leech Seed|[of] p2a: Celesteela
|-heal|p2a: Celesteela|100/100|[silent]
|upkeep
|turn|6
|
|t:|1604589557
|move|p1a: Gyarados|Waterfall|p2a: Celesteela
|-damage|p2a: Celesteela|35/100
|move|p2a: Celesteela|Rock Slide|p1a: Gyarados
|-supereffective|p1a: Gyarados
|-damage|p1a: Gyarados|39/100
|
|-heal|p2a: Celesteela|41/100|[from] item: Leftovers
|-damage|p1a: Gyarados|27/100|[from] Leech Seed|[of] p2a: Celesteela
|-heal|p2a: Celesteela|52/100|[silent]
|upkeep
|turn|7
|
|t:|1604589571
|switch|p2a: Hippowdon|Hippowdon, M|69/100
|-damage|p2a: Hippowdon|63/100|[from] Stealth Rock
|-weather|Sandstorm|[from] ability: Sand Stream|[of] p2a: Hippowdon
|move|p1a: Gyarados|Dragon Dance|p1a: Gyarados
|-boost|p1a: Gyarados|atk|1
|-boost|p1a: Gyarados|spe|1
|
|-weather|Sandstorm|[upkeep]
|-damage|p1a: Gyarados|21/100|[from] Sandstorm
|-damage|p1a: Gyarados|8/100|[from] Leech Seed|[of] p2a: Hippowdon
|-heal|p2a: Hippowdon|73/100|[silent]
|upkeep
|turn|8
|
|t:|1604589591
|move|p1a: Gyarados|Waterfall|p2a: Hippowdon
|-supereffective|p2a: Hippowdon
|-crit|p2a: Hippowdon
|-damage|p2a: Hippowdon|0 fnt
|-damage|p1a: Gyarados|0 fnt|[from] item: Rocky Helmet|[of] p2a: Hippowdon
|faint|p2a: Hippowdon
|faint|p1a: Gyarados
|
|-weather|Sandstorm|[upkeep]
|upkeep
|
|t:|1604589607
|switch|p1a: Bisharp|Bisharp, F|100/100
|switch|p2a: Celesteela|Celesteela|52/100
|-damage|p2a: Celesteela|39/100|[from] Stealth Rock
|turn|9
|
|t:|1604589610
|switch|p2a: Volcarona|Volcarona, F|100/100
|move|p1a: Bisharp|Knock Off|p2a: Volcarona
|-damage|p2a: Volcarona|52/100
|-status|p1a: Bisharp|brn|[from] ability: Flame Body|[of] p2a: Volcarona
|-enditem|p2a: Volcarona|Heavy-Duty Boots|[from] move: Knock Off|[of] p1a: Bisharp
|
|-weather|Sandstorm|[upkeep]
|-damage|p2a: Volcarona|46/100|[from] Sandstorm
|-damage|p1a: Bisharp|95/100 brn|[from] brn
|upkeep
|turn|10
|
|t:|1604589616
|switch|p1a: Latias|Latias, F|100/100
|move|p2a: Volcarona|Roost|p2a: Volcarona
|-heal|p2a: Volcarona|96/100
|-singleturn|p2a: Volcarona|move: Roost
|
|-weather|Sandstorm|[upkeep]
|-damage|p1a: Latias|95/100|[from] Sandstorm
|-damage|p2a: Volcarona|90/100|[from] Sandstorm
|upkeep
|turn|11
|
|t:|1604589622
|move|p1a: Latias|Healing Wish|p1a: Latias
|faint|p1a: Latias
|move|p2a: Volcarona|Defog|p1: Latias|[notarget]
|-fail|p2a: Volcarona
|
|-weather|none
|upkeep
|
|t:|1604589628
|switch|p1a: Azumarill|Azumarill, M|100/100
|turn|12
|
|t:|1604589632
|move|p2a: Volcarona|Defog|p1a: Azumarill
|-unboost|p1a: Azumarill|evasion|1
|-sideend|p2: senegal|Stealth Rock|[from] move: Defog|[of] p2a: Volcarona
|move|p1a: Azumarill|Belly Drum|p1a: Azumarill
|-damage|p1a: Azumarill|50/100
|-setboost|p1a: Azumarill|atk|6|[from] move: Belly Drum
|-enditem|p1a: Azumarill|Sitrus Berry|[eat]
|-heal|p1a: Azumarill|75/100|[from] item: Sitrus Berry
|
|upkeep
|turn|13
|
|t:|1604589636
|move|p1a: Azumarill|Aqua Jet|p2a: Volcarona
|-supereffective|p2a: Volcarona
|-damage|p2a: Volcarona|0 fnt
|faint|p2a: Volcarona
|
|upkeep
|-message|senegal forfeited.
|
|win|2 headed boy
|l|☆senegal
