|j|☆senegal
|j|☆SwitchingIsGreat
|t:|1661660657
|gametype|singles
|player|p1|senegal|265|1469
|player|p2|SwitchingIsGreat|2|1574
|teamsize|p1|6
|teamsize|p2|6
|gen|8
|tier|[Gen 8] UU
|rated|
|rule|Sleep Clause Mod: Limit one foe put to sleep
|rule|Species Clause: Limit one of each Pokémon
|rule|OHKO Clause: OHKO moves are banned
|rule|Evasion Items Clause: Evasion items are banned
|rule|Evasion Moves Clause: Evasion moves are banned
|rule|Endless Battle Clause: Forcing endless battles is banned
|rule|HP Percentage Mod: HP is shown in percentages
|rule|Dynamax Clause: You cannot dynamax
|clearpoke
|poke|p1|Nihilego|
|poke|p1|Salamence, M|
|poke|p1|Hippowdon, F|
|poke|p1|Conkeldurr, M|
|poke|p1|Articuno|
|poke|p1|Jirachi|
|poke|p2|Slowking, M|
|poke|p2|Keldeo-Resolute|
|poke|p2|Tangrowth, M|
|poke|p2|Nihilego|
|poke|p2|Skarmory, F|
|poke|p2|Mamoswine, F|
|teampreview
|
|t:|1661660669
|start
|switch|p1a: Hippowdon|Hippowdon, F|100/100
|switch|p2a: Slowking|Slowking, M|100/100
|-weather|Sandstorm|[from] ability: Sand Stream|[of] p1a: Hippowdon
|turn|1
|
|t:|1661660678
|switch|p1a: Jirachi|Jirachi|100/100
|switch|p2a: Skarmory|Skarmory, F|100/100
|
|-weather|Sandstorm|[upkeep]
|upkeep
|turn|2
|
|t:|1661660691
|switch|p1a: Articuno|Articuno|100/100
|-ability|p1a: Articuno|Pressure
|move|p2a: Skarmory|Spikes|p1a: Articuno
|-sidestart|p1: senegal|Spikes
|
|-weather|Sandstorm|[upkeep]
|-damage|p1a: Articuno|94/100|[from] Sandstorm
|upkeep
|turn|3
|
|t:|1661660697
|switch|p2a: Nihilego|Nihilego|100/100
|move|p1a: Articuno|Defog|p2a: Nihilego
|-unboost|p2a: Nihilego|evasion|1
|-sideend|p1: senegal|Spikes|[from] move: Defog|[of] p1a: Articuno
|
|-weather|Sandstorm|[upkeep]
|-damage|p1a: Articuno|88/100|[from] Sandstorm
|upkeep
|turn|4
|
|t:|1661660700
|switch|p1a: Jirachi|Jirachi|100/100
|move|p2a: Nihilego|Stealth Rock|p1a: Jirachi
|-sidestart|p1: senegal|move: Stealth Rock
|
|-weather|Sandstorm|[upkeep]
|upkeep
|turn|5
|
|t:|1661660705
|switch|p2a: Skarmory|Skarmory, F|100/100
|move|p1a: Jirachi|Body Slam|p2a: Skarmory
|-resisted|p2a: Skarmory
|-damage|p2a: Skarmory|94/100
|-status|p2a: Skarmory|par
|-damage|p1a: Jirachi|84/100|[from] item: Rocky Helmet|[of] p2a: Skarmory
|
|-weather|none
|-heal|p1a: Jirachi|90/100|[from] item: Leftovers
|upkeep
|turn|6
|
|t:|1661660712
|switch|p2a: Tangrowth|Tangrowth, M|100/100
|move|p1a: Jirachi|Wish|p1a: Jirachi
|
|-heal|p1a: Jirachi|96/100|[from] item: Leftovers
|upkeep
|turn|7
|
|t:|1661660717
|move|p1a: Jirachi|U-turn|p2a: Tangrowth
|-supereffective|p2a: Tangrowth
|-damage|p2a: Tangrowth|79/100
|
|t:|1661660724
|switch|p1a: Salamence|Salamence, M|100/100|[from]move: U-turn
|-ability|p1a: Salamence|Intimidate|boost
|-unboost|p2a: Tangrowth|atk|1
|move|p2a: Tangrowth|Knock Off|p1a: Salamence
|-damage|p1a: Salamence|90/100
|-enditem|p1a: Salamence|Heavy-Duty Boots|[from] move: Knock Off|[of] p2a: Tangrowth
|
|-heal|p1a: Salamence|100/100|[from] move: Wish|[wisher] Jirachi
|upkeep
|turn|8
|
|t:|1661660727
|switch|p2a: Nihilego|Nihilego|100/100
|move|p1a: Salamence|Toxic|p2a: Nihilego
|-immune|p2a: Nihilego
|
|upkeep
|turn|9
|
|t:|1661660735
|switch|p2a: Mamoswine|Mamoswine, F|100/100
|switch|p1a: Jirachi|Jirachi|96/100
|-damage|p1a: Jirachi|90/100|[from] Stealth Rock
|
|-heal|p1a: Jirachi|96/100|[from] item: Leftovers
|upkeep
|turn|10
|
|t:|1661660739
|switch|p1a: Salamence|Salamence, M|100/100
|-damage|p1a: Salamence|76/100|[from] Stealth Rock
|-ability|p1a: Salamence|Intimidate|boost
|-fail|p2a: Mamoswine|unboost|Attack|[from] ability: Oblivious|[of] p2a: Mamoswine
|move|p2a: Mamoswine|Knock Off|p1a: Salamence
|-damage|p1a: Salamence|54/100
|-damage|p2a: Mamoswine|91/100|[from] item: Life Orb
|
|upkeep
|turn|11
|
|t:|1661660746
|move|p2a: Mamoswine|Ice Shard|p1a: Salamence
|-supereffective|p1a: Salamence
|-damage|p1a: Salamence|0 fnt
|faint|p1a: Salamence
|-damage|p2a: Mamoswine|81/100|[from] item: Life Orb
|
|upkeep
|-message|senegal forfeited.
|
|win|SwitchingIsGreat
|raw|senegal's rating: 1469 &rarr; <strong>1455</strong><br />(-14 for losing)
|raw|SwitchingIsGreat's rating: 1574 &rarr; <strong>1588</strong><br />(+14 for winning)
|l|☆senegal
