|j|☆GrovyleIsBased
|j|☆Karolynia彡
|t:|1621298994
|gametype|singles
|player|p1|GrovyleIsBased|scientist-gen4dp|
|player|p2|Karolynia彡|n|
|teamsize|p1|6
|teamsize|p2|6
|gen|8
|tier|[Gen 8] UU
|rated|Tournament battle
|rule|Sleep Clause Mod: Limit one foe put to sleep
|rule|Species Clause: Limit one of each Pokémon
|rule|OHKO Clause: OHKO moves are banned
|rule|Evasion Moves Clause: Evasion moves are banned
|rule|Endless Battle Clause: Forcing endless battles is banned
|rule|HP Percentage Mod: HP is shown in percentages
|rule|Dynamax Clause: You cannot dynamax
|clearpoke
|poke|p1|Seismitoad, M|
|poke|p1|Mantine, M|
|poke|p1|Politoed, F|
|poke|p1|Barraskewda, M|
|poke|p1|Kingdra, F|
|poke|p1|Lanturn, F|
|poke|p2|Rotom-Wash|
|poke|p2|Scizor, M|
|poke|p2|Salamence, M|
|poke|p2|Amoonguss, M|
|poke|p2|Chandelure, M|
|poke|p2|Mamoswine, M|
|teampreview
|j| scheff
|j| jojoreference4444
|c|☆GrovyleIsBased|hehe
|c|☆Karolynia彡|glhf
|c|☆GrovyleIsBased|likewise
|
|t:|1621299021
|start
|switch|p1a: Lanturn|Lanturn, F|100/100
|switch|p2a: Amorgos|Amoonguss, M|100/100
|turn|1
|
|t:|1621299032
|switch|p1a: Politoed|Politoed, F|100/100
|-weather|RainDance|[from] ability: Drizzle|[of] p1a: Politoed
|move|p2a: Amorgos|Spore|p1a: Politoed
|-status|p1a: Politoed|slp|[from] move: Spore
|
|-weather|RainDance|[upkeep]
|upkeep
|turn|2
|
|t:|1621299046
|switch|p1a: Kingdra|Kingdra, F|100/100
|switch|p2a: Truffle|Mamoswine, M|100/100
|
|-weather|RainDance|[upkeep]
|upkeep
|turn|3
|
|t:|1621299050
|move|p1a: Kingdra|Hydro Pump|p2a: Truffle
|-supereffective|p2a: Truffle
|-enditem|p2a: Truffle|Focus Sash
|-damage|p2a: Truffle|1/100
|move|p2a: Truffle|Earthquake|p1a: Kingdra
|-damage|p1a: Kingdra|38/100
|
|-weather|RainDance|[upkeep]
|upkeep
|turn|4
|
|t:|1621299060
|switch|p1a: Mantine|Mantine, M|100/100
|switch|p2a: Amorgos|Amoonguss, M|100/100
|
|-weather|RainDance|[upkeep]
|upkeep
|turn|5
|
|t:|1621299064
|switch|p2a: Rostom-Wash|Rotom-Wash, shiny|100/100
|move|p1a: Mantine|Hurricane|p2a: Rostom-Wash
|-resisted|p2a: Rostom-Wash
|-damage|p2a: Rostom-Wash|79/100
|
|-weather|RainDance|[upkeep]
|-heal|p2a: Rostom-Wash|85/100|[from] item: Leftovers
|upkeep
|turn|6
|
|t:|1621299070
|switch|p1a: Lanturn|Lanturn, F|100/100
|switch|p2a: Truffle|Mamoswine, M|1/100
|
|-weather|RainDance|[upkeep]
|upkeep
|turn|7
|
|t:|1621299075
|switch|p1a: Mantine|Mantine, M|100/100
|move|p2a: Truffle|Stealth Rock|p1a: Mantine
|-sidestart|p1: GrovyleIsBased|move: Stealth Rock
|
|-weather|RainDance|[upkeep]
|upkeep
|turn|8
|j| Krook❤King
|
|t:|1621299082
|move|p1a: Mantine|Scald|p2a: Truffle
|-supereffective|p2a: Truffle
|-damage|p2a: Truffle|0 fnt
|faint|p2a: Truffle
|
|-weather|none
|upkeep
|
|t:|1621299087
|switch|p2a: Alamance|Salamence, M|100/100
|turn|9
|
|t:|1621299106
|move|p2a: Alamance|Dragon Dance|p2a: Alamance
|-boost|p2a: Alamance|atk|1
|-boost|p2a: Alamance|spe|1
|move|p1a: Mantine|Ice Beam|p2a: Alamance
|-supereffective|p2a: Alamance
|-damage|p2a: Alamance|0 fnt
|faint|p2a: Alamance
|
|upkeep
|c|☆Karolynia彡|oof
|j| Ara
|
|t:|1621299116
|switch|p2a: Rostom-Wash|Rotom-Wash, shiny|85/100
|turn|10
|c|☆GrovyleIsBased|mantine op
|
|t:|1621299119
|switch|p1a: Politoed|Politoed, F|100/100 slp
|-damage|p1a: Politoed|88/100 slp|[from] Stealth Rock
|-weather|RainDance|[from] ability: Drizzle|[of] p1a: Politoed
|move|p2a: Rostom-Wash|Volt Switch|p1a: Politoed
|-supereffective|p1a: Politoed
|-damage|p1a: Politoed|56/100 slp
|
|t:|1621299127
|switch|p2a: Vasectomy|Scizor, M|100/100|[from]move: Volt Switch
|
|-weather|RainDance|[upkeep]
|upkeep
|turn|11
|
|t:|1621299131
|move|p2a: Vasectomy|Swords Dance|p2a: Vasectomy
|-boost|p2a: Vasectomy|atk|2
|cant|p1a: Politoed|slp
|
|-weather|RainDance|[upkeep]
|upkeep
|turn|12
|l| scheff
|l| Krook❤King
|
|t:|1621299139
|move|p2a: Vasectomy|Knock Off|p1a: Politoed
|-damage|p1a: Politoed|0 fnt
|-enditem|p1a: Politoed|Damp Rock|[from] move: Knock Off|[of] p2a: Vasectomy
|faint|p1a: Politoed
|
|-weather|RainDance|[upkeep]
|upkeep
|j| scheff
|
|t:|1621299145
|switch|p1a: Seismitoad|Seismitoad, M|100/100
|-damage|p1a: Seismitoad|95/100|[from] Stealth Rock
|turn|13
|
|t:|1621299155
|move|p1a: Seismitoad|Liquidation|p2a: Vasectomy
|-damage|p2a: Vasectomy|11/100
|-damage|p1a: Seismitoad|85/100|[from] item: Life Orb
|move|p2a: Vasectomy|U-turn|p1a: Seismitoad
|-damage|p1a: Seismitoad|0 fnt
|faint|p1a: Seismitoad
|c|☆GrovyleIsBased|alright
|c|☆GrovyleIsBased|i shoudlve kept my scizor
|
|t:|1621299176
|switch|p2a: Rostom-Wash|Rotom-Wash, shiny|85/100|[from]move: U-turn
|
|-weather|RainDance|[upkeep]
|-heal|p2a: Rostom-Wash|92/100|[from] item: Leftovers
|upkeep
|j| SuloTheBoi...!?
|
|t:|1621299194
|switch|p1a: Lanturn|Lanturn, F|100/100
|-damage|p1a: Lanturn|88/100|[from] Stealth Rock
|turn|14
|l| Ara
|
|t:|1621299200
|switch|p2a: Amorgos|Amoonguss, M|100/100
|move|p1a: Lanturn|Thunder|p2a: Amorgos
|-resisted|p2a: Amorgos
|-damage|p2a: Amorgos|81/100
|
|-weather|RainDance|[upkeep]
|-heal|p1a: Lanturn|94/100|[from] item: Leftovers
|upkeep
|turn|15
|
|t:|1621299205
|move|p1a: Lanturn|Ice Beam|p2a: Amorgos
|-supereffective|p2a: Amorgos
|-damage|p2a: Amorgos|39/100
|move|p2a: Amorgos|Spore|p1a: Lanturn
|-status|p1a: Lanturn|slp|[from] move: Spore
|
|-weather|RainDance|[upkeep]
|-heal|p1a: Lanturn|100/100 slp|[from] item: Leftovers
|upkeep
|turn|16
|
|t:|1621299209
|cant|p1a: Lanturn|slp
|move|p2a: Amorgos|Giga Drain|p1a: Lanturn
|-supereffective|p1a: Lanturn
|-damage|p1a: Lanturn|60/100 slp
|-heal|p2a: Amorgos|59/100|[from] drain|[of] p1a: Lanturn
|
|-weather|RainDance|[upkeep]
|-heal|p1a: Lanturn|66/100 slp|[from] item: Leftovers
|upkeep
|turn|17
|
|t:|1621299213
|cant|p1a: Lanturn|slp
|move|p2a: Amorgos|Giga Drain|p1a: Lanturn
|-supereffective|p1a: Lanturn
|-damage|p1a: Lanturn|26/100 slp
|-heal|p2a: Amorgos|79/100|[from] drain|[of] p1a: Lanturn
|
|-weather|none
|-heal|p1a: Lanturn|32/100 slp|[from] item: Leftovers
|upkeep
|turn|18
|
|t:|1621299216
|cant|p1a: Lanturn|slp
|move|p2a: Amorgos|Giga Drain|p1a: Lanturn
|-supereffective|p1a: Lanturn
|-damage|p1a: Lanturn|0 fnt
|-heal|p2a: Amorgos|94/100|[from] drain|[of] p1a: Lanturn
|faint|p1a: Lanturn
|
|upkeep
|c|☆GrovyleIsBased|shessh
|
|t:|1621299221
|switch|p1a: Mantine|Mantine, M|100/100
|turn|19
|
|t:|1621299224
|move|p1a: Mantine|Ice Beam|p2a: Amorgos
|-supereffective|p2a: Amorgos
|-damage|p2a: Amorgos|57/100
|move|p2a: Amorgos|Spore|p1a: Mantine
|-status|p1a: Mantine|slp|[from] move: Spore
|
|upkeep
|turn|20
|
|t:|1621299229
|switch|p1a: Kingdra|Kingdra, F|38/100
|-damage|p1a: Kingdra|26/100|[from] Stealth Rock
|switch|p2a: Rostom-Wash|Rotom-Wash, shiny|92/100
|
|-heal|p2a: Rostom-Wash|98/100|[from] item: Leftovers
|upkeep
|turn|21
|
|t:|1621299233
|move|p2a: Rostom-Wash|Volt Switch|p1a: Kingdra
|-damage|p1a: Kingdra|0 fnt
|faint|p1a: Kingdra
|c|☆GrovyleIsBased|alright
|c|☆GrovyleIsBased|i may have lost
|
|t:|1621299246
|switch|p2a: Shandy|Chandelure, M, shiny|100/100|[from]move: Volt Switch
|
|upkeep
|
|t:|1621299249
|switch|p1a: Barraskewda|Barraskewda, M|100/100
|-damage|p1a: Barraskewda|88/100|[from] Stealth Rock
|turn|22
|c|☆Karolynia彡|looks like it
|
|t:|1621299253
|move|p2a: Shandy|Energy Ball|p1a: Barraskewda
|-supereffective|p1a: Barraskewda
|-damage|p1a: Barraskewda|0 fnt
|faint|p1a: Barraskewda
|
|upkeep
|c|☆GrovyleIsBased|scarf
|j| Can’tFight
|c|☆Karolynia彡|uh huh
|c|☆GrovyleIsBased|and thats it
|c|☆GrovyleIsBased|gg
|c| jojoreference4444|scarf chandy
|c| jojoreference4444|lmao
|c|☆Karolynia彡|gg
|-message|GrovyleIsBased forfeited.
|
|win|Karolynia彡
|n|☆GrovyleIsBased|grovyleisbased
|n|☆Karolynia彡|karolynia
|n| jojoreference4444|jojoreference4444
|n| scheff|scheff
|n| SuloTheBoi...!?|sulotheboi
|n| Can’tFight|cantfight
