|j|☆ojr
|j|☆uult81x str
|t:|1621451531
|gametype|singles
|player|p1|ojr|camper|1499
|player|p2|uult81x str|265|1404
|teamsize|p1|6
|teamsize|p2|6
|gen|8
|tier|[Gen 8] UU
|rated|
|rule|Sleep Clause Mod: Limit one foe put to sleep
|rule|Species Clause: Limit one of each Pokémon
|rule|OHKO Clause: OHKO moves are banned
|rule|Evasion Moves Clause: Evasion moves are banned
|rule|Endless Battle Clause: Forcing endless battles is banned
|rule|HP Percentage Mod: HP is shown in percentages
|rule|Dynamax Clause: You cannot dynamax
|clearpoke
|poke|p1|Druddigon, M|
|poke|p1|Duraludon, M|
|poke|p1|Kommo-o, M|
|poke|p1|Salamence, F|
|poke|p1|Haxorus, F|
|poke|p1|Goodra, M|
|poke|p2|Nidoqueen, F|
|poke|p2|Zarude-Dada|
|poke|p2|Salamence, F|
|poke|p2|Rotom-Wash|
|poke|p2|Scizor, M|
|poke|p2|Reuniclus, F|
|teampreview
|inactive|Battle timer is ON: inactive players will automatically lose when time's up. (requested by ojr)
|
|t:|1621451547
|start
|switch|p1a: askov in wcop|Druddigon, M|100/100
|switch|p2a: Salamence|Salamence, F|100/100
|-ability|p2a: Salamence|Intimidate|boost
|-unboost|p1a: askov in wcop|atk|1
|turn|1
|
|t:|1621451551
|move|p2a: Salamence|Draco Meteor|p1a: askov in wcop
|-supereffective|p1a: askov in wcop
|-damage|p1a: askov in wcop|1/100
|-unboost|p2a: Salamence|spa|2
|move|p1a: askov in wcop|Glare|p2a: Salamence
|-status|p2a: Salamence|par
|
|upkeep
|turn|2
|
|t:|1621451558
|move|p1a: askov in wcop|Stealth Rock|p2a: Salamence
|-sidestart|p2: uult81x str|move: Stealth Rock
|move|p2a: Salamence|Flamethrower|p1a: askov in wcop
|-resisted|p1a: askov in wcop
|-damage|p1a: askov in wcop|0 fnt
|faint|p1a: askov in wcop
|
|upkeep
|
|t:|1621451572
|switch|p1a: askov in snake|Salamence, F|100/100
|turn|3
|
|t:|1621451576
|move|p1a: askov in snake|Dragon Dance|p1a: askov in snake
|-boost|p1a: askov in snake|atk|1
|-boost|p1a: askov in snake|spe|1
|move|p2a: Salamence|Toxic|p1a: askov in snake
|-status|p1a: askov in snake|tox
|
|-damage|p1a: askov in snake|94/100 tox|[from] psn
|upkeep
|turn|4
|
|t:|1621451589
|move|p1a: askov in snake|Dragon Dance|p1a: askov in snake
|-boost|p1a: askov in snake|atk|1
|-boost|p1a: askov in snake|spe|1
|cant|p2a: Salamence|par
|
|-damage|p1a: askov in snake|82/100 tox|[from] psn
|upkeep
|turn|5
|
|t:|1621451612
|switch|p2a: Zarude|Zarude-Dada|100/100
|-damage|p2a: Zarude|88/100|[from] Stealth Rock
|move|p1a: askov in snake|Outrage|p2a: Zarude
|-damage|p2a: Zarude|0 fnt
|faint|p2a: Zarude
|-ability|p1a: askov in snake|Moxie|boost
|-boost|p1a: askov in snake|atk|1
|
|-damage|p1a: askov in snake|64/100 tox|[from] psn
|upkeep
|
|t:|1621451617
|switch|p2a: Scizor|Scizor, M|100/100
|-damage|p2a: Scizor|88/100|[from] Stealth Rock
|turn|6
|
|t:|1621451627
|move|p1a: askov in snake|Outrage|p2a: Scizor|[from]lockedmove
|-resisted|p2a: Scizor
|-damage|p2a: Scizor|12/100
|move|p2a: Scizor|Roost|p2a: Scizor
|-heal|p2a: Scizor|62/100
|-singleturn|p2a: Scizor|move: Roost
|
|-damage|p1a: askov in snake|40/100 tox|[from] psn
|upkeep
|turn|7
|
|t:|1621451634
|move|p2a: Scizor|Bullet Punch|p1a: askov in snake
|-damage|p1a: askov in snake|0 fnt
|faint|p1a: askov in snake
|
|upkeep
|
|t:|1621451649
|switch|p1a: askov in spl|Duraludon, M|100/100
|turn|8
|
|t:|1621451653
|switch|p2a: Reuniclus|Reuniclus, F, shiny|100/100
|-damage|p2a: Reuniclus|88/100|[from] Stealth Rock
|move|p1a: askov in spl|Reflect|p1a: askov in spl
|-sidestart|p1: ojr|Reflect
|
|upkeep
|turn|9
|
|t:|1621451657
|move|p1a: askov in spl|Light Screen|p1a: askov in spl
|-sidestart|p1: ojr|move: Light Screen
|move|p2a: Reuniclus|Future Sight|p1a: askov in spl
|-start|p2a: Reuniclus|move: Future Sight
|
|upkeep
|turn|10
|
|t:|1621451661
|move|p1a: askov in spl|Thunder Wave|p2a: Reuniclus|[miss]
|-miss|p1a: askov in spl|p2a: Reuniclus
|move|p2a: Reuniclus|Focus Blast|p1a: askov in spl|[miss]
|-miss|p2a: Reuniclus|p1a: askov in spl
|
|upkeep
|turn|11
|
|t:|1621451666
|switch|p2a: Rotom|Rotom-Wash|100/100
|-damage|p2a: Rotom|88/100|[from] Stealth Rock
|move|p1a: askov in spl|Thunder Wave|p2a: Rotom
|-immune|p2a: Rotom
|
|-end|p1a: askov in spl|move: Future Sight
|-resisted|p1a: askov in spl
|-damage|p1a: askov in spl|57/100
|upkeep
|turn|12
|
|t:|1621451669
|move|p2a: Rotom|Trick|p1a: askov in spl
|-activate|p2a: Rotom|move: Trick|[of] p1a: askov in spl
|-item|p1a: askov in spl|Choice Scarf|[from] move: Trick
|-item|p2a: Rotom|Light Clay|[from] move: Trick
|move|p1a: askov in spl|Steel Beam|p2a: Rotom
|-resisted|p2a: Rotom
|-damage|p2a: Rotom|74/100
|-damage|p1a: askov in spl|7/100|[from] mindblown
|
|upkeep
|turn|13
|
|t:|1621451700
|switch|p2a: Salamence|Salamence, F|100/100 par
|-ability|p2a: Salamence|Intimidate|boost
|-unboost|p1a: askov in spl|atk|1
|move|p1a: askov in spl|Steel Beam|p2a: Salamence
|-damage|p2a: Salamence|45/100 par
|-damage|p1a: askov in spl|0 fnt|[from] mindblown
|faint|p1a: askov in spl
|
|upkeep
|
|t:|1621451710
|switch|p1a: askov in UUPL|Kommo-o, M|100/100
|turn|14
|
|t:|1621451714
|move|p1a: askov in UUPL|Clangorous Soul|p1a: askov in UUPL
|-boost|p1a: askov in UUPL|atk|1
|-boost|p1a: askov in UUPL|def|1
|-boost|p1a: askov in UUPL|spa|1
|-boost|p1a: askov in UUPL|spd|1
|-boost|p1a: askov in UUPL|spe|1
|-damage|p1a: askov in UUPL|68/100
|-enditem|p1a: askov in UUPL|Throat Spray
|-boost|p1a: askov in UUPL|spa|1|[from] item: Throat Spray
|cant|p2a: Salamence|par
|
|upkeep
|turn|15
|j| itsjustdrew☆
|
|t:|1621451722
|move|p1a: askov in UUPL|Boomburst|p2a: Salamence
|-crit|p2a: Salamence
|-damage|p2a: Salamence|0 fnt
|faint|p2a: Salamence
|
|-sideend|p1: ojr|Reflect
|upkeep
|
|t:|1621451726
|switch|p2a: Reuniclus|Reuniclus, F, shiny|100/100
|-damage|p2a: Reuniclus|88/100|[from] Stealth Rock
|turn|16
|
|t:|1621451731
|move|p1a: askov in UUPL|Clanging Scales|p2a: Reuniclus
|-damage|p2a: Reuniclus|39/100
|-unboost|p1a: askov in UUPL|def|1
|move|p2a: Reuniclus|Psyshock|p1a: askov in UUPL
|-supereffective|p1a: askov in UUPL
|-damage|p1a: askov in UUPL|30/100
|
|-sideend|p1: ojr|move: Light Screen
|upkeep
|turn|17
|
|t:|1621451741
|switch|p2a: Rotom|Rotom-Wash|74/100
|-damage|p2a: Rotom|62/100|[from] Stealth Rock
|move|p1a: askov in UUPL|Boomburst|p2a: Rotom
|-damage|p2a: Rotom|0 fnt
|faint|p2a: Rotom
|
|upkeep
|
|t:|1621451746
|switch|p2a: Scizor|Scizor, M|62/100
|-damage|p2a: Scizor|50/100|[from] Stealth Rock
|turn|18
|
|t:|1621451748
|move|p2a: Scizor|Bullet Punch|p1a: askov in UUPL
|-crit|p1a: askov in UUPL
|-damage|p1a: askov in UUPL|0 fnt
|faint|p1a: askov in UUPL
|
|upkeep
|
|t:|1621451758
|switch|p1a: askov in FFA|Haxorus, F|100/100
|-ability|p1a: askov in FFA|Mold Breaker
|turn|19
|
|t:|1621451763
|move|p1a: askov in FFA|Close Combat|p2a: Scizor
|-damage|p2a: Scizor|0 fnt
|-unboost|p1a: askov in FFA|def|1
|-unboost|p1a: askov in FFA|spd|1
|faint|p2a: Scizor
|-damage|p1a: askov in FFA|91/100|[from] item: Life Orb
|
|upkeep
|
|t:|1621451768
|switch|p2a: Nidoqueen|Nidoqueen, F|100/100
|-damage|p2a: Nidoqueen|94/100|[from] Stealth Rock
|turn|20
|
|t:|1621451771
|switch|p1a: askov in RUPL|Goodra, M|100/100
|move|p2a: Nidoqueen|Ice Beam|p1a: askov in RUPL
|-supereffective|p1a: askov in RUPL
|-damage|p1a: askov in RUPL|41/100
|
|upkeep
|turn|21
|l| itsjustdrew☆
|
|t:|1621451782
|switch|p2a: Reuniclus|Reuniclus, F, shiny|72/100
|-damage|p2a: Reuniclus|60/100|[from] Stealth Rock
|move|p1a: askov in RUPL|Earthquake|p2a: Reuniclus
|-damage|p2a: Reuniclus|40/100
|
|upkeep
|turn|22
|
|t:|1621451787
|move|p1a: askov in RUPL|Earthquake|p2a: Reuniclus
|-damage|p2a: Reuniclus|19/100
|move|p2a: Reuniclus|Future Sight|p1a: askov in RUPL
|-start|p2a: Reuniclus|move: Future Sight
|
|upkeep
|turn|23
|
|t:|1621451792
|move|p1a: askov in RUPL|Earthquake|p2a: Reuniclus
|-crit|p2a: Reuniclus
|-damage|p2a: Reuniclus|0 fnt
|faint|p2a: Reuniclus
|
|upkeep
|
|t:|1621451794
|switch|p2a: Nidoqueen|Nidoqueen, F|94/100
|-damage|p2a: Nidoqueen|88/100|[from] Stealth Rock
|turn|24
|
|t:|1621451797
|move|p1a: askov in RUPL|Earthquake|p2a: Nidoqueen
|-supereffective|p2a: Nidoqueen
|-damage|p2a: Nidoqueen|41/100
|move|p2a: Nidoqueen|Ice Beam|p1a: askov in RUPL
|-supereffective|p1a: askov in RUPL
|-damage|p1a: askov in RUPL|0 fnt
|faint|p1a: askov in RUPL
|
|-hint|Future Sight did not hit because the target is fainted.
|upkeep
|
|t:|1621451799
|switch|p1a: askov in FFA|Haxorus, F|91/100
|-ability|p1a: askov in FFA|Mold Breaker
|turn|25
|
|t:|1621451802
|move|p1a: askov in FFA|Scale Shot|p2a: Nidoqueen
|-damage|p2a: Nidoqueen|21/100
|-damage|p2a: Nidoqueen|1/100
|-damage|p2a: Nidoqueen|0 fnt
|faint|p2a: Nidoqueen
|-hitcount|p2: Nidoqueen|3
|-damage|p1a: askov in FFA|81/100|[from] item: Life Orb
|
|win|ojr
|c|☆ojr|gg
|raw|ojr's rating: 1499 &rarr; <strong>1514</strong><br />(+15 for winning)
|raw|uult81x str's rating: 1404 &rarr; <strong>1389</strong><br />(-15 for losing)
|l|☆uult81x str
