|html|<div class="broadcast-blue"><strong>[Gen 8] UU is currently suspecting Latias! For information on how to participate check out the <a href="https://www.smogon.com/forums/threads/np-ss-uu-stage-8-2-cherry.3676723/">suspect thread</a>.</strong></div>
|j|☆LolzMachine
|j|☆ChefMichelDumas
|t:|1612364142
|player|p1|LolzMachine|294|1651
|player|p2|ChefMichelDumas|waiter|1370
|teamsize|p1|6
|teamsize|p2|6
|gametype|singles
|gen|8
|tier|[Gen 8] UU
|rated|
|clearpoke
|poke|p1|Regidrago|
|poke|p1|Araquanid, M|
|poke|p1|Nidoqueen, F|
|poke|p1|Moltres-Galar|
|poke|p1|Mimikyu, M|
|poke|p1|Bisharp, M|
|poke|p2|Grimmsnarl, M|
|poke|p2|Krookodile, F|
|poke|p2|Gyarados, F|
|poke|p2|Kommo-o, M|
|poke|p2|Moltres-Galar|
|poke|p2|Magmortar, M|
|rule|Sleep Clause Mod: Limit one foe put to sleep
|rule|Species Clause: Limit one of each Pokémon
|rule|OHKO Clause: OHKO moves are banned
|rule|Evasion Moves Clause: Evasion moves are banned
|rule|Endless Battle Clause: Forcing endless battles is banned
|rule|HP Percentage Mod: HP is shown in percentages
|rule|Dynamax Clause: You cannot dynamax
|teampreview
|
|t:|1612364164
|start
|switch|p1a: Araquanid|Araquanid, M|100/100
|switch|p2a: Krookodile|Krookodile, F|100/100
|-ability|p2a: Krookodile|Intimidate|boost
|-unboost|p1a: Araquanid|atk|1
|turn|1
|
|t:|1612364174
|move|p2a: Krookodile|Stealth Rock|p1a: Araquanid
|-sidestart|p1: LolzMachine|move: Stealth Rock
|move|p1a: Araquanid|Liquidation|p2a: Krookodile
|-supereffective|p2a: Krookodile
|-enditem|p2a: Krookodile|Focus Sash
|-damage|p2a: Krookodile|1/100
|
|upkeep
|turn|2
|
|t:|1612364178
|move|p2a: Krookodile|Knock Off|p1a: Araquanid
|-damage|p1a: Araquanid|43/100
|-enditem|p1a: Araquanid|Focus Sash|[from] move: Knock Off|[of] p2a: Krookodile
|move|p1a: Araquanid|Sticky Web|p2a: Krookodile
|-sidestart|p2: ChefMichelDumas|move: Sticky Web
|
|upkeep
|turn|3
|
|t:|1612364187
|move|p1a: Araquanid|Magic Coat|p1a: Araquanid
|-singleturn|p1a: Araquanid|move: Magic Coat
|move|p2a: Krookodile|Earthquake|p1a: Araquanid
|-resisted|p1a: Araquanid
|-damage|p1a: Araquanid|12/100
|
|upkeep
|turn|4
|
|t:|1612364191
|move|p2a: Krookodile|Earthquake|p1a: Araquanid
|-resisted|p1a: Araquanid
|-damage|p1a: Araquanid|0 fnt
|faint|p1a: Araquanid
|
|upkeep
|
|t:|1612364222
|switch|p1a: Mimikyu|Mimikyu, M|100/100
|-damage|p1a: Mimikyu|88/100|[from] Stealth Rock
|turn|5
|
|t:|1612364227
|move|p1a: Mimikyu|Shadow Sneak|p2a: Krookodile
|-resisted|p2a: Krookodile
|-damage|p2a: Krookodile|0 fnt
|-damage|p1a: Mimikyu|78/100|[from] item: Life Orb
|faint|p2a: Krookodile
|
|upkeep
|
|t:|1612364231
|switch|p2a: Grimmsnarl|Grimmsnarl, M|100/100
|-activate|p2a: Grimmsnarl|move: Sticky Web
|-unboost|p2a: Grimmsnarl|spe|1
|turn|6
|
|t:|1612364233
|move|p1a: Mimikyu|Play Rough|p2a: Grimmsnarl
|-supereffective|p2a: Grimmsnarl
|-damage|p2a: Grimmsnarl|0 fnt
|-damage|p1a: Mimikyu|68/100|[from] item: Life Orb
|faint|p2a: Grimmsnarl
|
|upkeep
|
|t:|1612364242
|switch|p2a: Gyarados|Gyarados, F|100/100
|turn|7
|
|t:|1612364245
|move|p1a: Mimikyu|Play Rough|p2a: Gyarados
|-damage|p2a: Gyarados|36/100
|-damage|p1a: Mimikyu|58/100|[from] item: Life Orb
|move|p2a: Gyarados|Waterfall|p1a: Mimikyu
|-activate|p1a: Mimikyu|ability: Disguise
|-damage|p1a: Mimikyu|58/100
|detailschange|p1a: Mimikyu|Mimikyu-Busted, M
|-damage|p1a: Mimikyu|46/100|[from] pokemon: Mimikyu-Busted
|
|upkeep
|turn|8
|
|t:|1612364259
|move|p1a: Mimikyu|Shadow Claw|p2a: Gyarados
|-damage|p2a: Gyarados|0 fnt
|-damage|p1a: Mimikyu|36/100|[from] item: Life Orb
|faint|p2a: Gyarados
|
|upkeep
|
|t:|1612364265
|switch|p2a: Moltres|Moltres-Galar|100/100
|turn|9
|
|t:|1612364269
|move|p1a: Mimikyu|Play Rough|p2a: Moltres
|-supereffective|p2a: Moltres
|-damage|p2a: Moltres|0 fnt
|-damage|p1a: Mimikyu|26/100|[from] item: Life Orb
|faint|p2a: Moltres
|
|upkeep
|-message|ChefMichelDumas forfeited.
|
|win|LolzMachine
||Ladder (probably) updated, but score could not be retrieved (Request timeout).
