|j|☆Humbert CQ
|j|☆Bamarah
|player|p1|Humbert CQ|jasmine|1424
|player|p2|Bamarah|eusine-gen2|1425
|teamsize|p1|6
|teamsize|p2|6
|gametype|singles
|gen|8
|tier|[Gen 8] UU
|rated|
|clearpoke
|poke|p1|Skarmory, F|
|poke|p1|Starmie|
|poke|p1|Scolipede, M|
|poke|p1|Mienshao, M|
|poke|p1|Slowking, F|
|poke|p1|Grimmsnarl, M|
|poke|p2|Noivern, M|
|poke|p2|Keldeo-Resolute|
|poke|p2|Darmanitan, M|
|poke|p2|Chandelure, M|
|poke|p2|Skarmory, M|
|poke|p2|Blissey, F|
|rule|Sleep Clause Mod: Limit one foe put to sleep
|rule|Species Clause: Limit one of each Pokémon
|rule|OHKO Clause: OHKO moves are banned
|rule|Evasion Moves Clause: Evasion moves are banned
|rule|Endless Battle Clause: Forcing endless battles is banned
|rule|HP Percentage Mod: HP is shown in percentages
|rule|Dynamax Clause: You cannot dynamax
|teampreview
|inactive|Battle timer is ON: inactive players will automatically lose when time's up. (requested by Bamarah)
|
|start
|switch|p1a: Scolipede|Scolipede, M|100/100
|switch|p2a: Darmanitan|Darmanitan, M, shiny|100/100
|turn|1
|
|move|p2a: Darmanitan|Flare Blitz|p1a: Scolipede
|-supereffective|p1a: Scolipede
|-damage|p1a: Scolipede|0 fnt
|-damage|p2a: Darmanitan|76/100|[from] Recoil
|faint|p1a: Scolipede
|
|upkeep
|
|switch|p1a: Slowking|Slowking, F|100/100
|turn|2
|
|switch|p2a: Blissey|Blissey, F, shiny|100/100
|move|p1a: Slowking|Toxic|p2a: Blissey
|-status|p2a: Blissey|tox
|
|-damage|p2a: Blissey|94/100 tox|[from] psn
|upkeep
|turn|3
|j| Hugh Langford
|l| Hugh Langford
|
|move|p2a: Blissey|Thunder Wave|p1a: Slowking
|-status|p1a: Slowking|par
|move|p1a: Slowking|Teleport|p1a: Slowking
|
|switch|p1a: Mienshao|Mienshao, M|100/100|[from]move: Teleport
|
|-heal|p2a: Blissey|100/100 tox|[from] item: Leftovers
|-damage|p2a: Blissey|88/100 tox|[from] psn
|upkeep
|turn|4
|
|switch|p2a: Skarmory|Skarmory, M, shiny|100/100
|move|p1a: Mienshao|Knock Off|p2a: Skarmory
|-damage|p2a: Skarmory|68/100
|-enditem|p2a: Skarmory|Leftovers|[from] move: Knock Off|[of] p1a: Mienshao
|-damage|p1a: Mienshao|91/100|[from] item: Life Orb
|
|upkeep
|turn|5
|
|switch|p1a: Skarmory|Skarmory, F|100/100
|move|p2a: Skarmory|Toxic|p1a: Skarmory
|-immune|p1a: Skarmory
|
|upkeep
|turn|6
|
|switch|p2a: Chandelure|Chandelure, M, shiny|100/100
|move|p1a: Skarmory|Spikes|p2a: Chandelure
|-sidestart|p2: Bamarah|Spikes
|
|upkeep
|turn|7
|
|move|p2a: Chandelure|Shadow Ball|p1a: Skarmory
|-damage|p1a: Skarmory|41/100
|-unboost|p1a: Skarmory|spd|1
|move|p1a: Skarmory|Brave Bird|p2a: Chandelure
|-damage|p2a: Chandelure|51/100
|-damage|p1a: Skarmory|28/100|[from] Recoil
|
|upkeep
|turn|8
|
|move|p2a: Chandelure|Shadow Ball|p1a: Skarmory
|-damage|p1a: Skarmory|0 fnt
|faint|p1a: Skarmory
|
|upkeep
|
|switch|p1a: Grimmsnarl|Grimmsnarl, M|100/100
|turn|9
|inactive|Bamarah has 120 seconds left.
|
|switch|p2a: Skarmory|Skarmory, M, shiny|68/100
|move|p1a: Grimmsnarl|Bulk Up|p1a: Grimmsnarl
|-boost|p1a: Grimmsnarl|atk|1
|-boost|p1a: Grimmsnarl|def|1
|
|upkeep
|turn|10
|
|move|p1a: Grimmsnarl|Substitute|p1a: Grimmsnarl
|-start|p1a: Grimmsnarl|Substitute
|-damage|p1a: Grimmsnarl|76/100
|move|p2a: Skarmory|Iron Defense|p2a: Skarmory
|-boost|p2a: Skarmory|def|2
|
|-heal|p1a: Grimmsnarl|82/100|[from] item: Leftovers
|upkeep
|turn|11
|-message|Humbert CQ forfeited.
|
|win|Bamarah
|l|☆Humbert CQ
