|html|<div class="broadcast-blue"><strong>[Gen 8] UU is currently suspecting Mienshao! For information on how to participate check out the <a href="https://www.smogon.com/forums/threads/np-ss-uu-stage-10-3-pumped-up-kicks.3694543/">suspect thread</a>.</strong></div>
|j|☆Alkassab
|j|☆bioche80
|t:|1640028423
|gametype|singles
|player|p1|Alkassab|169|1265
|player|p2|bioche80|266|1441
|teamsize|p1|6
|teamsize|p2|6
|gen|8
|tier|[Gen 8] UU
|rated|
|rule|Sleep Clause Mod: Limit one foe put to sleep
|rule|Species Clause: Limit one of each Pokémon
|rule|OHKO Clause: OHKO moves are banned
|rule|Evasion Moves Clause: Evasion moves are banned
|rule|Endless Battle Clause: Forcing endless battles is banned
|rule|HP Percentage Mod: HP is shown in percentages
|rule|Dynamax Clause: You cannot dynamax
|clearpoke
|poke|p1|Excadrill, M|
|poke|p1|Milotic, M|
|poke|p1|Espeon, M|
|poke|p1|Vikavolt, M|
|poke|p1|Crawdaunt, M|
|poke|p1|Crobat, F|
|poke|p2|Sneasel, F|
|poke|p2|Darmanitan, M|
|poke|p2|Tapu Bulu|
|poke|p2|Swampert, M|
|poke|p2|Conkeldurr, F|
|poke|p2|Jirachi|
|teampreview
|
|t:|1640028444
|start
|switch|p1a: Crobat|Crobat, F|100/100
|switch|p2a: Darmanitan|Darmanitan, M|100/100
|turn|1
|
|t:|1640028456
|move|p2a: Darmanitan|Flare Blitz|p1a: Crobat
|-damage|p1a: Crobat|0 fnt
|faint|p1a: Crobat
|-damage|p2a: Darmanitan|69/100|[from] Recoil
|
|upkeep
|
|t:|1640028472
|switch|p1a: Milotic|Milotic, M|100/100
|turn|2
|
|t:|1640028479
|switch|p2a: Swampert|Swampert, M|100/100
|move|p1a: Milotic|Flip Turn|p2a: Swampert
|-damage|p2a: Swampert|89/100
|
|t:|1640028494
|switch|p1a: Vikavolt|Vikavolt, M|100/100|[from]move: Flip Turn
|
|-heal|p2a: Swampert|95/100|[from] item: Leftovers
|upkeep
|turn|3
|
|t:|1640028501
|switch|p2a: Jirachi|Jirachi|100/100
|switch|p1a: Espeon|Espeon, M|100/100
|
|upkeep
|turn|4
|
|t:|1640028510
|move|p1a: Espeon|Shadow Ball|p2a: Jirachi
|-supereffective|p2a: Jirachi
|-damage|p2a: Jirachi|34/100
|-enditem|p2a: Jirachi|Weakness Policy
|-boost|p2a: Jirachi|atk|2|[from] item: Weakness Policy
|-boost|p2a: Jirachi|spa|2|[from] item: Weakness Policy
|move|p2a: Jirachi|Iron Head|p1a: Espeon
|-damage|p1a: Espeon|0 fnt
|faint|p1a: Espeon
|
|upkeep
|
|t:|1640028530
|switch|p1a: Crawdaunt|Crawdaunt, M|100/100
|turn|5
|
|t:|1640028535
|switch|p2a: Tapu Bulu|Tapu Bulu|100/100
|-fieldstart|move: Grassy Terrain|[from] ability: Grassy Surge|[of] p2a: Tapu Bulu
|move|p1a: Crawdaunt|Aqua Jet|p2a: Tapu Bulu
|-resisted|p2a: Tapu Bulu
|-damage|p2a: Tapu Bulu|88/100
|-damage|p1a: Crawdaunt|84/100|[from] item: Rocky Helmet|[of] p2a: Tapu Bulu
|-damage|p1a: Crawdaunt|74/100|[from] item: Life Orb
|
|-heal|p2a: Tapu Bulu|94/100|[from] Grassy Terrain
|-heal|p1a: Crawdaunt|80/100|[from] Grassy Terrain
|upkeep
|turn|6
|
|t:|1640028553
|switch|p1a: Vikavolt|Vikavolt, M|100/100
|move|p2a: Tapu Bulu|Toxic|p1a: Vikavolt
|-status|p1a: Vikavolt|tox
|
|-heal|p2a: Tapu Bulu|99/100|[from] Grassy Terrain
|-damage|p1a: Vikavolt|94/100 tox|[from] psn
|upkeep
|turn|7
|
|t:|1640028564
|switch|p2a: Swampert|Swampert, M|95/100
|move|p1a: Vikavolt|Sticky Web|p2a: Swampert
|-sidestart|p2: bioche80|move: Sticky Web
|
|-heal|p2a: Swampert|100/100|[from] Grassy Terrain
|-damage|p1a: Vikavolt|82/100 tox|[from] psn
|upkeep
|turn|8
|
|t:|1640028580
|switch|p1a: Milotic|Milotic, M|100/100
|move|p2a: Swampert|Flip Turn|p1a: Milotic
|-resisted|p1a: Milotic
|-damage|p1a: Milotic|90/100
|
|t:|1640028586
|switch|p2a: Conkeldurr|Conkeldurr, F|100/100|[from]move: Flip Turn
|-activate|p2a: Conkeldurr|move: Sticky Web
|-unboost|p2a: Conkeldurr|spe|1
|
|-heal|p1a: Milotic|96/100|[from] Grassy Terrain
|-status|p1a: Milotic|brn|[from] item: Flame Orb
|-status|p2a: Conkeldurr|brn|[from] item: Flame Orb
|upkeep
|turn|9
|
|t:|1640028601
|move|p1a: Milotic|Scald|p2a: Conkeldurr
|-damage|p2a: Conkeldurr|66/100 brn
|move|p2a: Conkeldurr|Defog|p1a: Milotic
|-unboost|p1a: Milotic|evasion|1
|-sideend|p2: bioche80|Sticky Web|[from] move: Defog|[of] p2a: Conkeldurr
|-fieldend|move: Grassy Terrain
|
|-damage|p1a: Milotic|90/100 brn|[from] brn
|-damage|p2a: Conkeldurr|60/100 brn|[from] brn
|upkeep
|turn|10
|
|t:|1640028620
|switch|p2a: Swampert|Swampert, M|100/100
|move|p1a: Milotic|Scald|p2a: Swampert
|-damage|p2a: Swampert|82/100
|
|-heal|p2a: Swampert|88/100|[from] item: Leftovers
|-damage|p1a: Milotic|84/100 brn|[from] brn
|upkeep
|turn|11
|
|t:|1640028630
|move|p1a: Milotic|Scald|p2a: Swampert
|-damage|p2a: Swampert|71/100
|move|p2a: Swampert|Stealth Rock|p1a: Milotic
|-sidestart|p1: Alkassab|move: Stealth Rock
|
|-heal|p2a: Swampert|77/100|[from] item: Leftovers
|-damage|p1a: Milotic|78/100 brn|[from] brn
|upkeep
|turn|12
|
|t:|1640028642
|move|p1a: Milotic|Flip Turn|p2a: Swampert
|-damage|p2a: Swampert|72/100
|
|t:|1640028669
|switch|p1a: Vikavolt|Vikavolt, M|82/100 tox|[from]move: Flip Turn
|move|p2a: Swampert|Flip Turn|p1a: Vikavolt
|-damage|p1a: Vikavolt|66/100 tox
|
|t:|1640028675
|switch|p2a: Darmanitan|Darmanitan, M|69/100|[from]move: Flip Turn
|
|-damage|p1a: Vikavolt|60/100 tox|[from] psn
|upkeep
|turn|13
|
|t:|1640028682
|switch|p1a: Milotic|Milotic, M|78/100 brn
|-damage|p1a: Milotic|65/100 brn|[from] Stealth Rock
|move|p2a: Darmanitan|Flare Blitz|p1a: Milotic
|-resisted|p1a: Milotic
|-damage|p1a: Milotic|40/100 brn
|-damage|p2a: Darmanitan|59/100|[from] Recoil
|
|-damage|p1a: Milotic|34/100 brn|[from] brn
|upkeep
|turn|14
|
|t:|1640028693
|switch|p2a: Swampert|Swampert, M|72/100
|move|p1a: Milotic|Recover|p1a: Milotic
|-heal|p1a: Milotic|84/100 brn
|
|-heal|p2a: Swampert|78/100|[from] item: Leftovers
|-damage|p1a: Milotic|78/100 brn|[from] brn
|upkeep
|turn|15
|
|t:|1640028705
|move|p1a: Milotic|Scald|p2a: Swampert
|-damage|p2a: Swampert|59/100
|move|p2a: Swampert|Flip Turn|p1a: Milotic
|-resisted|p1a: Milotic
|-damage|p1a: Milotic|71/100 brn
|
|t:|1640028714
|switch|p2a: Tapu Bulu|Tapu Bulu|99/100|[from]move: Flip Turn
|-fieldstart|move: Grassy Terrain|[from] ability: Grassy Surge|[of] p2a: Tapu Bulu
|
|-heal|p2a: Tapu Bulu|100/100|[from] Grassy Terrain
|-heal|p1a: Milotic|77/100 brn|[from] Grassy Terrain
|-damage|p1a: Milotic|71/100 brn|[from] brn
|upkeep
|turn|16
|
|t:|1640028723
|move|p2a: Tapu Bulu|Horn Leech|p1a: Milotic
|-supereffective|p1a: Milotic
|-damage|p1a: Milotic|18/100 brn
|move|p1a: Milotic|Ice Beam|p2a: Tapu Bulu
|-supereffective|p2a: Tapu Bulu
|-damage|p2a: Tapu Bulu|61/100
|
|-heal|p2a: Tapu Bulu|67/100|[from] Grassy Terrain
|-heal|p1a: Milotic|24/100 brn|[from] Grassy Terrain
|-damage|p1a: Milotic|18/100 brn|[from] brn
|upkeep
|turn|17
|
|t:|1640028733
|switch|p1a: Vikavolt|Vikavolt, M|60/100 tox
|move|p2a: Tapu Bulu|Horn Leech|p1a: Vikavolt
|-resisted|p1a: Vikavolt
|-damage|p1a: Vikavolt|45/100 tox
|-heal|p2a: Tapu Bulu|75/100|[from] drain|[of] p1a: Vikavolt
|
|-heal|p2a: Tapu Bulu|81/100|[from] Grassy Terrain
|-damage|p1a: Vikavolt|39/100 tox|[from] psn
|upkeep
|turn|18
|
|t:|1640028750
|switch|p2a: Darmanitan|Darmanitan, M|59/100
|move|p1a: Vikavolt|Roost|p1a: Vikavolt
|-heal|p1a: Vikavolt|89/100 tox
|-singleturn|p1a: Vikavolt|move: Roost
|
|-heal|p2a: Darmanitan|66/100|[from] Grassy Terrain
|-damage|p1a: Vikavolt|76/100 tox|[from] psn
|upkeep
|turn|19
|
|t:|1640028759
|switch|p1a: Milotic|Milotic, M|18/100 brn
|-damage|p1a: Milotic|6/100 brn|[from] Stealth Rock
|move|p2a: Darmanitan|Flare Blitz|p1a: Milotic
|-resisted|p1a: Milotic
|-damage|p1a: Milotic|0 fnt
|faint|p1a: Milotic
|-damage|p2a: Darmanitan|64/100|[from] Recoil
|
|-heal|p2a: Darmanitan|70/100|[from] Grassy Terrain
|-fieldend|move: Grassy Terrain
|upkeep
|
|t:|1640028763
|switch|p1a: Crawdaunt|Crawdaunt, M|80/100
|-damage|p1a: Crawdaunt|67/100|[from] Stealth Rock
|turn|20
|
|t:|1640028777
|switch|p2a: Tapu Bulu|Tapu Bulu|81/100
|-fieldstart|move: Grassy Terrain|[from] ability: Grassy Surge|[of] p2a: Tapu Bulu
|move|p1a: Crawdaunt|Aqua Jet|p2a: Tapu Bulu
|-resisted|p2a: Tapu Bulu
|-damage|p2a: Tapu Bulu|67/100
|-damage|p1a: Crawdaunt|51/100|[from] item: Rocky Helmet|[of] p2a: Tapu Bulu
|-damage|p1a: Crawdaunt|41/100|[from] item: Life Orb
|
|-heal|p2a: Tapu Bulu|73/100|[from] Grassy Terrain
|-heal|p1a: Crawdaunt|47/100|[from] Grassy Terrain
|upkeep
|turn|21
|
|t:|1640028790
|switch|p1a: Vikavolt|Vikavolt, M|76/100 tox
|move|p2a: Tapu Bulu|Bulk Up|p2a: Tapu Bulu
|-boost|p2a: Tapu Bulu|atk|1
|-boost|p2a: Tapu Bulu|def|1
|
|-heal|p2a: Tapu Bulu|80/100|[from] Grassy Terrain
|-damage|p1a: Vikavolt|70/100 tox|[from] psn
|upkeep
|turn|22
|
|t:|1640028804
|switch|p2a: Darmanitan|Darmanitan, M|70/100
|move|p1a: Vikavolt|Sticky Web|p2a: Darmanitan
|-sidestart|p2: bioche80|move: Sticky Web
|
|-heal|p2a: Darmanitan|76/100|[from] Grassy Terrain
|-damage|p1a: Vikavolt|58/100 tox|[from] psn
|upkeep
|turn|23
|
|t:|1640028811
|move|p2a: Darmanitan|Flare Blitz|p1a: Vikavolt
|-supereffective|p1a: Vikavolt
|-damage|p1a: Vikavolt|0 fnt
|faint|p1a: Vikavolt
|-damage|p2a: Darmanitan|57/100|[from] Recoil
|
|-heal|p2a: Darmanitan|63/100|[from] Grassy Terrain
|upkeep
|
|t:|1640028814
|switch|p1a: Crawdaunt|Crawdaunt, M|47/100
|-damage|p1a: Crawdaunt|34/100|[from] Stealth Rock
|turn|24
|
|t:|1640028829
|move|p1a: Crawdaunt|Aqua Jet|p2a: Darmanitan
|-supereffective|p2a: Darmanitan
|-damage|p2a: Darmanitan|0 fnt
|faint|p2a: Darmanitan
|-damage|p1a: Crawdaunt|24/100|[from] item: Life Orb
|
|-heal|p1a: Crawdaunt|30/100|[from] Grassy Terrain
|-fieldend|move: Grassy Terrain
|upkeep
|
|t:|1640028837
|switch|p2a: Tapu Bulu|Tapu Bulu|80/100
|-activate|p2a: Tapu Bulu|move: Sticky Web
|-unboost|p2a: Tapu Bulu|spe|1
|-fieldstart|move: Grassy Terrain|[from] ability: Grassy Surge|[of] p2a: Tapu Bulu
|turn|25
|j| Mustardman'sreturn
|
|t:|1640028844
|move|p1a: Crawdaunt|Knock Off|p2a: Tapu Bulu
|-resisted|p2a: Tapu Bulu
|-damage|p2a: Tapu Bulu|48/100
|-damage|p1a: Crawdaunt|14/100|[from] item: Rocky Helmet|[of] p2a: Tapu Bulu
|-enditem|p2a: Tapu Bulu|Rocky Helmet|[from] move: Knock Off|[of] p1a: Crawdaunt
|-damage|p1a: Crawdaunt|4/100|[from] item: Life Orb
|move|p2a: Tapu Bulu|Horn Leech|p1a: Crawdaunt
|-supereffective|p1a: Crawdaunt
|-damage|p1a: Crawdaunt|0 fnt
|-heal|p2a: Tapu Bulu|49/100|[from] drain|[of] p1a: Crawdaunt
|faint|p1a: Crawdaunt
|
|-heal|p2a: Tapu Bulu|56/100|[from] Grassy Terrain
|upkeep
|
|t:|1640028852
|switch|p1a: Excadrill|Excadrill, M|100/100
|-damage|p1a: Excadrill|97/100|[from] Stealth Rock
|-ability|p1a: Excadrill|Mold Breaker
|turn|26
|
|t:|1640028861
|move|p1a: Excadrill|Iron Head|p2a: Tapu Bulu
|-supereffective|p2a: Tapu Bulu
|-damage|p2a: Tapu Bulu|0 fnt
|faint|p2a: Tapu Bulu
|-damage|p1a: Excadrill|87/100|[from] item: Life Orb
|
|-heal|p1a: Excadrill|94/100|[from] Grassy Terrain
|upkeep
|
|t:|1640028869
|switch|p2a: Conkeldurr|Conkeldurr, F|60/100 brn
|-activate|p2a: Conkeldurr|move: Sticky Web
|-unboost|p2a: Conkeldurr|spe|1
|turn|27
|c|☆bioche80|gg
|
|t:|1640028875
|move|p2a: Conkeldurr|Mach Punch|p1a: Excadrill
|-supereffective|p1a: Excadrill
|-damage|p1a: Excadrill|0 fnt
|faint|p1a: Excadrill
|
|win|bioche80
|raw|Alkassab's rating: 1265 &rarr; <strong>1252</strong><br />(-13 for losing)
|raw|bioche80's rating: 1441 &rarr; <strong>1452</strong><br />(+11 for winning)
|l|☆Alkassab
||Ladder isn't responding, score probably updated but might not have (Request timeout).
