|j|☆Wrath812
|j|☆Corporate Donkey
|t:|1666630098
|gametype|singles
|player|p1|Wrath812|102|1286
|player|p2|Corporate Donkey|ingo|1425
|teamsize|p1|6
|teamsize|p2|6
|gen|8
|tier|[Gen 8] UU
|rated|
|rule|Sleep Clause Mod: Limit one foe put to sleep
|rule|Species Clause: Limit one of each Pokémon
|rule|OHKO Clause: OHKO moves are banned
|rule|Evasion Items Clause: Evasion items are banned
|rule|Evasion Moves Clause: Evasion moves are banned
|rule|Endless Battle Clause: Forcing endless battles is banned
|rule|HP Percentage Mod: HP is shown in percentages
|rule|Dynamax Clause: You cannot dynamax
|clearpoke
|poke|p1|Rotom-Mow|
|poke|p1|Incineroar, F|
|poke|p1|Togekiss, F|
|poke|p1|Hitmontop, M|
|poke|p1|Azumarill, F|
|poke|p1|Rhyperior, M|
|poke|p2|Hippowdon, F|
|poke|p2|Salamence, M|
|poke|p2|Hydreigon, M|
|poke|p2|Scizor, F|
|poke|p2|Slowking, L99, F|
|poke|p2|Tangrowth, F|
|teampreview
|c|☆Corporate Donkey|gl hf
|c|☆Wrath812|u2
|c|☆Corporate Donkey|thanks
|
|t:|1666630130
|start
|switch|p1a: Rotom|Rotom-Mow|100/100
|switch|p2a: Scizor|Scizor, F|100/100
|turn|1
|
|t:|1666630135
|move|p1a: Rotom|Volt Switch|p2a: Scizor
|-damage|p2a: Scizor|55/100
|
|t:|1666630139
|switch|p1a: Incineroar|Incineroar, F|100/100|[from]move: Volt Switch
|-ability|p1a: Incineroar|Intimidate|boost
|-unboost|p2a: Scizor|atk|1
|move|p2a: Scizor|U-turn|p1a: Incineroar
|-damage|p1a: Incineroar|80/100
|-damage|p2a: Scizor|38/100|[from] item: Rocky Helmet|[of] p1a: Incineroar
|
|t:|1666630161
|switch|p2a: Slowking|Slowking, L99, F|100/100|[from]move: U-turn
|
|upkeep
|turn|2
|
|t:|1666630165
|move|p1a: Incineroar|Knock Off|p2a: Slowking
|-supereffective|p2a: Slowking
|-enditem|p2a: Slowking|Colbur Berry|[eat]
|-enditem|p2a: Slowking|Colbur Berry|[weaken]
|-damage|p2a: Slowking|74/100
|move|p2a: Slowking|Future Sight|p1a: Incineroar
|-start|p2a: Slowking|move: Future Sight
|
|upkeep
|turn|3
|
|t:|1666630172
|move|p1a: Incineroar|Knock Off|p2a: Slowking
|-supereffective|p2a: Slowking
|-damage|p2a: Slowking|36/100
|move|p2a: Slowking|Scald|p1a: Incineroar
|-supereffective|p1a: Incineroar
|-damage|p1a: Incineroar|40/100
|
|upkeep
|turn|4
|
|t:|1666630185
|switch|p2a: Hippowdon|Hippowdon, F|100/100
|-weather|Sandstorm|[from] ability: Sand Stream|[of] p2a: Hippowdon
|move|p1a: Incineroar|Knock Off|p2a: Hippowdon
|-damage|p2a: Hippowdon|78/100
|-enditem|p2a: Hippowdon|Leftovers|[from] move: Knock Off|[of] p1a: Incineroar
|
|-weather|Sandstorm|[upkeep]
|-damage|p1a: Incineroar|33/100|[from] Sandstorm
|-end|p1a: Incineroar|move: Future Sight
|-immune|p1a: Incineroar
|upkeep
|turn|5
|
|t:|1666630195
|move|p1a: Incineroar|Toxic|p2a: Hippowdon
|-status|p2a: Hippowdon|tox
|move|p2a: Hippowdon|Stealth Rock|p1a: Incineroar
|-sidestart|p1: Wrath812|move: Stealth Rock
|
|-weather|Sandstorm|[upkeep]
|-damage|p1a: Incineroar|27/100|[from] Sandstorm
|-damage|p2a: Hippowdon|71/100 tox|[from] psn
|upkeep
|turn|6
|
|t:|1666630203
|switch|p1a: Hitmontop|Hitmontop, M|100/100
|-ability|p1a: Hitmontop|Intimidate|boost
|-unboost|p2a: Hippowdon|atk|1
|move|p2a: Hippowdon|Slack Off|p2a: Hippowdon
|-heal|p2a: Hippowdon|100/100 tox
|
|-weather|Sandstorm|[upkeep]
|-damage|p1a: Hitmontop|94/100|[from] Sandstorm
|-damage|p2a: Hippowdon|88/100 tox|[from] psn
|upkeep
|turn|7
|
|t:|1666630214
|switch|p2a: Salamence|Salamence, M|100/100
|-ability|p2a: Salamence|Intimidate|boost
|-unboost|p1a: Hitmontop|atk|1
|move|p1a: Hitmontop|Rapid Spin|p2a: Salamence
|-damage|p2a: Salamence|95/100
|-boost|p1a: Hitmontop|spe|1
|-sideend|p1: Wrath812|Stealth Rock|[from] move: Rapid Spin|[of] p1a: Hitmontop
|
|-weather|Sandstorm|[upkeep]
|-damage|p1a: Hitmontop|88/100|[from] Sandstorm
|-damage|p2a: Salamence|89/100|[from] Sandstorm
|upkeep
|turn|8
|
|t:|1666630229
|move|p1a: Hitmontop|Toxic|p2a: Salamence
|-status|p2a: Salamence|tox
|move|p2a: Salamence|Dual Wingbeat|p1a: Hitmontop
|-supereffective|p1a: Hitmontop
|-damage|p1a: Hitmontop|54/100
|-supereffective|p1a: Hitmontop
|-damage|p1a: Hitmontop|20/100
|-hitcount|p1a: Hitmontop|2
|
|-weather|none
|-damage|p2a: Salamence|82/100 tox|[from] psn
|upkeep
|turn|9
|j| Liz Angeles
|
|t:|1666630271
|switch|p1a: Rotom|Rotom-Mow|100/100
|move|p2a: Salamence|Roost|p2a: Salamence
|-heal|p2a: Salamence|100/100 tox
|-singleturn|p2a: Salamence|move: Roost
|
|-damage|p2a: Salamence|88/100 tox|[from] psn
|upkeep
|turn|10
|
|t:|1666630278
|move|p1a: Rotom|Trick|p2a: Salamence
|-activate|p1a: Rotom|move: Trick|[of] p2a: Salamence
|-item|p2a: Salamence|Choice Specs|[from] move: Trick
|-item|p1a: Rotom|Heavy-Duty Boots|[from] move: Trick
|move|p2a: Salamence|Flamethrower|p1a: Rotom
|-supereffective|p1a: Rotom
|-damage|p1a: Rotom|15/100
|-status|p1a: Rotom|brn
|
|-damage|p2a: Salamence|70/100 tox|[from] psn
|-damage|p1a: Rotom|9/100 brn|[from] brn
|upkeep
|turn|11
|c| Liz Angeles|Enjoying retirement donk?
|
|t:|1666630288
|switch|p2a: Hydreigon|Hydreigon, M|100/100
|move|p1a: Rotom|Volt Switch|p2a: Hydreigon
|-resisted|p2a: Hydreigon
|-damage|p2a: Hydreigon|84/100
|
|t:|1666630293
|switch|p1a: Togekiss|Togekiss, F|100/100|[from]move: Volt Switch
|
|upkeep
|turn|12
|c|☆Corporate Donkey|I was gonna get some replays so I could submit this as a sample team
|
|t:|1666630311
|move|p2a: Hydreigon|U-turn|p1a: Togekiss
|-resisted|p1a: Togekiss
|-damage|p1a: Togekiss|96/100
|
|t:|1666630319
|switch|p2a: Slowking|Slowking, L99, F|69/100|[from]move: U-turn
|move|p1a: Togekiss|Dazzling Gleam|p2a: Slowking
|-damage|p2a: Slowking|36/100
|
|upkeep
|turn|13
|c| Liz Angeles|Looks like a solid team
|
|t:|1666630330
|switch|p1a: Rotom|Rotom-Mow|9/100 brn
|move|p2a: Slowking|Teleport|p2a: Slowking
|
|t:|1666630335
|switch|p2a: Scizor|Scizor, F|38/100|[from]move: Teleport
|
|-damage|p1a: Rotom|3/100 brn|[from] brn
|upkeep
|turn|14
|
|t:|1666630344
|move|p1a: Rotom|Volt Switch|p2a: Scizor
|-damage|p2a: Scizor|5/100
|
|t:|1666630355
|switch|p1a: Incineroar|Incineroar, F|27/100|[from]move: Volt Switch
|-ability|p1a: Incineroar|Intimidate|boost
|-unboost|p2a: Scizor|atk|1
|move|p2a: Scizor|Roost|p2a: Scizor
|-heal|p2a: Scizor|55/100
|-singleturn|p2a: Scizor|move: Roost
|
|upkeep
|turn|15
|
|t:|1666630364
|switch|p2a: Hippowdon|Hippowdon, F|88/100 tox
|-weather|Sandstorm|[from] ability: Sand Stream|[of] p2a: Hippowdon
|move|p1a: Incineroar|Parting Shot|p2a: Hippowdon
|-unboost|p2a: Hippowdon|atk|1
|-unboost|p2a: Hippowdon|spa|1
|
|t:|1666630381
|switch|p1a: Azumarill|Azumarill, F|100/100|[from]move: Parting Shot
|
|-weather|Sandstorm|[upkeep]
|-damage|p1a: Azumarill|94/100|[from] Sandstorm
|-damage|p2a: Hippowdon|82/100 tox|[from] psn
|upkeep
|turn|16
|
|t:|1666630388
|move|p1a: Azumarill|Belly Drum|p1a: Azumarill
|-damage|p1a: Azumarill|44/100
|-setboost|p1a: Azumarill|atk|6|[from] move: Belly Drum
|move|p2a: Hippowdon|Toxic|p1a: Azumarill
|-status|p1a: Azumarill|tox
|
|-weather|Sandstorm|[upkeep]
|-damage|p1a: Azumarill|38/100 tox|[from] Sandstorm
|-damage|p1a: Azumarill|32/100 tox|[from] psn
|-damage|p2a: Hippowdon|70/100 tox|[from] psn
|upkeep
|turn|17
|
|t:|1666630397
|switch|p2a: Salamence|Salamence, M|70/100 tox
|-ability|p2a: Salamence|Intimidate|boost
|-unboost|p1a: Azumarill|atk|1
|move|p1a: Azumarill|Liquidation|p2a: Salamence
|-resisted|p2a: Salamence
|-damage|p2a: Salamence|0 fnt
|faint|p2a: Salamence
|
|-weather|Sandstorm|[upkeep]
|-damage|p1a: Azumarill|26/100 tox|[from] Sandstorm
|-damage|p1a: Azumarill|13/100 tox|[from] psn
|upkeep
|-enditem|p1a: Azumarill|Aguav Berry|[eat]
|-heal|p1a: Azumarill|47/100 tox|[from] item: Aguav Berry
|
|t:|1666630426
|switch|p2a: Hydreigon|Hydreigon, M|84/100
|turn|18
|
|t:|1666630434
|switch|p2a: Tangrowth|Tangrowth, F|100/100
|move|p1a: Azumarill|Aqua Jet|p2a: Tangrowth
|-resisted|p2a: Tangrowth
|-damage|p2a: Tangrowth|75/100
|
|-weather|Sandstorm|[upkeep]
|-damage|p1a: Azumarill|40/100 tox|[from] Sandstorm
|-damage|p2a: Tangrowth|69/100|[from] Sandstorm
|-damage|p1a: Azumarill|22/100 tox|[from] psn
|upkeep
|turn|19
|
|t:|1666630443
|switch|p2a: Slowking|Slowking, L99, F|70/100
|move|p1a: Azumarill|Play Rough|p2a: Slowking
|-damage|p2a: Slowking|0 fnt
|faint|p2a: Slowking
|
|-weather|none
|-damage|p1a: Azumarill|0 fnt|[from] psn
|faint|p1a: Azumarill
|upkeep
|
|t:|1666630460
|switch|p1a: Rotom|Rotom-Mow|3/100 brn
|switch|p2a: Hydreigon|Hydreigon, M|84/100
|turn|20
|
|t:|1666630465
|move|p2a: Hydreigon|U-turn|p1a: Rotom
|-supereffective|p1a: Rotom
|-damage|p1a: Rotom|0 fnt
|faint|p1a: Rotom
|
|t:|1666630467
|switch|p2a: Hippowdon|Hippowdon, F|70/100 tox|[from]move: U-turn
|-weather|Sandstorm|[from] ability: Sand Stream|[of] p2a: Hippowdon
|
|-weather|Sandstorm|[upkeep]
|-damage|p2a: Hippowdon|63/100 tox|[from] psn
|upkeep
|
|t:|1666630478
|switch|p1a: Rhyperior|Rhyperior, M|100/100
|turn|21
|
|t:|1666630524
|move|p1a: Rhyperior|Earthquake|p2a: Hippowdon
|-damage|p2a: Hippowdon|30/100 tox
|move|p2a: Hippowdon|Stealth Rock|p1a: Rhyperior
|-sidestart|p1: Wrath812|move: Stealth Rock
|
|-weather|Sandstorm|[upkeep]
|-damage|p2a: Hippowdon|17/100 tox|[from] psn
|upkeep
|turn|22
|
|t:|1666630556
|move|p1a: Rhyperior|Stone Edge|p2a: Hippowdon
|-resisted|p2a: Hippowdon
|-damage|p2a: Hippowdon|0 fnt
|faint|p2a: Hippowdon
|
|-weather|Sandstorm|[upkeep]
|upkeep
|
|t:|1666630560
|switch|p2a: Tangrowth|Tangrowth, F|100/100
|turn|23
|
|t:|1666630598
|move|p1a: Rhyperior|Stone Edge|p2a: Tangrowth
|-damage|p2a: Tangrowth|67/100
|move|p2a: Tangrowth|Sludge Bomb|p1a: Rhyperior
|-resisted|p1a: Rhyperior
|-damage|p1a: Rhyperior|96/100
|
|-weather|Sandstorm|[upkeep]
|-damage|p2a: Tangrowth|61/100|[from] Sandstorm
|upkeep
|turn|24
|
|t:|1666630606
|switch|p2a: Hydreigon|Hydreigon, M|84/100
|move|p1a: Rhyperior|Stone Edge|p2a: Hydreigon|[miss]
|-miss|p1a: Rhyperior|p2a: Hydreigon
|
|-weather|none
|upkeep
|turn|25
|
|t:|1666630615
|move|p2a: Hydreigon|U-turn|p1a: Rhyperior
|-damage|p1a: Rhyperior|84/100
|
|t:|1666630619
|switch|p2a: Tangrowth|Tangrowth, F|94/100|[from]move: U-turn
|move|p1a: Rhyperior|Stone Edge|p2a: Tangrowth
|-damage|p2a: Tangrowth|62/100
|
|upkeep
|turn|26
|
|t:|1666630642
|move|p1a: Rhyperior|Stone Edge|p2a: Tangrowth
|-damage|p2a: Tangrowth|30/100
|move|p2a: Tangrowth|Power Whip|p1a: Rhyperior
|-supereffective|p1a: Rhyperior
|-damage|p1a: Rhyperior|0 fnt
|faint|p1a: Rhyperior
|
|upkeep
|
|t:|1666630655
|switch|p1a: Incineroar|Incineroar, F|27/100
|-damage|p1a: Incineroar|3/100|[from] Stealth Rock
|-ability|p1a: Incineroar|Intimidate|boost
|-unboost|p2a: Tangrowth|atk|1
|turn|27
|
|t:|1666630665
|switch|p2a: Hydreigon|Hydreigon, M|84/100
|move|p1a: Incineroar|Overheat|p2a: Hydreigon
|-resisted|p2a: Hydreigon
|-damage|p2a: Hydreigon|62/100
|-unboost|p1a: Incineroar|spa|2
|
|upkeep
|turn|28
|
|t:|1666630671
|move|p2a: Hydreigon|Fire Blast|p1a: Incineroar
|-resisted|p1a: Incineroar
|-damage|p1a: Incineroar|0 fnt
|faint|p1a: Incineroar
|
|upkeep
|
|t:|1666630676
|switch|p1a: Togekiss|Togekiss, F|96/100
|-damage|p1a: Togekiss|71/100|[from] Stealth Rock
|turn|29
|
|t:|1666630680
|move|p2a: Hydreigon|Fire Blast|p1a: Togekiss
|-damage|p1a: Togekiss|34/100
|move|p1a: Togekiss|Air Slash|p2a: Hydreigon
|-damage|p2a: Hydreigon|23/100
|
|upkeep
|turn|30
|
|t:|1666630687
|move|p2a: Hydreigon|Fire Blast|p1a: Togekiss|[miss]
|-miss|p2a: Hydreigon|p1a: Togekiss
|move|p1a: Togekiss|Air Slash|p2a: Hydreigon
|-damage|p2a: Hydreigon|0 fnt
|faint|p2a: Hydreigon
|
|upkeep
|
|t:|1666630690
|switch|p2a: Scizor|Scizor, F|55/100
|turn|31
|
|t:|1666630696
|switch|p1a: Hitmontop|Hitmontop, M|20/100
|-ability|p1a: Hitmontop|Intimidate|boost
|-unboost|p2a: Scizor|atk|1
|move|p2a: Scizor|Bullet Punch|p1a: Hitmontop
|-damage|p1a: Hitmontop|4/100
|
|upkeep
|turn|32
|
|t:|1666630704
|move|p1a: Hitmontop|Sucker Punch|p2a: Scizor
|-damage|p2a: Scizor|41/100
|move|p2a: Scizor|Bullet Punch|p1a: Hitmontop
|-damage|p1a: Hitmontop|0 fnt
|faint|p1a: Hitmontop
|
|upkeep
|
|t:|1666630709
|switch|p1a: Togekiss|Togekiss, F|34/100
|-damage|p1a: Togekiss|9/100|[from] Stealth Rock
|turn|33
|c|☆Corporate Donkey|gg
|c|☆Wrath812|gg
|
|t:|1666630713
|move|p2a: Scizor|Bullet Punch|p1a: Togekiss
|-supereffective|p1a: Togekiss
|-damage|p1a: Togekiss|0 fnt
|faint|p1a: Togekiss
|
|win|Corporate Donkey
|raw|Wrath812's rating: 1286 &rarr; <strong>1271</strong><br />(-15 for losing)
|raw|Corporate Donkey's rating: 1425 &rarr; <strong>1437</strong><br />(+12 for winning)
