|j|☆UnsureTier
|j|☆Eazigzagoon
|t:|1645301788
|gametype|singles
|player|p1|UnsureTier|hilbert|1460
|player|p2|Eazigzagoon|psychic|1369
|teamsize|p1|6
|teamsize|p2|6
|gen|8
|tier|[Gen 8] UU
|rated|
|rule|Sleep Clause Mod: Limit one foe put to sleep
|rule|Species Clause: Limit one of each Pokémon
|rule|OHKO Clause: OHKO moves are banned
|rule|Evasion Moves Clause: Evasion moves are banned
|rule|Endless Battle Clause: Forcing endless battles is banned
|rule|HP Percentage Mod: HP is shown in percentages
|rule|Dynamax Clause: You cannot dynamax
|clearpoke
|poke|p1|Nihilego|
|poke|p1|Slowking, F|
|poke|p1|Bewear, M|
|poke|p1|Moltres|
|poke|p1|Zarude|
|poke|p1|Jirachi|
|poke|p2|Tangrowth, M|
|poke|p2|Mamoswine, M|
|poke|p2|Hydreigon, F|
|poke|p2|Keldeo-Resolute|
|poke|p2|Crobat, M|
|poke|p2|Jirachi|
|teampreview
|
|t:|1645301813
|start
|switch|p1a: we used to roam|Zarude|100/100
|switch|p2a: Hydre des Enfers|Hydreigon, F|100/100
|turn|1
|
|t:|1645301823
|move|p1a: we used to roam|U-turn|p2a: Hydre des Enfers
|-supereffective|p2a: Hydre des Enfers
|-damage|p2a: Hydre des Enfers|46/100
|
|t:|1645301826
|switch|p1a: blurryface|Nihilego|100/100|[from]move: U-turn
|move|p2a: Hydre des Enfers|Draco Meteor|p1a: blurryface
|-damage|p1a: blurryface|32/100
|-unboost|p2a: Hydre des Enfers|spa|2
|
|-heal|p1a: blurryface|38/100|[from] item: Black Sludge
|upkeep
|turn|2
|
|t:|1645301836
|switch|p2a: Génie des Désirs|Jirachi|100/100
|move|p1a: blurryface|Knock Off|p2a: Génie des Désirs
|-supereffective|p2a: Génie des Désirs
|-damage|p2a: Génie des Désirs|78/100
|-enditem|p2a: Génie des Désirs|Leftovers|[from] move: Knock Off|[of] p1a: blurryface
|
|-heal|p1a: blurryface|44/100|[from] item: Black Sludge
|upkeep
|turn|3
|
|t:|1645301841
|switch|p1a: I’d make a candle|Moltres|100/100
|move|p2a: Génie des Désirs|Stealth Rock|p1a: I’d make a candle
|-sidestart|p1: UnsureTier|move: Stealth Rock
|
|upkeep
|turn|4
|
|t:|1645301862
|switch|p2a: Hydre des Enfers|Hydreigon, F|46/100
|move|p1a: I’d make a candle|Flamethrower|p2a: Hydre des Enfers
|-resisted|p2a: Hydre des Enfers
|-damage|p2a: Hydre des Enfers|22/100
|
|upkeep
|turn|5
|
|t:|1645301868
|switch|p1a: turn back time|Slowking, F|100/100
|-damage|p1a: turn back time|88/100|[from] Stealth Rock
|move|p2a: Hydre des Enfers|Draco Meteor|p1a: turn back time|[miss]
|-miss|p2a: Hydre des Enfers|p1a: turn back time
|
|upkeep
|turn|6
|
|t:|1645301874
|switch|p2a: Gardien des nuages|Crobat, M|100/100
|switch|p1a: wake up u need $|Jirachi|100/100
|-damage|p1a: wake up u need $|94/100|[from] Stealth Rock
|
|upkeep
|turn|7
|
|t:|1645301881
|move|p1a: wake up u need $|Thunder Punch|p2a: Gardien des nuages
|-supereffective|p2a: Gardien des nuages
|-damage|p2a: Gardien des nuages|52/100
|move|p2a: Gardien des nuages|U-turn|p1a: wake up u need $
|-damage|p1a: wake up u need $|78/100
|
|t:|1645301888
|switch|p2a: Doyen des Glaciers|Mamoswine, M|100/100|[from]move: U-turn
|
|upkeep
|turn|8
|
|t:|1645301893
|switch|p1a: turn back time|Slowking, F|100/100
|-damage|p1a: turn back time|88/100|[from] Stealth Rock
|move|p2a: Doyen des Glaciers|Icicle Crash|p1a: turn back time
|-resisted|p1a: turn back time
|-damage|p1a: turn back time|67/100
|-damage|p2a: Doyen des Glaciers|91/100|[from] item: Life Orb
|
|upkeep
|turn|9
|
|t:|1645301897
|move|p2a: Doyen des Glaciers|Knock Off|p1a: turn back time
|-supereffective|p1a: turn back time
|-enditem|p1a: turn back time|Colbur Berry|[eat]
|-enditem|p1a: turn back time|Colbur Berry|[weaken]
|-damage|p1a: turn back time|35/100
|-damage|p2a: Doyen des Glaciers|81/100|[from] item: Life Orb
|move|p1a: turn back time|Teleport|p1a: turn back time
|
|t:|1645301904
|switch|p1a: I’d make a candle|Moltres|100/100|[from]move: Teleport
|
|upkeep
|turn|10
|
|t:|1645301909
|move|p1a: I’d make a candle|Flamethrower|p2a: Doyen des Glaciers
|-supereffective|p2a: Doyen des Glaciers
|-damage|p2a: Doyen des Glaciers|17/100
|move|p2a: Doyen des Glaciers|Icicle Crash|p1a: I’d make a candle
|-damage|p1a: I’d make a candle|26/100
|-damage|p2a: Doyen des Glaciers|7/100|[from] item: Life Orb
|
|upkeep
|turn|11
|
|t:|1645301916
|switch|p1a: wake up u need $|Jirachi|78/100
|-damage|p1a: wake up u need $|72/100|[from] Stealth Rock
|move|p2a: Doyen des Glaciers|Ice Shard|p1a: wake up u need $
|-resisted|p1a: wake up u need $
|-damage|p1a: wake up u need $|59/100
|-damage|p2a: Doyen des Glaciers|0 fnt|[from] item: Life Orb
|faint|p2a: Doyen des Glaciers
|
|upkeep
|
|t:|1645301927
|switch|p2a: Assassin des bois|Tangrowth, M|100/100
|turn|12
|
|t:|1645301934
|move|p1a: wake up u need $|Healing Wish|p1a: wake up u need $
|faint|p1a: wake up u need $
|move|p2a: Assassin des bois|Sleep Powder|p1: wake up u need $|[notarget]
|-fail|p2a: Assassin des bois
|
|upkeep
|
|t:|1645301940
|switch|p1a: I’d make a candle|Moltres|26/100
|-heal|p1a: I’d make a candle|100/100|[from] move: Healing Wish
|turn|13
|
|t:|1645301966
|switch|p2a: Gardien des nuages|Crobat, M|52/100
|move|p1a: I’d make a candle|Hurricane|p2a: Gardien des nuages
|-crit|p2a: Gardien des nuages
|-damage|p2a: Gardien des nuages|0 fnt
|faint|p2a: Gardien des nuages
|
|upkeep
|
|t:|1645301974
|switch|p2a: Hydre des Enfers|Hydreigon, F|22/100
|turn|14
|
|t:|1645301984
|switch|p1a: blurryface|Nihilego|44/100
|-damage|p1a: blurryface|32/100|[from] Stealth Rock
|move|p2a: Hydre des Enfers|Draco Meteor|p1a: blurryface|[miss]
|-miss|p2a: Hydre des Enfers|p1a: blurryface
|
|-heal|p1a: blurryface|38/100|[from] item: Black Sludge
|upkeep
|turn|15
|
|t:|1645301988
|move|p1a: blurryface|Power Gem|p2a: Hydre des Enfers
|-damage|p2a: Hydre des Enfers|0 fnt
|faint|p2a: Hydre des Enfers
|-ability|p1a: blurryface|Beast Boost|boost
|-boost|p1a: blurryface|spe|1
|
|-heal|p1a: blurryface|44/100|[from] item: Black Sludge
|upkeep
|
|t:|1645301992
|switch|p2a: Génie des Désirs|Jirachi|78/100
|turn|16
|
|t:|1645301996
|move|p1a: blurryface|Stealth Rock|p2a: Génie des Désirs
|-sidestart|p2: Eazigzagoon|move: Stealth Rock
|move|p2a: Génie des Désirs|U-turn|p1a: blurryface
|-resisted|p1a: blurryface
|-damage|p1a: blurryface|31/100
|
|t:|1645301999
|switch|p2a: Cheval indomptable|Keldeo-Resolute|100/100|[from]move: U-turn
|-damage|p2a: Cheval indomptable|94/100|[from] Stealth Rock
|
|-heal|p1a: blurryface|37/100|[from] item: Black Sludge
|-heal|p2a: Cheval indomptable|100/100|[from] item: Leftovers
|upkeep
|turn|17
|
|t:|1645302004
|switch|p2a: Génie des Désirs|Jirachi|78/100
|-damage|p2a: Génie des Désirs|72/100|[from] Stealth Rock
|move|p1a: blurryface|Knock Off|p2a: Génie des Désirs
|-supereffective|p2a: Génie des Désirs
|-damage|p2a: Génie des Désirs|57/100
|
|-heal|p1a: blurryface|43/100|[from] item: Black Sludge
|upkeep
|turn|18
|
|t:|1645302010
|switch|p1a: I’d make a candle|Moltres|100/100
|move|p2a: Génie des Désirs|Iron Head|p1a: I’d make a candle
|-resisted|p1a: I’d make a candle
|-damage|p1a: I’d make a candle|86/100
|
|upkeep
|turn|19
|
|t:|1645302020
|move|p2a: Génie des Désirs|Healing Wish|p2a: Génie des Désirs
|faint|p2a: Génie des Désirs
|move|p1a: I’d make a candle|Flamethrower|p2: Génie des Désirs|[notarget]
|-fail|p1a: I’d make a candle
|
|upkeep
|
|t:|1645302024
|switch|p2a: Cheval indomptable|Keldeo-Resolute|100/100
|-damage|p2a: Cheval indomptable|94/100|[from] Stealth Rock
|turn|20
|
|t:|1645302029
|switch|p1a: turn back time|Slowking, F|68/100
|-damage|p1a: turn back time|55/100|[from] Stealth Rock
|move|p2a: Cheval indomptable|Substitute|p2a: Cheval indomptable
|-start|p2a: Cheval indomptable|Substitute
|-damage|p2a: Cheval indomptable|70/100
|
|-heal|p2a: Cheval indomptable|76/100|[from] item: Leftovers
|upkeep
|turn|21
|
|t:|1645302031
|move|p2a: Cheval indomptable|Calm Mind|p2a: Cheval indomptable
|-boost|p2a: Cheval indomptable|spa|1
|-boost|p2a: Cheval indomptable|spd|1
|move|p1a: turn back time|Psychic|p2a: Cheval indomptable
|-supereffective|p2a: Cheval indomptable
|-end|p2a: Cheval indomptable|Substitute
|
|-heal|p2a: Cheval indomptable|82/100|[from] item: Leftovers
|upkeep
|turn|22
|
|t:|1645302042
|move|p2a: Cheval indomptable|Substitute|p2a: Cheval indomptable
|-start|p2a: Cheval indomptable|Substitute
|-damage|p2a: Cheval indomptable|57/100
|move|p1a: turn back time|Slack Off|p1a: turn back time
|-heal|p1a: turn back time|100/100
|
|-heal|p2a: Cheval indomptable|63/100|[from] item: Leftovers
|upkeep
|turn|23
|
|t:|1645302048
|move|p2a: Cheval indomptable|Calm Mind|p2a: Cheval indomptable
|-boost|p2a: Cheval indomptable|spa|1
|-boost|p2a: Cheval indomptable|spd|1
|move|p1a: turn back time|Psychic|p2a: Cheval indomptable
|-supereffective|p2a: Cheval indomptable
|-end|p2a: Cheval indomptable|Substitute
|
|-heal|p2a: Cheval indomptable|70/100|[from] item: Leftovers
|upkeep
|turn|24
|
|t:|1645302050
|move|p2a: Cheval indomptable|Secret Sword|p1a: turn back time
|-resisted|p1a: turn back time
|-crit|p1a: turn back time
|-damage|p1a: turn back time|50/100
|move|p1a: turn back time|Psychic|p2a: Cheval indomptable
|-supereffective|p2a: Cheval indomptable
|-damage|p2a: Cheval indomptable|32/100
|
|-heal|p2a: Cheval indomptable|38/100|[from] item: Leftovers
|upkeep
|turn|25
|
|t:|1645302059
|move|p2a: Cheval indomptable|Secret Sword|p1a: turn back time
|-resisted|p1a: turn back time
|-damage|p1a: turn back time|17/100
|move|p1a: turn back time|Psychic|p2a: Cheval indomptable
|-supereffective|p2a: Cheval indomptable
|-damage|p2a: Cheval indomptable|1/100
|
|-heal|p2a: Cheval indomptable|7/100|[from] item: Leftovers
|upkeep
|turn|26
|
|t:|1645302065
|switch|p1a: I’d make a candle|Moltres|86/100
|move|p2a: Cheval indomptable|Secret Sword|p1a: I’d make a candle
|-resisted|p1a: I’d make a candle
|-damage|p1a: I’d make a candle|41/100
|
|-heal|p2a: Cheval indomptable|13/100|[from] item: Leftovers
|upkeep
|turn|27
|
|t:|1645302070
|move|p2a: Cheval indomptable|Scald|p1a: I’d make a candle
|-supereffective|p1a: I’d make a candle
|-damage|p1a: I’d make a candle|0 fnt
|faint|p1a: I’d make a candle
|
|-heal|p2a: Cheval indomptable|19/100|[from] item: Leftovers
|upkeep
|
|t:|1645302076
|switch|p1a: turn back time|Slowking, F|51/100
|-damage|p1a: turn back time|38/100|[from] Stealth Rock
|turn|28
|
|t:|1645302108
|switch|p2a: Assassin des bois|Tangrowth, M|100/100
|-damage|p2a: Assassin des bois|88/100|[from] Stealth Rock
|switch|p1a: we used to roam|Zarude|100/100
|
|upkeep
|turn|29
|
|t:|1645302118
|move|p1a: we used to roam|Darkest Lariat|p2a: Assassin des bois
|-damage|p2a: Assassin des bois|64/100
|-damage|p1a: we used to roam|84/100|[from] item: Rocky Helmet|[of] p2a: Assassin des bois
|move|p2a: Assassin des bois|Sleep Powder|p1a: we used to roam
|-immune|p1a: we used to roam
|
|upkeep
|turn|30
|
|t:|1645302127
|move|p1a: we used to roam|Darkest Lariat|p2a: Assassin des bois
|-damage|p2a: Assassin des bois|44/100
|-damage|p1a: we used to roam|67/100|[from] item: Rocky Helmet|[of] p2a: Assassin des bois
|move|p2a: Assassin des bois|Sleep Powder|p1a: we used to roam
|-immune|p1a: we used to roam
|
|upkeep
|turn|31
|
|t:|1645302130
|move|p1a: we used to roam|Darkest Lariat|p2a: Assassin des bois
|-crit|p2a: Assassin des bois
|-damage|p2a: Assassin des bois|11/100
|-damage|p1a: we used to roam|51/100|[from] item: Rocky Helmet|[of] p2a: Assassin des bois
|move|p2a: Assassin des bois|Sludge Bomb|p1a: we used to roam
|-supereffective|p1a: we used to roam
|-damage|p1a: we used to roam|4/100
|
|upkeep
|turn|32
|
|t:|1645302136
|move|p1a: we used to roam|U-turn|p2a: Assassin des bois
|-supereffective|p2a: Assassin des bois
|-damage|p2a: Assassin des bois|0 fnt
|-damage|p1a: we used to roam|0 fnt|[from] item: Rocky Helmet|[of] p2a: Assassin des bois
|faint|p2a: Assassin des bois
|faint|p1a: we used to roam
|
|upkeep
|
|t:|1645302140
|switch|p1a: turn back time|Slowking, F|71/100
|switch|p2a: Cheval indomptable|Keldeo-Resolute|19/100
|-heal|p2a: Cheval indomptable|100/100|[from] move: Healing Wish
|-damage|p2a: Cheval indomptable|94/100|[from] Stealth Rock
|-damage|p1a: turn back time|59/100|[from] Stealth Rock
|turn|33
|c|☆UnsureTier|gg
|
|t:|1645302147
|move|p2a: Cheval indomptable|Calm Mind|p2a: Cheval indomptable
|-boost|p2a: Cheval indomptable|spa|1
|-boost|p2a: Cheval indomptable|spd|1
|move|p1a: turn back time|Psychic|p2a: Cheval indomptable
|-supereffective|p2a: Cheval indomptable
|-damage|p2a: Cheval indomptable|46/100
|
|-heal|p2a: Cheval indomptable|52/100|[from] item: Leftovers
|upkeep
|turn|34
|
|t:|1645302154
|move|p2a: Cheval indomptable|Calm Mind|p2a: Cheval indomptable
|-boost|p2a: Cheval indomptable|spa|1
|-boost|p2a: Cheval indomptable|spd|1
|move|p1a: turn back time|Psychic|p2a: Cheval indomptable
|-supereffective|p2a: Cheval indomptable
|-damage|p2a: Cheval indomptable|18/100
|
|-heal|p2a: Cheval indomptable|24/100|[from] item: Leftovers
|upkeep
|turn|35
|
|t:|1645302161
|move|p2a: Cheval indomptable|Secret Sword|p1a: turn back time
|-resisted|p1a: turn back time
|-damage|p1a: turn back time|29/100
|move|p1a: turn back time|Psychic|p2a: Cheval indomptable
|-supereffective|p2a: Cheval indomptable
|-damage|p2a: Cheval indomptable|0 fnt
|faint|p2a: Cheval indomptable
|
|win|UnsureTier
|raw|UnsureTier's rating: 1460 &rarr; <strong>1475</strong><br />(+15 for winning)
|raw|Eazigzagoon's rating: 1369 &rarr; <strong>1354</strong><br />(-15 for losing)
|l|☆Eazigzagoon
