|j|☆yea ok go
|j|☆megarayquazasuncle
|t:|1596415814
|player|p1|yea ok go|sisandbro|1548
|player|p2|megarayquazasuncle|dancer|1533
|teamsize|p1|6
|teamsize|p2|6
|gametype|singles
|gen|8
|tier|[Gen 8] UU
|rated|
|clearpoke
|poke|p1|Sharpedo, M|
|poke|p1|Druddigon, M|
|poke|p1|Gardevoir, F|
|poke|p1|Noivern, M|
|poke|p1|Keldeo-Resolute|
|poke|p1|Steelix, M|
|poke|p2|Necrozma|
|poke|p2|Mienshao, M|
|poke|p2|Araquanid, F|
|poke|p2|Incineroar, F|
|poke|p2|Whimsicott, F|
|poke|p2|Cobalion|
|rule|Sleep Clause Mod: Limit one foe put to sleep
|rule|Species Clause: Limit one of each Pokémon
|rule|OHKO Clause: OHKO moves are banned
|rule|Evasion Moves Clause: Evasion moves are banned
|rule|Endless Battle Clause: Forcing endless battles is banned
|rule|HP Percentage Mod: HP is shown in percentages
|rule|Dynamax Clause: You cannot dynamax
|teampreview
|c|☆megarayquazasuncle|hf
|
|t:|1596415825
|start
|switch|p1a: Blue Charizard|Druddigon, M|100/100
|switch|p2a: Mienshao|Mienshao, M|100/100
|turn|1
|c|☆yea ok go|glhf
|j| Ropalolyst
|
|t:|1596415839
|switch|p2a: Whimsicott|Whimsicott, F|100/100
|move|p1a: Blue Charizard|Fire Punch|p2a: Whimsicott
|-supereffective|p2a: Whimsicott
|-crit|p2a: Whimsicott
|-damage|p2a: Whimsicott|0 fnt
|faint|p2a: Whimsicott
|
|upkeep
|
|t:|1596415859
|switch|p2a: Araquanid|Araquanid, F|100/100
|turn|2
|
|t:|1596415861
|move|p2a: Araquanid|Toxic|p1a: Blue Charizard
|-status|p1a: Blue Charizard|tox
|move|p1a: Blue Charizard|Thunder Punch|p2a: Araquanid
|-supereffective|p2a: Araquanid
|-damage|p2a: Araquanid|0 fnt
|faint|p2a: Araquanid
|
|-damage|p1a: Blue Charizard|94/100 tox|[from] psn
|upkeep
|
|t:|1596415870
|switch|p2a: Cobalion|Cobalion|100/100
|turn|3
|
|t:|1596415876
|move|p2a: Cobalion|Stealth Rock|p1a: Blue Charizard
|-sidestart|p1: yea ok go|move: Stealth Rock
|move|p1a: Blue Charizard|Fire Punch|p2a: Cobalion
|-supereffective|p2a: Cobalion
|-damage|p2a: Cobalion|26/100
|
|-damage|p1a: Blue Charizard|82/100 tox|[from] psn
|upkeep
|turn|4
|
|t:|1596415885
|switch|p1a: Coronas|Noivern, M|100/100
|move|p2a: Cobalion|Focus Blast|p1a: Coronas
|-resisted|p1a: Coronas
|-damage|p1a: Coronas|67/100
|
|upkeep
|turn|5
|
|t:|1596415890
|move|p1a: Coronas|Defog|p2a: Cobalion
|-unboost|p2a: Cobalion|evasion|1
|-sideend|p1: yea ok go|Stealth Rock|[from] move: Defog|[of] p1a: Coronas
|move|p2a: Cobalion|Stealth Rock|p1a: Coronas
|-sidestart|p1: yea ok go|move: Stealth Rock
|
|upkeep
|turn|6
|
|t:|1596415892
|move|p1a: Coronas|Defog|p2a: Cobalion
|-unboost|p2a: Cobalion|evasion|1
|-sideend|p1: yea ok go|Stealth Rock|[from] move: Defog|[of] p1a: Coronas
|move|p2a: Cobalion|Stealth Rock|p1a: Coronas
|-sidestart|p1: yea ok go|move: Stealth Rock
|
|upkeep
|turn|7
|
|t:|1596415894
|move|p1a: Coronas|Defog|p2a: Cobalion
|-unboost|p2a: Cobalion|evasion|1
|-sideend|p1: yea ok go|Stealth Rock|[from] move: Defog|[of] p1a: Coronas
|move|p2a: Cobalion|Stealth Rock|p1a: Coronas
|-sidestart|p1: yea ok go|move: Stealth Rock
|
|upkeep
|turn|8
|
|t:|1596415895
|move|p1a: Coronas|Flamethrower|p2a: Cobalion
|-supereffective|p2a: Cobalion
|-damage|p2a: Cobalion|0 fnt
|faint|p2a: Cobalion
|
|upkeep
|
|t:|1596415898
|switch|p2a: Necrozma|Necrozma|100/100
|turn|9
|
|t:|1596415927
|move|p1a: Coronas|U-turn|p2a: Necrozma
|-supereffective|p2a: Necrozma
|-damage|p2a: Necrozma|85/100
|-enditem|p2a: Necrozma|Weakness Policy
|-boost|p2a: Necrozma|atk|2|[from] item: Weakness Policy
|-boost|p2a: Necrozma|spa|2|[from] item: Weakness Policy
|
|t:|1596415939
|switch|p1a: Water Blaziken|Sharpedo, M|100/100|[from]move: U-turn
|-damage|p1a: Water Blaziken|88/100|[from] Stealth Rock
|move|p2a: Necrozma|Autotomize|p2a: Necrozma
|-boost|p2a: Necrozma|spe|2
|-start|p2a: Necrozma|Autotomize
|
|upkeep
|turn|10
|
|t:|1596415945
|move|p1a: Water Blaziken|Protect|p1a: Water Blaziken
|-singleturn|p1a: Water Blaziken|Protect
|move|p2a: Necrozma|Calm Mind|p2a: Necrozma
|-boost|p2a: Necrozma|spa|1
|-boost|p2a: Necrozma|spd|1
|
|-ability|p1a: Water Blaziken|Speed Boost|boost
|-boost|p1a: Water Blaziken|spe|1
|upkeep
|turn|11
|
|t:|1596415949
|move|p1a: Water Blaziken|Protect||[still]
|-fail|p1a: Water Blaziken
|move|p2a: Necrozma|Heat Wave|p1a: Water Blaziken
|-resisted|p1a: Water Blaziken
|-damage|p1a: Water Blaziken|0 fnt
|faint|p1a: Water Blaziken
|
|upkeep
|
|t:|1596415957
|switch|p1a: Feminist|Gardevoir, F|100/100
|-damage|p1a: Feminist|88/100|[from] Stealth Rock
|-ability|p1a: Feminist|Prism Armor|[from] ability: Trace|[of] p2a: Necrozma
|turn|12
|
|t:|1596415961
|move|p2a: Necrozma|Heat Wave|p1a: Feminist
|-damage|p1a: Feminist|11/100
|move|p1a: Feminist|Moonblast|p2a: Necrozma
|-damage|p2a: Necrozma|52/100
|
|-heal|p1a: Feminist|17/100|[from] item: Leftovers
|upkeep
|turn|13
|
|t:|1596415969
|move|p2a: Necrozma|Photon Geyser|p1a: Feminist
|-resisted|p1a: Feminist
|-damage|p1a: Feminist|0 fnt
|faint|p1a: Feminist
|
|upkeep
|c|☆megarayquazasuncle|this set is beyond ubers worthy
|
|t:|1596415994
|switch|p1a: Blue Charizard|Druddigon, M|82/100 tox
|-damage|p1a: Blue Charizard|70/100 tox|[from] Stealth Rock
|turn|14
|
|t:|1596415998
|move|p1a: Blue Charizard|Sucker Punch|p2a: Necrozma
|-supereffective|p2a: Necrozma
|-damage|p2a: Necrozma|3/100
|-damage|p1a: Blue Charizard|60/100 tox|[from] item: Life Orb
|move|p2a: Necrozma|Photon Geyser|p1a: Blue Charizard
|-damage|p1a: Blue Charizard|0 fnt
|faint|p1a: Blue Charizard
|
|upkeep
|
|t:|1596416001
|switch|p1a: KEKDIO|Keldeo-Resolute|100/100
|-damage|p1a: KEKDIO|94/100|[from] Stealth Rock
|turn|15
|
|t:|1596416005
|move|p2a: Necrozma|Photon Geyser|p1a: KEKDIO
|-supereffective|p1a: KEKDIO
|-damage|p1a: KEKDIO|0 fnt
|faint|p1a: KEKDIO
|
|upkeep
|j| wuhoodude
|
|t:|1596416011
|switch|p1a: Coronas|Noivern, M|67/100
|turn|16
|
|t:|1596416013
|move|p2a: Necrozma|Photon Geyser|p1a: Coronas
|-damage|p1a: Coronas|0 fnt
|faint|p1a: Coronas
|
|upkeep
|-message|yea ok go forfeited.
|
|win|megarayquazasuncle
|l|☆yea ok go
|raw|yea ok go's rating: 1570 &rarr; <strong>1548</strong><br />(-22 for losing)
|raw|megarayquazasuncle's rating: 1533 &rarr; <strong>1555</strong><br />(+22 for winning)
