|j|☆big baz
|j|☆el team of memes
|player|p1|big baz|ltsurge|1411
|player|p2|el team of memes|psychic-gen4|1381
|teamsize|p1|6
|teamsize|p2|6
|gametype|singles
|gen|8
|tier|[Gen 8] UU
|rated|
|clearpoke
|poke|p1|Bronzong|
|poke|p1|Rotom-Mow|
|poke|p1|Necrozma|
|poke|p1|Pangoro, F|
|poke|p1|Mamoswine, M|
|poke|p1|Haxorus, F|
|poke|p2|Eldegoss, M|
|poke|p2|Corsola-Galar, M|
|poke|p2|Milotic, M|
|poke|p2|Salazzle, F|
|poke|p2|Umbreon, F|
|poke|p2|Gardevoir, F|
|rule|Sleep Clause Mod: Limit one foe put to sleep
|rule|Species Clause: Limit one of each Pokémon
|rule|OHKO Clause: OHKO moves are banned
|rule|Evasion Moves Clause: Evasion moves are banned
|rule|Endless Battle Clause: Forcing endless battles is banned
|rule|HP Percentage Mod: HP is shown in percentages
|rule|Dynamax Clause: You cannot dynamax
|teampreview
|c|☆big baz|christ
|
|start
|switch|p1a: Pangoro|Pangoro, F|100/100
|switch|p2a: Milotic|Milotic, M|100/100
|turn|1
|c|☆el team of memes|sry >3
|c|☆el team of memes|<3*
|
|switch|p2a: Gardevoir|Gardevoir, F|100/100
|-ability|p2a: Gardevoir|Scrappy|[from] ability: Trace|[of] p1a: Pangoro
|move|p1a: Pangoro|Knock Off|p2a: Gardevoir
|-damage|p2a: Gardevoir|0 fnt
|-enditem|p2a: Gardevoir|Quick Claw|[from] move: Knock Off|[of] p1a: Pangoro
|faint|p2a: Gardevoir
|
|upkeep
|
|switch|p2a: Milotic|Milotic, M|100/100
|turn|2
|
|move|p1a: Pangoro|Knock Off|p2a: Milotic
|-damage|p2a: Milotic|20/100
|-enditem|p2a: Milotic|Leftovers|[from] move: Knock Off|[of] p1a: Pangoro
|move|p2a: Milotic|Toxic|p1a: Pangoro
|-status|p1a: Pangoro|tox
|
|-damage|p1a: Pangoro|94/100 tox|[from] psn
|upkeep
|turn|3
|
|switch|p2a: Umbreon|Umbreon, F|100/100
|move|p1a: Pangoro|Knock Off|p2a: Umbreon
|-resisted|p2a: Umbreon
|-damage|p2a: Umbreon|79/100
|-enditem|p2a: Umbreon|Leftovers|[from] move: Knock Off|[of] p1a: Pangoro
|
|-damage|p1a: Pangoro|82/100 tox|[from] psn
|upkeep
|turn|4
|
|switch|p1a: Mamoswine|Mamoswine, M|100/100
|move|p2a: Umbreon|Wish|p2a: Umbreon
|
|upkeep
|turn|5
|
|move|p1a: Mamoswine|Earthquake|p2a: Umbreon
|-damage|p2a: Umbreon|49/100
|move|p2a: Umbreon|Toxic|p1a: Mamoswine
|-status|p1a: Mamoswine|tox
|
|-heal|p2a: Umbreon|99/100|[from] move: Wish|[wisher] Umbreon
|-damage|p1a: Mamoswine|94/100 tox|[from] psn
|upkeep
|turn|6
|
|move|p1a: Mamoswine|Stealth Rock|p2a: Umbreon
|-sidestart|p2: el team of memes|move: Stealth Rock
|move|p2a: Umbreon|Wish|p2a: Umbreon
|
|-damage|p1a: Mamoswine|82/100 tox|[from] psn
|upkeep
|turn|7
|
|move|p1a: Mamoswine|Earthquake|p2a: Umbreon
|-damage|p2a: Umbreon|68/100
|move|p2a: Umbreon|Foul Play|p1a: Mamoswine
|-damage|p1a: Mamoswine|30/100 tox
|
|-heal|p2a: Umbreon|100/100|[from] move: Wish|[wisher] Umbreon
|-damage|p1a: Mamoswine|11/100 tox|[from] psn
|upkeep
|turn|8
|
|move|p1a: Mamoswine|Endeavor|p2a: Umbreon
|-damage|p2a: Umbreon|10/100
|move|p2a: Umbreon|Wish|p2a: Umbreon
|
|-damage|p1a: Mamoswine|0 fnt|[from] psn
|faint|p1a: Mamoswine
|upkeep
|
|switch|p1a: Pangoro|Pangoro, F|82/100 tox
|turn|9
|
|move|p2a: Umbreon|Protect|p2a: Umbreon
|-singleturn|p2a: Umbreon|Protect
|move|p1a: Pangoro|Close Combat|p2a: Umbreon
|-activate|p2a: Umbreon|move: Protect
|
|-heal|p2a: Umbreon|60/100|[from] move: Wish|[wisher] Umbreon
|-damage|p1a: Pangoro|76/100 tox|[from] psn
|upkeep
|turn|10
|
|switch|p2a: Milotic|Milotic, M|20/100
|-damage|p2a: Milotic|7/100|[from] Stealth Rock
|move|p1a: Pangoro|Close Combat|p2a: Milotic
|-damage|p2a: Milotic|0 fnt
|-unboost|p1a: Pangoro|def|1
|-unboost|p1a: Pangoro|spd|1
|faint|p2a: Milotic
|
|-damage|p1a: Pangoro|64/100 tox|[from] psn
|upkeep
|
|switch|p2a: Salazzle|Salazzle, F|100/100
|-damage|p2a: Salazzle|76/100|[from] Stealth Rock
|turn|11
|
|switch|p1a: Bronzong|Bronzong|100/100
|move|p2a: Salazzle|Overheat|p1a: Bronzong|[miss]
|-miss|p2a: Salazzle|p1a: Bronzong
|
|-heal|p2a: Salazzle|82/100|[from] item: Black Sludge
|upkeep
|turn|12
|
|move|p2a: Salazzle|Toxic|p1a: Bronzong
|-status|p1a: Bronzong|tox
|move|p1a: Bronzong|Earthquake|p2a: Salazzle
|-supereffective|p2a: Salazzle
|-damage|p2a: Salazzle|0 fnt
|faint|p2a: Salazzle
|
|-damage|p1a: Bronzong|94/100 tox|[from] psn
|upkeep
|c|☆el team of memes|oof
|c|☆el team of memes|didnt expect that
|c|☆big baz|it\s for toxtricity
|c|☆big baz|max spdef
|c|☆el team of memes|hitting that overheat wouldve been really helpful for me thox"d
|
|switch|p2a: Umbreon|Umbreon, F|60/100
|-damage|p2a: Umbreon|48/100|[from] Stealth Rock
|turn|13
|c|☆big baz|oh no doubt
|
|move|p2a: Umbreon|Wish|p2a: Umbreon
|move|p1a: Bronzong|Toxic|p2a: Umbreon
|-status|p2a: Umbreon|tox
|-activate|p2a: Umbreon|ability: Synchronize
|-fail|p1a: Bronzong|tox
|
|-heal|p1a: Bronzong|100/100 tox|[from] item: Leftovers
|-damage|p2a: Umbreon|42/100 tox|[from] psn
|-damage|p1a: Bronzong|88/100 tox|[from] psn
|upkeep
|turn|14
|
|switch|p1a: Rotom|Rotom-Mow|100/100
|move|p2a: Umbreon|Foul Play|p1a: Rotom
|-damage|p1a: Rotom|78/100
|
|-heal|p2a: Umbreon|92/100 tox|[from] move: Wish|[wisher] Umbreon
|-damage|p2a: Umbreon|80/100 tox|[from] psn
|upkeep
|turn|15
|
|move|p1a: Rotom|Trick|p2a: Umbreon
|-activate|p1a: Rotom|move: Trick|[of] p2a: Umbreon
|-item|p2a: Umbreon|Choice Scarf|[from] move: Trick
|-enditem|p1a: Rotom|Choice Scarf|[silent]|[from] move: Trick
|move|p2a: Umbreon|Toxic|p1a: Rotom
|-status|p1a: Rotom|tox
|
|-damage|p1a: Rotom|72/100 tox|[from] psn
|-damage|p2a: Umbreon|61/100 tox|[from] psn
|upkeep
|turn|16
|
|switch|p2a: Eldegoss|Eldegoss, M|100/100
|-damage|p2a: Eldegoss|88/100|[from] Stealth Rock
|move|p1a: Rotom|Volt Switch|p2a: Eldegoss
|-resisted|p2a: Eldegoss
|-damage|p2a: Eldegoss|75/100
|j| SmartStrike77
|
|switch|p1a: Necrozma|Necrozma|100/100|[from]move: Volt Switch
|
|-heal|p2a: Eldegoss|81/100|[from] item: Leftovers
|upkeep
|turn|17
|l| SmartStrike77
|
|move|p1a: Necrozma|Photon Geyser|p2a: Eldegoss
|-damage|p2a: Eldegoss|15/100
|move|p2a: Eldegoss|Rapid Spin|p1a: Necrozma
|-damage|p1a: Necrozma|96/100
|-boost|p2a: Eldegoss|spe|1
|-sideend|p2: el team of memes|Stealth Rock|[from] move: Rapid Spin|[of] p2a: Eldegoss
|
|-heal|p2a: Eldegoss|21/100|[from] item: Leftovers
|upkeep
|turn|18
|
|switch|p1a: Haxorus|Haxorus, F|100/100
|-ability|p1a: Haxorus|Mold Breaker
|switch|p2a: Umbreon|Umbreon, F|61/100 tox
|
|-damage|p2a: Umbreon|55/100 tox|[from] psn
|upkeep
|turn|19
|
|move|p1a: Haxorus|Outrage|p2a: Umbreon
|-damage|p2a: Umbreon|0 fnt
|-damage|p1a: Haxorus|91/100|[from] item: Life Orb
|faint|p2a: Umbreon
|
|upkeep
|c|☆el team of memes|oh damn
|c|☆el team of memes|banded?
|
|switch|p2a: Corsola|Corsola-Galar, M|100/100
|turn|20
|c|☆big baz|nah life orb
|
|move|p1a: Haxorus|Outrage|p2a: Corsola|[from]lockedmove
|-damage|p2a: Corsola|41/100
|-damage|p1a: Haxorus|81/100|[from] item: Life Orb
|-start|p1a: Haxorus|confusion|[fatigue]
|move|p2a: Corsola|Strength Sap|p1a: Haxorus
|-unboost|p1a: Haxorus|atk|1
|-heal|p2a: Corsola|100/100
|
|upkeep
|turn|21
|c|☆big baz|hate being locked into first impression
|c|☆el team of memes|oh lol im stupid.. Haxorus crazy damage output man
|
|switch|p1a: Necrozma|Necrozma|96/100
|move|p2a: Corsola|Stealth Rock|p1a: Necrozma
|-sidestart|p1: big baz|move: Stealth Rock
|
|upkeep
|turn|22
|
|move|p1a: Necrozma|Prismatic Laser|p2a: Corsola
|-damage|p2a: Corsola|27/100
|-mustrecharge|p1a: Necrozma
|-start|p1a: Necrozma|Disable|Prismatic Laser|[from] ability: Cursed Body|[of] p2a: Corsola
|move|p2a: Corsola|Night Shade|p1a: Necrozma
|-damage|p1a: Necrozma|66/100
|
|upkeep
|turn|23
|
|cant|p1a: Necrozma|recharge
|move|p2a: Corsola|Strength Sap|p1a: Necrozma
|-unboost|p1a: Necrozma|atk|1
|-heal|p2a: Corsola|88/100
|
|upkeep
|turn|24
|
|switch|p1a: Bronzong|Bronzong|88/100 tox
|-damage|p1a: Bronzong|82/100 tox|[from] Stealth Rock
|move|p2a: Corsola|Will-O-Wisp||[still]
|-fail|p2a: Corsola
|
|-heal|p1a: Bronzong|88/100 tox|[from] item: Leftovers
|-damage|p1a: Bronzong|82/100 tox|[from] psn
|upkeep
|turn|25
|
|move|p2a: Corsola|Night Shade|p1a: Bronzong
|-damage|p1a: Bronzong|52/100 tox
|move|p1a: Bronzong|Toxic|p2a: Corsola
|-status|p2a: Corsola|tox
|
|-heal|p1a: Bronzong|58/100 tox|[from] item: Leftovers
|-damage|p2a: Corsola|82/100 tox|[from] psn
|-damage|p1a: Bronzong|46/100 tox|[from] psn
|upkeep
|turn|26
|
|switch|p2a: Eldegoss|Eldegoss, M|55/100
|switch|p1a: Rotom|Rotom-Mow|72/100 tox
|-damage|p1a: Rotom|59/100 tox|[from] Stealth Rock
|
|-heal|p2a: Eldegoss|61/100|[from] item: Leftovers
|-damage|p1a: Rotom|53/100 tox|[from] psn
|upkeep
|turn|27
|
|move|p1a: Rotom|Trick|p2a: Eldegoss
|-activate|p1a: Rotom|move: Trick|[of] p2a: Eldegoss
|-enditem|p2a: Eldegoss|Leftovers|[silent]|[from] move: Trick
|-item|p1a: Rotom|Leftovers|[from] move: Trick
|move|p2a: Eldegoss|Aromatherapy|p2a: Eldegoss
|-activate|p2a: Eldegoss|move: Aromatherapy
|-curestatus|p2: Corsola|tox|[msg]
|
|-heal|p1a: Rotom|59/100 tox|[from] item: Leftovers
|-damage|p1a: Rotom|47/100 tox|[from] psn
|upkeep
|turn|28
|
|move|p1a: Rotom|Volt Switch|p2a: Eldegoss
|-resisted|p2a: Eldegoss
|-damage|p2a: Eldegoss|46/100
|
|switch|p1a: Bronzong|Bronzong|46/100 tox|[from]move: Volt Switch
|-damage|p1a: Bronzong|40/100 tox|[from] Stealth Rock
|move|p2a: Eldegoss|Rapid Spin|p1a: Bronzong
|-resisted|p1a: Bronzong
|-damage|p1a: Bronzong|38/100 tox
|-boost|p2a: Eldegoss|spe|1
|
|-heal|p1a: Bronzong|44/100 tox|[from] item: Leftovers
|-damage|p1a: Bronzong|38/100 tox|[from] psn
|upkeep
|turn|29
|
|move|p2a: Eldegoss|Leech Seed|p1a: Bronzong
|-start|p1a: Bronzong|move: Leech Seed
|move|p1a: Bronzong|Toxic|p2a: Eldegoss
|-status|p2a: Eldegoss|tox
|
|-heal|p1a: Bronzong|44/100 tox|[from] item: Leftovers
|-damage|p1a: Bronzong|32/100 tox|[from] Leech Seed|[of] p2a: Eldegoss
|-heal|p2a: Eldegoss|59/100 tox|[silent]
|-damage|p2a: Eldegoss|53/100 tox|[from] psn
|-damage|p1a: Bronzong|19/100 tox|[from] psn
|upkeep
|turn|30
|
|move|p2a: Eldegoss|Aromatherapy|p2a: Eldegoss
|-activate|p2a: Eldegoss|move: Aromatherapy
|-curestatus|p2a: Eldegoss|tox|[msg]
|move|p1a: Bronzong|Toxic|p2a: Eldegoss
|-status|p2a: Eldegoss|tox
|
|-heal|p1a: Bronzong|25/100 tox|[from] item: Leftovers
|-damage|p1a: Bronzong|13/100 tox|[from] Leech Seed|[of] p2a: Eldegoss
|-heal|p2a: Eldegoss|66/100 tox|[silent]
|-damage|p2a: Eldegoss|60/100 tox|[from] psn
|-damage|p1a: Bronzong|0 fnt|[from] psn
|faint|p1a: Bronzong
|upkeep
|
|switch|p1a: Haxorus|Haxorus, F|81/100
|-damage|p1a: Haxorus|68/100|[from] Stealth Rock
|-ability|p1a: Haxorus|Mold Breaker
|turn|31
|
|switch|p2a: Corsola|Corsola-Galar, M|82/100
|move|p1a: Haxorus|Outrage|p2a: Corsola
|-damage|p2a: Corsola|27/100
|-damage|p1a: Haxorus|59/100|[from] item: Life Orb
|
|upkeep
|turn|32
|c|☆el team of memes|insane..
|c|☆big baz|jolly too
|c|☆big baz|not even adamant
|c|☆el team of memes|damn man x'D
|c|☆el team of memes|nnothing breaks this corsola but haxorus deals with all dem walls lol.
|
|move|p1a: Haxorus|Outrage|p2a: Corsola|[from]lockedmove
|-damage|p2a: Corsola|0 fnt
|-damage|p1a: Haxorus|49/100|[from] item: Life Orb
|faint|p2a: Corsola
|
|upkeep
|
|switch|p2a: Eldegoss|Eldegoss, M|93/100 tox
|turn|33
|c|☆big baz|yeah once Gard was gone
|
|move|p1a: Haxorus|Outrage|p2a: Eldegoss|[from]lockedmove
|-damage|p2a: Eldegoss|22/100 tox
|-damage|p1a: Haxorus|39/100|[from] item: Life Orb
|-start|p1a: Haxorus|confusion|[fatigue]
|move|p2a: Eldegoss|Leech Seed|p1a: Haxorus|[miss]
|-miss|p2a: Eldegoss|p1a: Haxorus
|
|-damage|p2a: Eldegoss|15/100 tox|[from] psn
|upkeep
|turn|34
|c|☆el team of memes|yeah but my gard is spd wish passer
|c|☆el team of memes|so poison jab is scurry
|
|-activate|p1a: Haxorus|confusion
|move|p1a: Haxorus|Outrage|p2a: Eldegoss
|-damage|p2a: Eldegoss|0 fnt
|-damage|p1a: Haxorus|29/100|[from] item: Life Orb
|faint|p2a: Eldegoss
|
|win|big baz
|c|☆big baz|oh would have just jabbed year
|c|☆big baz|yeah
|c|☆big baz|gg
|c|☆el team of memes|gg man
