|html|<div class="broadcast-blue"><strong>[Gen 8] UU is currently suspecting Mienshao! For information on how to participate check out the <a href="https://www.smogon.com/forums/threads/np-ss-uu-stage-10-3-pumped-up-kicks.3694543/">suspect thread</a>.</strong></div>
|j|☆The Garb Otters
|j|☆UU11M Hydreigon
|t:|1638987894
|gametype|singles
|player|p1|The Garb Otters|2|1000
|player|p2|UU11M Hydreigon|guitarist|1258
|teamsize|p1|6
|teamsize|p2|6
|gen|8
|tier|[Gen 8] UU
|rated|
|rule|Sleep Clause Mod: Limit one foe put to sleep
|rule|Species Clause: Limit one of each Pokémon
|rule|OHKO Clause: OHKO moves are banned
|rule|Evasion Moves Clause: Evasion moves are banned
|rule|Endless Battle Clause: Forcing endless battles is banned
|rule|HP Percentage Mod: HP is shown in percentages
|rule|Dynamax Clause: You cannot dynamax
|clearpoke
|poke|p1|Aegislash, M|
|poke|p1|Amoonguss, M|
|poke|p1|Slowbro-Galar, F|
|poke|p1|Seismitoad, F|
|poke|p1|Rotom-Wash|
|poke|p1|Nihilego|
|poke|p2|Chansey, F|
|poke|p2|Skarmory, F|
|poke|p2|Slowking, F|
|poke|p2|Umbreon, M|
|poke|p2|Weezing-Galar, F|
|poke|p2|Quagsire, M|
|teampreview
|
|t:|1638987910
|start
|switch|p1a: Aegislash|Aegislash, M|100/100
|switch|p2a: Umbreon|Umbreon, M|100/100
|turn|1
|c|☆The Garb Otters|good luck
|
|t:|1638987933
|switch|p2a: Chansey|Chansey, F|100/100
|-formechange|p1a: Aegislash|Aegislash-Blade||[from] ability: Stance Change
|move|p1a: Aegislash|Psycho Cut|p2a: Chansey
|-damage|p2a: Chansey|82/100
|
|upkeep
|turn|2
|inactive|Battle timer is ON: inactive players will automatically lose when time's up. (requested by UU11M Hydreigon)
|
|t:|1638987958
|switch|p2a: Skarmory|Skarmory, F|100/100
|move|p1a: Aegislash|Air Slash|p2a: Skarmory
|-resisted|p2a: Skarmory
|-damage|p2a: Skarmory|84/100
|
|-heal|p2a: Skarmory|90/100|[from] item: Leftovers
|upkeep
|turn|3
|
|t:|1638987969
|switch|p2a: Umbreon|Umbreon, M|100/100
|move|p1a: Aegislash|Psycho Cut|p2a: Umbreon
|-immune|p2a: Umbreon
|
|upkeep
|turn|4
|c|☆The Garb Otters|??
|
|t:|1638987974
|move|p1a: Aegislash|Air Slash|p2a: Umbreon
|-damage|p2a: Umbreon|86/100
|move|p2a: Umbreon|Foul Play|p1a: Aegislash
|-supereffective|p1a: Aegislash
|-damage|p1a: Aegislash|0 fnt
|faint|p1a: Aegislash
|
|-heal|p2a: Umbreon|92/100|[from] item: Leftovers
|upkeep
|
|t:|1638987984
|switch|p1a: Amoonguss|Amoonguss, M|100/100
|turn|5
|c|☆The Garb Otters|amooonguss
|
|t:|1638988011
|switch|p2a: Weezing|Weezing-Galar, F|100/100
|-ability|p2a: Weezing|Neutralizing Gas
|move|p1a: Amoonguss|Stun Spore|p2a: Weezing
|-status|p2a: Weezing|par
|
|upkeep
|turn|6
|inactive|The Garb Otters has 120 seconds left.
|
|t:|1638988046
|move|p1a: Amoonguss|Body Slam|p2a: Weezing
|-crit|p2a: Weezing
|-damage|p2a: Weezing|83/100 par
|-damage|p1a: Amoonguss|84/100|[from] item: Rocky Helmet|[of] p2a: Weezing
|move|p2a: Weezing|Flamethrower|p1a: Amoonguss
|-supereffective|p1a: Amoonguss
|-damage|p1a: Amoonguss|49/100
|
|upkeep
|turn|7
|inactive|The Garb Otters has 120 seconds left.
|
|t:|1638988063
|switch|p1a: Slowbro|Slowbro-Galar, F|100/100
|move|p2a: Weezing|Flamethrower|p1a: Slowbro
|-damage|p1a: Slowbro|77/100
|
|upkeep
|turn|8
|
|t:|1638988073
|-end|p2a: Weezing|ability: Neutralizing Gas
|switch|p2a: Slowking|Slowking, F|100/100
|move|p1a: Slowbro|Calm Mind|p1a: Slowbro
|-boost|p1a: Slowbro|spa|1
|-boost|p1a: Slowbro|spd|1
|
|upkeep
|turn|9
|c|☆The Garb Otters|yo
|inactive|UU11M Hydreigon has 120 seconds left.
|
|t:|1638988100
|move|p1a: Slowbro|Curse|p1a: Slowbro
|-unboost|p1a: Slowbro|spe|1
|-boost|p1a: Slowbro|atk|1
|-boost|p1a: Slowbro|def|1
|move|p2a: Slowking|Calm Mind|p2a: Slowking
|-boost|p2a: Slowking|spa|1
|-boost|p2a: Slowking|spd|1
|
|upkeep
|turn|10
|
|t:|1638988111
|move|p1a: Slowbro|Sludge Bomb|p2a: Slowking
|-damage|p2a: Slowking|75/100
|move|p2a: Slowking|Scald|p1a: Slowbro
|-damage|p1a: Slowbro|42/100
|
|upkeep
|turn|11
|inactive|The Garb Otters has 120 seconds left.
|inactive|UU11M Hydreigon has 120 seconds left.
|
|t:|1638988141
|move|p1a: Slowbro|Sludge Bomb|p2a: Slowking
|-damage|p2a: Slowking|48/100
|-status|p2a: Slowking|psn
|move|p2a: Slowking|Calm Mind|p2a: Slowking
|-boost|p2a: Slowking|spa|1
|-boost|p2a: Slowking|spd|1
|
|-damage|p2a: Slowking|35/100 psn|[from] psn
|upkeep
|turn|12
|
|t:|1638988150
|move|p1a: Slowbro|Curse|p1a: Slowbro
|-unboost|p1a: Slowbro|spe|1
|-boost|p1a: Slowbro|atk|1
|-boost|p1a: Slowbro|def|1
|move|p2a: Slowking|Slack Off|p2a: Slowking
|-heal|p2a: Slowking|85/100 psn
|
|-damage|p2a: Slowking|73/100 psn|[from] psn
|upkeep
|turn|13
|
|t:|1638988160
|move|p2a: Slowking|Scald|p1a: Slowbro
|-damage|p1a: Slowbro|0 fnt
|faint|p1a: Slowbro
|
|-damage|p2a: Slowking|60/100 psn|[from] psn
|upkeep
|inactive|The Garb Otters has 120 seconds left.
|
|t:|1638988175
|switch|p1a: Amoonguss|Amoonguss, M|49/100
|turn|14
|
|t:|1638988178
|move|p1a: Amoonguss|Foul Play|p2a: Slowking
|-supereffective|p2a: Slowking
|-enditem|p2a: Slowking|Colbur Berry|[eat]
|-enditem|p2a: Slowking|Colbur Berry|[weaken]
|-damage|p2a: Slowking|49/100 psn
|move|p2a: Slowking|Psyshock|p1a: Amoonguss
|-supereffective|p1a: Amoonguss
|-damage|p1a: Amoonguss|0 fnt
|faint|p1a: Amoonguss
|
|-damage|p2a: Slowking|36/100 psn|[from] psn
|upkeep
|c|☆The Garb Otters|dude i suck
|
|t:|1638988189
|switch|p1a: big fudging tod|Seismitoad, F|100/100
|turn|15
|
|t:|1638988199
|move|p1a: big fudging tod|Endeavor|p2a: Slowking
|-immune|p2a: Slowking
|move|p2a: Slowking|Slack Off|p2a: Slowking
|-heal|p2a: Slowking|87/100 psn
|
|-damage|p2a: Slowking|74/100 psn|[from] psn
|upkeep
|turn|16
|c|☆The Garb Otters|oh
|
|t:|1638988223
|move|p1a: big fudging tod|Focus Blast|p2a: Slowking
|-resisted|p2a: Slowking
|-damage|p2a: Slowking|69/100 psn
|move|p2a: Slowking|Slack Off|p2a: Slowking
|-heal|p2a: Slowking|100/100 psn
|
|-damage|p2a: Slowking|88/100 psn|[from] psn
|upkeep
|turn|17
|
|t:|1638988251
|move|p1a: big fudging tod|Stealth Rock|p2a: Slowking
|-sidestart|p2: UU11M Hydreigon|move: Stealth Rock
|move|p2a: Slowking|Calm Mind|p2a: Slowking
|-boost|p2a: Slowking|spa|1
|-boost|p2a: Slowking|spd|1
|
|-damage|p2a: Slowking|76/100 psn|[from] psn
|upkeep
|turn|18
|inactive|The Garb Otters has 120 seconds left.
|
|t:|1638988272
|move|p1a: big fudging tod|Hydro Pump|p2a: Slowking
|-resisted|p2a: Slowking
|-damage|p2a: Slowking|70/100 psn
|move|p2a: Slowking|Calm Mind|p2a: Slowking
|-boost|p2a: Slowking|spa|1
|-boost|p2a: Slowking|spd|1
|
|-damage|p2a: Slowking|58/100 psn|[from] psn
|upkeep
|turn|19
|-message|The Garb Otters forfeited.
|
|win|UU11M Hydreigon
|raw|The Garb Otters's rating: 1000 &rarr; <strong>1000</strong><br />(+0 for losing)
|raw|UU11M Hydreigon's rating: 1258 &rarr; <strong>1267</strong><br />(+9 for winning)
|l|☆The Garb Otters
