|j|☆UUH4567
|j|☆uuh4 youngju
|player|p1|UUH4567|falkner|1378
|player|p2|uuh4 youngju|ninjaboy|1348
|teamsize|p1|6
|teamsize|p2|6
|gametype|singles
|gen|8
|tier|[Gen 8] UU
|rated|
|html|<div class="broadcast-blue"><strong>UU is currently suspecting Haxorus! For information on how to participate check out the <a href="https://www.smogon.com/forums/threads/3664575/">suspect thread</a>.</strong></div>
|clearpoke
|poke|p1|Bronzong|
|poke|p1|Sylveon, F|
|poke|p1|Noivern, M|
|poke|p1|Golisopod, F|
|poke|p1|Haxorus, M|
|poke|p1|Incineroar, M|
|poke|p2|Avalugg, M|
|poke|p2|Umbreon, F|
|poke|p2|Weezing-Galar, F|
|poke|p2|Bronzong|
|poke|p2|Snorlax, F|
|poke|p2|Quagsire, M|
|rule|Sleep Clause Mod: Limit one foe put to sleep
|rule|Species Clause: Limit one of each Pokémon
|rule|OHKO Clause: OHKO moves are banned
|rule|Evasion Moves Clause: Evasion moves are banned
|rule|Endless Battle Clause: Forcing endless battles is banned
|rule|HP Percentage Mod: HP is shown in percentages
|rule|Dynamax Clause: You cannot dynamax
|teampreview
|inactive|Battle timer is ON: inactive players will automatically lose when time's up. (requested by UUH4567)
|
|start
|switch|p1a: Incineroar|Incineroar, M|100/100
|switch|p2a: Weezing|Weezing-Galar, F|100/100
|-ability|p2a: Weezing|Neutralizing Gas
|turn|1
|
|move|p1a: Incineroar|Knock Off|p2a: Weezing
|-resisted|p2a: Weezing
|-damage|p2a: Weezing|87/100
|-enditem|p2a: Weezing|Black Sludge|[from] move: Knock Off|[of] p1a: Incineroar
|move|p2a: Weezing|Toxic|p1a: Incineroar
|-status|p1a: Incineroar|tox
|
|-damage|p1a: Incineroar|94/100 tox|[from] psn
|upkeep
|turn|2
|
|move|p1a: Incineroar|Flare Blitz|p2a: Weezing
|-damage|p2a: Weezing|46/100
|-status|p2a: Weezing|brn
|-damage|p1a: Incineroar|81/100 tox|[from] Recoil
|move|p2a: Weezing|Toxic Spikes|p1a: Incineroar
|-sidestart|p1: UUH4567|move: Toxic Spikes
|
|-damage|p1a: Incineroar|69/100 tox|[from] psn
|-damage|p2a: Weezing|40/100 brn|[from] brn
|upkeep
|turn|3
|
|switch|p1a: Noivern|Noivern, M|100/100
|switch|p2a: Umbreon|Umbreon, F|100/100
|
|upkeep
|turn|4
|
|switch|p2a: Bronzong|Bronzong|100/100
|move|p1a: Noivern|Defog|p2a: Bronzong
|-unboost|p2a: Bronzong|evasion|1
|-sideend|p1: UUH4567|Toxic Spikes|[from] move: Defog|[of] p1a: Noivern
|
|upkeep
|turn|5
|
|move|p1a: Noivern|Flamethrower|p2a: Bronzong
|-supereffective|p2a: Bronzong
|-damage|p2a: Bronzong|74/100
|move|p2a: Bronzong|Stealth Rock|p1a: Noivern
|-sidestart|p1: UUH4567|move: Stealth Rock
|
|-heal|p2a: Bronzong|80/100|[from] item: Leftovers
|upkeep
|turn|6
|
|move|p1a: Noivern|Flamethrower|p2a: Bronzong
|-supereffective|p2a: Bronzong
|-damage|p2a: Bronzong|52/100
|move|p2a: Bronzong|Toxic|p1a: Noivern
|-status|p1a: Noivern|tox
|
|-heal|p2a: Bronzong|58/100|[from] item: Leftovers
|-damage|p1a: Noivern|95/100 tox|[from] psn
|upkeep
|turn|7
|
|switch|p1a: Bronzong|Bronzong|100/100
|-damage|p1a: Bronzong|94/100|[from] Stealth Rock
|move|p2a: Bronzong|Heavy Slam|p1a: Bronzong
|-resisted|p1a: Bronzong
|-damage|p1a: Bronzong|89/100
|
|-heal|p2a: Bronzong|64/100|[from] item: Leftovers
|-heal|p1a: Bronzong|95/100|[from] item: Leftovers
|upkeep
|turn|8
|
|switch|p2a: Umbreon|Umbreon, F|100/100
|move|p1a: Bronzong|Stealth Rock|p2a: Umbreon
|-sidestart|p2: uuh4 youngju|move: Stealth Rock
|
|-heal|p1a: Bronzong|100/100|[from] item: Leftovers
|upkeep
|turn|9
|
|move|p2a: Umbreon|Wish|p2a: Umbreon
|move|p1a: Bronzong|Toxic|p2a: Umbreon
|-status|p2a: Umbreon|tox
|-activate|p2a: Umbreon|ability: Synchronize
|-immune|p1a: Bronzong
|
|-damage|p2a: Umbreon|94/100 tox|[from] psn
|upkeep
|turn|10
|
|move|p2a: Umbreon|Heal Bell|p2a: Umbreon
|-activate|p2a: Umbreon|move: Heal Bell
|-curestatus|p2a: Umbreon|tox|[msg]
|-curestatus|p2: Weezing|brn|[msg]
|move|p1a: Bronzong|Psychic|p2a: Umbreon
|-immune|p2a: Umbreon
|
|-heal|p2a: Umbreon|100/100|[from] move: Wish|[wisher] Umbreon
|upkeep
|turn|11
|
|move|p2a: Umbreon|Protect|p2a: Umbreon
|-singleturn|p2a: Umbreon|Protect
|move|p1a: Bronzong|Toxic|p2a: Umbreon
|-activate|p2a: Umbreon|move: Protect
|
|upkeep
|turn|12
|
|move|p2a: Umbreon|Foul Play|p1a: Bronzong
|-supereffective|p1a: Bronzong
|-damage|p1a: Bronzong|60/100
|move|p1a: Bronzong|Toxic|p2a: Umbreon
|-status|p2a: Umbreon|tox
|-activate|p2a: Umbreon|ability: Synchronize
|-immune|p1a: Bronzong
|
|-heal|p1a: Bronzong|66/100|[from] item: Leftovers
|-damage|p2a: Umbreon|94/100 tox|[from] psn
|upkeep
|turn|13
|
|switch|p1a: Sylveon|Sylveon, F|100/100
|-damage|p1a: Sylveon|88/100|[from] Stealth Rock
|move|p2a: Umbreon|Heal Bell|p2a: Umbreon
|-activate|p2a: Umbreon|move: Heal Bell
|-curestatus|p2a: Umbreon|tox|[msg]
|
|-heal|p2a: Umbreon|100/100|[from] item: Leftovers
|-heal|p1a: Sylveon|94/100|[from] item: Leftovers
|upkeep
|turn|14
|
|switch|p2a: Bronzong|Bronzong|64/100
|-damage|p2a: Bronzong|58/100|[from] Stealth Rock
|move|p1a: Sylveon|Heal Bell|p1a: Sylveon
|-activate|p1a: Sylveon|move: Heal Bell
|-curestatus|p1: Incineroar|tox|[msg]
|-curestatus|p1: Noivern|tox|[msg]
|
|-heal|p1a: Sylveon|99/100|[from] item: Leftovers
|-heal|p2a: Bronzong|64/100|[from] item: Leftovers
|upkeep
|turn|15
|
|switch|p1a: Bronzong|Bronzong|66/100
|-damage|p1a: Bronzong|60/100|[from] Stealth Rock
|switch|p2a: Quagsire|Quagsire, M|100/100
|-damage|p2a: Quagsire|94/100|[from] Stealth Rock
|
|-heal|p1a: Bronzong|66/100|[from] item: Leftovers
|-heal|p2a: Quagsire|100/100|[from] item: Leftovers
|upkeep
|turn|16
|
|move|p1a: Bronzong|Toxic|p2a: Quagsire
|-status|p2a: Quagsire|tox
|move|p2a: Quagsire|Scald|p1a: Bronzong
|-damage|p1a: Bronzong|53/100
|-status|p1a: Bronzong|brn
|
|-heal|p1a: Bronzong|59/100 brn|[from] item: Leftovers
|-damage|p1a: Bronzong|53/100 brn|[from] brn
|-damage|p2a: Quagsire|94/100 tox|[from] psn
|upkeep
|turn|17
|
|switch|p1a: Haxorus|Haxorus, M|100/100
|-damage|p1a: Haxorus|88/100|[from] Stealth Rock
|-ability|p1a: Haxorus|Mold Breaker
|move|p2a: Quagsire|Toxic|p1a: Haxorus
|-status|p1a: Haxorus|tox
|
|-heal|p2a: Quagsire|100/100 tox|[from] item: Leftovers
|-damage|p1a: Haxorus|82/100 tox|[from] psn
|-damage|p2a: Quagsire|88/100 tox|[from] psn
|upkeep
|turn|18
|
|switch|p2a: Avalugg|Avalugg, M|100/100
|move|p1a: Haxorus|Earthquake|p2a: Avalugg
|-damage|p2a: Avalugg|79/100
|
|-damage|p1a: Haxorus|70/100 tox|[from] psn
|upkeep
|turn|19
|
|switch|p1a: Sylveon|Sylveon, F|99/100
|-damage|p1a: Sylveon|88/100|[from] Stealth Rock
|move|p2a: Avalugg|Rapid Spin|p1a: Sylveon
|-damage|p1a: Sylveon|78/100
|-boost|p2a: Avalugg|spe|1
|-sideend|p2: uuh4 youngju|Stealth Rock|[from] move: Rapid Spin|[of] p2a: Avalugg
|
|-heal|p1a: Sylveon|84/100|[from] item: Leftovers
|upkeep
|turn|20
|
|switch|p2a: Bronzong|Bronzong|64/100
|move|p1a: Sylveon|Heal Bell|p1a: Sylveon
|-activate|p1a: Sylveon|move: Heal Bell
|-curestatus|p1: Haxorus|tox|[msg]
|-curestatus|p1: Bronzong|brn|[msg]
|
|-heal|p1a: Sylveon|90/100|[from] item: Leftovers
|-heal|p2a: Bronzong|70/100|[from] item: Leftovers
|upkeep
|turn|21
|
|switch|p2a: Snorlax|Snorlax, F|100/100
|move|p1a: Sylveon|Wish|p1a: Sylveon
|
|-heal|p1a: Sylveon|96/100|[from] item: Leftovers
|upkeep
|turn|22
|
|switch|p1a: Incineroar|Incineroar, M|69/100
|-ability|p1a: Incineroar|Intimidate|boost
|-unboost|p2a: Snorlax|atk|1
|switch|p2a: Umbreon|Umbreon, F|100/100
|
|-heal|p1a: Incineroar|100/100|[from] move: Wish|[wisher] Sylveon
|upkeep
|turn|23
|
|move|p1a: Incineroar|Close Combat|p2a: Umbreon
|-supereffective|p2a: Umbreon
|-damage|p2a: Umbreon|44/100
|-unboost|p1a: Incineroar|def|1
|-unboost|p1a: Incineroar|spd|1
|move|p2a: Umbreon|Wish|p2a: Umbreon
|
|-heal|p2a: Umbreon|50/100|[from] item: Leftovers
|upkeep
|turn|24
|
|move|p2a: Umbreon|Protect|p2a: Umbreon
|-singleturn|p2a: Umbreon|Protect
|move|p1a: Incineroar|Swords Dance|p1a: Incineroar
|-boost|p1a: Incineroar|atk|2
|
|-heal|p2a: Umbreon|99/100|[from] move: Wish|[wisher] Umbreon
|-heal|p2a: Umbreon|100/100|[from] item: Leftovers
|upkeep
|turn|25
|
|switch|p2a: Quagsire|Quagsire, M|88/100 tox
|move|p1a: Incineroar|Knock Off|p2a: Quagsire
|-damage|p2a: Quagsire|57/100 tox
|-enditem|p2a: Quagsire|Leftovers|[from] move: Knock Off|[of] p1a: Incineroar
|
|-damage|p2a: Quagsire|51/100 tox|[from] psn
|upkeep
|turn|26
|
|switch|p1a: Noivern|Noivern, M|95/100
|move|p2a: Quagsire|Recover|p2a: Quagsire
|-heal|p2a: Quagsire|100/100 tox
|
|-damage|p2a: Quagsire|88/100 tox|[from] psn
|upkeep
|turn|27
|
|switch|p2a: Umbreon|Umbreon, F|100/100
|move|p1a: Noivern|Flamethrower|p2a: Umbreon
|-damage|p2a: Umbreon|88/100
|
|-heal|p2a: Umbreon|94/100|[from] item: Leftovers
|upkeep
|turn|28
|
|move|p1a: Noivern|Defog|p2a: Umbreon
|-unboost|p2a: Umbreon|evasion|1
|-sideend|p1: UUH4567|Stealth Rock|[from] move: Defog|[of] p1a: Noivern
|move|p2a: Umbreon|Wish|p2a: Umbreon
|
|-heal|p2a: Umbreon|99/100|[from] item: Leftovers
|upkeep
|turn|29
|
|switch|p2a: Bronzong|Bronzong|70/100
|move|p1a: Noivern|Flamethrower|p2a: Bronzong
|-supereffective|p2a: Bronzong
|-damage|p2a: Bronzong|41/100
|
|-heal|p2a: Bronzong|99/100|[from] move: Wish|[wisher] Umbreon
|-heal|p2a: Bronzong|100/100|[from] item: Leftovers
|upkeep
|turn|30
|
|switch|p1a: Bronzong|Bronzong|53/100
|move|p2a: Bronzong|Stealth Rock|p1a: Bronzong
|-sidestart|p1: UUH4567|move: Stealth Rock
|
|-heal|p1a: Bronzong|59/100|[from] item: Leftovers
|upkeep
|turn|31
|
|switch|p2a: Umbreon|Umbreon, F|99/100
|move|p1a: Bronzong|Stealth Rock|p2a: Umbreon
|-sidestart|p2: uuh4 youngju|move: Stealth Rock
|
|-heal|p2a: Umbreon|100/100|[from] item: Leftovers
|-heal|p1a: Bronzong|66/100|[from] item: Leftovers
|upkeep
|turn|32
|
|move|p2a: Umbreon|Wish|p2a: Umbreon
|move|p1a: Bronzong|Toxic|p2a: Umbreon
|-status|p2a: Umbreon|tox
|-activate|p2a: Umbreon|ability: Synchronize
|-immune|p1a: Bronzong
|
|-heal|p1a: Bronzong|72/100|[from] item: Leftovers
|-damage|p2a: Umbreon|94/100 tox|[from] psn
|upkeep
|turn|33
|
|move|p2a: Umbreon|Foul Play|p1a: Bronzong
|-supereffective|p1a: Bronzong
|-damage|p1a: Bronzong|29/100
|move|p1a: Bronzong|Psychic|p2a: Umbreon
|-immune|p2a: Umbreon
|
|-heal|p2a: Umbreon|100/100 tox|[from] move: Wish|[wisher] Umbreon
|-heal|p1a: Bronzong|35/100|[from] item: Leftovers
|-damage|p2a: Umbreon|88/100 tox|[from] psn
|upkeep
|turn|34
|
|move|p1a: Bronzong|Protect|p1a: Bronzong
|-singleturn|p1a: Bronzong|Protect
|move|p2a: Umbreon|Heal Bell|p2a: Umbreon
|-activate|p2a: Umbreon|move: Heal Bell
|-curestatus|p2a: Umbreon|tox|[msg]
|-curestatus|p2: Quagsire|tox|[msg]
|
|-heal|p2a: Umbreon|94/100|[from] item: Leftovers
|-heal|p1a: Bronzong|41/100|[from] item: Leftovers
|upkeep
|turn|35
|
|switch|p1a: Sylveon|Sylveon, F|96/100
|-damage|p1a: Sylveon|83/100|[from] Stealth Rock
|move|p2a: Umbreon|Foul Play|p1a: Sylveon
|-resisted|p1a: Sylveon
|-damage|p1a: Sylveon|77/100
|
|-heal|p2a: Umbreon|100/100|[from] item: Leftovers
|-heal|p1a: Sylveon|83/100|[from] item: Leftovers
|upkeep
|turn|36
|
|move|p2a: Umbreon|Wish|p2a: Umbreon
|move|p1a: Sylveon|Wish|p1a: Sylveon
|
|-heal|p1a: Sylveon|89/100|[from] item: Leftovers
|upkeep
|turn|37
|
|switch|p2a: Weezing|Weezing-Galar, F|40/100
|-ability|p2a: Weezing|Neutralizing Gas
|-damage|p2a: Weezing|28/100|[from] Stealth Rock
|move|p1a: Sylveon|Hyper Voice|p2a: Weezing
|-damage|p2a: Weezing|0 fnt
|faint|p2a: Weezing
|
|-heal|p1a: Sylveon|100/100|[from] move: Wish|[wisher] Sylveon
|upkeep
|c|☆uuh4 youngju|oh right
|c|☆uuh4 youngju|LOL
|
|switch|p2a: Snorlax|Snorlax, F|100/100
|-damage|p2a: Snorlax|88/100|[from] Stealth Rock
|turn|38
|
|switch|p1a: Incineroar|Incineroar, M|100/100
|-ability|p1a: Incineroar|Intimidate|boost
|-unboost|p2a: Snorlax|atk|1
|move|p2a: Snorlax|Curse|p2a: Snorlax
|-unboost|p2a: Snorlax|spe|1
|-boost|p2a: Snorlax|atk|1
|-boost|p2a: Snorlax|def|1
|
|-heal|p2a: Snorlax|94/100|[from] item: Leftovers
|upkeep
|turn|39
|
|switch|p2a: Quagsire|Quagsire, M|88/100
|-damage|p2a: Quagsire|82/100|[from] Stealth Rock
|move|p1a: Incineroar|Swords Dance|p1a: Incineroar
|-boost|p1a: Incineroar|atk|2
|
|upkeep
|turn|40
|
|switch|p1a: Sylveon|Sylveon, F|100/100
|-damage|p1a: Sylveon|88/100|[from] Stealth Rock
|move|p2a: Quagsire|Scald|p1a: Sylveon
|-damage|p1a: Sylveon|75/100
|-status|p1a: Sylveon|brn
|
|-heal|p1a: Sylveon|81/100 brn|[from] item: Leftovers
|-damage|p1a: Sylveon|75/100 brn|[from] brn
|upkeep
|turn|41
|
|move|p1a: Sylveon|Wish|p1a: Sylveon
|move|p2a: Quagsire|Earthquake|p1a: Sylveon
|-damage|p1a: Sylveon|49/100 brn
|
|-heal|p1a: Sylveon|55/100 brn|[from] item: Leftovers
|-damage|p1a: Sylveon|49/100 brn|[from] brn
|upkeep
|turn|42
|
|switch|p2a: Snorlax|Snorlax, F|94/100
|-damage|p2a: Snorlax|82/100|[from] Stealth Rock
|move|p1a: Sylveon|Hyper Voice|p2a: Snorlax
|-damage|p2a: Snorlax|62/100
|
|-heal|p1a: Sylveon|99/100 brn|[from] move: Wish|[wisher] Sylveon
|-heal|p1a: Sylveon|100/100 brn|[from] item: Leftovers
|-heal|p2a: Snorlax|68/100|[from] item: Leftovers
|-damage|p1a: Sylveon|94/100 brn|[from] brn
|upkeep
|turn|43
|
|switch|p1a: Incineroar|Incineroar, M|100/100
|-ability|p1a: Incineroar|Intimidate|boost
|-unboost|p2a: Snorlax|atk|1
|move|p2a: Snorlax|Curse|p2a: Snorlax
|-unboost|p2a: Snorlax|spe|1
|-boost|p2a: Snorlax|atk|1
|-boost|p2a: Snorlax|def|1
|
|-heal|p2a: Snorlax|74/100|[from] item: Leftovers
|upkeep
|turn|44
|
|switch|p2a: Quagsire|Quagsire, M|82/100
|-damage|p2a: Quagsire|76/100|[from] Stealth Rock
|move|p1a: Incineroar|Swords Dance|p1a: Incineroar
|-boost|p1a: Incineroar|atk|2
|
|upkeep
|turn|45
|
|switch|p1a: Golisopod|Golisopod, F|100/100
|move|p2a: Quagsire|Scald|p1a: Golisopod
|-resisted|p1a: Golisopod
|-damage|p1a: Golisopod|91/100
|
|upkeep
|turn|46
|
|move|p1a: Golisopod|Liquidation|p2a: Quagsire
|-damage|p2a: Quagsire|43/100
|move|p2a: Quagsire|Toxic|p1a: Golisopod|[miss]
|-miss|p2a: Quagsire|p1a: Golisopod
|
|upkeep
|turn|47
|
|switch|p1a: Sylveon|Sylveon, F|94/100 brn
|-damage|p1a: Sylveon|82/100 brn|[from] Stealth Rock
|move|p2a: Quagsire|Recover|p2a: Quagsire
|-heal|p2a: Quagsire|93/100
|
|-heal|p1a: Sylveon|88/100 brn|[from] item: Leftovers
|-damage|p1a: Sylveon|82/100 brn|[from] brn
|upkeep
|turn|48
|
|switch|p2a: Bronzong|Bronzong|100/100
|-damage|p2a: Bronzong|94/100|[from] Stealth Rock
|move|p1a: Sylveon|Wish|p1a: Sylveon
|
|-heal|p1a: Sylveon|88/100 brn|[from] item: Leftovers
|-heal|p2a: Bronzong|100/100|[from] item: Leftovers
|-damage|p1a: Sylveon|82/100 brn|[from] brn
|upkeep
|turn|49
|
|switch|p1a: Bronzong|Bronzong|41/100
|-damage|p1a: Bronzong|35/100|[from] Stealth Rock
|switch|p2a: Umbreon|Umbreon, F|100/100
|-damage|p2a: Umbreon|88/100|[from] Stealth Rock
|
|-heal|p1a: Bronzong|93/100|[from] move: Wish|[wisher] Sylveon
|-heal|p2a: Umbreon|94/100|[from] item: Leftovers
|-heal|p1a: Bronzong|99/100|[from] item: Leftovers
|upkeep
|turn|50
|
|move|p2a: Umbreon|Foul Play|p1a: Bronzong
|-supereffective|p1a: Bronzong
|-damage|p1a: Bronzong|58/100
|move|p1a: Bronzong|Toxic|p2a: Umbreon|[miss]
|-miss|p1a: Bronzong|p2a: Umbreon
|
|-heal|p2a: Umbreon|99/100|[from] item: Leftovers
|-heal|p1a: Bronzong|65/100|[from] item: Leftovers
|upkeep
|turn|51
|
|switch|p2a: Bronzong|Bronzong|100/100
|-damage|p2a: Bronzong|94/100|[from] Stealth Rock
|switch|p1a: Sylveon|Sylveon, F|82/100 brn
|-damage|p1a: Sylveon|70/100 brn|[from] Stealth Rock
|
|-heal|p1a: Sylveon|76/100 brn|[from] item: Leftovers
|-heal|p2a: Bronzong|100/100|[from] item: Leftovers
|-damage|p1a: Sylveon|70/100 brn|[from] brn
|upkeep
|turn|52
|
|switch|p2a: Umbreon|Umbreon, F|99/100
|-damage|p2a: Umbreon|88/100|[from] Stealth Rock
|move|p1a: Sylveon|Wish|p1a: Sylveon
|
|-heal|p2a: Umbreon|94/100|[from] item: Leftovers
|-heal|p1a: Sylveon|76/100 brn|[from] item: Leftovers
|-damage|p1a: Sylveon|70/100 brn|[from] brn
|upkeep
|turn|53
|
|switch|p2a: Bronzong|Bronzong|100/100
|-damage|p2a: Bronzong|94/100|[from] Stealth Rock
|move|p1a: Sylveon|Heal Bell|p1a: Sylveon
|-activate|p1a: Sylveon|move: Heal Bell
|-curestatus|p1a: Sylveon|brn|[msg]
|
|-heal|p1a: Sylveon|100/100|[from] move: Wish|[wisher] Sylveon
|-heal|p2a: Bronzong|100/100|[from] item: Leftovers
|upkeep
|turn|54
|
|switch|p2a: Umbreon|Umbreon, F|94/100
|-damage|p2a: Umbreon|81/100|[from] Stealth Rock
|move|p1a: Sylveon|Wish|p1a: Sylveon
|
|-heal|p2a: Umbreon|88/100|[from] item: Leftovers
|upkeep
|turn|55
|
|switch|p1a: Bronzong|Bronzong|65/100
|-damage|p1a: Bronzong|58/100|[from] Stealth Rock
|move|p2a: Umbreon|Wish|p2a: Umbreon
|
|-heal|p1a: Bronzong|100/100|[from] move: Wish|[wisher] Sylveon
|-heal|p2a: Umbreon|94/100|[from] item: Leftovers
|upkeep
|turn|56
|
|move|p2a: Umbreon|Foul Play|p1a: Bronzong
|-supereffective|p1a: Bronzong
|-damage|p1a: Bronzong|57/100
|move|p1a: Bronzong|Toxic|p2a: Umbreon
|-status|p2a: Umbreon|tox
|-activate|p2a: Umbreon|ability: Synchronize
|-immune|p1a: Bronzong
|
|-heal|p2a: Umbreon|100/100 tox|[from] move: Wish|[wisher] Umbreon
|-heal|p1a: Bronzong|64/100|[from] item: Leftovers
|-damage|p2a: Umbreon|94/100 tox|[from] psn
|upkeep
|turn|57
|
|switch|p1a: Golisopod|Golisopod, F|91/100
|move|p2a: Umbreon|Foul Play|p1a: Golisopod
|-damage|p1a: Golisopod|52/100
|
|-heal|p2a: Umbreon|100/100 tox|[from] item: Leftovers
|-damage|p2a: Umbreon|88/100 tox|[from] psn
|upkeep
|turn|58
|
|switch|p2a: Avalugg|Avalugg, M|79/100
|move|p1a: Golisopod|Leech Life|p2a: Avalugg
|-damage|p2a: Avalugg|61/100
|-heal|p1a: Golisopod|62/100|[from] drain|[of] p2a: Avalugg
|
|upkeep
|turn|59
|
|move|p1a: Golisopod|Knock Off|p2a: Avalugg
|-damage|p2a: Avalugg|48/100
|-enditem|p2a: Avalugg|Heavy-Duty Boots|[from] move: Knock Off|[of] p1a: Golisopod
|move|p2a: Avalugg|Recover|p2a: Avalugg
|-heal|p2a: Avalugg|98/100
|
|upkeep
|turn|60
|
|switch|p1a: Bronzong|Bronzong|64/100
|-damage|p1a: Bronzong|57/100|[from] Stealth Rock
|move|p2a: Avalugg|Rapid Spin|p1a: Bronzong
|-resisted|p1a: Bronzong
|-damage|p1a: Bronzong|51/100
|-boost|p2a: Avalugg|spe|1
|-sideend|p2: uuh4 youngju|Stealth Rock|[from] move: Rapid Spin|[of] p2a: Avalugg
|
|-heal|p1a: Bronzong|57/100|[from] item: Leftovers
|upkeep
|turn|61
|
|move|p2a: Avalugg|Body Press|p1a: Bronzong
|-damage|p1a: Bronzong|20/100
|move|p1a: Bronzong|Stealth Rock|p2a: Avalugg
|-sidestart|p2: uuh4 youngju|move: Stealth Rock
|
|-heal|p1a: Bronzong|26/100|[from] item: Leftovers
|upkeep
|turn|62
|
|move|p1a: Bronzong|Protect|p1a: Bronzong
|-singleturn|p1a: Bronzong|Protect
|move|p2a: Avalugg|Body Press|p1a: Bronzong
|-activate|p1a: Bronzong|move: Protect
|
|-heal|p1a: Bronzong|32/100|[from] item: Leftovers
|upkeep
|turn|63
|
|switch|p1a: Golisopod|Golisopod, F|62/100
|move|p2a: Avalugg|Rapid Spin|p1a: Golisopod
|-damage|p1a: Golisopod|52/100
|-boost|p2a: Avalugg|spe|1
|-sideend|p2: uuh4 youngju|Stealth Rock|[from] move: Rapid Spin|[of] p2a: Avalugg
|
|upkeep
|turn|64
|
|move|p2a: Avalugg|Body Press|p1a: Golisopod
|-resisted|p1a: Golisopod
|-damage|p1a: Golisopod|37/100
|-activate|p1a: Golisopod|ability: Emergency Exit
|
|switch|p1a: Sylveon|Sylveon, F|100/100
|-damage|p1a: Sylveon|88/100|[from] Stealth Rock
|
|-heal|p1a: Sylveon|94/100|[from] item: Leftovers
|upkeep
|turn|65
|
|switch|p2a: Bronzong|Bronzong|100/100
|move|p1a: Sylveon|Wish|p1a: Sylveon
|
|-heal|p1a: Sylveon|99/100|[from] item: Leftovers
|upkeep
|turn|66
|
|switch|p1a: Bronzong|Bronzong|32/100
|-damage|p1a: Bronzong|26/100|[from] Stealth Rock
|switch|p2a: Umbreon|Umbreon, F|88/100 tox
|
|-heal|p1a: Bronzong|84/100|[from] move: Wish|[wisher] Sylveon
|-heal|p2a: Umbreon|94/100 tox|[from] item: Leftovers
|-heal|p1a: Bronzong|90/100|[from] item: Leftovers
|-damage|p2a: Umbreon|88/100 tox|[from] psn
|upkeep
|turn|67
|
|move|p2a: Umbreon|Foul Play|p1a: Bronzong
|-supereffective|p1a: Bronzong
|-damage|p1a: Bronzong|53/100
|move|p1a: Bronzong|Stealth Rock|p2a: Umbreon
|-sidestart|p2: uuh4 youngju|move: Stealth Rock
|
|-heal|p2a: Umbreon|94/100 tox|[from] item: Leftovers
|-heal|p1a: Bronzong|59/100|[from] item: Leftovers
|-damage|p2a: Umbreon|82/100 tox|[from] psn
|upkeep
|turn|68
|
|switch|p1a: Sylveon|Sylveon, F|99/100
|-damage|p1a: Sylveon|88/100|[from] Stealth Rock
|move|p2a: Umbreon|Heal Bell|p2a: Umbreon
|-activate|p2a: Umbreon|move: Heal Bell
|-curestatus|p2a: Umbreon|tox|[msg]
|
|-heal|p2a: Umbreon|88/100|[from] item: Leftovers
|-heal|p1a: Sylveon|94/100|[from] item: Leftovers
|upkeep
|turn|69
|
|switch|p2a: Bronzong|Bronzong|100/100
|-damage|p2a: Bronzong|94/100|[from] Stealth Rock
|move|p1a: Sylveon|Wish|p1a: Sylveon
|
|-heal|p1a: Sylveon|99/100|[from] item: Leftovers
|-heal|p2a: Bronzong|100/100|[from] item: Leftovers
|upkeep
|turn|70
|
|switch|p1a: Bronzong|Bronzong|59/100
|-damage|p1a: Bronzong|53/100|[from] Stealth Rock
|move|p2a: Bronzong|Toxic|p1a: Bronzong
|-immune|p1a: Bronzong
|
|-heal|p1a: Bronzong|100/100|[from] move: Wish|[wisher] Sylveon
|upkeep
|turn|71
|
|move|p1a: Bronzong|Psychic|p2a: Bronzong
|-resisted|p2a: Bronzong
|-damage|p2a: Bronzong|96/100
|-unboost|p2a: Bronzong|spd|1
|move|p2a: Bronzong|Toxic|p1a: Bronzong
|-immune|p1a: Bronzong
|
|-heal|p2a: Bronzong|100/100|[from] item: Leftovers
|upkeep
|turn|72
|
|move|p2a: Bronzong|Stealth Rock||[still]
|-fail|p2a: Bronzong
|move|p1a: Bronzong|Psychic|p2a: Bronzong
|-resisted|p2a: Bronzong
|-damage|p2a: Bronzong|95/100
|
|-heal|p2a: Bronzong|100/100|[from] item: Leftovers
|upkeep
|turn|73
|
|switch|p2a: Umbreon|Umbreon, F|88/100
|-damage|p2a: Umbreon|76/100|[from] Stealth Rock
|move|p1a: Bronzong|Stealth Rock||[still]
|-fail|p1a: Bronzong
|
|-heal|p2a: Umbreon|82/100|[from] item: Leftovers
|upkeep
|turn|74
|
|move|p2a: Umbreon|Protect|p2a: Umbreon
|-singleturn|p2a: Umbreon|Protect
|move|p1a: Bronzong|Toxic|p2a: Umbreon
|-activate|p2a: Umbreon|move: Protect
|
|-heal|p2a: Umbreon|88/100|[from] item: Leftovers
|upkeep
|turn|75
|
|switch|p2a: Bronzong|Bronzong|100/100
|-damage|p2a: Bronzong|94/100|[from] Stealth Rock
|switch|p1a: Incineroar|Incineroar, M|100/100
|-ability|p1a: Incineroar|Intimidate|boost
|-unboost|p2a: Bronzong|atk|1
|
|-heal|p2a: Bronzong|100/100|[from] item: Leftovers
|upkeep
|turn|76
|
|switch|p1a: Haxorus|Haxorus, M|70/100
|-damage|p1a: Haxorus|57/100|[from] Stealth Rock
|-ability|p1a: Haxorus|Mold Breaker
|switch|p2a: Quagsire|Quagsire, M|93/100
|-damage|p2a: Quagsire|87/100|[from] Stealth Rock
|
|upkeep
|turn|77
|
|switch|p2a: Avalugg|Avalugg, M|98/100
|-damage|p2a: Avalugg|73/100|[from] Stealth Rock
|move|p1a: Haxorus|Dragon Claw|p2a: Avalugg
|-damage|p2a: Avalugg|47/100
|
|upkeep
|turn|78
|
|switch|p1a: Sylveon|Sylveon, F|99/100
|-damage|p1a: Sylveon|88/100|[from] Stealth Rock
|move|p2a: Avalugg|Recover|p2a: Avalugg
|-heal|p2a: Avalugg|97/100
|
|-heal|p1a: Sylveon|94/100|[from] item: Leftovers
|upkeep
|turn|79
|
|switch|p1a: Incineroar|Incineroar, M|100/100
|-ability|p1a: Incineroar|Intimidate|boost
|-unboost|p2a: Avalugg|atk|1
|switch|p2a: Bronzong|Bronzong|100/100
|-damage|p2a: Bronzong|94/100|[from] Stealth Rock
|
|-heal|p2a: Bronzong|100/100|[from] item: Leftovers
|upkeep
|turn|80
|
|switch|p2a: Quagsire|Quagsire, M|87/100
|-damage|p2a: Quagsire|81/100|[from] Stealth Rock
|move|p1a: Incineroar|Knock Off|p2a: Quagsire
|-damage|p2a: Quagsire|59/100
|
|upkeep
|turn|81
|
|switch|p1a: Noivern|Noivern, M|95/100
|move|p2a: Quagsire|Recover|p2a: Quagsire
|-heal|p2a: Quagsire|100/100
|
|upkeep
|turn|82
|
|move|p1a: Noivern|Defog|p2a: Quagsire
|-unboost|p2a: Quagsire|evasion|1
|-sideend|p2: uuh4 youngju|Stealth Rock|[from] move: Defog|[of] p1a: Noivern
|-sideend|p1: UUH4567|Stealth Rock|[from] move: Defog|[of] p1a: Noivern
|move|p2a: Quagsire|Toxic|p1a: Noivern
|-status|p1a: Noivern|tox
|
|-damage|p1a: Noivern|89/100 tox|[from] psn
|upkeep
|turn|83
|
|switch|p2a: Bronzong|Bronzong|100/100
|move|p1a: Noivern|Flamethrower|p2a: Bronzong
|-supereffective|p2a: Bronzong
|-damage|p2a: Bronzong|71/100
|
|-heal|p2a: Bronzong|77/100|[from] item: Leftovers
|-damage|p1a: Noivern|77/100 tox|[from] psn
|upkeep
|turn|84
|
|switch|p1a: Bronzong|Bronzong|100/100
|move|p2a: Bronzong|Toxic|p1a: Bronzong
|-immune|p1a: Bronzong
|
|-heal|p2a: Bronzong|83/100|[from] item: Leftovers
|upkeep
|turn|85
|
|move|p2a: Bronzong|Stealth Rock|p1a: Bronzong
|-sidestart|p1: UUH4567|move: Stealth Rock
|move|p1a: Bronzong|Stealth Rock|p2a: Bronzong
|-sidestart|p2: uuh4 youngju|move: Stealth Rock
|
|-heal|p2a: Bronzong|90/100|[from] item: Leftovers
|upkeep
|turn|86
|
|switch|p1a: Incineroar|Incineroar, M|100/100
|-ability|p1a: Incineroar|Intimidate|boost
|-unboost|p2a: Bronzong|atk|1
|move|p2a: Bronzong|Heavy Slam|p1a: Incineroar
|-resisted|p1a: Incineroar
|-damage|p1a: Incineroar|94/100
|
|-heal|p2a: Bronzong|96/100|[from] item: Leftovers
|upkeep
|turn|87
|
|switch|p2a: Quagsire|Quagsire, M|100/100
|-damage|p2a: Quagsire|94/100|[from] Stealth Rock
|move|p1a: Incineroar|Knock Off|p2a: Quagsire
|-damage|p2a: Quagsire|74/100
|
|upkeep
|turn|88
|
|switch|p1a: Sylveon|Sylveon, F|94/100
|-damage|p1a: Sylveon|81/100|[from] Stealth Rock
|move|p2a: Quagsire|Scald|p1a: Sylveon
|-damage|p1a: Sylveon|66/100
|
|-heal|p1a: Sylveon|73/100|[from] item: Leftovers
|upkeep
|turn|89
|
|switch|p2a: Bronzong|Bronzong|96/100
|-damage|p2a: Bronzong|90/100|[from] Stealth Rock
|move|p1a: Sylveon|Hyper Voice|p2a: Bronzong
|-resisted|p2a: Bronzong
|-damage|p2a: Bronzong|76/100
|
|-heal|p1a: Sylveon|79/100|[from] item: Leftovers
|-heal|p2a: Bronzong|82/100|[from] item: Leftovers
|upkeep
|turn|90
|
|move|p1a: Sylveon|Protect|p1a: Sylveon
|-singleturn|p1a: Sylveon|Protect
|move|p2a: Bronzong|Toxic|p1a: Sylveon
|-activate|p1a: Sylveon|move: Protect
|
|-heal|p1a: Sylveon|85/100|[from] item: Leftovers
|-heal|p2a: Bronzong|89/100|[from] item: Leftovers
|upkeep
|turn|91
|
|switch|p1a: Bronzong|Bronzong|100/100
|-damage|p1a: Bronzong|94/100|[from] Stealth Rock
|move|p2a: Bronzong|Stealth Rock||[still]
|-fail|p2a: Bronzong
|
|-heal|p2a: Bronzong|95/100|[from] item: Leftovers
|-heal|p1a: Bronzong|100/100|[from] item: Leftovers
|upkeep
|turn|92
|
|move|p2a: Bronzong|Stealth Rock||[still]
|-fail|p2a: Bronzong
|move|p1a: Bronzong|Stealth Rock||[still]
|-fail|p1a: Bronzong
|
|-heal|p2a: Bronzong|100/100|[from] item: Leftovers
|upkeep
|turn|93
|
|switch|p1a: Incineroar|Incineroar, M|94/100
|-ability|p1a: Incineroar|Intimidate|boost
|-unboost|p2a: Bronzong|atk|1
|move|p2a: Bronzong|Stealth Rock||[still]
|-fail|p2a: Bronzong
|
|upkeep
|turn|94
|
|switch|p1a: Haxorus|Haxorus, M|57/100
|-damage|p1a: Haxorus|45/100|[from] Stealth Rock
|-ability|p1a: Haxorus|Mold Breaker
|switch|p2a: Quagsire|Quagsire, M|74/100
|-damage|p2a: Quagsire|68/100|[from] Stealth Rock
|
|upkeep
|turn|95
|
|switch|p1a: Sylveon|Sylveon, F|85/100
|-damage|p1a: Sylveon|72/100|[from] Stealth Rock
|switch|p2a: Avalugg|Avalugg, M|97/100
|-damage|p2a: Avalugg|72/100|[from] Stealth Rock
|
|-heal|p1a: Sylveon|78/100|[from] item: Leftovers
|upkeep
|turn|96
|
|switch|p1a: Incineroar|Incineroar, M|94/100
|-ability|p1a: Incineroar|Intimidate|boost
|-unboost|p2a: Avalugg|atk|1
|move|p2a: Avalugg|Recover|p2a: Avalugg
|-heal|p2a: Avalugg|100/100
|
|upkeep
|turn|97
|
|switch|p1a: Sylveon|Sylveon, F|78/100
|-damage|p1a: Sylveon|66/100|[from] Stealth Rock
|move|p2a: Avalugg|Rapid Spin|p1a: Sylveon
|-damage|p1a: Sylveon|58/100
|-boost|p2a: Avalugg|spe|1
|-sideend|p2: uuh4 youngju|Stealth Rock|[from] move: Rapid Spin|[of] p2a: Avalugg
|
|-heal|p1a: Sylveon|64/100|[from] item: Leftovers
|upkeep
|turn|98
|
|switch|p2a: Bronzong|Bronzong|100/100
|move|p1a: Sylveon|Wish|p1a: Sylveon
|
|-heal|p1a: Sylveon|71/100|[from] item: Leftovers
|upkeep
|turn|99
|
|switch|p1a: Golisopod|Golisopod, F|37/100
|move|p2a: Bronzong|Toxic|p1a: Golisopod
|-status|p1a: Golisopod|tox
|
|-heal|p1a: Golisopod|93/100 tox|[from] move: Wish|[wisher] Sylveon
|-damage|p1a: Golisopod|87/100 tox|[from] psn
|upkeep
|turn|100
|
|switch|p1a: Bronzong|Bronzong|100/100
|-damage|p1a: Bronzong|94/100|[from] Stealth Rock
|switch|p2a: Avalugg|Avalugg, M|100/100
|
|-heal|p1a: Bronzong|100/100|[from] item: Leftovers
|upkeep
|turn|101
|
|move|p1a: Bronzong|Stealth Rock|p2a: Avalugg
|-sidestart|p2: uuh4 youngju|move: Stealth Rock
|move|p2a: Avalugg|Body Press|p1a: Bronzong
|-damage|p1a: Bronzong|68/100
|
|-heal|p1a: Bronzong|74/100|[from] item: Leftovers
|upkeep
|turn|102
|
|move|p1a: Bronzong|Protect|p1a: Bronzong
|-singleturn|p1a: Bronzong|Protect
|move|p2a: Avalugg|Body Press|p1a: Bronzong
|-activate|p1a: Bronzong|move: Protect
|
|-heal|p1a: Bronzong|80/100|[from] item: Leftovers
|upkeep
|turn|103
|
|move|p1a: Bronzong|Toxic|p2a: Avalugg
|-status|p2a: Avalugg|tox
|move|p2a: Avalugg|Rapid Spin|p1a: Bronzong
|-resisted|p1a: Bronzong
|-damage|p1a: Bronzong|75/100
|-boost|p2a: Avalugg|spe|1
|-sideend|p2: uuh4 youngju|Stealth Rock|[from] move: Rapid Spin|[of] p2a: Avalugg
|
|-heal|p1a: Bronzong|81/100|[from] item: Leftovers
|-damage|p2a: Avalugg|94/100 tox|[from] psn
|upkeep
|turn|104
|
|switch|p2a: Umbreon|Umbreon, F|88/100
|move|p1a: Bronzong|Stealth Rock|p2a: Umbreon
|-sidestart|p2: uuh4 youngju|move: Stealth Rock
|
|-heal|p2a: Umbreon|94/100|[from] item: Leftovers
|-heal|p1a: Bronzong|87/100|[from] item: Leftovers
|upkeep
|turn|105
|
|move|p1a: Bronzong|Protect|p1a: Bronzong
|-singleturn|p1a: Bronzong|Protect
|move|p2a: Umbreon|Wish|p2a: Umbreon
|
|-heal|p2a: Umbreon|99/100|[from] item: Leftovers
|-heal|p1a: Bronzong|93/100|[from] item: Leftovers
|upkeep
|turn|106
|
|switch|p1a: Sylveon|Sylveon, F|71/100
|-damage|p1a: Sylveon|58/100|[from] Stealth Rock
|move|p2a: Umbreon|Foul Play|p1a: Sylveon
|-resisted|p1a: Sylveon
|-damage|p1a: Sylveon|51/100
|
|-heal|p2a: Umbreon|100/100|[from] move: Wish|[wisher] Umbreon
|-heal|p1a: Sylveon|57/100|[from] item: Leftovers
|upkeep
|turn|107
|
|switch|p2a: Bronzong|Bronzong|100/100
|-damage|p2a: Bronzong|94/100|[from] Stealth Rock
|move|p1a: Sylveon|Hyper Voice|p2a: Bronzong
|-resisted|p2a: Bronzong
|-damage|p2a: Bronzong|82/100
|
|-heal|p1a: Sylveon|63/100|[from] item: Leftovers
|-heal|p2a: Bronzong|88/100|[from] item: Leftovers
|upkeep
|turn|108
|
|move|p1a: Sylveon|Protect|p1a: Sylveon
|-singleturn|p1a: Sylveon|Protect
|move|p2a: Bronzong|Heavy Slam|p1a: Sylveon
|-activate|p1a: Sylveon|move: Protect
|
|-heal|p1a: Sylveon|70/100|[from] item: Leftovers
|-heal|p2a: Bronzong|95/100|[from] item: Leftovers
|upkeep
|turn|109
|inactive|UUH4567 has 120 seconds left.
|
|move|p1a: Sylveon|Wish|p1a: Sylveon
|move|p2a: Bronzong|Stealth Rock||[still]
|-fail|p2a: Bronzong
|
|-heal|p1a: Sylveon|76/100|[from] item: Leftovers
|-heal|p2a: Bronzong|100/100|[from] item: Leftovers
|upkeep
|turn|110
|inactive|UUH4567 has 120 seconds left.
|
|move|p1a: Sylveon|Heal Bell|p1a: Sylveon
|-activate|p1a: Sylveon|move: Heal Bell
|-curestatus|p1: Golisopod|tox|[msg]
|-curestatus|p1: Noivern|tox|[msg]
|move|p2a: Bronzong|Toxic|p1a: Sylveon
|-status|p1a: Sylveon|tox
|
|-heal|p1a: Sylveon|100/100 tox|[from] move: Wish|[wisher] Sylveon
|-damage|p1a: Sylveon|94/100 tox|[from] psn
|upkeep
|turn|111
|inactive|UUH4567 has 120 seconds left.
|
|switch|p1a: Bronzong|Bronzong|93/100
|-damage|p1a: Bronzong|87/100|[from] Stealth Rock
|move|p2a: Bronzong|Heavy Slam|p1a: Bronzong
|-resisted|p1a: Bronzong
|-crit|p1a: Bronzong
|-damage|p1a: Bronzong|78/100
|
|-heal|p1a: Bronzong|85/100|[from] item: Leftovers
|upkeep
|turn|112
|inactive|UUH4567 has 120 seconds left.
|
|move|p1a: Bronzong|Psychic|p2a: Bronzong
|-resisted|p2a: Bronzong
|-damage|p2a: Bronzong|96/100
|move|p2a: Bronzong|Stealth Rock||[still]
|-fail|p2a: Bronzong
|
|-heal|p2a: Bronzong|100/100|[from] item: Leftovers
|-heal|p1a: Bronzong|91/100|[from] item: Leftovers
|upkeep
|turn|113
|
|switch|p2a: Umbreon|Umbreon, F|100/100
|-damage|p2a: Umbreon|88/100|[from] Stealth Rock
|move|p1a: Bronzong|Stealth Rock||[still]
|-fail|p1a: Bronzong
|
|-heal|p2a: Umbreon|94/100|[from] item: Leftovers
|-heal|p1a: Bronzong|97/100|[from] item: Leftovers
|upkeep
|turn|114
|
|switch|p2a: Bronzong|Bronzong|100/100
|-damage|p2a: Bronzong|94/100|[from] Stealth Rock
|move|p1a: Bronzong|Toxic|p2a: Bronzong
|-immune|p2a: Bronzong
|
|-heal|p1a: Bronzong|100/100|[from] item: Leftovers
|-heal|p2a: Bronzong|100/100|[from] item: Leftovers
|upkeep
|turn|115
|
|switch|p1a: Incineroar|Incineroar, M|94/100
|-ability|p1a: Incineroar|Intimidate|boost
|-unboost|p2a: Bronzong|atk|1
|move|p2a: Bronzong|Stealth Rock||[still]
|-fail|p2a: Bronzong
|
|upkeep
|turn|116
|
|switch|p2a: Quagsire|Quagsire, M|68/100
|-damage|p2a: Quagsire|62/100|[from] Stealth Rock
|move|p1a: Incineroar|Close Combat|p2a: Quagsire
|-damage|p2a: Quagsire|35/100
|-unboost|p1a: Incineroar|def|1
|-unboost|p1a: Incineroar|spd|1
|
|upkeep
|turn|117
|
|switch|p1a: Sylveon|Sylveon, F|94/100 tox
|-damage|p1a: Sylveon|82/100 tox|[from] Stealth Rock
|move|p2a: Quagsire|Recover|p2a: Quagsire
|-heal|p2a: Quagsire|85/100
|
|-heal|p1a: Sylveon|88/100 tox|[from] item: Leftovers
|-damage|p1a: Sylveon|82/100 tox|[from] psn
|upkeep
|turn|118
|
|switch|p2a: Bronzong|Bronzong|100/100
|-damage|p2a: Bronzong|94/100|[from] Stealth Rock
|move|p1a: Sylveon|Heal Bell|p1a: Sylveon
|-activate|p1a: Sylveon|move: Heal Bell
|-curestatus|p1a: Sylveon|tox|[msg]
|
|-heal|p1a: Sylveon|88/100|[from] item: Leftovers
|-heal|p2a: Bronzong|100/100|[from] item: Leftovers
|upkeep
|turn|119
|
|move|p1a: Sylveon|Protect|p1a: Sylveon
|-singleturn|p1a: Sylveon|Protect
|move|p2a: Bronzong|Stealth Rock||[still]
|-fail|p2a: Bronzong
|
|-heal|p1a: Sylveon|94/100|[from] item: Leftovers
|upkeep
|turn|120
|
|switch|p1a: Incineroar|Incineroar, M|94/100
|-ability|p1a: Incineroar|Intimidate|boost
|-unboost|p2a: Bronzong|atk|1
|move|p2a: Bronzong|Stealth Rock||[still]
|-fail|p2a: Bronzong
|
|upkeep
|turn|121
|
|switch|p1a: Noivern|Noivern, M|77/100
|switch|p2a: Quagsire|Quagsire, M|85/100
|-damage|p2a: Quagsire|79/100|[from] Stealth Rock
|
|upkeep
|turn|122
|
|switch|p2a: Umbreon|Umbreon, F|94/100
|-damage|p2a: Umbreon|82/100|[from] Stealth Rock
|move|p1a: Noivern|Draco Meteor|p2a: Umbreon|[miss]
|-miss|p1a: Noivern|p2a: Umbreon
|
|-heal|p2a: Umbreon|88/100|[from] item: Leftovers
|upkeep
|turn|123
|
|move|p1a: Noivern|Defog|p2a: Umbreon
|-unboost|p2a: Umbreon|evasion|1
|-sideend|p2: uuh4 youngju|Stealth Rock|[from] move: Defog|[of] p1a: Noivern
|-sideend|p1: UUH4567|Stealth Rock|[from] move: Defog|[of] p1a: Noivern
|move|p2a: Umbreon|Wish|p2a: Umbreon
|
|-heal|p2a: Umbreon|94/100|[from] item: Leftovers
|upkeep
|turn|124
|
|switch|p1a: Incineroar|Incineroar, M|94/100
|-ability|p1a: Incineroar|Intimidate|boost
|-unboost|p2a: Umbreon|atk|1
|switch|p2a: Snorlax|Snorlax, F|74/100
|
|-heal|p2a: Snorlax|100/100|[from] move: Wish|[wisher] Umbreon
|upkeep
|turn|125
|
|switch|p1a: Bronzong|Bronzong|100/100
|switch|p2a: Quagsire|Quagsire, M|79/100
|
|upkeep
|turn|126
|
|switch|p2a: Bronzong|Bronzong|100/100
|move|p1a: Bronzong|Stealth Rock|p2a: Bronzong
|-sidestart|p2: uuh4 youngju|move: Stealth Rock
|
|upkeep
|turn|127
|
|switch|p1a: Haxorus|Haxorus, M|45/100
|-ability|p1a: Haxorus|Mold Breaker
|move|p2a: Bronzong|Stealth Rock|p1a: Haxorus
|-sidestart|p1: UUH4567|move: Stealth Rock
|
|upkeep
|turn|128
|
|move|p2a: Bronzong|Protect|p2a: Bronzong
|-singleturn|p2a: Bronzong|Protect
|move|p1a: Haxorus|Earthquake|p2a: Bronzong
|-activate|p2a: Bronzong|move: Protect
|
|upkeep
|turn|129
|
|switch|p1a: Incineroar|Incineroar, M|94/100
|-ability|p1a: Incineroar|Intimidate|boost
|-unboost|p2a: Bronzong|atk|1
|switch|p2a: Avalugg|Avalugg, M|94/100 tox
|-damage|p2a: Avalugg|70/100 tox|[from] Stealth Rock
|
|-damage|p2a: Avalugg|63/100 tox|[from] psn
|upkeep
|turn|130
|
|move|p1a: Incineroar|Flare Blitz|p2a: Avalugg
|-supereffective|p2a: Avalugg
|-damage|p2a: Avalugg|21/100 tox
|-damage|p1a: Incineroar|77/100|[from] Recoil
|move|p2a: Avalugg|Rapid Spin|p1a: Incineroar
|-damage|p1a: Incineroar|63/100
|-boost|p2a: Avalugg|spe|1
|-sideend|p2: uuh4 youngju|Stealth Rock|[from] move: Rapid Spin|[of] p2a: Avalugg
|
|-damage|p2a: Avalugg|9/100 tox|[from] psn
|upkeep
|turn|131
|
|switch|p2a: Quagsire|Quagsire, M|79/100
|move|p1a: Incineroar|Knock Off|p2a: Quagsire
|-damage|p2a: Quagsire|59/100
|
|upkeep
|turn|132
|
|switch|p1a: Bronzong|Bronzong|100/100
|-damage|p1a: Bronzong|94/100|[from] Stealth Rock
|move|p2a: Quagsire|Recover|p2a: Quagsire
|-heal|p2a: Quagsire|100/100
|
|-heal|p1a: Bronzong|100/100|[from] item: Leftovers
|upkeep
|turn|133
|
|switch|p2a: Umbreon|Umbreon, F|94/100
|move|p1a: Bronzong|Stealth Rock|p2a: Umbreon
|-sidestart|p2: uuh4 youngju|move: Stealth Rock
|
|-heal|p2a: Umbreon|99/100|[from] item: Leftovers
|upkeep
|turn|134
|
|move|p2a: Umbreon|Wish|p2a: Umbreon
|move|p1a: Bronzong|Toxic|p2a: Umbreon
|-status|p2a: Umbreon|tox
|-activate|p2a: Umbreon|ability: Synchronize
|-immune|p1a: Bronzong
|
|-heal|p2a: Umbreon|100/100 tox|[from] item: Leftovers
|-damage|p2a: Umbreon|94/100 tox|[from] psn
|upkeep
|turn|135
|
|switch|p2a: Bronzong|Bronzong|100/100
|-damage|p2a: Bronzong|94/100|[from] Stealth Rock
|switch|p1a: Sylveon|Sylveon, F|94/100
|-damage|p1a: Sylveon|82/100|[from] Stealth Rock
|
|-heal|p2a: Bronzong|100/100|[from] move: Wish|[wisher] Umbreon
|-heal|p1a: Sylveon|88/100|[from] item: Leftovers
|upkeep
|turn|136
|
|move|p1a: Sylveon|Protect|p1a: Sylveon
|-singleturn|p1a: Sylveon|Protect
|move|p2a: Bronzong|Protect||[still]
|-fail|p2a: Bronzong
|
|-heal|p1a: Sylveon|94/100|[from] item: Leftovers
|upkeep
|turn|137
|
|switch|p1a: Golisopod|Golisopod, F|87/100
|move|p2a: Bronzong|Heavy Slam|p1a: Golisopod
|-resisted|p1a: Golisopod
|-damage|p1a: Golisopod|82/100
|
|upkeep
|turn|138
|
|switch|p2a: Quagsire|Quagsire, M|100/100
|-damage|p2a: Quagsire|94/100|[from] Stealth Rock
|move|p1a: Golisopod|Liquidation|p2a: Quagsire
|-damage|p2a: Quagsire|63/100
|
|upkeep
|turn|139
|
|move|p1a: Golisopod|Liquidation|p2a: Quagsire
|-damage|p2a: Quagsire|31/100
|-unboost|p2a: Quagsire|def|1
|move|p2a: Quagsire|Recover|p2a: Quagsire
|-heal|p2a: Quagsire|81/100
|
|upkeep
|turn|140
|
|move|p1a: Golisopod|Liquidation|p2a: Quagsire
|-damage|p2a: Quagsire|34/100
|-unboost|p2a: Quagsire|def|1
|move|p2a: Quagsire|Recover|p2a: Quagsire
|-heal|p2a: Quagsire|84/100
|
|upkeep
|turn|141
|
|switch|p2a: Avalugg|Avalugg, M|9/100 tox
|-damage|p2a: Avalugg|0 fnt|[from] Stealth Rock
|faint|p2a: Avalugg
|move|p1a: Golisopod|Liquidation|p2: Avalugg|[notarget]
|-fail|p1a: Golisopod
|
|upkeep
|
|switch|p2a: Quagsire|Quagsire, M|84/100
|-damage|p2a: Quagsire|78/100|[from] Stealth Rock
|turn|142
|
|switch|p1a: Bronzong|Bronzong|100/100
|-damage|p1a: Bronzong|94/100|[from] Stealth Rock
|move|p2a: Quagsire|Recover|p2a: Quagsire
|-heal|p2a: Quagsire|100/100
|
|-heal|p1a: Bronzong|100/100|[from] item: Leftovers
|upkeep
|turn|143
|
|switch|p1a: Sylveon|Sylveon, F|94/100
|-damage|p1a: Sylveon|81/100|[from] Stealth Rock
|switch|p2a: Bronzong|Bronzong|100/100
|-damage|p2a: Bronzong|94/100|[from] Stealth Rock
|
|-heal|p1a: Sylveon|88/100|[from] item: Leftovers
|-heal|p2a: Bronzong|100/100|[from] item: Leftovers
|upkeep
|turn|144
|
|switch|p2a: Snorlax|Snorlax, F|100/100
|-damage|p2a: Snorlax|88/100|[from] Stealth Rock
|move|p1a: Sylveon|Wish|p1a: Sylveon
|
|-heal|p1a: Sylveon|94/100|[from] item: Leftovers
|-heal|p2a: Snorlax|94/100|[from] item: Leftovers
|upkeep
|turn|145
|
|switch|p1a: Incineroar|Incineroar, M|63/100
|-ability|p1a: Incineroar|Intimidate|boost
|-unboost|p2a: Snorlax|atk|1
|move|p2a: Snorlax|Facade|p1a: Incineroar
|-damage|p1a: Incineroar|43/100
|
|-heal|p1a: Incineroar|100/100|[from] move: Wish|[wisher] Sylveon
|-heal|p2a: Snorlax|99/100|[from] item: Leftovers
|upkeep
|turn|146
|
|switch|p2a: Quagsire|Quagsire, M|100/100
|-damage|p2a: Quagsire|94/100|[from] Stealth Rock
|move|p1a: Incineroar|Knock Off|p2a: Quagsire
|-damage|p2a: Quagsire|72/100
|
|upkeep
|turn|147
|
|switch|p1a: Noivern|Noivern, M|77/100
|move|p2a: Quagsire|Scald|p1a: Noivern
|-resisted|p1a: Noivern
|-damage|p1a: Noivern|65/100
|
|upkeep
|turn|148
|
|switch|p2a: Bronzong|Bronzong|100/100
|-damage|p2a: Bronzong|94/100|[from] Stealth Rock
|move|p1a: Noivern|Roost|p1a: Noivern
|-heal|p1a: Noivern|100/100
|-singleturn|p1a: Noivern|move: Roost
|
|-heal|p2a: Bronzong|100/100|[from] item: Leftovers
|upkeep
|turn|149
|
|switch|p2a: Snorlax|Snorlax, F|99/100
|-damage|p2a: Snorlax|88/100|[from] Stealth Rock
|move|p1a: Noivern|Flamethrower|p2a: Snorlax
|-damage|p2a: Snorlax|83/100
|
|-heal|p2a: Snorlax|89/100|[from] item: Leftovers
|upkeep
|turn|150
|
|switch|p1a: Incineroar|Incineroar, M|100/100
|-ability|p1a: Incineroar|Intimidate|boost
|-unboost|p2a: Snorlax|atk|1
|move|p2a: Snorlax|Curse|p2a: Snorlax
|-unboost|p2a: Snorlax|spe|1
|-boost|p2a: Snorlax|atk|1
|-boost|p2a: Snorlax|def|1
|
|-heal|p2a: Snorlax|95/100|[from] item: Leftovers
|upkeep
|turn|151
|
|switch|p2a: Quagsire|Quagsire, M|72/100
|-damage|p2a: Quagsire|66/100|[from] Stealth Rock
|move|p1a: Incineroar|Swords Dance|p1a: Incineroar
|-boost|p1a: Incineroar|atk|2
|
|upkeep
|turn|152
|
|switch|p1a: Sylveon|Sylveon, F|94/100
|-damage|p1a: Sylveon|81/100|[from] Stealth Rock
|move|p2a: Quagsire|Recover|p2a: Quagsire
|-heal|p2a: Quagsire|100/100
|
|-heal|p1a: Sylveon|87/100|[from] item: Leftovers
|upkeep
|turn|153
|
|switch|p2a: Snorlax|Snorlax, F|95/100
|-damage|p2a: Snorlax|82/100|[from] Stealth Rock
|move|p1a: Sylveon|Wish|p1a: Sylveon
|
|-heal|p1a: Sylveon|93/100|[from] item: Leftovers
|-heal|p2a: Snorlax|88/100|[from] item: Leftovers
|upkeep
|turn|154
|
|switch|p1a: Haxorus|Haxorus, M|45/100
|-damage|p1a: Haxorus|33/100|[from] Stealth Rock
|-ability|p1a: Haxorus|Mold Breaker
|switch|p2a: Quagsire|Quagsire, M|100/100
|-damage|p2a: Quagsire|94/100|[from] Stealth Rock
|
|-heal|p1a: Haxorus|99/100|[from] move: Wish|[wisher] Sylveon
|upkeep
|turn|155
|
|move|p1a: Haxorus|Dragon Claw|p2a: Quagsire
|-damage|p2a: Quagsire|48/100
|move|p2a: Quagsire|Toxic|p1a: Haxorus
|-status|p1a: Haxorus|tox
|
|-damage|p1a: Haxorus|94/100 tox|[from] psn
|upkeep
|turn|156
|
|switch|p2a: Bronzong|Bronzong|100/100
|-damage|p2a: Bronzong|94/100|[from] Stealth Rock
|move|p1a: Haxorus|Dragon Claw|p2a: Bronzong
|-resisted|p2a: Bronzong
|-damage|p2a: Bronzong|64/100
|
|-heal|p2a: Bronzong|70/100|[from] item: Leftovers
|-damage|p1a: Haxorus|82/100 tox|[from] psn
|upkeep
|turn|157
|
|switch|p2a: Quagsire|Quagsire, M|48/100
|-damage|p2a: Quagsire|42/100|[from] Stealth Rock
|move|p1a: Haxorus|Dragon Claw|p2a: Quagsire
|-damage|p2a: Quagsire|0 fnt
|faint|p2a: Quagsire
|
|-damage|p1a: Haxorus|63/100 tox|[from] psn
|upkeep
|
|switch|p2a: Bronzong|Bronzong|70/100
|-damage|p2a: Bronzong|64/100|[from] Stealth Rock
|turn|158
|
|switch|p1a: Golisopod|Golisopod, F|82/100
|switch|p2a: Snorlax|Snorlax, F|88/100
|-damage|p2a: Snorlax|76/100|[from] Stealth Rock
|
|-heal|p2a: Snorlax|82/100|[from] item: Leftovers
|upkeep
|turn|159
|
|move|p1a: Golisopod|Knock Off|p2a: Snorlax
|-damage|p2a: Snorlax|51/100
|-enditem|p2a: Snorlax|Leftovers|[from] move: Knock Off|[of] p1a: Golisopod
|move|p2a: Snorlax|Curse|p2a: Snorlax
|-unboost|p2a: Snorlax|spe|1
|-boost|p2a: Snorlax|atk|1
|-boost|p2a: Snorlax|def|1
|
|upkeep
|turn|160
|
|switch|p1a: Incineroar|Incineroar, M|100/100
|-ability|p1a: Incineroar|Intimidate|boost
|-unboost|p2a: Snorlax|atk|1
|move|p2a: Snorlax|Curse|p2a: Snorlax
|-unboost|p2a: Snorlax|spe|1
|-boost|p2a: Snorlax|atk|1
|-boost|p2a: Snorlax|def|1
|
|upkeep
|turn|161
|
|move|p1a: Incineroar|Swords Dance|p1a: Incineroar
|-boost|p1a: Incineroar|atk|2
|move|p2a: Snorlax|Curse|p2a: Snorlax
|-unboost|p2a: Snorlax|spe|1
|-boost|p2a: Snorlax|atk|1
|-boost|p2a: Snorlax|def|1
|
|upkeep
|turn|162
|
|move|p1a: Incineroar|Close Combat|p2a: Snorlax
|-supereffective|p2a: Snorlax
|-damage|p2a: Snorlax|0 fnt
|-unboost|p1a: Incineroar|def|1
|-unboost|p1a: Incineroar|spd|1
|faint|p2a: Snorlax
|
|upkeep
|c|☆UUH4567|gg
|c|☆uuh4 youngju|gg
|c|☆uuh4 youngju|didnt think I'd have to think w/ this team
|c|☆uuh4 youngju|gl w/ req
|c|☆UUH4567|ty u2
|c|☆uuh4 youngju|reqs
|-message|uuh4 youngju forfeited.
|
|win|UUH4567
|l|☆uuh4 youngju
