|j|☆Wigglytoptier
|j|☆UU11t pokemonisfun
|t:|1643324817
|gametype|singles
|player|p1|Wigglytoptier|backers|1385
|player|p2|UU11t pokemonisfun|#uutrio2ladder|1607
|teamsize|p1|6
|teamsize|p2|6
|gen|8
|tier|[Gen 8] UU
|rated|
|rule|Sleep Clause Mod: Limit one foe put to sleep
|rule|Species Clause: Limit one of each Pokémon
|rule|OHKO Clause: OHKO moves are banned
|rule|Evasion Moves Clause: Evasion moves are banned
|rule|Endless Battle Clause: Forcing endless battles is banned
|rule|HP Percentage Mod: HP is shown in percentages
|rule|Dynamax Clause: You cannot dynamax
|clearpoke
|poke|p1|Keldeo-Resolute|
|poke|p1|Tangrowth, F|
|poke|p1|Crobat, F|
|poke|p1|Jirachi|
|poke|p1|Aegislash, F|
|poke|p1|Krookodile, F|
|poke|p2|Keldeo-Resolute|
|poke|p2|Crawdaunt, F|
|poke|p2|Amoonguss, F|
|poke|p2|Zygarde-10%|
|poke|p2|Nihilego|
|poke|p2|Skarmory, M|
|teampreview
|
|t:|1643324844
|start
|switch|p1a: Ecu des Dieux|Aegislash, F|100/100
|switch|p2a: Keldeo|Keldeo-Resolute|100/100
|turn|1
|
|t:|1643324850
|switch|p2a: Amoonguss|Amoonguss, F|100/100
|-formechange|p1a: Ecu des Dieux|Aegislash-Blade||[from] ability: Stance Change
|move|p1a: Ecu des Dieux|Shadow Ball|p2a: Amoonguss
|-damage|p2a: Amoonguss|47/100
|-unboost|p2a: Amoonguss|spd|1
|-enditem|p2a: Amoonguss|Eject Button
|
|t:|1643324858
|switch|p2a: Crawdaunt|Crawdaunt, F|100/100
|
|upkeep
|turn|2
|
|t:|1643324872
|switch|p1a: Assassin des bois|Tangrowth, F|100/100
|move|p2a: Crawdaunt|Knock Off|p1a: Assassin des bois
|-damage|p1a: Assassin des bois|55/100
|-damage|p2a: Crawdaunt|84/100|[from] item: Rocky Helmet|[of] p1a: Assassin des bois
|-enditem|p1a: Assassin des bois|Rocky Helmet|[from] move: Knock Off|[of] p2a: Crawdaunt
|-damage|p2a: Crawdaunt|74/100|[from] item: Life Orb
|
|upkeep
|turn|3
|
|t:|1643324884
|switch|p1a: Ecu des Dieux|Aegislash, F|100/100
|move|p2a: Crawdaunt|Sludge Wave|p1a: Ecu des Dieux
|-immune|p1a: Ecu des Dieux
|
|upkeep
|turn|4
|
|t:|1643324916
|move|p2a: Crawdaunt|Sludge Wave|p1a: Ecu des Dieux
|-immune|p1a: Ecu des Dieux
|-formechange|p1a: Ecu des Dieux|Aegislash-Blade||[from] ability: Stance Change
|move|p1a: Ecu des Dieux|Close Combat|p2a: Crawdaunt
|-supereffective|p2a: Crawdaunt
|-damage|p2a: Crawdaunt|0 fnt
|-unboost|p1a: Ecu des Dieux|def|1
|-unboost|p1a: Ecu des Dieux|spd|1
|faint|p2a: Crawdaunt
|
|upkeep
|
|t:|1643324926
|switch|p2a: Keldeo|Keldeo-Resolute|100/100
|turn|5
|
|t:|1643324975
|move|p2a: Keldeo|Surf|p1a: Ecu des Dieux
|-damage|p1a: Ecu des Dieux|0 fnt
|faint|p1a: Ecu des Dieux
|
|upkeep
|
|t:|1643324988
|switch|p1a: Cheval indomptable|Keldeo-Resolute|100/100
|turn|6
|
|t:|1643325011
|switch|p2a: Amoonguss|Amoonguss, F|81/100
|move|p1a: Cheval indomptable|Calm Mind|p1a: Cheval indomptable
|-boost|p1a: Cheval indomptable|spa|1
|-boost|p1a: Cheval indomptable|spd|1
|
|upkeep
|turn|7
|
|t:|1643325071
|switch|p1a: Gardien des Désirs|Jirachi|100/100
|switch|p2a: Zygarde|Zygarde-10%|100/100
|-ability|p2a: Zygarde|Aura Break
|
|upkeep
|turn|8
|
|t:|1643325085
|switch|p1a: Assassin des bois|Tangrowth, F|89/100
|move|p2a: Zygarde|Thousand Arrows|p1a: Assassin des bois
|-resisted|p1a: Assassin des bois
|-damage|p1a: Assassin des bois|74/100
|
|upkeep
|turn|9
|inactive|Battle timer is ON: inactive players will automatically lose when time's up. (requested by UU11t pokemonisfun)
|
|t:|1643325135
|switch|p2a: Amoonguss|Amoonguss, F|100/100
|switch|p1a: Gardien des nuages|Crobat, F|100/100
|
|upkeep
|turn|10
|inactive|Wigglytoptier has 120 seconds left.
|
|t:|1643325165
|switch|p2a: Skarmory|Skarmory, M|100/100
|move|p1a: Gardien des nuages|Brave Bird|p2a: Skarmory
|-resisted|p2a: Skarmory
|-damage|p2a: Skarmory|86/100
|-damage|p1a: Gardien des nuages|84/100|[from] item: Rocky Helmet|[of] p2a: Skarmory
|-damage|p1a: Gardien des nuages|79/100|[from] Recoil
|
|upkeep
|turn|11
|
|t:|1643325177
|move|p1a: Gardien des nuages|U-turn|p2a: Skarmory
|-resisted|p2a: Skarmory
|-damage|p2a: Skarmory|83/100
|-damage|p1a: Gardien des nuages|63/100|[from] item: Rocky Helmet|[of] p2a: Skarmory
|inactive|Wigglytoptier has 120 seconds left.
|
|t:|1643325212
|switch|p1a: Gardien des Désirs|Jirachi|100/100|[from]move: U-turn
|move|p2a: Skarmory|Body Press|p1a: Gardien des Désirs
|-damage|p1a: Gardien des Désirs|74/100
|
|-heal|p1a: Gardien des Désirs|80/100|[from] item: Leftovers
|upkeep
|turn|12
|
|t:|1643325236
|move|p1a: Gardien des Désirs|Stealth Rock|p2a: Skarmory
|-sidestart|p2: UU11t pokemonisfun|move: Stealth Rock
|move|p2a: Skarmory|Body Press|p1a: Gardien des Désirs
|-damage|p1a: Gardien des Désirs|51/100
|
|-heal|p1a: Gardien des Désirs|57/100|[from] item: Leftovers
|upkeep
|turn|13
|inactive|Wigglytoptier has 90 seconds left.
|
|t:|1643325274
|switch|p1a: Assassin des bois|Tangrowth, F|100/100
|move|p2a: Skarmory|Defog|p1a: Assassin des bois
|-unboost|p1a: Assassin des bois|evasion|1
|-sideend|p2: UU11t pokemonisfun|Stealth Rock|[from] move: Defog|[of] p2a: Skarmory
|
|upkeep
|turn|14
|inactive|Wigglytoptier has 60 seconds left.
|
|t:|1643325306
|switch|p2a: Amoonguss|Amoonguss, F|100/100
|switch|p1a: Gardien des nuages|Crobat, F|63/100
|
|upkeep
|turn|15
|
|t:|1643325321
|switch|p2a: Nihilego|Nihilego|100/100
|move|p1a: Gardien des nuages|Brave Bird|p2a: Nihilego
|-resisted|p2a: Nihilego
|-damage|p2a: Nihilego|61/100
|-damage|p1a: Gardien des nuages|48/100|[from] Recoil
|
|-heal|p2a: Nihilego|67/100|[from] item: Black Sludge
|upkeep
|turn|16
|
|t:|1643325329
|move|p1a: Gardien des nuages|U-turn|p2a: Nihilego
|-resisted|p2a: Nihilego
|-damage|p2a: Nihilego|50/100
|j| capp1no
|
|t:|1643325352
|switch|p1a: Gardien des Désirs|Jirachi|57/100|[from]move: U-turn
|move|p2a: Nihilego|Stealth Rock|p1a: Gardien des Désirs
|-sidestart|p1: Wigglytoptier|move: Stealth Rock
|
|-heal|p2a: Nihilego|56/100|[from] item: Black Sludge
|-heal|p1a: Gardien des Désirs|64/100|[from] item: Leftovers
|upkeep
|turn|17
|
|t:|1643325375
|switch|p2a: Keldeo|Keldeo-Resolute|100/100
|move|p1a: Gardien des Désirs|Stealth Rock|p2a: Keldeo
|-sidestart|p2: UU11t pokemonisfun|move: Stealth Rock
|
|-heal|p1a: Gardien des Désirs|70/100|[from] item: Leftovers
|upkeep
|turn|18
|
|t:|1643325386
|move|p2a: Keldeo|Surf|p1a: Gardien des Désirs
|-damage|p1a: Gardien des Désirs|12/100
|move|p1a: Gardien des Désirs|U-turn|p2a: Keldeo
|-resisted|p2a: Keldeo
|-damage|p2a: Keldeo|91/100
|inactive|Wigglytoptier has 30 seconds left.
|inactive|Wigglytoptier has 20 seconds left.
|inactive|Wigglytoptier has 15 seconds left.
|
|t:|1643325412
|switch|p1a: Cheval indomptable|Keldeo-Resolute|100/100|[from]move: U-turn
|-damage|p1a: Cheval indomptable|94/100|[from] Stealth Rock
|
|-heal|p1a: Cheval indomptable|100/100|[from] item: Leftovers
|upkeep
|turn|19
|inactive|Wigglytoptier has 25 seconds left this turn.
|
|t:|1643325419
|switch|p2a: Zygarde|Zygarde-10%|100/100
|-damage|p2a: Zygarde|94/100|[from] Stealth Rock
|-ability|p2a: Zygarde|Aura Break
|move|p1a: Cheval indomptable|Calm Mind|p1a: Cheval indomptable
|-boost|p1a: Cheval indomptable|spa|1
|-boost|p1a: Cheval indomptable|spd|1
|
|upkeep
|turn|20
|inactive|Wigglytoptier has 30 seconds left.
|
|t:|1643325437
|move|p2a: Zygarde|Outrage|p1a: Cheval indomptable
|-damage|p1a: Cheval indomptable|15/100
|move|p1a: Cheval indomptable|Icy Wind|p2a: Zygarde
|-supereffective|p2a: Zygarde
|-damage|p2a: Zygarde|0 fnt
|faint|p2a: Zygarde
|
|-heal|p1a: Cheval indomptable|21/100|[from] item: Leftovers
|upkeep
|inactive|Wigglytoptier has 30 seconds left this turn.
|
|t:|1643325450
|switch|p2a: Keldeo|Keldeo-Resolute|91/100
|-damage|p2a: Keldeo|85/100|[from] Stealth Rock
|turn|21
|inactive|Wigglytoptier has 30 seconds left.
|inactive|Wigglytoptier has 20 seconds left.
|inactive|Wigglytoptier has 15 seconds left.
|inactive|Wigglytoptier has 10 seconds left.
|
|t:|1643325481
|switch|p1a: Gardien des Désirs|Jirachi|12/100
|-damage|p1a: Gardien des Désirs|6/100|[from] Stealth Rock
|move|p2a: Keldeo|Surf|p1a: Gardien des Désirs
|-damage|p1a: Gardien des Désirs|0 fnt
|faint|p1a: Gardien des Désirs
|
|upkeep
|inactive|Wigglytoptier has 15 seconds left this turn.
|inactive|Wigglytoptier has 10 seconds left.
|
|t:|1643325489
|switch|p1a: Assassin des bois|Tangrowth, F|100/100
|-damage|p1a: Assassin des bois|88/100|[from] Stealth Rock
|turn|22
|inactive|Wigglytoptier has 20 seconds left this turn.
|inactive|Wigglytoptier has 15 seconds left.
|inactive|Wigglytoptier has 10 seconds left.
|inactive|Wigglytoptier has 5 seconds left.
|
|t:|1643325504
|switch|p2a: Amoonguss|Amoonguss, F|100/100
|-damage|p2a: Amoonguss|88/100|[from] Stealth Rock
|move|p1a: Assassin des bois|Sludge Bomb|p2a: Amoonguss
|-damage|p2a: Amoonguss|66/100
|
|upkeep
|turn|23
|inactive|Wigglytoptier has 15 seconds left this turn.
|inactive|Wigglytoptier has 10 seconds left.
|
|t:|1643325513
|move|p1a: Assassin des bois|Sludge Bomb|p2a: Amoonguss
|-damage|p2a: Amoonguss|46/100
|move|p2a: Amoonguss|Spore|p1a: Assassin des bois
|-immune|p1a: Assassin des bois
|
|upkeep
|turn|24
|inactive|Wigglytoptier has 20 seconds left this turn.
|inactive|Wigglytoptier has 15 seconds left.
|
|t:|1643325521
|switch|p1a: Gardien des nuages|Crobat, F|48/100
|move|p2a: Amoonguss|Synthesis|p2a: Amoonguss
|-heal|p2a: Amoonguss|96/100
|
|upkeep
|turn|25
|inactive|Wigglytoptier has 25 seconds left this turn.
|inactive|Wigglytoptier has 20 seconds left.
|
|t:|1643325527
|move|p1a: Gardien des nuages|Roost|p1a: Gardien des nuages
|-heal|p1a: Gardien des nuages|98/100
|-singleturn|p1a: Gardien des nuages|move: Roost
|move|p2a: Amoonguss|Spore|p1a: Gardien des nuages
|-status|p1a: Gardien des nuages|slp|[from] move: Spore
|
|upkeep
|turn|26
|inactive|Wigglytoptier has 30 seconds left this turn.
|inactive|Wigglytoptier has 20 seconds left.
|
|t:|1643325538
|switch|p1a: Assassin des bois|Tangrowth, F|100/100
|-damage|p1a: Assassin des bois|88/100|[from] Stealth Rock
|move|p2a: Amoonguss|Foul Play|p1a: Assassin des bois
|-damage|p1a: Assassin des bois|76/100
|
|upkeep
|turn|27
|inactive|Wigglytoptier has 30 seconds left this turn.
|
|t:|1643325544
|move|p1a: Assassin des bois|Sludge Bomb|p2a: Amoonguss
|-damage|p2a: Amoonguss|76/100
|move|p2a: Amoonguss|Sludge Bomb|p1a: Assassin des bois
|-supereffective|p1a: Assassin des bois
|-damage|p1a: Assassin des bois|0 fnt
|faint|p1a: Assassin des bois
|
|upkeep
|inactive|Wigglytoptier has 30 seconds left this turn.
|
|t:|1643325553
|switch|p1a: Cheval indomptable|Keldeo-Resolute|21/100
|-damage|p1a: Cheval indomptable|15/100|[from] Stealth Rock
|turn|28
|
|t:|1643325557
|move|p1a: Cheval indomptable|Calm Mind|p1a: Cheval indomptable
|-boost|p1a: Cheval indomptable|spa|1
|-boost|p1a: Cheval indomptable|spd|1
|move|p2a: Amoonguss|Sludge Bomb|p1a: Cheval indomptable
|-damage|p1a: Cheval indomptable|0 fnt
|faint|p1a: Cheval indomptable
|
|upkeep
|
|t:|1643325564
|switch|p1a: Dévoreur des Dunes|Krookodile, F|100/100
|-damage|p1a: Dévoreur des Dunes|94/100|[from] Stealth Rock
|-ability|p1a: Dévoreur des Dunes|Intimidate|boost
|-unboost|p2a: Amoonguss|atk|1
|turn|29
|
|t:|1643325579
|move|p1a: Dévoreur des Dunes|Knock Off|p2a: Amoonguss
|-damage|p2a: Amoonguss|55/100
|move|p2a: Amoonguss|Synthesis|p2a: Amoonguss
|-heal|p2a: Amoonguss|100/100
|
|upkeep
|turn|30
|
|t:|1643325583
|move|p1a: Dévoreur des Dunes|Knock Off|p2a: Amoonguss
|-damage|p2a: Amoonguss|78/100
|move|p2a: Amoonguss|Sludge Bomb|p1a: Dévoreur des Dunes
|-resisted|p1a: Dévoreur des Dunes
|-damage|p1a: Dévoreur des Dunes|76/100
|
|upkeep
|turn|31
|
|t:|1643325587
|switch|p1a: Gardien des nuages|Crobat, F|98/100 slp
|move|p2a: Amoonguss|Sludge Bomb|p1a: Gardien des nuages
|-resisted|p1a: Gardien des nuages
|-damage|p1a: Gardien des nuages|82/100 slp
|
|upkeep
|turn|32
|
|t:|1643325593
|switch|p2a: Skarmory|Skarmory, M|83/100
|-damage|p2a: Skarmory|71/100|[from] Stealth Rock
|cant|p1a: Gardien des nuages|slp
|
|upkeep
|turn|33
|
|t:|1643325608
|cant|p1a: Gardien des nuages|slp
|move|p2a: Skarmory|Body Press|p1a: Gardien des nuages
|-resisted|p1a: Gardien des nuages
|-damage|p1a: Gardien des nuages|72/100 slp
|
|upkeep
|turn|34
|
|t:|1643325615
|-curestatus|p1a: Gardien des nuages|slp|[msg]
|move|p1a: Gardien des nuages|Roost|p1a: Gardien des nuages
|-heal|p1a: Gardien des nuages|100/100
|-singleturn|p1a: Gardien des nuages|move: Roost
|move|p2a: Skarmory|Roost|p2a: Skarmory
|-heal|p2a: Skarmory|100/100
|-singleturn|p2a: Skarmory|move: Roost
|
|upkeep
|turn|35
|inactive|Wigglytoptier has 90 seconds left.
|
|t:|1643325623
|move|p1a: Gardien des nuages|Brave Bird|p2a: Skarmory
|-resisted|p2a: Skarmory
|-damage|p2a: Skarmory|85/100
|-damage|p1a: Gardien des nuages|84/100|[from] item: Rocky Helmet|[of] p2a: Skarmory
|-damage|p1a: Gardien des nuages|79/100|[from] Recoil
|move|p2a: Skarmory|Brave Bird|p1a: Gardien des nuages
|-crit|p1a: Gardien des nuages
|-damage|p1a: Gardien des nuages|13/100
|-damage|p2a: Skarmory|64/100|[from] Recoil
|
|upkeep
|turn|36
|
|t:|1643325630
|switch|p2a: Nihilego|Nihilego|56/100
|-damage|p2a: Nihilego|44/100|[from] Stealth Rock
|move|p1a: Gardien des nuages|Roost|p1a: Gardien des nuages
|-heal|p1a: Gardien des nuages|63/100
|-singleturn|p1a: Gardien des nuages|move: Roost
|
|-heal|p2a: Nihilego|50/100|[from] item: Black Sludge
|upkeep
|turn|37
|
|t:|1643325636
|move|p1a: Gardien des nuages|U-turn|p2a: Nihilego
|-resisted|p2a: Nihilego
|-damage|p2a: Nihilego|35/100
|
|t:|1643325640
|switch|p1a: Dévoreur des Dunes|Krookodile, F|76/100|[from]move: U-turn
|-damage|p1a: Dévoreur des Dunes|70/100|[from] Stealth Rock
|-ability|p1a: Dévoreur des Dunes|Intimidate|boost
|-unboost|p2a: Nihilego|atk|1
|move|p2a: Nihilego|Power Gem|p1a: Dévoreur des Dunes
|-resisted|p1a: Dévoreur des Dunes
|-damage|p1a: Dévoreur des Dunes|40/100
|
|-heal|p2a: Nihilego|41/100|[from] item: Black Sludge
|upkeep
|turn|38
|
|t:|1643325652
|switch|p1a: Gardien des nuages|Crobat, F|63/100
|switch|p2a: Amoonguss|Amoonguss, F|100/100
|-damage|p2a: Amoonguss|88/100|[from] Stealth Rock
|
|upkeep
|turn|39
|
|t:|1643325659
|switch|p2a: Skarmory|Skarmory, M|64/100
|-damage|p2a: Skarmory|52/100|[from] Stealth Rock
|move|p1a: Gardien des nuages|U-turn|p2a: Skarmory
|-resisted|p2a: Skarmory
|-damage|p2a: Skarmory|49/100
|-damage|p1a: Gardien des nuages|47/100|[from] item: Rocky Helmet|[of] p2a: Skarmory
|
|t:|1643325661
|switch|p1a: Dévoreur des Dunes|Krookodile, F|40/100|[from]move: U-turn
|-damage|p1a: Dévoreur des Dunes|34/100|[from] Stealth Rock
|-ability|p1a: Dévoreur des Dunes|Intimidate|boost
|-unboost|p2a: Skarmory|atk|1
|
|upkeep
|turn|40
|
|t:|1643325664
|switch|p2a: Amoonguss|Amoonguss, F|100/100
|-damage|p2a: Amoonguss|88/100|[from] Stealth Rock
|move|p1a: Dévoreur des Dunes|Knock Off|p2a: Amoonguss
|-damage|p2a: Amoonguss|66/100
|
|upkeep
|turn|41
|
|t:|1643325669
|switch|p1a: Gardien des nuages|Crobat, F|47/100
|move|p2a: Amoonguss|Spore|p1a: Gardien des nuages
|-status|p1a: Gardien des nuages|slp|[from] move: Spore
|
|upkeep
|turn|42
|
|t:|1643325675
|switch|p2a: Skarmory|Skarmory, M|49/100
|-damage|p2a: Skarmory|36/100|[from] Stealth Rock
|cant|p1a: Gardien des nuages|slp
|
|upkeep
|turn|43
|c|☆Wigglytoptier|gg for this game
|
|t:|1643325681
|cant|p1a: Gardien des nuages|slp
|move|p2a: Skarmory|Roost|p2a: Skarmory
|-heal|p2a: Skarmory|86/100
|-singleturn|p2a: Skarmory|move: Roost
|
|upkeep
|turn|44
|c|☆UU11t pokemonisfun|gg
|c|☆Wigglytoptier|you're strong
|
|t:|1643325692
|cant|p1a: Gardien des nuages|slp
|move|p2a: Skarmory|Brave Bird|p1a: Gardien des nuages
|-damage|p1a: Gardien des nuages|0 fnt
|faint|p1a: Gardien des nuages
|-damage|p2a: Skarmory|72/100|[from] Recoil
|
|upkeep
|-message|Wigglytoptier forfeited.
|
|win|UU11t pokemonisfun
|raw|Wigglytoptier's rating: 1361 &rarr; <strong>1353</strong><br />(-8 for losing)
|raw|UU11t pokemonisfun's rating: 1607 &rarr; <strong>1615</strong><br />(+8 for winning)
|c|☆UU11t pokemonisfun|nice stay in with aegi
|c|☆UU11t pokemonisfun|on daunt
|l|☆UU11t pokemonisfun
|c|☆Wigglytoptier|thanks :)
|l| capp1no
||Ladder isn't responding, score probably updated but might not have (Request timeout).
