|j|☆Bhris Pink
|j|☆willow woods
|t:|1643674571
|gametype|singles
|player|p1|Bhris Pink|harlequin|1437
|player|p2|willow woods|#lily|1635
|teamsize|p1|6
|teamsize|p2|6
|gen|8
|tier|[Gen 8] UU
|rated|
|rule|Sleep Clause Mod: Limit one foe put to sleep
|rule|Species Clause: Limit one of each Pokémon
|rule|OHKO Clause: OHKO moves are banned
|rule|Evasion Moves Clause: Evasion moves are banned
|rule|Endless Battle Clause: Forcing endless battles is banned
|rule|HP Percentage Mod: HP is shown in percentages
|rule|Dynamax Clause: You cannot dynamax
|clearpoke
|poke|p1|Excadrill, F|
|poke|p1|Slowking, M|
|poke|p1|Amoonguss, F|
|poke|p1|Celesteela|
|poke|p1|Thundurus-Therian, M|
|poke|p1|Lycanroc-Dusk, F|
|poke|p2|Mamoswine, M|
|poke|p2|Azelf|
|poke|p2|Slowking, F|
|poke|p2|Cobalion|
|poke|p2|Salamence, M|
|poke|p2|Zarude-Dada|
|teampreview
|inactive|Battle timer is ON: inactive players will automatically lose when time's up. (requested by willow woods)
|
|t:|1643674597
|start
|switch|p1a: Excadrill|Excadrill, F|100/100
|switch|p2a: Azelf|Azelf|100/100
|-ability|p1a: Excadrill|Mold Breaker
|turn|1
|
|t:|1643674601
|move|p2a: Azelf|U-turn|p1a: Excadrill
|-resisted|p1a: Excadrill
|-damage|p1a: Excadrill|87/100
|
|t:|1643674603
|switch|p2a: Cobalion|Cobalion|100/100|[from]move: U-turn
|move|p1a: Excadrill|Rapid Spin|p2a: Cobalion
|-resisted|p2a: Cobalion
|-damage|p2a: Cobalion|92/100
|-boost|p1a: Excadrill|spe|1
|-damage|p1a: Excadrill|70/100|[from] item: Rocky Helmet|[of] p2a: Cobalion
|
|-heal|p1a: Excadrill|76/100|[from] item: Leftovers
|upkeep
|turn|2
|
|t:|1643674607
|switch|p2a: Salamence|Salamence, M|100/100
|-ability|p2a: Salamence|Intimidate|boost
|-unboost|p1a: Excadrill|atk|1
|move|p1a: Excadrill|Earthquake|p2a: Salamence
|-immune|p2a: Salamence
|
|-heal|p1a: Excadrill|82/100|[from] item: Leftovers
|upkeep
|turn|3
|
|t:|1643674610
|switch|p1a: Slowking|Slowking, M|100/100
|move|p2a: Salamence|Flamethrower|p1a: Slowking
|-resisted|p1a: Slowking
|-damage|p1a: Slowking|89/100
|
|upkeep
|turn|4
|
|t:|1643674614
|switch|p2a: Zarude|Zarude-Dada|100/100
|move|p1a: Slowking|Teleport|p1a: Slowking
|
|t:|1643674616
|switch|p1a: Amoonguss|Amoonguss, F|100/100|[from]move: Teleport
|
|upkeep
|turn|5
|
|t:|1643674620
|move|p2a: Zarude|U-turn|p1a: Amoonguss
|-damage|p1a: Amoonguss|82/100
|-damage|p2a: Zarude|84/100|[from] item: Rocky Helmet|[of] p1a: Amoonguss
|
|t:|1643674625
|switch|p2a: Slowking|Slowking, F|100/100|[from]move: U-turn
|move|p1a: Amoonguss|Spore|p2a: Slowking
|-status|p2a: Slowking|slp|[from] move: Spore
|
|upkeep
|turn|6
|
|t:|1643674632
|switch|p1a: Lycanroc|Lycanroc-Dusk, F|100/100
|switch|p2a: Cobalion|Cobalion|92/100
|
|upkeep
|turn|7
|
|t:|1643674636
|switch|p2a: Slowking|Slowking, F|100/100 slp
|move|p1a: Lycanroc|Close Combat|p2a: Slowking
|-resisted|p2a: Slowking
|-damage|p2a: Slowking|77/100 slp
|-unboost|p1a: Lycanroc|def|1
|-unboost|p1a: Lycanroc|spd|1
|-damage|p1a: Lycanroc|91/100|[from] item: Life Orb
|
|upkeep
|turn|8
|
|t:|1643674638
|switch|p2a: Salamence|Salamence, M|100/100
|-ability|p2a: Salamence|Intimidate|boost
|-unboost|p1a: Lycanroc|atk|1
|move|p1a: Lycanroc|Crunch|p2a: Salamence
|-damage|p2a: Salamence|67/100
|-unboost|p2a: Salamence|def|1
|-damage|p1a: Lycanroc|81/100|[from] item: Life Orb
|
|upkeep
|turn|9
|
|t:|1643674642
|switch|p2a: Cobalion|Cobalion|92/100
|move|p1a: Lycanroc|Crunch|p2a: Cobalion
|-resisted|p2a: Cobalion
|-damage|p2a: Cobalion|81/100
|-damage|p1a: Lycanroc|64/100|[from] item: Rocky Helmet|[of] p2a: Cobalion
|-ability|p2a: Cobalion|Justified|boost
|-boost|p2a: Cobalion|atk|1
|-damage|p1a: Lycanroc|54/100|[from] item: Life Orb
|
|upkeep
|turn|10
|
|t:|1643674645
|switch|p2a: Salamence|Salamence, M|67/100
|-ability|p2a: Salamence|Intimidate|boost
|-unboost|p1a: Lycanroc|atk|1
|move|p1a: Lycanroc|Crunch|p2a: Salamence
|-damage|p2a: Salamence|41/100
|-unboost|p2a: Salamence|def|1
|-damage|p1a: Lycanroc|44/100|[from] item: Life Orb
|
|upkeep
|turn|11
|
|t:|1643674649
|switch|p2a: Cobalion|Cobalion|81/100
|move|p1a: Lycanroc|Close Combat|p2a: Cobalion
|-supereffective|p2a: Cobalion
|-damage|p2a: Cobalion|27/100
|-unboost|p1a: Lycanroc|def|1
|-unboost|p1a: Lycanroc|spd|1
|-damage|p1a: Lycanroc|28/100|[from] item: Rocky Helmet|[of] p2a: Cobalion
|-damage|p1a: Lycanroc|18/100|[from] item: Life Orb
|
|upkeep
|turn|12
|
|t:|1643674654
|switch|p1a: Slowking|Slowking, M|100/100
|switch|p2a: Slowking|Slowking, F|100/100 slp
|
|upkeep
|turn|13
|
|t:|1643674657
|move|p1a: Slowking|Teleport|p1a: Slowking
|
|t:|1643674658
|switch|p1a: Excadrill|Excadrill, F|82/100|[from]move: Teleport
|-ability|p1a: Excadrill|Mold Breaker
|cant|p2a: Slowking|slp
|
|-heal|p1a: Excadrill|88/100|[from] item: Leftovers
|upkeep
|turn|14
|
|t:|1643674660
|move|p1a: Excadrill|Stealth Rock|p2a: Slowking
|-sidestart|p2: willow woods|move: Stealth Rock
|cant|p2a: Slowking|slp
|
|-heal|p1a: Excadrill|94/100|[from] item: Leftovers
|upkeep
|turn|15
|
|t:|1643674663
|switch|p1a: Thundurus|Thundurus-Therian, M|100/100
|cant|p2a: Slowking|slp
|
|upkeep
|turn|16
|
|t:|1643674666
|move|p1a: Thundurus|Knock Off|p2a: Slowking
|-supereffective|p2a: Slowking
|-enditem|p2a: Slowking|Colbur Berry|[eat]
|-enditem|p2a: Slowking|Colbur Berry|[weaken]
|-damage|p2a: Slowking|86/100 slp
|-curestatus|p2a: Slowking|slp|[msg]
|move|p2a: Slowking|Teleport|p2a: Slowking
|
|t:|1643674675
|switch|p2a: Mamoswine|Mamoswine, M|100/100|[from]move: Teleport
|-damage|p2a: Mamoswine|88/100|[from] Stealth Rock
|
|upkeep
|turn|17
|
|t:|1643674678
|move|p2a: Mamoswine|Ice Shard|p1a: Thundurus
|-supereffective|p1a: Thundurus
|-damage|p1a: Thundurus|9/100
|-damage|p2a: Mamoswine|78/100|[from] item: Life Orb
|move|p1a: Thundurus|Focus Blast|p2a: Mamoswine
|-supereffective|p2a: Mamoswine
|-damage|p2a: Mamoswine|0 fnt
|faint|p2a: Mamoswine
|
|upkeep
|
|t:|1643674681
|switch|p2a: Zarude|Zarude-Dada|84/100
|turn|18
|
|t:|1643674684
|switch|p1a: Amoonguss|Amoonguss, F|100/100
|move|p2a: Zarude|U-turn|p1a: Amoonguss
|-damage|p1a: Amoonguss|83/100
|-damage|p2a: Zarude|67/100|[from] item: Rocky Helmet|[of] p1a: Amoonguss
|
|t:|1643674685
|switch|p2a: Azelf|Azelf|100/100|[from]move: U-turn
|
|upkeep
|turn|19
|
|t:|1643674690
|move|p2a: Azelf|Knock Off|p1a: Amoonguss
|-damage|p1a: Amoonguss|62/100
|-damage|p2a: Azelf|84/100|[from] item: Rocky Helmet|[of] p1a: Amoonguss
|-enditem|p1a: Amoonguss|Rocky Helmet|[from] move: Knock Off|[of] p2a: Azelf
|move|p1a: Amoonguss|Spore|p2a: Azelf
|-status|p2a: Azelf|slp|[from] move: Spore
|
|upkeep
|turn|20
|
|t:|1643674692
|cant|p2a: Azelf|slp
|move|p1a: Amoonguss|Foul Play|p2a: Azelf
|-supereffective|p2a: Azelf
|-damage|p2a: Azelf|0 fnt
|faint|p2a: Azelf
|
|upkeep
|
|t:|1643674696
|switch|p2a: Salamence|Salamence, M|41/100
|-ability|p2a: Salamence|Intimidate|boost
|-unboost|p1a: Amoonguss|atk|1
|turn|21
|
|t:|1643674702
|move|p2a: Salamence|Hurricane|p1a: Amoonguss
|-supereffective|p1a: Amoonguss
|-damage|p1a: Amoonguss|0 fnt
|faint|p1a: Amoonguss
|
|upkeep
|
|t:|1643674705
|switch|p1a: Thundurus|Thundurus-Therian, M|9/100
|turn|22
|
|t:|1643674707
|switch|p2a: Zarude|Zarude-Dada|67/100
|move|p1a: Thundurus|Volt Switch|p2a: Zarude
|-resisted|p2a: Zarude
|-damage|p2a: Zarude|49/100
|
|t:|1643674719
|switch|p1a: Lycanroc|Lycanroc-Dusk, F|18/100|[from]move: Volt Switch
|
|upkeep
|turn|23
|
|t:|1643674726
|switch|p1a: Slowking|Slowking, M|100/100
|switch|p2a: Slowking|Slowking, F|100/100
|-damage|p2a: Slowking|88/100|[from] Stealth Rock
|
|upkeep
|turn|24
|
|t:|1643674731
|move|p1a: Slowking|Teleport|p1a: Slowking
|
|t:|1643674734
|switch|p1a: Thundurus|Thundurus-Therian, M|9/100|[from]move: Teleport
|move|p2a: Slowking|Teleport|p2a: Slowking
|
|t:|1643674737
|switch|p2a: Cobalion|Cobalion|27/100|[from]move: Teleport
|-damage|p2a: Cobalion|24/100|[from] Stealth Rock
|
|upkeep
|turn|25
|
|t:|1643674740
|switch|p1a: Slowking|Slowking, M|100/100
|move|p2a: Cobalion|Stealth Rock|p1a: Slowking
|-sidestart|p1: Bhris Pink|move: Stealth Rock
|
|upkeep
|turn|26
|
|t:|1643674743
|move|p2a: Cobalion|Volt Switch|p1a: Slowking
|-supereffective|p1a: Slowking
|-damage|p1a: Slowking|80/100
|
|t:|1643674745
|switch|p2a: Slowking|Slowking, F|100/100|[from]move: Volt Switch
|-damage|p2a: Slowking|88/100|[from] Stealth Rock
|move|p1a: Slowking|Teleport|p1a: Slowking
|
|t:|1643674747
|switch|p1a: Excadrill|Excadrill, F|94/100|[from]move: Teleport
|-damage|p1a: Excadrill|91/100|[from] Stealth Rock
|-ability|p1a: Excadrill|Mold Breaker
|
|-heal|p1a: Excadrill|97/100|[from] item: Leftovers
|upkeep
|turn|27
|
|t:|1643674749
|move|p1a: Excadrill|Rapid Spin|p2a: Slowking
|-damage|p2a: Slowking|74/100
|-boost|p1a: Excadrill|spe|1
|-sideend|p1: Bhris Pink|Stealth Rock|[from] move: Rapid Spin|[of] p1a: Excadrill
|move|p2a: Slowking|Scald|p1a: Excadrill
|-supereffective|p1a: Excadrill
|-damage|p1a: Excadrill|30/100
|
|-heal|p1a: Excadrill|37/100|[from] item: Leftovers
|upkeep
|turn|28
|
|t:|1643674753
|move|p1a: Excadrill|Earthquake|p2a: Slowking
|-damage|p2a: Slowking|34/100
|move|p2a: Slowking|Teleport|p2a: Slowking
|
|t:|1643674756
|switch|p2a: Salamence|Salamence, M|41/100|[from]move: Teleport
|-ability|p2a: Salamence|Intimidate|boost
|-unboost|p1a: Excadrill|atk|1
|
|-heal|p1a: Excadrill|43/100|[from] item: Leftovers
|upkeep
|turn|29
|
|t:|1643674765
|switch|p2a: Slowking|Slowking, F|67/100
|-damage|p2a: Slowking|55/100|[from] Stealth Rock
|move|p1a: Excadrill|Iron Head|p2a: Slowking
|-resisted|p2a: Slowking
|-damage|p2a: Slowking|44/100
|
|-heal|p1a: Excadrill|49/100|[from] item: Leftovers
|upkeep
|turn|30
|
|t:|1643674767
|switch|p1a: Thundurus|Thundurus-Therian, M|9/100
|move|p2a: Slowking|Slack Off|p2a: Slowking
|-heal|p2a: Slowking|94/100
|
|upkeep
|turn|31
|
|t:|1643674771
|move|p1a: Thundurus|Volt Switch|p2a: Slowking
|-supereffective|p2a: Slowking
|-damage|p2a: Slowking|34/100
|
|t:|1643674773
|switch|p1a: Slowking|Slowking, M|100/100|[from]move: Volt Switch
|move|p2a: Slowking|Teleport|p2a: Slowking
|
|t:|1643674776
|switch|p2a: Zarude|Zarude-Dada|49/100|[from]move: Teleport
|
|upkeep
|turn|32
|
|t:|1643674779
|move|p2a: Zarude|Power Whip|p1a: Slowking
|-supereffective|p1a: Slowking
|-damage|p1a: Slowking|9/100
|-damage|p2a: Zarude|32/100|[from] item: Rocky Helmet|[of] p1a: Slowking
|move|p1a: Slowking|Teleport|p1a: Slowking
|
|t:|1643674785
|switch|p1a: Celesteela|Celesteela|100/100|[from]move: Teleport
|
|upkeep
|turn|33
|
|t:|1643674788
|move|p2a: Zarude|U-turn|p1a: Celesteela
|-resisted|p1a: Celesteela
|-damage|p1a: Celesteela|95/100
|
|t:|1643674789
|switch|p2a: Slowking|Slowking, F|68/100|[from]move: U-turn
|-damage|p2a: Slowking|55/100|[from] Stealth Rock
|move|p1a: Celesteela|Autotomize|p1a: Celesteela
|-boost|p1a: Celesteela|spe|2
|-start|p1a: Celesteela|Autotomize
|
|upkeep
|turn|34
|
|t:|1643674792
|move|p1a: Celesteela|Meteor Beam||[still]
|-prepare|p1a: Celesteela|Meteor Beam
|-boost|p1a: Celesteela|spa|1
|-enditem|p1a: Celesteela|Power Herb
|-anim|p1a: Celesteela|Meteor Beam|p2a: Slowking
|-damage|p2a: Slowking|11/100
|move|p2a: Slowking|Slack Off|p2a: Slowking
|-heal|p2a: Slowking|62/100
|
|upkeep
|turn|35
|
|t:|1643674797
|move|p1a: Celesteela|Air Slash|p2a: Slowking
|-damage|p2a: Slowking|16/100
|move|p2a: Slowking|Scald|p1a: Celesteela
|-damage|p1a: Celesteela|66/100
|
|upkeep
|turn|36
|-message|willow woods forfeited.
|
|win|Bhris Pink
|raw|Bhris Pink's rating: 1437 &rarr; <strong>1466</strong><br />(+29 for winning)
|raw|willow woods's rating: 1600 &rarr; <strong>1571</strong><br />(-29 for losing)
|l|☆willow woods
