|j|☆Lucckyy
|j|‽xelaboonresoleros
|t:|1634237236
|gametype|singles
|player|p1|Lucckyy|idol|1455
|player|p2|xelaboonresoleros|li|1407
|teamsize|p1|6
|teamsize|p2|6
|gen|8
|tier|[Gen 8] UU
|rated|
|rule|Sleep Clause Mod: Limit one foe put to sleep
|rule|Species Clause: Limit one of each Pokémon
|rule|OHKO Clause: OHKO moves are banned
|rule|Evasion Moves Clause: Evasion moves are banned
|rule|Endless Battle Clause: Forcing endless battles is banned
|rule|HP Percentage Mod: HP is shown in percentages
|rule|Dynamax Clause: You cannot dynamax
|clearpoke
|poke|p1|Vanilluxe, M|
|poke|p1|Arctovish|
|poke|p1|Scolipede, M|
|poke|p1|Celesteela|
|poke|p1|Beartic, F|
|poke|p1|Whimsicott, M|
|poke|p2|Abomasnow, F|
|poke|p2|Dusclops, F|
|poke|p2|Conkeldurr, M|
|poke|p2|Hatterene, F|
|poke|p2|Stakataka|
|poke|p2|Reuniclus, F|
|teampreview
|inactive|Battle timer is ON: inactive players will automatically lose when time's up. (requested by Lucckyy)
|
|t:|1634237275
|start
|switch|p1a: Vanilluxe|Vanilluxe, M|100/100
|switch|p2a: Dusclops|Dusclops, F|100/100
|-weather|Hail|[from] ability: Snow Warning|[of] p1a: Vanilluxe
|-item|p1a: Vanilluxe|Icy Rock|[from] ability: Frisk|[of] p2a: Dusclops|[identify]
|turn|1
|
|t:|1634237286
|move|p1a: Vanilluxe|Taunt|p2a: Dusclops
|-start|p2a: Dusclops|move: Taunt
|move|p2a: Dusclops|Night Shade|p1a: Vanilluxe
|-damage|p1a: Vanilluxe|65/100
|
|-weather|Hail|[upkeep]
|-damage|p2a: Dusclops|94/100|[from] Hail
|upkeep
|turn|2
|
|t:|1634237295
|switch|p1a: Whimsicott|Whimsicott, M|100/100
|move|p2a: Dusclops|Night Shade|p1a: Whimsicott
|-damage|p1a: Whimsicott|62/100
|
|-weather|Hail|[upkeep]
|-damage|p1a: Whimsicott|56/100|[from] Hail
|-damage|p2a: Dusclops|88/100|[from] Hail
|upkeep
|turn|3
|
|t:|1634237299
|switch|p2a: Hatterene|Hatterene, F|100/100
|move|p1a: Whimsicott|Switcheroo|p2a: Hatterene
|-activate|p1a: Whimsicott|move: Trick|[of] p2a: Hatterene
|-item|p2a: Hatterene|Choice Specs|[from] move: Switcheroo
|-item|p1a: Whimsicott|Life Orb|[from] move: Switcheroo
|
|-weather|Hail|[upkeep]
|-damage|p1a: Whimsicott|50/100|[from] Hail
|-damage|p2a: Hatterene|95/100|[from] Hail
|upkeep
|turn|4
|
|t:|1634237308
|move|p1a: Whimsicott|U-turn|p2a: Hatterene
|-damage|p2a: Hatterene|78/100
|-damage|p1a: Whimsicott|40/100|[from] item: Life Orb
|
|t:|1634237313
|switch|p1a: Vanilluxe|Vanilluxe, M|65/100|[from]move: U-turn
|move|p2a: Hatterene|Trick Room|p2a: Hatterene
|-fieldstart|move: Trick Room|[of] p2a: Hatterene
|
|-weather|Hail|[upkeep]
|-damage|p2a: Hatterene|72/100|[from] Hail
|upkeep
|turn|5
|
|t:|1634237319
|switch|p2a: Abomasnow|Abomasnow, F|100/100
|move|p1a: Vanilluxe|Aurora Veil|p1a: Vanilluxe
|-sidestart|p1: Lucckyy|move: Aurora Veil
|
|-weather|Hail|[upkeep]
|upkeep
|turn|6
|
|t:|1634237328
|switch|p1a: Beartic|Beartic, F|100/100
|move|p2a: Abomasnow|Earthquake|p1a: Beartic
|-damage|p1a: Beartic|88/100
|
|-weather|Hail|[upkeep]
|upkeep
|turn|7
|
|t:|1634237334
|switch|p2a: Stakataka|Stakataka|100/100
|move|p1a: Beartic|Swords Dance|p1a: Beartic
|-boost|p1a: Beartic|atk|2
|
|-weather|Hail|[upkeep]
|-damage|p2a: Stakataka|94/100|[from] Hail
|upkeep
|turn|8
|
|t:|1634237341
|move|p2a: Stakataka|Gyro Ball|p1a: Beartic
|-supereffective|p1a: Beartic
|-crit|p1a: Beartic
|-damage|p1a: Beartic|0 fnt
|faint|p1a: Beartic
|-ability|p2a: Stakataka|Beast Boost|boost
|-boost|p2a: Stakataka|def|1
|
|-weather|none
|-fieldend|move: Trick Room
|upkeep
|
|t:|1634237347
|switch|p1a: Arctovish|Arctovish|100/100
|turn|9
|
|t:|1634237359
|switch|p2a: Hatterene|Hatterene, F|72/100
|move|p1a: Arctovish|Fishious Rend|p2a: Hatterene
|-damage|p2a: Hatterene|0 fnt
|faint|p2a: Hatterene
|
|-sideend|p1: Lucckyy|move: Aurora Veil
|upkeep
|j| knacka
|
|t:|1634237367
|switch|p2a: Dusclops|Dusclops, F|88/100
|-item|p1a: Arctovish|Metronome|[from] ability: Frisk|[of] p2a: Dusclops|[identify]
|turn|10
|
|t:|1634237373
|move|p1a: Arctovish|Fishious Rend|p2a: Dusclops
|-damage|p2a: Dusclops|33/100
|move|p2a: Dusclops|Trick Room|p2a: Dusclops
|-fieldstart|move: Trick Room|[of] p2a: Dusclops
|
|upkeep
|turn|11
|
|t:|1634237381
|switch|p1a: Whimsicott|Whimsicott, M|40/100
|move|p2a: Dusclops|Pain Split|p1a: Whimsicott
|-sethp|p1a: Whimsicott|38/100|[from] move: Pain Split|[silent]
|-sethp|p2a: Dusclops|35/100|[from] move: Pain Split
|
|upkeep
|turn|12
|
|t:|1634237389
|move|p2a: Dusclops|Night Shade|p1a: Whimsicott
|-damage|p1a: Whimsicott|0 fnt
|faint|p1a: Whimsicott
|
|upkeep
|
|t:|1634237394
|switch|p1a: Scolipede|Scolipede, M|100/100
|turn|13
|
|t:|1634237397
|move|p2a: Dusclops|Will-O-Wisp|p1a: Scolipede
|-status|p1a: Scolipede|brn
|move|p1a: Scolipede|Spikes|p2a: Dusclops
|-sidestart|p2: xelaboonresoleros|Spikes
|
|-damage|p1a: Scolipede|94/100 brn|[from] brn
|-ability|p1a: Scolipede|Speed Boost|boost
|-boost|p1a: Scolipede|spe|1
|upkeep
|turn|14
|
|t:|1634237405
|switch|p1a: Vanilluxe|Vanilluxe, M|65/100
|-weather|Hail|[from] ability: Snow Warning|[of] p1a: Vanilluxe
|move|p2a: Dusclops|Pain Split|p1a: Vanilluxe
|-sethp|p1a: Vanilluxe|50/100|[from] move: Pain Split|[silent]
|-sethp|p2a: Dusclops|50/100|[from] move: Pain Split
|
|-weather|Hail|[upkeep]
|-damage|p2a: Dusclops|44/100|[from] Hail
|-fieldend|move: Trick Room
|upkeep
|turn|15
|
|t:|1634237412
|move|p1a: Vanilluxe|Blizzard|p2a: Dusclops
|-crit|p2a: Dusclops
|-damage|p2a: Dusclops|10/100
|-status|p2a: Dusclops|frz
|-curestatus|p2a: Dusclops|frz|[msg]
|move|p2a: Dusclops|Trick Room|p2a: Dusclops
|-fieldstart|move: Trick Room|[of] p2a: Dusclops
|
|-weather|Hail|[upkeep]
|-damage|p2a: Dusclops|4/100|[from] Hail
|upkeep
|turn|16
|
|t:|1634237423
|move|p2a: Dusclops|Pain Split|p1a: Vanilluxe
|-sethp|p1a: Vanilluxe|27/100|[from] move: Pain Split|[silent]
|-sethp|p2a: Dusclops|27/100|[from] move: Pain Split
|move|p1a: Vanilluxe|Aurora Veil|p1a: Vanilluxe
|-sidestart|p1: Lucckyy|move: Aurora Veil
|
|-weather|Hail|[upkeep]
|-damage|p2a: Dusclops|21/100|[from] Hail
|upkeep
|turn|17
|
|t:|1634237428
|switch|p1a: Scolipede|Scolipede, M|94/100 brn
|move|p2a: Dusclops|Night Shade|p1a: Scolipede
|-damage|p1a: Scolipede|56/100 brn
|
|-weather|Hail|[upkeep]
|-damage|p2a: Dusclops|15/100|[from] Hail
|-damage|p1a: Scolipede|50/100 brn|[from] Hail
|-damage|p1a: Scolipede|44/100 brn|[from] brn
|upkeep
|turn|18
|
|t:|1634237435
|move|p2a: Dusclops|Night Shade|p1a: Scolipede
|-damage|p1a: Scolipede|5/100 brn
|move|p1a: Scolipede|Spikes|p2a: Dusclops
|-sidestart|p2: xelaboonresoleros|Spikes
|
|-weather|Hail|[upkeep]
|-damage|p2a: Dusclops|9/100|[from] Hail
|-damage|p1a: Scolipede|0 fnt|[from] Hail
|faint|p1a: Scolipede
|upkeep
|
|t:|1634237441
|switch|p1a: Celesteela|Celesteela|100/100
|turn|19
|
|t:|1634237452
|move|p2a: Dusclops|Pain Split|p1a: Celesteela
|-sethp|p1a: Celesteela|54/100|[from] move: Pain Split|[silent]
|-sethp|p2a: Dusclops|64/100|[from] move: Pain Split
|move|p1a: Celesteela|Flamethrower|p2a: Dusclops
|-damage|p2a: Dusclops|48/100
|
|-weather|Hail|[upkeep]
|-damage|p2a: Dusclops|42/100|[from] Hail
|-damage|p1a: Celesteela|48/100|[from] Hail
|-fieldend|move: Trick Room
|upkeep
|turn|20
|
|t:|1634237459
|move|p1a: Celesteela|Air Slash|p2a: Dusclops
|-damage|p2a: Dusclops|24/100
|cant|p2a: Dusclops|flinch
|
|-weather|Hail|[upkeep]
|-damage|p1a: Celesteela|42/100|[from] Hail
|-damage|p2a: Dusclops|18/100|[from] Hail
|-sideend|p1: Lucckyy|move: Aurora Veil
|upkeep
|turn|21
|
|t:|1634237467
|move|p1a: Celesteela|Air Slash|p2a: Dusclops
|-damage|p2a: Dusclops|0 fnt
|faint|p2a: Dusclops
|-ability|p1a: Celesteela|Beast Boost|boost
|-boost|p1a: Celesteela|spa|1
|
|-weather|none
|upkeep
|
|t:|1634237477
|switch|p2a: Reuniclus|Reuniclus, F|100/100
|turn|22
|
|t:|1634237479
|move|p1a: Celesteela|Air Slash|p2a: Reuniclus
|-damage|p2a: Reuniclus|34/100
|cant|p2a: Reuniclus|flinch
|
|upkeep
|turn|23
|
|t:|1634237485
|move|p1a: Celesteela|Air Slash|p2a: Reuniclus
|-damage|p2a: Reuniclus|0 fnt
|faint|p2a: Reuniclus
|-ability|p1a: Celesteela|Beast Boost|boost
|-boost|p1a: Celesteela|spa|1
|
|upkeep
|
|t:|1634237487
|switch|p2a: Stakataka|Stakataka|94/100
|-damage|p2a: Stakataka|78/100|[from] Spikes
|turn|24
|
|t:|1634237491
|move|p1a: Celesteela|Giga Drain|p2a: Stakataka
|-damage|p2a: Stakataka|28/100
|-heal|p1a: Celesteela|66/100|[from] drain|[of] p2a: Stakataka
|move|p2a: Stakataka|Trick Room|p2a: Stakataka
|-fieldstart|move: Trick Room|[of] p2a: Stakataka
|
|upkeep
|turn|25
|
|t:|1634237498
|move|p2a: Stakataka|Heat Crash|p1a: Celesteela
|-supereffective|p1a: Celesteela
|-damage|p1a: Celesteela|37/100
|move|p1a: Celesteela|Giga Drain|p2a: Stakataka
|-damage|p2a: Stakataka|0 fnt
|-heal|p1a: Celesteela|50/100|[from] drain|[of] p2a: Stakataka
|faint|p2a: Stakataka
|-ability|p1a: Celesteela|Beast Boost|boost
|-boost|p1a: Celesteela|spa|1
|
|upkeep
|l| knacka
|
|t:|1634237502
|switch|p2a: Conkeldurr|Conkeldurr, M|100/100
|-damage|p2a: Conkeldurr|84/100|[from] Spikes
|turn|26
|
|t:|1634237508
|move|p2a: Conkeldurr|Close Combat|p1a: Celesteela
|-damage|p1a: Celesteela|0 fnt
|-unboost|p2a: Conkeldurr|def|1
|-unboost|p2a: Conkeldurr|spd|1
|faint|p1a: Celesteela
|
|-status|p2a: Conkeldurr|brn|[from] item: Flame Orb
|upkeep
|-message|Lucckyy forfeited.
|
|win|xelaboonresoleros
|raw|Lucckyy's rating: 1455 &rarr; <strong>1432</strong><br />(-23 for losing)
|raw|xelaboonresoleros's rating: 1407 &rarr; <strong>1430</strong><br />(+23 for winning)
|l|☆Lucckyy
