|j|☆stony man bob
|j|☆UULT1 Adrift
|player|p1|stony man bob|103|1593
|player|p2|UULT1 Adrift|ethan-gen2|1532
|teamsize|p1|6
|teamsize|p2|6
|gametype|singles
|gen|8
|tier|[Gen 8] UU
|rated|
|clearpoke
|poke|p1|Salazzle, F|
|poke|p1|Flygon, M|
|poke|p1|Pangoro, M|
|poke|p1|Sylveon, F|
|poke|p1|Rotom-Wash|
|poke|p1|Copperajah, F|
|poke|p2|Roserade, M|
|poke|p2|Pangoro, F|
|poke|p2|Noivern, F|
|poke|p2|Gigalith, M|
|poke|p2|Doublade, M|
|poke|p2|Sylveon, M|
|rule|Sleep Clause Mod: Limit one foe put to sleep
|rule|Species Clause: Limit one of each Pokémon
|rule|OHKO Clause: OHKO moves are banned
|rule|Evasion Moves Clause: Evasion moves are banned
|rule|Endless Battle Clause: Forcing endless battles is banned
|rule|HP Percentage Mod: HP is shown in percentages
|rule|Dynamax Clause: You cannot dynamax
|teampreview
|c|☆stony man bob|hf
|j| Thisbemyalt
|c|☆UULT1 Adrift|thank
|j| hydeout
|inactive|Battle timer is ON: inactive players will automatically lose when time's up. (requested by UULT1 Adrift)
|
|start
|switch|p1a: Copperajah|Copperajah, F|100/100
|switch|p2a: Roserade|Roserade, M|100/100
|turn|1
|
|move|p2a: Roserade|Sleep Powder|p1a: Copperajah|[miss]
|-miss|p2a: Roserade|p1a: Copperajah
|move|p1a: Copperajah|Stealth Rock|p2a: Roserade
|-sidestart|p2: UULT1 Adrift|move: Stealth Rock
|
|upkeep
|turn|2
|
|move|p2a: Roserade|Sleep Powder|p1a: Copperajah
|-status|p1a: Copperajah|slp|[from] move: Sleep Powder
|cant|p1a: Copperajah|slp
|
|upkeep
|turn|3
|
|switch|p2a: Pangoro|Pangoro, F|100/100
|-damage|p2a: Pangoro|94/100|[from] Stealth Rock
|-ability|p2a: Pangoro|Mold Breaker
|-curestatus|p1a: Copperajah|slp|[msg]
|move|p1a: Copperajah|Earthquake|p2a: Pangoro
|-damage|p2a: Pangoro|52/100
|
|upkeep
|turn|4
|
|move|p2a: Pangoro|Earthquake|p1a: Copperajah
|-supereffective|p1a: Copperajah
|-damage|p1a: Copperajah|0 fnt
|faint|p1a: Copperajah
|
|upkeep
|
|switch|p1a: Salazzle|Salazzle, F|100/100
|turn|5
|j| TSR
|
|switch|p2a: Gigalith|Gigalith, M|100/100
|-damage|p2a: Gigalith|88/100|[from] Stealth Rock
|-weather|Sandstorm|[from] ability: Sand Stream|[of] p2a: Gigalith
|move|p1a: Salazzle|Toxic|p2a: Gigalith
|-status|p2a: Gigalith|tox
|
|-weather|Sandstorm|[upkeep]
|-damage|p1a: Salazzle|94/100|[from] Sandstorm
|-heal|p2a: Gigalith|94/100 tox|[from] item: Leftovers
|-damage|p2a: Gigalith|88/100 tox|[from] psn
|upkeep
|turn|6
|
|switch|p1a: Flygon|Flygon, M|100/100
|move|p2a: Gigalith|Stealth Rock|p1a: Flygon
|-sidestart|p1: stony man bob|move: Stealth Rock
|
|-weather|Sandstorm|[upkeep]
|-heal|p2a: Gigalith|94/100 tox|[from] item: Leftovers
|-damage|p2a: Gigalith|82/100 tox|[from] psn
|upkeep
|turn|7
|
|move|p1a: Flygon|U-turn|p2a: Gigalith
|-damage|p2a: Gigalith|68/100 tox
|
|switch|p1a: Rotom|Rotom-Wash|100/100|[from]move: U-turn
|-damage|p1a: Rotom|88/100|[from] Stealth Rock
|move|p2a: Gigalith|Toxic|p1a: Rotom
|-status|p1a: Rotom|tox
|
|-weather|Sandstorm|[upkeep]
|-damage|p1a: Rotom|82/100 tox|[from] Sandstorm
|-heal|p1a: Rotom|88/100 tox|[from] item: Leftovers
|-heal|p2a: Gigalith|74/100 tox|[from] item: Leftovers
|-damage|p1a: Rotom|82/100 tox|[from] psn
|-damage|p2a: Gigalith|56/100 tox|[from] psn
|upkeep
|turn|8
|
|switch|p2a: Roserade|Roserade, M|100/100
|-damage|p2a: Roserade|88/100|[from] Stealth Rock
|move|p1a: Rotom|Volt Switch|p2a: Roserade
|-resisted|p2a: Roserade
|-damage|p2a: Roserade|73/100
|
|switch|p1a: Salazzle|Salazzle, F|94/100|[from]move: Volt Switch
|
|-weather|Sandstorm|[upkeep]
|-damage|p1a: Salazzle|88/100|[from] Sandstorm
|-damage|p2a: Roserade|66/100|[from] Sandstorm
|-heal|p2a: Roserade|73/100|[from] item: Black Sludge
|upkeep
|turn|9
|
|switch|p2a: Noivern|Noivern, F|100/100
|move|p1a: Salazzle|Sludge Wave|p2a: Noivern
|-damage|p2a: Noivern|37/100
|
|-weather|none
|upkeep
|turn|10
|
|switch|p1a: Flygon|Flygon, M|100/100
|-damage|p1a: Flygon|95/100|[from] Stealth Rock
|move|p2a: Noivern|Roost|p2a: Noivern
|-heal|p2a: Noivern|87/100
|-singleturn|p2a: Noivern|move: Roost
|
|upkeep
|turn|11
|
|move|p1a: Flygon|Dragon Claw|p2a: Noivern
|-supereffective|p2a: Noivern
|-damage|p2a: Noivern|0 fnt
|faint|p2a: Noivern
|
|upkeep
|
|switch|p2a: Sylveon|Sylveon, M|100/100
|-damage|p2a: Sylveon|88/100|[from] Stealth Rock
|turn|12
|
|switch|p1a: Sylveon|Sylveon, F|100/100
|-damage|p1a: Sylveon|88/100|[from] Stealth Rock
|move|p2a: Sylveon|Wish|p2a: Sylveon
|
|-heal|p1a: Sylveon|94/100|[from] item: Leftovers
|-heal|p2a: Sylveon|94/100|[from] item: Leftovers
|upkeep
|turn|13
|j| life saver sucuri
|
|switch|p1a: Salazzle|Salazzle, F|88/100
|move|p2a: Sylveon|Heal Bell|p2a: Sylveon
|-activate|p2a: Sylveon|move: Heal Bell
|-curestatus|p2: Gigalith|tox|[msg]
|
|-heal|p2a: Sylveon|100/100|[from] move: Wish|[wisher] Sylveon
|upkeep
|turn|14
|
|move|p1a: Salazzle|Toxic|p2a: Sylveon
|-status|p2a: Sylveon|tox
|move|p2a: Sylveon|Wish|p2a: Sylveon
|
|-damage|p2a: Sylveon|94/100 tox|[from] psn
|upkeep
|turn|15
|
|switch|p2a: Gigalith|Gigalith, M|56/100
|-damage|p2a: Gigalith|43/100|[from] Stealth Rock
|-weather|Sandstorm|[from] ability: Sand Stream|[of] p2a: Gigalith
|move|p1a: Salazzle|Toxic|p2a: Gigalith
|-status|p2a: Gigalith|tox
|
|-weather|Sandstorm|[upkeep]
|-damage|p1a: Salazzle|82/100|[from] Sandstorm
|-heal|p2a: Gigalith|96/100 tox|[from] move: Wish|[wisher] Sylveon
|-heal|p2a: Gigalith|100/100 tox|[from] item: Leftovers
|-damage|p2a: Gigalith|94/100 tox|[from] psn
|upkeep
|turn|16
|
|switch|p2a: Pangoro|Pangoro, F|52/100
|-damage|p2a: Pangoro|46/100|[from] Stealth Rock
|-ability|p2a: Pangoro|Mold Breaker
|move|p1a: Salazzle|Sludge Wave|p2a: Pangoro
|-damage|p2a: Pangoro|0 fnt
|faint|p2a: Pangoro
|
|-weather|Sandstorm|[upkeep]
|-damage|p1a: Salazzle|76/100|[from] Sandstorm
|upkeep
|
|switch|p2a: Gigalith|Gigalith, M|94/100 tox
|-damage|p2a: Gigalith|82/100 tox|[from] Stealth Rock
|turn|17
|
|switch|p1a: Flygon|Flygon, M|95/100
|-damage|p1a: Flygon|89/100|[from] Stealth Rock
|move|p2a: Gigalith|Earthquake|p1a: Flygon
|-immune|p1a: Flygon|[from] ability: Levitate
|
|-weather|Sandstorm|[upkeep]
|-heal|p2a: Gigalith|88/100 tox|[from] item: Leftovers
|-damage|p2a: Gigalith|82/100 tox|[from] psn
|upkeep
|turn|18
|-message|UULT1 Adrift forfeited.
|
|win|stony man bob
|l|☆UULT1 Adrift
|raw|stony man bob's rating: 1593 &rarr; <strong>1609</strong><br />(+16 for winning)
|raw|UULT1 Adrift's rating: 1532 &rarr; <strong>1516</strong><br />(-16 for losing)
|c|☆stony man bob|ez
