|j|☆Moutemoute
|j|☆predator145
|player|p1|Moutemoute|#moutemoute|1541
|player|p2|predator145|49|1484
|teamsize|p1|6
|teamsize|p2|6
|gametype|singles
|gen|8
|tier|[Gen 8] UU
|rated|
|rule|Sleep Clause Mod: Limit one foe put to sleep
|rule|Species Clause: Limit one of each Pokémon
|rule|OHKO Clause: OHKO moves are banned
|rule|Evasion Moves Clause: Evasion moves are banned
|rule|Endless Battle Clause: Forcing endless battles is banned
|rule|HP Percentage Mod: HP is shown in percentages
|clearpoke
|poke|p1|Reuniclus, F|
|poke|p1|Kommo-o, F|
|poke|p1|Umbreon, M|
|poke|p1|Sirfetch'd, F|
|poke|p1|Escavalier, F|
|poke|p1|Avalugg, M|
|poke|p2|Garbodor, M|
|poke|p2|Sylveon, F|
|poke|p2|Steelix, F|
|poke|p2|Tsareena, F|
|poke|p2|Inteleon, F|
|poke|p2|Flygon, M|
|rule|Dynamax Clause: You cannot dynamax
|teampreview
|inactive|Battle timer is ON: inactive players will automatically lose when time's up. (requested by Moutemoute)
|
|start
|switch|p1a: Kommo-o|Kommo-o, F|100/100
|switch|p2a: Tsareena|Tsareena, F|100/100
|turn|1
|
|move|p1a: Kommo-o|Protect|p1a: Kommo-o
|-singleturn|p1a: Kommo-o|Protect
|move|p2a: Tsareena|U-turn|p1a: Kommo-o
|-activate|p1a: Kommo-o|move: Protect
|
|upkeep
|turn|2
|
|move|p2a: Tsareena|U-turn|p1a: Kommo-o
|-resisted|p1a: Kommo-o
|-damage|p1a: Kommo-o|93/100
|
|switch|p2a: Sylveon|Sylveon, F|100/100|[from]move: U-turn
|move|p1a: Kommo-o|Stealth Rock|p2a: Sylveon
|-sidestart|p2: predator145|move: Stealth Rock
|
|-heal|p1a: Kommo-o|99/100|[from] item: Leftovers
|upkeep
|turn|3
|
|move|p1a: Kommo-o|Protect|p1a: Kommo-o
|-singleturn|p1a: Kommo-o|Protect
|move|p2a: Sylveon|Mystical Fire|p1a: Kommo-o
|-activate|p1a: Kommo-o|move: Protect
|
|-heal|p1a: Kommo-o|100/100|[from] item: Leftovers
|upkeep
|turn|4
|
|move|p1a: Kommo-o|Body Press|p2a: Sylveon
|-resisted|p2a: Sylveon
|-damage|p2a: Sylveon|82/100
|move|p2a: Sylveon|Moonblast|p1a: Kommo-o
|-supereffective|p1a: Kommo-o
|-damage|p1a: Kommo-o|0 fnt
|faint|p1a: Kommo-o
|
|-heal|p2a: Sylveon|88/100|[from] item: Leftovers
|upkeep
|
|switch|p1a: Reuniclus|Reuniclus, F|100/100
|turn|5
|
|move|p2a: Sylveon|Mystical Fire|p1a: Reuniclus
|-damage|p1a: Reuniclus|84/100
|-unboost|p1a: Reuniclus|spa|1
|move|p1a: Reuniclus|Calm Mind|p1a: Reuniclus
|-boost|p1a: Reuniclus|spa|1
|-boost|p1a: Reuniclus|spd|1
|
|-heal|p2a: Sylveon|94/100|[from] item: Leftovers
|-heal|p1a: Reuniclus|90/100|[from] item: Leftovers
|upkeep
|turn|6
|
|switch|p2a: Garbodor|Garbodor, M|100/100
|-damage|p2a: Garbodor|88/100|[from] Stealth Rock
|move|p1a: Reuniclus|Calm Mind|p1a: Reuniclus
|-boost|p1a: Reuniclus|spa|1
|-boost|p1a: Reuniclus|spd|1
|
|-heal|p2a: Garbodor|94/100|[from] item: Black Sludge
|-heal|p1a: Reuniclus|96/100|[from] item: Leftovers
|upkeep
|turn|7
|j| Landon✘A21
|
|move|p2a: Garbodor|Gunk Shot|p1a: Reuniclus
|-damage|p1a: Reuniclus|69/100
|move|p1a: Reuniclus|Stored Power|p2a: Garbodor
|-supereffective|p2a: Garbodor
|-damage|p2a: Garbodor|19/100
|
|-heal|p2a: Garbodor|25/100|[from] item: Black Sludge
|-heal|p1a: Reuniclus|75/100|[from] item: Leftovers
|upkeep
|turn|8
|
|move|p2a: Garbodor|Gunk Shot|p1a: Reuniclus|[miss]
|-miss|p2a: Garbodor|p1a: Reuniclus
|move|p1a: Reuniclus|Acid Armor|p1a: Reuniclus
|-boost|p1a: Reuniclus|def|2
|
|-heal|p2a: Garbodor|32/100|[from] item: Black Sludge
|-heal|p1a: Reuniclus|81/100|[from] item: Leftovers
|upkeep
|turn|9
|
|move|p2a: Garbodor|Gunk Shot|p1a: Reuniclus
|-damage|p1a: Reuniclus|67/100
|move|p1a: Reuniclus|Calm Mind|p1a: Reuniclus
|-boost|p1a: Reuniclus|spa|1
|-boost|p1a: Reuniclus|spd|1
|
|-heal|p2a: Garbodor|38/100|[from] item: Black Sludge
|-heal|p1a: Reuniclus|73/100|[from] item: Leftovers
|upkeep
|turn|10
|j| fthdtjglu
|l| fthdtjglu
|inactive|predator145 has 120 seconds left.
|inactive|Moutemoute has 120 seconds left.
|
|move|p2a: Garbodor|Spikes|p1a: Reuniclus
|-sidestart|p1: Moutemoute|Spikes
|move|p1a: Reuniclus|Calm Mind|p1a: Reuniclus
|-boost|p1a: Reuniclus|spa|1
|-boost|p1a: Reuniclus|spd|1
|
|-heal|p2a: Garbodor|44/100|[from] item: Black Sludge
|-heal|p1a: Reuniclus|80/100|[from] item: Leftovers
|upkeep
|turn|11
|
|move|p2a: Garbodor|Gunk Shot|p1a: Reuniclus
|-damage|p1a: Reuniclus|67/100
|move|p1a: Reuniclus|Recover|p1a: Reuniclus
|-heal|p1a: Reuniclus|100/100
|
|-heal|p2a: Garbodor|50/100|[from] item: Black Sludge
|upkeep
|turn|12
|inactive|predator145 has 120 seconds left.
|
|switch|p2a: Sylveon|Sylveon, F|94/100
|-damage|p2a: Sylveon|82/100|[from] Stealth Rock
|move|p1a: Reuniclus|Acid Armor|p1a: Reuniclus
|-boost|p1a: Reuniclus|def|2
|
|-heal|p2a: Sylveon|88/100|[from] item: Leftovers
|upkeep
|turn|13
|
|move|p2a: Sylveon|Mystical Fire|p1a: Reuniclus
|-damage|p1a: Reuniclus|95/100
|-unboost|p1a: Reuniclus|spa|1
|move|p1a: Reuniclus|Stored Power|p2a: Sylveon
|-damage|p2a: Sylveon|0 fnt
|faint|p2a: Sylveon
|
|-heal|p1a: Reuniclus|100/100|[from] item: Leftovers
|upkeep
|
|switch|p2a: Inteleon|Inteleon, F|100/100
|-damage|p2a: Inteleon|88/100|[from] Stealth Rock
|turn|14
|
|move|p2a: Inteleon|Hydro Pump|p1a: Reuniclus
|-damage|p1a: Reuniclus|74/100
|move|p1a: Reuniclus|Stored Power|p2a: Inteleon
|-damage|p2a: Inteleon|0 fnt
|faint|p2a: Inteleon
|
|-heal|p1a: Reuniclus|80/100|[from] item: Leftovers
|upkeep
|c|☆predator145|gg
|-message|predator145 forfeited.
|
|win|Moutemoute
|l|☆predator145
|c|☆Moutemoute|g
