|j|☆JesusFreakTW-003
|j|☆DDD951
|t:|1665374347
|gametype|singles
|player|p1|JesusFreakTW-003|101|1336
|player|p2|DDD951|2|1523
|teamsize|p1|6
|teamsize|p2|6
|gen|8
|tier|[Gen 8] UU
|rated|
|rule|Sleep Clause Mod: Limit one foe put to sleep
|rule|Species Clause: Limit one of each Pokémon
|rule|OHKO Clause: OHKO moves are banned
|rule|Evasion Items Clause: Evasion items are banned
|rule|Evasion Moves Clause: Evasion moves are banned
|rule|Endless Battle Clause: Forcing endless battles is banned
|rule|HP Percentage Mod: HP is shown in percentages
|rule|Dynamax Clause: You cannot dynamax
|clearpoke
|poke|p1|Venusaur, F|
|poke|p1|Torkoal, F|
|poke|p1|Darmanitan, M|
|poke|p1|Chansey, F|
|poke|p1|Conkeldurr, M|
|poke|p1|Celesteela|
|poke|p2|Scizor, M|
|poke|p2|Gyarados, M|
|poke|p2|Regieleki|
|poke|p2|Hydreigon, M|
|poke|p2|Tangrowth, F|
|poke|p2|Mamoswine, M|
|teampreview
|
|t:|1665374361
|start
|switch|p1a: Torkoal|Torkoal, F|100/100
|switch|p2a: Regieleki|Regieleki|100/100
|-weather|SunnyDay|[from] ability: Drought|[of] p1a: Torkoal
|turn|1
|inactive|Battle timer is ON: inactive players will automatically lose when time's up. (requested by JesusFreakTW-003)
|inactive|JesusFreakTW-003 has 120 seconds left.
|
|t:|1665374394
|switch|p1a: Chansey|Chansey, F|100/100
|move|p2a: Regieleki|Electro Ball|p1a: Chansey
|-damage|p1a: Chansey|69/100
|
|-weather|SunnyDay|[upkeep]
|upkeep
|turn|2
|
|t:|1665374401
|move|p2a: Regieleki|Rapid Spin|p1a: Chansey
|-damage|p1a: Chansey|63/100
|-boost|p2a: Regieleki|spe|1
|move|p1a: Chansey|Soft-Boiled|p1a: Chansey
|-heal|p1a: Chansey|100/100
|
|-weather|SunnyDay|[upkeep]
|upkeep
|turn|3
|
|t:|1665374409
|move|p2a: Regieleki|Volt Switch|p1a: Chansey
|-damage|p1a: Chansey|87/100
|
|t:|1665374415
|switch|p2a: Mamoswine|Mamoswine, M|100/100|[from]move: Volt Switch
|move|p1a: Chansey|Teleport|p1a: Chansey
|
|t:|1665374423
|switch|p1a: Darmanitan|Darmanitan, M|100/100|[from]move: Teleport
|
|-weather|SunnyDay|[upkeep]
|upkeep
|turn|4
|
|t:|1665374434
|switch|p2a: Hydreigon|Hydreigon, M|100/100
|move|p1a: Darmanitan|Flare Blitz|p2a: Hydreigon
|-resisted|p2a: Hydreigon
|-damage|p2a: Hydreigon|22/100
|-damage|p1a: Darmanitan|77/100|[from] Recoil
|
|-weather|SunnyDay|[upkeep]
|upkeep
|turn|5
|
|t:|1665374444
|switch|p1a: Chansey|Chansey, F|87/100
|move|p2a: Hydreigon|Dark Pulse|p1a: Chansey
|-damage|p1a: Chansey|68/100
|
|-weather|SunnyDay|[upkeep]
|upkeep
|turn|6
|
|t:|1665374452
|switch|p2a: Mamoswine|Mamoswine, M|100/100
|move|p1a: Chansey|Teleport|p1a: Chansey
|
|t:|1665374455
|switch|p1a: Darmanitan|Darmanitan, M|77/100|[from]move: Teleport
|
|-weather|SunnyDay|[upkeep]
|upkeep
|turn|7
|
|t:|1665374460
|switch|p2a: Hydreigon|Hydreigon, M|22/100
|move|p1a: Darmanitan|Flare Blitz|p2a: Hydreigon
|-resisted|p2a: Hydreigon
|-damage|p2a: Hydreigon|0 fnt
|faint|p2a: Hydreigon
|-damage|p1a: Darmanitan|70/100|[from] Recoil
|
|-weather|SunnyDay|[upkeep]
|upkeep
|
|t:|1665374468
|switch|p2a: Gyarados|Gyarados, M|100/100
|-ability|p2a: Gyarados|Intimidate|boost
|-unboost|p1a: Darmanitan|atk|1
|turn|8
|
|t:|1665374481
|switch|p1a: Conkeldurr|Conkeldurr, M|100/100
|move|p2a: Gyarados|Dragon Dance|p2a: Gyarados
|-boost|p2a: Gyarados|atk|1
|-boost|p2a: Gyarados|spe|1
|
|-weather|none
|-status|p1a: Conkeldurr|brn|[from] item: Flame Orb
|upkeep
|turn|9
|
|t:|1665374495
|switch|p1a: Torkoal|Torkoal, F|100/100
|-weather|SunnyDay|[from] ability: Drought|[of] p1a: Torkoal
|move|p2a: Gyarados|Substitute|p2a: Gyarados
|-start|p2a: Gyarados|Substitute
|-damage|p2a: Gyarados|76/100
|
|-weather|SunnyDay|[upkeep]
|-heal|p2a: Gyarados|82/100|[from] item: Leftovers
|upkeep
|turn|10
|inactive|JesusFreakTW-003 has 120 seconds left.
|
|t:|1665374536
|switch|p1a: Celesteela|Celesteela|100/100
|move|p2a: Gyarados|Dragon Dance|p2a: Gyarados
|-boost|p2a: Gyarados|atk|1
|-boost|p2a: Gyarados|spe|1
|
|-weather|SunnyDay|[upkeep]
|-heal|p2a: Gyarados|88/100|[from] item: Leftovers
|upkeep
|turn|11
|
|t:|1665374544
|move|p2a: Gyarados|Dragon Dance|p2a: Gyarados
|-boost|p2a: Gyarados|atk|1
|-boost|p2a: Gyarados|spe|1
|move|p1a: Celesteela|Meteor Beam||[still]
|-prepare|p1a: Celesteela|Meteor Beam
|-boost|p1a: Celesteela|spa|1
|-enditem|p1a: Celesteela|Power Herb
|-anim|p1a: Celesteela|Meteor Beam|p2a: Gyarados|[miss]
|-miss|p1a: Celesteela|p2a: Gyarados
|
|-weather|SunnyDay|[upkeep]
|-heal|p2a: Gyarados|94/100|[from] item: Leftovers
|upkeep
|turn|12
|
|t:|1665374554
|move|p2a: Gyarados|Bounce||[still]
|-prepare|p2a: Gyarados|Bounce
|move|p1a: Celesteela|Air Slash|p2a: Gyarados|[miss]
|-miss|p1a: Celesteela|p2a: Gyarados
|
|-weather|SunnyDay|[upkeep]
|-heal|p2a: Gyarados|99/100|[from] item: Leftovers
|upkeep
|turn|13
|
|t:|1665374560
|move|p2a: Gyarados|Bounce|p1a: Celesteela|[from]lockedmove
|-resisted|p1a: Celesteela
|-crit|p1a: Celesteela
|-damage|p1a: Celesteela|38/100
|move|p1a: Celesteela|Air Slash|p2a: Gyarados
|-end|p2a: Gyarados|Substitute
|
|-weather|SunnyDay|[upkeep]
|-heal|p2a: Gyarados|100/100|[from] item: Leftovers
|upkeep
|turn|14
|
|t:|1665374568
|move|p2a: Gyarados|Waterfall|p1a: Celesteela
|-damage|p1a: Celesteela|0 fnt
|faint|p1a: Celesteela
|
|-weather|SunnyDay|[upkeep]
|upkeep
|inactive|JesusFreakTW-003 has 120 seconds left.
|inactive|JesusFreakTW-003 has 90 seconds left.
|
|t:|1665374647
|switch|p1a: Chansey|Chansey, F|68/100
|turn|15
|
|t:|1665374652
|move|p2a: Gyarados|Substitute|p2a: Gyarados
|-start|p2a: Gyarados|Substitute
|-damage|p2a: Gyarados|76/100
|move|p1a: Chansey|Soft-Boiled|p1a: Chansey
|-heal|p1a: Chansey|100/100
|
|-weather|SunnyDay|[upkeep]
|-heal|p2a: Gyarados|82/100|[from] item: Leftovers
|upkeep
|turn|16
|
|t:|1665374659
|move|p2a: Gyarados|Bounce||[still]
|-prepare|p2a: Gyarados|Bounce
|move|p1a: Chansey|Seismic Toss|p2a: Gyarados|[miss]
|-miss|p1a: Chansey|p2a: Gyarados
|
|-weather|none
|-heal|p2a: Gyarados|88/100|[from] item: Leftovers
|upkeep
|turn|17
|
|t:|1665374665
|switch|p1a: Torkoal|Torkoal, F|100/100
|-weather|SunnyDay|[from] ability: Drought|[of] p1a: Torkoal
|move|p2a: Gyarados|Bounce|p1a: Torkoal|[from]lockedmove|[miss]
|-miss|p2a: Gyarados|p1a: Torkoal
|
|-weather|SunnyDay|[upkeep]
|-heal|p2a: Gyarados|94/100|[from] item: Leftovers
|upkeep
|turn|18
|
|t:|1665374674
|move|p2a: Gyarados|Dragon Dance|p2a: Gyarados
|-boost|p2a: Gyarados|atk|1
|-boost|p2a: Gyarados|spe|1
|move|p1a: Torkoal|Lava Plume|p2a: Gyarados
|-resisted|p2a: Gyarados
|-activate|p2a: Gyarados|move: Substitute|[damage]
|
|-weather|SunnyDay|[upkeep]
|-heal|p2a: Gyarados|99/100|[from] item: Leftovers
|upkeep
|turn|19
|
|t:|1665374682
|move|p2a: Gyarados|Dragon Dance|p2a: Gyarados
|-boost|p2a: Gyarados|atk|1
|-boost|p2a: Gyarados|spe|1
|move|p1a: Torkoal|Lava Plume|p2a: Gyarados
|-resisted|p2a: Gyarados
|-end|p2a: Gyarados|Substitute
|
|-weather|SunnyDay|[upkeep]
|-heal|p2a: Gyarados|100/100|[from] item: Leftovers
|upkeep
|turn|20
|
|t:|1665374694
|switch|p1a: Conkeldurr|Conkeldurr, M|100/100 brn
|move|p2a: Gyarados|Substitute|p2a: Gyarados
|-start|p2a: Gyarados|Substitute
|-damage|p2a: Gyarados|76/100
|
|-weather|SunnyDay|[upkeep]
|-heal|p2a: Gyarados|82/100|[from] item: Leftovers
|-damage|p1a: Conkeldurr|94/100 brn|[from] brn
|upkeep
|turn|21
|
|t:|1665374702
|move|p2a: Gyarados|Bounce||[still]
|-prepare|p2a: Gyarados|Bounce
|move|p1a: Conkeldurr|Knock Off|p2a: Gyarados|[miss]
|-miss|p1a: Conkeldurr|p2a: Gyarados
|
|-weather|SunnyDay|[upkeep]
|-heal|p2a: Gyarados|88/100|[from] item: Leftovers
|-damage|p1a: Conkeldurr|88/100 brn|[from] brn
|upkeep
|turn|22
|
|t:|1665374708
|move|p2a: Gyarados|Bounce|p1a: Conkeldurr|[from]lockedmove|[miss]
|-miss|p2a: Gyarados|p1a: Conkeldurr
|move|p1a: Conkeldurr|Knock Off|p2a: Gyarados
|-end|p2a: Gyarados|Substitute
|
|-weather|SunnyDay|[upkeep]
|-heal|p2a: Gyarados|94/100|[from] item: Leftovers
|-damage|p1a: Conkeldurr|82/100 brn|[from] brn
|upkeep
|turn|23
|
|t:|1665374717
|move|p1a: Conkeldurr|Mach Punch|p2a: Gyarados
|-resisted|p2a: Gyarados
|-crit|p2a: Gyarados
|-damage|p2a: Gyarados|66/100
|move|p2a: Gyarados|Bounce||[still]
|-prepare|p2a: Gyarados|Bounce
|
|-weather|SunnyDay|[upkeep]
|-heal|p2a: Gyarados|72/100|[from] item: Leftovers
|-damage|p1a: Conkeldurr|76/100 brn|[from] brn
|upkeep
|turn|24
|
|t:|1665374724
|move|p2a: Gyarados|Bounce|p1a: Conkeldurr|[from]lockedmove
|-supereffective|p1a: Conkeldurr
|-damage|p1a: Conkeldurr|0 fnt
|faint|p1a: Conkeldurr
|
|-weather|none
|-heal|p2a: Gyarados|78/100|[from] item: Leftovers
|upkeep
|
|t:|1665374727
|switch|p1a: Torkoal|Torkoal, F|100/100
|-weather|SunnyDay|[from] ability: Drought|[of] p1a: Torkoal
|turn|25
|
|t:|1665374741
|switch|p1a: Venusaur|Venusaur, F|100/100
|move|p2a: Gyarados|Substitute|p2a: Gyarados
|-start|p2a: Gyarados|Substitute
|-damage|p2a: Gyarados|53/100
|
|-weather|SunnyDay|[upkeep]
|-heal|p2a: Gyarados|59/100|[from] item: Leftovers
|upkeep
|turn|26
|
|t:|1665374749
|move|p2a: Gyarados|Bounce||[still]
|-prepare|p2a: Gyarados|Bounce
|move|p1a: Venusaur|Giga Drain|p2a: Gyarados|[miss]
|-miss|p1a: Venusaur|p2a: Gyarados
|
|-weather|SunnyDay|[upkeep]
|-heal|p2a: Gyarados|65/100|[from] item: Leftovers
|upkeep
|turn|27
|
|t:|1665374755
|move|p2a: Gyarados|Bounce|p1a: Venusaur|[from]lockedmove
|-supereffective|p1a: Venusaur
|-damage|p1a: Venusaur|0 fnt
|faint|p1a: Venusaur
|
|-weather|SunnyDay|[upkeep]
|-heal|p2a: Gyarados|71/100|[from] item: Leftovers
|upkeep
|
|t:|1665374762
|switch|p1a: Darmanitan|Darmanitan, M|70/100
|turn|28
|
|t:|1665374773
|move|p2a: Gyarados|Waterfall|p1a: Darmanitan
|-supereffective|p1a: Darmanitan
|-damage|p1a: Darmanitan|0 fnt
|faint|p1a: Darmanitan
|
|-weather|SunnyDay|[upkeep]
|-heal|p2a: Gyarados|77/100|[from] item: Leftovers
|upkeep
|
|t:|1665374781
|switch|p1a: Chansey|Chansey, F|100/100
|turn|29
|
|t:|1665374784
|move|p2a: Gyarados|Bounce||[still]
|-prepare|p2a: Gyarados|Bounce
|move|p1a: Chansey|Seismic Toss|p2a: Gyarados|[miss]
|-miss|p1a: Chansey|p2a: Gyarados
|
|-weather|SunnyDay|[upkeep]
|-heal|p2a: Gyarados|83/100|[from] item: Leftovers
|upkeep
|turn|30
|
|t:|1665374790
|move|p2a: Gyarados|Bounce|p1a: Chansey|[from]lockedmove
|-damage|p1a: Chansey|24/100
|move|p1a: Chansey|Seismic Toss|p2a: Gyarados
|-end|p2a: Gyarados|Substitute
|
|-weather|SunnyDay|[upkeep]
|-heal|p2a: Gyarados|90/100|[from] item: Leftovers
|upkeep
|turn|31
|
|t:|1665374800
|move|p2a: Gyarados|Waterfall|p1a: Chansey
|-damage|p1a: Chansey|0 fnt
|faint|p1a: Chansey
|
|-weather|SunnyDay|[upkeep]
|-heal|p2a: Gyarados|96/100|[from] item: Leftovers
|upkeep
|c|☆JesusFreakTW-003|gg cool set
|
|t:|1665374810
|switch|p1a: Torkoal|Torkoal, F|100/100
|turn|32
|c|☆DDD951|gg
|
|t:|1665374816
|move|p2a: Gyarados|Substitute|p2a: Gyarados
|-start|p2a: Gyarados|Substitute
|-damage|p2a: Gyarados|71/100
|move|p1a: Torkoal|Lava Plume|p2a: Gyarados
|-resisted|p2a: Gyarados
|-activate|p2a: Gyarados|move: Substitute|[damage]
|
|-weather|none
|-heal|p2a: Gyarados|77/100|[from] item: Leftovers
|upkeep
|turn|33
|
|t:|1665374824
|move|p2a: Gyarados|Waterfall|p1a: Torkoal
|-supereffective|p1a: Torkoal
|-damage|p1a: Torkoal|0 fnt
|faint|p1a: Torkoal
|
|win|DDD951
|raw|JesusFreakTW-003's rating: 1336 &rarr; <strong>1326</strong><br />(-10 for losing)
|raw|DDD951's rating: 1523 &rarr; <strong>1533</strong><br />(+10 for winning)
|l|☆JesusFreakTW-003
||Ladder isn't responding, score probably updated but might not have (Request timeout).
