|j|☆Xemnas80
|j|☆Wigglytoptier
|t:|1643664669
|gametype|singles
|player|p1|Xemnas80|beauty-gen4dp|1380
|player|p2|Wigglytoptier|backers|1336
|teamsize|p1|6
|teamsize|p2|6
|gen|8
|tier|[Gen 8] UU
|rated|
|rule|Sleep Clause Mod: Limit one foe put to sleep
|rule|Species Clause: Limit one of each Pokémon
|rule|OHKO Clause: OHKO moves are banned
|rule|Evasion Moves Clause: Evasion moves are banned
|rule|Endless Battle Clause: Forcing endless battles is banned
|rule|HP Percentage Mod: HP is shown in percentages
|rule|Dynamax Clause: You cannot dynamax
|clearpoke
|poke|p1|Tapu Bulu|
|poke|p1|Darmanitan, F|
|poke|p1|Swampert, F|
|poke|p1|Nihilego|
|poke|p1|Mandibuzz, F|
|poke|p1|Thundurus-Therian, M|
|poke|p2|Tangrowth, F|
|poke|p2|Mamoswine, F|
|poke|p2|Hydreigon, F|
|poke|p2|Keldeo-Resolute|
|poke|p2|Crobat, M|
|poke|p2|Jirachi|
|teampreview
|
|t:|1643664696
|start
|switch|p1a: Swampert|Swampert, F|100/100
|switch|p2a: Hydre des Enfers|Hydreigon, F|100/100
|turn|1
|
|t:|1643664702
|move|p2a: Hydre des Enfers|Draco Meteor|p1a: Swampert
|-crit|p1a: Swampert
|-damage|p1a: Swampert|6/100
|-unboost|p2a: Hydre des Enfers|spa|2
|move|p1a: Swampert|Stealth Rock|p2a: Hydre des Enfers
|-sidestart|p2: Wigglytoptier|move: Stealth Rock
|
|-heal|p1a: Swampert|12/100|[from] item: Leftovers
|upkeep
|turn|2
|
|t:|1643664719
|switch|p2a: Assassin des bois|Tangrowth, F|100/100
|-damage|p2a: Assassin des bois|88/100|[from] Stealth Rock
|move|p1a: Swampert|Toxic|p2a: Assassin des bois
|-status|p2a: Assassin des bois|tox
|
|-heal|p1a: Swampert|18/100|[from] item: Leftovers
|-damage|p2a: Assassin des bois|82/100 tox|[from] psn
|upkeep
|turn|3
|
|t:|1643664734
|switch|p1a: Mandibuzz|Mandibuzz, F|100/100
|move|p2a: Assassin des bois|Knock Off|p1a: Mandibuzz
|-resisted|p1a: Mandibuzz
|-damage|p1a: Mandibuzz|91/100
|-enditem|p1a: Mandibuzz|Heavy-Duty Boots|[from] move: Knock Off|[of] p2a: Assassin des bois
|
|-damage|p2a: Assassin des bois|70/100 tox|[from] psn
|upkeep
|turn|4
|
|t:|1643664744
|switch|p2a: Génie des Désirs|Jirachi|100/100
|-damage|p2a: Génie des Désirs|94/100|[from] Stealth Rock
|move|p1a: Mandibuzz|Taunt|p2a: Génie des Désirs
|-start|p2a: Génie des Désirs|move: Taunt
|
|-heal|p2a: Génie des Désirs|100/100|[from] item: Leftovers
|upkeep
|turn|5
|
|t:|1643664756
|move|p2a: Génie des Désirs|Iron Head|p1a: Mandibuzz
|-damage|p1a: Mandibuzz|69/100
|cant|p1a: Mandibuzz|flinch
|
|upkeep
|turn|6
|
|t:|1643664761
|switch|p1a: Darmanitan|Darmanitan, F|100/100
|move|p2a: Génie des Désirs|Iron Head|p1a: Darmanitan
|-resisted|p1a: Darmanitan
|-damage|p1a: Darmanitan|78/100
|
|-end|p2a: Génie des Désirs|move: Taunt
|upkeep
|turn|7
|
|t:|1643664768
|switch|p2a: Assassin des bois|Tangrowth, F|100/100 tox
|-damage|p2a: Assassin des bois|88/100 tox|[from] Stealth Rock
|move|p1a: Darmanitan|Flare Blitz|p2a: Assassin des bois
|-supereffective|p2a: Assassin des bois
|-damage|p2a: Assassin des bois|0 fnt
|-damage|p1a: Darmanitan|62/100|[from] item: Rocky Helmet|[of] p2a: Assassin des bois
|faint|p2a: Assassin des bois
|-damage|p1a: Darmanitan|29/100|[from] Recoil
|
|upkeep
|
|t:|1643664794
|switch|p2a: Cheval indomptable|Keldeo-Resolute|100/100
|-damage|p2a: Cheval indomptable|94/100|[from] Stealth Rock
|turn|8
|
|t:|1643664809
|switch|p1a: Swampert|Swampert, F|18/100
|move|p2a: Cheval indomptable|Calm Mind|p2a: Cheval indomptable
|-boost|p2a: Cheval indomptable|spa|1
|-boost|p2a: Cheval indomptable|spd|1
|
|-heal|p2a: Cheval indomptable|100/100|[from] item: Leftovers
|-heal|p1a: Swampert|25/100|[from] item: Leftovers
|upkeep
|turn|9
|
|t:|1643664818
|move|p2a: Cheval indomptable|Scald|p1a: Swampert
|-damage|p1a: Swampert|0 fnt
|faint|p1a: Swampert
|
|upkeep
|
|t:|1643664823
|switch|p1a: Tapu Bulu|Tapu Bulu|100/100
|-fieldstart|move: Grassy Terrain|[from] ability: Grassy Surge|[of] p1a: Tapu Bulu
|turn|10
|
|t:|1643664831
|switch|p2a: Gardien des nuages|Crobat, M|100/100
|move|p1a: Tapu Bulu|Horn Leech|p2a: Gardien des nuages
|-resisted|p2a: Gardien des nuages
|-damage|p2a: Gardien des nuages|87/100
|
|upkeep
|turn|11
|
|t:|1643664842
|switch|p1a: Thundurus|Thundurus-Therian, M|100/100
|move|p2a: Gardien des nuages|U-turn|p1a: Thundurus
|-resisted|p1a: Thundurus
|-damage|p1a: Thundurus|85/100
|inactive|Battle timer is ON: inactive players will automatically lose when time's up. (requested by Xemnas80)
|
|t:|1643664901
|switch|p2a: Doyen des Glaciers|Mamoswine, F|100/100|[from]move: U-turn
|-damage|p2a: Doyen des Glaciers|88/100|[from] Stealth Rock
|
|-heal|p2a: Doyen des Glaciers|94/100|[from] Grassy Terrain
|upkeep
|turn|12
|
|t:|1643664908
|move|p2a: Doyen des Glaciers|Ice Shard|p1a: Thundurus
|-supereffective|p1a: Thundurus
|-damage|p1a: Thundurus|0 fnt
|faint|p1a: Thundurus
|-damage|p2a: Doyen des Glaciers|84/100|[from] item: Life Orb
|
|-heal|p2a: Doyen des Glaciers|90/100|[from] Grassy Terrain
|upkeep
|
|t:|1643664915
|switch|p1a: Darmanitan|Darmanitan, F|29/100
|turn|13
|inactive|Wigglytoptier has 120 seconds left.
|inactive|Wigglytoptier has 90 seconds left.
|
|t:|1643664982
|move|p2a: Doyen des Glaciers|Ice Shard|p1a: Darmanitan
|-resisted|p1a: Darmanitan
|-damage|p1a: Darmanitan|6/100
|-damage|p2a: Doyen des Glaciers|80/100|[from] item: Life Orb
|move|p1a: Darmanitan|Flare Blitz|p2a: Doyen des Glaciers
|-supereffective|p2a: Doyen des Glaciers
|-damage|p2a: Doyen des Glaciers|0 fnt
|faint|p2a: Doyen des Glaciers
|-damage|p1a: Darmanitan|0 fnt|[from] Recoil
|faint|p1a: Darmanitan
|
|upkeep
|inactive|Wigglytoptier has 90 seconds left.
|
|t:|1643665000
|switch|p1a: Mandibuzz|Mandibuzz, F|69/100
|switch|p2a: Génie des Désirs|Jirachi|100/100
|-damage|p2a: Génie des Désirs|94/100|[from] Stealth Rock
|turn|14
|inactive|Wigglytoptier has 90 seconds left.
|
|t:|1643665023
|move|p2a: Génie des Désirs|Stealth Rock|p1a: Mandibuzz
|-sidestart|p1: Xemnas80|move: Stealth Rock
|move|p1a: Mandibuzz|Foul Play|p2a: Génie des Désirs
|-supereffective|p2a: Génie des Désirs
|-damage|p2a: Génie des Désirs|39/100
|
|-heal|p2a: Génie des Désirs|45/100|[from] Grassy Terrain
|-heal|p2a: Génie des Désirs|51/100|[from] item: Leftovers
|-fieldend|move: Grassy Terrain
|upkeep
|turn|15
|
|t:|1643665031
|switch|p2a: Hydre des Enfers|Hydreigon, F|100/100
|-damage|p2a: Hydre des Enfers|88/100|[from] Stealth Rock
|move|p1a: Mandibuzz|Roost|p1a: Mandibuzz
|-heal|p1a: Mandibuzz|100/100
|-singleturn|p1a: Mandibuzz|move: Roost
|
|upkeep
|turn|16
|
|t:|1643665048
|move|p2a: Hydre des Enfers|U-turn|p1a: Mandibuzz
|-crit|p1a: Mandibuzz
|-damage|p1a: Mandibuzz|82/100
|
|t:|1643665064
|switch|p2a: Cheval indomptable|Keldeo-Resolute|100/100|[from]move: U-turn
|-damage|p2a: Cheval indomptable|94/100|[from] Stealth Rock
|move|p1a: Mandibuzz|Foul Play|p2a: Cheval indomptable
|-resisted|p2a: Cheval indomptable
|-damage|p2a: Cheval indomptable|84/100
|-ability|p2a: Cheval indomptable|Justified|boost
|-boost|p2a: Cheval indomptable|atk|1
|
|-heal|p2a: Cheval indomptable|91/100|[from] item: Leftovers
|upkeep
|turn|17
|
|t:|1643665075
|switch|p1a: Tapu Bulu|Tapu Bulu|100/100
|-damage|p1a: Tapu Bulu|88/100|[from] Stealth Rock
|-fieldstart|move: Grassy Terrain|[from] ability: Grassy Surge|[of] p1a: Tapu Bulu
|move|p2a: Cheval indomptable|Calm Mind|p2a: Cheval indomptable
|-boost|p2a: Cheval indomptable|spa|1
|-boost|p2a: Cheval indomptable|spd|1
|
|-heal|p2a: Cheval indomptable|97/100|[from] Grassy Terrain
|-heal|p2a: Cheval indomptable|100/100|[from] item: Leftovers
|-heal|p1a: Tapu Bulu|94/100|[from] Grassy Terrain
|upkeep
|turn|18
|
|t:|1643665088
|switch|p2a: Gardien des nuages|Crobat, M|87/100
|move|p1a: Tapu Bulu|Bulk Up|p1a: Tapu Bulu
|-boost|p1a: Tapu Bulu|atk|1
|-boost|p1a: Tapu Bulu|def|1
|
|-heal|p1a: Tapu Bulu|100/100|[from] Grassy Terrain
|upkeep
|turn|19
|
|t:|1643665095
|move|p2a: Gardien des nuages|Brave Bird|p1a: Tapu Bulu
|-supereffective|p1a: Tapu Bulu
|-damage|p1a: Tapu Bulu|54/100
|-damage|p2a: Gardien des nuages|70/100|[from] item: Rocky Helmet|[of] p1a: Tapu Bulu
|-damage|p2a: Gardien des nuages|54/100|[from] Recoil
|move|p1a: Tapu Bulu|Bulk Up|p1a: Tapu Bulu
|-boost|p1a: Tapu Bulu|atk|1
|-boost|p1a: Tapu Bulu|def|1
|
|-heal|p1a: Tapu Bulu|61/100|[from] Grassy Terrain
|upkeep
|turn|20
|inactive|Wigglytoptier has 90 seconds left.
|
|t:|1643665106
|move|p2a: Gardien des nuages|Brave Bird|p1a: Tapu Bulu
|-supereffective|p1a: Tapu Bulu
|-damage|p1a: Tapu Bulu|29/100
|-damage|p2a: Gardien des nuages|37/100|[from] item: Rocky Helmet|[of] p1a: Tapu Bulu
|-damage|p2a: Gardien des nuages|26/100|[from] Recoil
|move|p1a: Tapu Bulu|Horn Leech|p2a: Gardien des nuages
|-resisted|p2a: Gardien des nuages
|-damage|p2a: Gardien des nuages|0 fnt
|-heal|p1a: Tapu Bulu|40/100|[from] drain|[of] p2a: Gardien des nuages
|faint|p2a: Gardien des nuages
|
|-heal|p1a: Tapu Bulu|47/100|[from] Grassy Terrain
|upkeep
|
|t:|1643665127
|switch|p2a: Génie des Désirs|Jirachi|51/100
|-damage|p2a: Génie des Désirs|45/100|[from] Stealth Rock
|turn|21
|
|t:|1643665131
|move|p2a: Génie des Désirs|Iron Head|p1a: Tapu Bulu
|-supereffective|p1a: Tapu Bulu
|-damage|p1a: Tapu Bulu|29/100
|-damage|p2a: Génie des Désirs|28/100|[from] item: Rocky Helmet|[of] p1a: Tapu Bulu
|move|p1a: Tapu Bulu|Horn Leech|p2a: Génie des Désirs
|-resisted|p2a: Génie des Désirs
|-damage|p2a: Génie des Désirs|0 fnt
|-heal|p1a: Tapu Bulu|46/100|[from] drain|[of] p2a: Génie des Désirs
|faint|p2a: Génie des Désirs
|
|-heal|p1a: Tapu Bulu|52/100|[from] Grassy Terrain
|-fieldend|move: Grassy Terrain
|upkeep
|
|t:|1643665142
|switch|p2a: Cheval indomptable|Keldeo-Resolute|100/100
|-damage|p2a: Cheval indomptable|94/100|[from] Stealth Rock
|turn|22
|
|t:|1643665145
|move|p2a: Cheval indomptable|Icy Wind|p1a: Tapu Bulu
|-supereffective|p1a: Tapu Bulu
|-damage|p1a: Tapu Bulu|9/100
|-unboost|p1a: Tapu Bulu|spe|1
|move|p1a: Tapu Bulu|Horn Leech|p2a: Cheval indomptable
|-supereffective|p2a: Cheval indomptable
|-damage|p2a: Cheval indomptable|0 fnt
|-heal|p1a: Tapu Bulu|53/100|[from] drain|[of] p2a: Cheval indomptable
|faint|p2a: Cheval indomptable
|
|upkeep
|-message|Wigglytoptier forfeited.
|
|win|Xemnas80
|raw|Xemnas80's rating: 1380 &rarr; <strong>1397</strong><br />(+17 for winning)
|raw|Wigglytoptier's rating: 1336 &rarr; <strong>1319</strong><br />(-17 for losing)
|c|☆Xemnas80|gg
|l|☆Wigglytoptier
||Ladder isn't responding, score probably updated but might not have (Request timeout).
