|j|☆Meow Tse Tung
|j|☆testjayef
|t:|1621918221
|gametype|singles
|player|p1|Meow Tse Tung|pokekid|1521
|player|p2|testjayef|176|1466
|teamsize|p1|6
|teamsize|p2|6
|gen|8
|tier|[Gen 8] UU
|rated|
|rule|Sleep Clause Mod: Limit one foe put to sleep
|rule|Species Clause: Limit one of each Pokémon
|rule|OHKO Clause: OHKO moves are banned
|rule|Evasion Moves Clause: Evasion moves are banned
|rule|Endless Battle Clause: Forcing endless battles is banned
|rule|HP Percentage Mod: HP is shown in percentages
|rule|Dynamax Clause: You cannot dynamax
|clearpoke
|poke|p1|Volcanion|
|poke|p1|Mienshao, M|
|poke|p1|Thundurus, M|
|poke|p1|Krookodile, F|
|poke|p1|Aegislash, F|
|poke|p1|Gyarados, M|
|poke|p2|Tangrowth, M|
|poke|p2|Tentacruel, F|
|poke|p2|Celesteela|
|poke|p2|Krookodile, F|
|poke|p2|Kommo-o, M|
|poke|p2|Nihilego|
|teampreview
|j| ChandosH
|inactive|Battle timer is ON: inactive players will automatically lose when time's up. (requested by Meow Tse Tung)
|
|t:|1621918303
|start
|switch|p1a: meow tse tung|Mienshao, M|100/100
|switch|p2a: Tangrowth|Tangrowth, M|100/100
|turn|1
|
|t:|1621918327
|move|p1a: meow tse tung|Knock Off|p2a: Tangrowth
|-damage|p2a: Tangrowth|78/100
|-damage|p1a: meow tse tung|84/100|[from] item: Rocky Helmet|[of] p2a: Tangrowth
|-enditem|p2a: Tangrowth|Rocky Helmet|[from] move: Knock Off|[of] p1a: meow tse tung
|-damage|p1a: meow tse tung|74/100|[from] item: Life Orb
|move|p2a: Tangrowth|Sleep Powder|p1a: meow tse tung
|-status|p1a: meow tse tung|slp|[from] move: Sleep Powder
|
|upkeep
|turn|2
|
|t:|1621918336
|cant|p1a: meow tse tung|slp
|move|p2a: Tangrowth|Leech Seed|p1a: meow tse tung|[miss]
|-miss|p2a: Tangrowth|p1a: meow tse tung
|
|upkeep
|turn|3
|
|t:|1621918341
|cant|p1a: meow tse tung|slp
|move|p2a: Tangrowth|Leech Seed|p1a: meow tse tung
|-start|p1a: meow tse tung|move: Leech Seed
|
|-damage|p1a: meow tse tung|62/100 slp|[from] Leech Seed|[of] p2a: Tangrowth
|-heal|p2a: Tangrowth|86/100|[silent]
|upkeep
|turn|4
|
|t:|1621918350
|switch|p1a: butt plug|Thundurus, M|100/100
|move|p2a: Tangrowth|Sleep Powder|p1a: butt plug
|-message|Sleep Clause Mod activated.
|
|upkeep
|turn|5
|
|t:|1621918375
|switch|p2a: Nihilego|Nihilego|100/100
|move|p1a: butt plug|Sludge Bomb|p2a: Nihilego
|-resisted|p2a: Nihilego
|-damage|p2a: Nihilego|95/100
|
|upkeep
|turn|6
|
|t:|1621918383
|switch|p1a: bitey witey|Krookodile, F|100/100
|-ability|p1a: bitey witey|Intimidate|boost
|-unboost|p2a: Nihilego|atk|1
|move|p2a: Nihilego|Power Gem|p1a: bitey witey
|-resisted|p1a: bitey witey
|-damage|p1a: bitey witey|68/100
|
|upkeep
|turn|7
|
|t:|1621918391
|switch|p2a: Tangrowth|Tangrowth, M|100/100
|move|p1a: bitey witey|Stealth Rock|p2a: Tangrowth
|-sidestart|p2: testjayef|move: Stealth Rock
|
|upkeep
|turn|8
|
|t:|1621918396
|switch|p1a: steamy weamy|Volcanion|100/100
|move|p2a: Tangrowth|Leech Seed|p1a: steamy weamy
|-start|p1a: steamy weamy|move: Leech Seed
|
|-damage|p1a: steamy weamy|88/100|[from] Leech Seed|[of] p2a: Tangrowth
|upkeep
|turn|9
|
|t:|1621918403
|switch|p1a: butt plug|Thundurus, M|100/100
|switch|p2a: Tentacruel|Tentacruel, F|100/100
|-damage|p2a: Tentacruel|88/100|[from] Stealth Rock
|
|-heal|p2a: Tentacruel|94/100|[from] item: Black Sludge
|upkeep
|turn|10
|
|t:|1621918423
|switch|p2a: Krookodile|Krookodile, F|100/100
|-damage|p2a: Krookodile|94/100|[from] Stealth Rock
|-ability|p2a: Krookodile|Intimidate|boost
|-unboost|p1a: butt plug|atk|1
|-ability|p1a: butt plug|Defiant
|-boost|p1a: butt plug|atk|2
|move|p1a: butt plug|Thunderbolt|p2a: Krookodile
|-immune|p2a: Krookodile
|
|upkeep
|turn|11
|
|t:|1621918439
|switch|p1a: bitey witey|Krookodile, F|68/100
|-ability|p1a: bitey witey|Intimidate|boost
|-unboost|p2a: Krookodile|atk|1
|switch|p2a: Tangrowth|Tangrowth, M|100/100
|-damage|p2a: Tangrowth|88/100|[from] Stealth Rock
|
|upkeep
|turn|12
|
|t:|1621918447
|switch|p1a: butt plug|Thundurus, M|100/100
|move|p2a: Tangrowth|Leech Seed|p1a: butt plug
|-start|p1a: butt plug|move: Leech Seed
|
|-damage|p1a: butt plug|88/100|[from] Leech Seed|[of] p2a: Tangrowth
|-heal|p2a: Tangrowth|97/100|[silent]
|upkeep
|turn|13
|
|t:|1621918456
|switch|p2a: Tentacruel|Tentacruel, F|94/100
|-damage|p2a: Tentacruel|82/100|[from] Stealth Rock
|move|p1a: butt plug|U-turn|p2a: Tentacruel
|-resisted|p2a: Tentacruel
|-damage|p2a: Tentacruel|71/100
|
|t:|1621918463
|switch|p1a: bitey witey|Krookodile, F|68/100|[from]move: U-turn
|-ability|p1a: bitey witey|Intimidate|boost
|-unboost|p2a: Tentacruel|atk|1
|
|-heal|p2a: Tentacruel|77/100|[from] item: Black Sludge
|upkeep
|turn|14
|
|t:|1621918470
|switch|p1a: butt plug|Thundurus, M|88/100
|switch|p2a: Tangrowth|Tangrowth, M|100/100
|-damage|p2a: Tangrowth|88/100|[from] Stealth Rock
|
|upkeep
|turn|15
|
|t:|1621918486
|switch|p2a: Nihilego|Nihilego|95/100
|-damage|p2a: Nihilego|83/100|[from] Stealth Rock
|move|p1a: butt plug|Sludge Bomb|p2a: Nihilego
|-resisted|p2a: Nihilego
|-damage|p2a: Nihilego|77/100
|
|upkeep
|turn|16
|
|t:|1621918500
|move|p2a: Nihilego|Power Gem|p1a: butt plug
|-supereffective|p1a: butt plug
|-crit|p1a: butt plug
|-damage|p1a: butt plug|0 fnt
|faint|p1a: butt plug
|-ability|p2a: Nihilego|Beast Boost|boost
|-boost|p2a: Nihilego|spa|1
|
|upkeep
|
|t:|1621918509
|switch|p1a: slashy bashy|Aegislash, F|100/100
|turn|17
|
|t:|1621918513
|switch|p2a: Celesteela|Celesteela|100/100
|-damage|p2a: Celesteela|88/100|[from] Stealth Rock
|-formechange|p1a: slashy bashy|Aegislash-Blade||[from] ability: Stance Change
|move|p1a: slashy bashy|Close Combat|p2a: Celesteela
|-damage|p2a: Celesteela|60/100
|-unboost|p1a: slashy bashy|def|1
|-unboost|p1a: slashy bashy|spd|1
|
|-heal|p2a: Celesteela|66/100|[from] item: Leftovers
|upkeep
|turn|18
|
|t:|1621918524
|move|p1a: slashy bashy|Shadow Ball|p2a: Celesteela
|-damage|p2a: Celesteela|26/100
|move|p2a: Celesteela|Leech Seed|p1a: slashy bashy
|-start|p1a: slashy bashy|move: Leech Seed
|
|-heal|p2a: Celesteela|32/100|[from] item: Leftovers
|-damage|p1a: slashy bashy|88/100|[from] Leech Seed|[of] p2a: Celesteela
|-heal|p2a: Celesteela|40/100|[silent]
|upkeep
|turn|19
|
|t:|1621918534
|switch|p1a: steamy weamy|Volcanion|88/100
|switch|p2a: Tentacruel|Tentacruel, F|77/100
|-damage|p2a: Tentacruel|64/100|[from] Stealth Rock
|
|-heal|p2a: Tentacruel|70/100|[from] item: Black Sludge
|upkeep
|turn|20
|
|t:|1621918543
|switch|p1a: slashy bashy|Aegislash, F|88/100
|move|p2a: Tentacruel|Rapid Spin|p1a: slashy bashy
|-immune|p1a: slashy bashy
|
|-heal|p2a: Tentacruel|76/100|[from] item: Black Sludge
|upkeep
|turn|21
|
|t:|1621918550
|-formechange|p1a: slashy bashy|Aegislash-Blade||[from] ability: Stance Change
|move|p1a: slashy bashy|Shadow Ball|p2a: Tentacruel
|-damage|p2a: Tentacruel|43/100
|move|p2a: Tentacruel|Toxic Spikes|p1a: slashy bashy
|-sidestart|p1: Meow Tse Tung|move: Toxic Spikes
|
|-heal|p2a: Tentacruel|49/100|[from] item: Black Sludge
|upkeep
|turn|22
|
|t:|1621918563
|move|p1a: slashy bashy|Shadow Ball|p2a: Tentacruel
|-damage|p2a: Tentacruel|19/100
|move|p2a: Tentacruel|Scald|p1a: slashy bashy
|-damage|p1a: slashy bashy|32/100
|-status|p1a: slashy bashy|brn
|
|-heal|p2a: Tentacruel|25/100|[from] item: Black Sludge
|-damage|p1a: slashy bashy|26/100 brn|[from] brn
|upkeep
|turn|23
|
|t:|1621918576
|switch|p2a: Krookodile|Krookodile, F|94/100
|-damage|p2a: Krookodile|88/100|[from] Stealth Rock
|-ability|p2a: Krookodile|Intimidate|boost
|-unboost|p1a: slashy bashy|atk|1
|move|p1a: slashy bashy|Shadow Ball|p2a: Krookodile
|-resisted|p2a: Krookodile
|-damage|p2a: Krookodile|55/100
|
|-damage|p1a: slashy bashy|20/100 brn|[from] brn
|upkeep
|turn|24
|
|t:|1621918593
|move|p2a: Krookodile|Knock Off|p1a: slashy bashy
|-supereffective|p1a: slashy bashy
|-damage|p1a: slashy bashy|0 fnt
|-enditem|p1a: slashy bashy|Spell Tag|[from] move: Knock Off|[of] p2a: Krookodile
|faint|p1a: slashy bashy
|
|upkeep
|
|t:|1621918610
|switch|p1a: meow tse tung|Mienshao, M|95/100 slp
|turn|25
|
|t:|1621918619
|cant|p1a: meow tse tung|slp
|move|p2a: Krookodile|Stealth Rock|p1a: meow tse tung
|-sidestart|p1: Meow Tse Tung|move: Stealth Rock
|
|upkeep
|turn|26
|
|t:|1621918636
|switch|p2a: Tangrowth|Tangrowth, M|100/100
|-damage|p2a: Tangrowth|88/100|[from] Stealth Rock
|-curestatus|p1a: meow tse tung|slp|[msg]
|move|p1a: meow tse tung|U-turn|p2a: Tangrowth
|-supereffective|p2a: Tangrowth
|-damage|p2a: Tangrowth|57/100
|-damage|p1a: meow tse tung|85/100|[from] item: Life Orb
|
|t:|1621918639
|switch|p1a: steamy weamy|Volcanion|88/100|[from]move: U-turn
|
|upkeep
|turn|27
|
|t:|1621918649
|switch|p2a: Tentacruel|Tentacruel, F|25/100
|-damage|p2a: Tentacruel|13/100|[from] Stealth Rock
|move|p1a: steamy weamy|Defog|p2a: Tentacruel
|-unboost|p2a: Tentacruel|evasion|1
|-sideend|p2: testjayef|Stealth Rock|[from] move: Defog|[of] p1a: steamy weamy
|-sideend|p1: Meow Tse Tung|Toxic Spikes|[from] move: Defog|[of] p1a: steamy weamy
|-sideend|p1: Meow Tse Tung|Stealth Rock|[from] move: Defog|[of] p1a: steamy weamy
|
|-heal|p2a: Tentacruel|19/100|[from] item: Black Sludge
|upkeep
|turn|28
|
|t:|1621918678
|move|p1a: steamy weamy|Steam Eruption|p2a: Tentacruel
|-resisted|p2a: Tentacruel
|-crit|p2a: Tentacruel
|-damage|p2a: Tentacruel|0 fnt
|faint|p2a: Tentacruel
|
|upkeep
|
|t:|1621918684
|switch|p2a: Nihilego|Nihilego|77/100
|turn|29
|
|t:|1621918690
|switch|p1a: bitey witey|Krookodile, F|68/100
|-ability|p1a: bitey witey|Intimidate|boost
|-unboost|p2a: Nihilego|atk|1
|move|p2a: Nihilego|Power Gem|p1a: bitey witey
|-resisted|p1a: bitey witey
|-damage|p1a: bitey witey|35/100
|
|upkeep
|turn|30
|
|t:|1621918699
|switch|p2a: Celesteela|Celesteela|40/100
|move|p1a: bitey witey|Stealth Rock|p2a: Celesteela
|-sidestart|p2: testjayef|move: Stealth Rock
|
|-heal|p2a: Celesteela|46/100|[from] item: Leftovers
|upkeep
|turn|31
|
|t:|1621918706
|switch|p1a: meow tse tung|Mienshao, M|100/100
|move|p2a: Celesteela|Leech Seed|p1a: meow tse tung
|-start|p1a: meow tse tung|move: Leech Seed
|
|-heal|p2a: Celesteela|53/100|[from] item: Leftovers
|-damage|p1a: meow tse tung|88/100|[from] Leech Seed|[of] p2a: Celesteela
|-heal|p2a: Celesteela|61/100|[silent]
|upkeep
|turn|32
|j| avarice
|
|t:|1621918714
|switch|p1a: steamy weamy|Volcanion|88/100
|switch|p2a: Tangrowth|Tangrowth, M|90/100
|-damage|p2a: Tangrowth|78/100|[from] Stealth Rock
|
|upkeep
|turn|33
|c| avarice|is this pif or mengy
|c|☆Meow Tse Tung|pif
|inactive|testjayef has 120 seconds left.
|
|t:|1621918744
|switch|p2a: Kommo-o|Kommo-o, M|100/100
|-damage|p2a: Kommo-o|94/100|[from] Stealth Rock
|move|p1a: steamy weamy|Flamethrower|p2a: Kommo-o
|-resisted|p2a: Kommo-o
|-damage|p2a: Kommo-o|69/100
|
|upkeep
|turn|34
|inactive|testjayef has 120 seconds left.
|
|t:|1621918756
|move|p2a: Kommo-o|Drain Punch|p1a: steamy weamy
|-damage|p1a: steamy weamy|54/100
|-heal|p2a: Kommo-o|86/100|[from] drain|[of] p1a: steamy weamy
|move|p1a: steamy weamy|Sludge Wave|p2a: Kommo-o
|-damage|p2a: Kommo-o|49/100
|
|upkeep
|turn|35
|inactive|testjayef has 120 seconds left.
|
|t:|1621918775
|move|p2a: Kommo-o|Drain Punch|p1a: steamy weamy
|-damage|p1a: steamy weamy|21/100
|-heal|p2a: Kommo-o|66/100|[from] drain|[of] p1a: steamy weamy
|move|p1a: steamy weamy|Sludge Wave|p2a: Kommo-o
|-damage|p2a: Kommo-o|30/100
|
|upkeep
|turn|36
|inactive|testjayef has 120 seconds left.
|
|t:|1621918793
|switch|p1a: snek snekkerson|Gyarados, M|100/100
|-ability|p1a: snek snekkerson|Intimidate|boost
|-unboost|p2a: Kommo-o|atk|1
|move|p2a: Kommo-o|Drain Punch|p1a: snek snekkerson
|-resisted|p1a: snek snekkerson
|-damage|p1a: snek snekkerson|88/100
|-heal|p2a: Kommo-o|38/100|[from] drain|[of] p1a: snek snekkerson
|
|upkeep
|turn|37
|
|t:|1621918801
|switch|p2a: Tangrowth|Tangrowth, M|100/100
|-damage|p2a: Tangrowth|88/100|[from] Stealth Rock
|move|p1a: snek snekkerson|Dragon Dance|p1a: snek snekkerson
|-boost|p1a: snek snekkerson|atk|1
|-boost|p1a: snek snekkerson|spe|1
|
|upkeep
|turn|38
|
|t:|1621918813
|move|p1a: snek snekkerson|Dragon Dance|p1a: snek snekkerson
|-boost|p1a: snek snekkerson|atk|1
|-boost|p1a: snek snekkerson|spe|1
|move|p2a: Tangrowth|Leech Seed|p1a: snek snekkerson
|-start|p1a: snek snekkerson|move: Leech Seed
|
|-damage|p1a: snek snekkerson|76/100|[from] Leech Seed|[of] p2a: Tangrowth
|-heal|p2a: Tangrowth|99/100|[silent]
|upkeep
|turn|39
|
|t:|1621918821
|move|p1a: snek snekkerson|Dragon Dance|p1a: snek snekkerson
|-boost|p1a: snek snekkerson|atk|1
|-boost|p1a: snek snekkerson|spe|1
|move|p2a: Tangrowth|Knock Off|p1a: snek snekkerson
|-damage|p1a: snek snekkerson|54/100
|-enditem|p1a: snek snekkerson|Heavy-Duty Boots|[from] move: Knock Off|[of] p2a: Tangrowth
|
|-damage|p1a: snek snekkerson|42/100|[from] Leech Seed|[of] p2a: Tangrowth
|-heal|p2a: Tangrowth|100/100|[silent]
|upkeep
|turn|40
|
|t:|1621918829
|move|p1a: snek snekkerson|Rest|p1a: snek snekkerson
|-status|p1a: snek snekkerson|slp|[from] move: Rest
|-heal|p1a: snek snekkerson|100/100 slp|[silent]
|move|p2a: Tangrowth|Sleep Powder|p1a: snek snekkerson
|-fail|p1a: snek snekkerson|slp
|
|-damage|p1a: snek snekkerson|88/100 slp|[from] Leech Seed|[of] p2a: Tangrowth
|upkeep
|turn|41
|
|t:|1621918841
|switch|p2a: Krookodile|Krookodile, F|55/100
|-damage|p2a: Krookodile|49/100|[from] Stealth Rock
|-ability|p2a: Krookodile|Intimidate|boost
|-unboost|p1a: snek snekkerson|atk|1
|cant|p1a: snek snekkerson|slp
|move|p1a: snek snekkerson|Sleep Talk|p1a: snek snekkerson
|move|p1a: snek snekkerson|Waterfall|p2a: Krookodile|[from]move: Sleep Talk
|-supereffective|p2a: Krookodile
|-damage|p2a: Krookodile|0 fnt
|faint|p2a: Krookodile
|
|upkeep
|
|t:|1621918852
|switch|p2a: Celesteela|Celesteela|61/100
|-damage|p2a: Celesteela|48/100|[from] Stealth Rock
|turn|42
|
|t:|1621918857
|cant|p1a: snek snekkerson|slp
|move|p1a: snek snekkerson|Sleep Talk|p1a: snek snekkerson
|move|p1a: snek snekkerson|Rest||[from]move: Sleep Talk|[still]
|-fail|p1a: snek snekkerson
|move|p2a: Celesteela|Stone Edge|p1a: snek snekkerson
|-supereffective|p1a: snek snekkerson
|-crit|p1a: snek snekkerson
|-damage|p1a: snek snekkerson|8/100 slp
|
|-heal|p2a: Celesteela|55/100|[from] item: Leftovers
|-damage|p1a: snek snekkerson|0 fnt|[from] Leech Seed|[of] p2a: Celesteela
|-heal|p2a: Celesteela|62/100|[silent]
|faint|p1a: snek snekkerson
|upkeep
|
|t:|1621918871
|switch|p1a: meow tse tung|Mienshao, M|100/100
|turn|43
|
|t:|1621918887
|move|p1a: meow tse tung|Close Combat|p2a: Celesteela
|-damage|p2a: Celesteela|2/100
|-unboost|p1a: meow tse tung|def|1
|-unboost|p1a: meow tse tung|spd|1
|-damage|p1a: meow tse tung|91/100|[from] item: Life Orb
|move|p2a: Celesteela|Earthquake|p1a: meow tse tung
|-damage|p1a: meow tse tung|17/100
|
|-heal|p2a: Celesteela|8/100|[from] item: Leftovers
|upkeep
|turn|44
|
|t:|1621918906
|move|p1a: meow tse tung|Knock Off|p2a: Celesteela
|-damage|p2a: Celesteela|0 fnt
|-enditem|p2a: Celesteela|Leftovers|[from] move: Knock Off|[of] p1a: meow tse tung
|faint|p2a: Celesteela
|-damage|p1a: meow tse tung|8/100|[from] item: Life Orb
|
|upkeep
|
|t:|1621918916
|switch|p2a: Nihilego|Nihilego|77/100
|-damage|p2a: Nihilego|65/100|[from] Stealth Rock
|turn|45
|
|t:|1621918926
|switch|p1a: bitey witey|Krookodile, F|35/100
|-ability|p1a: bitey witey|Intimidate|boost
|-unboost|p2a: Nihilego|atk|1
|move|p2a: Nihilego|Sludge Wave|p1a: bitey witey
|-resisted|p1a: bitey witey
|-damage|p1a: bitey witey|0 fnt
|faint|p1a: bitey witey
|-ability|p2a: Nihilego|Beast Boost|boost
|-boost|p2a: Nihilego|spa|1
|
|upkeep
|-message|Meow Tse Tung forfeited.
|
|win|testjayef
|raw|Meow Tse Tung's rating: 1521 &rarr; <strong>1498</strong><br />(-23 for losing)
|raw|testjayef's rating: 1466 &rarr; <strong>1489</strong><br />(+23 for winning)
|c|☆testjayef|gg
