|j|☆1IsAnOddishNumber
|j|☆pokemonisfun
|t:|1649551082
|gametype|singles
|player|p1|1IsAnOddishNumber|170|1341
|player|p2|pokemonisfun|#uutrio2ladder|1812
|teamsize|p1|6
|teamsize|p2|6
|gen|8
|tier|[Gen 8] UU
|rated|
|rule|Sleep Clause Mod: Limit one foe put to sleep
|rule|Species Clause: Limit one of each Pokémon
|rule|OHKO Clause: OHKO moves are banned
|rule|Evasion Moves Clause: Evasion moves are banned
|rule|Endless Battle Clause: Forcing endless battles is banned
|rule|HP Percentage Mod: HP is shown in percentages
|rule|Dynamax Clause: You cannot dynamax
|clearpoke
|poke|p1|Stakataka|
|poke|p1|Hatterene, F|
|poke|p1|Slowbro-Galar, M|
|poke|p1|Marowak-Alola, M|
|poke|p1|Porygon2|
|poke|p1|Cresselia, F|
|poke|p2|Chansey, F|
|poke|p2|Hippowdon, M|
|poke|p2|Skarmory, F|
|poke|p2|Hatterene, F|
|poke|p2|Starmie|
|poke|p2|Tangrowth, M|
|teampreview
|inactive|Battle timer is ON: inactive players will automatically lose when time's up. (requested by 1IsAnOddishNumber)
|inactive|pokemonisfun has 120 seconds left.
|j| Permission Slip
|inactive|pokemonisfun has 90 seconds left.
|j| Hydreigon > Latias
|
|t:|1649551149
|start
|switch|p1a: Hatterene|Hatterene, F|100/100
|switch|p2a: tang ur wang|Tangrowth, M|100/100
|turn|1
|
|t:|1649551153
|move|p2a: tang ur wang|Knock Off|p1a: Hatterene
|-damage|p1a: Hatterene|79/100
|-enditem|p1a: Hatterene|Focus Sash|[from] move: Knock Off|[of] p2a: tang ur wang
|move|p1a: Hatterene|Trick Room|p1a: Hatterene
|-fieldstart|move: Trick Room|[of] p1a: Hatterene
|
|upkeep
|turn|2
|
|t:|1649551156
|move|p1a: Hatterene|Misty Explosion|p2a: tang ur wang
|-damage|p2a: tang ur wang|42/100
|faint|p1a: Hatterene
|move|p2a: tang ur wang|Sludge Bomb|p1: Hatterene|[notarget]
|-fail|p2a: tang ur wang
|
|upkeep
|
|t:|1649551164
|switch|p1a: Slowbro|Slowbro-Galar, M|100/100
|turn|3
|
|t:|1649551179
|switch|p2a: give her a chanse|Chansey, F|100/100
|move|p1a: Slowbro|Nasty Plot|p1a: Slowbro
|-boost|p1a: Slowbro|spa|2
|
|upkeep
|turn|4
|
|t:|1649551182
|move|p1a: Slowbro|Nasty Plot|p1a: Slowbro
|-boost|p1a: Slowbro|spa|2
|move|p2a: give her a chanse|Seismic Toss|p1a: Slowbro
|-damage|p1a: Slowbro|75/100
|
|upkeep
|turn|5
|-activate|p1a: Slowbro|ability: Quick Draw
|
|t:|1649551192
|move|p1a: Slowbro|Psyshock|p2a: give her a chanse
|-damage|p2a: give her a chanse|28/100
|move|p2a: give her a chanse|Seismic Toss|p1a: Slowbro
|-damage|p1a: Slowbro|50/100
|
|-fieldend|move: Trick Room
|upkeep
|turn|6
|j|+Men...gy
|-activate|p1a: Slowbro|ability: Quick Draw
|
|t:|1649551202
|move|p1a: Slowbro|Psyshock|p2a: give her a chanse
|-damage|p2a: give her a chanse|0 fnt
|faint|p2a: give her a chanse
|
|upkeep
|l| Permission Slip
|
|t:|1649551220
|switch|p2a: hip(po)s don't lie|Hippowdon, M|100/100
|-weather|Sandstorm|[from] ability: Sand Stream|[of] p2a: hip(po)s don't lie
|turn|7
|-activate|p1a: Slowbro|item: Quick Claw
|
|t:|1649551227
|move|p1a: Slowbro|Flamethrower|p2a: hip(po)s don't lie
|-damage|p2a: hip(po)s don't lie|15/100
|move|p2a: hip(po)s don't lie|Earthquake|p1a: Slowbro
|-supereffective|p1a: Slowbro
|-damage|p1a: Slowbro|0 fnt
|faint|p1a: Slowbro
|
|-weather|Sandstorm|[upkeep]
|-heal|p2a: hip(po)s don't lie|21/100|[from] item: Leftovers
|upkeep
|c|+Men...gy|oh nice username
|c|+Men...gy|I mean
|c|☆pokemonisfun|thanks
|c|+Men...gy|well nice username but nice hippo name
|
|t:|1649551255
|switch|p1a: Porygon2|Porygon2|100/100
|-ability|p1a: Porygon2|Sand Stream|[from] ability: Trace|[of] p2a: hip(po)s don't lie
|turn|8
|
|t:|1649551260
|move|p1a: Porygon2|Ice Beam|p2a: hip(po)s don't lie
|-supereffective|p2a: hip(po)s don't lie
|-damage|p2a: hip(po)s don't lie|0 fnt
|faint|p2a: hip(po)s don't lie
|
|-weather|Sandstorm|[upkeep]
|-damage|p1a: Porygon2|94/100|[from] Sandstorm
|upkeep
|c| Hydreigon > Latias|hips dont lie
|c|+Men...gy|instead of tang ur wang why not just wanggrowth
|j| Dunoks
|j| jiffypeanutbutter
|
|t:|1649551282
|switch|p2a: sturdy birdy|Skarmory, F|100/100
|turn|9
|
|t:|1649551287
|move|p2a: sturdy birdy|Iron Defense|p2a: sturdy birdy
|-boost|p2a: sturdy birdy|def|2
|move|p1a: Porygon2|Ice Beam|p2a: sturdy birdy
|-damage|p2a: sturdy birdy|70/100
|
|-weather|Sandstorm|[upkeep]
|-damage|p1a: Porygon2|88/100|[from] Sandstorm
|upkeep
|turn|10
|
|t:|1649551299
|move|p2a: sturdy birdy|Body Press|p1a: Porygon2
|-supereffective|p1a: Porygon2
|-damage|p1a: Porygon2|26/100
|move|p1a: Porygon2|Trick Room|p1a: Porygon2
|-fieldstart|move: Trick Room|[of] p1a: Porygon2
|
|-weather|Sandstorm|[upkeep]
|-damage|p1a: Porygon2|19/100|[from] Sandstorm
|upkeep
|turn|11
|
|t:|1649551306
|switch|p1a: Marowak|Marowak-Alola, M|100/100
|move|p2a: sturdy birdy|Roost|p2a: sturdy birdy
|-heal|p2a: sturdy birdy|100/100
|-singleturn|p2a: sturdy birdy|move: Roost
|
|-weather|none
|upkeep
|turn|12
|
|t:|1649551310
|move|p1a: Marowak|Swords Dance|p1a: Marowak
|-boost|p1a: Marowak|atk|2
|move|p2a: sturdy birdy|Iron Defense|p2a: sturdy birdy
|-boost|p2a: sturdy birdy|def|2
|
|upkeep
|turn|13
|
|t:|1649551313
|move|p1a: Marowak|Flare Blitz|p2a: sturdy birdy
|-supereffective|p2a: sturdy birdy
|-damage|p2a: sturdy birdy|21/100
|-status|p2a: sturdy birdy|brn
|-damage|p1a: Marowak|84/100|[from] item: Rocky Helmet|[of] p2a: sturdy birdy
|move|p2a: sturdy birdy|Iron Defense|p2a: sturdy birdy
|-boost|p2a: sturdy birdy|def|2
|
|-damage|p2a: sturdy birdy|15/100 brn|[from] brn
|upkeep
|turn|14
|
|t:|1649551326
|move|p1a: Marowak|Flare Blitz|p2a: sturdy birdy
|-supereffective|p2a: sturdy birdy
|-damage|p2a: sturdy birdy|0 fnt
|-damage|p1a: Marowak|68/100|[from] item: Rocky Helmet|[of] p2a: sturdy birdy
|faint|p2a: sturdy birdy
|
|-fieldend|move: Trick Room
|upkeep
|inactive|pokemonisfun has 120 seconds left.
|
|t:|1649551352
|switch|p2a: tang ur wang|Tangrowth, M|75/100
|turn|15
|
|t:|1649551358
|switch|p1a: Porygon2|Porygon2|19/100
|-ability|p1a: Porygon2|Regenerator|[from] ability: Trace|[of] p2a: tang ur wang
|move|p2a: tang ur wang|Knock Off|p1a: Porygon2
|-damage|p1a: Porygon2|10/100
|-enditem|p1a: Porygon2|Eviolite|[from] move: Knock Off|[of] p2a: tang ur wang
|
|upkeep
|turn|16
|j| Nightingales
|
|t:|1649551362
|move|p2a: tang ur wang|Giga Drain|p1a: Porygon2
|-damage|p1a: Porygon2|0 fnt
|-heal|p2a: tang ur wang|79/100|[from] drain|[of] p1a: Porygon2
|faint|p1a: Porygon2
|
|upkeep
|
|t:|1649551364
|switch|p1a: Cresselia|Cresselia, F|100/100
|turn|17
|
|t:|1649551376
|move|p2a: tang ur wang|Leech Seed|p1a: Cresselia
|-start|p1a: Cresselia|move: Leech Seed
|move|p1a: Cresselia|Trick Room|p1a: Cresselia
|-fieldstart|move: Trick Room|[of] p1a: Cresselia
|
|-damage|p1a: Cresselia|88/100|[from] Leech Seed|[of] p2a: tang ur wang
|-heal|p2a: tang ur wang|93/100|[silent]
|upkeep
|turn|18
|
|t:|1649551386
|move|p2a: tang ur wang|Giga Drain|p1a: Cresselia
|-damage|p1a: Cresselia|74/100
|-heal|p2a: tang ur wang|100/100|[from] drain|[of] p1a: Cresselia
|move|p1a: Cresselia|Lunar Dance|p1a: Cresselia
|faint|p1a: Cresselia
|
|upkeep
|
|t:|1649551388
|switch|p1a: Marowak|Marowak-Alola, M|68/100
|-heal|p1a: Marowak|100/100|[from] move: Lunar Dance
|turn|19
|
|t:|1649551396
|switch|p2a: bizarre star|Starmie|100/100
|move|p1a: Marowak|Flare Blitz|p2a: bizarre star
|-resisted|p2a: bizarre star
|-damage|p2a: bizarre star|42/100
|
|upkeep
|turn|20
|
|t:|1649551403
|switch|p2a: tit for hat|Hatterene, F|100/100
|move|p1a: Marowak|Flare Blitz|p2a: tit for hat
|-damage|p2a: tit for hat|26/100
|
|-heal|p2a: tit for hat|32/100|[from] item: Leftovers
|upkeep
|turn|21
|
|t:|1649551413
|move|p1a: Marowak|Flare Blitz|p2a: tit for hat
|-damage|p2a: tit for hat|0 fnt
|faint|p2a: tit for hat
|
|-fieldend|move: Trick Room
|upkeep
|c| Nightingales|that fuckin name lol
|
|t:|1649551419
|switch|p2a: bizarre star|Starmie|42/100
|turn|22
|
|t:|1649551423
|move|p2a: bizarre star|Scald|p1a: Marowak
|-supereffective|p1a: Marowak
|-damage|p1a: Marowak|27/100
|move|p1a: Marowak|Poltergeist|p2a: bizarre star
|-activate|p2a: bizarre star|move: Poltergeist|Heavy-Duty Boots
|-supereffective|p2a: bizarre star
|-damage|p2a: bizarre star|0 fnt
|faint|p2a: bizarre star
|
|upkeep
|
|t:|1649551426
|switch|p2a: tang ur wang|Tangrowth, M|100/100
|turn|23
|
|t:|1649551430
|switch|p1a: Stakataka|Stakataka|100/100
|move|p2a: tang ur wang|Knock Off|p1a: Stakataka
|-damage|p1a: Stakataka|89/100
|-enditem|p1a: Stakataka|Life Orb|[from] move: Knock Off|[of] p2a: tang ur wang
|
|upkeep
|turn|24
|
|t:|1649551436
|move|p2a: tang ur wang|Leech Seed|p1a: Stakataka
|-start|p1a: Stakataka|move: Leech Seed
|move|p1a: Stakataka|Trick Room|p1a: Stakataka
|-fieldstart|move: Trick Room|[of] p1a: Stakataka
|
|-damage|p1a: Stakataka|76/100|[from] Leech Seed|[of] p2a: tang ur wang
|upkeep
|turn|25
|
|t:|1649551441
|move|p1a: Stakataka|Heat Crash|p2a: tang ur wang
|-supereffective|p2a: tang ur wang
|-damage|p2a: tang ur wang|37/100
|-damage|p1a: Stakataka|60/100|[from] item: Rocky Helmet|[of] p2a: tang ur wang
|move|p2a: tang ur wang|Knock Off|p1a: Stakataka
|-damage|p1a: Stakataka|50/100
|
|-damage|p1a: Stakataka|38/100|[from] Leech Seed|[of] p2a: tang ur wang
|-heal|p2a: tang ur wang|47/100|[silent]
|upkeep
|turn|26
|c|☆1IsAnOddishNumber|gg
|
|t:|1649551449
|move|p1a: Stakataka|Heat Crash|p2a: tang ur wang
|-supereffective|p2a: tang ur wang
|-damage|p2a: tang ur wang|0 fnt
|-damage|p1a: Stakataka|22/100|[from] item: Rocky Helmet|[of] p2a: tang ur wang
|faint|p2a: tang ur wang
|
|win|1IsAnOddishNumber
|raw|1IsAnOddishNumber's rating: 1341 &rarr; <strong>1379</strong><br />(+38 for winning)
|raw|pokemonisfun's rating: 1812 &rarr; <strong>1774</strong><br />(-38 for losing)
|c|☆pokemonisfun|gg
|l| Nightingales
|c|+Men...gy|I think saving mie might of had been better?
|l| Dunoks
|j| SpacialRendevous
|j| ultrasecrettesting
||Ladder isn't responding, score probably updated but might not have (Request timeout).
