|j|☆UULT92q Fak
|j|☆pif
|t:|1652236449
|gametype|singles
|player|p1|UULT92q Fak|akari|1377
|player|p2|pif|#uutrio2ladder|1677
|teamsize|p1|6
|teamsize|p2|6
|gen|8
|tier|[Gen 8] UU
|rated|
|rule|Sleep Clause Mod: Limit one foe put to sleep
|rule|Species Clause: Limit one of each Pokémon
|rule|OHKO Clause: OHKO moves are banned
|rule|Evasion Moves Clause: Evasion moves are banned
|rule|Endless Battle Clause: Forcing endless battles is banned
|rule|HP Percentage Mod: HP is shown in percentages
|rule|Dynamax Clause: You cannot dynamax
|clearpoke
|poke|p1|Chansey, F|
|poke|p1|Cobalion|
|poke|p1|Mamoswine, F|
|poke|p1|Thundurus-Therian, M|
|poke|p1|Primarina, M|
|poke|p1|Mandibuzz, F|
|poke|p2|Scrafty, M|
|poke|p2|Zygarde-10%|
|poke|p2|Slowking, M|
|poke|p2|Celebi|
|poke|p2|Moltres|
|poke|p2|Registeel|
|teampreview
|
|t:|1652236478
|start
|switch|p1a: Thundurus|Thundurus-Therian, M|100/100
|switch|p2a: funion onion|Celebi|100/100
|turn|1
|inactive|Battle timer is ON: inactive players will automatically lose when time's up. (requested by UULT92q Fak)
|j| Dovahllin
|
|t:|1652236483
|move|p1a: Thundurus|Knock Off|p2a: funion onion
|-supereffective|p2a: funion onion
|-damage|p2a: funion onion|57/100
|-enditem|p2a: funion onion|Leftovers|[from] move: Knock Off|[of] p1a: Thundurus
|move|p2a: funion onion|Stealth Rock|p1a: Thundurus
|-sidestart|p1: UULT92q Fak|move: Stealth Rock
|
|upkeep
|turn|2
|
|t:|1652236489
|move|p1a: Thundurus|Volt Switch|p2a: funion onion
|-resisted|p2a: funion onion
|-damage|p2a: funion onion|36/100
|
|t:|1652236491
|switch|p1a: Cobalion|Cobalion|100/100|[from]move: Volt Switch
|-damage|p1a: Cobalion|97/100|[from] Stealth Rock
|move|p2a: funion onion|Recover|p2a: funion onion
|-heal|p2a: funion onion|86/100
|
|upkeep
|turn|3
|
|t:|1652236497
|move|p1a: Cobalion|Stealth Rock|p2a: funion onion
|-sidestart|p2: pif|move: Stealth Rock
|move|p2a: funion onion|Psychic|p1a: Cobalion
|-damage|p1a: Cobalion|43/100
|
|upkeep
|turn|4
|
|t:|1652236500
|move|p1a: Cobalion|Volt Switch|p2a: funion onion
|-resisted|p2a: funion onion
|-damage|p2a: funion onion|79/100
|
|t:|1652236504
|switch|p1a: Mandibuzz|Mandibuzz, F|100/100|[from]move: Volt Switch
|move|p2a: funion onion|Recover|p2a: funion onion
|-heal|p2a: funion onion|100/100
|
|upkeep
|turn|5
|
|t:|1652236507
|switch|p2a: think PINK|Slowking, M|100/100
|-damage|p2a: think PINK|88/100|[from] Stealth Rock
|move|p1a: Mandibuzz|U-turn|p2a: think PINK
|-supereffective|p2a: think PINK
|-damage|p2a: think PINK|71/100
|
|t:|1652236510
|switch|p1a: Thundurus|Thundurus-Therian, M|100/100|[from]move: U-turn
|
|upkeep
|turn|6
|
|t:|1652236514
|move|p1a: Thundurus|Volt Switch|p2a: think PINK
|-supereffective|p2a: think PINK
|-damage|p2a: think PINK|8/100
|
|t:|1652236517
|switch|p1a: Mandibuzz|Mandibuzz, F|100/100|[from]move: Volt Switch
|move|p2a: think PINK|Slack Off|p2a: think PINK
|-heal|p2a: think PINK|58/100
|
|upkeep
|turn|7
|
|t:|1652236521
|move|p1a: Mandibuzz|U-turn|p2a: think PINK
|-supereffective|p2a: think PINK
|-damage|p2a: think PINK|43/100
|
|t:|1652236523
|switch|p1a: Thundurus|Thundurus-Therian, M|100/100|[from]move: U-turn
|move|p2a: think PINK|Teleport|p2a: think PINK
|
|t:|1652236529
|switch|p2a: Zygarde-10% off|Zygarde-10%|100/100|[from]move: Teleport
|-damage|p2a: Zygarde-10% off|94/100|[from] Stealth Rock
|-ability|p2a: Zygarde-10% off|Aura Break
|
|upkeep
|turn|8
|
|t:|1652236535
|switch|p1a: Mandibuzz|Mandibuzz, F|100/100
|move|p2a: Zygarde-10% off|Thousand Arrows|p1a: Mandibuzz
|-damage|p1a: Mandibuzz|63/100
|-start|p1a: Mandibuzz|Smack Down
|
|upkeep
|turn|9
|
|t:|1652236540
|switch|p2a: think PINK|Slowking, M|76/100
|-damage|p2a: think PINK|63/100|[from] Stealth Rock
|move|p1a: Mandibuzz|Roost|p1a: Mandibuzz
|-heal|p1a: Mandibuzz|100/100
|-singleturn|p1a: Mandibuzz|move: Roost
|
|upkeep
|turn|10
|
|t:|1652236545
|move|p1a: Mandibuzz|Foul Play|p2a: think PINK
|-supereffective|p2a: think PINK
|-enditem|p2a: think PINK|Colbur Berry|[eat]
|-enditem|p2a: think PINK|Colbur Berry|[weaken]
|-damage|p2a: think PINK|49/100
|move|p2a: think PINK|Slack Off|p2a: think PINK
|-heal|p2a: think PINK|99/100
|
|upkeep
|turn|11
|
|t:|1652236549
|move|p1a: Mandibuzz|U-turn|p2a: think PINK
|-supereffective|p2a: think PINK
|-damage|p2a: think PINK|82/100
|
|t:|1652236553
|switch|p1a: Primarina|Primarina, M|100/100|[from]move: U-turn
|-damage|p1a: Primarina|88/100|[from] Stealth Rock
|move|p2a: think PINK|Scald|p1a: Primarina
|-resisted|p1a: Primarina
|-damage|p1a: Primarina|77/100
|
|-heal|p1a: Primarina|83/100|[from] item: Leftovers
|upkeep
|turn|12
|
|t:|1652236557
|move|p1a: Primarina|Moonblast|p2a: think PINK
|-damage|p2a: think PINK|50/100
|move|p2a: think PINK|Teleport|p2a: think PINK
|
|t:|1652236563
|switch|p2a: stanky clanky|Registeel|100/100|[from]move: Teleport
|-damage|p2a: stanky clanky|94/100|[from] Stealth Rock
|
|-heal|p1a: Primarina|90/100|[from] item: Leftovers
|upkeep
|turn|13
|
|t:|1652236570
|switch|p1a: Cobalion|Cobalion|43/100
|-damage|p1a: Cobalion|40/100|[from] Stealth Rock
|move|p2a: stanky clanky|Iron Defense|p2a: stanky clanky
|-boost|p2a: stanky clanky|def|2
|
|upkeep
|turn|14
|
|t:|1652236576
|move|p1a: Cobalion|Close Combat|p2a: stanky clanky
|-supereffective|p2a: stanky clanky
|-damage|p2a: stanky clanky|68/100
|-unboost|p1a: Cobalion|def|1
|-unboost|p1a: Cobalion|spd|1
|move|p2a: stanky clanky|Amnesia|p2a: stanky clanky
|-boost|p2a: stanky clanky|spd|2
|
|upkeep
|turn|15
|
|t:|1652236584
|move|p1a: Cobalion|Volt Switch|p2a: stanky clanky
|-damage|p2a: stanky clanky|64/100
|
|t:|1652236585
|switch|p1a: Thundurus|Thundurus-Therian, M|100/100|[from]move: Volt Switch
|move|p2a: stanky clanky|Rest|p2a: stanky clanky
|-status|p2a: stanky clanky|slp|[from] move: Rest
|-heal|p2a: stanky clanky|100/100 slp|[silent]
|-enditem|p2a: stanky clanky|Chesto Berry|[eat]
|-curestatus|p2a: stanky clanky|slp|[msg]
|
|upkeep
|turn|16
|
|t:|1652236594
|move|p1a: Thundurus|Volt Switch|p2a: stanky clanky
|-damage|p2a: stanky clanky|86/100
|
|t:|1652236600
|switch|p1a: Mamoswine|Mamoswine, F|100/100|[from]move: Volt Switch
|-damage|p1a: Mamoswine|88/100|[from] Stealth Rock
|move|p2a: stanky clanky|Body Press|p1a: Mamoswine
|-supereffective|p1a: Mamoswine
|-crit|p1a: Mamoswine
|-damage|p1a: Mamoswine|0 fnt
|faint|p1a: Mamoswine
|
|upkeep
|
|t:|1652236603
|switch|p1a: Primarina|Primarina, M|90/100
|-damage|p1a: Primarina|77/100|[from] Stealth Rock
|turn|17
|
|t:|1652236609
|move|p1a: Primarina|Scald|p2a: stanky clanky
|-damage|p2a: stanky clanky|75/100
|-status|p2a: stanky clanky|brn
|move|p2a: stanky clanky|Amnesia|p2a: stanky clanky
|-boost|p2a: stanky clanky|spd|2
|
|-heal|p1a: Primarina|83/100|[from] item: Leftovers
|-damage|p2a: stanky clanky|69/100 brn|[from] brn
|upkeep
|turn|18
|
|t:|1652236615
|switch|p1a: Cobalion|Cobalion|40/100
|-damage|p1a: Cobalion|36/100|[from] Stealth Rock
|move|p2a: stanky clanky|Iron Defense|p2a: stanky clanky
|-boost|p2a: stanky clanky|def|2
|
|-damage|p2a: stanky clanky|63/100 brn|[from] brn
|upkeep
|turn|19
|
|t:|1652236618
|move|p1a: Cobalion|Volt Switch|p2a: stanky clanky
|-damage|p2a: stanky clanky|60/100 brn
|
|t:|1652236629
|switch|p1a: Primarina|Primarina, M|83/100|[from]move: Volt Switch
|-damage|p1a: Primarina|71/100|[from] Stealth Rock
|move|p2a: stanky clanky|Body Press|p1a: Primarina
|-resisted|p1a: Primarina
|-damage|p1a: Primarina|47/100
|
|-heal|p1a: Primarina|53/100|[from] item: Leftovers
|-damage|p2a: stanky clanky|54/100 brn|[from] brn
|upkeep
|turn|20
|
|t:|1652236634
|switch|p1a: Cobalion|Cobalion|36/100
|-damage|p1a: Cobalion|33/100|[from] Stealth Rock
|move|p2a: stanky clanky|Rest|p2a: stanky clanky
|-status|p2a: stanky clanky|slp|[from] move: Rest
|-heal|p2a: stanky clanky|100/100 slp|[silent]
|
|upkeep
|turn|21
|
|t:|1652236637
|move|p1a: Cobalion|Close Combat|p2a: stanky clanky
|-supereffective|p2a: stanky clanky
|-damage|p2a: stanky clanky|83/100 slp
|-unboost|p1a: Cobalion|def|1
|-unboost|p1a: Cobalion|spd|1
|cant|p2a: stanky clanky|slp
|
|upkeep
|turn|22
|
|t:|1652236646
|move|p1a: Cobalion|Close Combat|p2a: stanky clanky
|-supereffective|p2a: stanky clanky
|-damage|p2a: stanky clanky|67/100 slp
|-unboost|p1a: Cobalion|def|1
|-unboost|p1a: Cobalion|spd|1
|cant|p2a: stanky clanky|slp
|
|upkeep
|turn|23
|
|t:|1652236648
|move|p1a: Cobalion|Close Combat|p2a: stanky clanky
|-supereffective|p2a: stanky clanky
|-damage|p2a: stanky clanky|49/100 slp
|-unboost|p1a: Cobalion|def|1
|-unboost|p1a: Cobalion|spd|1
|-curestatus|p2a: stanky clanky|slp|[msg]
|move|p2a: stanky clanky|Body Press|p1a: Cobalion
|-supereffective|p1a: Cobalion
|-damage|p1a: Cobalion|0 fnt
|-damage|p2a: stanky clanky|32/100|[from] item: Rocky Helmet|[of] p1a: Cobalion
|faint|p1a: Cobalion
|
|upkeep
|
|t:|1652236654
|switch|p1a: Chansey|Chansey, F|100/100
|-damage|p1a: Chansey|88/100|[from] Stealth Rock
|turn|24
|
|t:|1652236658
|move|p2a: stanky clanky|Body Press|p1a: Chansey
|-supereffective|p1a: Chansey
|-damage|p1a: Chansey|0 fnt
|faint|p1a: Chansey
|
|upkeep
|
|t:|1652236661
|switch|p1a: Thundurus|Thundurus-Therian, M|100/100
|turn|25
|
|t:|1652236670
|move|p1a: Thundurus|Incinerate|p2a: stanky clanky
|-supereffective|p2a: stanky clanky
|-damage|p2a: stanky clanky|21/100
|move|p2a: stanky clanky|Rest|p2a: stanky clanky
|-status|p2a: stanky clanky|slp|[from] move: Rest
|-heal|p2a: stanky clanky|100/100 slp|[silent]
|
|upkeep
|turn|26
|-message|UULT92q Fak forfeited.
|
|win|pif
|raw|UULT92q Fak's rating: 1377 &rarr; <strong>1371</strong><br />(-6 for losing)
|raw|pif's rating: 1677 &rarr; <strong>1683</strong><br />(+6 for winning)
|l|☆UULT92q Fak
