|j|☆esqimo589
|j|☆nukeman2025
|t:|1662239327
|gametype|singles
|player|p1|esqimo589|n|1264
|player|p2|nukeman2025|266|1229
|teamsize|p1|6
|teamsize|p2|6
|gen|8
|tier|[Gen 8] UU
|rated|
|rule|Sleep Clause Mod: Limit one foe put to sleep
|rule|Species Clause: Limit one of each Pokémon
|rule|OHKO Clause: OHKO moves are banned
|rule|Evasion Items Clause: Evasion items are banned
|rule|Evasion Moves Clause: Evasion moves are banned
|rule|Endless Battle Clause: Forcing endless battles is banned
|rule|HP Percentage Mod: HP is shown in percentages
|rule|Dynamax Clause: You cannot dynamax
|clearpoke
|poke|p1|Slowbro-Galar, F|
|poke|p1|Diggersby, M|
|poke|p1|Cobalion|
|poke|p1|Tangrowth, F|
|poke|p1|Salamence, F|
|poke|p1|Primarina, M|
|poke|p2|Azelf|
|poke|p2|Nihilego|
|poke|p2|Conkeldurr, M|
|poke|p2|Thundurus-Therian, M|
|poke|p2|Ditto|
|poke|p2|Salamence, M|
|teampreview
|inactive|Battle timer is ON: inactive players will automatically lose when time's up. (requested by esqimo589)
|
|t:|1662239336
|start
|switch|p1a: big chungus|Diggersby, M|100/100
|switch|p2a: Azelf|Azelf|100/100
|turn|1
|
|t:|1662239342
|move|p1a: big chungus|U-turn|p2a: Azelf
|-supereffective|p2a: Azelf
|-damage|p2a: Azelf|16/100
|
|t:|1662239348
|switch|p1a: tangrussy|Tangrowth, F|100/100|[from]move: U-turn
|move|p2a: Azelf|Stealth Rock|p1a: tangrussy
|-sidestart|p1: esqimo589|move: Stealth Rock
|
|upkeep
|turn|2
|
|t:|1662239356
|move|p2a: Azelf|Knock Off|p1a: tangrussy
|-damage|p1a: tangrussy|78/100
|-enditem|p1a: tangrussy|Assault Vest|[from] move: Knock Off|[of] p2a: Azelf
|move|p1a: tangrussy|Knock Off|p2a: Azelf
|-supereffective|p2a: Azelf
|-damage|p2a: Azelf|0 fnt
|-enditem|p2a: Azelf|Focus Sash|[from] move: Knock Off|[of] p1a: tangrussy
|faint|p2a: Azelf
|
|upkeep
|
|t:|1662239366
|switch|p2a: Thundurus|Thundurus-Therian, M|100/100
|turn|3
|
|t:|1662239373
|switch|p1a: goat|Cobalion|100/100
|-damage|p1a: goat|97/100|[from] Stealth Rock
|move|p2a: Thundurus|Sludge Wave|p1a: goat
|-immune|p1a: goat
|
|upkeep
|turn|4
|
|t:|1662239381
|switch|p1a: big chungus|Diggersby, M|100/100
|-damage|p1a: big chungus|94/100|[from] Stealth Rock
|move|p2a: Thundurus|Thunderbolt|p1a: big chungus
|-immune|p1a: big chungus
|
|upkeep
|turn|5
|
|t:|1662239393
|switch|p2a: Ditto|Ditto, shiny|100/100
|-transform|p2a: Ditto|p1a: big chungus|[from] ability: Imposter
|move|p1a: big chungus|U-turn|p2a: Ditto
|-damage|p2a: Ditto|57/100
|
|t:|1662239407
|switch|p1a: whiteeyesbluedrag|Salamence, F|100/100|[from]move: U-turn
|-ability|p1a: whiteeyesbluedrag|Intimidate|boost
|-unboost|p2a: Ditto|atk|1
|
|upkeep
|turn|6
|
|t:|1662239412
|switch|p1a: quack|Primarina, M|100/100
|-damage|p1a: quack|88/100|[from] Stealth Rock
|move|p2a: Ditto|Ice Punch|p1a: quack
|-resisted|p1a: quack
|-damage|p1a: quack|77/100
|
|-heal|p1a: quack|83/100|[from] item: Leftovers
|upkeep
|turn|7
|
|t:|1662239420
|switch|p2a: Conkeldurr|Conkeldurr, M|100/100
|move|p1a: quack|Scald|p2a: Conkeldurr
|-damage|p2a: Conkeldurr|63/100
|
|-heal|p1a: quack|89/100|[from] item: Leftovers
|-status|p2a: Conkeldurr|brn|[from] item: Flame Orb
|upkeep
|turn|8
|
|t:|1662239428
|move|p1a: quack|Moonblast|p2a: Conkeldurr
|-supereffective|p2a: Conkeldurr
|-damage|p2a: Conkeldurr|0 fnt
|faint|p2a: Conkeldurr
|
|-heal|p1a: quack|95/100|[from] item: Leftovers
|upkeep
|
|t:|1662239437
|switch|p2a: Thundurus|Thundurus-Therian, M|100/100
|turn|9
|
|t:|1662239446
|switch|p1a: big chungus|Diggersby, M|94/100
|-damage|p1a: big chungus|88/100|[from] Stealth Rock
|move|p2a: Thundurus|Thunderbolt|p1a: big chungus
|-immune|p1a: big chungus
|
|upkeep
|turn|10
|
|t:|1662239457
|move|p1a: big chungus|U-turn|p2a: Thundurus
|-resisted|p2a: Thundurus
|-damage|p2a: Thundurus|80/100
|
|t:|1662239477
|switch|p1a: tangrussy|Tangrowth, F|100/100|[from]move: U-turn
|-damage|p1a: tangrussy|88/100|[from] Stealth Rock
|move|p2a: Thundurus|Psychic|p1a: tangrussy
|-damage|p1a: tangrussy|55/100
|
|upkeep
|turn|11
|
|t:|1662239486
|move|p2a: Thundurus|Sludge Wave|p1a: tangrussy
|-supereffective|p1a: tangrussy
|-damage|p1a: tangrussy|0 fnt
|faint|p1a: tangrussy
|
|upkeep
|
|t:|1662239489
|switch|p1a: goat|Cobalion|97/100
|-damage|p1a: goat|94/100|[from] Stealth Rock
|turn|12
|
|t:|1662239495
|move|p1a: goat|Stone Edge|p2a: Thundurus
|-supereffective|p2a: Thundurus
|-damage|p2a: Thundurus|1/100
|move|p2a: Thundurus|Psychic|p1a: goat
|-damage|p1a: goat|48/100
|
|upkeep
|turn|13
|
|t:|1662239500
|switch|p2a: Ditto|Ditto, shiny|57/100
|-transform|p2a: Ditto|p1a: goat|[from] ability: Imposter
|move|p1a: goat|Close Combat|p2a: Ditto
|-supereffective|p2a: Ditto
|-damage|p2a: Ditto|0 fnt
|-unboost|p1a: goat|def|1
|-unboost|p1a: goat|spd|1
|faint|p2a: Ditto
|
|upkeep
|c|☆esqimo589|lol
|n|!nukeman2025|nukeman2025
|
|t:|1662239521
|switch|p2a: Salamence|Salamence, M|100/100
|turn|14
|
|t:|1662239527
|move|p2a: Salamence|Dual Wingbeat|p1a: goat
|-crit|p1a: goat
|-damage|p1a: goat|4/100
|-damage|p2a: Salamence|84/100|[from] item: Rocky Helmet|[of] p1a: goat
|-damage|p1a: goat|0 fnt
|-damage|p2a: Salamence|67/100|[from] item: Rocky Helmet|[of] p1a: goat
|faint|p1a: goat
|-ability|p2a: Salamence|Moxie|boost
|-boost|p2a: Salamence|atk|1
|-hitcount|p1: goat|2
|
|upkeep
|
|t:|1662239538
|switch|p1a: whiteeyesbluedrag|Salamence, F|100/100
|-ability|p1a: whiteeyesbluedrag|Intimidate|boost
|-unboost|p2a: Salamence|atk|1
|turn|15
|
|t:|1662239542
|move|p2a: Salamence|Dual Wingbeat|p1a: whiteeyesbluedrag
|-damage|p1a: whiteeyesbluedrag|78/100
|-damage|p1a: whiteeyesbluedrag|57/100
|-hitcount|p1a: whiteeyesbluedrag|2
|move|p1a: whiteeyesbluedrag|Hurricane|p2a: Salamence|[miss]
|-miss|p1a: whiteeyesbluedrag|p2a: Salamence
|
|upkeep
|turn|16
|
|t:|1662239552
|switch|p2a: Thundurus|Thundurus-Therian, M|1/100
|move|p1a: whiteeyesbluedrag|Roost|p1a: whiteeyesbluedrag
|-heal|p1a: whiteeyesbluedrag|100/100
|-singleturn|p1a: whiteeyesbluedrag|move: Roost
|
|upkeep
|turn|17
|
|t:|1662239559
|move|p2a: Thundurus|Thunderbolt|p1a: whiteeyesbluedrag
|-damage|p1a: whiteeyesbluedrag|52/100
|move|p1a: whiteeyesbluedrag|Flamethrower|p2a: Thundurus
|-damage|p2a: Thundurus|0 fnt
|faint|p2a: Thundurus
|
|upkeep
|
|t:|1662239566
|switch|p2a: Nihilego|Nihilego|100/100
|turn|18
|
|t:|1662239571
|switch|p1a: big chungus|Diggersby, M|88/100
|-damage|p1a: big chungus|82/100|[from] Stealth Rock
|move|p2a: Nihilego|Power Gem|p1a: big chungus
|-resisted|p1a: big chungus
|-damage|p1a: big chungus|48/100
|-damage|p2a: Nihilego|91/100|[from] item: Life Orb
|
|upkeep
|turn|19
|
|t:|1662239578
|move|p1a: big chungus|Earthquake|p2a: Nihilego
|-supereffective|p2a: Nihilego
|-damage|p2a: Nihilego|0 fnt
|faint|p2a: Nihilego
|
|upkeep
|
|t:|1662239582
|switch|p2a: Salamence|Salamence, M|67/100
|turn|20
|
|t:|1662239588
|switch|p1a: quack|Primarina, M|95/100
|-damage|p1a: quack|83/100|[from] Stealth Rock
|move|p2a: Salamence|Dual Wingbeat|p1a: quack
|-damage|p1a: quack|59/100
|-damage|p1a: quack|37/100
|-hitcount|p1a: quack|2
|
|-heal|p1a: quack|43/100|[from] item: Leftovers
|upkeep
|turn|21
|
|t:|1662239596
|move|p2a: Salamence|Dual Wingbeat|p1a: quack
|-damage|p1a: quack|22/100
|-damage|p1a: quack|0 fnt
|faint|p1a: quack
|-ability|p2a: Salamence|Moxie|boost
|-boost|p2a: Salamence|atk|1
|-hitcount|p1: quack|2
|
|upkeep
|
|t:|1662239599
|switch|p1a: whiteeyesbluedrag|Salamence, F|52/100
|-ability|p1a: whiteeyesbluedrag|Intimidate|boost
|-unboost|p2a: Salamence|atk|1
|turn|22
|
|t:|1662239606
|move|p2a: Salamence|Dual Wingbeat|p1a: whiteeyesbluedrag
|-crit|p1a: whiteeyesbluedrag
|-damage|p1a: whiteeyesbluedrag|20/100
|-damage|p1a: whiteeyesbluedrag|0 fnt
|faint|p1a: whiteeyesbluedrag
|-ability|p2a: Salamence|Moxie|boost
|-boost|p2a: Salamence|atk|1
|-hitcount|p1: whiteeyesbluedrag|2
|
|upkeep
|
|t:|1662239609
|switch|p1a: headache|Slowbro-Galar, F|100/100
|-damage|p1a: headache|88/100|[from] Stealth Rock
|turn|23
|
|t:|1662239617
|move|p2a: Salamence|Dual Wingbeat|p1a: headache
|-damage|p1a: headache|66/100
|-damage|p1a: headache|45/100
|-hitcount|p1a: headache|2
|move|p1a: headache|Sludge Bomb|p2a: Salamence
|-damage|p2a: Salamence|29/100
|
|upkeep
|turn|24
|
|t:|1662239625
|move|p2a: Salamence|Dual Wingbeat|p1a: headache
|-damage|p1a: headache|23/100
|-damage|p1a: headache|4/100
|-hitcount|p1a: headache|2
|move|p1a: headache|Sludge Bomb|p2a: Salamence
|-damage|p2a: Salamence|0 fnt
|faint|p2a: Salamence
|
|win|esqimo589
|raw|esqimo589's rating: 1264 &rarr; <strong>1286</strong><br />(+22 for winning)
|raw|nukeman2025's rating: 1229 &rarr; <strong>1207</strong><br />(-22 for losing)
|l|!nukeman2025
||Ladder isn't responding, score probably updated but might not have (Request timeout).
