|j|☆UULT91w mush
|j|☆alphasecrettesting
|t:|1661628637
|gametype|singles
|player|p1|UULT91w mush|erika-masters|1511
|player|p2|alphasecrettesting|102|1473
|teamsize|p1|6
|teamsize|p2|6
|gen|8
|tier|[Gen 8] UU
|rated|
|rule|Sleep Clause Mod: Limit one foe put to sleep
|rule|Species Clause: Limit one of each Pokémon
|rule|OHKO Clause: OHKO moves are banned
|rule|Evasion Items Clause: Evasion items are banned
|rule|Evasion Moves Clause: Evasion moves are banned
|rule|Endless Battle Clause: Forcing endless battles is banned
|rule|HP Percentage Mod: HP is shown in percentages
|rule|Dynamax Clause: You cannot dynamax
|clearpoke
|poke|p1|Slowbro-Galar, M|
|poke|p1|Salamence, M|
|poke|p1|Hippowdon, M|
|poke|p1|Tangrowth, M|
|poke|p1|Rotom-Wash|
|poke|p1|Cobalion|
|poke|p2|Celebi|
|poke|p2|Cobalion|
|poke|p2|Celesteela|
|poke|p2|Chandelure, F|
|poke|p2|Diggersby, F|
|poke|p2|Swampert, F|
|teampreview
|inactive|Battle timer is ON: inactive players will automatically lose when time's up. (requested by UULT91w mush)
|
|t:|1661628665
|start
|switch|p1a: Tangrowth|Tangrowth, M|100/100
|switch|p2a: Diggersby|Diggersby, F|100/100
|turn|1
|
|t:|1661628671
|move|p2a: Diggersby|U-turn|p1a: Tangrowth
|-supereffective|p1a: Tangrowth
|-damage|p1a: Tangrowth|59/100
|j|+avarice
|
|t:|1661628683
|switch|p2a: Cobalion|Cobalion|100/100|[from]move: U-turn
|move|p1a: Tangrowth|Knock Off|p2a: Cobalion
|-resisted|p2a: Cobalion
|-damage|p2a: Cobalion|91/100
|-ability|p2a: Cobalion|Justified|boost
|-boost|p2a: Cobalion|atk|1
|-enditem|p2a: Cobalion|Leftovers|[from] move: Knock Off|[of] p1a: Tangrowth
|
|upkeep
|turn|2
|j| dirtbag67
|
|t:|1661628712
|switch|p1a: Slowbro|Slowbro-Galar, M|100/100
|move|p2a: Cobalion|Swords Dance|p2a: Cobalion
|-boost|p2a: Cobalion|atk|2
|
|upkeep
|turn|3
|
|t:|1661628716
|move|p2a: Cobalion|Iron Head|p1a: Slowbro
|-damage|p1a: Slowbro|41/100
|move|p1a: Slowbro|Scald|p2a: Cobalion
|-damage|p2a: Cobalion|64/100
|-status|p2a: Cobalion|brn
|
|-damage|p2a: Cobalion|57/100 brn|[from] brn
|upkeep
|turn|4
|
|t:|1661628725
|switch|p2a: Chandelure|Chandelure, F|100/100
|switch|p1a: Salamence|Salamence, M|100/100
|-ability|p1a: Salamence|Intimidate|boost
|-unboost|p2a: Chandelure|atk|1
|
|upkeep
|turn|5
|
|t:|1661628730
|switch|p1a: Rotom|Rotom-Wash|100/100
|move|p2a: Chandelure|Shadow Ball|p1a: Rotom
|-damage|p1a: Rotom|23/100
|
|-heal|p1a: Rotom|29/100|[from] item: Leftovers
|upkeep
|turn|6
|
|t:|1661628740
|switch|p2a: Swampert|Swampert, F|100/100
|switch|p1a: Hippowdon|Hippowdon, M|100/100
|-weather|Sandstorm|[from] ability: Sand Stream|[of] p1a: Hippowdon
|
|-weather|Sandstorm|[upkeep]
|upkeep
|turn|7
|
|t:|1661628743
|move|p2a: Swampert|Stealth Rock|p1a: Hippowdon
|-sidestart|p1: UULT91w mush|move: Stealth Rock
|move|p1a: Hippowdon|Stealth Rock|p2a: Swampert
|-sidestart|p2: alphasecrettesting|move: Stealth Rock
|
|-weather|Sandstorm|[upkeep]
|upkeep
|turn|8
|
|t:|1661628750
|move|p2a: Swampert|Flip Turn|p1a: Hippowdon
|-supereffective|p1a: Hippowdon
|-damage|p1a: Hippowdon|73/100
|
|t:|1661628757
|switch|p2a: Celesteela|Celesteela|100/100|[from]move: Flip Turn
|-damage|p2a: Celesteela|88/100|[from] Stealth Rock
|move|p1a: Hippowdon|Toxic|p2a: Celesteela|[miss]
|-miss|p1a: Hippowdon|p2a: Celesteela
|
|-weather|Sandstorm|[upkeep]
|-heal|p2a: Celesteela|94/100|[from] item: Leftovers
|-heal|p1a: Hippowdon|80/100|[from] item: Leftovers
|upkeep
|turn|9
|
|t:|1661628765
|switch|p1a: Slowbro|Slowbro-Galar, M|74/100
|-damage|p1a: Slowbro|62/100|[from] Stealth Rock
|move|p2a: Celesteela|Substitute|p2a: Celesteela
|-start|p2a: Celesteela|Substitute
|-damage|p2a: Celesteela|69/100
|
|-weather|Sandstorm|[upkeep]
|-heal|p2a: Celesteela|75/100|[from] item: Leftovers
|upkeep
|turn|10
|
|t:|1661628770
|switch|p1a: Tangrowth|Tangrowth, M|92/100
|-damage|p1a: Tangrowth|80/100|[from] Stealth Rock
|move|p2a: Celesteela|Leech Seed|p1a: Tangrowth
|-immune|p1a: Tangrowth
|
|-weather|none
|-heal|p2a: Celesteela|81/100|[from] item: Leftovers
|upkeep
|turn|11
|
|t:|1661628773
|switch|p1a: Slowbro|Slowbro-Galar, M|95/100
|-damage|p1a: Slowbro|83/100|[from] Stealth Rock
|move|p2a: Celesteela|Flamethrower|p1a: Slowbro
|-damage|p1a: Slowbro|61/100
|
|-heal|p2a: Celesteela|87/100|[from] item: Leftovers
|upkeep
|turn|12
|
|t:|1661628790
|switch|p1a: Tangrowth|Tangrowth, M|100/100
|-damage|p1a: Tangrowth|88/100|[from] Stealth Rock
|move|p2a: Celesteela|Leech Seed|p1a: Tangrowth
|-immune|p1a: Tangrowth
|
|-heal|p2a: Celesteela|93/100|[from] item: Leftovers
|upkeep
|turn|13
|
|t:|1661628795
|move|p2a: Celesteela|Flamethrower|p1a: Tangrowth
|-supereffective|p1a: Tangrowth
|-damage|p1a: Tangrowth|61/100
|move|p1a: Tangrowth|Knock Off|p2a: Celesteela
|-activate|p2a: Celesteela|move: Substitute|[damage]
|
|-heal|p2a: Celesteela|99/100|[from] item: Leftovers
|upkeep
|turn|14
|
|t:|1661628799
|switch|p1a: Slowbro|Slowbro-Galar, M|94/100
|-damage|p1a: Slowbro|82/100|[from] Stealth Rock
|move|p2a: Celesteela|Flamethrower|p1a: Slowbro
|-damage|p1a: Slowbro|60/100
|
|-heal|p2a: Celesteela|100/100|[from] item: Leftovers
|upkeep
|turn|15
|
|t:|1661628802
|move|p2a: Celesteela|Heavy Slam|p1a: Slowbro
|-damage|p1a: Slowbro|32/100
|move|p1a: Slowbro|Scald|p2a: Celesteela
|-end|p2a: Celesteela|Substitute
|
|upkeep
|turn|16
|
|t:|1661628808
|move|p2a: Celesteela|Substitute|p2a: Celesteela
|-start|p2a: Celesteela|Substitute
|-damage|p2a: Celesteela|76/100
|move|p1a: Slowbro|Slack Off|p1a: Slowbro
|-heal|p1a: Slowbro|82/100
|
|-heal|p2a: Celesteela|82/100|[from] item: Leftovers
|upkeep
|turn|17
|j| ca va barder
|inactive|UULT91w mush has 120 seconds left.
|
|t:|1661628863
|move|p2a: Celesteela|Leech Seed|p1a: Slowbro|[miss]
|-miss|p2a: Celesteela|p1a: Slowbro
|move|p1a: Slowbro|Scald|p2a: Celesteela
|-activate|p2a: Celesteela|move: Substitute|[damage]
|
|-heal|p2a: Celesteela|88/100|[from] item: Leftovers
|upkeep
|turn|18
|
|t:|1661628868
|move|p2a: Celesteela|Heavy Slam|p1a: Slowbro
|-damage|p1a: Slowbro|52/100
|move|p1a: Slowbro|Calm Mind|p1a: Slowbro
|-boost|p1a: Slowbro|spa|1
|-boost|p1a: Slowbro|spd|1
|
|-heal|p2a: Celesteela|94/100|[from] item: Leftovers
|upkeep
|turn|19
|
|t:|1661628874
|switch|p1a: Tangrowth|Tangrowth, M|95/100
|-damage|p1a: Tangrowth|82/100|[from] Stealth Rock
|move|p2a: Celesteela|Heavy Slam|p1a: Tangrowth
|-damage|p1a: Tangrowth|53/100
|
|-heal|p2a: Celesteela|99/100|[from] item: Leftovers
|upkeep
|turn|20
|
|t:|1661628881
|move|p2a: Celesteela|Flamethrower|p1a: Tangrowth
|-supereffective|p1a: Tangrowth
|-damage|p1a: Tangrowth|25/100
|-status|p1a: Tangrowth|brn
|move|p1a: Tangrowth|Knock Off|p2a: Celesteela
|-activate|p2a: Celesteela|move: Substitute|[damage]
|
|-heal|p2a: Celesteela|100/100|[from] item: Leftovers
|-damage|p1a: Tangrowth|19/100 brn|[from] brn
|upkeep
|turn|21
|
|t:|1661628888
|switch|p1a: Slowbro|Slowbro-Galar, M|85/100
|-damage|p1a: Slowbro|73/100|[from] Stealth Rock
|move|p2a: Celesteela|Heavy Slam|p1a: Slowbro
|-damage|p1a: Slowbro|41/100
|
|upkeep
|turn|22
|
|t:|1661628892
|move|p2a: Celesteela|Heavy Slam|p1a: Slowbro
|-damage|p1a: Slowbro|12/100
|move|p1a: Slowbro|Slack Off|p1a: Slowbro
|-heal|p1a: Slowbro|62/100
|
|upkeep
|turn|23
|
|t:|1661628910
|switch|p1a: Tangrowth|Tangrowth, M|52/100 brn
|-damage|p1a: Tangrowth|40/100 brn|[from] Stealth Rock
|move|p2a: Celesteela|Leech Seed|p1a: Tangrowth
|-immune|p1a: Tangrowth
|
|-damage|p1a: Tangrowth|33/100 brn|[from] brn
|upkeep
|turn|24
|
|t:|1661628915
|switch|p1a: Slowbro|Slowbro-Galar, M|95/100
|-damage|p1a: Slowbro|83/100|[from] Stealth Rock
|move|p2a: Celesteela|Heavy Slam|p1a: Slowbro
|-damage|p1a: Slowbro|55/100
|
|upkeep
|turn|25
|
|t:|1661628924
|move|p2a: Celesteela|Flamethrower|p1a: Slowbro
|-damage|p1a: Slowbro|30/100
|move|p1a: Slowbro|Calm Mind|p1a: Slowbro
|-boost|p1a: Slowbro|spa|1
|-boost|p1a: Slowbro|spd|1
|
|upkeep
|turn|26
|
|t:|1661628927
|move|p2a: Celesteela|Leech Seed|p1a: Slowbro
|-start|p1a: Slowbro|move: Leech Seed
|move|p1a: Slowbro|Slack Off|p1a: Slowbro
|-heal|p1a: Slowbro|80/100
|
|-damage|p1a: Slowbro|68/100|[from] Leech Seed|[of] p2a: Celesteela
|upkeep
|turn|27
|
|t:|1661628930
|switch|p1a: Hippowdon|Hippowdon, M|80/100
|-damage|p1a: Hippowdon|73/100|[from] Stealth Rock
|-weather|Sandstorm|[from] ability: Sand Stream|[of] p1a: Hippowdon
|move|p2a: Celesteela|Heavy Slam|p1a: Hippowdon
|-crit|p1a: Hippowdon
|-damage|p1a: Hippowdon|47/100
|
|-weather|Sandstorm|[upkeep]
|-heal|p1a: Hippowdon|53/100|[from] item: Leftovers
|upkeep
|turn|28
|
|t:|1661628938
|move|p2a: Celesteela|Leech Seed|p1a: Hippowdon
|-start|p1a: Hippowdon|move: Leech Seed
|move|p1a: Hippowdon|Slack Off|p1a: Hippowdon
|-heal|p1a: Hippowdon|100/100
|
|-weather|Sandstorm|[upkeep]
|-damage|p1a: Hippowdon|88/100|[from] Leech Seed|[of] p2a: Celesteela
|upkeep
|turn|29
|
|t:|1661628945
|switch|p1a: Slowbro|Slowbro-Galar, M|100/100
|-damage|p1a: Slowbro|88/100|[from] Stealth Rock
|move|p2a: Celesteela|Flamethrower|p1a: Slowbro
|-damage|p1a: Slowbro|65/100
|
|-weather|Sandstorm|[upkeep]
|upkeep
|turn|30
|
|t:|1661628948
|switch|p1a: Hippowdon|Hippowdon, M|88/100
|-damage|p1a: Hippowdon|82/100|[from] Stealth Rock
|move|p2a: Celesteela|Leech Seed|p1a: Hippowdon
|-start|p1a: Hippowdon|move: Leech Seed
|
|-weather|Sandstorm|[upkeep]
|-heal|p1a: Hippowdon|88/100|[from] item: Leftovers
|-damage|p1a: Hippowdon|76/100|[from] Leech Seed|[of] p2a: Celesteela
|upkeep
|turn|31
|
|t:|1661628955
|switch|p2a: Chandelure|Chandelure, F|100/100
|-damage|p2a: Chandelure|76/100|[from] Stealth Rock
|move|p1a: Hippowdon|Toxic|p2a: Chandelure
|-status|p2a: Chandelure|tox
|
|-weather|none
|-heal|p1a: Hippowdon|82/100|[from] item: Leftovers
|-damage|p1a: Hippowdon|70/100|[from] Leech Seed|[of] p2a: Chandelure
|-heal|p2a: Chandelure|96/100 tox|[silent]
|-damage|p2a: Chandelure|89/100 tox|[from] psn
|upkeep
|turn|32
|
|t:|1661628961
|switch|p1a: Salamence|Salamence, M|100/100
|-ability|p1a: Salamence|Intimidate|boost
|-unboost|p2a: Chandelure|atk|1
|move|p2a: Chandelure|Shadow Ball|p1a: Salamence
|-damage|p1a: Salamence|37/100
|
|-damage|p2a: Chandelure|77/100 tox|[from] psn
|upkeep
|turn|33
|
|t:|1661628970
|move|p2a: Chandelure|Shadow Ball|p1a: Salamence
|-damage|p1a: Salamence|0 fnt
|faint|p1a: Salamence
|
|-damage|p2a: Chandelure|59/100 tox|[from] psn
|upkeep
|
|t:|1661628971
|switch|p1a: Cobalion|Cobalion|100/100
|-damage|p1a: Cobalion|97/100|[from] Stealth Rock
|turn|34
|
|t:|1661628979
|switch|p2a: Swampert|Swampert, F|100/100
|-damage|p2a: Swampert|94/100|[from] Stealth Rock
|move|p1a: Cobalion|Close Combat|p2a: Swampert
|-damage|p2a: Swampert|55/100
|-unboost|p1a: Cobalion|def|1
|-unboost|p1a: Cobalion|spd|1
|
|-heal|p1a: Cobalion|100/100|[from] item: Leftovers
|-heal|p2a: Swampert|61/100|[from] item: Leftovers
|upkeep
|turn|35
|
|t:|1661628985
|switch|p1a: Rotom|Rotom-Wash|29/100
|-damage|p1a: Rotom|17/100|[from] Stealth Rock
|move|p2a: Swampert|Flip Turn|p1a: Rotom
|-resisted|p1a: Rotom
|-damage|p1a: Rotom|8/100
|
|t:|1661628988
|switch|p2a: Diggersby|Diggersby, F|100/100|[from]move: Flip Turn
|-damage|p2a: Diggersby|94/100|[from] Stealth Rock
|
|-heal|p1a: Rotom|14/100|[from] item: Leftovers
|upkeep
|turn|36
|
|t:|1661628993
|switch|p1a: Cobalion|Cobalion|100/100
|-damage|p1a: Cobalion|97/100|[from] Stealth Rock
|move|p2a: Diggersby|U-turn|p1a: Cobalion
|-resisted|p1a: Cobalion
|-damage|p1a: Cobalion|91/100
|j|@Lily
|
|t:|1661628995
|switch|p2a: Swampert|Swampert, F|61/100|[from]move: U-turn
|-damage|p2a: Swampert|55/100|[from] Stealth Rock
|
|-heal|p1a: Cobalion|97/100|[from] item: Leftovers
|-heal|p2a: Swampert|61/100|[from] item: Leftovers
|upkeep
|turn|37
|
|t:|1661628999
|move|p1a: Cobalion|Swords Dance|p1a: Cobalion
|-boost|p1a: Cobalion|atk|2
|move|p2a: Swampert|Earthquake|p1a: Cobalion
|-supereffective|p1a: Cobalion
|-damage|p1a: Cobalion|34/100
|
|-heal|p1a: Cobalion|40/100|[from] item: Leftovers
|-heal|p2a: Swampert|67/100|[from] item: Leftovers
|upkeep
|turn|38
|
|t:|1661629002
|move|p1a: Cobalion|Close Combat|p2a: Swampert
|-damage|p2a: Swampert|0 fnt
|-unboost|p1a: Cobalion|def|1
|-unboost|p1a: Cobalion|spd|1
|faint|p2a: Swampert
|
|-heal|p1a: Cobalion|46/100|[from] item: Leftovers
|upkeep
|
|t:|1661629008
|switch|p2a: Diggersby|Diggersby, F|94/100
|-damage|p2a: Diggersby|88/100|[from] Stealth Rock
|turn|39
|
|t:|1661629015
|switch|p1a: Slowbro|Slowbro-Galar, M|98/100
|-damage|p1a: Slowbro|85/100|[from] Stealth Rock
|move|p2a: Diggersby|Earthquake|p1a: Slowbro
|-supereffective|p1a: Slowbro
|-damage|p1a: Slowbro|0 fnt
|faint|p1a: Slowbro
|
|upkeep
|
|t:|1661629016
|switch|p1a: Rotom|Rotom-Wash|14/100
|-damage|p1a: Rotom|1/100|[from] Stealth Rock
|turn|40
|
|t:|1661629020
|switch|p2a: Cobalion|Cobalion|57/100 brn
|-damage|p2a: Cobalion|54/100 brn|[from] Stealth Rock
|move|p1a: Rotom|Pain Split|p2a: Cobalion
|-sethp|p2a: Cobalion|28/100 brn|[from] move: Pain Split|[silent]
|-sethp|p1a: Rotom|30/100|[from] move: Pain Split
|
|-heal|p1a: Rotom|35/100|[from] item: Leftovers
|-damage|p2a: Cobalion|22/100 brn|[from] brn
|upkeep
|turn|41
|
|t:|1661629023
|switch|p1a: Hippowdon|Hippowdon, M|70/100
|-damage|p1a: Hippowdon|63/100|[from] Stealth Rock
|-weather|Sandstorm|[from] ability: Sand Stream|[of] p1a: Hippowdon
|move|p2a: Cobalion|Close Combat|p1a: Hippowdon
|-damage|p1a: Hippowdon|47/100
|-unboost|p2a: Cobalion|def|1
|-unboost|p2a: Cobalion|spd|1
|
|-weather|Sandstorm|[upkeep]
|-heal|p1a: Hippowdon|53/100|[from] item: Leftovers
|-damage|p2a: Cobalion|15/100 brn|[from] brn
|upkeep
|turn|42
|
|t:|1661629028
|switch|p2a: Celesteela|Celesteela|100/100
|-damage|p2a: Celesteela|88/100|[from] Stealth Rock
|move|p1a: Hippowdon|Slack Off|p1a: Hippowdon
|-heal|p1a: Hippowdon|100/100
|
|-weather|Sandstorm|[upkeep]
|-heal|p2a: Celesteela|94/100|[from] item: Leftovers
|upkeep
|turn|43
|
|t:|1661629035
|switch|p1a: Tangrowth|Tangrowth, M|67/100 brn
|-damage|p1a: Tangrowth|54/100 brn|[from] Stealth Rock
|move|p2a: Celesteela|Leech Seed|p1a: Tangrowth
|-immune|p1a: Tangrowth
|
|-weather|Sandstorm|[upkeep]
|-damage|p1a: Tangrowth|48/100 brn|[from] Sandstorm
|-heal|p2a: Celesteela|99/100|[from] item: Leftovers
|-damage|p1a: Tangrowth|42/100 brn|[from] brn
|upkeep
|turn|44
|
|t:|1661629038
|switch|p1a: Rotom|Rotom-Wash|35/100
|-damage|p1a: Rotom|23/100|[from] Stealth Rock
|move|p2a: Celesteela|Substitute|p2a: Celesteela
|-start|p2a: Celesteela|Substitute
|-damage|p2a: Celesteela|75/100
|
|-weather|Sandstorm|[upkeep]
|-damage|p1a: Rotom|17/100|[from] Sandstorm
|-heal|p1a: Rotom|23/100|[from] item: Leftovers
|-heal|p2a: Celesteela|81/100|[from] item: Leftovers
|upkeep
|turn|45
|
|t:|1661629043
|move|p1a: Rotom|Hydro Pump|p2a: Celesteela
|-end|p2a: Celesteela|Substitute
|move|p2a: Celesteela|Leech Seed|p1a: Rotom
|-start|p1a: Rotom|move: Leech Seed
|
|-weather|none
|-heal|p1a: Rotom|29/100|[from] item: Leftovers
|-heal|p2a: Celesteela|87/100|[from] item: Leftovers
|-damage|p1a: Rotom|17/100|[from] Leech Seed|[of] p2a: Celesteela
|-heal|p2a: Celesteela|97/100|[silent]
|upkeep
|turn|46
|
|t:|1661629049
|switch|p2a: Celebi|Celebi|100/100
|move|p1a: Rotom|Volt Switch|p2a: Celebi
|-resisted|p2a: Celebi
|-damage|p2a: Celebi|90/100
|
|t:|1661629050
|switch|p1a: Cobalion|Cobalion|46/100|[from]move: Volt Switch
|-damage|p1a: Cobalion|43/100|[from] Stealth Rock
|
|-heal|p1a: Cobalion|49/100|[from] item: Leftovers
|upkeep
|turn|47
|
|t:|1661629055
|switch|p2a: Cobalion|Cobalion|15/100 brn
|-damage|p2a: Cobalion|12/100 brn|[from] Stealth Rock
|move|p1a: Cobalion|Megahorn|p2a: Cobalion|[miss]
|-miss|p1a: Cobalion|p2a: Cobalion
|
|-heal|p1a: Cobalion|55/100|[from] item: Leftovers
|-damage|p2a: Cobalion|6/100 brn|[from] brn
|upkeep
|turn|48
|
|t:|1661629060
|move|p1a: Cobalion|Close Combat|p2a: Cobalion
|-supereffective|p2a: Cobalion
|-damage|p2a: Cobalion|0 fnt
|-unboost|p1a: Cobalion|def|1
|-unboost|p1a: Cobalion|spd|1
|faint|p2a: Cobalion
|
|-heal|p1a: Cobalion|61/100|[from] item: Leftovers
|upkeep
|
|t:|1661629066
|switch|p2a: Diggersby|Diggersby, F|88/100
|-damage|p2a: Diggersby|82/100|[from] Stealth Rock
|turn|49
|
|t:|1661629071
|move|p2a: Diggersby|U-turn|p1a: Cobalion
|-resisted|p1a: Cobalion
|-damage|p1a: Cobalion|52/100
|
|t:|1661629074
|switch|p2a: Celebi|Celebi|90/100|[from]move: U-turn
|move|p1a: Cobalion|Close Combat|p2a: Celebi
|-resisted|p2a: Celebi
|-damage|p2a: Celebi|70/100
|-unboost|p1a: Cobalion|def|1
|-unboost|p1a: Cobalion|spd|1
|
|-heal|p1a: Cobalion|58/100|[from] item: Leftovers
|upkeep
|turn|50
|
|t:|1661629082
|switch|p2a: Chandelure|Chandelure, F|59/100 tox
|-damage|p2a: Chandelure|34/100 tox|[from] Stealth Rock
|move|p1a: Cobalion|Megahorn|p2a: Chandelure
|-resisted|p2a: Chandelure
|-damage|p2a: Chandelure|23/100 tox
|
|-heal|p1a: Cobalion|65/100|[from] item: Leftovers
|-damage|p2a: Chandelure|17/100 tox|[from] psn
|upkeep
|turn|51
|
|t:|1661629087
|move|p1a: Cobalion|Stone Edge|p2a: Chandelure
|-supereffective|p2a: Chandelure
|-crit|p2a: Chandelure
|-damage|p2a: Chandelure|0 fnt
|faint|p2a: Chandelure
|
|-heal|p1a: Cobalion|71/100|[from] item: Leftovers
|upkeep
|j|+TSR
|
|t:|1661629089
|switch|p2a: Diggersby|Diggersby, F|82/100
|-damage|p2a: Diggersby|76/100|[from] Stealth Rock
|turn|52
|
|t:|1661629094
|switch|p1a: Hippowdon|Hippowdon, M|100/100
|-damage|p1a: Hippowdon|94/100|[from] Stealth Rock
|-weather|Sandstorm|[from] ability: Sand Stream|[of] p1a: Hippowdon
|move|p2a: Diggersby|Earthquake|p1a: Hippowdon
|-damage|p1a: Hippowdon|59/100
|
|-weather|Sandstorm|[upkeep]
|-heal|p1a: Hippowdon|65/100|[from] item: Leftovers
|upkeep
|turn|53
|l| ca va barder
|
|t:|1661629102
|switch|p2a: Celesteela|Celesteela|97/100
|-damage|p2a: Celesteela|84/100|[from] Stealth Rock
|move|p1a: Hippowdon|Slack Off|p1a: Hippowdon
|-heal|p1a: Hippowdon|100/100
|
|-weather|Sandstorm|[upkeep]
|-heal|p2a: Celesteela|90/100|[from] item: Leftovers
|upkeep
|turn|54
|
|t:|1661629114
|switch|p1a: Tangrowth|Tangrowth, M|75/100 brn
|-damage|p1a: Tangrowth|63/100 brn|[from] Stealth Rock
|move|p2a: Celesteela|Leech Seed|p1a: Tangrowth
|-immune|p1a: Tangrowth
|
|-weather|Sandstorm|[upkeep]
|-damage|p1a: Tangrowth|56/100 brn|[from] Sandstorm
|-heal|p2a: Celesteela|96/100|[from] item: Leftovers
|-damage|p1a: Tangrowth|50/100 brn|[from] brn
|upkeep
|turn|55
|
|t:|1661629118
|move|p2a: Celesteela|Substitute|p2a: Celesteela
|-start|p2a: Celesteela|Substitute
|-damage|p2a: Celesteela|72/100
|move|p1a: Tangrowth|Focus Blast|p2a: Celesteela
|-activate|p2a: Celesteela|move: Substitute|[damage]
|
|-weather|Sandstorm|[upkeep]
|-damage|p1a: Tangrowth|44/100 brn|[from] Sandstorm
|-heal|p2a: Celesteela|78/100|[from] item: Leftovers
|-damage|p1a: Tangrowth|38/100 brn|[from] brn
|upkeep
|turn|56
|
|t:|1661629128
|switch|p1a: Hippowdon|Hippowdon, M|100/100
|-damage|p1a: Hippowdon|94/100|[from] Stealth Rock
|move|p2a: Celesteela|Flamethrower|p1a: Hippowdon
|-damage|p1a: Hippowdon|77/100
|
|-weather|none
|-heal|p2a: Celesteela|84/100|[from] item: Leftovers
|-heal|p1a: Hippowdon|83/100|[from] item: Leftovers
|upkeep
|turn|57
|
|t:|1661629132
|move|p2a: Celesteela|Leech Seed|p1a: Hippowdon
|-start|p1a: Hippowdon|move: Leech Seed
|move|p1a: Hippowdon|Slack Off|p1a: Hippowdon
|-heal|p1a: Hippowdon|100/100
|
|-heal|p2a: Celesteela|90/100|[from] item: Leftovers
|-damage|p1a: Hippowdon|88/100|[from] Leech Seed|[of] p2a: Celesteela
|-heal|p2a: Celesteela|100/100|[silent]
|upkeep
|turn|58
|
|t:|1661629138
|move|p2a: Celesteela|Heavy Slam|p1a: Hippowdon
|-damage|p1a: Hippowdon|70/100
|move|p1a: Hippowdon|Toxic||[still]
|-fail|p1a: Hippowdon
|
|-heal|p1a: Hippowdon|76/100|[from] item: Leftovers
|-damage|p1a: Hippowdon|64/100|[from] Leech Seed|[of] p2a: Celesteela
|upkeep
|turn|59
|
|t:|1661629144
|move|p2a: Celesteela|Flamethrower|p1a: Hippowdon
|-damage|p1a: Hippowdon|46/100
|move|p1a: Hippowdon|Toxic||[still]
|-fail|p1a: Hippowdon
|
|-heal|p1a: Hippowdon|53/100|[from] item: Leftovers
|-damage|p1a: Hippowdon|40/100|[from] Leech Seed|[of] p2a: Celesteela
|upkeep
|turn|60
|j| ca va barder
|
|t:|1661629147
|move|p2a: Celesteela|Flamethrower|p1a: Hippowdon
|-damage|p1a: Hippowdon|23/100
|move|p1a: Hippowdon|Slack Off|p1a: Hippowdon
|-heal|p1a: Hippowdon|73/100
|
|-heal|p1a: Hippowdon|79/100|[from] item: Leftovers
|-damage|p1a: Hippowdon|67/100|[from] Leech Seed|[of] p2a: Celesteela
|upkeep
|turn|61
|
|t:|1661629150
|switch|p1a: Tangrowth|Tangrowth, M|71/100 brn
|-damage|p1a: Tangrowth|59/100 brn|[from] Stealth Rock
|move|p2a: Celesteela|Flamethrower|p1a: Tangrowth
|-supereffective|p1a: Tangrowth
|-damage|p1a: Tangrowth|34/100 brn
|
|-damage|p1a: Tangrowth|28/100 brn|[from] brn
|upkeep
|turn|62
|
|t:|1661629153
|switch|p1a: Hippowdon|Hippowdon, M|67/100
|-damage|p1a: Hippowdon|61/100|[from] Stealth Rock
|-weather|Sandstorm|[from] ability: Sand Stream|[of] p1a: Hippowdon
|move|p2a: Celesteela|Flamethrower|p1a: Hippowdon
|-damage|p1a: Hippowdon|44/100
|-status|p1a: Hippowdon|brn
|
|-weather|Sandstorm|[upkeep]
|-heal|p1a: Hippowdon|50/100 brn|[from] item: Leftovers
|-damage|p1a: Hippowdon|44/100 brn|[from] brn
|upkeep
|turn|63
|
|t:|1661629159
|switch|p2a: Celebi|Celebi|70/100
|move|p1a: Hippowdon|Slack Off|p1a: Hippowdon
|-heal|p1a: Hippowdon|94/100 brn
|
|-weather|Sandstorm|[upkeep]
|-damage|p2a: Celebi|64/100|[from] Sandstorm
|-heal|p1a: Hippowdon|99/100 brn|[from] item: Leftovers
|-damage|p1a: Hippowdon|94/100 brn|[from] brn
|upkeep
|turn|64
|
|t:|1661629166
|move|p2a: Celebi|Recover|p2a: Celebi
|-heal|p2a: Celebi|100/100
|move|p1a: Hippowdon|Toxic|p2a: Celebi
|-status|p2a: Celebi|tox
|
|-weather|Sandstorm|[upkeep]
|-damage|p2a: Celebi|94/100 tox|[from] Sandstorm
|-heal|p1a: Hippowdon|99/100 brn|[from] item: Leftovers
|-damage|p2a: Celebi|88/100 tox|[from] psn
|-damage|p1a: Hippowdon|94/100 brn|[from] brn
|upkeep
|turn|65
|
|t:|1661629171
|switch|p1a: Cobalion|Cobalion|71/100
|-damage|p1a: Cobalion|68/100|[from] Stealth Rock
|move|p2a: Celebi|Psychic|p1a: Cobalion
|-damage|p1a: Cobalion|18/100
|
|-weather|Sandstorm|[upkeep]
|-damage|p2a: Celebi|82/100 tox|[from] Sandstorm
|-heal|p1a: Cobalion|24/100|[from] item: Leftovers
|-damage|p2a: Celebi|70/100 tox|[from] psn
|upkeep
|turn|66
|
|t:|1661629183
|-curestatus|p2a: Celebi|tox|[from] ability: Natural Cure
|switch|p2a: Celesteela|Celesteela|100/100
|-damage|p2a: Celesteela|88/100|[from] Stealth Rock
|move|p1a: Cobalion|Megahorn|p2a: Celesteela|[miss]
|-miss|p1a: Cobalion|p2a: Celesteela
|
|-weather|none
|-heal|p1a: Cobalion|30/100|[from] item: Leftovers
|-heal|p2a: Celesteela|94/100|[from] item: Leftovers
|upkeep
|turn|67
|
|t:|1661629189
|move|p1a: Cobalion|Megahorn|p2a: Celesteela
|-resisted|p2a: Celesteela
|-damage|p2a: Celesteela|87/100
|move|p2a: Celesteela|Flamethrower|p1a: Cobalion
|-supereffective|p1a: Cobalion
|-damage|p1a: Cobalion|0 fnt
|faint|p1a: Cobalion
|-ability|p2a: Celesteela|Beast Boost|boost
|-boost|p2a: Celesteela|spd|1
|
|-heal|p2a: Celesteela|93/100|[from] item: Leftovers
|upkeep
|
|t:|1661629191
|switch|p1a: Rotom|Rotom-Wash|17/100
|-damage|p1a: Rotom|5/100|[from] Stealth Rock
|turn|68
|
|t:|1661629196
|switch|p2a: Diggersby|Diggersby, F|76/100
|-damage|p2a: Diggersby|70/100|[from] Stealth Rock
|move|p1a: Rotom|Pain Split|p2a: Diggersby
|-sethp|p2a: Diggersby|37/100|[from] move: Pain Split|[silent]
|-sethp|p1a: Rotom|38/100|[from] move: Pain Split
|
|-heal|p1a: Rotom|44/100|[from] item: Leftovers
|upkeep
|turn|69
|
|t:|1661629199
|switch|p1a: Hippowdon|Hippowdon, M|94/100 brn
|-damage|p1a: Hippowdon|87/100 brn|[from] Stealth Rock
|-weather|Sandstorm|[from] ability: Sand Stream|[of] p1a: Hippowdon
|move|p2a: Diggersby|Body Slam|p1a: Hippowdon
|-damage|p1a: Hippowdon|53/100 brn
|
|-weather|Sandstorm|[upkeep]
|-heal|p1a: Hippowdon|59/100 brn|[from] item: Leftovers
|-damage|p1a: Hippowdon|53/100 brn|[from] brn
|upkeep
|turn|70
|
|t:|1661629206
|switch|p2a: Celebi|Celebi|70/100
|move|p1a: Hippowdon|Slack Off|p1a: Hippowdon
|-heal|p1a: Hippowdon|100/100 brn
|
|-weather|Sandstorm|[upkeep]
|-damage|p2a: Celebi|63/100|[from] Sandstorm
|-damage|p1a: Hippowdon|94/100 brn|[from] brn
|upkeep
|turn|71
|
|t:|1661629210
|move|p2a: Celebi|Recover|p2a: Celebi
|-heal|p2a: Celebi|100/100
|move|p1a: Hippowdon|Toxic|p2a: Celebi
|-status|p2a: Celebi|tox
|
|-weather|Sandstorm|[upkeep]
|-damage|p2a: Celebi|94/100 tox|[from] Sandstorm
|-heal|p1a: Hippowdon|100/100 brn|[from] item: Leftovers
|-damage|p2a: Celebi|88/100 tox|[from] psn
|-damage|p1a: Hippowdon|94/100 brn|[from] brn
|upkeep
|turn|72
|
|t:|1661629216
|switch|p1a: Tangrowth|Tangrowth, M|61/100 brn
|-damage|p1a: Tangrowth|49/100 brn|[from] Stealth Rock
|move|p2a: Celebi|Leaf Storm|p1a: Tangrowth
|-resisted|p1a: Tangrowth
|-damage|p1a: Tangrowth|30/100 brn
|-unboost|p2a: Celebi|spa|2
|
|-weather|Sandstorm|[upkeep]
|-damage|p2a: Celebi|82/100 tox|[from] Sandstorm
|-damage|p1a: Tangrowth|24/100 brn|[from] Sandstorm
|-damage|p2a: Celebi|70/100 tox|[from] psn
|-damage|p1a: Tangrowth|18/100 brn|[from] brn
|upkeep
|turn|73
|
|t:|1661629219
|switch|p1a: Hippowdon|Hippowdon, M|94/100 brn
|-damage|p1a: Hippowdon|88/100 brn|[from] Stealth Rock
|move|p2a: Celebi|Psychic|p1a: Hippowdon
|-damage|p1a: Hippowdon|72/100 brn
|
|-weather|none
|-heal|p1a: Hippowdon|78/100 brn|[from] item: Leftovers
|-damage|p2a: Celebi|51/100 tox|[from] psn
|-damage|p1a: Hippowdon|72/100 brn|[from] brn
|upkeep
|turn|74
|
|t:|1661629223
|switch|p1a: Rotom|Rotom-Wash|44/100
|-damage|p1a: Rotom|32/100|[from] Stealth Rock
|move|p2a: Celebi|Recover|p2a: Celebi
|-heal|p2a: Celebi|100/100 tox
|
|-heal|p1a: Rotom|38/100|[from] item: Leftovers
|-damage|p2a: Celebi|76/100 tox|[from] psn
|upkeep
|turn|75
|
|t:|1661629226
|switch|p1a: Hippowdon|Hippowdon, M|72/100 brn
|-damage|p1a: Hippowdon|66/100 brn|[from] Stealth Rock
|-weather|Sandstorm|[from] ability: Sand Stream|[of] p1a: Hippowdon
|move|p2a: Celebi|Leaf Storm|p1a: Hippowdon
|-supereffective|p1a: Hippowdon
|-damage|p1a: Hippowdon|15/100 brn
|-unboost|p2a: Celebi|spa|2
|
|-weather|Sandstorm|[upkeep]
|-damage|p2a: Celebi|70/100 tox|[from] Sandstorm
|-heal|p1a: Hippowdon|22/100 brn|[from] item: Leftovers
|-damage|p2a: Celebi|39/100 tox|[from] psn
|-damage|p1a: Hippowdon|15/100 brn|[from] brn
|upkeep
|turn|76
|
|t:|1661629230
|switch|p1a: Tangrowth|Tangrowth, M|51/100 brn
|-damage|p1a: Tangrowth|39/100 brn|[from] Stealth Rock
|move|p2a: Celebi|Leaf Storm|p1a: Tangrowth
|-resisted|p1a: Tangrowth
|-damage|p1a: Tangrowth|33/100 brn
|-unboost|p2a: Celebi|spa|2
|
|-weather|Sandstorm|[upkeep]
|-damage|p2a: Celebi|32/100 tox|[from] Sandstorm
|-damage|p1a: Tangrowth|27/100 brn|[from] Sandstorm
|-damage|p2a: Celebi|0 fnt|[from] psn
|faint|p2a: Celebi
|-damage|p1a: Tangrowth|21/100 brn|[from] brn
|upkeep
|
|t:|1661629234
|switch|p2a: Diggersby|Diggersby, F|37/100
|-damage|p2a: Diggersby|31/100|[from] Stealth Rock
|turn|77
|
|t:|1661629239
|switch|p1a: Hippowdon|Hippowdon, M|15/100 brn
|-damage|p1a: Hippowdon|9/100 brn|[from] Stealth Rock
|move|p2a: Diggersby|Body Slam|p1a: Hippowdon
|-damage|p1a: Hippowdon|0 fnt
|faint|p1a: Hippowdon
|
|-weather|Sandstorm|[upkeep]
|upkeep
|
|t:|1661629240
|switch|p1a: Tangrowth|Tangrowth, M|54/100 brn
|-damage|p1a: Tangrowth|42/100 brn|[from] Stealth Rock
|turn|78
|
|t:|1661629244
|switch|p2a: Celesteela|Celesteela|93/100
|-damage|p2a: Celesteela|81/100|[from] Stealth Rock
|switch|p1a: Rotom|Rotom-Wash|38/100
|-damage|p1a: Rotom|26/100|[from] Stealth Rock
|
|-weather|Sandstorm|[upkeep]
|-damage|p1a: Rotom|20/100|[from] Sandstorm
|-heal|p1a: Rotom|26/100|[from] item: Leftovers
|-heal|p2a: Celesteela|87/100|[from] item: Leftovers
|upkeep
|turn|79
|
|t:|1661629256
|move|p1a: Rotom|Will-O-Wisp|p2a: Celesteela|[miss]
|-miss|p1a: Rotom|p2a: Celesteela
|move|p2a: Celesteela|Leech Seed|p1a: Rotom
|-start|p1a: Rotom|move: Leech Seed
|
|-weather|none
|-heal|p1a: Rotom|32/100|[from] item: Leftovers
|-heal|p2a: Celesteela|93/100|[from] item: Leftovers
|-damage|p1a: Rotom|19/100|[from] Leech Seed|[of] p2a: Celesteela
|-heal|p2a: Celesteela|100/100|[silent]
|upkeep
|turn|80
|
|t:|1661629261
|switch|p2a: Diggersby|Diggersby, F|31/100
|-damage|p2a: Diggersby|25/100|[from] Stealth Rock
|move|p1a: Rotom|Will-O-Wisp|p2a: Diggersby
|-status|p2a: Diggersby|brn
|
|-heal|p1a: Rotom|25/100|[from] item: Leftovers
|-damage|p1a: Rotom|13/100|[from] Leech Seed|[of] p2a: Diggersby
|-heal|p2a: Diggersby|37/100 brn|[silent]
|-damage|p2a: Diggersby|31/100 brn|[from] brn
|upkeep
|turn|81
|
|t:|1661629265
|switch|p1a: Tangrowth|Tangrowth, M|75/100 brn
|-damage|p1a: Tangrowth|63/100 brn|[from] Stealth Rock
|move|p2a: Diggersby|U-turn|p1a: Tangrowth
|-supereffective|p1a: Tangrowth
|-damage|p1a: Tangrowth|43/100 brn
|
|t:|1661629267
|switch|p2a: Celesteela|Celesteela|100/100|[from]move: U-turn
|-damage|p2a: Celesteela|88/100|[from] Stealth Rock
|
|-heal|p2a: Celesteela|94/100|[from] item: Leftovers
|-damage|p1a: Tangrowth|37/100 brn|[from] brn
|upkeep
|turn|82
|
|t:|1661629276
|move|p2a: Celesteela|Substitute|p2a: Celesteela
|-start|p2a: Celesteela|Substitute
|-damage|p2a: Celesteela|69/100
|move|p1a: Tangrowth|Knock Off|p2a: Celesteela
|-activate|p2a: Celesteela|move: Substitute|[damage]
|
|-heal|p2a: Celesteela|75/100|[from] item: Leftovers
|-damage|p1a: Tangrowth|30/100 brn|[from] brn
|upkeep
|turn|83
|c|☆UULT91w mush|gg
|c|☆alphasecrettesting|gg
|-message|UULT91w mush forfeited.
|
|win|alphasecrettesting
|raw|UULT91w mush's rating: 1524 &rarr; <strong>1501</strong><br />(-23 for losing)
|raw|alphasecrettesting's rating: 1473 &rarr; <strong>1496</strong><br />(+23 for winning)
|l|☆UULT91w mush
|l|+avarice
|l| dirtbag67
|l|@Lily
||Ladder isn't responding, score probably updated but might not have (Request timeout).
