|j|☆PlasticPinnochio
|j|☆MegaTotomon
|t:|1654970415
|gametype|singles
|player|p1|PlasticPinnochio|policeman-gen4|1418
|player|p2|MegaTotomon|fantina|1456
|teamsize|p1|6
|teamsize|p2|6
|gen|8
|tier|[Gen 8] UU
|rated|
|rule|Sleep Clause Mod: Limit one foe put to sleep
|rule|Species Clause: Limit one of each Pokémon
|rule|OHKO Clause: OHKO moves are banned
|rule|Evasion Moves Clause: Evasion moves are banned
|rule|Endless Battle Clause: Forcing endless battles is banned
|rule|HP Percentage Mod: HP is shown in percentages
|rule|Dynamax Clause: You cannot dynamax
|clearpoke
|poke|p1|Crobat, F|
|poke|p1|Keldeo-Resolute|
|poke|p1|Hippowdon, M|
|poke|p1|Hydreigon, M|
|poke|p1|Tangrowth, F|
|poke|p1|Excadrill, M|
|poke|p2|Hippowdon, M|
|poke|p2|Roserade, F|
|poke|p2|Starmie|
|poke|p2|Moltres|
|poke|p2|Cobalion|
|poke|p2|Hydreigon, M|
|teampreview
|inactive|Battle timer is ON: inactive players will automatically lose when time's up. (requested by PlasticPinnochio)
|
|t:|1654970429
|start
|switch|p1a: Crobat|Crobat, F|100/100
|switch|p2a: Starmie|Starmie|100/100
|turn|1
|
|t:|1654970437
|switch|p2a: Moltres|Moltres|100/100
|move|p1a: Crobat|U-turn|p2a: Moltres
|-resisted|p2a: Moltres
|-damage|p2a: Moltres|96/100
|-status|p1a: Crobat|brn|[from] ability: Flame Body|[of] p2a: Moltres
|
|t:|1654970447
|switch|p1a: Hydreigon|Hydreigon, M|100/100|[from]move: U-turn
|
|upkeep
|turn|2
|
|t:|1654970455
|switch|p2a: Hippowdon|Hippowdon, M|100/100
|move|p1a: Hydreigon|Toxic|p2a: Hippowdon
|-status|p2a: Hippowdon|tox
|
|-damage|p2a: Hippowdon|94/100 tox|[from] psn
|upkeep
|turn|3
|
|t:|1654970464
|switch|p1a: Keldeo|Keldeo-Resolute|100/100
|move|p2a: Hippowdon|Stealth Rock|p1a: Keldeo
|-sidestart|p1: PlasticPinnochio|move: Stealth Rock
|
|-heal|p2a: Hippowdon|100/100 tox|[from] item: Leftovers
|-damage|p2a: Hippowdon|88/100 tox|[from] psn
|upkeep
|turn|4
|
|t:|1654970471
|switch|p2a: Roserade|Roserade, F|100/100
|move|p1a: Keldeo|Flip Turn|p2a: Roserade
|-resisted|p2a: Roserade
|-damage|p2a: Roserade|91/100
|-status|p1a: Keldeo|psn|[from] ability: Poison Point|[of] p2a: Roserade
|
|t:|1654970478
|switch|p1a: Excadrill|Excadrill, M|100/100|[from]move: Flip Turn
|-damage|p1a: Excadrill|97/100|[from] Stealth Rock
|-ability|p1a: Excadrill|Mold Breaker
|
|-heal|p1a: Excadrill|100/100|[from] item: Leftovers
|-heal|p2a: Roserade|97/100|[from] item: Black Sludge
|upkeep
|turn|5
|
|t:|1654970484
|switch|p2a: Moltres|Moltres|96/100
|move|p1a: Excadrill|Rock Tomb|p2a: Moltres
|-supereffective|p2a: Moltres
|-damage|p2a: Moltres|16/100
|-unboost|p2a: Moltres|spe|1
|
|upkeep
|turn|6
|
|t:|1654970499
|switch|p2a: Starmie|Starmie|100/100
|move|p1a: Excadrill|Rapid Spin|p2a: Starmie
|-damage|p2a: Starmie|74/100
|-boost|p1a: Excadrill|spe|1
|-sideend|p1: PlasticPinnochio|Stealth Rock|[from] move: Rapid Spin|[of] p1a: Excadrill
|
|upkeep
|turn|7
|
|t:|1654970505
|switch|p1a: Hydreigon|Hydreigon, M|100/100
|switch|p2a: Hydreigon|Hydreigon, M|100/100
|
|upkeep
|turn|8
|
|t:|1654970510
|switch|p1a: Hippowdon|Hippowdon, M|100/100
|-weather|Sandstorm|[from] ability: Sand Stream|[of] p1a: Hippowdon
|move|p2a: Hydreigon|Draco Meteor|p1a: Hippowdon
|-damage|p1a: Hippowdon|56/100
|-unboost|p2a: Hydreigon|spa|2
|
|-weather|Sandstorm|[upkeep]
|-damage|p2a: Hydreigon|94/100|[from] Sandstorm
|-heal|p1a: Hippowdon|62/100|[from] item: Leftovers
|upkeep
|turn|9
|
|t:|1654970525
|switch|p2a: Roserade|Roserade, F|97/100
|switch|p1a: Keldeo|Keldeo-Resolute|100/100 psn
|
|-weather|Sandstorm|[upkeep]
|-damage|p1a: Keldeo|94/100 psn|[from] Sandstorm
|-damage|p2a: Roserade|91/100|[from] Sandstorm
|-heal|p2a: Roserade|97/100|[from] item: Black Sludge
|-damage|p1a: Keldeo|82/100 psn|[from] psn
|upkeep
|turn|10
|
|t:|1654970531
|move|p1a: Keldeo|Flip Turn|p2a: Roserade
|-resisted|p2a: Roserade
|-damage|p2a: Roserade|89/100
|
|t:|1654970534
|switch|p1a: Crobat|Crobat, F|100/100 brn|[from]move: Flip Turn
|move|p2a: Roserade|Giga Drain|p1a: Crobat
|-resisted|p1a: Crobat
|-damage|p1a: Crobat|90/100 brn
|-heal|p2a: Roserade|95/100|[from] drain|[of] p1a: Crobat
|
|-weather|Sandstorm|[upkeep]
|-damage|p1a: Crobat|84/100 brn|[from] Sandstorm
|-damage|p2a: Roserade|89/100|[from] Sandstorm
|-heal|p2a: Roserade|95/100|[from] item: Black Sludge
|-damage|p1a: Crobat|78/100 brn|[from] brn
|upkeep
|turn|11
|
|t:|1654970538
|move|p1a: Crobat|U-turn|p2a: Roserade
|-damage|p2a: Roserade|83/100
|
|t:|1654970543
|switch|p1a: Excadrill|Excadrill, M|100/100|[from]move: U-turn
|-ability|p1a: Excadrill|Mold Breaker
|move|p2a: Roserade|Spikes|p1a: Excadrill
|-sidestart|p1: PlasticPinnochio|Spikes
|
|-weather|Sandstorm|[upkeep]
|-damage|p2a: Roserade|77/100|[from] Sandstorm
|-heal|p2a: Roserade|83/100|[from] item: Black Sludge
|upkeep
|turn|12
|
|t:|1654970551
|switch|p2a: Hippowdon|Hippowdon, M|88/100 tox
|move|p1a: Excadrill|Rapid Spin|p2a: Hippowdon
|-damage|p2a: Hippowdon|76/100 tox
|-boost|p1a: Excadrill|spe|1
|-sideend|p1: PlasticPinnochio|Spikes|[from] move: Rapid Spin|[of] p1a: Excadrill
|
|-weather|none
|-heal|p2a: Hippowdon|82/100 tox|[from] item: Leftovers
|-damage|p2a: Hippowdon|76/100 tox|[from] psn
|upkeep
|turn|13
|
|t:|1654970560
|switch|p1a: Tangrowth|Tangrowth, F|100/100
|move|p2a: Hippowdon|Stealth Rock|p1a: Tangrowth
|-sidestart|p1: PlasticPinnochio|move: Stealth Rock
|
|-heal|p2a: Hippowdon|82/100 tox|[from] item: Leftovers
|-damage|p2a: Hippowdon|70/100 tox|[from] psn
|upkeep
|turn|14
|
|t:|1654970568
|switch|p2a: Cobalion|Cobalion|100/100
|move|p1a: Tangrowth|Knock Off|p2a: Cobalion
|-resisted|p2a: Cobalion
|-damage|p2a: Cobalion|92/100
|-damage|p1a: Tangrowth|84/100|[from] item: Rocky Helmet|[of] p2a: Cobalion
|-ability|p2a: Cobalion|Justified|boost
|-boost|p2a: Cobalion|atk|1
|-enditem|p2a: Cobalion|Rocky Helmet|[from] move: Knock Off|[of] p1a: Tangrowth
|
|upkeep
|turn|15
|
|t:|1654970573
|move|p2a: Cobalion|Swords Dance|p2a: Cobalion
|-boost|p2a: Cobalion|atk|2
|move|p1a: Tangrowth|Sleep Powder|p2a: Cobalion
|-status|p2a: Cobalion|slp|[from] move: Sleep Powder
|
|upkeep
|turn|16
|
|t:|1654970578
|switch|p1a: Excadrill|Excadrill, M|100/100
|-damage|p1a: Excadrill|97/100|[from] Stealth Rock
|-ability|p1a: Excadrill|Mold Breaker
|cant|p2a: Cobalion|slp
|
|-heal|p1a: Excadrill|100/100|[from] item: Leftovers
|upkeep
|turn|17
|
|t:|1654970583
|cant|p2a: Cobalion|slp
|move|p1a: Excadrill|Earthquake|p2a: Cobalion
|-supereffective|p2a: Cobalion
|-damage|p2a: Cobalion|4/100 slp
|
|upkeep
|turn|18
|
|t:|1654970589
|switch|p1a: Tangrowth|Tangrowth, F|100/100
|-damage|p1a: Tangrowth|88/100|[from] Stealth Rock
|-curestatus|p2a: Cobalion|slp|[msg]
|move|p2a: Cobalion|Close Combat|p1a: Tangrowth
|-damage|p1a: Tangrowth|25/100
|-unboost|p2a: Cobalion|def|1
|-unboost|p2a: Cobalion|spd|1
|-damage|p2a: Cobalion|0 fnt|[from] item: Rocky Helmet|[of] p1a: Tangrowth
|faint|p2a: Cobalion
|
|upkeep
|
|t:|1654970596
|switch|p2a: Starmie|Starmie|74/100
|turn|19
|
|t:|1654970604
|switch|p1a: Keldeo|Keldeo-Resolute|82/100 psn
|-damage|p1a: Keldeo|76/100 psn|[from] Stealth Rock
|move|p2a: Starmie|Ice Beam|p1a: Keldeo
|-resisted|p1a: Keldeo
|-damage|p1a: Keldeo|52/100 psn
|-damage|p2a: Starmie|64/100|[from] item: Life Orb
|
|-damage|p1a: Keldeo|39/100 psn|[from] psn
|upkeep
|turn|20
|
|t:|1654970610
|move|p2a: Starmie|Recover|p2a: Starmie
|-heal|p2a: Starmie|100/100
|move|p1a: Keldeo|Flip Turn|p2a: Starmie
|-resisted|p2a: Starmie
|-damage|p2a: Starmie|91/100
|
|t:|1654970613
|switch|p1a: Hydreigon|Hydreigon, M|100/100|[from]move: Flip Turn
|
|upkeep
|turn|21
|
|t:|1654970620
|switch|p2a: Roserade|Roserade, F|83/100
|move|p1a: Hydreigon|Dark Pulse|p2a: Roserade
|-damage|p2a: Roserade|51/100
|
|-heal|p2a: Roserade|57/100|[from] item: Black Sludge
|upkeep
|turn|22
|
|t:|1654970623
|switch|p1a: Crobat|Crobat, F|78/100 brn
|switch|p2a: Hydreigon|Hydreigon, M|94/100
|
|-damage|p1a: Crobat|71/100 brn|[from] brn
|upkeep
|turn|23
|
|t:|1654970631
|move|p2a: Hydreigon|Draco Meteor|p1a: Crobat
|-damage|p1a: Crobat|0 fnt
|-unboost|p2a: Hydreigon|spa|2
|faint|p1a: Crobat
|
|upkeep
|
|t:|1654970636
|switch|p1a: Tangrowth|Tangrowth, F|58/100
|-damage|p1a: Tangrowth|46/100|[from] Stealth Rock
|turn|24
|
|t:|1654970641
|switch|p2a: Moltres|Moltres|16/100
|switch|p1a: Excadrill|Excadrill, M|100/100
|-damage|p1a: Excadrill|97/100|[from] Stealth Rock
|-ability|p1a: Excadrill|Mold Breaker
|
|-heal|p1a: Excadrill|100/100|[from] item: Leftovers
|upkeep
|turn|25
|
|t:|1654970655
|move|p2a: Moltres|Flamethrower|p1a: Excadrill
|-supereffective|p1a: Excadrill
|-damage|p1a: Excadrill|4/100
|move|p1a: Excadrill|Rock Tomb|p2a: Moltres
|-supereffective|p2a: Moltres
|-damage|p2a: Moltres|0 fnt
|faint|p2a: Moltres
|
|-heal|p1a: Excadrill|10/100|[from] item: Leftovers
|upkeep
|
|t:|1654970663
|switch|p2a: Hydreigon|Hydreigon, M|94/100
|turn|26
|
|t:|1654970669
|move|p2a: Hydreigon|Dark Pulse|p1a: Excadrill
|-damage|p1a: Excadrill|0 fnt
|faint|p1a: Excadrill
|
|upkeep
|
|t:|1654970671
|switch|p1a: Hippowdon|Hippowdon, M|62/100
|-damage|p1a: Hippowdon|56/100|[from] Stealth Rock
|-weather|Sandstorm|[from] ability: Sand Stream|[of] p1a: Hippowdon
|turn|27
|
|t:|1654970680
|switch|p2a: Roserade|Roserade, F|57/100
|move|p1a: Hippowdon|Earthquake|p2a: Roserade
|-damage|p2a: Roserade|15/100
|
|-weather|Sandstorm|[upkeep]
|-damage|p2a: Roserade|9/100|[from] Sandstorm
|-heal|p2a: Roserade|15/100|[from] item: Black Sludge
|-heal|p1a: Hippowdon|62/100|[from] item: Leftovers
|upkeep
|turn|28
|
|t:|1654970687
|move|p2a: Roserade|Sludge Bomb|p1a: Hippowdon
|-resisted|p1a: Hippowdon
|-damage|p1a: Hippowdon|48/100
|move|p1a: Hippowdon|Stealth Rock|p2a: Roserade
|-sidestart|p2: MegaTotomon|move: Stealth Rock
|
|-weather|Sandstorm|[upkeep]
|-damage|p2a: Roserade|9/100|[from] Sandstorm
|-heal|p2a: Roserade|15/100|[from] item: Black Sludge
|-heal|p1a: Hippowdon|54/100|[from] item: Leftovers
|upkeep
|turn|29
|
|t:|1654970692
|switch|p1a: Hydreigon|Hydreigon, M|100/100
|move|p2a: Roserade|Giga Drain|p1a: Hydreigon
|-resisted|p1a: Hydreigon
|-damage|p1a: Hydreigon|84/100
|-heal|p2a: Roserade|25/100|[from] drain|[of] p1a: Hydreigon
|
|-weather|Sandstorm|[upkeep]
|-damage|p1a: Hydreigon|78/100|[from] Sandstorm
|-damage|p2a: Roserade|18/100|[from] Sandstorm
|-heal|p2a: Roserade|25/100|[from] item: Black Sludge
|upkeep
|turn|30
|
|t:|1654970698
|move|p1a: Hydreigon|Dark Pulse|p2a: Roserade
|-damage|p2a: Roserade|0 fnt
|faint|p2a: Roserade
|
|-weather|Sandstorm|[upkeep]
|-damage|p1a: Hydreigon|72/100|[from] Sandstorm
|upkeep
|
|t:|1654970703
|switch|p2a: Hydreigon|Hydreigon, M|94/100
|-damage|p2a: Hydreigon|82/100|[from] Stealth Rock
|turn|31
|
|t:|1654970708
|switch|p1a: Tangrowth|Tangrowth, F|79/100
|-damage|p1a: Tangrowth|67/100|[from] Stealth Rock
|move|p2a: Hydreigon|Draco Meteor|p1a: Tangrowth
|-damage|p1a: Tangrowth|0 fnt
|-unboost|p2a: Hydreigon|spa|2
|faint|p1a: Tangrowth
|
|-weather|none
|upkeep
|
|t:|1654970710
|switch|p1a: Keldeo|Keldeo-Resolute|39/100 psn
|-damage|p1a: Keldeo|33/100 psn|[from] Stealth Rock
|turn|32
|
|t:|1654970723
|move|p2a: Hydreigon|Draco Meteor|p1a: Keldeo
|-damage|p1a: Keldeo|0 fnt
|-unboost|p2a: Hydreigon|spa|2
|faint|p1a: Keldeo
|
|upkeep
|
|t:|1654970730
|switch|p1a: Hippowdon|Hippowdon, M|54/100
|-damage|p1a: Hippowdon|48/100|[from] Stealth Rock
|-weather|Sandstorm|[from] ability: Sand Stream|[of] p1a: Hippowdon
|turn|33
|
|t:|1654970733
|switch|p2a: Hippowdon|Hippowdon, M|70/100 tox
|-damage|p2a: Hippowdon|64/100 tox|[from] Stealth Rock
|move|p1a: Hippowdon|Slack Off|p1a: Hippowdon
|-heal|p1a: Hippowdon|98/100
|
|-weather|Sandstorm|[upkeep]
|-heal|p2a: Hippowdon|70/100 tox|[from] item: Leftovers
|-heal|p1a: Hippowdon|100/100|[from] item: Leftovers
|-damage|p2a: Hippowdon|64/100 tox|[from] psn
|upkeep
|turn|34
|c|☆PlasticPinnochio|oh bruh I forgot I'm not scarf anymore
|
|t:|1654970753
|move|p2a: Hippowdon|Toxic|p1a: Hippowdon|[miss]
|-miss|p2a: Hippowdon|p1a: Hippowdon
|move|p1a: Hippowdon|Earthquake|p2a: Hippowdon
|-damage|p2a: Hippowdon|38/100 tox
|
|-weather|Sandstorm|[upkeep]
|-heal|p2a: Hippowdon|44/100 tox|[from] item: Leftovers
|-damage|p2a: Hippowdon|32/100 tox|[from] psn
|upkeep
|turn|35
|
|t:|1654970758
|move|p1a: Hippowdon|Earthquake|p2a: Hippowdon
|-damage|p2a: Hippowdon|4/100 tox
|move|p2a: Hippowdon|Toxic|p1a: Hippowdon
|-status|p1a: Hippowdon|tox
|
|-weather|Sandstorm|[upkeep]
|-heal|p2a: Hippowdon|10/100 tox|[from] item: Leftovers
|-damage|p2a: Hippowdon|0 fnt|[from] psn
|faint|p2a: Hippowdon
|-damage|p1a: Hippowdon|94/100 tox|[from] psn
|upkeep
|
|t:|1654970763
|switch|p2a: Starmie|Starmie|91/100
|-damage|p2a: Starmie|79/100|[from] Stealth Rock
|turn|36
|c|☆PlasticPinnochio|g
|c|☆PlasticPinnochio|g
|
|t:|1654970767
|move|p2a: Starmie|Hydro Pump|p1a: Hippowdon
|-supereffective|p1a: Hippowdon
|-damage|p1a: Hippowdon|0 fnt
|faint|p1a: Hippowdon
|-damage|p2a: Starmie|69/100|[from] item: Life Orb
|
|-weather|Sandstorm|[upkeep]
|-damage|p2a: Starmie|63/100|[from] Sandstorm
|upkeep
|
|t:|1654970768
|switch|p1a: Hydreigon|Hydreigon, M|72/100
|turn|37
|
|t:|1654970771
|move|p2a: Starmie|Ice Beam|p1a: Hydreigon
|-supereffective|p1a: Hydreigon
|-damage|p1a: Hydreigon|5/100
|-damage|p2a: Starmie|53/100|[from] item: Life Orb
|move|p1a: Hydreigon|Dark Pulse|p2a: Starmie
|-supereffective|p2a: Starmie
|-damage|p2a: Starmie|0 fnt
|faint|p2a: Starmie
|
|-weather|none
|upkeep
|
|t:|1654970775
|switch|p2a: Hydreigon|Hydreigon, M|82/100
|-damage|p2a: Hydreigon|70/100|[from] Stealth Rock
|turn|38
|
|t:|1654970777
|move|p2a: Hydreigon|U-turn|p1a: Hydreigon
|-supereffective|p1a: Hydreigon
|-damage|p1a: Hydreigon|0 fnt
|faint|p1a: Hydreigon
|
|win|MegaTotomon
|raw|PlasticPinnochio's rating: 1418 &rarr; <strong>1400</strong><br />(-18 for losing)
|raw|MegaTotomon's rating: 1456 &rarr; <strong>1474</strong><br />(+18 for winning)
