|html|<div class="broadcast-blue"><strong>[Gen 8] UU is currently suspecting Mienshao! For information on how to participate check out the <a href="https://www.smogon.com/forums/threads/np-ss-uu-stage-10-3-pumped-up-kicks.3694543/">suspect thread</a>.</strong></div>
|j|☆Xemnas80
|j|☆kingyascah
|t:|1639862021
|gametype|singles
|player|p1|Xemnas80|rood|1400
|player|p2|kingyascah|brock|1409
|teamsize|p1|6
|teamsize|p2|6
|gen|8
|tier|[Gen 8] UU
|rated|
|rule|Sleep Clause Mod: Limit one foe put to sleep
|rule|Species Clause: Limit one of each Pokémon
|rule|OHKO Clause: OHKO moves are banned
|rule|Evasion Moves Clause: Evasion moves are banned
|rule|Endless Battle Clause: Forcing endless battles is banned
|rule|HP Percentage Mod: HP is shown in percentages
|rule|Dynamax Clause: You cannot dynamax
|clearpoke
|poke|p1|Salazzle, F|
|poke|p1|Mienshao, M|
|poke|p1|Mandibuzz, F|
|poke|p1|Tapu Bulu|
|poke|p1|Jirachi|
|poke|p1|Swampert, M|
|poke|p2|Chansey, F|
|poke|p2|Skarmory, F|
|poke|p2|Excadrill, M|
|poke|p2|Mamoswine, F|
|poke|p2|Gyarados, M|
|poke|p2|Hydreigon, M|
|teampreview
|inactive|Battle timer is ON: inactive players will automatically lose when time's up. (requested by Xemnas80)
|
|t:|1639862053
|start
|switch|p1a: Swampert|Swampert, M|100/100
|switch|p2a: Chansey|Chansey, F|100/100
|turn|1
|
|t:|1639862071
|move|p1a: Swampert|Stealth Rock|p2a: Chansey
|-sidestart|p2: kingyascah|move: Stealth Rock
|move|p2a: Chansey|Stealth Rock|p1a: Swampert
|-sidestart|p1: Xemnas80|move: Stealth Rock
|
|upkeep
|turn|2
|
|t:|1639862080
|move|p1a: Swampert|Flip Turn|p2a: Chansey
|-damage|p2a: Chansey|85/100
|
|t:|1639862083
|switch|p1a: Mienshao|Mienshao, M|100/100|[from]move: Flip Turn
|-damage|p1a: Mienshao|95/100|[from] Stealth Rock
|move|p2a: Chansey|Toxic|p1a: Mienshao|[miss]
|-miss|p2a: Chansey|p1a: Mienshao
|
|upkeep
|turn|3
|
|t:|1639862099
|switch|p2a: Skarmory|Skarmory, F|100/100
|-damage|p2a: Skarmory|88/100|[from] Stealth Rock
|move|p1a: Mienshao|Close Combat|p2a: Skarmory
|-damage|p2a: Skarmory|49/100
|-unboost|p1a: Mienshao|def|1
|-unboost|p1a: Mienshao|spd|1
|-damage|p1a: Mienshao|78/100|[from] item: Rocky Helmet|[of] p2a: Skarmory
|
|upkeep
|turn|4
|inactive|Xemnas80 has 120 seconds left.
|
|t:|1639862134
|switch|p1a: Mandibuzz|Mandibuzz, F|100/100
|move|p2a: Skarmory|Spikes|p1a: Mandibuzz
|-sidestart|p1: Xemnas80|Spikes
|
|upkeep
|turn|5
|
|t:|1639862143
|move|p1a: Mandibuzz|Defog|p2a: Skarmory
|-unboost|p2a: Skarmory|evasion|1
|-sideend|p2: kingyascah|Stealth Rock|[from] move: Defog|[of] p1a: Mandibuzz
|-sideend|p1: Xemnas80|Spikes|[from] move: Defog|[of] p1a: Mandibuzz
|-sideend|p1: Xemnas80|Stealth Rock|[from] move: Defog|[of] p1a: Mandibuzz
|move|p2a: Skarmory|Roost|p2a: Skarmory
|-heal|p2a: Skarmory|99/100
|-singleturn|p2a: Skarmory|move: Roost
|
|upkeep
|turn|6
|inactive|Xemnas80 has 120 seconds left.
|
|t:|1639862152
|switch|p1a: Salazzle|Salazzle, F|100/100
|move|p2a: Skarmory|Spikes|p1a: Salazzle
|-sidestart|p1: Xemnas80|Spikes
|
|upkeep
|turn|7
|
|t:|1639862159
|switch|p2a: Chansey|Chansey, F|85/100
|move|p1a: Salazzle|Flamethrower|p2a: Chansey
|-damage|p2a: Chansey|67/100
|
|upkeep
|turn|8
|
|t:|1639862169
|switch|p1a: Mienshao|Mienshao, M|100/100
|-damage|p1a: Mienshao|88/100|[from] Spikes
|move|p2a: Chansey|Teleport|p2a: Chansey
|
|t:|1639862173
|switch|p2a: Skarmory|Skarmory, F|99/100|[from]move: Teleport
|
|upkeep
|turn|9
|
|t:|1639862178
|move|p1a: Mienshao|Knock Off|p2a: Skarmory
|-damage|p2a: Skarmory|77/100
|-damage|p1a: Mienshao|72/100|[from] item: Rocky Helmet|[of] p2a: Skarmory
|-enditem|p2a: Skarmory|Rocky Helmet|[from] move: Knock Off|[of] p1a: Mienshao
|move|p2a: Skarmory|Whirlwind|p1a: Mienshao
|drag|p1a: Tapu Bulu|Tapu Bulu|100/100
|-damage|p1a: Tapu Bulu|88/100|[from] Spikes
|-fieldstart|move: Grassy Terrain|[from] ability: Grassy Surge|[of] p1a: Tapu Bulu
|
|-heal|p1a: Tapu Bulu|94/100|[from] Grassy Terrain
|upkeep
|turn|10
|
|t:|1639862196
|move|p1a: Tapu Bulu|Bulk Up|p1a: Tapu Bulu
|-boost|p1a: Tapu Bulu|atk|1
|-boost|p1a: Tapu Bulu|def|1
|move|p2a: Skarmory|Spikes|p1a: Tapu Bulu
|-sidestart|p1: Xemnas80|Spikes
|
|-heal|p1a: Tapu Bulu|100/100|[from] Grassy Terrain
|upkeep
|turn|11
|
|t:|1639862218
|move|p1a: Tapu Bulu|Bulk Up|p1a: Tapu Bulu
|-boost|p1a: Tapu Bulu|atk|1
|-boost|p1a: Tapu Bulu|def|1
|move|p2a: Skarmory|Brave Bird|p1a: Tapu Bulu
|-supereffective|p1a: Tapu Bulu
|-damage|p1a: Tapu Bulu|78/100
|-damage|p2a: Skarmory|61/100|[from] item: Rocky Helmet|[of] p1a: Tapu Bulu
|-damage|p2a: Skarmory|53/100|[from] Recoil
|
|-heal|p1a: Tapu Bulu|84/100|[from] Grassy Terrain
|upkeep
|turn|12
|
|t:|1639862231
|move|p2a: Skarmory|Spikes|p1a: Tapu Bulu
|-sidestart|p1: Xemnas80|Spikes
|move|p1a: Tapu Bulu|Close Combat|p2a: Skarmory
|-damage|p2a: Skarmory|10/100
|-unboost|p1a: Tapu Bulu|def|1
|-unboost|p1a: Tapu Bulu|spd|1
|
|-heal|p1a: Tapu Bulu|90/100|[from] Grassy Terrain
|upkeep
|turn|13
|
|t:|1639862239
|move|p1a: Tapu Bulu|Close Combat|p2a: Skarmory
|-damage|p2a: Skarmory|0 fnt
|-unboost|p1a: Tapu Bulu|def|1
|-unboost|p1a: Tapu Bulu|spd|1
|faint|p2a: Skarmory
|
|-heal|p1a: Tapu Bulu|96/100|[from] Grassy Terrain
|-fieldend|move: Grassy Terrain
|upkeep
|
|t:|1639862246
|switch|p2a: Mamoswine|Mamoswine, F|100/100
|turn|14
|
|t:|1639862255
|move|p2a: Mamoswine|Icicle Crash|p1a: Tapu Bulu|[miss]
|-miss|p2a: Mamoswine|p1a: Tapu Bulu
|move|p1a: Tapu Bulu|Horn Leech|p2a: Mamoswine
|-supereffective|p2a: Mamoswine
|-damage|p2a: Mamoswine|0 fnt
|-heal|p1a: Tapu Bulu|100/100|[from] drain|[of] p2a: Mamoswine
|faint|p2a: Mamoswine
|
|upkeep
|
|t:|1639862266
|switch|p2a: Excadrill|Excadrill, M|100/100
|-ability|p2a: Excadrill|Mold Breaker
|turn|15
|
|t:|1639862270
|move|p2a: Excadrill|Iron Head|p1a: Tapu Bulu
|-supereffective|p1a: Tapu Bulu
|-damage|p1a: Tapu Bulu|43/100
|-damage|p2a: Excadrill|84/100|[from] item: Rocky Helmet|[of] p1a: Tapu Bulu
|move|p1a: Tapu Bulu|Horn Leech|p2a: Excadrill
|-damage|p2a: Excadrill|0 fnt
|-heal|p1a: Tapu Bulu|87/100|[from] drain|[of] p2a: Excadrill
|faint|p2a: Excadrill
|
|upkeep
|-message|kingyascah forfeited.
|
|win|Xemnas80
|raw|Xemnas80's rating: 1400 &rarr; <strong>1421</strong><br />(+21 for winning)
|raw|kingyascah's rating: 1409 &rarr; <strong>1388</strong><br />(-21 for losing)
|l|☆kingyascah
|c|☆Xemnas80|gg
