|html|<div class="broadcast-blue"><strong>[Gen 8] UU is currently suspecting Aegislash! For information on how to participate check out the <a href="https://www.smogon.com/forums/threads/np-ss-uu-stage-8-4-spellbound-aegislash-retest-victini-banned.3679677/">suspect thread</a>.</strong></div>
|j|☆Adrift and Alone
|j|☆Uu8a wubdu
|t:|1615304791
|player|p1|Adrift and Alone|psychic-gen3|1520
|player|p2|Uu8a wubdu|twins-gen4dp|1285
|teamsize|p1|6
|teamsize|p2|6
|gametype|singles
|gen|8
|tier|[Gen 8] UU
|rated|
|clearpoke
|poke|p1|Zeraora|
|poke|p1|Amoonguss, M|
|poke|p1|Aegislash, M|
|poke|p1|Salamence, M|
|poke|p1|Rhyperior, F|
|poke|p1|Keldeo-Resolute|
|poke|p2|Shuckle, F|
|poke|p2|Azumarill, M|
|poke|p2|Aegislash, M|
|poke|p2|Scizor, M|
|poke|p2|Thundurus-Therian, M|
|poke|p2|Alakazam, F|
|rule|Sleep Clause Mod: Limit one foe put to sleep
|rule|Species Clause: Limit one of each Pokémon
|rule|OHKO Clause: OHKO moves are banned
|rule|Evasion Moves Clause: Evasion moves are banned
|rule|Endless Battle Clause: Forcing endless battles is banned
|rule|HP Percentage Mod: HP is shown in percentages
|rule|Dynamax Clause: You cannot dynamax
|teampreview
|
|t:|1615304804
|start
|switch|p1a: Rhyperior|Rhyperior, F|100/100
|switch|p2a: Shuckle|Shuckle, F|100/100
|turn|1
|
|t:|1615304807
|move|p1a: Rhyperior|Stone Edge|p2a: Shuckle
|-supereffective|p2a: Shuckle
|-damage|p2a: Shuckle|49/100
|-enditem|p2a: Shuckle|Red Card|[of] p1a: Rhyperior
|drag|p1a: Amoonguss|Amoonguss, M|100/100
|move|p2a: Shuckle|Sticky Web|p1a: Amoonguss
|-sidestart|p1: Adrift and Alone|move: Sticky Web
|
|upkeep
|turn|2
|
|t:|1615304811
|move|p1a: Amoonguss|Spore|p2a: Shuckle
|-status|p2a: Shuckle|slp|[from] move: Spore
|cant|p2a: Shuckle|slp
|
|upkeep
|turn|3
|
|t:|1615304818
|switch|p1a: Rhyperior|Rhyperior, F|100/100
|-activate|p1a: Rhyperior|move: Sticky Web
|-unboost|p1a: Rhyperior|spe|1
|cant|p2a: Shuckle|slp
|
|upkeep
|turn|4
|
|t:|1615304833
|switch|p2a: Aegislash|Aegislash, M|100/100
|-item|p2a: Aegislash|Air Balloon
|move|p1a: Rhyperior|Stone Edge|p2a: Aegislash
|-resisted|p2a: Aegislash
|-damage|p2a: Aegislash|76/100
|-enditem|p2a: Aegislash|Air Balloon
|
|upkeep
|turn|5
|
|t:|1615304840
|switch|p1a: Salamence|Salamence, M|100/100
|-ability|p1a: Salamence|Intimidate|boost
|-unboost|p2a: Aegislash|atk|1
|-formechange|p2a: Aegislash|Aegislash-Blade||[from] ability: Stance Change
|move|p2a: Aegislash|Iron Head|p1a: Salamence
|-damage|p1a: Salamence|65/100
|
|upkeep
|turn|6
|
|t:|1615304861
|switch|p2a: Azumarill|Azumarill, M|100/100
|move|p1a: Salamence|Defog|p2a: Azumarill
|-unboost|p2a: Azumarill|evasion|1
|-sideend|p1: Adrift and Alone|Sticky Web|[from] move: Defog|[of] p1a: Salamence
|
|upkeep
|turn|7
|
|t:|1615304877
|switch|p1a: Aegislash|Aegislash, M|100/100
|move|p2a: Azumarill|Play Rough|p1a: Aegislash
|-resisted|p1a: Aegislash
|-damage|p1a: Aegislash|77/100
|
|upkeep
|turn|8
|
|t:|1615304887
|switch|p1a: Amoonguss|Amoonguss, M|100/100
|move|p2a: Azumarill|Knock Off|p1a: Amoonguss
|-damage|p1a: Amoonguss|71/100
|-damage|p2a: Azumarill|84/100|[from] item: Rocky Helmet|[of] p1a: Amoonguss
|-enditem|p1a: Amoonguss|Rocky Helmet|[from] move: Knock Off|[of] p2a: Azumarill
|
|upkeep
|turn|9
|
|t:|1615304896
|switch|p2a: Scizor|Scizor, M|100/100
|move|p1a: Amoonguss|Giga Drain|p2a: Scizor
|-resisted|p2a: Scizor
|-damage|p2a: Scizor|94/100
|-heal|p1a: Amoonguss|73/100|[from] drain|[of] p2a: Scizor
|
|upkeep
|turn|10
|
|t:|1615304902
|move|p2a: Scizor|Bug Bite|p1a: Amoonguss
|-damage|p1a: Amoonguss|18/100
|-damage|p2a: Scizor|85/100|[from] item: Life Orb
|move|p1a: Amoonguss|Foul Play|p2a: Scizor
|-damage|p2a: Scizor|48/100
|
|upkeep
|turn|11
|
|t:|1615304917
|switch|p2a: Azumarill|Azumarill, M|84/100
|switch|p1a: Salamence|Salamence, M|65/100
|-ability|p1a: Salamence|Intimidate|boost
|-unboost|p2a: Azumarill|atk|1
|
|upkeep
|turn|12
|
|t:|1615304923
|move|p1a: Salamence|Flamethrower|p2a: Azumarill
|-resisted|p2a: Azumarill
|-damage|p2a: Azumarill|68/100
|move|p2a: Azumarill|Belly Drum|p2a: Azumarill
|-damage|p2a: Azumarill|18/100
|-setboost|p2a: Azumarill|atk|6|[from] move: Belly Drum
|-enditem|p2a: Azumarill|Sitrus Berry|[eat]
|-heal|p2a: Azumarill|43/100|[from] item: Sitrus Berry
|
|upkeep
|turn|13
|
|t:|1615304929
|move|p1a: Salamence|Flamethrower|p2a: Azumarill
|-resisted|p2a: Azumarill
|-damage|p2a: Azumarill|28/100
|-status|p2a: Azumarill|brn
|move|p2a: Azumarill|Knock Off|p1a: Salamence
|-damage|p1a: Salamence|0 fnt
|-enditem|p1a: Salamence|Heavy-Duty Boots|[from] move: Knock Off|[of] p2a: Azumarill
|faint|p1a: Salamence
|
|-damage|p2a: Azumarill|22/100 brn|[from] brn
|upkeep
|
|t:|1615304935
|switch|p1a: Keldeo|Keldeo-Resolute|100/100
|turn|14
|
|t:|1615304940
|move|p2a: Azumarill|Aqua Jet|p1a: Keldeo
|-resisted|p1a: Keldeo
|-damage|p1a: Keldeo|73/100
|move|p1a: Keldeo|Secret Sword|p2a: Azumarill
|-resisted|p2a: Azumarill
|-damage|p2a: Azumarill|0 fnt
|faint|p2a: Azumarill
|
|-heal|p1a: Keldeo|79/100|[from] item: Leftovers
|upkeep
|
|t:|1615304945
|switch|p2a: Alakazam|Alakazam, F|100/100
|turn|15
|
|t:|1615304950
|switch|p1a: Aegislash|Aegislash, M|77/100
|move|p2a: Alakazam|Psychic|p1a: Aegislash
|-resisted|p1a: Aegislash
|-crit|p1a: Aegislash
|-damage|p1a: Aegislash|49/100
|
|upkeep
|turn|16
|
|t:|1615304960
|-formechange|p1a: Aegislash|Aegislash-Blade||[from] ability: Stance Change
|move|p1a: Aegislash|Shadow Sneak|p2a: Alakazam
|-supereffective|p2a: Alakazam
|-enditem|p2a: Alakazam|Focus Sash
|-damage|p2a: Alakazam|1/100
|-damage|p1a: Aegislash|39/100|[from] item: Life Orb
|move|p2a: Alakazam|Shadow Ball|p1a: Aegislash
|-supereffective|p1a: Aegislash
|-damage|p1a: Aegislash|0 fnt
|faint|p1a: Aegislash
|
|upkeep
|
|t:|1615304964
|switch|p1a: Zeraora|Zeraora|100/100
|turn|17
|
|t:|1615304980
|switch|p2a: Scizor|Scizor, M|48/100
|move|p1a: Zeraora|Knock Off|p2a: Scizor
|-damage|p2a: Scizor|21/100
|-enditem|p2a: Scizor|Life Orb|[from] move: Knock Off|[of] p1a: Zeraora
|
|upkeep
|turn|18
|
|t:|1615304985
|move|p2a: Scizor|Quick Attack|p1a: Zeraora
|-damage|p1a: Zeraora|72/100
|move|p1a: Zeraora|Plasma Fists|p2a: Scizor
|-damage|p2a: Scizor|0 fnt
|-fieldactivate|move: Ion Deluge
|faint|p2a: Scizor
|
|upkeep
|
|t:|1615304990
|switch|p2a: Thundurus|Thundurus-Therian, M|100/100
|turn|19
|
|t:|1615305002
|switch|p1a: Rhyperior|Rhyperior, F|100/100
|move|p2a: Thundurus|Nasty Plot|p2a: Thundurus
|-boost|p2a: Thundurus|spa|2
|
|upkeep
|turn|20
|
|t:|1615305005
|move|p2a: Thundurus|Focus Blast|p1a: Rhyperior
|-supereffective|p1a: Rhyperior
|-damage|p1a: Rhyperior|0 fnt
|faint|p1a: Rhyperior
|
|upkeep
|
|t:|1615305009
|switch|p1a: Keldeo|Keldeo-Resolute|79/100
|turn|21
|
|t:|1615305015
|move|p1a: Keldeo|Scald|p2a: Thundurus
|-damage|p2a: Thundurus|40/100
|move|p2a: Thundurus|Thunderbolt|p1a: Keldeo
|-supereffective|p1a: Keldeo
|-damage|p1a: Keldeo|0 fnt
|faint|p1a: Keldeo
|
|upkeep
|
|t:|1615305019
|switch|p1a: Zeraora|Zeraora|72/100
|turn|22
|
|t:|1615305022
|move|p1a: Zeraora|Knock Off|p2a: Thundurus
|-damage|p2a: Thundurus|0 fnt
|-enditem|p2a: Thundurus|Heavy-Duty Boots|[from] move: Knock Off|[of] p1a: Zeraora
|faint|p2a: Thundurus
|
|upkeep
|
|t:|1615305024
|switch|p2a: Aegislash|Aegislash, M|76/100
|turn|23
|
|t:|1615305034
|move|p1a: Zeraora|Knock Off|p2a: Aegislash
|-supereffective|p2a: Aegislash
|-damage|p2a: Aegislash|40/100
|move|p2a: Aegislash|Swords Dance|p2a: Aegislash
|-boost|p2a: Aegislash|atk|2
|
|upkeep
|turn|24
|
|t:|1615305052
|switch|p1a: Amoonguss|Amoonguss, M|51/100
|move|p2a: Aegislash|Swords Dance|p2a: Aegislash
|-boost|p2a: Aegislash|atk|2
|
|upkeep
|turn|25
|
|t:|1615305057
|-formechange|p2a: Aegislash|Aegislash-Blade||[from] ability: Stance Change
|move|p2a: Aegislash|Iron Head|p1a: Amoonguss
|-damage|p1a: Amoonguss|0 fnt
|faint|p1a: Amoonguss
|
|upkeep
|
|t:|1615305059
|switch|p1a: Zeraora|Zeraora|72/100
|turn|26
|
|t:|1615305061
|move|p2a: Aegislash|Shadow Sneak|p1a: Zeraora
|-damage|p1a: Zeraora|0 fnt
|faint|p1a: Zeraora
|
|win|Uu8a wubdu
|raw|Adrift and Alone's rating: 1521 &rarr; <strong>1490</strong><br />(-31 for losing)
|raw|Uu8a wubdu's rating: 1311 &rarr; <strong>1336</strong><br />(+25 for winning)
|l|☆Adrift and Alone
||Ladder (probably) updated, but score could not be retrieved (Request timeout).
