|j|☆Adrift and Alone
|j|☆Eel56
|player|p1|Adrift and Alone|ethan-gen2|1701
|player|p2|Eel56|juggler|1692
|teamsize|p1|6
|teamsize|p2|6
|gametype|singles
|gen|8
|tier|[Gen 8] UU
|rated|
|clearpoke
|poke|p1|Haxorus, M|
|poke|p1|Rhyperior, M|
|poke|p1|Weezing-Galar, F|
|poke|p1|Milotic, M|
|poke|p1|Doublade, F|
|poke|p1|Noivern, M|
|poke|p2|Mamoswine, M|
|poke|p2|Gigalith, M|
|poke|p2|Weezing-Galar, M|
|poke|p2|Heliolisk, M|
|poke|p2|Golisopod, M|
|poke|p2|Chandelure, F|
|rule|Sleep Clause Mod: Limit one foe put to sleep
|rule|Species Clause: Limit one of each Pokémon
|rule|OHKO Clause: OHKO moves are banned
|rule|Evasion Moves Clause: Evasion moves are banned
|rule|Endless Battle Clause: Forcing endless battles is banned
|rule|HP Percentage Mod: HP is shown in percentages
|rule|Dynamax Clause: You cannot dynamax
|teampreview
|
|start
|switch|p1a: Milotic|Milotic, M|100/100
|switch|p2a: Heliolisk|Heliolisk, M|100/100
|turn|1
|inactive|Battle timer is ON: inactive players will automatically lose when time's up. (requested by Adrift and Alone)
|
|move|p2a: Heliolisk|Volt Switch|p1a: Milotic
|-supereffective|p1a: Milotic
|-damage|p1a: Milotic|41/100
|
|switch|p2a: Gigalith|Gigalith, M|100/100|[from]move: Volt Switch
|-weather|Sandstorm|[from] ability: Sand Stream|[of] p2a: Gigalith
|move|p1a: Milotic|Recover|p1a: Milotic
|-heal|p1a: Milotic|91/100
|
|-weather|Sandstorm|[upkeep]
|-damage|p1a: Milotic|85/100|[from] Sandstorm
|-heal|p1a: Milotic|91/100|[from] item: Leftovers
|upkeep
|turn|2
|
|move|p1a: Milotic|Toxic|p2a: Gigalith
|-status|p2a: Gigalith|tox
|move|p2a: Gigalith|Toxic|p1a: Milotic
|-status|p1a: Milotic|tox
|
|-weather|Sandstorm|[upkeep]
|-damage|p1a: Milotic|85/100 tox|[from] Sandstorm
|-heal|p1a: Milotic|91/100 tox|[from] item: Leftovers
|-damage|p1a: Milotic|85/100 tox|[from] psn
|-damage|p2a: Gigalith|94/100 tox|[from] psn
|upkeep
|turn|3
|
|switch|p1a: Rhyperior|Rhyperior, M|100/100
|move|p2a: Gigalith|Stealth Rock|p1a: Rhyperior
|-sidestart|p1: Adrift and Alone|move: Stealth Rock
|
|-weather|Sandstorm|[upkeep]
|-heal|p2a: Gigalith|100/100 tox|[from] item: Leftovers
|-damage|p2a: Gigalith|88/100 tox|[from] psn
|upkeep
|turn|4
|
|switch|p2a: Golisopod|Golisopod, M|100/100
|move|p1a: Rhyperior|Stealth Rock|p2a: Golisopod
|-sidestart|p2: Eel56|move: Stealth Rock
|
|-weather|Sandstorm|[upkeep]
|-damage|p2a: Golisopod|94/100|[from] Sandstorm
|upkeep
|turn|5
|
|switch|p1a: Noivern|Noivern, M|100/100
|-item|p2a: Golisopod|Heavy-Duty Boots|[from] ability: Frisk|[of] p1a: Noivern|[identify]
|move|p2a: Golisopod|Liquidation|p1a: Noivern
|-resisted|p1a: Noivern
|-damage|p1a: Noivern|70/100
|-unboost|p1a: Noivern|def|1
|
|-weather|none
|upkeep
|turn|6
|
|switch|p2a: Gigalith|Gigalith, M|88/100 tox
|-damage|p2a: Gigalith|76/100 tox|[from] Stealth Rock
|-weather|Sandstorm|[from] ability: Sand Stream|[of] p2a: Gigalith
|move|p1a: Noivern|Draco Meteor|p2a: Gigalith
|-damage|p2a: Gigalith|48/100 tox
|-unboost|p1a: Noivern|spa|2
|
|-weather|Sandstorm|[upkeep]
|-damage|p1a: Noivern|64/100|[from] Sandstorm
|-heal|p2a: Gigalith|54/100 tox|[from] item: Leftovers
|-damage|p2a: Gigalith|48/100 tox|[from] psn
|upkeep
|turn|7
|
|switch|p1a: Weezing|Weezing-Galar, F|100/100
|-damage|p1a: Weezing|88/100|[from] Stealth Rock
|switch|p2a: Heliolisk|Heliolisk, M|100/100
|-damage|p2a: Heliolisk|88/100|[from] Stealth Rock
|
|-weather|Sandstorm|[upkeep]
|-damage|p2a: Heliolisk|82/100|[from] Sandstorm
|-damage|p1a: Weezing|82/100|[from] Sandstorm
|-heal|p1a: Weezing|88/100|[from] item: Black Sludge
|upkeep
|turn|8
|
|move|p2a: Heliolisk|Surf|p1a: Weezing
|-damage|p1a: Weezing|28/100
|move|p1a: Weezing|Pain Split|p2a: Heliolisk
|-sethp|p2a: Heliolisk|57/100|[from] move: Pain Split|[silent]
|-sethp|p1a: Weezing|48/100|[from] move: Pain Split
|
|-weather|Sandstorm|[upkeep]
|-damage|p2a: Heliolisk|51/100|[from] Sandstorm
|-damage|p1a: Weezing|42/100|[from] Sandstorm
|-heal|p1a: Weezing|48/100|[from] item: Black Sludge
|upkeep
|turn|9
|
|switch|p2a: Mamoswine|Mamoswine, M|100/100
|-damage|p2a: Mamoswine|88/100|[from] Stealth Rock
|switch|p1a: Milotic|Milotic, M|85/100 tox
|-damage|p1a: Milotic|73/100 tox|[from] Stealth Rock
|
|-weather|Sandstorm|[upkeep]
|-damage|p1a: Milotic|66/100 tox|[from] Sandstorm
|-heal|p1a: Milotic|73/100 tox|[from] item: Leftovers
|-damage|p1a: Milotic|66/100 tox|[from] psn
|upkeep
|turn|10
|
|switch|p2a: Heliolisk|Heliolisk, M|51/100
|-damage|p2a: Heliolisk|39/100|[from] Stealth Rock
|move|p1a: Milotic|Recover|p1a: Milotic
|-heal|p1a: Milotic|100/100 tox
|
|-weather|none
|-damage|p1a: Milotic|88/100 tox|[from] psn
|upkeep
|turn|11
|
|switch|p1a: Rhyperior|Rhyperior, M|100/100
|-damage|p1a: Rhyperior|94/100|[from] Stealth Rock
|move|p2a: Heliolisk|Volt Switch|p1a: Rhyperior
|-immune|p1a: Rhyperior
|
|-heal|p1a: Rhyperior|100/100|[from] item: Leftovers
|upkeep
|turn|12
|
|switch|p2a: Weezing|Weezing-Galar, M|100/100
|-damage|p2a: Weezing|88/100|[from] Stealth Rock
|move|p1a: Rhyperior|Rock Blast|p2a: Weezing
|-damage|p2a: Weezing|81/100
|-damage|p2a: Weezing|74/100
|-hitcount|p2a: Weezing|2
|
|-heal|p2a: Weezing|80/100|[from] item: Leftovers
|upkeep
|turn|13
|
|switch|p1a: Weezing|Weezing-Galar, F|48/100
|-damage|p1a: Weezing|36/100|[from] Stealth Rock
|move|p2a: Weezing|Strange Steam|p1a: Weezing
|-resisted|p1a: Weezing
|-damage|p1a: Weezing|18/100
|
|-heal|p1a: Weezing|24/100|[from] item: Black Sludge
|-heal|p2a: Weezing|86/100|[from] item: Leftovers
|upkeep
|turn|14
|
|switch|p2a: Chandelure|Chandelure, F|100/100
|-damage|p2a: Chandelure|76/100|[from] Stealth Rock
|move|p1a: Weezing|Pain Split|p2a: Chandelure
|-sethp|p2a: Chandelure|52/100|[from] move: Pain Split|[silent]
|-sethp|p1a: Weezing|43/100|[from] move: Pain Split
|
|-heal|p2a: Chandelure|58/100|[from] item: Leftovers
|-heal|p1a: Weezing|49/100|[from] item: Black Sludge
|upkeep
|turn|15
|
|switch|p1a: Milotic|Milotic, M|88/100 tox
|-damage|p1a: Milotic|76/100 tox|[from] Stealth Rock
|move|p2a: Chandelure|Shadow Ball|p1a: Milotic
|-damage|p1a: Milotic|48/100 tox
|
|-heal|p2a: Chandelure|64/100|[from] item: Leftovers
|-heal|p1a: Milotic|54/100 tox|[from] item: Leftovers
|-damage|p1a: Milotic|48/100 tox|[from] psn
|upkeep
|turn|16
|
|move|p2a: Chandelure|Substitute|p2a: Chandelure
|-start|p2a: Chandelure|Substitute
|-damage|p2a: Chandelure|40/100
|move|p1a: Milotic|Recover|p1a: Milotic
|-heal|p1a: Milotic|98/100 tox
|
|-heal|p2a: Chandelure|46/100|[from] item: Leftovers
|-heal|p1a: Milotic|100/100 tox|[from] item: Leftovers
|-damage|p1a: Milotic|88/100 tox|[from] psn
|upkeep
|turn|17
|
|move|p2a: Chandelure|Calm Mind|p2a: Chandelure
|-boost|p2a: Chandelure|spa|1
|-boost|p2a: Chandelure|spd|1
|move|p1a: Milotic|Scald|p2a: Chandelure
|-supereffective|p2a: Chandelure
|-end|p2a: Chandelure|Substitute
|
|-heal|p2a: Chandelure|52/100|[from] item: Leftovers
|-heal|p1a: Milotic|94/100 tox|[from] item: Leftovers
|-damage|p1a: Milotic|76/100 tox|[from] psn
|upkeep
|turn|18
|
|move|p2a: Chandelure|Substitute|p2a: Chandelure
|-start|p2a: Chandelure|Substitute
|-damage|p2a: Chandelure|27/100
|move|p1a: Milotic|Haze|p1a: Milotic
|-clearallboost
|
|-heal|p2a: Chandelure|33/100|[from] item: Leftovers
|-heal|p1a: Milotic|82/100 tox|[from] item: Leftovers
|-damage|p1a: Milotic|58/100 tox|[from] psn
|upkeep
|turn|19
|
|switch|p1a: Rhyperior|Rhyperior, M|100/100
|-damage|p1a: Rhyperior|94/100|[from] Stealth Rock
|move|p2a: Chandelure|Shadow Ball|p1a: Rhyperior
|-damage|p1a: Rhyperior|56/100
|-unboost|p1a: Rhyperior|spd|1
|
|-heal|p2a: Chandelure|39/100|[from] item: Leftovers
|-heal|p1a: Rhyperior|62/100|[from] item: Leftovers
|upkeep
|turn|20
|
|move|p2a: Chandelure|Shadow Ball|p1a: Rhyperior
|-damage|p1a: Rhyperior|11/100
|move|p1a: Rhyperior|Rock Blast|p2a: Chandelure
|-supereffective|p2a: Chandelure
|-end|p2a: Chandelure|Substitute
|-supereffective|p2a: Chandelure
|-damage|p2a: Chandelure|6/100
|-supereffective|p2a: Chandelure
|-damage|p2a: Chandelure|0 fnt
|-hitcount|p2a: Chandelure|3
|faint|p2a: Chandelure
|
|-heal|p1a: Rhyperior|17/100|[from] item: Leftovers
|upkeep
|
|switch|p2a: Golisopod|Golisopod, M|94/100
|turn|21
|
|move|p1a: Rhyperior|Rock Blast|p2a: Golisopod
|-supereffective|p2a: Golisopod
|-damage|p2a: Golisopod|77/100
|-supereffective|p2a: Golisopod
|-damage|p2a: Golisopod|59/100
|-supereffective|p2a: Golisopod
|-damage|p2a: Golisopod|42/100
|-supereffective|p2a: Golisopod
|-damage|p2a: Golisopod|25/100
|-supereffective|p2a: Golisopod
|-damage|p2a: Golisopod|7/100
|-hitcount|p2a: Golisopod|5
|-activate|p2a: Golisopod|ability: Emergency Exit
|
|switch|p2a: Mamoswine|Mamoswine, M|88/100
|-damage|p2a: Mamoswine|76/100|[from] Stealth Rock
|
|-heal|p1a: Rhyperior|23/100|[from] item: Leftovers
|upkeep
|turn|22
|
|move|p2a: Mamoswine|Knock Off|p1a: Rhyperior
|-damage|p1a: Rhyperior|0 fnt
|-enditem|p1a: Rhyperior|Leftovers|[from] move: Knock Off|[of] p2a: Mamoswine
|-damage|p2a: Mamoswine|66/100|[from] item: Life Orb
|faint|p1a: Rhyperior
|
|upkeep
|
|switch|p1a: Doublade|Doublade, F|100/100
|-damage|p1a: Doublade|94/100|[from] Stealth Rock
|turn|23
|
|switch|p2a: Gigalith|Gigalith, M|48/100 tox
|-damage|p2a: Gigalith|35/100 tox|[from] Stealth Rock
|-weather|Sandstorm|[from] ability: Sand Stream|[of] p2a: Gigalith
|move|p1a: Doublade|Iron Head|p2a: Gigalith
|-supereffective|p2a: Gigalith
|-damage|p2a: Gigalith|0 fnt
|faint|p2a: Gigalith
|
|-weather|Sandstorm|[upkeep]
|upkeep
|
|switch|p2a: Weezing|Weezing-Galar, M|86/100
|-damage|p2a: Weezing|73/100|[from] Stealth Rock
|turn|24
|
|switch|p1a: Weezing|Weezing-Galar, F|49/100
|-damage|p1a: Weezing|37/100|[from] Stealth Rock
|move|p2a: Weezing|Will-O-Wisp|p1a: Weezing
|-status|p1a: Weezing|brn
|
|-weather|Sandstorm|[upkeep]
|-damage|p1a: Weezing|31/100 brn|[from] Sandstorm
|-damage|p2a: Weezing|67/100|[from] Sandstorm
|-heal|p1a: Weezing|37/100 brn|[from] item: Black Sludge
|-heal|p2a: Weezing|73/100|[from] item: Leftovers
|-damage|p1a: Weezing|31/100 brn|[from] brn
|upkeep
|turn|25
|
|switch|p2a: Mamoswine|Mamoswine, M|66/100
|-damage|p2a: Mamoswine|53/100|[from] Stealth Rock
|move|p1a: Weezing|Strange Steam|p2a: Mamoswine
|-damage|p2a: Mamoswine|18/100
|
|-weather|Sandstorm|[upkeep]
|-damage|p1a: Weezing|25/100 brn|[from] Sandstorm
|-heal|p1a: Weezing|31/100 brn|[from] item: Black Sludge
|-damage|p1a: Weezing|25/100 brn|[from] brn
|upkeep
|turn|26
|
|switch|p1a: Doublade|Doublade, F|94/100
|-damage|p1a: Doublade|88/100|[from] Stealth Rock
|move|p2a: Mamoswine|Icicle Crash|p1a: Doublade
|-resisted|p1a: Doublade
|-damage|p1a: Doublade|72/100
|-damage|p2a: Mamoswine|8/100|[from] item: Life Orb
|
|-weather|Sandstorm|[upkeep]
|upkeep
|turn|27
|
|switch|p2a: Heliolisk|Heliolisk, M|39/100
|-damage|p2a: Heliolisk|27/100|[from] Stealth Rock
|move|p1a: Doublade|Shadow Sneak|p2a: Heliolisk
|-immune|p2a: Heliolisk
|
|-weather|none
|upkeep
|turn|28
|
|switch|p1a: Weezing|Weezing-Galar, F|25/100 brn
|-damage|p1a: Weezing|12/100 brn|[from] Stealth Rock
|move|p2a: Heliolisk|Thunderbolt|p1a: Weezing
|-damage|p1a: Weezing|0 fnt
|faint|p1a: Weezing
|
|upkeep
|
|switch|p1a: Noivern|Noivern, M|64/100
|-item|p2a: Heliolisk|Choice Specs|[from] ability: Frisk|[of] p1a: Noivern|[identify]
|turn|29
|
|move|p1a: Noivern|Flamethrower|p2a: Heliolisk
|-damage|p2a: Heliolisk|0 fnt
|faint|p2a: Heliolisk
|
|upkeep
|
|switch|p2a: Weezing|Weezing-Galar, M|73/100
|-damage|p2a: Weezing|61/100|[from] Stealth Rock
|turn|30
|
|move|p1a: Noivern|Hurricane|p2a: Weezing
|-damage|p2a: Weezing|0 fnt
|faint|p2a: Weezing
|
|upkeep
|-message|Eel56 forfeited.
|
|win|Adrift and Alone
|l|☆Eel56
|raw|Adrift and Alone's rating: 1701 &rarr; <strong>1721</strong><br />(+20 for winning)
|raw|Eel56's rating: 1693 &rarr; <strong>1673</strong><br />(-20 for losing)
