|j|☆LEBOUDOIRE
|j|☆EliotEnRetar
|t:|1608414817
|player|p1|LEBOUDOIRE|169|1246
|player|p2|EliotEnRetar|falkner|1292
|teamsize|p1|6
|teamsize|p2|6
|gametype|singles
|gen|8
|tier|[Gen 8] UU
|rated|
|clearpoke
|poke|p1|Bisharp, F|
|poke|p1|Keldeo-Resolute|
|poke|p1|Thundurus-Therian, M|
|poke|p1|Tapu Bulu|
|poke|p1|Scizor, F|
|poke|p1|Nidoqueen, F|
|poke|p2|Keldeo-Resolute|
|poke|p2|Bisharp, M|
|poke|p2|Roserade, F|
|poke|p2|Sylveon, F|
|poke|p2|Talonflame, M|
|poke|p2|Rotom-Wash|
|rule|Sleep Clause Mod: Limit one foe put to sleep
|rule|Species Clause: Limit one of each Pokémon
|rule|OHKO Clause: OHKO moves are banned
|rule|Evasion Moves Clause: Evasion moves are banned
|rule|Endless Battle Clause: Forcing endless battles is banned
|rule|HP Percentage Mod: HP is shown in percentages
|rule|Dynamax Clause: You cannot dynamax
|teampreview
|
|t:|1608414828
|start
|switch|p1a: Tapu Bulu|Tapu Bulu|100/100
|switch|p2a: Bigflo|Keldeo-Resolute|100/100
|-fieldstart|move: Grassy Terrain|[from] ability: Grassy Surge|[of] p1a: Tapu Bulu
|turn|1
|
|t:|1608414839
|switch|p2a: Kyryuem|Roserade, F|100/100
|move|p1a: Tapu Bulu|Horn Leech|p2a: Kyryuem
|-resisted|p2a: Kyryuem
|-damage|p2a: Kyryuem|79/100
|
|-heal|p2a: Kyryuem|85/100|[from] Grassy Terrain
|upkeep
|turn|2
|
|t:|1608414851
|switch|p1a: Scizor|Scizor, F|100/100
|move|p2a: Kyryuem|Shadow Ball|p1a: Scizor
|-damage|p1a: Scizor|52/100
|
|-heal|p2a: Kyryuem|91/100|[from] Grassy Terrain
|-heal|p1a: Scizor|58/100|[from] Grassy Terrain
|upkeep
|turn|3
|
|t:|1608414860
|switch|p2a: BizouJeManvol|Talonflame, M|100/100
|move|p1a: Scizor|Knock Off|p2a: BizouJeManvol
|-damage|p2a: BizouJeManvol|17/100
|-enditem|p2a: BizouJeManvol|Heavy-Duty Boots|[from] move: Knock Off|[of] p1a: Scizor
|
|-heal|p1a: Scizor|64/100|[from] Grassy Terrain
|upkeep
|turn|4
|j| tonchi
|l| tonchi
|
|t:|1608414870
|switch|p2a: CauetBurger|Rotom-Wash|100/100
|switch|p1a: Nidoqueen|Nidoqueen, F|100/100
|
|upkeep
|turn|5
|
|t:|1608414876
|move|p2a: CauetBurger|Hydro Pump|p1a: Nidoqueen
|-supereffective|p1a: Nidoqueen
|-damage|p1a: Nidoqueen|45/100
|move|p1a: Nidoqueen|Stealth Rock|p2a: CauetBurger
|-sidestart|p2: EliotEnRetar|move: Stealth Rock
|
|-heal|p1a: Nidoqueen|52/100|[from] item: Black Sludge
|-heal|p1a: Nidoqueen|58/100|[from] Grassy Terrain
|-fieldend|move: Grassy Terrain
|upkeep
|turn|6
|
|t:|1608414885
|switch|p1a: Tapu Bulu|Tapu Bulu|100/100
|-fieldstart|move: Grassy Terrain|[from] ability: Grassy Surge|[of] p1a: Tapu Bulu
|move|p2a: CauetBurger|Defog|p1a: Tapu Bulu
|-unboost|p1a: Tapu Bulu|evasion|1
|-sideend|p2: EliotEnRetar|Stealth Rock|[from] move: Defog|[of] p2a: CauetBurger
|-fieldend|move: Grassy Terrain
|
|upkeep
|turn|7
|
|t:|1608414903
|move|p1a: Tapu Bulu|Wood Hammer|p2a: CauetBurger
|-supereffective|p2a: CauetBurger
|-damage|p2a: CauetBurger|6/100
|-damage|p1a: Tapu Bulu|67/100|[from] Recoil
|move|p2a: CauetBurger|Volt Switch|p1a: Tapu Bulu
|-resisted|p1a: Tapu Bulu
|-damage|p1a: Tapu Bulu|49/100
|
|t:|1608414915
|switch|p2a: BizouJeManvol|Talonflame, M|17/100|[from]move: Volt Switch
|
|upkeep
|turn|8
|
|t:|1608414929
|move|p1a: Tapu Bulu|Wood Hammer|p2a: BizouJeManvol
|-resisted|p2a: BizouJeManvol
|-damage|p2a: BizouJeManvol|0 fnt
|-damage|p1a: Tapu Bulu|43/100|[from] Recoil
|faint|p2a: BizouJeManvol
|
|upkeep
|
|t:|1608414934
|switch|p2a: Kyryuem|Roserade, F|91/100
|turn|9
|
|t:|1608414953
|switch|p1a: Bisharp|Bisharp, F|100/100
|move|p2a: Kyryuem|Shadow Ball|p1a: Bisharp
|-resisted|p1a: Bisharp
|-damage|p1a: Bisharp|64/100
|
|upkeep
|turn|10
|
|t:|1608414965
|switch|p2a: UUBisharp|Bisharp, M|100/100
|move|p1a: Bisharp|Knock Off|p2a: UUBisharp
|-resisted|p2a: UUBisharp
|-damage|p2a: UUBisharp|62/100
|-enditem|p2a: UUBisharp|Black Glasses|[from] move: Knock Off|[of] p1a: Bisharp
|
|upkeep
|turn|11
|
|t:|1608414978
|switch|p2a: Bigflo|Keldeo-Resolute|100/100
|move|p1a: Bisharp|Swords Dance|p1a: Bisharp
|-boost|p1a: Bisharp|atk|2
|
|upkeep
|turn|12
|
|t:|1608414993
|move|p1a: Bisharp|Sucker Punch|p2a: Bigflo
|-resisted|p2a: Bigflo
|-damage|p2a: Bigflo|51/100
|-ability|p2a: Bigflo|Justified|boost
|-boost|p2a: Bigflo|atk|1
|move|p2a: Bigflo|Flip Turn|p1a: Bisharp
|-crit|p1a: Bisharp
|-damage|p1a: Bisharp|24/100
|
|t:|1608414999
|switch|p2a: UUBisharp|Bisharp, M|62/100|[from]move: Flip Turn
|
|upkeep
|turn|13
|
|t:|1608415004
|move|p2a: UUBisharp|Sucker Punch|p1a: Bisharp
|-resisted|p1a: Bisharp
|-damage|p1a: Bisharp|1/100
|move|p1a: Bisharp|Iron Head|p2a: UUBisharp
|-resisted|p2a: UUBisharp
|-damage|p2a: UUBisharp|10/100
|
|upkeep
|turn|14
|
|t:|1608415011
|move|p1a: Bisharp|Sucker Punch|p2a: UUBisharp
|-resisted|p2a: UUBisharp
|-damage|p2a: UUBisharp|0 fnt
|faint|p2a: UUBisharp
|
|upkeep
|
|t:|1608415015
|switch|p2a: Bigflo|Keldeo-Resolute|51/100
|turn|15
|
|t:|1608415020
|move|p1a: Bisharp|Sucker Punch|p2a: Bigflo
|-resisted|p2a: Bigflo
|-damage|p2a: Bigflo|0 fnt
|faint|p2a: Bigflo
|
|upkeep
|-message|EliotEnRetar forfeited.
|
|win|LEBOUDOIRE
|l|☆EliotEnRetar
|c|☆LEBOUDOIRE|gg
||Ladder (probably) updated, but score could not be retrieved (Request timeout).
