|j|☆SSRW26 Swoosh
|j|☆2021 kebab
|t:|1610124516
|player|p1|SSRW26 Swoosh|korrina|1518
|player|p2|2021 kebab|170|1473
|teamsize|p1|6
|teamsize|p2|6
|gametype|singles
|gen|8
|tier|[Gen 8] UU
|rated|
|clearpoke
|poke|p1|Thundurus, M|
|poke|p1|Scizor, F|
|poke|p1|Hatterene, F|
|poke|p1|Seismitoad, F|
|poke|p1|Zarude|
|poke|p1|Victini|
|poke|p2|Grimmsnarl, M|
|poke|p2|Krookodile, M|
|poke|p2|Thundurus, M|
|poke|p2|Kommo-o, M|
|poke|p2|Moltres-Galar|
|poke|p2|Mew|
|rule|Sleep Clause Mod: Limit one foe put to sleep
|rule|Species Clause: Limit one of each Pokémon
|rule|OHKO Clause: OHKO moves are banned
|rule|Evasion Moves Clause: Evasion moves are banned
|rule|Endless Battle Clause: Forcing endless battles is banned
|rule|HP Percentage Mod: HP is shown in percentages
|rule|Dynamax Clause: You cannot dynamax
|teampreview
|inactive|Battle timer is ON: inactive players will automatically lose when time's up. (requested by SSRW26 Swoosh)
|inactive|SSRW26 Swoosh has 120 seconds left.
|
|t:|1610124570
|start
|switch|p1a: Zarude|Zarude|100/100
|switch|p2a: Krookodile|Krookodile, M|100/100
|-ability|p2a: Krookodile|Intimidate|boost
|-unboost|p1a: Zarude|atk|1
|turn|1
|
|t:|1610124583
|move|p1a: Zarude|Power Whip|p2a: Krookodile
|-supereffective|p2a: Krookodile
|-enditem|p2a: Krookodile|Focus Sash
|-damage|p2a: Krookodile|1/100
|move|p2a: Krookodile|Stealth Rock|p1a: Zarude
|-sidestart|p1: SSRW26 Swoosh|move: Stealth Rock
|
|upkeep
|turn|2
|
|t:|1610124598
|move|p1a: Zarude|Darkest Lariat|p2a: Krookodile
|-resisted|p2a: Krookodile
|-damage|p2a: Krookodile|0 fnt
|faint|p2a: Krookodile
|
|upkeep
|
|t:|1610124603
|switch|p2a: Grimmsnarl|Grimmsnarl, M|100/100
|turn|3
|
|t:|1610124608
|switch|p1a: Scizor|Scizor, F|100/100
|-damage|p1a: Scizor|88/100|[from] Stealth Rock
|move|p2a: Grimmsnarl|Reflect|p2a: Grimmsnarl
|-sidestart|p2: 2021 kebab|Reflect
|
|upkeep
|turn|4
|
|t:|1610124618
|move|p2a: Grimmsnarl|Taunt|p1a: Scizor
|-start|p1a: Scizor|move: Taunt
|cant|p1a: Scizor|move: Taunt|Defog
|
|upkeep
|turn|5
|
|t:|1610124622
|switch|p1a: Seismitoad|Seismitoad, F|100/100
|-damage|p1a: Seismitoad|94/100|[from] Stealth Rock
|move|p2a: Grimmsnarl|Light Screen|p2a: Grimmsnarl
|-sidestart|p2: 2021 kebab|move: Light Screen
|
|-heal|p1a: Seismitoad|100/100|[from] item: Leftovers
|upkeep
|turn|6
|
|t:|1610124628
|move|p2a: Grimmsnarl|Taunt|p1a: Seismitoad
|-start|p1a: Seismitoad|move: Taunt
|cant|p1a: Seismitoad|move: Taunt|Stealth Rock
|
|upkeep
|turn|7
|
|t:|1610124656
|switch|p1a: Hatterene|Hatterene, F|100/100
|-damage|p1a: Hatterene|88/100|[from] Stealth Rock
|move|p2a: Grimmsnarl|Spirit Break|p1a: Hatterene
|-damage|p1a: Hatterene|53/100
|-unboost|p1a: Hatterene|spa|1
|
|-heal|p1a: Hatterene|59/100|[from] item: Leftovers
|upkeep
|turn|8
|
|t:|1610124676
|switch|p2a: Thundurus|Thundurus, M|100/100
|switch|p1a: Seismitoad|Seismitoad, F|100/100
|-damage|p1a: Seismitoad|94/100|[from] Stealth Rock
|
|-heal|p1a: Seismitoad|100/100|[from] item: Leftovers
|upkeep
|turn|9
|
|t:|1610124685
|move|p2a: Thundurus|Nasty Plot|p2a: Thundurus
|-boost|p2a: Thundurus|spa|2
|move|p1a: Seismitoad|Stealth Rock|p2a: Thundurus
|-sidestart|p2: 2021 kebab|move: Stealth Rock
|
|upkeep
|turn|10
|
|t:|1610124700
|move|p2a: Thundurus|Psychic|p1a: Seismitoad
|-damage|p1a: Seismitoad|32/100
|-unboost|p1a: Seismitoad|spd|1
|move|p1a: Seismitoad|Knock Off|p2a: Thundurus
|-damage|p2a: Thundurus|85/100
|-enditem|p2a: Thundurus|Heavy-Duty Boots|[from] move: Knock Off|[of] p1a: Seismitoad
|
|-heal|p1a: Seismitoad|38/100|[from] item: Leftovers
|-sideend|p2: 2021 kebab|Reflect
|upkeep
|turn|11
|
|t:|1610124711
|move|p2a: Thundurus|Psychic|p1a: Seismitoad
|-damage|p1a: Seismitoad|0 fnt
|faint|p1a: Seismitoad
|
|upkeep
|
|t:|1610124713
|switch|p1a: Victini|Victini|100/100
|-damage|p1a: Victini|76/100|[from] Stealth Rock
|turn|12
|
|t:|1610124716
|move|p1a: Victini|V-create|p2a: Thundurus
|-damage|p2a: Thundurus|0 fnt
|-unboost|p1a: Victini|spe|1
|-unboost|p1a: Victini|def|1
|-unboost|p1a: Victini|spd|1
|faint|p2a: Thundurus
|
|-sideend|p2: 2021 kebab|move: Light Screen
|upkeep
|
|t:|1610124718
|switch|p2a: Grimmsnarl|Grimmsnarl, M|100/100
|-damage|p2a: Grimmsnarl|88/100|[from] Stealth Rock
|turn|13
|
|t:|1610124725
|switch|p1a: Scizor|Scizor, F|88/100
|-damage|p1a: Scizor|76/100|[from] Stealth Rock
|move|p2a: Grimmsnarl|Reflect|p2a: Grimmsnarl
|-sidestart|p2: 2021 kebab|Reflect
|
|upkeep
|turn|14
|
|t:|1610124736
|move|p2a: Grimmsnarl|Taunt|p1a: Scizor
|-start|p1a: Scizor|move: Taunt
|cant|p1a: Scizor|move: Taunt|Defog
|
|upkeep
|turn|15
|
|t:|1610124739
|move|p2a: Grimmsnarl|Light Screen|p2a: Grimmsnarl
|-sidestart|p2: 2021 kebab|move: Light Screen
|move|p1a: Scizor|Bullet Punch|p2a: Grimmsnarl
|-supereffective|p2a: Grimmsnarl
|-damage|p2a: Grimmsnarl|13/100
|
|upkeep
|turn|16
|inactive|SSRW26 Swoosh has 120 seconds left.
|
|t:|1610124778
|switch|p2a: Kommo-o|Kommo-o, M|100/100
|-damage|p2a: Kommo-o|94/100|[from] Stealth Rock
|move|p1a: Scizor|Bullet Punch|p2a: Kommo-o
|-damage|p2a: Kommo-o|71/100
|
|-end|p1a: Scizor|move: Taunt
|upkeep
|turn|17
|inactive|SSRW26 Swoosh has 120 seconds left.
|
|t:|1610124792
|switch|p1a: Hatterene|Hatterene, F|59/100
|-damage|p1a: Hatterene|47/100|[from] Stealth Rock
|move|p2a: Kommo-o|Substitute|p2a: Kommo-o
|-start|p2a: Kommo-o|Substitute
|-damage|p2a: Kommo-o|46/100
|
|-heal|p1a: Hatterene|53/100|[from] item: Leftovers
|upkeep
|turn|18
|
|t:|1610124798
|move|p2a: Kommo-o|Poison Jab|p1a: Hatterene
|-supereffective|p1a: Hatterene
|-damage|p1a: Hatterene|14/100
|move|p1a: Hatterene|Draining Kiss|p2a: Kommo-o
|-supereffective|p2a: Kommo-o
|-end|p2a: Kommo-o|Substitute
|-heal|p1a: Hatterene|32/100|[from] drain|[of] p2a: Kommo-o
|
|-heal|p1a: Hatterene|38/100|[from] item: Leftovers
|upkeep
|turn|19
|
|t:|1610124812
|move|p2a: Kommo-o|Poison Jab|p1a: Hatterene
|-supereffective|p1a: Hatterene
|-damage|p1a: Hatterene|0 fnt
|faint|p1a: Hatterene
|
|upkeep
|inactive|SSRW26 Swoosh has 120 seconds left.
|
|t:|1610124841
|switch|p1a: Thundurus|Thundurus, M|100/100
|-damage|p1a: Thundurus|76/100|[from] Stealth Rock
|turn|20
|
|t:|1610124855
|move|p1a: Thundurus|Psychic|p2a: Kommo-o
|-supereffective|p2a: Kommo-o
|-damage|p2a: Kommo-o|0 fnt
|-damage|p1a: Thundurus|66/100|[from] item: Life Orb
|faint|p2a: Kommo-o
|
|-sideend|p2: 2021 kebab|Reflect
|upkeep
|
|t:|1610124867
|switch|p2a: Grimmsnarl|Grimmsnarl, M|13/100
|-damage|p2a: Grimmsnarl|1/100|[from] Stealth Rock
|turn|21
|
|t:|1610124873
|move|p1a: Thundurus|Nasty Plot|p1a: Thundurus
|-boost|p1a: Thundurus|spa|2
|move|p2a: Grimmsnarl|Reflect|p2a: Grimmsnarl
|-sidestart|p2: 2021 kebab|Reflect
|
|upkeep
|turn|22
|
|t:|1610124877
|move|p2a: Grimmsnarl|Taunt|p1a: Thundurus
|-start|p1a: Thundurus|move: Taunt
|move|p1a: Thundurus|Thunderbolt|p2a: Grimmsnarl
|-damage|p2a: Grimmsnarl|0 fnt
|-damage|p1a: Thundurus|56/100|[from] item: Life Orb
|faint|p2a: Grimmsnarl
|
|-sideend|p2: 2021 kebab|move: Light Screen
|upkeep
|
|t:|1610124880
|switch|p2a: Mew|Mew|100/100
|-damage|p2a: Mew|88/100|[from] Stealth Rock
|turn|23
|
|t:|1610124883
|move|p1a: Thundurus|Thunderbolt|p2a: Mew
|-damage|p2a: Mew|0 fnt
|-damage|p1a: Thundurus|47/100|[from] item: Life Orb
|faint|p2a: Mew
|
|upkeep
|-message|2021 kebab forfeited.
|
|win|SSRW26 Swoosh
|l|☆2021 kebab
