|j|☆above the j
|j|☆HYDREIGON SPECS
|t:|1605558278
|player|p1|above the j|erika-gen1|
|player|p2|HYDREIGON SPECS|ethan|
|teamsize|p1|6
|teamsize|p2|6
|gametype|singles
|gen|8
|tier|[Gen 8] UU
|rated|Tournament battle
|clearpoke
|poke|p1|Tapu Bulu|
|poke|p1|Celesteela|
|poke|p1|Hydreigon, M|
|poke|p1|Tentacruel, M|
|poke|p1|Hippowdon, M|
|poke|p1|Rotom-Heat|
|poke|p2|Nihilego|
|poke|p2|Primarina, M|
|poke|p2|Tangrowth, M|
|poke|p2|Rotom-Heat|
|poke|p2|Aegislash, M|
|poke|p2|Hydreigon, F|
|rule|Sleep Clause Mod: Limit one foe put to sleep
|rule|Species Clause: Limit one of each Pokémon
|rule|OHKO Clause: OHKO moves are banned
|rule|Evasion Moves Clause: Evasion moves are banned
|rule|Endless Battle Clause: Forcing endless battles is banned
|rule|HP Percentage Mod: HP is shown in percentages
|rule|Dynamax Clause: You cannot dynamax
|teampreview
|j| golden009
|inactive|Battle timer is ON: inactive players will automatically lose when time's up. (requested by above the j)
|c|☆above the j|hf
|c|☆HYDREIGON SPECS|u2
|j| BlueFins
|j| notily
|
|t:|1605558315
|start
|switch|p1a: Rotom|Rotom-Heat|100/100
|switch|p2a: Aegislash|Aegislash, M, shiny|100/100
|turn|1
|
|t:|1605558326
|move|p1a: Rotom|Volt Switch|p2a: Aegislash
|-damage|p2a: Aegislash|74/100
|j| Deepintheabyss
|
|t:|1605558334
|switch|p1a: Celesteela|Celesteela|100/100|[from]move: Volt Switch
|-formechange|p2a: Aegislash|Aegislash-Blade||[from] ability: Stance Change
|move|p2a: Aegislash|Flash Cannon|p1a: Celesteela
|-resisted|p1a: Celesteela
|-damage|p1a: Celesteela|87/100
|-unboost|p1a: Celesteela|spd|1
|
|-heal|p1a: Celesteela|93/100|[from] item: Leftovers
|upkeep
|turn|2
|
|t:|1605558344
|switch|p2a: Rotom|Rotom-Heat|100/100
|switch|p1a: Rotom|Rotom-Heat|100/100
|
|upkeep
|turn|3
|l| Deepintheabyss
|
|t:|1605558351
|move|p1a: Rotom|Toxic|p2a: Rotom
|-status|p2a: Rotom|tox
|move|p2a: Rotom|Volt Switch|p1a: Rotom
|-resisted|p1a: Rotom
|-damage|p1a: Rotom|86/100
|
|t:|1605558355
|switch|p2a: Nihilego|Nihilego|100/100|[from]move: Volt Switch
|
|upkeep
|turn|4
|
|t:|1605558362
|switch|p1a: Hippowdon|Hippowdon, M|100/100
|-weather|Sandstorm|[from] ability: Sand Stream|[of] p1a: Hippowdon
|move|p2a: Nihilego|Stealth Rock|p1a: Hippowdon
|-sidestart|p1: above the j|move: Stealth Rock
|
|-weather|Sandstorm|[upkeep]
|upkeep
|turn|5
|
|t:|1605558376
|move|p2a: Nihilego|Knock Off|p1a: Hippowdon
|-damage|p1a: Hippowdon|94/100
|-damage|p2a: Nihilego|84/100|[from] item: Rocky Helmet|[of] p1a: Hippowdon
|-enditem|p1a: Hippowdon|Rocky Helmet|[from] move: Knock Off|[of] p2a: Nihilego
|move|p1a: Hippowdon|Stealth Rock|p2a: Nihilego
|-sidestart|p2: HYDREIGON SPECS|move: Stealth Rock
|
|-weather|Sandstorm|[upkeep]
|-heal|p2a: Nihilego|90/100|[from] item: Black Sludge
|upkeep
|turn|6
|j|%Avarice
|
|t:|1605558389
|move|p2a: Nihilego|Knock Off|p1a: Hippowdon
|-damage|p1a: Hippowdon|89/100
|move|p1a: Hippowdon|Toxic|p2a: Nihilego
|-immune|p2a: Nihilego
|
|-weather|Sandstorm|[upkeep]
|-heal|p2a: Nihilego|96/100|[from] item: Black Sludge
|upkeep
|turn|7
|
|t:|1605558398
|switch|p2a: Hydreigon|Hydreigon, F|100/100
|-damage|p2a: Hydreigon|88/100|[from] Stealth Rock
|move|p1a: Hippowdon|Earthquake|p2a: Hydreigon
|-immune|p2a: Hydreigon|[from] ability: Levitate
|
|-weather|Sandstorm|[upkeep]
|-damage|p2a: Hydreigon|82/100|[from] Sandstorm
|upkeep
|turn|8
|
|t:|1605558402
|move|p2a: Hydreigon|U-turn|p1a: Hippowdon
|-damage|p1a: Hippowdon|81/100
|
|t:|1605558405
|switch|p2a: Rotom|Rotom-Heat|100/100 tox|[from]move: U-turn
|move|p1a: Hippowdon|Slack Off|p1a: Hippowdon
|-heal|p1a: Hippowdon|100/100
|
|-weather|none
|-damage|p2a: Rotom|95/100 tox|[from] psn
|upkeep
|turn|9
|
|t:|1605558412
|switch|p1a: Tentacruel|Tentacruel, M|100/100
|-damage|p1a: Tentacruel|88/100|[from] Stealth Rock
|move|p2a: Rotom|Overheat|p1a: Tentacruel|[miss]
|-miss|p2a: Rotom|p1a: Tentacruel
|
|-heal|p1a: Tentacruel|94/100|[from] item: Black Sludge
|-damage|p2a: Rotom|83/100 tox|[from] psn
|upkeep
|turn|10
|
|t:|1605558423
|move|p2a: Rotom|Volt Switch|p1a: Tentacruel
|-supereffective|p1a: Tentacruel
|-damage|p1a: Tentacruel|51/100
|
|t:|1605558432
|switch|p2a: Aegislash|Aegislash, M, shiny|74/100|[from]move: Volt Switch
|-damage|p2a: Aegislash|68/100|[from] Stealth Rock
|move|p1a: Tentacruel|Rapid Spin|p2a: Aegislash
|-immune|p2a: Aegislash
|
|-heal|p1a: Tentacruel|57/100|[from] item: Black Sludge
|upkeep
|turn|11
|
|t:|1605558442
|switch|p1a: Hydreigon|Hydreigon, M|100/100
|-damage|p1a: Hydreigon|88/100|[from] Stealth Rock
|-formechange|p2a: Aegislash|Aegislash-Blade||[from] ability: Stance Change
|move|p2a: Aegislash|Shadow Ball|p1a: Hydreigon
|-resisted|p1a: Hydreigon
|-damage|p1a: Hydreigon|57/100
|
|upkeep
|turn|12
|
|t:|1605558449
|switch|p2a: Nihilego|Nihilego|96/100
|-damage|p2a: Nihilego|84/100|[from] Stealth Rock
|move|p1a: Hydreigon|U-turn|p2a: Nihilego
|-resisted|p2a: Nihilego
|-damage|p2a: Nihilego|70/100
|
|t:|1605558454
|switch|p1a: Hippowdon|Hippowdon, M|100/100|[from]move: U-turn
|-damage|p1a: Hippowdon|94/100|[from] Stealth Rock
|-weather|Sandstorm|[from] ability: Sand Stream|[of] p1a: Hippowdon
|
|-weather|Sandstorm|[upkeep]
|-heal|p2a: Nihilego|76/100|[from] item: Black Sludge
|upkeep
|turn|13
|
|t:|1605558475
|switch|p2a: Tangrowth|Tangrowth, M|100/100
|-damage|p2a: Tangrowth|88/100|[from] Stealth Rock
|move|p1a: Hippowdon|Toxic|p2a: Tangrowth
|-status|p2a: Tangrowth|tox
|
|-weather|Sandstorm|[upkeep]
|-damage|p2a: Tangrowth|82/100 tox|[from] Sandstorm
|-damage|p2a: Tangrowth|76/100 tox|[from] psn
|upkeep
|turn|14
|
|t:|1605558485
|switch|p1a: Rotom|Rotom-Heat|86/100
|move|p2a: Tangrowth|Knock Off|p1a: Rotom
|-damage|p1a: Rotom|64/100
|-enditem|p1a: Rotom|Heavy-Duty Boots|[from] move: Knock Off|[of] p2a: Tangrowth
|
|-weather|Sandstorm|[upkeep]
|-damage|p1a: Rotom|58/100|[from] Sandstorm
|-damage|p2a: Tangrowth|70/100 tox|[from] Sandstorm
|-damage|p2a: Tangrowth|57/100 tox|[from] psn
|upkeep
|turn|15
|
|t:|1605558495
|switch|p2a: Nihilego|Nihilego|76/100
|-damage|p2a: Nihilego|64/100|[from] Stealth Rock
|move|p1a: Rotom|Overheat|p2a: Nihilego|[miss]
|-miss|p1a: Rotom|p2a: Nihilego
|
|-weather|Sandstorm|[upkeep]
|-damage|p1a: Rotom|52/100|[from] Sandstorm
|-heal|p2a: Nihilego|70/100|[from] item: Black Sludge
|upkeep
|turn|16
|
|t:|1605558510
|switch|p1a: Hippowdon|Hippowdon, M|94/100
|-damage|p1a: Hippowdon|88/100|[from] Stealth Rock
|move|p2a: Nihilego|Power Gem|p1a: Hippowdon
|-resisted|p1a: Hippowdon
|-damage|p1a: Hippowdon|67/100
|
|-weather|none
|-heal|p2a: Nihilego|76/100|[from] item: Black Sludge
|upkeep
|turn|17
|
|t:|1605558517
|switch|p2a: Primarina|Primarina, M|100/100
|-damage|p2a: Primarina|88/100|[from] Stealth Rock
|move|p1a: Hippowdon|Toxic|p2a: Primarina
|-status|p2a: Primarina|tox
|
|-heal|p2a: Primarina|94/100 tox|[from] item: Leftovers
|-damage|p2a: Primarina|88/100 tox|[from] psn
|upkeep
|turn|18
|
|t:|1605558530
|switch|p1a: Tentacruel|Tentacruel, M|57/100
|-damage|p1a: Tentacruel|44/100|[from] Stealth Rock
|move|p2a: Primarina|Scald|p1a: Tentacruel
|-resisted|p1a: Tentacruel
|-damage|p1a: Tentacruel|30/100
|
|-heal|p1a: Tentacruel|36/100|[from] item: Black Sludge
|-heal|p2a: Primarina|94/100 tox|[from] item: Leftovers
|-damage|p2a: Primarina|82/100 tox|[from] psn
|upkeep
|turn|19
|
|t:|1605558544
|move|p1a: Tentacruel|Rapid Spin|p2a: Primarina
|-damage|p2a: Primarina|75/100 tox
|-boost|p1a: Tentacruel|spe|1
|-sideend|p1: above the j|Stealth Rock|[from] move: Rapid Spin|[of] p1a: Tentacruel
|move|p2a: Primarina|Scald|p1a: Tentacruel
|-resisted|p1a: Tentacruel
|-damage|p1a: Tentacruel|23/100
|
|-heal|p1a: Tentacruel|29/100|[from] item: Black Sludge
|-heal|p2a: Primarina|81/100 tox|[from] item: Leftovers
|-damage|p2a: Primarina|63/100 tox|[from] psn
|upkeep
|turn|20
|
|t:|1605558552
|move|p1a: Tentacruel|Sludge Bomb|p2a: Primarina
|-supereffective|p2a: Primarina
|-damage|p2a: Primarina|14/100 tox
|move|p2a: Primarina|Scald|p1a: Tentacruel
|-resisted|p1a: Tentacruel
|-damage|p1a: Tentacruel|10/100
|
|-heal|p1a: Tentacruel|16/100|[from] item: Black Sludge
|-heal|p2a: Primarina|20/100 tox|[from] item: Leftovers
|-damage|p2a: Primarina|0 fnt|[from] psn
|faint|p2a: Primarina
|upkeep
|
|t:|1605558557
|switch|p2a: Aegislash|Aegislash, M, shiny|68/100
|-damage|p2a: Aegislash|61/100|[from] Stealth Rock
|turn|21
|
|t:|1605558561
|move|p1a: Tentacruel|Scald|p2a: Aegislash
|-crit|p2a: Aegislash
|-damage|p2a: Aegislash|21/100
|-status|p2a: Aegislash|brn
|-formechange|p2a: Aegislash|Aegislash-Blade||[from] ability: Stance Change
|move|p2a: Aegislash|Flash Cannon|p1a: Tentacruel
|-resisted|p1a: Tentacruel
|-damage|p1a: Tentacruel|0 fnt
|faint|p1a: Tentacruel
|
|-damage|p2a: Aegislash|15/100 brn|[from] brn
|upkeep
|
|t:|1605558568
|switch|p1a: Rotom|Rotom-Heat|52/100
|turn|22
|
|t:|1605558576
|switch|p2a: Hydreigon|Hydreigon, F|82/100
|-damage|p2a: Hydreigon|70/100|[from] Stealth Rock
|move|p1a: Rotom|Volt Switch|p2a: Hydreigon
|-resisted|p2a: Hydreigon
|-damage|p2a: Hydreigon|54/100
|
|t:|1605558582
|switch|p1a: Celesteela|Celesteela|93/100|[from]move: Volt Switch
|
|-heal|p1a: Celesteela|99/100|[from] item: Leftovers
|upkeep
|turn|23
|
|t:|1605558586
|move|p1a: Celesteela|Protect|p1a: Celesteela
|-singleturn|p1a: Celesteela|Protect
|move|p2a: Hydreigon|Roost|p2a: Hydreigon
|-heal|p2a: Hydreigon|100/100
|-singleturn|p2a: Hydreigon|move: Roost
|
|-heal|p1a: Celesteela|100/100|[from] item: Leftovers
|upkeep
|turn|24
|
|t:|1605558604
|switch|p2a: Tangrowth|Tangrowth, M|90/100 tox
|-damage|p2a: Tangrowth|78/100 tox|[from] Stealth Rock
|switch|p1a: Tapu Bulu|Tapu Bulu|100/100
|-fieldstart|move: Grassy Terrain|[from] ability: Grassy Surge|[of] p1a: Tapu Bulu
|
|-heal|p2a: Tangrowth|84/100 tox|[from] Grassy Terrain
|-damage|p2a: Tangrowth|78/100 tox|[from] psn
|upkeep
|turn|25
|
|t:|1605558616
|switch|p1a: Celesteela|Celesteela|100/100
|switch|p2a: Nihilego|Nihilego|76/100
|-damage|p2a: Nihilego|63/100|[from] Stealth Rock
|
|-heal|p2a: Nihilego|69/100|[from] item: Black Sludge
|-heal|p2a: Nihilego|75/100|[from] Grassy Terrain
|upkeep
|turn|26
|
|t:|1605558623
|switch|p2a: Tangrowth|Tangrowth, M|100/100 tox
|-damage|p2a: Tangrowth|88/100 tox|[from] Stealth Rock
|move|p1a: Celesteela|Heavy Slam|p2a: Tangrowth
|-damage|p2a: Tangrowth|57/100 tox
|
|-heal|p2a: Tangrowth|63/100 tox|[from] Grassy Terrain
|-damage|p2a: Tangrowth|57/100 tox|[from] psn
|upkeep
|turn|27
|
|t:|1605558626
|move|p1a: Celesteela|Protect|p1a: Celesteela
|-singleturn|p1a: Celesteela|Protect
|move|p2a: Tangrowth|Knock Off|p1a: Celesteela
|-activate|p1a: Celesteela|move: Protect
|
|-heal|p2a: Tangrowth|63/100 tox|[from] Grassy Terrain
|-damage|p2a: Tangrowth|50/100 tox|[from] psn
|upkeep
|turn|28
|
|t:|1605558634
|switch|p1a: Hydreigon|Hydreigon, M|57/100
|move|p2a: Tangrowth|Focus Blast|p1a: Hydreigon
|-supereffective|p1a: Hydreigon
|-damage|p1a: Hydreigon|0 fnt
|faint|p1a: Hydreigon
|
|-heal|p2a: Tangrowth|57/100 tox|[from] Grassy Terrain
|-fieldend|move: Grassy Terrain
|-damage|p2a: Tangrowth|38/100 tox|[from] psn
|upkeep
|
|t:|1605558641
|switch|p1a: Tapu Bulu|Tapu Bulu|100/100
|-fieldstart|move: Grassy Terrain|[from] ability: Grassy Surge|[of] p1a: Tapu Bulu
|turn|29
|
|t:|1605558646
|switch|p2a: Aegislash|Aegislash, M, shiny|15/100 brn
|-damage|p2a: Aegislash|9/100 brn|[from] Stealth Rock
|move|p1a: Tapu Bulu|Wood Hammer|p2a: Aegislash
|-resisted|p2a: Aegislash
|-damage|p2a: Aegislash|0 fnt
|-damage|p1a: Tapu Bulu|98/100|[from] Recoil
|faint|p2a: Aegislash
|
|-heal|p1a: Tapu Bulu|100/100|[from] Grassy Terrain
|upkeep
|
|t:|1605558649
|switch|p2a: Nihilego|Nihilego|75/100
|-damage|p2a: Nihilego|63/100|[from] Stealth Rock
|turn|30
|
|t:|1605558655
|switch|p1a: Hippowdon|Hippowdon, M|67/100
|-weather|Sandstorm|[from] ability: Sand Stream|[of] p1a: Hippowdon
|move|p2a: Nihilego|Stealth Rock|p1a: Hippowdon
|-sidestart|p1: above the j|move: Stealth Rock
|
|-weather|Sandstorm|[upkeep]
|-heal|p2a: Nihilego|69/100|[from] item: Black Sludge
|-heal|p2a: Nihilego|75/100|[from] Grassy Terrain
|-heal|p1a: Hippowdon|73/100|[from] Grassy Terrain
|upkeep
|turn|31
|
|t:|1605558662
|switch|p2a: Tangrowth|Tangrowth, M|71/100 tox
|-damage|p2a: Tangrowth|59/100 tox|[from] Stealth Rock
|move|p1a: Hippowdon|Earthquake|p2a: Tangrowth
|-resisted|p2a: Tangrowth
|-damage|p2a: Tangrowth|52/100 tox
|
|-weather|Sandstorm|[upkeep]
|-damage|p2a: Tangrowth|46/100 tox|[from] Sandstorm
|-heal|p1a: Hippowdon|80/100|[from] Grassy Terrain
|-heal|p2a: Tangrowth|52/100 tox|[from] Grassy Terrain
|-damage|p2a: Tangrowth|46/100 tox|[from] psn
|upkeep
|turn|32
|
|t:|1605558675
|switch|p1a: Rotom|Rotom-Heat|52/100
|-damage|p1a: Rotom|28/100|[from] Stealth Rock
|switch|p2a: Rotom|Rotom-Heat|83/100 tox
|
|-weather|Sandstorm|[upkeep]
|-damage|p1a: Rotom|22/100|[from] Sandstorm
|-damage|p2a: Rotom|77/100 tox|[from] Sandstorm
|-damage|p2a: Rotom|71/100 tox|[from] psn
|upkeep
|turn|33
|
|t:|1605558683
|move|p1a: Rotom|Pain Split|p2a: Rotom
|-sethp|p2a: Rotom|46/100 tox|[from] move: Pain Split|[silent]
|-sethp|p1a: Rotom|46/100|[from] move: Pain Split
|move|p2a: Rotom|Volt Switch|p1a: Rotom
|-resisted|p1a: Rotom
|-damage|p1a: Rotom|33/100
|
|t:|1605558686
|switch|p2a: Nihilego|Nihilego|75/100|[from]move: Volt Switch
|-damage|p2a: Nihilego|63/100|[from] Stealth Rock
|
|-weather|Sandstorm|[upkeep]
|-damage|p1a: Rotom|27/100|[from] Sandstorm
|-heal|p2a: Nihilego|69/100|[from] item: Black Sludge
|-heal|p2a: Nihilego|75/100|[from] Grassy Terrain
|-fieldend|move: Grassy Terrain
|upkeep
|turn|34
|
|t:|1605558693
|switch|p1a: Hippowdon|Hippowdon, M|80/100
|-damage|p1a: Hippowdon|73/100|[from] Stealth Rock
|move|p2a: Nihilego|Sludge Bomb|p1a: Hippowdon
|-resisted|p1a: Hippowdon
|-damage|p1a: Hippowdon|48/100
|
|-weather|none
|-heal|p2a: Nihilego|81/100|[from] item: Black Sludge
|upkeep
|turn|35
|
|t:|1605558706
|switch|p2a: Tangrowth|Tangrowth, M|79/100 tox
|-damage|p2a: Tangrowth|67/100 tox|[from] Stealth Rock
|move|p1a: Hippowdon|Slack Off|p1a: Hippowdon
|-heal|p1a: Hippowdon|98/100
|
|-damage|p2a: Tangrowth|61/100 tox|[from] psn
|upkeep
|turn|36
|
|t:|1605558727
|switch|p1a: Celesteela|Celesteela|100/100
|-damage|p1a: Celesteela|88/100|[from] Stealth Rock
|move|p2a: Tangrowth|Knock Off|p1a: Celesteela
|-damage|p1a: Celesteela|68/100
|-enditem|p1a: Celesteela|Leftovers|[from] move: Knock Off|[of] p2a: Tangrowth
|
|-damage|p2a: Tangrowth|48/100 tox|[from] psn
|upkeep
|turn|37
|
|t:|1605558751
|switch|p2a: Hydreigon|Hydreigon, F|100/100
|-damage|p2a: Hydreigon|88/100|[from] Stealth Rock
|move|p1a: Celesteela|Leech Seed|p2a: Hydreigon
|-start|p2a: Hydreigon|move: Leech Seed
|
|-damage|p2a: Hydreigon|76/100|[from] Leech Seed|[of] p1a: Celesteela
|-heal|p1a: Celesteela|78/100|[silent]
|upkeep
|turn|38
|
|t:|1605558760
|switch|p2a: Tangrowth|Tangrowth, M|81/100 tox
|-damage|p2a: Tangrowth|69/100 tox|[from] Stealth Rock
|move|p1a: Celesteela|Protect||[still]
|-fail|p1a: Celesteela
|
|-damage|p2a: Tangrowth|63/100 tox|[from] psn
|upkeep
|turn|39
|
|t:|1605558767
|switch|p2a: Rotom|Rotom-Heat|46/100 tox
|move|p1a: Celesteela|Leech Seed|p2a: Rotom
|-start|p2a: Rotom|move: Leech Seed
|
|-damage|p2a: Rotom|34/100 tox|[from] Leech Seed|[of] p1a: Celesteela
|-heal|p1a: Celesteela|88/100|[silent]
|-damage|p2a: Rotom|28/100 tox|[from] psn
|upkeep
|turn|40
|
|t:|1605558772
|move|p1a: Celesteela|Protect|p1a: Celesteela
|-singleturn|p1a: Celesteela|Protect
|move|p2a: Rotom|Overheat|p1a: Celesteela
|-activate|p1a: Celesteela|move: Protect
|
|-damage|p2a: Rotom|16/100 tox|[from] Leech Seed|[of] p1a: Celesteela
|-heal|p1a: Celesteela|97/100|[silent]
|-damage|p2a: Rotom|4/100 tox|[from] psn
|upkeep
|turn|41
|
|t:|1605558780
|switch|p1a: Rotom|Rotom-Heat|27/100
|-damage|p1a: Rotom|2/100|[from] Stealth Rock
|move|p2a: Rotom|Pain Split|p1a: Rotom
|-sethp|p1a: Rotom|3/100|[from] move: Pain Split|[silent]
|-sethp|p2a: Rotom|3/100 tox|[from] move: Pain Split
|
|-damage|p2a: Rotom|0 fnt|[from] Leech Seed|[of] p1a: Rotom
|-heal|p1a: Rotom|6/100|[silent]
|faint|p2a: Rotom
|upkeep
|
|t:|1605558783
|switch|p2a: Hydreigon|Hydreigon, F|76/100
|-damage|p2a: Hydreigon|64/100|[from] Stealth Rock
|turn|42
|j| cornisgood
|
|t:|1605558789
|move|p2a: Hydreigon|Dark Pulse|p1a: Rotom
|-damage|p1a: Rotom|0 fnt
|faint|p1a: Rotom
|
|upkeep
|
|t:|1605558792
|switch|p1a: Tapu Bulu|Tapu Bulu|100/100
|-damage|p1a: Tapu Bulu|88/100|[from] Stealth Rock
|-fieldstart|move: Grassy Terrain|[from] ability: Grassy Surge|[of] p1a: Tapu Bulu
|turn|43
|
|t:|1605558795
|switch|p2a: Tangrowth|Tangrowth, M|96/100 tox
|-damage|p2a: Tangrowth|84/100 tox|[from] Stealth Rock
|move|p1a: Tapu Bulu|Close Combat|p2a: Tangrowth
|-damage|p2a: Tangrowth|33/100 tox
|-unboost|p1a: Tapu Bulu|def|1
|-unboost|p1a: Tapu Bulu|spd|1
|
|-heal|p1a: Tapu Bulu|94/100|[from] Grassy Terrain
|-heal|p2a: Tangrowth|39/100 tox|[from] Grassy Terrain
|-damage|p2a: Tangrowth|33/100 tox|[from] psn
|upkeep
|turn|44
|
|t:|1605558800
|move|p1a: Tapu Bulu|Close Combat|p2a: Tangrowth
|-damage|p2a: Tangrowth|0 fnt
|-unboost|p1a: Tapu Bulu|def|1
|-unboost|p1a: Tapu Bulu|spd|1
|faint|p2a: Tangrowth
|
|-heal|p1a: Tapu Bulu|100/100|[from] Grassy Terrain
|upkeep
|
|t:|1605558802
|switch|p2a: Nihilego|Nihilego|81/100
|-damage|p2a: Nihilego|69/100|[from] Stealth Rock
|turn|45
|
|t:|1605558806
|switch|p1a: Hippowdon|Hippowdon, M|98/100
|-damage|p1a: Hippowdon|91/100|[from] Stealth Rock
|-weather|Sandstorm|[from] ability: Sand Stream|[of] p1a: Hippowdon
|move|p2a: Nihilego|Sludge Bomb|p1a: Hippowdon
|-resisted|p1a: Hippowdon
|-damage|p1a: Hippowdon|69/100
|
|-weather|Sandstorm|[upkeep]
|-heal|p2a: Nihilego|75/100|[from] item: Black Sludge
|-heal|p2a: Nihilego|81/100|[from] Grassy Terrain
|-heal|p1a: Hippowdon|75/100|[from] Grassy Terrain
|upkeep
|turn|46
|-message|HYDREIGON SPECS forfeited.
|
|win|above the j
|l|☆HYDREIGON SPECS
