|j|☆UULT2 Zoro
|j|☆pokemonisfun
|player|p1|UULT2 Zoro|lucas|1665
|player|p2|pokemonisfun|pokekid|1724
|teamsize|p1|6
|teamsize|p2|6
|gametype|singles
|gen|8
|tier|[Gen 8] UU
|rated|
|clearpoke
|poke|p1|Umbreon, F|
|poke|p1|Quagsire, M|
|poke|p1|Weezing-Galar, M|
|poke|p1|Avalugg, F|
|poke|p1|Bronzong|
|poke|p1|Necrozma|
|poke|p2|Ribombee, M|
|poke|p2|Cobalion|
|poke|p2|Haxorus, M|
|poke|p2|Necrozma|
|poke|p2|Blastoise, M|
|poke|p2|Vanilluxe, M|
|rule|Sleep Clause Mod: Limit one foe put to sleep
|rule|Species Clause: Limit one of each Pokémon
|rule|OHKO Clause: OHKO moves are banned
|rule|Evasion Moves Clause: Evasion moves are banned
|rule|Endless Battle Clause: Forcing endless battles is banned
|rule|HP Percentage Mod: HP is shown in percentages
|rule|Dynamax Clause: You cannot dynamax
|teampreview
|c|☆UULT2 Zoro|uh oh
|c|☆pokemonisfun|4th stall team in a row
|c|☆UULT2 Zoro|lmao
|c|☆pokemonisfun|i fucking hate noob stall players on ladder
|c|☆pokemonisfun|/me not hypocrite
|c|☆UULT2 Zoro|im sure
|c|☆pokemonisfun|hf!
|c|☆UULT2 Zoro|at least this is a new one yn
|c|☆pokemonisfun|y
|c|☆pokemonisfun|nice avalugg
|c|☆pokemonisfun|havent seem him on stall for a month
|c|☆UULT2 Zoro|it should beat ur haxorus hopefully
|
|start
|switch|p1a: Weezing|Weezing-Galar, M|100/100
|switch|p2a: vanilla guerilla|Vanilluxe, M|100/100
|-weather|Hail|[from] ability: Snow Warning|[of] p2a: vanilla guerilla
|turn|1
|c|☆pokemonisfun|hopefully not
|c|☆pokemonisfun|nooooo
|c|☆pokemonisfun|you gotta run neutralizing gas
|
|move|p2a: vanilla guerilla|Blizzard|p1a: Weezing
|-damage|p1a: Weezing|32/100
|move|p1a: Weezing|Toxic Spikes|p2a: vanilla guerilla
|-sidestart|p2: pokemonisfun|move: Toxic Spikes
|
|-weather|Hail|[upkeep]
|-damage|p1a: Weezing|26/100|[from] Hail
|-heal|p1a: Weezing|32/100|[from] item: Black Sludge
|upkeep
|turn|2
|j| galactest bro !
|c|☆UULT2 Zoro|hm
|c|☆UULT2 Zoro|what would that help with
|c|☆pokemonisfun|toxic spikes
|c|☆UULT2 Zoro|i think i like this to fog on like
|c|☆UULT2 Zoro|rhyperior
|c|☆pokemonisfun|and darm ?
|c|☆UULT2 Zoro|darm is fair yea
|c|☆UULT2 Zoro|he's a dick i bet
|c|☆pokemonisfun|and machamp but you have a champ counter
|
|switch|p1a: Bronzong|Bronzong|100/100
|move|p2a: vanilla guerilla|Aurora Veil|p2a: vanilla guerilla
|-sidestart|p2: pokemonisfun|move: Aurora Veil
|
|-weather|Hail|[upkeep]
|-damage|p1a: Bronzong|94/100|[from] Hail
|-heal|p1a: Bronzong|100/100|[from] item: Leftovers
|upkeep
|turn|3
|c|☆pokemonisfun|but you still take like 65 from cb flare
|
|switch|p2a: sheep that sweeps|Cobalion|100/100
|move|p1a: Bronzong|Stealth Rock|p2a: sheep that sweeps
|-sidestart|p2: pokemonisfun|move: Stealth Rock
|
|-weather|Hail|[upkeep]
|-damage|p2a: sheep that sweeps|94/100|[from] Hail
|-damage|p1a: Bronzong|94/100|[from] Hail
|-heal|p1a: Bronzong|100/100|[from] item: Leftovers
|upkeep
|turn|4
|
|switch|p1a: Quagsire|Quagsire, M|100/100
|move|p2a: sheep that sweeps|Stealth Rock|p1a: Quagsire
|-sidestart|p1: UULT2 Zoro|move: Stealth Rock
|
|-weather|Hail|[upkeep]
|-damage|p2a: sheep that sweeps|88/100|[from] Hail
|-damage|p1a: Quagsire|94/100|[from] Hail
|-heal|p1a: Quagsire|100/100|[from] item: Leftovers
|upkeep
|turn|5
|
|switch|p2a: vanilla guerilla|Vanilluxe, M|100/100
|-status|p2a: vanilla guerilla|psn
|-damage|p2a: vanilla guerilla|76/100 psn|[from] Stealth Rock
|move|p1a: Quagsire|Earthquake|p2a: vanilla guerilla
|-damage|p2a: vanilla guerilla|54/100 psn
|
|-weather|none
|-damage|p2a: vanilla guerilla|42/100 psn|[from] psn
|upkeep
|turn|6
|j| Testborn
|
|switch|p1a: Avalugg|Avalugg, F|100/100
|move|p2a: vanilla guerilla|Explosion|p1a: Avalugg
|-damage|p1a: Avalugg|78/100
|faint|p2a: vanilla guerilla
|
|upkeep
|c|☆pokemonisfun|solid
|c|☆UULT2 Zoro|im not sure
|c|☆UULT2 Zoro|what to make of that damage
|c|☆UULT2 Zoro|i think im like
|c|☆UULT2 Zoro|impressed w the ice cream?
|c|☆pokemonisfun|i almost did as much as um
|c|☆pokemonisfun|sr would
|c|☆pokemonisfun|if you didnt have hdb
|
|switch|p2a: funny honey|Ribombee, M|100/100
|turn|7
|
|switch|p1a: Bronzong|Bronzong|100/100
|-damage|p1a: Bronzong|94/100|[from] Stealth Rock
|move|p2a: funny honey|Moonblast|p1a: Bronzong
|-resisted|p1a: Bronzong
|-damage|p1a: Bronzong|81/100
|
|-heal|p1a: Bronzong|87/100|[from] item: Leftovers
|upkeep
|turn|8
|
|move|p2a: funny honey|Bug Buzz|p1a: Bronzong
|-crit|p1a: Bronzong
|-damage|p1a: Bronzong|52/100
|move|p1a: Bronzong|Heavy Slam|p2a: funny honey
|-supereffective|p2a: funny honey
|-damage|p2a: funny honey|27/100
|
|-heal|p1a: Bronzong|58/100|[from] item: Leftovers
|upkeep
|turn|9
|
|move|p2a: funny honey|Bug Buzz|p1a: Bronzong
|-damage|p1a: Bronzong|34/100
|-unboost|p1a: Bronzong|spd|1
|move|p1a: Bronzong|Heavy Slam|p2a: funny honey
|-supereffective|p2a: funny honey
|-damage|p2a: funny honey|0 fnt
|faint|p2a: funny honey
|
|-heal|p1a: Bronzong|40/100|[from] item: Leftovers
|-sideend|p2: pokemonisfun|move: Aurora Veil
|upkeep
|
|switch|p2a: dead head|Necrozma|100/100
|-damage|p2a: dead head|88/100|[from] Stealth Rock
|-status|p2a: dead head|psn
|-enditem|p2a: dead head|Lum Berry|[eat]
|-curestatus|p2a: dead head|psn|[msg]
|turn|10
|
|move|p2a: dead head|Knock Off|p1a: Bronzong
|-supereffective|p1a: Bronzong
|-damage|p1a: Bronzong|0 fnt
|-enditem|p1a: Bronzong|Leftovers|[from] move: Knock Off|[of] p2a: dead head
|faint|p1a: Bronzong
|
|upkeep
|
|switch|p1a: Umbreon|Umbreon, F|100/100
|-damage|p1a: Umbreon|88/100|[from] Stealth Rock
|turn|11
|
|move|p2a: dead head|Knock Off|p1a: Umbreon
|-resisted|p1a: Umbreon
|-damage|p1a: Umbreon|75/100
|-enditem|p1a: Umbreon|Leftovers|[from] move: Knock Off|[of] p2a: dead head
|move|p1a: Umbreon|Foul Play|p2a: dead head
|-supereffective|p2a: dead head
|-damage|p2a: dead head|20/100
|
|upkeep
|turn|12
|
|move|p2a: dead head|Earthquake|p1a: Umbreon
|-damage|p1a: Umbreon|47/100
|move|p1a: Umbreon|Wish|p1a: Umbreon
|
|upkeep
|turn|13
|
|move|p2a: dead head|Dragon Dance|p2a: dead head
|-boost|p2a: dead head|atk|1
|-boost|p2a: dead head|spe|1
|move|p1a: Umbreon|Foul Play|p2a: dead head
|-supereffective|p2a: dead head
|-damage|p2a: dead head|0 fnt
|faint|p2a: dead head
|
|-heal|p1a: Umbreon|97/100|[from] move: Wish|[wisher] Umbreon
|upkeep
|
|switch|p2a: sheep that sweeps|Cobalion|88/100
|-damage|p2a: sheep that sweeps|85/100|[from] Stealth Rock
|turn|14
|
|switch|p1a: Quagsire|Quagsire, M|100/100
|-damage|p1a: Quagsire|94/100|[from] Stealth Rock
|move|p2a: sheep that sweeps|Swords Dance|p2a: sheep that sweeps
|-boost|p2a: sheep that sweeps|atk|2
|
|-heal|p1a: Quagsire|100/100|[from] item: Leftovers
|upkeep
|turn|15
|
|move|p2a: sheep that sweeps|Iron Head|p1a: Quagsire
|-resisted|p1a: Quagsire
|-damage|p1a: Quagsire|89/100
|move|p1a: Quagsire|Scald|p2a: sheep that sweeps
|-damage|p2a: sheep that sweeps|61/100
|
|-heal|p1a: Quagsire|95/100|[from] item: Leftovers
|upkeep
|turn|16
|
|move|p2a: sheep that sweeps|Iron Head|p1a: Quagsire
|-resisted|p1a: Quagsire
|-damage|p1a: Quagsire|84/100
|move|p1a: Quagsire|Scald|p2a: sheep that sweeps
|-damage|p2a: sheep that sweeps|36/100
|
|-heal|p1a: Quagsire|90/100|[from] item: Leftovers
|upkeep
|turn|17
|
|move|p2a: sheep that sweeps|Iron Head|p1a: Quagsire
|-resisted|p1a: Quagsire
|-damage|p1a: Quagsire|79/100
|move|p1a: Quagsire|Scald|p2a: sheep that sweeps
|-damage|p2a: sheep that sweeps|11/100
|
|-heal|p1a: Quagsire|85/100|[from] item: Leftovers
|upkeep
|turn|18
|
|move|p2a: sheep that sweeps|Iron Head|p1a: Quagsire
|-resisted|p1a: Quagsire
|-damage|p1a: Quagsire|73/100
|move|p1a: Quagsire|Scald|p2a: sheep that sweeps
|-damage|p2a: sheep that sweeps|0 fnt
|faint|p2a: sheep that sweeps
|
|-heal|p1a: Quagsire|79/100|[from] item: Leftovers
|upkeep
|c|☆pokemonisfun|well i tried
|c|☆pokemonisfun|:s
|-message|pokemonisfun forfeited.
|
|win|UULT2 Zoro
|c|☆pokemonisfun|gg
|c|☆UULT2 Zoro|gg
|l|☆pokemonisfun
|l|☆UULT2 Zoro
|raw|UULT2 Zoro's rating: 1665 &rarr; <strong>1689</strong><br />(+24 for winning)
|raw|pokemonisfun's rating: 1724 &rarr; <strong>1700</strong><br />(-24 for losing)
