|j|☆Sirwings
|j|☆basaninho
|t:|1633560155
|gametype|singles
|player|p1|Sirwings|cress|
|player|p2|basaninho|1|
|teamsize|p1|6
|teamsize|p2|6
|gen|8
|tier|[Gen 8] UU
|rated|Tournament battle
|rule|Sleep Clause Mod: Limit one foe put to sleep
|rule|Species Clause: Limit one of each Pokémon
|rule|OHKO Clause: OHKO moves are banned
|rule|Evasion Moves Clause: Evasion moves are banned
|rule|Endless Battle Clause: Forcing endless battles is banned
|rule|HP Percentage Mod: HP is shown in percentages
|rule|Dynamax Clause: You cannot dynamax
|clearpoke
|poke|p1|Tapu Bulu|
|poke|p1|Mandibuzz, F|
|poke|p1|Slowking, M|
|poke|p1|Excadrill, F|
|poke|p1|Noivern, F|
|poke|p1|Entei|
|poke|p2|Golisopod, M|
|poke|p2|Excadrill, F|
|poke|p2|Mandibuzz, F|
|poke|p2|Mienshao, M|
|poke|p2|Tapu Bulu|
|poke|p2|Noivern, M|
|teampreview
|inactive|Battle timer is ON: inactive players will automatically lose when time's up. (requested by basaninho)
|c|☆basaninho|hf
|inactive|Sirwings has 120 seconds left.
|inactive|basaninho has 120 seconds left.
|c|☆Sirwings|hf
|inactive|basaninho has 90 seconds left.
|j| marikk0715
|j| Zephyyyr
|j| Corperate N
|
|t:|1633560226
|start
|switch|p1a: Noivern|Noivern, F|100/100
|switch|p2a: Excadrill|Excadrill, F|100/100
|-ability|p2a: Excadrill|Mold Breaker
|turn|1
|
|t:|1633560234
|move|p1a: Noivern|Flamethrower|p2a: Excadrill
|-supereffective|p2a: Excadrill
|-damage|p2a: Excadrill|52/100
|-status|p2a: Excadrill|brn
|move|p2a: Excadrill|Toxic|p1a: Noivern
|-status|p1a: Noivern|tox
|
|-heal|p2a: Excadrill|59/100 brn|[from] item: Leftovers
|-damage|p1a: Noivern|94/100 tox|[from] psn
|-damage|p2a: Excadrill|52/100 brn|[from] brn
|upkeep
|turn|2
|c|☆Sirwings|mb
|
|t:|1633560245
|switch|p2a: Mandibuzz|Mandibuzz, F|100/100
|move|p1a: Noivern|U-turn|p2a: Mandibuzz
|-damage|p2a: Mandibuzz|92/100
|
|t:|1633560267
|switch|p1a: Tapu Bulu|Tapu Bulu|100/100|[from]move: U-turn
|-fieldstart|move: Grassy Terrain|[from] ability: Grassy Surge|[of] p1a: Tapu Bulu
|
|upkeep
|turn|3
|
|t:|1633560271
|move|p1a: Tapu Bulu|Stone Edge|p2a: Mandibuzz|[miss]
|-miss|p1a: Tapu Bulu|p2a: Mandibuzz
|move|p2a: Mandibuzz|U-turn|p1a: Tapu Bulu
|-damage|p1a: Tapu Bulu|91/100
|c|☆basaninho|sorry
|c|☆Sirwings|tqt
|
|t:|1633560283
|switch|p2a: Mienshao|Mienshao, M|100/100|[from]move: U-turn
|
|-heal|p1a: Tapu Bulu|97/100|[from] Grassy Terrain
|upkeep
|turn|4
|c|☆Sirwings|ça vaut pas la burn mais osef
|j|@ANGER MANAGEMENT
|
|t:|1633560300
|switch|p1a: Noivern|Noivern, F|94/100 tox
|move|p2a: Mienshao|Poison Jab|p1a: Noivern
|-damage|p1a: Noivern|47/100 tox
|-damage|p2a: Mienshao|91/100|[from] item: Life Orb
|
|-heal|p2a: Mienshao|96/100|[from] Grassy Terrain
|-damage|p1a: Noivern|41/100 tox|[from] psn
|upkeep
|turn|5
|
|t:|1633560308
|switch|p2a: Mandibuzz|Mandibuzz, F|92/100
|move|p1a: Noivern|U-turn|p2a: Mandibuzz
|-damage|p2a: Mandibuzz|85/100
|
|t:|1633560319
|switch|p1a: Tapu Bulu|Tapu Bulu|97/100|[from]move: U-turn
|
|-heal|p1a: Tapu Bulu|100/100|[from] Grassy Terrain
|upkeep
|turn|6
|
|t:|1633560335
|move|p1a: Tapu Bulu|Stone Edge|p2a: Mandibuzz|[miss]
|-miss|p1a: Tapu Bulu|p2a: Mandibuzz
|move|p2a: Mandibuzz|Roost|p2a: Mandibuzz
|-heal|p2a: Mandibuzz|100/100
|-singleturn|p2a: Mandibuzz|move: Roost
|
|-fieldend|move: Grassy Terrain
|upkeep
|turn|7
|
|t:|1633560347
|switch|p1a: Noivern|Noivern, F|41/100 tox
|move|p2a: Mandibuzz|U-turn|p1a: Noivern
|-resisted|p1a: Noivern
|-damage|p1a: Noivern|35/100 tox
|l| Zephyyyr
|
|t:|1633560366
|switch|p2a: Tapu Bulu|Tapu Bulu|100/100|[from]move: U-turn
|-fieldstart|move: Grassy Terrain|[from] ability: Grassy Surge|[of] p2a: Tapu Bulu
|
|-damage|p1a: Noivern|29/100 tox|[from] psn
|upkeep
|turn|8
|
|t:|1633560371
|move|p1a: Noivern|U-turn|p2a: Tapu Bulu
|-damage|p2a: Tapu Bulu|91/100
|j| Zephyyyr
|
|t:|1633560378
|switch|p1a: Entei|Entei|100/100|[from]move: U-turn
|move|p2a: Tapu Bulu|Darkest Lariat|p1a: Entei
|-damage|p1a: Entei|58/100
|-damage|p2a: Tapu Bulu|81/100|[from] item: Life Orb
|
|-heal|p1a: Entei|65/100|[from] Grassy Terrain
|-heal|p2a: Tapu Bulu|87/100|[from] Grassy Terrain
|upkeep
|turn|9
|j| PTBreak
|c| Zephyyyr|Basa t as du creep sur ton mandi ? C est pour le taff
|l| PTBreak
|c| Zephyyyr|Send DM apres la game mdr
|inactive|basaninho has 120 seconds left.
|c|☆basaninho|la spread est louche donc j'imagine que oui
|j| SaberSeven
|inactive|basaninho has 90 seconds left.
|
|t:|1633560440
|switch|p2a: Noivern|Noivern, M|100/100
|move|p1a: Entei|Sacred Fire|p2a: Noivern
|-resisted|p2a: Noivern
|-damage|p2a: Noivern|53/100
|-status|p2a: Noivern|brn
|
|-heal|p1a: Entei|71/100|[from] Grassy Terrain
|-damage|p2a: Noivern|47/100 brn|[from] brn
|upkeep
|turn|10
|inactive|basaninho has 90 seconds left.
|
|t:|1633560451
|switch|p1a: Slowking|Slowking, M|100/100
|move|p2a: Noivern|U-turn|p1a: Slowking
|-supereffective|p1a: Slowking
|-damage|p1a: Slowking|92/100
|
|t:|1633560453
|switch|p2a: Excadrill|Excadrill, F|52/100 brn|[from]move: U-turn
|-ability|p2a: Excadrill|Mold Breaker
|
|-heal|p2a: Excadrill|59/100 brn|[from] Grassy Terrain
|-heal|p2a: Excadrill|65/100 brn|[from] item: Leftovers
|-heal|p1a: Slowking|98/100|[from] Grassy Terrain
|-damage|p2a: Excadrill|59/100 brn|[from] brn
|upkeep
|turn|11
|
|t:|1633560457
|move|p2a: Excadrill|Stealth Rock|p1a: Slowking
|-sidestart|p1: Sirwings|move: Stealth Rock
|move|p1a: Slowking|Future Sight|p2a: Excadrill
|-start|p1a: Slowking|move: Future Sight
|
|-heal|p2a: Excadrill|65/100 brn|[from] Grassy Terrain
|-heal|p2a: Excadrill|71/100 brn|[from] item: Leftovers
|-heal|p1a: Slowking|100/100|[from] Grassy Terrain
|-damage|p2a: Excadrill|65/100 brn|[from] brn
|-fieldend|move: Grassy Terrain
|upkeep
|turn|12
|
|t:|1633560464
|switch|p2a: Mandibuzz|Mandibuzz, F|100/100
|move|p1a: Slowking|Teleport|p1a: Slowking
|
|t:|1633560467
|switch|p1a: Tapu Bulu|Tapu Bulu|100/100|[from]move: Teleport
|-damage|p1a: Tapu Bulu|88/100|[from] Stealth Rock
|-fieldstart|move: Grassy Terrain|[from] ability: Grassy Surge|[of] p1a: Tapu Bulu
|
|-heal|p1a: Tapu Bulu|94/100|[from] Grassy Terrain
|upkeep
|turn|13
|
|t:|1633560470
|move|p1a: Tapu Bulu|Stone Edge|p2a: Mandibuzz|[miss]
|-miss|p1a: Tapu Bulu|p2a: Mandibuzz
|move|p2a: Mandibuzz|U-turn|p1a: Tapu Bulu
|-damage|p1a: Tapu Bulu|83/100
|c|☆Sirwings|mais
|c|☆basaninho|désormais
|
|t:|1633560478
|switch|p2a: Excadrill|Excadrill, F|65/100 brn|[from]move: U-turn
|-ability|p2a: Excadrill|Mold Breaker
|
|-end|p2a: Excadrill|move: Future Sight
|-resisted|p2a: Excadrill
|-damage|p2a: Excadrill|44/100 brn
|-heal|p2a: Excadrill|50/100 brn|[from] Grassy Terrain
|-heal|p2a: Excadrill|56/100 brn|[from] item: Leftovers
|-heal|p1a: Tapu Bulu|89/100|[from] Grassy Terrain
|-damage|p2a: Excadrill|50/100 brn|[from] brn
|upkeep
|turn|14
|
|t:|1633560484
|switch|p2a: Mienshao|Mienshao, M|100/100
|switch|p1a: Excadrill|Excadrill, F|100/100
|-damage|p1a: Excadrill|97/100|[from] Stealth Rock
|-ability|p1a: Excadrill|Mold Breaker
|
|-heal|p1a: Excadrill|100/100|[from] Grassy Terrain
|upkeep
|turn|15
|c| Zephyyyr|Click click
|
|t:|1633560506
|switch|p1a: Mandibuzz|Mandibuzz, F|100/100
|move|p2a: Mienshao|Close Combat|p1a: Mandibuzz
|-damage|p1a: Mandibuzz|42/100
|-unboost|p2a: Mienshao|def|1
|-unboost|p2a: Mienshao|spd|1
|-damage|p2a: Mienshao|91/100|[from] item: Life Orb
|
|-heal|p2a: Mienshao|96/100|[from] Grassy Terrain
|upkeep
|turn|16
|c|☆Sirwings|le mandi devrait être mort
|c|☆basaninho|mon dieu
|c|☆Sirwings|et ce 3 fois
|c|☆Sirwings|oskour
|c|☆basaninho|mdddr mort je pense pas
|c|☆basaninho|si t'es band ça fait 60 ma
|c|☆Sirwings|jui band ada
|c|☆basaninho|x
|c|☆Sirwings|ça prend 92%
|c|☆basaninho|bh nn
|inactive|Sirwings has 120 seconds left.
|c|☆Sirwings|sur le premier ça meurt
|c| Zephyyyr|Band edge ca doit faire 85
|c|☆Sirwings|dépend des spread alors
|c|☆basaninho|252+ Atk Choice Band Tapu Bulu Stone Edge vs. 248 HP / 36+ Def Mandibuzz: 304-358 (71.8 - 84.6%) -- guaranteed 2HKO
|inactive|Sirwings has 90 seconds left.
|c|☆basaninho|jsuis serein
|c|☆Sirwings|ah j'ai pas calc avec ça
|l| SaberSeven
|
|t:|1633560580
|move|p2a: Mienshao|Close Combat|p1a: Mandibuzz
|-damage|p1a: Mandibuzz|0 fnt
|-unboost|p2a: Mienshao|def|1
|-unboost|p2a: Mienshao|spd|1
|faint|p1a: Mandibuzz
|-damage|p2a: Mienshao|86/100|[from] item: Life Orb
|
|-heal|p2a: Mienshao|92/100|[from] Grassy Terrain
|-fieldend|move: Grassy Terrain
|upkeep
|
|t:|1633560583
|switch|p1a: Noivern|Noivern, F|29/100 tox
|turn|17
|inactive|Sirwings has 90 seconds left.
|
|t:|1633560589
|switch|p2a: Mandibuzz|Mandibuzz, F|100/100
|move|p1a: Noivern|Draco Meteor|p2a: Mandibuzz
|-damage|p2a: Mandibuzz|62/100
|-unboost|p1a: Noivern|spa|2
|
|-damage|p1a: Noivern|23/100 tox|[from] psn
|upkeep
|turn|18
|
|t:|1633560595
|move|p1a: Noivern|Roost|p1a: Noivern
|-heal|p1a: Noivern|73/100 tox
|-singleturn|p1a: Noivern|move: Roost
|move|p2a: Mandibuzz|U-turn|p1a: Noivern
|-crit|p1a: Noivern
|-damage|p1a: Noivern|55/100 tox
|
|t:|1633560605
|switch|p2a: Mienshao|Mienshao, M|100/100|[from]move: U-turn
|
|-damage|p1a: Noivern|43/100 tox|[from] psn
|upkeep
|turn|19
|
|t:|1633560609
|move|p1a: Noivern|U-turn|p2a: Mienshao
|-resisted|p2a: Mienshao
|-damage|p2a: Mienshao|90/100
|
|t:|1633560613
|switch|p1a: Slowking|Slowking, M|100/100|[from]move: U-turn
|move|p2a: Mienshao|Close Combat|p1a: Slowking
|-resisted|p1a: Slowking
|-damage|p1a: Slowking|70/100
|-unboost|p2a: Mienshao|def|1
|-unboost|p2a: Mienshao|spd|1
|-damage|p2a: Mienshao|80/100|[from] item: Life Orb
|
|upkeep
|turn|20
|c| Zephyyyr|Pas jouer mixed mandu such a waste
|c|☆Sirwings|je joue mixed
|c|☆Sirwings|mais pas cette spread
|inactive|basaninho has 120 seconds left.
|c|☆basaninho|il est bold ce fou furieux
|
|t:|1633560658
|switch|p1a: Noivern|Noivern, F|43/100 tox
|move|p2a: Mienshao|U-turn|p1a: Noivern
|-resisted|p1a: Noivern
|-damage|p1a: Noivern|24/100 tox
|-damage|p2a: Mienshao|70/100|[from] item: Life Orb
|
|t:|1633560662
|switch|p2a: Golisopod|Golisopod, M|100/100|[from]move: U-turn
|
|-damage|p1a: Noivern|18/100 tox|[from] psn
|upkeep
|turn|21
|
|t:|1633560669
|switch|p1a: Excadrill|Excadrill, F|100/100
|-damage|p1a: Excadrill|97/100|[from] Stealth Rock
|-ability|p1a: Excadrill|Mold Breaker
|move|p2a: Golisopod|First Impression|p1a: Excadrill
|-resisted|p1a: Excadrill
|-damage|p1a: Excadrill|62/100
|
|-heal|p1a: Excadrill|68/100|[from] item: Leftovers
|upkeep
|turn|22
|
|t:|1633560677
|switch|p1a: Tapu Bulu|Tapu Bulu|89/100
|-damage|p1a: Tapu Bulu|77/100|[from] Stealth Rock
|-fieldstart|move: Grassy Terrain|[from] ability: Grassy Surge|[of] p1a: Tapu Bulu
|move|p2a: Golisopod|Liquidation|p1a: Tapu Bulu
|-resisted|p1a: Tapu Bulu
|-damage|p1a: Tapu Bulu|51/100
|
|-heal|p1a: Tapu Bulu|57/100|[from] Grassy Terrain
|upkeep
|turn|23
|j| SlimSlacker
|c| Zephyyyr|Tu vas me dire le tier est pas rigolo
|inactive|basaninho has 120 seconds left.
|
|t:|1633560712
|switch|p2a: Excadrill|Excadrill, F|50/100 brn
|-ability|p2a: Excadrill|Mold Breaker
|move|p1a: Tapu Bulu|Horn Leech|p2a: Excadrill
|-damage|p2a: Excadrill|0 fnt
|-heal|p1a: Tapu Bulu|89/100|[from] drain|[of] p2a: Excadrill
|faint|p2a: Excadrill
|
|-heal|p1a: Tapu Bulu|95/100|[from] Grassy Terrain
|upkeep
|c| Zephyyyr|Clique WH comme un mec nornal ;(
|
|t:|1633560725
|switch|p2a: Noivern|Noivern, M|47/100 brn
|turn|24
|c|☆Sirwings|nan
|c|☆Sirwings|palu
|
|t:|1633560742
|move|p2a: Noivern|U-turn|p1a: Tapu Bulu
|-damage|p1a: Tapu Bulu|89/100
|
|t:|1633560746
|switch|p2a: Mandibuzz|Mandibuzz, F|62/100|[from]move: U-turn
|move|p1a: Tapu Bulu|Horn Leech|p2a: Mandibuzz
|-resisted|p2a: Mandibuzz
|-damage|p2a: Mandibuzz|31/100
|-heal|p1a: Tapu Bulu|100/100|[from] drain|[of] p2a: Mandibuzz
|
|upkeep
|turn|25
|inactive|basaninho has 120 seconds left.
|
|t:|1633560770
|move|p1a: Tapu Bulu|Horn Leech|p2a: Mandibuzz
|-resisted|p2a: Mandibuzz
|-damage|p2a: Mandibuzz|4/100
|move|p2a: Mandibuzz|Roost|p2a: Mandibuzz
|-heal|p2a: Mandibuzz|54/100
|-singleturn|p2a: Mandibuzz|move: Roost
|
|-heal|p2a: Mandibuzz|60/100|[from] Grassy Terrain
|upkeep
|turn|26
|
|t:|1633560776
|switch|p1a: Excadrill|Excadrill, F|68/100
|-damage|p1a: Excadrill|65/100|[from] Stealth Rock
|-ability|p1a: Excadrill|Mold Breaker
|move|p2a: Mandibuzz|U-turn|p1a: Excadrill
|-resisted|p1a: Excadrill
|-crit|p1a: Excadrill
|-damage|p1a: Excadrill|55/100
|
|t:|1633560779
|switch|p2a: Mienshao|Mienshao, M|100/100|[from]move: U-turn
|
|-heal|p1a: Excadrill|61/100|[from] Grassy Terrain
|-heal|p1a: Excadrill|67/100|[from] item: Leftovers
|-fieldend|move: Grassy Terrain
|upkeep
|turn|27
|c| Zephyyyr|WH ca 2hko je dis ca comme ca
|inactive|basaninho has 120 seconds left.
|
|t:|1633560791
|switch|p1a: Slowking|Slowking, M|100/100
|move|p2a: Mienshao|Close Combat|p1a: Slowking
|-resisted|p1a: Slowking
|-damage|p1a: Slowking|69/100
|-unboost|p2a: Mienshao|def|1
|-unboost|p2a: Mienshao|spd|1
|-damage|p2a: Mienshao|91/100|[from] item: Life Orb
|
|upkeep
|turn|28
|inactive|basaninho has 120 seconds left.
|c|☆Sirwings|je joue pas WH
|
|t:|1633560801
|move|p2a: Mienshao|U-turn|p1a: Slowking
|-supereffective|p1a: Slowking
|-damage|p1a: Slowking|17/100
|-damage|p2a: Mienshao|81/100|[from] item: Life Orb
|c| Zephyyyr|Meeeeh
|inactive|basaninho has 120 seconds left.
|
|t:|1633560809
|switch|p2a: Golisopod|Golisopod, M|100/100|[from]move: U-turn
|move|p1a: Slowking|Teleport|p1a: Slowking
|c|☆Sirwings|menfou
|l| marikk0715
|
|t:|1633560813
|switch|p1a: Entei|Entei|71/100|[from]move: Teleport
|-damage|p1a: Entei|46/100|[from] Stealth Rock
|
|upkeep
|turn|29
|
|t:|1633560823
|move|p2a: Golisopod|First Impression|p1a: Entei
|-resisted|p1a: Entei
|-damage|p1a: Entei|19/100
|move|p1a: Entei|Sacred Fire|p2a: Golisopod
|-damage|p2a: Golisopod|43/100
|-status|p2a: Golisopod|brn
|-activate|p2a: Golisopod|ability: Emergency Exit
|
|t:|1633560832
|switch|p2a: Mienshao|Mienshao, M|100/100
|
|upkeep
|turn|30
|
|t:|1633560844
|move|p2a: Mienshao|Knock Off|p1a: Entei
|-damage|p1a: Entei|0 fnt
|-enditem|p1a: Entei|Choice Band|[from] move: Knock Off|[of] p2a: Mienshao
|faint|p1a: Entei
|-damage|p2a: Mienshao|91/100|[from] item: Life Orb
|
|upkeep
|
|t:|1633560851
|switch|p1a: Noivern|Noivern, F|18/100 tox
|turn|31
|j| MegaTotomon
|
|t:|1633560857
|switch|p2a: Mandibuzz|Mandibuzz, F|60/100
|move|p1a: Noivern|Draco Meteor|p2a: Mandibuzz
|-damage|p2a: Mandibuzz|21/100
|-unboost|p1a: Noivern|spa|2
|
|-damage|p1a: Noivern|12/100 tox|[from] psn
|upkeep
|turn|32
|
|t:|1633560861
|switch|p2a: Mienshao|Mienshao, M|100/100
|move|p1a: Noivern|U-turn|p2a: Mienshao
|-resisted|p2a: Mienshao
|-damage|p2a: Mienshao|90/100
|
|t:|1633560870
|switch|p1a: Slowking|Slowking, M|50/100|[from]move: U-turn
|
|upkeep
|turn|33
|
|t:|1633560877
|switch|p1a: Excadrill|Excadrill, F|67/100
|-damage|p1a: Excadrill|64/100|[from] Stealth Rock
|-ability|p1a: Excadrill|Mold Breaker
|move|p2a: Mienshao|Knock Off|p1a: Excadrill
|-damage|p1a: Excadrill|2/100
|-enditem|p1a: Excadrill|Leftovers|[from] move: Knock Off|[of] p2a: Mienshao
|-damage|p2a: Mienshao|80/100|[from] item: Life Orb
|
|upkeep
|turn|34
|
|t:|1633560887
|move|p2a: Mienshao|U-turn|p1a: Excadrill
|-resisted|p1a: Excadrill
|-damage|p1a: Excadrill|0 fnt
|faint|p1a: Excadrill
|-damage|p2a: Mienshao|70/100|[from] item: Life Orb
|
|t:|1633560891
|switch|p2a: Golisopod|Golisopod, M|43/100 brn|[from]move: U-turn
|
|-damage|p2a: Golisopod|37/100 brn|[from] brn
|upkeep
|
|t:|1633560907
|switch|p1a: Slowking|Slowking, M|83/100
|turn|35
|
|t:|1633560912
|move|p2a: Golisopod|Knock Off|p1a: Slowking
|-supereffective|p1a: Slowking
|-damage|p1a: Slowking|54/100
|-enditem|p1a: Slowking|Heavy-Duty Boots|[from] move: Knock Off|[of] p2a: Golisopod
|move|p1a: Slowking|Future Sight|p2a: Golisopod
|-start|p1a: Slowking|move: Future Sight
|
|-damage|p2a: Golisopod|31/100 brn|[from] brn
|upkeep
|turn|36
|
|t:|1633560919
|move|p2a: Golisopod|Spikes|p1a: Slowking
|-sidestart|p1: Sirwings|Spikes
|move|p1a: Slowking|Teleport|p1a: Slowking
|
|t:|1633560922
|switch|p1a: Noivern|Noivern, F|12/100 tox|[from]move: Teleport
|
|-damage|p1a: Noivern|6/100 tox|[from] psn
|-damage|p2a: Golisopod|25/100 brn|[from] brn
|upkeep
|turn|37
|
|t:|1633560930
|move|p1a: Noivern|Roost|p1a: Noivern
|-heal|p1a: Noivern|56/100 tox
|-singleturn|p1a: Noivern|move: Roost
|move|p2a: Golisopod|Spikes|p1a: Noivern
|-sidestart|p1: Sirwings|Spikes
|
|-end|p2a: Golisopod|move: Future Sight
|-damage|p2a: Golisopod|0 fnt
|faint|p2a: Golisopod
|-damage|p1a: Noivern|44/100 tox|[from] psn
|upkeep
|
|t:|1633560935
|switch|p2a: Noivern|Noivern, M|47/100 brn
|turn|38
|
|t:|1633560939
|switch|p1a: Slowking|Slowking, M|88/100
|-damage|p1a: Slowking|75/100|[from] Stealth Rock
|-damage|p1a: Slowking|59/100|[from] Spikes
|move|p2a: Noivern|Draco Meteor|p1a: Slowking
|-damage|p1a: Slowking|20/100
|-unboost|p2a: Noivern|spa|2
|
|-damage|p2a: Noivern|41/100 brn|[from] brn
|upkeep
|turn|39
|
|t:|1633560959
|move|p2a: Noivern|U-turn|p1a: Slowking
|-supereffective|p1a: Slowking
|-damage|p1a: Slowking|11/100
|
|t:|1633560961
|switch|p2a: Tapu Bulu|Tapu Bulu|87/100|[from]move: U-turn
|-fieldstart|move: Grassy Terrain|[from] ability: Grassy Surge|[of] p2a: Tapu Bulu
|move|p1a: Slowking|Teleport|p1a: Slowking
|
|t:|1633560966
|switch|p1a: Noivern|Noivern, F|44/100 tox|[from]move: Teleport
|
|-heal|p2a: Tapu Bulu|93/100|[from] Grassy Terrain
|-damage|p1a: Noivern|37/100 tox|[from] psn
|upkeep
|turn|40
|
|t:|1633560969
|move|p1a: Noivern|Flamethrower|p2a: Tapu Bulu
|-supereffective|p2a: Tapu Bulu
|-damage|p2a: Tapu Bulu|35/100
|move|p2a: Tapu Bulu|Horn Leech|p1a: Noivern
|-resisted|p1a: Noivern
|-damage|p1a: Noivern|12/100 tox
|-heal|p2a: Tapu Bulu|47/100|[from] drain|[of] p1a: Noivern
|-damage|p2a: Tapu Bulu|37/100|[from] item: Life Orb
|
|-heal|p2a: Tapu Bulu|44/100|[from] Grassy Terrain
|-damage|p1a: Noivern|0 fnt|[from] psn
|faint|p1a: Noivern
|upkeep
|c|☆basaninho|gg
|
|t:|1633560976
|switch|p1a: Tapu Bulu|Tapu Bulu|100/100
|-damage|p1a: Tapu Bulu|88/100|[from] Stealth Rock
|-damage|p1a: Tapu Bulu|72/100|[from] Spikes
|turn|41
|
|t:|1633560980
|move|p1a: Tapu Bulu|Horn Leech|p2a: Tapu Bulu
|-resisted|p2a: Tapu Bulu
|-damage|p2a: Tapu Bulu|2/100
|-heal|p1a: Tapu Bulu|95/100|[from] drain|[of] p2a: Tapu Bulu
|move|p2a: Tapu Bulu|Horn Leech|p1a: Tapu Bulu
|-resisted|p1a: Tapu Bulu
|-damage|p1a: Tapu Bulu|53/100
|-heal|p2a: Tapu Bulu|21/100|[from] drain|[of] p1a: Tapu Bulu
|-damage|p2a: Tapu Bulu|11/100|[from] item: Life Orb
|
|-heal|p1a: Tapu Bulu|59/100|[from] Grassy Terrain
|-heal|p2a: Tapu Bulu|17/100|[from] Grassy Terrain
|upkeep
|turn|42
|
|t:|1633560982
|move|p1a: Tapu Bulu|Horn Leech|p2a: Tapu Bulu
|-resisted|p2a: Tapu Bulu
|-damage|p2a: Tapu Bulu|0 fnt
|-heal|p1a: Tapu Bulu|68/100|[from] drain|[of] p2a: Tapu Bulu
|faint|p2a: Tapu Bulu
|
|-heal|p1a: Tapu Bulu|75/100|[from] Grassy Terrain
|upkeep
|
|t:|1633560984
|switch|p2a: Mienshao|Mienshao, M|100/100
|turn|43
|l| Zephyyyr
|
|t:|1633561005
|move|p2a: Mienshao|Poison Jab|p1a: Tapu Bulu
|-supereffective|p1a: Tapu Bulu
|-damage|p1a: Tapu Bulu|0 fnt
|faint|p1a: Tapu Bulu
|-damage|p2a: Mienshao|91/100|[from] item: Life Orb
|
|-heal|p2a: Mienshao|96/100|[from] Grassy Terrain
|-fieldend|move: Grassy Terrain
|upkeep
|
|t:|1633561008
|switch|p1a: Slowking|Slowking, M|44/100
|-damage|p1a: Slowking|32/100|[from] Stealth Rock
|-damage|p1a: Slowking|15/100|[from] Spikes
|turn|44
|c|☆Sirwings|gg ig
|
|t:|1633561015
|move|p2a: Mienshao|U-turn|p1a: Slowking
|-supereffective|p1a: Slowking
|-damage|p1a: Slowking|0 fnt
|faint|p1a: Slowking
|-damage|p2a: Mienshao|86/100|[from] item: Life Orb
|
|win|basaninho
|n|☆Sirwings|sirwings
|n|☆basaninho|basaninho
|n| Corperate N|corperaten
|n| ANGER MANAGEMENT|angermanagement
|n| SlimSlacker|slimslacker
|n| MegaTotomon|megatotomon
|l|☆basaninho
|l| MegaTotomon
|l| SlimSlacker
|l| Corperate N
