|j|☆Appleking123
|j|☆Comedier
|t:|1654557262
|gametype|singles
|player|p1|Appleking123|hiker-gen4|
|player|p2|Comedier|1|
|teamsize|p1|6
|teamsize|p2|6
|gen|8
|tier|[Gen 8] UU
|rule|Sleep Clause Mod: Limit one foe put to sleep
|rule|Species Clause: Limit one of each Pokémon
|rule|OHKO Clause: OHKO moves are banned
|rule|Evasion Moves Clause: Evasion moves are banned
|rule|Endless Battle Clause: Forcing endless battles is banned
|rule|HP Percentage Mod: HP is shown in percentages
|rule|Dynamax Clause: You cannot dynamax
|clearpoke
|poke|p1|Rotom-Wash|
|poke|p1|Conkeldurr, F|
|poke|p1|Tangrowth, M|
|poke|p1|Chandelure, F|
|poke|p1|Lycanroc-Dusk, M|
|poke|p1|Chansey, F|
|poke|p2|Krookodile, F|
|poke|p2|Scizor, M|
|poke|p2|Salamence, M|
|poke|p2|Slowking, F|
|poke|p2|Amoonguss, M|
|poke|p2|Thundurus-Therian, M|
|teampreview
|
|t:|1654557296
|start
|switch|p1a: Bonk!|Conkeldurr, F|100/100
|switch|p2a: Krookodile|Krookodile, F|100/100
|-ability|p2a: Krookodile|Intimidate|boost
|-unboost|p1a: Bonk!|atk|1
|turn|1
|
|t:|1654557301
|switch|p2a: Salamence|Salamence, M|100/100
|-ability|p2a: Salamence|Intimidate|boost
|-unboost|p1a: Bonk!|atk|1
|move|p1a: Bonk!|Close Combat|p2a: Salamence
|-resisted|p2a: Salamence
|-damage|p2a: Salamence|77/100
|-unboost|p1a: Bonk!|def|1
|-unboost|p1a: Bonk!|spd|1
|
|-status|p1a: Bonk!|brn|[from] item: Flame Orb
|upkeep
|turn|2
|
|t:|1654557306
|switch|p1a: Washington|Rotom-Wash|100/100
|move|p2a: Salamence|Hurricane|p1a: Washington
|-resisted|p1a: Washington
|-damage|p1a: Washington|73/100
|-start|p1a: Washington|confusion
|
|-heal|p1a: Washington|79/100|[from] item: Leftovers
|upkeep
|turn|3
|
|t:|1654557317
|switch|p2a: Thundurus|Thundurus-Therian, M|100/100
|-activate|p1a: Washington|confusion
|move|p1a: Washington|Hydro Pump|p2a: Thundurus
|-damage|p2a: Thundurus|43/100
|
|-heal|p1a: Washington|85/100|[from] item: Leftovers
|upkeep
|turn|4
|
|t:|1654557326
|switch|p1a: Egg|Chansey, F|100/100
|move|p2a: Thundurus|Thunderbolt|p1a: Egg
|-damage|p1a: Egg|86/100
|
|upkeep
|turn|5
|
|t:|1654557335
|switch|p2a: Amoonguss|Amoonguss, M|100/100
|move|p1a: Egg|Teleport|p1a: Egg
|
|t:|1654557339
|switch|p1a: L A M P|Chandelure, F|100/100|[from]move: Teleport
|
|upkeep
|turn|6
|
|t:|1654557343
|switch|p2a: Slowking|Slowking, F|100/100
|move|p1a: L A M P|Shadow Ball|p2a: Slowking
|-supereffective|p2a: Slowking
|-damage|p2a: Slowking|36/100
|
|upkeep
|turn|7
|
|t:|1654557347
|switch|p2a: Krookodile|Krookodile, F|100/100
|-ability|p2a: Krookodile|Intimidate|boost
|-unboost|p1a: L A M P|atk|1
|move|p1a: L A M P|Shadow Ball|p2a: Krookodile
|-resisted|p2a: Krookodile
|-damage|p2a: Krookodile|66/100
|
|upkeep
|turn|8
|
|t:|1654557353
|switch|p1a: Spaghet|Tangrowth, M|100/100
|move|p2a: Krookodile|Stealth Rock|p1a: Spaghet
|-sidestart|p1: Appleking123|move: Stealth Rock
|
|upkeep
|turn|9
|
|t:|1654557364
|switch|p2a: Salamence|Salamence, M|77/100
|-ability|p2a: Salamence|Intimidate|boost
|-unboost|p1a: Spaghet|atk|1
|move|p1a: Spaghet|Knock Off|p2a: Salamence
|-damage|p2a: Salamence|58/100
|-enditem|p2a: Salamence|Heavy-Duty Boots|[from] move: Knock Off|[of] p1a: Spaghet
|
|upkeep
|turn|10
|
|t:|1654557368
|switch|p1a: Egg|Chansey, F|86/100
|-damage|p1a: Egg|73/100|[from] Stealth Rock
|move|p2a: Salamence|Hurricane|p1a: Egg
|-damage|p1a: Egg|59/100
|-start|p1a: Egg|confusion
|
|upkeep
|turn|11
|
|t:|1654557375
|switch|p2a: Scizor|Scizor, M|100/100
|-activate|p1a: Egg|confusion
|move|p1a: Egg|Stealth Rock|p2a: Scizor
|-sidestart|p2: Comedier|move: Stealth Rock
|
|upkeep
|turn|12
|
|t:|1654557381
|move|p2a: Scizor|U-turn|p1a: Egg
|-damage|p1a: Egg|35/100
|
|t:|1654557388
|switch|p2a: Amoonguss|Amoonguss, M|100/100|[from]move: U-turn
|-damage|p2a: Amoonguss|88/100|[from] Stealth Rock
|-end|p1a: Egg|confusion
|move|p1a: Egg|Soft-Boiled|p1a: Egg
|-heal|p1a: Egg|85/100
|
|upkeep
|turn|13
|
|t:|1654557394
|move|p2a: Amoonguss|Sludge Bomb|p1a: Egg
|-damage|p1a: Egg|76/100
|move|p1a: Egg|Teleport|p1a: Egg
|
|t:|1654557399
|switch|p1a: L A M P|Chandelure, F|100/100|[from]move: Teleport
|-damage|p1a: L A M P|76/100|[from] Stealth Rock
|
|upkeep
|turn|14
|
|t:|1654557403
|move|p1a: L A M P|Overheat|p2a: Amoonguss
|-supereffective|p2a: Amoonguss
|-damage|p2a: Amoonguss|0 fnt
|-unboost|p1a: L A M P|spa|2
|faint|p2a: Amoonguss
|
|upkeep
|
|t:|1654557408
|switch|p2a: Krookodile|Krookodile, F|66/100
|-damage|p2a: Krookodile|60/100|[from] Stealth Rock
|-ability|p2a: Krookodile|Intimidate|boost
|-unboost|p1a: L A M P|atk|1
|turn|15
|
|t:|1654557411
|switch|p1a: Spaghet|Tangrowth, M|100/100
|-damage|p1a: Spaghet|88/100|[from] Stealth Rock
|move|p2a: Krookodile|Knock Off|p1a: Spaghet
|-damage|p1a: Spaghet|61/100
|-damage|p2a: Krookodile|43/100|[from] item: Rocky Helmet|[of] p1a: Spaghet
|-enditem|p1a: Spaghet|Rocky Helmet|[from] move: Knock Off|[of] p2a: Krookodile
|
|upkeep
|turn|16
|
|t:|1654557415
|switch|p2a: Scizor|Scizor, M|100/100
|move|p1a: Spaghet|Leech Seed|p2a: Scizor
|-start|p2a: Scizor|move: Leech Seed
|
|-damage|p2a: Scizor|88/100|[from] Leech Seed|[of] p1a: Spaghet
|-heal|p1a: Spaghet|72/100|[silent]
|upkeep
|turn|17
|
|t:|1654557420
|move|p2a: Scizor|U-turn|p1a: Spaghet
|-supereffective|p1a: Spaghet
|-damage|p1a: Spaghet|30/100
|
|t:|1654557423
|switch|p2a: Salamence|Salamence, M|58/100|[from]move: U-turn
|-damage|p2a: Salamence|33/100|[from] Stealth Rock
|-ability|p2a: Salamence|Intimidate|boost
|-unboost|p1a: Spaghet|atk|1
|move|p1a: Spaghet|Knock Off|p2a: Salamence
|-damage|p2a: Salamence|20/100
|
|upkeep
|turn|18
|
|t:|1654557428
|switch|p1a: Egg|Chansey, F|76/100
|-damage|p1a: Egg|64/100|[from] Stealth Rock
|move|p2a: Salamence|Roost|p2a: Salamence
|-heal|p2a: Salamence|70/100
|-singleturn|p2a: Salamence|move: Roost
|
|upkeep
|turn|19
|
|t:|1654557431
|move|p2a: Salamence|Hurricane|p1a: Egg|[miss]
|-miss|p2a: Salamence|p1a: Egg
|move|p1a: Egg|Teleport|p1a: Egg
|
|t:|1654557433
|switch|p1a: Bork|Lycanroc-Dusk, M|100/100|[from]move: Teleport
|-damage|p1a: Bork|88/100|[from] Stealth Rock
|
|upkeep
|turn|20
|
|t:|1654557437
|switch|p2a: Slowking|Slowking, F|69/100
|move|p1a: Bork|Stone Edge|p2a: Slowking|[miss]
|-miss|p1a: Bork|p2a: Slowking
|
|upkeep
|turn|21
|
|t:|1654557441
|switch|p1a: Washington|Rotom-Wash|85/100
|-damage|p1a: Washington|73/100|[from] Stealth Rock
|move|p2a: Slowking|Future Sight|p1a: Washington
|-start|p2a: Slowking|move: Future Sight
|
|-heal|p1a: Washington|79/100|[from] item: Leftovers
|upkeep
|turn|22
|
|t:|1654557446
|move|p1a: Washington|Volt Switch|p2a: Slowking
|-supereffective|p2a: Slowking
|-damage|p2a: Slowking|36/100
|
|t:|1654557455
|switch|p1a: Bonk!|Conkeldurr, F|100/100 brn|[from]move: Volt Switch
|-damage|p1a: Bonk!|95/100 brn|[from] Stealth Rock
|move|p2a: Slowking|Teleport|p2a: Slowking
|
|t:|1654557463
|switch|p2a: Scizor|Scizor, M|88/100|[from]move: Teleport
|
|-damage|p1a: Bonk!|89/100 brn|[from] brn
|upkeep
|turn|23
|
|t:|1654557475
|move|p1a: Bonk!|Close Combat|p2a: Scizor
|-damage|p2a: Scizor|0 fnt
|-unboost|p1a: Bonk!|def|1
|-unboost|p1a: Bonk!|spd|1
|faint|p2a: Scizor
|
|-end|p1a: Bonk!|move: Future Sight
|-supereffective|p1a: Bonk!
|-damage|p1a: Bonk!|0 fnt
|faint|p1a: Bonk!
|upkeep
|
|t:|1654557484
|switch|p1a: Spaghet|Tangrowth, M|63/100
|switch|p2a: Salamence|Salamence, M|70/100
|-damage|p2a: Salamence|45/100|[from] Stealth Rock
|-ability|p2a: Salamence|Intimidate|boost
|-unboost|p1a: Spaghet|atk|1
|-damage|p1a: Spaghet|51/100|[from] Stealth Rock
|turn|24
|
|t:|1654557488
|switch|p1a: Egg|Chansey, F|64/100
|-damage|p1a: Egg|51/100|[from] Stealth Rock
|move|p2a: Salamence|Roost|p2a: Salamence
|-heal|p2a: Salamence|95/100
|-singleturn|p2a: Salamence|move: Roost
|
|upkeep
|turn|25
|
|t:|1654557494
|move|p2a: Salamence|Hurricane|p1a: Egg
|-damage|p1a: Egg|37/100
|move|p1a: Egg|Soft-Boiled|p1a: Egg
|-heal|p1a: Egg|87/100
|
|upkeep
|turn|26
|
|t:|1654557497
|move|p2a: Salamence|Hurricane|p1a: Egg|[miss]
|-miss|p2a: Salamence|p1a: Egg
|move|p1a: Egg|Teleport|p1a: Egg
|
|t:|1654557501
|switch|p1a: Washington|Rotom-Wash|79/100|[from]move: Teleport
|-damage|p1a: Washington|67/100|[from] Stealth Rock
|
|-heal|p1a: Washington|73/100|[from] item: Leftovers
|upkeep
|turn|27
|
|t:|1654557506
|move|p2a: Salamence|Hurricane|p1a: Washington|[miss]
|-miss|p2a: Salamence|p1a: Washington
|move|p1a: Washington|Hydro Pump|p2a: Salamence|[miss]
|-miss|p1a: Washington|p2a: Salamence
|
|-heal|p1a: Washington|79/100|[from] item: Leftovers
|upkeep
|turn|28
|
|t:|1654557511
|move|p2a: Salamence|Hurricane|p1a: Washington
|-resisted|p1a: Washington
|-damage|p1a: Washington|53/100
|move|p1a: Washington|Volt Switch|p2a: Salamence
|-damage|p2a: Salamence|65/100
|
|t:|1654557512
|switch|p1a: Bork|Lycanroc-Dusk, M|88/100|[from]move: Volt Switch
|-damage|p1a: Bork|76/100|[from] Stealth Rock
|
|upkeep
|turn|29
|
|t:|1654557518
|switch|p2a: Slowking|Slowking, F|69/100
|move|p1a: Bork|Stone Edge|p2a: Slowking
|-damage|p2a: Slowking|19/100
|-damage|p1a: Bork|66/100|[from] item: Life Orb
|
|upkeep
|turn|30
|
|t:|1654557523
|switch|p2a: Krookodile|Krookodile, F|43/100
|-damage|p2a: Krookodile|37/100|[from] Stealth Rock
|-ability|p2a: Krookodile|Intimidate|boost
|-unboost|p1a: Bork|atk|1
|move|p1a: Bork|Crunch|p2a: Krookodile
|-resisted|p2a: Krookodile
|-damage|p2a: Krookodile|20/100
|-unboost|p2a: Krookodile|def|1
|-damage|p1a: Bork|56/100|[from] item: Life Orb
|
|upkeep
|turn|31
|
|t:|1654557532
|switch|p1a: Spaghet|Tangrowth, M|84/100
|-damage|p1a: Spaghet|72/100|[from] Stealth Rock
|move|p2a: Krookodile|Earthquake|p1a: Spaghet
|-resisted|p1a: Spaghet
|-damage|p1a: Spaghet|60/100
|
|upkeep
|turn|32
|
|t:|1654557540
|switch|p2a: Thundurus|Thundurus-Therian, M|43/100
|move|p1a: Spaghet|Sludge Bomb|p2a: Thundurus
|-crit|p2a: Thundurus
|-damage|p2a: Thundurus|0 fnt
|faint|p2a: Thundurus
|
|upkeep
|
|t:|1654557544
|switch|p2a: Salamence|Salamence, M|65/100
|-damage|p2a: Salamence|40/100|[from] Stealth Rock
|-ability|p2a: Salamence|Intimidate|boost
|-unboost|p1a: Spaghet|atk|1
|turn|33
|
|t:|1654557549
|switch|p2a: Krookodile|Krookodile, F|20/100
|-damage|p2a: Krookodile|14/100|[from] Stealth Rock
|-ability|p2a: Krookodile|Intimidate|boost
|-unboost|p1a: Spaghet|atk|1
|switch|p1a: Washington|Rotom-Wash|53/100
|-damage|p1a: Washington|41/100|[from] Stealth Rock
|
|-heal|p1a: Washington|47/100|[from] item: Leftovers
|upkeep
|turn|34
|
|t:|1654557555
|move|p2a: Krookodile|Knock Off|p1a: Washington
|-damage|p1a: Washington|1/100
|-enditem|p1a: Washington|Leftovers|[from] move: Knock Off|[of] p2a: Krookodile
|move|p1a: Washington|Hydro Pump|p2a: Krookodile
|-supereffective|p2a: Krookodile
|-damage|p2a: Krookodile|0 fnt
|faint|p2a: Krookodile
|
|upkeep
|c|☆Appleking123|1 hp
|
|t:|1654557561
|switch|p2a: Salamence|Salamence, M|40/100
|-damage|p2a: Salamence|15/100|[from] Stealth Rock
|-ability|p2a: Salamence|Intimidate|boost
|-unboost|p1a: Washington|atk|1
|turn|35
|c|☆Appleking123|wavk
|
|t:|1654557565
|move|p2a: Salamence|Roost|p2a: Salamence
|-heal|p2a: Salamence|65/100
|-singleturn|p2a: Salamence|move: Roost
|move|p1a: Washington|Pain Split|p2a: Salamence
|-sethp|p2a: Salamence|33/100|[from] move: Pain Split|[silent]
|-sethp|p1a: Washington|36/100|[from] move: Pain Split
|
|upkeep
|turn|36
|
|t:|1654557570
|move|p2a: Salamence|Hurricane|p1a: Washington|[miss]
|-miss|p2a: Salamence|p1a: Washington
|move|p1a: Washington|Volt Switch|p2a: Salamence
|-damage|p2a: Salamence|3/100
|
|t:|1654557575
|switch|p1a: L A M P|Chandelure, F|76/100|[from]move: Volt Switch
|-damage|p1a: L A M P|51/100|[from] Stealth Rock
|
|upkeep
|turn|37
|
|t:|1654557579
|move|p1a: L A M P|Shadow Ball|p2a: Salamence
|-damage|p2a: Salamence|0 fnt
|faint|p2a: Salamence
|
|upkeep
|
|t:|1654557581
|switch|p2a: Slowking|Slowking, F|52/100
|turn|38
|
|t:|1654557583
|move|p1a: L A M P|Shadow Ball|p2a: Slowking
|-supereffective|p2a: Slowking
|-damage|p2a: Slowking|0 fnt
|faint|p2a: Slowking
|
|win|Appleking123
|c|☆Appleking123|gg
|c|☆Comedier|gg
