|j|☆prototony
|j|☆Goro Yagami 9
|t:|1661813630
|gametype|singles
|player|p1|prototony|170|1336
|player|p2|Goro Yagami 9|169|1372
|teamsize|p1|6
|teamsize|p2|6
|gen|8
|tier|[Gen 8] UU
|rated|
|rule|Sleep Clause Mod: Limit one foe put to sleep
|rule|Species Clause: Limit one of each Pokémon
|rule|OHKO Clause: OHKO moves are banned
|rule|Evasion Items Clause: Evasion items are banned
|rule|Evasion Moves Clause: Evasion moves are banned
|rule|Endless Battle Clause: Forcing endless battles is banned
|rule|HP Percentage Mod: HP is shown in percentages
|rule|Dynamax Clause: You cannot dynamax
|clearpoke
|poke|p1|Snorlax, M|
|poke|p1|Salamence, F|
|poke|p1|Jirachi|
|poke|p1|Incineroar, F|
|poke|p1|Tangrowth, F|
|poke|p1|Conkeldurr, M|
|poke|p2|Zygarde-10%|
|poke|p2|Chansey, F|
|poke|p2|Cobalion|
|poke|p2|Hydreigon, M|
|poke|p2|Tangrowth, F|
|poke|p2|Salamence, F|
|teampreview
|inactive|Battle timer is ON: inactive players will automatically lose when time's up. (requested by prototony)
|
|t:|1661813672
|start
|switch|p1a: Salamence|Salamence, F|100/100
|switch|p2a: Hydreigon|Hydreigon, M|100/100
|-ability|p1a: Salamence|Intimidate|boost
|-unboost|p2a: Hydreigon|atk|1
|turn|1
|
|t:|1661813689
|switch|p1a: Snorlax|Snorlax, M|100/100
|move|p2a: Hydreigon|Dark Pulse|p1a: Snorlax
|-damage|p1a: Snorlax|83/100
|
|-heal|p1a: Snorlax|89/100|[from] item: Leftovers
|upkeep
|turn|2
|
|t:|1661813709
|switch|p2a: Cobalion|Cobalion|100/100
|move|p1a: Snorlax|Yawn|p2a: Cobalion
|-start|p2a: Cobalion|move: Yawn|[of] p1a: Snorlax
|
|-heal|p1a: Snorlax|96/100|[from] item: Leftovers
|upkeep
|turn|3
|
|t:|1661813722
|switch|p2a: Tangrowth|Tangrowth, F|100/100
|switch|p1a: Tangrowth|Tangrowth, F|100/100
|
|upkeep
|turn|4
|
|t:|1661813738
|move|p1a: Tangrowth|Infestation|p2a: Tangrowth
|-supereffective|p2a: Tangrowth
|-damage|p2a: Tangrowth|93/100
|-activate|p2a: Tangrowth|move: Infestation|[of] p1a: Tangrowth
|move|p2a: Tangrowth|Knock Off|p1a: Tangrowth
|-damage|p1a: Tangrowth|88/100
|-damage|p2a: Tangrowth|76/100|[from] item: Rocky Helmet|[of] p1a: Tangrowth
|-enditem|p1a: Tangrowth|Rocky Helmet|[from] move: Knock Off|[of] p2a: Tangrowth
|
|-damage|p2a: Tangrowth|64/100|[from] move: Infestation|[partiallytrapped]
|upkeep
|turn|5
|
|t:|1661813742
|move|p1a: Tangrowth|Leech Seed|p2a: Tangrowth
|-immune|p2a: Tangrowth
|move|p2a: Tangrowth|Sludge Bomb|p1a: Tangrowth
|-supereffective|p1a: Tangrowth
|-damage|p1a: Tangrowth|25/100
|-status|p1a: Tangrowth|psn
|
|-damage|p1a: Tangrowth|12/100 psn|[from] psn
|-damage|p2a: Tangrowth|51/100|[from] move: Infestation|[partiallytrapped]
|upkeep
|turn|6
|
|t:|1661813767
|move|p1a: Tangrowth|Toxic|p2a: Tangrowth
|-status|p2a: Tangrowth|tox
|move|p2a: Tangrowth|Knock Off|p1a: Tangrowth
|-damage|p1a: Tangrowth|4/100 psn
|
|-damage|p1a: Tangrowth|0 fnt|[from] psn
|faint|p1a: Tangrowth
|-damage|p2a: Tangrowth|45/100 tox|[from] psn
|-end|p2a: Tangrowth|Infestation|[partiallytrapped]|[silent]
|upkeep
|inactive|prototony has 120 seconds left.
|
|t:|1661813785
|switch|p1a: Salamence|Salamence, F|100/100
|-ability|p1a: Salamence|Intimidate|boost
|-unboost|p2a: Tangrowth|atk|1
|turn|7
|
|t:|1661813801
|move|p1a: Salamence|Dual Wingbeat|p2a: Tangrowth
|-supereffective|p2a: Tangrowth
|-damage|p2a: Tangrowth|21/100 tox
|-supereffective|p2a: Tangrowth
|-damage|p2a: Tangrowth|0 fnt
|faint|p2a: Tangrowth
|-hitcount|p2: Tangrowth|2
|
|upkeep
|
|t:|1661813815
|switch|p2a: Chansey|Chansey, F|100/100
|turn|8
|
|t:|1661813820
|switch|p1a: Snorlax|Snorlax, M|96/100
|move|p2a: Chansey|Teleport|p2a: Chansey
|
|t:|1661813832
|switch|p2a: Cobalion|Cobalion|100/100|[from]move: Teleport
|
|-heal|p1a: Snorlax|100/100|[from] item: Leftovers
|upkeep
|turn|9
|
|t:|1661813836
|switch|p1a: Salamence|Salamence, F|100/100
|-ability|p1a: Salamence|Intimidate|boost
|-unboost|p2a: Cobalion|atk|1
|move|p2a: Cobalion|Stealth Rock|p1a: Salamence
|-sidestart|p1: prototony|move: Stealth Rock
|
|upkeep
|turn|10
|
|t:|1661813842
|switch|p2a: Salamence|Salamence, F|100/100
|-ability|p2a: Salamence|Intimidate|boost
|-unboost|p1a: Salamence|atk|1
|move|p1a: Salamence|Defog|p2a: Salamence
|-unboost|p2a: Salamence|evasion|1
|-sideend|p1: prototony|Stealth Rock|[from] move: Defog|[of] p1a: Salamence
|
|upkeep
|turn|11
|
|t:|1661813853
|switch|p2a: Chansey|Chansey, F|100/100
|switch|p1a: Incineroar|Incineroar, F|100/100
|-ability|p1a: Incineroar|Intimidate|boost
|-unboost|p2a: Chansey|atk|1
|
|upkeep
|turn|12
|
|t:|1661813861
|move|p1a: Incineroar|Knock Off|p2a: Chansey
|-damage|p2a: Chansey|77/100
|-enditem|p2a: Chansey|Eviolite|[from] move: Knock Off|[of] p1a: Incineroar
|move|p2a: Chansey|Teleport|p2a: Chansey
|
|t:|1661813864
|switch|p2a: Zygarde|Zygarde-10%|100/100|[from]move: Teleport
|-ability|p2a: Zygarde|Aura Break
|
|upkeep
|turn|13
|
|t:|1661813870
|switch|p1a: Salamence|Salamence, F|100/100
|-ability|p1a: Salamence|Intimidate|boost
|-unboost|p2a: Zygarde|atk|1
|move|p2a: Zygarde|Outrage|p1a: Salamence
|-supereffective|p1a: Salamence
|-damage|p1a: Salamence|18/100
|
|upkeep
|turn|14
|
|t:|1661813879
|switch|p1a: Incineroar|Incineroar, F|100/100
|-ability|p1a: Incineroar|Intimidate|boost
|-unboost|p2a: Zygarde|atk|1
|move|p2a: Zygarde|Outrage|p1a: Incineroar|[from]lockedmove
|-damage|p1a: Incineroar|61/100
|
|upkeep
|turn|15
|
|t:|1661813885
|move|p2a: Zygarde|Outrage|p1a: Incineroar|[from]lockedmove
|-damage|p1a: Incineroar|24/100
|-start|p2a: Zygarde|confusion|[fatigue]
|move|p1a: Incineroar|Parting Shot|p2a: Zygarde
|-unboost|p2a: Zygarde|atk|1
|-unboost|p2a: Zygarde|spa|1
|
|t:|1661813893
|switch|p1a: Conkeldurr|Conkeldurr, M|100/100|[from]move: Parting Shot
|
|-status|p1a: Conkeldurr|brn|[from] item: Flame Orb
|upkeep
|turn|16
|
|t:|1661813898
|switch|p2a: Salamence|Salamence, F|100/100
|-ability|p2a: Salamence|Intimidate|boost
|-unboost|p1a: Conkeldurr|atk|1
|move|p1a: Conkeldurr|Knock Off|p2a: Salamence
|-damage|p2a: Salamence|69/100
|-enditem|p2a: Salamence|Heavy-Duty Boots|[from] move: Knock Off|[of] p1a: Conkeldurr
|
|-damage|p1a: Conkeldurr|94/100 brn|[from] brn
|upkeep
|turn|17
|
|t:|1661813908
|switch|p1a: Incineroar|Incineroar, F|24/100
|-ability|p1a: Incineroar|Intimidate|boost
|-unboost|p2a: Salamence|atk|1
|move|p2a: Salamence|Dual Wingbeat|p1a: Incineroar
|-damage|p1a: Incineroar|13/100
|-crit|p1a: Incineroar
|-damage|p1a: Incineroar|0 fnt
|faint|p1a: Incineroar
|-hitcount|p1: Incineroar|2
|
|upkeep
|
|t:|1661813923
|switch|p1a: Salamence|Salamence, F|18/100
|-ability|p1a: Salamence|Intimidate|boost
|-unboost|p2a: Salamence|atk|1
|turn|18
|
|t:|1661813930
|move|p2a: Salamence|Dual Wingbeat|p1a: Salamence|[miss]
|-miss|p2a: Salamence|p1a: Salamence
|move|p1a: Salamence|Roost|p1a: Salamence
|-heal|p1a: Salamence|68/100
|-singleturn|p1a: Salamence|move: Roost
|
|upkeep
|turn|19
|c|☆Goro Yagami 9|man
|c|☆prototony|f
|c|☆Goro Yagami 9|this is the type of bs I've dealt with today
|c|☆prototony|i feel ya
|
|t:|1661813952
|move|p2a: Salamence|Roost|p2a: Salamence
|-heal|p2a: Salamence|100/100
|-singleturn|p2a: Salamence|move: Roost
|move|p1a: Salamence|Dual Wingbeat|p2a: Salamence
|-damage|p2a: Salamence|85/100
|-damage|p2a: Salamence|71/100
|-hitcount|p2a: Salamence|2
|
|upkeep
|turn|20
|
|t:|1661813962
|switch|p2a: Chansey|Chansey, F|77/100
|move|p1a: Salamence|Roost|p1a: Salamence
|-heal|p1a: Salamence|100/100
|-singleturn|p1a: Salamence|move: Roost
|
|upkeep
|turn|21
|
|t:|1661813967
|move|p1a: Salamence|Dual Wingbeat|p2a: Chansey
|-damage|p2a: Chansey|58/100
|-damage|p2a: Chansey|39/100
|-hitcount|p2a: Chansey|2
|move|p2a: Chansey|Teleport|p2a: Chansey
|
|t:|1661813980
|switch|p2a: Hydreigon|Hydreigon, M|100/100|[from]move: Teleport
|
|upkeep
|turn|22
|
|t:|1661813985
|switch|p1a: Snorlax|Snorlax, M|100/100
|move|p2a: Hydreigon|U-turn|p1a: Snorlax
|-damage|p1a: Snorlax|86/100
|
|t:|1661814001
|switch|p2a: Cobalion|Cobalion|100/100|[from]move: U-turn
|
|-heal|p1a: Snorlax|92/100|[from] item: Leftovers
|upkeep
|turn|23
|
|t:|1661814008
|switch|p1a: Conkeldurr|Conkeldurr, M|94/100 brn
|move|p2a: Cobalion|Close Combat|p1a: Conkeldurr
|-damage|p1a: Conkeldurr|55/100 brn
|-unboost|p2a: Cobalion|def|1
|-unboost|p2a: Cobalion|spd|1
|
|-damage|p1a: Conkeldurr|49/100 brn|[from] brn
|upkeep
|turn|24
|
|t:|1661814014
|switch|p2a: Salamence|Salamence, F|71/100
|-ability|p2a: Salamence|Intimidate|boost
|-unboost|p1a: Conkeldurr|atk|1
|move|p1a: Conkeldurr|Facade|p2a: Salamence
|-damage|p2a: Salamence|24/100
|
|-damage|p1a: Conkeldurr|43/100 brn|[from] brn
|upkeep
|turn|25
|
|t:|1661814025
|switch|p1a: Snorlax|Snorlax, M|92/100
|move|p2a: Salamence|Roost|p2a: Salamence
|-heal|p2a: Salamence|74/100
|-singleturn|p2a: Salamence|move: Roost
|
|-heal|p1a: Snorlax|98/100|[from] item: Leftovers
|upkeep
|turn|26
|
|t:|1661814034
|switch|p2a: Chansey|Chansey, F|39/100
|move|p1a: Snorlax|Whirlpool|p2a: Chansey
|-damage|p2a: Chansey|37/100
|-activate|p2a: Chansey|move: Whirlpool|[of] p1a: Snorlax
|
|-heal|p1a: Snorlax|100/100|[from] item: Leftovers
|-damage|p2a: Chansey|24/100|[from] move: Whirlpool|[partiallytrapped]
|upkeep
|turn|27
|
|t:|1661814038
|move|p1a: Snorlax|Curse|p1a: Snorlax
|-unboost|p1a: Snorlax|spe|1
|-boost|p1a: Snorlax|atk|1
|-boost|p1a: Snorlax|def|1
|move|p2a: Chansey|Teleport|p2a: Chansey
|
|t:|1661814043
|switch|p2a: Cobalion|Cobalion|100/100|[from]move: Teleport
|
|upkeep
|turn|28
|
|t:|1661814047
|move|p2a: Cobalion|Close Combat|p1a: Snorlax
|-supereffective|p1a: Snorlax
|-damage|p1a: Snorlax|44/100
|-unboost|p2a: Cobalion|def|1
|-unboost|p2a: Cobalion|spd|1
|move|p1a: Snorlax|Yawn|p2a: Cobalion
|-start|p2a: Cobalion|move: Yawn|[of] p1a: Snorlax
|
|-heal|p1a: Snorlax|50/100|[from] item: Leftovers
|upkeep
|turn|29
|
|t:|1661814058
|switch|p1a: Salamence|Salamence, F|100/100
|-ability|p1a: Salamence|Intimidate|boost
|-unboost|p2a: Cobalion|atk|1
|move|p2a: Cobalion|Close Combat|p1a: Salamence
|-resisted|p1a: Salamence
|-damage|p1a: Salamence|88/100
|-unboost|p2a: Cobalion|def|1
|-unboost|p2a: Cobalion|spd|1
|
|-end|p2a: Cobalion|move: Yawn|[silent]
|-status|p2a: Cobalion|slp
|upkeep
|turn|30
|
|t:|1661814066
|switch|p2a: Chansey|Chansey, F|24/100
|move|p1a: Salamence|Dual Wingbeat|p2a: Chansey
|-damage|p2a: Chansey|7/100
|-damage|p2a: Chansey|0 fnt
|faint|p2a: Chansey
|-hitcount|p2: Chansey|2
|
|upkeep
|inactive|Goro Yagami 9 has 120 seconds left.
|
|t:|1661814097
|switch|p2a: Zygarde|Zygarde-10%|100/100
|-ability|p2a: Zygarde|Aura Break
|turn|31
|
|t:|1661814112
|switch|p1a: Snorlax|Snorlax, M|50/100
|move|p2a: Zygarde|Thousand Arrows|p1a: Snorlax
|-damage|p1a: Snorlax|0 fnt
|faint|p1a: Snorlax
|
|upkeep
|
|t:|1661814118
|switch|p1a: Salamence|Salamence, F|88/100
|-ability|p1a: Salamence|Intimidate|boost
|-unboost|p2a: Zygarde|atk|1
|turn|32
|
|t:|1661814129
|switch|p2a: Cobalion|Cobalion|100/100 slp
|move|p1a: Salamence|Dual Wingbeat|p2a: Cobalion
|-damage|p2a: Cobalion|87/100 slp
|-damage|p2a: Cobalion|72/100 slp
|-hitcount|p2a: Cobalion|2
|
|upkeep
|turn|33
|
|t:|1661814136
|cant|p2a: Cobalion|slp
|move|p1a: Salamence|Flamethrower|p2a: Cobalion
|-supereffective|p2a: Cobalion
|-damage|p2a: Cobalion|18/100 slp
|
|upkeep
|turn|34
|j| amogusroxyrrrr
|
|t:|1661814145
|cant|p2a: Cobalion|slp
|move|p1a: Salamence|Dual Wingbeat|p2a: Cobalion
|-damage|p2a: Cobalion|2/100 slp
|-damage|p2a: Cobalion|0 fnt
|faint|p2a: Cobalion
|-hitcount|p2: Cobalion|2
|
|upkeep
|
|t:|1661814152
|switch|p2a: Hydreigon|Hydreigon, M|100/100
|turn|35
|
|t:|1661814172
|move|p2a: Hydreigon|U-turn|p1a: Salamence
|-resisted|p1a: Salamence
|-damage|p1a: Salamence|82/100
|
|t:|1661814174
|switch|p2a: Salamence|Salamence, F|74/100|[from]move: U-turn
|-ability|p2a: Salamence|Intimidate|boost
|-unboost|p1a: Salamence|atk|1
|move|p1a: Salamence|Dual Wingbeat|p2a: Salamence
|-damage|p2a: Salamence|64/100
|-damage|p2a: Salamence|54/100
|-hitcount|p2a: Salamence|2
|
|upkeep
|turn|36
|
|t:|1661814183
|switch|p1a: Jirachi|Jirachi|100/100
|move|p2a: Salamence|Roost|p2a: Salamence
|-heal|p2a: Salamence|100/100
|-singleturn|p2a: Salamence|move: Roost
|
|upkeep
|turn|37
|
|t:|1661814187
|move|p1a: Jirachi|U-turn|p2a: Salamence
|-resisted|p2a: Salamence
|-damage|p2a: Salamence|93/100
|
|t:|1661814189
|switch|p1a: Salamence|Salamence, F|82/100|[from]move: U-turn
|-ability|p1a: Salamence|Intimidate|boost
|-unboost|p2a: Salamence|atk|1
|move|p2a: Salamence|Flamethrower|p1a: Salamence
|-resisted|p1a: Salamence
|-damage|p1a: Salamence|71/100
|-status|p1a: Salamence|brn
|
|-damage|p1a: Salamence|65/100 brn|[from] brn
|upkeep
|turn|38
|
|t:|1661814202
|switch|p2a: Zygarde|Zygarde-10%|100/100
|-ability|p2a: Zygarde|Aura Break
|move|p1a: Salamence|Roost|p1a: Salamence
|-heal|p1a: Salamence|100/100 brn
|-singleturn|p1a: Salamence|move: Roost
|
|-damage|p1a: Salamence|94/100 brn|[from] brn
|upkeep
|turn|39
|c|☆prototony|unfortunate
|
|t:|1661814214
|switch|p1a: Jirachi|Jirachi|100/100
|move|p2a: Zygarde|Thousand Arrows|p1a: Jirachi
|-supereffective|p1a: Jirachi
|-damage|p1a: Jirachi|0 fnt
|faint|p1a: Jirachi
|
|upkeep
|
|t:|1661814223
|switch|p1a: Salamence|Salamence, F|94/100 brn
|-ability|p1a: Salamence|Intimidate|boost
|-unboost|p2a: Zygarde|atk|1
|turn|40
|
|t:|1661814232
|switch|p2a: Salamence|Salamence, F|93/100
|-ability|p2a: Salamence|Intimidate|boost
|-unboost|p1a: Salamence|atk|1
|move|p1a: Salamence|Flamethrower|p2a: Salamence
|-resisted|p2a: Salamence
|-damage|p2a: Salamence|83/100
|
|-damage|p1a: Salamence|88/100 brn|[from] brn
|upkeep
|turn|41
|
|t:|1661814239
|move|p2a: Salamence|Dual Wingbeat|p1a: Salamence
|-damage|p1a: Salamence|75/100 brn
|-damage|p1a: Salamence|61/100 brn
|-hitcount|p1a: Salamence|2
|move|p1a: Salamence|Flamethrower|p2a: Salamence
|-resisted|p2a: Salamence
|-damage|p2a: Salamence|72/100
|
|-damage|p1a: Salamence|55/100 brn|[from] brn
|upkeep
|turn|42
|
|t:|1661814243
|switch|p2a: Hydreigon|Hydreigon, M|100/100
|move|p1a: Salamence|Roost|p1a: Salamence
|-heal|p1a: Salamence|100/100 brn
|-singleturn|p1a: Salamence|move: Roost
|
|-damage|p1a: Salamence|94/100 brn|[from] brn
|upkeep
|turn|43
|
|t:|1661814246
|move|p2a: Hydreigon|Draco Meteor|p1a: Salamence
|-supereffective|p1a: Salamence
|-damage|p1a: Salamence|0 fnt
|-unboost|p2a: Hydreigon|spa|2
|faint|p1a: Salamence
|
|upkeep
|
|t:|1661814249
|switch|p1a: Conkeldurr|Conkeldurr, M|43/100 brn
|turn|44
|
|t:|1661814251
|move|p2a: Hydreigon|Draco Meteor|p1a: Conkeldurr
|-damage|p1a: Conkeldurr|3/100 brn
|-unboost|p2a: Hydreigon|spa|2
|move|p1a: Conkeldurr|Facade|p2a: Hydreigon
|-damage|p2a: Hydreigon|6/100
|
|-damage|p1a: Conkeldurr|0 fnt|[from] brn
|faint|p1a: Conkeldurr
|
|win|Goro Yagami 9
|upkeep
|raw|prototony's rating: 1336 &rarr; <strong>1318</strong><br />(-18 for losing)
|raw|Goro Yagami 9's rating: 1372 &rarr; <strong>1390</strong><br />(+18 for winning)
|l|☆prototony
|c|☆Goro Yagami 9|gg
|l| amogusroxyrrrr
||Ladder isn't responding, score probably updated but might not have (Request timeout).
