|html|<div class="broadcast-blue"><strong>[Gen 8] UU is currently suspecting Thundurus! For information on how to participate check out the <a href="https://www.smogon.com/forums/threads/np-ss-uu-stage-9-1-king-of-the-clouds.3689570/">suspect thread</a>.</strong></div>
|j|☆OreitoImposter
|j|‽Injan
|t:|1629909396
|gametype|singles
|player|p1|OreitoImposter|juggler|1351
|player|p2|Injan|hilbert|1634
|teamsize|p1|6
|teamsize|p2|6
|gen|8
|tier|[Gen 8] UU
|rated|
|rule|Sleep Clause Mod: Limit one foe put to sleep
|rule|Species Clause: Limit one of each Pokémon
|rule|OHKO Clause: OHKO moves are banned
|rule|Evasion Moves Clause: Evasion moves are banned
|rule|Endless Battle Clause: Forcing endless battles is banned
|rule|HP Percentage Mod: HP is shown in percentages
|rule|Dynamax Clause: You cannot dynamax
|clearpoke
|poke|p1|Shedinja|
|poke|p1|Zoroark, F|
|poke|p1|Hatterene, F|
|poke|p1|Tentacruel, F|
|poke|p1|Chansey, F|
|poke|p1|Buzzwole|
|poke|p2|Keldeo-Resolute|
|poke|p2|Aegislash, F|
|poke|p2|Mamoswine, M|
|poke|p2|Scolipede, F|
|poke|p2|Tapu Bulu|
|poke|p2|Lycanroc-Dusk, F|
|teampreview
|inactive|Battle timer is ON: inactive players will automatically lose when time's up. (requested by Injan)
|
|t:|1629909411
|start
|switch|p1a: Immortal|Shedinja, shiny|100/100
|switch|p2a: Scolipede|Scolipede, F|100/100
|turn|1
|
|t:|1629909415
|move|p2a: Scolipede|Spikes|p1a: Immortal
|-sidestart|p1: OreitoImposter|Spikes
|move|p1a: Immortal|Knock Off|p2a: Scolipede
|-enditem|p2a: Scolipede|Focus Sash
|-damage|p2a: Scolipede|1/100
|
|-ability|p2a: Scolipede|Speed Boost|boost
|-boost|p2a: Scolipede|spe|1
|upkeep
|turn|2
|
|t:|1629909423
|move|p2a: Scolipede|Megahorn|p1a: Immortal|[miss]
|-miss|p2a: Scolipede|p1a: Immortal
|move|p1a: Immortal|Knock Off|p2a: Scolipede
|-damage|p2a: Scolipede|0 fnt
|faint|p2a: Scolipede
|
|upkeep
|
|t:|1629909432
|switch|p2a: Aegislash|Aegislash, F|100/100
|turn|3
|
|t:|1629909435
|move|p1a: Immortal|Knock Off|p2a: Aegislash
|-supereffective|p2a: Aegislash
|-damage|p2a: Aegislash|0 fnt
|-enditem|p2a: Aegislash|Spell Tag|[from] move: Knock Off|[of] p1a: Immortal
|faint|p2a: Aegislash
|
|upkeep
|
|t:|1629909441
|switch|p2a: Lycanroc|Lycanroc-Dusk, F|100/100
|turn|4
|
|t:|1629909444
|move|p2a: Lycanroc|Close Combat|p1a: Immortal
|-supereffective|p1a: Immortal
|-damage|p1a: Immortal|0 fnt
|-unboost|p2a: Lycanroc|def|1
|-unboost|p2a: Lycanroc|spd|1
|replace|p1a: Loki|Zoroark, F
|-end|p1a: Loki|Illusion
|faint|p1a: Loki
|-damage|p2a: Lycanroc|91/100|[from] item: Life Orb
|
|upkeep
|
|t:|1629909473
|switch|p1a: Jelly|Tentacruel, F, shiny|100/100
|-damage|p1a: Jelly|88/100|[from] Spikes
|turn|5
|
|t:|1629909475
|move|p2a: Lycanroc|Psychic Fangs|p1a: Jelly
|-supereffective|p1a: Jelly
|-damage|p1a: Jelly|1/100
|-damage|p2a: Lycanroc|81/100|[from] item: Life Orb
|move|p1a: Jelly|Rapid Spin|p2a: Lycanroc
|-resisted|p2a: Lycanroc
|-damage|p2a: Lycanroc|71/100
|-boost|p1a: Jelly|spe|1
|-sideend|p1: OreitoImposter|Spikes|[from] move: Rapid Spin|[of] p1a: Jelly
|
|-heal|p1a: Jelly|7/100|[from] item: Black Sludge
|upkeep
|turn|6
|
|t:|1629909489
|switch|p1a: Winx|Hatterene, F|100/100
|move|p2a: Lycanroc|Accelerock|p1a: Winx
|-damage|p1a: Winx|74/100
|-damage|p2a: Lycanroc|61/100|[from] item: Life Orb
|
|-heal|p1a: Winx|80/100|[from] item: Leftovers
|upkeep
|turn|7
|
|t:|1629909491
|switch|p2a: Tapu Bulu|Tapu Bulu|100/100
|-fieldstart|move: Grassy Terrain|[from] ability: Grassy Surge|[of] p2a: Tapu Bulu
|move|p1a: Winx|Draining Kiss|p2a: Tapu Bulu
|-damage|p2a: Tapu Bulu|72/100
|-heal|p1a: Winx|99/100|[from] drain|[of] p2a: Tapu Bulu
|
|-heal|p2a: Tapu Bulu|78/100|[from] Grassy Terrain
|-heal|p1a: Winx|100/100|[from] Grassy Terrain
|upkeep
|turn|8
|
|t:|1629909497
|switch|p1a: OnePunchBug|Buzzwole|100/100
|move|p2a: Tapu Bulu|Swords Dance|p2a: Tapu Bulu
|-boost|p2a: Tapu Bulu|atk|2
|
|-heal|p2a: Tapu Bulu|84/100|[from] Grassy Terrain
|upkeep
|turn|9
|
|t:|1629909500
|move|p2a: Tapu Bulu|Swords Dance|p2a: Tapu Bulu
|-boost|p2a: Tapu Bulu|atk|2
|move|p1a: OnePunchBug|Poison Jab|p2a: Tapu Bulu
|-supereffective|p2a: Tapu Bulu
|-damage|p2a: Tapu Bulu|0 fnt
|faint|p2a: Tapu Bulu
|-ability|p1a: OnePunchBug|Beast Boost|boost
|-boost|p1a: OnePunchBug|atk|1
|
|upkeep
|
|t:|1629909503
|switch|p2a: Keldeo|Keldeo-Resolute|100/100
|turn|10
|
|t:|1629909510
|switch|p1a: Winx|Hatterene, F|100/100
|move|p2a: Keldeo|Air Slash|p1a: Winx
|-damage|p1a: Winx|61/100
|
|-heal|p1a: Winx|67/100|[from] Grassy Terrain
|-heal|p1a: Winx|73/100|[from] item: Leftovers
|upkeep
|turn|11
|
|t:|1629909516
|switch|p2a: Mamoswine|Mamoswine, M|100/100
|move|p1a: Winx|Draining Kiss|p2a: Mamoswine
|-damage|p2a: Mamoswine|70/100
|-heal|p1a: Winx|99/100|[from] drain|[of] p2a: Mamoswine
|
|-heal|p2a: Mamoswine|76/100|[from] Grassy Terrain
|-heal|p1a: Winx|100/100|[from] Grassy Terrain
|-fieldend|move: Grassy Terrain
|upkeep
|turn|12
|
|t:|1629909523
|move|p2a: Mamoswine|Earthquake|p1a: Winx
|-damage|p1a: Winx|39/100
|-damage|p2a: Mamoswine|66/100|[from] item: Life Orb
|move|p1a: Winx|Draining Kiss|p2a: Mamoswine
|-damage|p2a: Mamoswine|34/100
|-heal|p1a: Winx|67/100|[from] drain|[of] p2a: Mamoswine
|
|-heal|p1a: Winx|73/100|[from] item: Leftovers
|upkeep
|turn|13
|
|t:|1629909526
|move|p1a: Winx|Protect|p1a: Winx
|-singleturn|p1a: Winx|Protect
|move|p2a: Mamoswine|Icicle Crash|p1a: Winx
|-activate|p1a: Winx|move: Protect
|
|-heal|p1a: Winx|78/100|[from] item: Leftovers
|upkeep
|turn|14
|
|t:|1629909530
|move|p2a: Mamoswine|Icicle Crash|p1a: Winx
|-damage|p1a: Winx|30/100
|-damage|p2a: Mamoswine|24/100|[from] item: Life Orb
|move|p1a: Winx|Draining Kiss|p2a: Mamoswine
|-damage|p2a: Mamoswine|0 fnt
|-heal|p1a: Winx|50/100|[from] drain|[of] p2a: Mamoswine
|faint|p2a: Mamoswine
|
|-heal|p1a: Winx|56/100|[from] item: Leftovers
|upkeep
|
|t:|1629909533
|switch|p2a: Keldeo|Keldeo-Resolute|100/100
|turn|15
|
|t:|1629909536
|move|p1a: Winx|Protect|p1a: Winx
|-singleturn|p1a: Winx|Protect
|move|p2a: Keldeo|Surf|p1a: Winx
|-activate|p1a: Winx|move: Protect
|
|-heal|p1a: Winx|62/100|[from] item: Leftovers
|upkeep
|turn|16
|
|t:|1629909541
|switch|p2a: Lycanroc|Lycanroc-Dusk, F|61/100
|move|p1a: Winx|Draining Kiss|p2a: Lycanroc
|-damage|p2a: Lycanroc|21/100
|-heal|p1a: Winx|89/100|[from] drain|[of] p2a: Lycanroc
|
|-heal|p1a: Winx|95/100|[from] item: Leftovers
|upkeep
|turn|17
|-message|Injan forfeited.
|
|win|OreitoImposter
|l|‽Injan
|raw|OreitoImposter's rating: 1351 &rarr; <strong>1384</strong><br />(+33 for winning)
|raw|Injan's rating: 1634 &rarr; <strong>1601</strong><br />(-33 for losing)
