|j|☆congelateur-sama
|j|☆Jeza.p
|t:|1634490762
|gametype|singles
|player|p1|congelateur-sama|#fcpl4raichicheurs|
|player|p2|Jeza.p|lusamine|
|teamsize|p1|6
|teamsize|p2|6
|gen|8
|tier|[Gen 8] UU
|rule|Sleep Clause Mod: Limit one foe put to sleep
|rule|Species Clause: Limit one of each Pokémon
|rule|OHKO Clause: OHKO moves are banned
|rule|Evasion Moves Clause: Evasion moves are banned
|rule|Endless Battle Clause: Forcing endless battles is banned
|rule|HP Percentage Mod: HP is shown in percentages
|rule|Dynamax Clause: You cannot dynamax
|clearpoke
|poke|p1|Grimmsnarl, M|
|poke|p1|Kommo-o, M|
|poke|p1|Moltres-Galar|
|poke|p1|Gyarados, M|
|poke|p1|Jirachi|
|poke|p1|Thundurus-Therian, M|
|poke|p2|Chansey, F|
|poke|p2|Quagsire, M|
|poke|p2|Tangrowth, M|
|poke|p2|Umbreon, F|
|poke|p2|Reuniclus, M|
|poke|p2|Skarmory, F|
|teampreview
|c|☆congelateur-sama|hf
|c|☆Jeza.p|hf
|c|☆Jeza.p|je link et go
|j| Misabi
|j| DonSlvatore
|j| ChaFouu
|j| yeslifenogame
|j| Wnn
|j| PokemonCestDur
|l| Wnn
|j| BlessyZ
|c| DonSlvatore|LETS GO
|c| Misabi|A L L E Z
|j| Phxo'
|j| McSim
|c| Misabi|J E Z A P
|j| Oldcvcv
|c| Misabi|!!!!
|c| ChaFouu|gogogo congelo
|j| Grimji
|j| Fivelll
|c| Fivelll|CON GE LO
|c| Fivelll|CON GE LO
|j| Gelbel3c
|j|+ironwater
|j| OmBrArch
|l| DonSlvatore
|j| Masskeauuu
|j| Cherbou
|j| Royal1604
|j| Quartos
|j| Crost
|j| Toko Pherol
|j| Armawile
|inactive|Battle timer is ON: inactive players will automatically lose when time's up. (requested by Jeza.p)
|j| Hyss
|l| OmBrArch
|j| P.Otaku
|c| Armawile|moltres <3
|j| ZiyechBO
|c| Armawile|hf !
|
|t:|1634490878
|start
|switch|p1a: qu'il a déjà pécho|Jirachi|100/100
|switch|p2a: Jesse|Chansey, F|100/100
|turn|1
|j| Wnn
|j|+Staxi
|j| GoodFather01
|j| Sharow 水上
|
|t:|1634490894
|switch|p2a: Jessy|Skarmory, F|100/100
|move|p1a: qu'il a déjà pécho|Stealth Rock|p2a: Jessy
|-sidestart|p2: Jeza.p|move: Stealth Rock
|
|upkeep
|turn|2
|j| Dunoks
|j| SiTuM.
|j| Algeria
|l| Wnn
|j| DonSlvatore
|j| AzZoCcX
|inactive|Jeza.p has 270 seconds left.
|j| crime city
|c| Dunoks|congelo <3
|
|t:|1634490932
|switch|p1a: 7 êtres humains|Thundurus-Therian, M|100/100
|move|p2a: Jessy|Spikes|p1a: 7 êtres humains
|-sidestart|p1: congelateur-sama|Spikes
|
|upkeep
|turn|3
|l| Sharow 水上
|j| msnt
|j| Wnn
|
|t:|1634490954
|switch|p2a: Jessie|Reuniclus, M|100/100
|-damage|p2a: Jessie|88/100|[from] Stealth Rock
|move|p1a: 7 êtres humains|Nasty Plot|p1a: 7 êtres humains
|-boost|p1a: 7 êtres humains|spa|2
|
|upkeep
|turn|4
|j| Skyrio
|j| Prodigezz
|j| Micciu2a
|n| Micciu2a|micciu2a
|j| NHelioX7
|inactive|Jeza.p has 240 seconds left.
|l| Micciu2a
|j| Le Dieunnotor
|
|t:|1634490998
|switch|p2a: Sageau|Quagsire, M|100/100
|-damage|p2a: Sageau|94/100|[from] Stealth Rock
|move|p1a: 7 êtres humains|Thunderbolt|p2a: Sageau
|-immune|p2a: Sageau
|
|-heal|p2a: Sageau|100/100|[from] item: Leftovers
|upkeep
|turn|5
|j| Hervalt
|j| Micciu2a
|
|t:|1634491008
|move|p1a: 7 êtres humains|Focus Blast|p2a: Sageau
|-damage|p2a: Sageau|48/100
|move|p2a: Sageau|Toxic|p1a: 7 êtres humains
|-status|p1a: 7 êtres humains|tox
|
|-heal|p2a: Sageau|54/100|[from] item: Leftovers
|-damage|p1a: 7 êtres humains|94/100 tox|[from] psn
|upkeep
|turn|6
|inactive|Jeza.p has 210 seconds left.
|
|t:|1634491042
|move|p1a: 7 êtres humains|Focus Blast|p2a: Sageau
|-damage|p2a: Sageau|2/100
|move|p2a: Sageau|Recover|p2a: Sageau
|-heal|p2a: Sageau|52/100
|
|-heal|p2a: Sageau|58/100|[from] item: Leftovers
|-damage|p1a: 7 êtres humains|82/100 tox|[from] psn
|upkeep
|turn|7
|inactive|Jeza.p has 210 seconds left.
|
|t:|1634491056
|switch|p1a: nous a révélé|Gyarados, M|100/100
|move|p2a: Sageau|Recover|p2a: Sageau
|-heal|p2a: Sageau|100/100
|
|upkeep
|turn|8
|inactive|Jeza.p has 210 seconds left.
|j| StickerBrush Symph
|
|t:|1634491069
|switch|p2a: Petit Gros|Tangrowth, M|100/100
|-damage|p2a: Petit Gros|88/100|[from] Stealth Rock
|move|p1a: nous a révélé|Dragon Dance|p1a: nous a révélé
|-boost|p1a: nous a révélé|atk|1
|-boost|p1a: nous a révélé|spe|1
|
|upkeep
|turn|9
|inactive|Jeza.p has 210 seconds left.
|c| Wnn|JEZA C QUOI CE TANG
|inactive|congelateur-sama has 270 seconds left.
|j| NicoLacosteTn
|j| Flex OKLM
|
|t:|1634491105
|move|p1a: nous a révélé|Ice Fang|p2a: Petit Gros
|-supereffective|p2a: Petit Gros
|-damage|p2a: Petit Gros|54/100
|-status|p2a: Petit Gros|frz
|-damage|p1a: nous a révélé|84/100|[from] item: Rocky Helmet|[of] p2a: Petit Gros
|cant|p2a: Petit Gros|frz
|
|upkeep
|turn|10
|c|☆Jeza.p|il est bien mon tang
|c|☆congelateur-sama|non
|c|☆congelateur-sama|il est freeze
|c| Flex OKLM|pk tlm stall atm
|c| ChaFouu|le CONGELO
|c| Oldcvcv|il a ouvert le congelo
|inactive|Jeza.p has 180 seconds left.
|c| Prodigezz|oh le csc flex
|c| Oldcvcv|et il se fait congelé
|c| Flex OKLM|contre csc
|l| Hervalt
|l| Wnn
|j| Yelodash
|inactive|Jeza.p has 150 seconds left.
|l| Armawile
|
|t:|1634491183
|switch|p2a: Jessy|Skarmory, F|100/100
|-damage|p2a: Jessy|88/100|[from] Stealth Rock
|move|p1a: nous a révélé|Dragon Dance|p1a: nous a révélé
|-boost|p1a: nous a révélé|atk|1
|-boost|p1a: nous a révélé|spe|1
|
|upkeep
|turn|11
|j| LLLiolae
|j| Wnn
|l| Oldcvcv
|j| Draphirion
|inactive|Jeza.p has 120 seconds left.
|j| Oldcvcv
|
|t:|1634491216
|move|p1a: nous a révélé|Waterfall|p2a: Jessy
|-damage|p2a: Jessy|39/100
|-damage|p1a: nous a révélé|67/100|[from] item: Rocky Helmet|[of] p2a: Jessy
|move|p2a: Jessy|Iron Defense|p2a: Jessy
|-boost|p2a: Jessy|def|2
|
|upkeep
|turn|12
|inactive|congelateur-sama has 270 seconds left.
|inactive|Jeza.p has 120 seconds left.
|j| Drafeu-kun
|l| Draphirion
|j| PPDC
|j| S-Arcobaleno
|j| Hervalt
|
|t:|1634491248
|move|p1a: nous a révélé|Waterfall|p2a: Jessy
|-damage|p2a: Jessy|16/100
|-damage|p1a: nous a révélé|51/100|[from] item: Rocky Helmet|[of] p2a: Jessy
|move|p2a: Jessy|Roost|p2a: Jessy
|-heal|p2a: Jessy|66/100
|-singleturn|p2a: Jessy|move: Roost
|
|upkeep
|turn|13
|inactive|Jeza.p has 120 seconds left.
|inactive|congelateur-sama has 240 seconds left.
|l| Wnn
|j| Lolificateur92
|j| Wnn
|inactive|congelateur-sama has 210 seconds left.
|
|t:|1634491302
|switch|p1a: cette team|Kommo-o, M|100/100
|-damage|p1a: cette team|88/100|[from] Spikes
|move|p2a: Jessy|Roost|p2a: Jessy
|-heal|p2a: Jessy|100/100
|-singleturn|p2a: Jessy|move: Roost
|
|upkeep
|turn|14
|inactive|Jeza.p has 120 seconds left.
|l| Wnn
|l| Drafeu-kun
|l| Algeria
|inactive|Jeza.p has 90 seconds left.
|l| Skyrio
|l| Lolificateur92
|j| Drafeu-kun
|
|t:|1634491360
|move|p1a: cette team|Flamethrower|p2a: Jessy
|-supereffective|p2a: Jessy
|-damage|p2a: Jessy|25/100
|move|p2a: Jessy|Body Press|p1a: cette team
|-damage|p1a: cette team|20/100
|
|upkeep
|turn|15
|l| GoodFather01
|inactive|congelateur-sama has 210 seconds left.
|l| Drafeu-kun
|j| Wnn
|
|t:|1634491393
|switch|p1a: qu'il a déjà pécho|Jirachi|100/100
|-damage|p1a: qu'il a déjà pécho|88/100|[from] Spikes
|switch|p2a: Jesse|Chansey, F|100/100
|-damage|p2a: Jesse|88/100|[from] Stealth Rock
|
|upkeep
|turn|16
|j| Drafeu-kun
|j| Os4ke
|inactive|Jeza.p has 60 seconds left.
|
|t:|1634491421
|move|p1a: qu'il a déjà pécho|U-turn|p2a: Jesse
|-damage|p2a: Jesse|76/100
|
|t:|1634491423
|switch|p1a: après qu'inder|Moltres-Galar|100/100|[from]move: U-turn
|move|p2a: Jesse|Seismic Toss|p1a: après qu'inder
|-damage|p1a: après qu'inder|71/100
|
|upkeep
|turn|17
|j| Menacce17^^
|j| Dieu Amphibien
|l| Drafeu-kun
|inactive|Jeza.p has 60 seconds left.
|j| Drafeu-kun
|l| Wnn
|
|t:|1634491455
|switch|p2a: jess'|Umbreon, F|100/100
|-damage|p2a: jess'|88/100|[from] Stealth Rock
|move|p1a: après qu'inder|Nasty Plot|p1a: après qu'inder
|-boost|p1a: après qu'inder|spa|2
|
|-heal|p2a: jess'|94/100|[from] item: Leftovers
|upkeep
|turn|18
|j| Ryuji-Sensei
|
|t:|1634491471
|move|p1a: après qu'inder|Nasty Plot|p1a: après qu'inder
|-boost|p1a: après qu'inder|spa|2
|move|p2a: jess'|Toxic|p1a: après qu'inder
|-status|p1a: après qu'inder|tox
|
|-heal|p2a: jess'|99/100|[from] item: Leftovers
|-damage|p1a: après qu'inder|65/100 tox|[from] psn
|upkeep
|turn|19
|l| Hervalt
|l| NicoLacosteTn
|j| GoodFather01
|inactive|Jeza.p has 30 seconds left.
|inactive|Jeza.p has 20 seconds left.
|
|t:|1634491496
|move|p1a: après qu'inder|Nasty Plot|p1a: après qu'inder
|-boost|p1a: après qu'inder|spa|2
|move|p2a: jess'|Wish|p2a: jess'
|
|-heal|p2a: jess'|100/100|[from] item: Leftovers
|-damage|p1a: après qu'inder|53/100 tox|[from] psn
|upkeep
|turn|20
|inactive|Jeza.p has 30 seconds left this turn.
|inactive|Jeza.p has 20 seconds left.
|
|t:|1634491506
|move|p1a: après qu'inder|Fiery Wrath|p2a: jess'
|-resisted|p2a: jess'
|-damage|p2a: jess'|58/100
|move|p2a: jess'|Foul Play|p1a: après qu'inder
|-resisted|p1a: après qu'inder
|-damage|p1a: après qu'inder|40/100 tox
|
|-heal|p2a: jess'|100/100|[from] move: Wish|[wisher] jess'
|-damage|p1a: après qu'inder|21/100 tox|[from] psn
|upkeep
|turn|21
|inactive|Jeza.p has 30 seconds left this turn.
|j| Elias PSY
|j| laevin
|inactive|Jeza.p has 20 seconds left.
|inactive|Jeza.p has 15 seconds left.
|
|t:|1634491524
|move|p1a: après qu'inder|Rest|p1a: après qu'inder
|-status|p1a: après qu'inder|slp|[from] move: Rest
|-heal|p1a: après qu'inder|100/100 slp|[silent]
|-enditem|p1a: après qu'inder|Chesto Berry|[eat]
|-curestatus|p1a: après qu'inder|slp|[msg]
|move|p2a: jess'|Foul Play|p1a: après qu'inder
|-resisted|p1a: après qu'inder
|-damage|p1a: après qu'inder|89/100
|
|upkeep
|turn|22
|inactive|Jeza.p has 25 seconds left this turn.
|j| Wnn
|inactive|Jeza.p has 20 seconds left.
|inactive|congelateur-sama has 240 seconds left.
|c| Oldcvcv|les problèmes
|
|t:|1634491568
|move|p1a: après qu'inder|Fiery Wrath|p2a: jess'
|-resisted|p2a: jess'
|-damage|p2a: jess'|56/100
|move|p2a: jess'|Wish|p2a: jess'
|
|-heal|p2a: jess'|62/100|[from] item: Leftovers
|upkeep
|turn|23
|inactive|Jeza.p has 30 seconds left this turn.
|inactive|Jeza.p has 20 seconds left.
|
|t:|1634491579
|move|p1a: après qu'inder|Agility|p1a: après qu'inder
|-boost|p1a: après qu'inder|spe|2
|move|p2a: jess'|Toxic|p1a: après qu'inder
|-status|p1a: après qu'inder|tox
|
|-heal|p2a: jess'|100/100|[from] move: Wish|[wisher] jess'
|-damage|p1a: après qu'inder|83/100 tox|[from] psn
|upkeep
|turn|24
|inactive|Jeza.p has 30 seconds left this turn.
|inactive|Jeza.p has 20 seconds left.
|
|t:|1634491598
|move|p2a: jess'|Protect|p2a: jess'
|-singleturn|p2a: jess'|Protect
|move|p1a: après qu'inder|Agility|p1a: après qu'inder
|-boost|p1a: après qu'inder|spe|2
|
|-damage|p1a: après qu'inder|70/100 tox|[from] psn
|upkeep
|turn|25
|inactive|Jeza.p has 30 seconds left this turn.
|inactive|Jeza.p has 20 seconds left.
|inactive|Jeza.p has 15 seconds left.
|inactive|Jeza.p has 10 seconds left.
|
|t:|1634491618
|move|p1a: après qu'inder|Agility|p1a: après qu'inder
|-boost|p1a: après qu'inder|spe|2
|move|p2a: jess'|Foul Play|p1a: après qu'inder
|-resisted|p1a: après qu'inder
|-damage|p1a: après qu'inder|59/100 tox
|
|-damage|p1a: après qu'inder|41/100 tox|[from] psn
|upkeep
|turn|26
|inactive|Jeza.p has 20 seconds left this turn.
|
|t:|1634491623
|move|p1a: après qu'inder|Rest|p1a: après qu'inder
|-status|p1a: après qu'inder|slp|[from] move: Rest
|-heal|p1a: après qu'inder|100/100 slp|[silent]
|move|p2a: jess'|Foul Play|p1a: après qu'inder
|-resisted|p1a: après qu'inder
|-damage|p1a: après qu'inder|88/100 slp
|
|upkeep
|turn|27
|inactive|Jeza.p has 30 seconds left this turn.
|inactive|Jeza.p has 20 seconds left.
|inactive|Jeza.p has 15 seconds left.
|
|t:|1634491643
|cant|p1a: après qu'inder|slp
|move|p2a: jess'|Foul Play|p1a: après qu'inder
|-resisted|p1a: après qu'inder
|-damage|p1a: après qu'inder|76/100 slp
|
|upkeep
|turn|28
|inactive|Jeza.p has 25 seconds left this turn.
|j| Bekaray
|inactive|Jeza.p has 20 seconds left.
|l| Drafeu-kun
|inactive|Jeza.p has 15 seconds left.
|j| Mimilucha
|
|t:|1634491656
|cant|p1a: après qu'inder|slp
|move|p2a: jess'|Foul Play|p1a: après qu'inder
|-resisted|p1a: après qu'inder
|-damage|p1a: après qu'inder|64/100 slp
|
|upkeep
|turn|29
|inactive|Jeza.p has 25 seconds left this turn.
|j| Drafeu-kun
|inactive|Jeza.p has 20 seconds left.
|l| Wnn
|inactive|Jeza.p has 15 seconds left.
|
|t:|1634491667
|-curestatus|p1a: après qu'inder|slp|[msg]
|move|p1a: après qu'inder|Agility|p1a: après qu'inder
|-boost|p1a: après qu'inder|spe|0
|move|p2a: jess'|Toxic|p1a: après qu'inder|[miss]
|-miss|p2a: jess'|p1a: après qu'inder
|
|upkeep
|turn|30
|inactive|Jeza.p has 25 seconds left this turn.
|inactive|Jeza.p has 20 seconds left.
|inactive|Jeza.p has 15 seconds left.
|j| Arakd’eau✞
|inactive|congelateur-sama has 240 seconds left.
|
|t:|1634491698
|move|p1a: après qu'inder|Rest|p1a: après qu'inder
|-status|p1a: après qu'inder|slp|[from] move: Rest
|-heal|p1a: après qu'inder|100/100 slp|[silent]
|move|p2a: jess'|Foul Play|p1a: après qu'inder
|-resisted|p1a: après qu'inder
|-damage|p1a: après qu'inder|88/100 slp
|
|upkeep
|turn|31
|inactive|Jeza.p has 25 seconds left this turn.
|j| basaninho
|j| Wnn
|inactive|Jeza.p has 20 seconds left.
|inactive|Jeza.p has 15 seconds left.
|c| basaninho|Looool
|
|t:|1634491713
|switch|p2a: Jesse|Chansey, F|76/100
|-damage|p2a: Jesse|63/100|[from] Stealth Rock
|cant|p1a: après qu'inder|slp
|
|upkeep
|turn|32
|inactive|Jeza.p has 25 seconds left this turn.
|
|t:|1634491716
|cant|p1a: après qu'inder|slp
|move|p2a: Jesse|Soft-Boiled|p2a: Jesse
|-heal|p2a: Jesse|100/100
|
|upkeep
|turn|33
|
|t:|1634491720
|-curestatus|p1a: après qu'inder|slp|[msg]
|move|p1a: après qu'inder|Fiery Wrath|p2a: Jesse
|-damage|p2a: Jesse|49/100
|move|p2a: Jesse|Seismic Toss|p1a: après qu'inder
|-damage|p1a: après qu'inder|59/100
|
|upkeep
|turn|34
|j| Draphirion
|l| StickerBrush Symph
|
|t:|1634491733
|switch|p2a: jess'|Umbreon, F|100/100
|-damage|p2a: jess'|88/100|[from] Stealth Rock
|move|p1a: après qu'inder|Fiery Wrath|p2a: jess'
|-resisted|p2a: jess'
|-damage|p2a: jess'|46/100
|
|-heal|p2a: jess'|52/100|[from] item: Leftovers
|upkeep
|turn|35
|
|t:|1634491746
|move|p2a: jess'|Protect|p2a: jess'
|-singleturn|p2a: jess'|Protect
|move|p1a: après qu'inder|Fiery Wrath|p2a: jess'
|-activate|p2a: jess'|move: Protect
|
|-heal|p2a: jess'|58/100|[from] item: Leftovers
|upkeep
|turn|36
|inactive|Jeza.p has 30 seconds left.
|
|t:|1634491764
|move|p1a: après qu'inder|Fiery Wrath|p2a: jess'
|-resisted|p2a: jess'
|-damage|p2a: jess'|13/100
|move|p2a: jess'|Wish|p2a: jess'
|
|-heal|p2a: jess'|20/100|[from] item: Leftovers
|upkeep
|turn|37
|j| Hervalt
|inactive|Jeza.p has 30 seconds left.
|inactive|congelateur-sama has 270 seconds left.
|l| Bekaray
|l| Wnn
|inactive|congelateur-sama has 240 seconds left.
|j| StickerBrush Symph
|j| Wnn
|l| Draphirion
|l| DonSlvatore
|j| PandaDoux♥♡㋛★✩
|inactive|congelateur-sama has 210 seconds left.
|
|t:|1634491856
|move|p2a: jess'|Protect|p2a: jess'
|-singleturn|p2a: jess'|Protect
|move|p1a: après qu'inder|Agility|p1a: après qu'inder
|-boost|p1a: après qu'inder|spe|0
|
|-heal|p2a: jess'|70/100|[from] move: Wish|[wisher] jess'
|-heal|p2a: jess'|76/100|[from] item: Leftovers
|upkeep
|turn|38
|inactive|Jeza.p has 30 seconds left.
|j| DonSlvatore
|inactive|Jeza.p has 20 seconds left.
|l| Arakd’eau✞
|inactive|Jeza.p has 15 seconds left.
|inactive|Jeza.p has 10 seconds left.
|j| Monitor of Sinnoh
|
|t:|1634491887
|move|p1a: après qu'inder|Fiery Wrath|p2a: jess'
|-resisted|p2a: jess'
|-damage|p2a: jess'|35/100
|move|p2a: jess'|Wish|p2a: jess'
|
|-heal|p2a: jess'|41/100|[from] item: Leftovers
|upkeep
|turn|39
|inactive|Jeza.p has 20 seconds left this turn.
|n| Monitor of Sinnoh|monitorofsinnoh
|inactive|Jeza.p has 15 seconds left.
|j| Arakd’eau✞
|l| Micciu2a
|j| Draphirion
|inactive|congelateur-sama has 210 seconds left.
|j| Micciu2a
|inactive|congelateur-sama has 180 seconds left.
|l| Oldcvcv
|
|t:|1634491945
|move|p2a: jess'|Protect|p2a: jess'
|-singleturn|p2a: jess'|Protect
|move|p1a: après qu'inder|Rest|p1a: après qu'inder
|-status|p1a: après qu'inder|slp|[from] move: Rest
|-heal|p1a: après qu'inder|100/100 slp|[silent]
|
|-heal|p2a: jess'|91/100|[from] move: Wish|[wisher] jess'
|-heal|p2a: jess'|97/100|[from] item: Leftovers
|upkeep
|turn|40
|inactive|Jeza.p has 25 seconds left this turn.
|inactive|Jeza.p has 20 seconds left.
|l| Arakd’eau✞
|inactive|Jeza.p has 15 seconds left.
|l| Wnn
|inactive|Jeza.p has 10 seconds left.
|
|t:|1634491960
|switch|p1a: nous a révélé|Gyarados, M|51/100
|move|p2a: jess'|Foul Play|p1a: nous a révélé
|-damage|p1a: nous a révélé|0 fnt
|faint|p1a: nous a révélé
|
|-heal|p2a: jess'|100/100|[from] item: Leftovers
|upkeep
|inactive|Jeza.p has 15 seconds left this turn.
|l| Quartos
|l| GoodFather01
|j| Wnn
|inactive|congelateur-sama has 150 seconds left.
|inactive|congelateur-sama has 120 seconds left.
|j| Daubelaire ❧
|l| Draphirion
|l| Drafeu-kun
|j| Drafeu-kun
|j| Swente ※
|inactive|congelateur-sama has 90 seconds left.
|
|t:|1634492057
|switch|p1a: J'ai choisi|Grimmsnarl, M|100/100
|-damage|p1a: J'ai choisi|88/100|[from] Spikes
|turn|41
|inactive|Jeza.p has 25 seconds left this turn.
|j| Bekaray
|inactive|Jeza.p has 20 seconds left.
|j| Draphirion
|inactive|Jeza.p has 15 seconds left.
|
|t:|1634492071
|switch|p2a: Petit Gros|Tangrowth, M|88/100 frz
|-damage|p2a: Petit Gros|75/100 frz|[from] Stealth Rock
|move|p1a: J'ai choisi|Spirit Break|p2a: Petit Gros
|-damage|p2a: Petit Gros|59/100 frz
|-unboost|p2a: Petit Gros|spa|1
|-damage|p1a: J'ai choisi|72/100|[from] item: Rocky Helmet|[of] p2a: Petit Gros
|
|upkeep
|turn|42
|inactive|Jeza.p has 25 seconds left this turn.
|inactive|Jeza.p has 20 seconds left.
|j| Agarica
|inactive|congelateur-sama has 60 seconds left.
|
|t:|1634492118
|switch|p1a: 7 êtres humains|Thundurus-Therian, M|82/100 tox
|cant|p2a: Petit Gros|frz
|
|-damage|p1a: 7 êtres humains|76/100 tox|[from] psn
|upkeep
|turn|43
|inactive|Jeza.p has 30 seconds left this turn.
|inactive|Jeza.p has 20 seconds left.
|l| Yelodash
|inactive|congelateur-sama has 30 seconds left.
|j| Sharow 水上
|inactive|congelateur-sama has 20 seconds left.
|inactive|congelateur-sama has 15 seconds left.
|l| Wnn
|inactive|congelateur-sama has 10 seconds left.
|
|t:|1634492166
|switch|p1a: J'ai choisi|Grimmsnarl, M|72/100
|-damage|p1a: J'ai choisi|59/100|[from] Spikes
|switch|p2a: Jessie|Reuniclus, M|100/100
|-damage|p2a: Jessie|88/100|[from] Stealth Rock
|
|upkeep
|turn|44
|inactive|congelateur-sama has 20 seconds left this turn.
|inactive|Jeza.p has 30 seconds left this turn.
|inactive|congelateur-sama has 15 seconds left.
|
|t:|1634492175
|switch|p1a: après qu'inder|Moltres-Galar|100/100 slp
|switch|p2a: Petit Gros|Tangrowth, M|92/100 frz
|-damage|p2a: Petit Gros|79/100 frz|[from] Stealth Rock
|
|upkeep
|turn|45
|inactive|congelateur-sama has 25 seconds left this turn.
|inactive|congelateur-sama has 20 seconds left.
|inactive|Jeza.p has 30 seconds left.
|inactive|congelateur-sama has 15 seconds left.
|
|t:|1634492188
|switch|p1a: qu'il a déjà pécho|Jirachi|88/100
|-damage|p1a: qu'il a déjà pécho|76/100|[from] Spikes
|switch|p2a: Jesse|Chansey, F|49/100
|-damage|p2a: Jesse|36/100|[from] Stealth Rock
|
|upkeep
|turn|46
|inactive|congelateur-sama has 25 seconds left this turn.
|
|t:|1634492197
|switch|p2a: Petit Gros|Tangrowth, M|100/100 frz
|-damage|p2a: Petit Gros|88/100 frz|[from] Stealth Rock
|move|p1a: qu'il a déjà pécho|Iron Head|p2a: Petit Gros
|-damage|p2a: Petit Gros|71/100 frz
|-damage|p1a: qu'il a déjà pécho|59/100|[from] item: Rocky Helmet|[of] p2a: Petit Gros
|
|upkeep
|turn|47
|inactive|congelateur-sama has 30 seconds left.
|
|t:|1634492206
|switch|p1a: J'ai choisi|Grimmsnarl, M|59/100
|-damage|p1a: J'ai choisi|47/100|[from] Spikes
|cant|p2a: Petit Gros|frz
|
|upkeep
|turn|48
|j| Tzop
|
|t:|1634492214
|move|p1a: J'ai choisi|Reflect|p1a: J'ai choisi
|-sidestart|p1: congelateur-sama|Reflect
|cant|p2a: Petit Gros|frz
|
|upkeep
|turn|49
|
|t:|1634492219
|switch|p1a: qu'il a déjà pécho|Jirachi|59/100
|-damage|p1a: qu'il a déjà pécho|47/100|[from] Spikes
|cant|p2a: Petit Gros|frz
|
|upkeep
|turn|50
|inactive|Jeza.p has 60 seconds left.
|j| Wnn
|
|t:|1634492241
|switch|p1a: J'ai choisi|Grimmsnarl, M|47/100
|-damage|p1a: J'ai choisi|34/100|[from] Spikes
|cant|p2a: Petit Gros|frz
|
|upkeep
|turn|51
|l| Draphirion
|
|t:|1634492247
|move|p1a: J'ai choisi|Light Screen|p1a: J'ai choisi
|-sidestart|p1: congelateur-sama|move: Light Screen
|cant|p2a: Petit Gros|frz
|
|upkeep
|turn|52
|j| GoodFather01
|
|t:|1634492254
|switch|p1a: qu'il a déjà pécho|Jirachi|47/100
|-damage|p1a: qu'il a déjà pécho|35/100|[from] Spikes
|-curestatus|p2a: Petit Gros|frz|[msg]
|move|p2a: Petit Gros|Sludge Bomb|p1a: qu'il a déjà pécho
|-immune|p1a: qu'il a déjà pécho
|
|-sideend|p1: congelateur-sama|Reflect
|upkeep
|turn|53
|
|t:|1634492258
|move|p1a: qu'il a déjà pécho|Healing Wish|p1a: qu'il a déjà pécho
|faint|p1a: qu'il a déjà pécho
|move|p2a: Petit Gros|Knock Off|p1: qu'il a déjà pécho|[notarget]
|-fail|p2a: Petit Gros
|
|upkeep
|
|t:|1634492260
|switch|p1a: 7 êtres humains|Thundurus-Therian, M|76/100 tox
|-heal|p1a: 7 êtres humains|100/100|[from] move: Healing Wish
|turn|54
|inactive|Jeza.p has 90 seconds left.
|
|t:|1634492285
|switch|p2a: Sageau|Quagsire, M|100/100
|-damage|p2a: Sageau|94/100|[from] Stealth Rock
|move|p1a: 7 êtres humains|Focus Blast|p2a: Sageau|[miss]
|-miss|p1a: 7 êtres humains|p2a: Sageau
|
|-heal|p2a: Sageau|100/100|[from] item: Leftovers
|upkeep
|turn|55
|inactive|Jeza.p has 90 seconds left.
|l| Wnn
|l| GoodFather01
|c|☆congelateur-sama|f
|inactive|congelateur-sama has 60 seconds left.
|inactive|congelateur-sama has 30 seconds left.
|inactive|congelateur-sama has 20 seconds left.
|
|t:|1634492340
|switch|p1a: après qu'inder|Moltres-Galar|100/100 slp
|move|p2a: Sageau|Toxic||[still]
|-fail|p2a: Sageau
|
|-sideend|p1: congelateur-sama|move: Light Screen
|upkeep
|turn|56
|inactive|congelateur-sama has 30 seconds left this turn.
|inactive|congelateur-sama has 20 seconds left.
|inactive|Jeza.p has 90 seconds left.
|inactive|congelateur-sama has 15 seconds left.
|
|t:|1634492359
|switch|p1a: J'ai choisi|Grimmsnarl, M|34/100
|-damage|p1a: J'ai choisi|22/100|[from] Spikes
|switch|p2a: Jesse|Chansey, F|36/100
|-damage|p2a: Jesse|24/100|[from] Stealth Rock
|
|upkeep
|turn|57
|inactive|congelateur-sama has 25 seconds left this turn.
|inactive|congelateur-sama has 20 seconds left.
|inactive|Jeza.p has 90 seconds left.
|j| tequila shots
|inactive|congelateur-sama has 15 seconds left.
|l| Hyss
|c| tequila shots|ah oui aucune race
|inactive|congelateur-sama has 10 seconds left.
|c| tequila shots|la remontada c sur
|inactive|congelateur-sama has 5 seconds left.
|j| Hyss
|
|t:|1634492381
|switch|p1a: 7 êtres humains|Thundurus-Therian, M|100/100
|switch|p2a: Petit Gros|Tangrowth, M|100/100
|-damage|p2a: Petit Gros|88/100|[from] Stealth Rock
|
|upkeep
|turn|58
|inactive|congelateur-sama has 15 seconds left this turn.
|inactive|congelateur-sama has 10 seconds left.
|
|t:|1634492388
|switch|p2a: Jessie|Reuniclus, M|100/100
|-damage|p2a: Jessie|88/100|[from] Stealth Rock
|move|p1a: 7 êtres humains|Nasty Plot|p1a: 7 êtres humains
|-boost|p1a: 7 êtres humains|spa|2
|
|upkeep
|turn|59
|inactive|congelateur-sama has 20 seconds left this turn.
|inactive|congelateur-sama has 15 seconds left.
|
|t:|1634492396
|move|p1a: 7 êtres humains|Thunderbolt|p2a: Jessie
|-damage|p2a: Jessie|40/100
|move|p2a: Jessie|Psyshock|p1a: 7 êtres humains
|-damage|p1a: 7 êtres humains|52/100
|
|upkeep
|turn|60
|inactive|congelateur-sama has 25 seconds left this turn.
|inactive|congelateur-sama has 20 seconds left.
|inactive|Jeza.p has 90 seconds left.
|j| HurtaDOO♥
|
|t:|1634492420
|switch|p2a: Jesse|Chansey, F|24/100
|-damage|p2a: Jesse|11/100|[from] Stealth Rock
|move|p1a: 7 êtres humains|Thunderbolt|p2a: Jesse
|-damage|p2a: Jesse|0 fnt
|faint|p2a: Jesse
|
|upkeep
|inactive|congelateur-sama has 25 seconds left this turn.
|l| HurtaDOO♥
|
|t:|1634492431
|switch|p2a: Sageau|Quagsire, M|100/100
|-damage|p2a: Sageau|94/100|[from] Stealth Rock
|turn|61
|inactive|congelateur-sama has 30 seconds left.
|j| Wnn
|j| BIHI
|inactive|congelateur-sama has 20 seconds left.
|inactive|congelateur-sama has 15 seconds left.
|j| Astreau
|
|t:|1634492454
|move|p1a: 7 êtres humains|Focus Blast|p2a: Sageau
|-damage|p2a: Sageau|42/100
|move|p2a: Sageau|Scald|p1a: 7 êtres humains
|-damage|p1a: 7 êtres humains|27/100
|
|-heal|p2a: Sageau|48/100|[from] item: Leftovers
|upkeep
|turn|62
|inactive|congelateur-sama has 25 seconds left this turn.
|inactive|congelateur-sama has 20 seconds left.
|inactive|congelateur-sama has 15 seconds left.
|l| Wnn
|inactive|Jeza.p has 60 seconds left.
|j|+Panur
|inactive|congelateur-sama has 10 seconds left.
|
|t:|1634492488
|move|p1a: 7 êtres humains|Focus Blast|p2a: Sageau|[miss]
|-miss|p1a: 7 êtres humains|p2a: Sageau
|move|p2a: Sageau|Recover|p2a: Sageau
|-heal|p2a: Sageau|98/100
|
|-heal|p2a: Sageau|100/100|[from] item: Leftovers
|upkeep
|turn|63
|inactive|congelateur-sama has 20 seconds left this turn.
|c|☆congelateur-sama|double f
|c| Monitor of Sinnoh|F
|inactive|congelateur-sama has 15 seconds left.
|inactive|Jeza.p has 60 seconds left.
|j| ismakhil*-*
|inactive|congelateur-sama has 10 seconds left.
|
|t:|1634492502
|move|p1a: 7 êtres humains|Focus Blast|p2a: Sageau
|-damage|p2a: Sageau|53/100
|move|p2a: Sageau|Scald|p1a: 7 êtres humains
|-damage|p1a: 7 êtres humains|3/100
|
|-heal|p2a: Sageau|59/100|[from] item: Leftovers
|upkeep
|turn|64
|inactive|congelateur-sama has 20 seconds left this turn.
|c| DonSlvatore|degeulasse jeza
|inactive|congelateur-sama has 15 seconds left.
|c|☆congelateur-sama|crit ?
|inactive|Jeza.p has 60 seconds left.
|
|t:|1634492513
|move|p1a: 7 êtres humains|Focus Blast|p2a: Sageau
|-damage|p2a: Sageau|7/100
|move|p2a: Sageau|Recover|p2a: Sageau
|-heal|p2a: Sageau|57/100
|
|-heal|p2a: Sageau|63/100|[from] item: Leftovers
|upkeep
|turn|65
|inactive|congelateur-sama has 25 seconds left this turn.
|c| AzZoCcX|t'en demandes trop là congelo
|c| Misabi|Il a prédict le miss, arrêtez
|c|☆congelateur-sama|crit ?
|j| Armawile
|inactive|Jeza.p has 60 seconds left.
|
|t:|1634492528
|move|p1a: 7 êtres humains|Focus Blast|p2a: Sageau
|-damage|p2a: Sageau|9/100
|move|p2a: Sageau|Recover|p2a: Sageau
|-heal|p2a: Sageau|59/100
|
|-heal|p2a: Sageau|65/100|[from] item: Leftovers
|upkeep
|turn|66
|j| huppertaser
|
|t:|1634492538
|move|p1a: 7 êtres humains|Psychic|p2a: Sageau
|-damage|p2a: Sageau|24/100
|move|p2a: Sageau|Recover|p2a: Sageau
|-heal|p2a: Sageau|74/100
|
|-heal|p2a: Sageau|80/100|[from] item: Leftovers
|upkeep
|turn|67
|j| Yelodash
|
|t:|1634492542
|move|p1a: 7 êtres humains|Psychic|p2a: Sageau
|-damage|p2a: Sageau|40/100
|move|p2a: Sageau|Scald|p1a: 7 êtres humains
|-damage|p1a: 7 êtres humains|0 fnt
|faint|p1a: 7 êtres humains
|
|-heal|p2a: Sageau|46/100|[from] item: Leftovers
|upkeep
|c|☆congelateur-sama|crit ?
|
|t:|1634492550
|switch|p1a: après qu'inder|Moltres-Galar|100/100 slp
|turn|68
|c| Armawile|imagine grass knot thundy
|c| Mimilucha|crit ?
|c| Armawile|aurait gagné
|l| ismakhil*-*
|
|t:|1634492572
|cant|p1a: après qu'inder|slp
|move|p2a: Sageau|Recover|p2a: Sageau
|-heal|p2a: Sageau|96/100
|
|-heal|p2a: Sageau|100/100|[from] item: Leftovers
|upkeep
|turn|69
|c| tequila shots|et le moltres là il gagne pas
|c| Dunoks|non
|c| tequila shots|ah 9 pp
|c| tequila shots|lol
|j| Wnn
|
|t:|1634492586
|switch|p2a: jess'|Umbreon, F|100/100
|-damage|p2a: jess'|88/100|[from] Stealth Rock
|cant|p1a: après qu'inder|slp
|
|-heal|p2a: jess'|94/100|[from] item: Leftovers
|upkeep
|turn|70
|c| tequila shots|quel tier de merde
|c| tequila shots|dommage
|
|t:|1634492600
|-curestatus|p1a: après qu'inder|slp|[msg]
|move|p1a: après qu'inder|Nasty Plot|p1a: après qu'inder
|-boost|p1a: après qu'inder|spa|2
|move|p2a: jess'|Foul Play|p1a: après qu'inder
|-resisted|p1a: après qu'inder
|-damage|p1a: après qu'inder|89/100
|
|-heal|p2a: jess'|99/100|[from] item: Leftovers
|upkeep
|turn|71
|c| tequila shots|lgi cherbou
|
|t:|1634492606
|move|p1a: après qu'inder|Nasty Plot|p1a: après qu'inder
|-boost|p1a: après qu'inder|spa|2
|move|p2a: jess'|Toxic|p1a: après qu'inder
|-status|p1a: après qu'inder|tox
|
|-heal|p2a: jess'|100/100|[from] item: Leftovers
|-damage|p1a: après qu'inder|83/100 tox|[from] psn
|upkeep
|turn|72
|l| Armawile
|l| Wnn
|
|t:|1634492629
|move|p1a: après qu'inder|Nasty Plot|p1a: après qu'inder
|-boost|p1a: après qu'inder|spa|2
|move|p2a: jess'|Foul Play|p1a: après qu'inder
|-resisted|p1a: après qu'inder
|-damage|p1a: après qu'inder|71/100 tox
|
|-damage|p1a: après qu'inder|58/100 tox|[from] psn
|upkeep
|turn|73
|l| laevin
|l| Yelodash
|inactive|Jeza.p has 60 seconds left.
|c| Cherbou|Prenez vos mains comptes ptdr
|
|t:|1634492651
|move|p1a: après qu'inder|Agility|p1a: après qu'inder
|-boost|p1a: après qu'inder|spe|2
|move|p2a: jess'|Foul Play|p1a: après qu'inder
|-resisted|p1a: après qu'inder
|-damage|p1a: après qu'inder|47/100 tox
|
|-damage|p1a: après qu'inder|29/100 tox|[from] psn
|upkeep
|turn|74
|inactive|Jeza.p has 60 seconds left.
|c| Cherbou|Drafeu stuv jouer après on peut
|
|t:|1634492674
|switch|p2a: Jessy|Skarmory, F|25/100
|-damage|p2a: Jessy|13/100|[from] Stealth Rock
|move|p1a: après qu'inder|Rest|p1a: après qu'inder
|-status|p1a: après qu'inder|slp|[from] move: Rest
|-heal|p1a: après qu'inder|100/100 slp|[silent]
|
|upkeep
|turn|75
|c| Dieu Amphibien|Cherbou ATTENTION TU N'aS PAS LE BON aVatar
|
|t:|1634492681
|cant|p1a: après qu'inder|slp
|move|p2a: Jessy|Roost|p2a: Jessy
|-heal|p2a: Jessy|63/100
|-singleturn|p2a: Jessy|move: Roost
|
|upkeep
|turn|76
|
|t:|1634492692
|switch|p2a: jess'|Umbreon, F|100/100
|-damage|p2a: jess'|88/100|[from] Stealth Rock
|cant|p1a: après qu'inder|slp
|
|-heal|p2a: jess'|94/100|[from] item: Leftovers
|upkeep
|turn|77
|c| Cherbou|Oh bordel merci Dieu
|
|t:|1634492710
|-curestatus|p1a: après qu'inder|slp|[msg]
|move|p1a: après qu'inder|Fiery Wrath|p2a: jess'
|-resisted|p2a: jess'
|-damage|p2a: jess'|47/100
|move|p2a: jess'|Toxic|p1a: après qu'inder|[miss]
|-miss|p2a: jess'|p1a: après qu'inder
|
|-heal|p2a: jess'|53/100|[from] item: Leftovers
|upkeep
|turn|78
|c| Os4ke|crit
|c| Monitor of Sinnoh|crit flinch
|
|t:|1634492725
|move|p2a: jess'|Protect|p2a: jess'
|-singleturn|p2a: jess'|Protect
|move|p1a: après qu'inder|Fiery Wrath|p2a: jess'
|-activate|p2a: jess'|move: Protect
|
|-heal|p2a: jess'|59/100|[from] item: Leftovers
|upkeep
|turn|79
|c|☆congelateur-sama|:pray:
|inactive|congelateur-sama has 120 seconds left.
|c| Os4ke|crit
|
|t:|1634492733
|move|p1a: après qu'inder|Fiery Wrath|p2a: jess'
|-resisted|p2a: jess'
|-damage|p2a: jess'|15/100
|move|p2a: jess'|Wish|p2a: jess'
|
|-heal|p2a: jess'|21/100|[from] item: Leftovers
|upkeep
|turn|80
|c|☆congelateur-sama|:paz:
|
|t:|1634492742
|move|p2a: jess'|Protect|p2a: jess'
|-singleturn|p2a: jess'|Protect
|move|p1a: après qu'inder|Agility|p1a: après qu'inder
|-boost|p1a: après qu'inder|spe|2
|
|-heal|p2a: jess'|71/100|[from] move: Wish|[wisher] jess'
|-heal|p2a: jess'|77/100|[from] item: Leftovers
|upkeep
|turn|81
|
|t:|1634492756
|move|p1a: après qu'inder|Fiery Wrath|p2a: jess'
|-resisted|p2a: jess'
|-damage|p2a: jess'|33/100
|move|p2a: jess'|Wish|p2a: jess'
|
|-heal|p2a: jess'|39/100|[from] item: Leftovers
|upkeep
|turn|82
|c| Astreau|flinch :pray:
|c|☆congelateur-sama|gg
|c| Astreau|yep
|c|☆congelateur-sama|inner ?
|c| tequila shots|rah ouais rude
|c| tequila shots|astreau
|c| huppertaser|quel combat incroyable
|c| Monitor of Sinnoh|ce umbreon de l'enfer
|c| tequila shots|tu t'es fais stall
|c| tequila shots|2fois de suite
|j| laevin
|c| tequila shots|on te respecte pas
|inactive|congelateur-sama has 120 seconds left.
|c| tequila shots|mdr
|c| Astreau|ué
|c|☆congelateur-sama|bref, dommage team
|c|☆Jeza.p|gg
|c| DonSlvatore|att
|j| NicoLacosteTn
|c|☆congelateur-sama|thun étais aveugle
|c| DonSlvatore|tente le crit
|c| tequila shots|aller cherbou
|c| tequila shots|prends la tie
|c| tequila shots|stp
|c| tequila shots|tente le crit
|c| tequila shots|oui
|c|☆congelateur-sama|ok
|c| ZiyechBO|Mdrrr
|
|t:|1634492807
|move|p2a: jess'|Protect|p2a: jess'
|-singleturn|p2a: jess'|Protect
|move|p1a: après qu'inder|Agility|p1a: après qu'inder
|-boost|p1a: après qu'inder|spe|2
|
|-heal|p2a: jess'|89/100|[from] move: Wish|[wisher] jess'
|-heal|p2a: jess'|95/100|[from] item: Leftovers
|upkeep
|turn|83
|c| DonSlvatore|jusqu’au bout
|inactive|Jeza.p has 60 seconds left.
|c|☆congelateur-sama|ouai ok
|c|☆congelateur-sama|mais c'est torture
|c| ChaFouu|Jeza
|c|☆congelateur-sama|de voir ça win
|c| ChaFouu|montre le set de Umbreon stp
|
|t:|1634492826
|move|p1a: après qu'inder|Fiery Wrath|p2a: jess'
|-resisted|p2a: jess'
|-damage|p2a: jess'|49/100
|move|p2a: jess'|Toxic|p1a: après qu'inder
|-status|p1a: après qu'inder|tox
|
|-heal|p2a: jess'|56/100|[from] item: Leftovers
|-damage|p1a: après qu'inder|94/100 tox|[from] psn
|upkeep
|turn|84
|
|t:|1634492838
|move|p1a: après qu'inder|Agility|p1a: après qu'inder
|-boost|p1a: après qu'inder|spe|0
|move|p2a: jess'|Wish|p2a: jess'
|
|-heal|p2a: jess'|62/100|[from] item: Leftovers
|-damage|p1a: après qu'inder|82/100 tox|[from] psn
|upkeep
|turn|85
|j| Eccalliti
|inactive|congelateur-sama has 90 seconds left.
|
|t:|1634492876
|move|p2a: jess'|Protect|p2a: jess'
|-singleturn|p2a: jess'|Protect
|move|p1a: après qu'inder|Fiery Wrath|p2a: jess'
|-activate|p2a: jess'|move: Protect
|
|-heal|p2a: jess'|100/100|[from] move: Wish|[wisher] jess'
|-damage|p1a: après qu'inder|64/100 tox|[from] psn
|upkeep
|turn|86
|c|☆congelateur-sama|gg
|inactive|congelateur-sama has 90 seconds left.
|-message|congelateur-sama forfeited.
|
|win|Jeza.p
|l|☆congelateur-sama
|l| PandaDoux♥♡㋛★✩
|l| Phxo'
|l|+ironwater
|l| huppertaser
|l| Bekaray
|l| McSim
|l| Gelbel3c
|l| Toko Pherol
|l| crime city
|c|☆Jeza.p|gg
|l|+Panur
|l| tequila shots
|l| Cherbou
|l| Grimji
|l| DonSlvatore
|l| AzZoCcX
|l| Eccalliti
|l| Mimilucha
|l| Os4ke
|l| Misabi
|l| Hervalt
|l| Dieu Amphibien
|l| Flex OKLM
|l| Sharow 水上
|l| StickerBrush Symph
|l| Crost
|l| Prodigezz
|l| Daubelaire ❧
|l| Ryuji-Sensei
|l| Drafeu-kun
|l| Micciu2a
|l| laevin
|l| ZiyechBO
|l| Hyss
|l| Dunoks
|j| Laurence Mehari
|l| Laurence Mehari
|l| BlessyZ
|l| Elias PSY
|l| Astreau
|l| Le Dieunnotor
|j|☆congelateur-sama
|player|p1|congelateur-sama|#fcpl4raichicheurs
|j|+SFG
|l| LLLiolae
|j| ismakhil*-*
|l| Menacce17^^
|l| Agarica
|l| ismakhil*-*
|l| Fivelll
|l| basaninho
|l|☆congelateur-sama
|player|p1|
|l| P.Otaku
|l|+SFG
|j| AzZoCcX
|l|+Staxi
|l| AzZoCcX
|l| Swente ※
|j| Le Dieunnotor
|l| Le Dieunnotor
|l| NHelioX7
|j| Dragonillis
