|j|☆MrRuf4si
|j|☆DarkHorse344
|t:|1667597554
|gametype|singles
|player|p1|MrRuf4si|2|1465
|player|p2|DarkHorse344|brendan-gen3rs|1485
|teamsize|p1|6
|teamsize|p2|6
|gen|8
|tier|[Gen 8] UU
|rated|
|rule|Sleep Clause Mod: Limit one foe put to sleep
|rule|Species Clause: Limit one of each Pokémon
|rule|OHKO Clause: OHKO moves are banned
|rule|Evasion Items Clause: Evasion items are banned
|rule|Evasion Moves Clause: Evasion moves are banned
|rule|Endless Battle Clause: Forcing endless battles is banned
|rule|HP Percentage Mod: HP is shown in percentages
|rule|Dynamax Clause: You cannot dynamax
|clearpoke
|poke|p1|Politoed, F|
|poke|p1|Mudsdale, M|
|poke|p1|Kingdra, F|
|poke|p1|Heliolisk, F|
|poke|p1|Bewear, F|
|poke|p1|Scizor, F|
|poke|p2|Torkoal, F|
|poke|p2|Darmanitan, F|
|poke|p2|Venusaur, F|
|poke|p2|Chansey, F|
|poke|p2|Zygarde-10%|
|poke|p2|Skarmory, F|
|teampreview
|j| tiggar
|
|t:|1667597572
|start
|switch|p1a: Kingdra|Kingdra, F|100/100
|switch|p2a: Torkoal|Torkoal, F|100/100
|-weather|SunnyDay|[from] ability: Drought|[of] p2a: Torkoal
|turn|1
|
|t:|1667597576
|switch|p2a: Chansey|Chansey, F|100/100
|move|p1a: Kingdra|Flip Turn|p2a: Chansey
|-damage|p2a: Chansey|95/100
|
|t:|1667597580
|switch|p1a: Bewear|Bewear, F|100/100|[from]move: Flip Turn
|
|-weather|SunnyDay|[upkeep]
|upkeep
|turn|2
|
|t:|1667597587
|switch|p2a: Skarmory|Skarmory, F|100/100
|move|p1a: Bewear|Close Combat|p2a: Skarmory
|-damage|p2a: Skarmory|45/100
|-unboost|p1a: Bewear|def|1
|-unboost|p1a: Bewear|spd|1
|
|-weather|SunnyDay|[upkeep]
|-heal|p2a: Skarmory|51/100|[from] item: Leftovers
|upkeep
|turn|3
|
|t:|1667597595
|move|p1a: Bewear|Close Combat|p2a: Skarmory
|-damage|p2a: Skarmory|0 fnt
|-unboost|p1a: Bewear|def|1
|-unboost|p1a: Bewear|spd|1
|faint|p2a: Skarmory
|
|-weather|SunnyDay|[upkeep]
|upkeep
|
|t:|1667597605
|switch|p2a: Venusaur|Venusaur, F|100/100
|turn|4
|
|t:|1667597619
|switch|p1a: Politoed|Politoed, F|100/100
|-weather|RainDance|[from] ability: Drizzle|[of] p1a: Politoed
|move|p2a: Venusaur|Sludge Bomb|p1a: Politoed
|-damage|p1a: Politoed|61/100
|-status|p1a: Politoed|psn
|-damage|p2a: Venusaur|91/100|[from] item: Life Orb
|
|-weather|RainDance|[upkeep]
|-damage|p1a: Politoed|48/100 psn|[from] psn
|upkeep
|turn|5
|
|t:|1667597634
|switch|p1a: Kingdra|Kingdra, F|100/100
|move|p2a: Venusaur|Giga Drain|p1a: Kingdra
|-crit|p1a: Kingdra
|-damage|p1a: Kingdra|14/100
|-heal|p2a: Venusaur|100/100|[from] drain|[of] p1a: Kingdra
|-damage|p2a: Venusaur|91/100|[from] item: Life Orb
|
|-weather|RainDance|[upkeep]
|upkeep
|turn|6
|
|t:|1667597643
|switch|p2a: Chansey|Chansey, F|95/100
|move|p1a: Kingdra|Flip Turn|p2a: Chansey
|-damage|p2a: Chansey|78/100
|
|t:|1667597645
|switch|p1a: Bewear|Bewear, F|100/100|[from]move: Flip Turn
|
|-weather|RainDance|[upkeep]
|upkeep
|turn|7
|
|t:|1667597647
|switch|p2a: Torkoal|Torkoal, F|100/100
|-weather|SunnyDay|[from] ability: Drought|[of] p2a: Torkoal
|move|p1a: Bewear|Close Combat|p2a: Torkoal
|-damage|p2a: Torkoal|45/100
|-unboost|p1a: Bewear|def|1
|-unboost|p1a: Bewear|spd|1
|
|-weather|SunnyDay|[upkeep]
|upkeep
|turn|8
|
|t:|1667597686
|switch|p2a: Zygarde|Zygarde-10%|100/100
|-ability|p2a: Zygarde|Aura Break
|move|p1a: Bewear|Close Combat|p2a: Zygarde
|-damage|p2a: Zygarde|0 fnt
|-unboost|p1a: Bewear|def|1
|-unboost|p1a: Bewear|spd|1
|faint|p2a: Zygarde
|
|-weather|SunnyDay|[upkeep]
|upkeep
|
|t:|1667597687
|switch|p2a: Venusaur|Venusaur, F|91/100
|turn|9
|
|t:|1667597709
|switch|p1a: Scizor|Scizor, F|100/100
|move|p2a: Venusaur|Growth|p2a: Venusaur
|-boost|p2a: Venusaur|atk|2
|-boost|p2a: Venusaur|spa|2
|
|-weather|SunnyDay|[upkeep]
|upkeep
|turn|10
|
|t:|1667597714
|move|p1a: Scizor|Bullet Punch|p2a: Venusaur
|-damage|p2a: Venusaur|58/100
|move|p2a: Venusaur|Weather Ball|p1a: Scizor
|-supereffective|p1a: Scizor
|-damage|p1a: Scizor|0 fnt
|faint|p1a: Scizor
|-damage|p2a: Venusaur|48/100|[from] item: Life Orb
|
|-weather|SunnyDay|[upkeep]
|upkeep
|
|t:|1667597717
|switch|p1a: Politoed|Politoed, F|48/100 psn
|-weather|RainDance|[from] ability: Drizzle|[of] p1a: Politoed
|turn|11
|
|t:|1667597724
|switch|p1a: Heliolisk|Heliolisk, F|100/100
|move|p2a: Venusaur|Giga Drain|p1a: Heliolisk
|-damage|p1a: Heliolisk|0 fnt
|-heal|p2a: Venusaur|92/100|[from] drain|[of] p1a: Heliolisk
|faint|p1a: Heliolisk
|-damage|p2a: Venusaur|82/100|[from] item: Life Orb
|
|-weather|RainDance|[upkeep]
|upkeep
|
|t:|1667597729
|switch|p1a: Kingdra|Kingdra, F|14/100
|turn|12
|
|t:|1667597736
|switch|p2a: Chansey|Chansey, F|78/100
|move|p1a: Kingdra|Hurricane|p2a: Chansey
|-damage|p2a: Chansey|64/100
|-start|p2a: Chansey|confusion
|
|-weather|RainDance|[upkeep]
|upkeep
|turn|13
|
|t:|1667597741
|switch|p1a: Bewear|Bewear, F|100/100
|-activate|p2a: Chansey|confusion
|-damage|p2a: Chansey|63/100|[from] confusion
|
|-weather|RainDance|[upkeep]
|upkeep
|turn|14
|j| rulky
|l| rulky
|
|t:|1667597764
|switch|p2a: Torkoal|Torkoal, F|45/100
|-weather|SunnyDay|[from] ability: Drought|[of] p2a: Torkoal
|move|p1a: Bewear|Close Combat|p2a: Torkoal
|-damage|p2a: Torkoal|0 fnt
|-unboost|p1a: Bewear|def|1
|-unboost|p1a: Bewear|spd|1
|faint|p2a: Torkoal
|
|-weather|SunnyDay|[upkeep]
|upkeep
|
|t:|1667597779
|switch|p2a: Venusaur|Venusaur, F|82/100
|turn|15
|j| CommunistKommo-o
|
|t:|1667597792
|switch|p1a: Politoed|Politoed, F|48/100 psn
|-weather|RainDance|[from] ability: Drizzle|[of] p1a: Politoed
|move|p2a: Venusaur|Giga Drain|p1a: Politoed
|-supereffective|p1a: Politoed
|-damage|p1a: Politoed|0 fnt
|-heal|p2a: Venusaur|100/100|[from] drain|[of] p1a: Politoed
|faint|p1a: Politoed
|-damage|p2a: Venusaur|91/100|[from] item: Life Orb
|
|-weather|RainDance|[upkeep]
|upkeep
|
|t:|1667597795
|switch|p1a: Kingdra|Kingdra, F|14/100
|turn|16
|
|t:|1667597802
|move|p1a: Kingdra|Flip Turn|p2a: Venusaur
|-resisted|p2a: Venusaur
|-damage|p2a: Venusaur|73/100
|
|t:|1667597810
|switch|p1a: Mudsdale|Mudsdale, M|100/100|[from]move: Flip Turn
|move|p2a: Venusaur|Giga Drain|p1a: Mudsdale
|-supereffective|p1a: Mudsdale
|-damage|p1a: Mudsdale|13/100
|-heal|p2a: Venusaur|100/100|[from] drain|[of] p1a: Mudsdale
|-ability|p1a: Mudsdale|Stamina|boost
|-boost|p1a: Mudsdale|def|1
|-damage|p2a: Venusaur|91/100|[from] item: Life Orb
|
|-weather|RainDance|[upkeep]
|-heal|p1a: Mudsdale|19/100|[from] item: Leftovers
|upkeep
|turn|17
|
|t:|1667597815
|move|p2a: Venusaur|Giga Drain|p1a: Mudsdale
|-supereffective|p1a: Mudsdale
|-damage|p1a: Mudsdale|0 fnt
|-heal|p2a: Venusaur|100/100|[from] drain|[of] p1a: Mudsdale
|faint|p1a: Mudsdale
|-damage|p2a: Venusaur|91/100|[from] item: Life Orb
|
|-weather|RainDance|[upkeep]
|upkeep
|
|t:|1667597819
|switch|p1a: Bewear|Bewear, F|100/100
|turn|18
|l| CommunistKommo-o
|inactive|Battle timer is ON: inactive players will automatically lose when time's up. (requested by MrRuf4si)
|
|t:|1667597854
|move|p2a: Venusaur|Weather Ball|p1a: Bewear
|-damage|p1a: Bewear|22/100
|-damage|p2a: Venusaur|81/100|[from] item: Life Orb
|move|p1a: Bewear|Double-Edge|p2a: Venusaur
|-damage|p2a: Venusaur|0 fnt
|faint|p2a: Venusaur
|-damage|p1a: Bewear|1/100|[from] Recoil
|
|-weather|RainDance|[upkeep]
|upkeep
|
|t:|1667597857
|switch|p2a: Darmanitan|Darmanitan, F|100/100
|turn|19
|c|☆MrRuf4si|Damn I choked
|-message|MrRuf4si forfeited.
|
|win|DarkHorse344
|raw|MrRuf4si's rating: 1465 &rarr; <strong>1446</strong><br />(-19 for losing)
|raw|DarkHorse344's rating: 1485 &rarr; <strong>1504</strong><br />(+19 for winning)
|l|☆MrRuf4si
|c|☆DarkHorse344|gg!
|l| tiggar
||Ladder isn't responding, score probably updated but might not have (Request timeout).
