|html|<div class="broadcast-blue"><strong>[Gen 8] UU is currently suspecting Thundurus! For information on how to participate check out the <a href="https://www.smogon.com/forums/threads/np-ss-uu-stage-9-1-king-of-the-clouds.3689570/">suspect thread</a>.</strong></div>
|j|☆pinapple321
|j|☆uu9t setsu6
|t:|1630441049
|gametype|singles
|player|p1|pinapple321|marlon|1449
|player|p2|uu9t setsu6|ninjaboy|1516
|teamsize|p1|6
|teamsize|p2|6
|gen|8
|tier|[Gen 8] UU
|rated|
|rule|Sleep Clause Mod: Limit one foe put to sleep
|rule|Species Clause: Limit one of each Pokémon
|rule|OHKO Clause: OHKO moves are banned
|rule|Evasion Moves Clause: Evasion moves are banned
|rule|Endless Battle Clause: Forcing endless battles is banned
|rule|HP Percentage Mod: HP is shown in percentages
|rule|Dynamax Clause: You cannot dynamax
|clearpoke
|poke|p1|Buzzwole|
|poke|p1|Nidoking, M|
|poke|p1|Zygarde-10%|
|poke|p1|Azelf|
|poke|p1|Chansey, F|
|poke|p1|Aegislash, M|
|poke|p2|Volcanion|
|poke|p2|Zygarde-10%|
|poke|p2|Buzzwole|
|poke|p2|Roserade, F|
|poke|p2|Celesteela|
|poke|p2|Marowak-Alola, F|
|teampreview
|inactive|Battle timer is ON: inactive players will automatically lose when time's up. (requested by uu9t setsu6)
|c|☆uu9t setsu6|damn i was suppose to get the other guy lmao
|
|t:|1630441066
|start
|switch|p1a: Nidoking|Nidoking, M|100/100
|switch|p2a: Volcanion|Volcanion|100/100
|turn|1
|
|t:|1630441087
|move|p1a: Nidoking|Earth Power|p2a: Volcanion
|-supereffective|p2a: Volcanion
|-damage|p2a: Volcanion|0 fnt
|faint|p2a: Volcanion
|
|upkeep
|
|t:|1630441092
|switch|p2a: Roserade|Roserade, F|100/100
|turn|2
|
|t:|1630441099
|switch|p1a: Aegislash|Aegislash, M|100/100
|move|p2a: Roserade|Spikes|p1a: Aegislash
|-sidestart|p1: pinapple321|Spikes
|
|upkeep
|turn|3
|
|t:|1630441117
|move|p2a: Roserade|Sleep Powder|p1a: Aegislash
|-status|p1a: Aegislash|slp|[from] move: Sleep Powder
|cant|p1a: Aegislash|slp
|
|upkeep
|turn|4
|
|t:|1630441126
|switch|p2a: Marowak|Marowak-Alola, F|100/100
|switch|p1a: Azelf|Azelf|100/100
|
|upkeep
|turn|5
|
|t:|1630441132
|move|p1a: Azelf|Psyshock|p2a: Marowak
|-damage|p2a: Marowak|31/100
|-damage|p1a: Azelf|91/100|[from] item: Life Orb
|move|p2a: Marowak|Poltergeist|p1a: Azelf
|-activate|p1a: Azelf|move: Poltergeist|Life Orb
|-supereffective|p1a: Azelf
|-damage|p1a: Azelf|0 fnt
|faint|p1a: Azelf
|
|upkeep
|
|t:|1630441138
|switch|p1a: Buzzwole|Buzzwole|100/100
|-damage|p1a: Buzzwole|88/100|[from] Spikes
|turn|6
|
|t:|1630441143
|switch|p2a: Buzzwole|Buzzwole|100/100
|move|p1a: Buzzwole|Earthquake|p2a: Buzzwole
|-resisted|p2a: Buzzwole
|-damage|p2a: Buzzwole|84/100
|-damage|p1a: Buzzwole|78/100|[from] item: Life Orb
|
|upkeep
|turn|7
|
|t:|1630441158
|move|p1a: Buzzwole|Roost|p1a: Buzzwole
|-heal|p1a: Buzzwole|100/100
|-singleturn|p1a: Buzzwole|move: Roost
|move|p2a: Buzzwole|Roost|p2a: Buzzwole
|-heal|p2a: Buzzwole|100/100
|-singleturn|p2a: Buzzwole|move: Roost
|
|upkeep
|turn|8
|
|t:|1630441164
|move|p1a: Buzzwole|Stone Edge|p2a: Buzzwole
|-damage|p2a: Buzzwole|69/100
|-damage|p1a: Buzzwole|91/100|[from] item: Life Orb
|move|p2a: Buzzwole|Stone Edge|p1a: Buzzwole
|-damage|p1a: Buzzwole|63/100
|
|upkeep
|turn|9
|
|t:|1630441171
|move|p1a: Buzzwole|Roost|p1a: Buzzwole
|-heal|p1a: Buzzwole|100/100
|-singleturn|p1a: Buzzwole|move: Roost
|move|p2a: Buzzwole|Roost|p2a: Buzzwole
|-heal|p2a: Buzzwole|100/100
|-singleturn|p2a: Buzzwole|move: Roost
|
|upkeep
|turn|10
|
|t:|1630441181
|switch|p1a: Nidoking|Nidoking, M|100/100
|-damage|p1a: Nidoking|88/100|[from] Spikes
|move|p2a: Buzzwole|Earthquake|p1a: Nidoking
|-supereffective|p1a: Nidoking
|-damage|p1a: Nidoking|0 fnt
|faint|p1a: Nidoking
|-ability|p2a: Buzzwole|Beast Boost|boost
|-boost|p2a: Buzzwole|atk|1
|
|upkeep
|j| Celebiii32
|
|t:|1630441189
|switch|p1a: Aegislash|Aegislash, M|100/100 slp
|-damage|p1a: Aegislash|88/100 slp|[from] Spikes
|turn|11
|
|t:|1630441193
|-curestatus|p1a: Aegislash|slp|[msg]
|-formechange|p1a: Aegislash|Aegislash-Blade||[from] ability: Stance Change
|move|p1a: Aegislash|Iron Head|p2a: Buzzwole
|-damage|p2a: Buzzwole|71/100
|-damage|p1a: Aegislash|72/100|[from] item: Rocky Helmet|[of] p2a: Buzzwole
|move|p2a: Buzzwole|Earthquake|p1a: Aegislash
|-supereffective|p1a: Aegislash
|-damage|p1a: Aegislash|0 fnt
|faint|p1a: Aegislash
|-ability|p2a: Buzzwole|Beast Boost|boost
|-boost|p2a: Buzzwole|atk|1
|
|upkeep
|c|☆uu9t setsu6|ggs? :)
|c|☆uu9t setsu6|pls
|
|t:|1630441212
|switch|p1a: Zygarde|Zygarde-10%|100/100
|-damage|p1a: Zygarde|88/100|[from] Spikes
|-ability|p1a: Zygarde|Aura Break
|turn|12
|c|☆pinapple321|Idk if it is over completely now
|inactive|uu9t setsu6 has 120 seconds left.
|
|t:|1630441252
|move|p1a: Zygarde|Outrage|p2a: Buzzwole
|-damage|p2a: Buzzwole|24/100
|-damage|p1a: Zygarde|72/100|[from] item: Rocky Helmet|[of] p2a: Buzzwole
|move|p2a: Buzzwole|Earthquake|p1a: Zygarde
|-damage|p1a: Zygarde|0 fnt
|faint|p1a: Zygarde
|-ability|p2a: Buzzwole|Beast Boost|boost
|-boost|p2a: Buzzwole|atk|1
|
|upkeep
|
|t:|1630441270
|switch|p1a: Buzzwole|Buzzwole|100/100
|-damage|p1a: Buzzwole|88/100|[from] Spikes
|turn|13
|
|t:|1630441276
|move|p1a: Buzzwole|Stone Edge|p2a: Buzzwole|[miss]
|-miss|p1a: Buzzwole|p2a: Buzzwole
|move|p2a: Buzzwole|Roost|p2a: Buzzwole
|-heal|p2a: Buzzwole|74/100
|-singleturn|p2a: Buzzwole|move: Roost
|
|upkeep
|turn|14
|
|t:|1630441281
|move|p1a: Buzzwole|Stone Edge|p2a: Buzzwole
|-damage|p2a: Buzzwole|42/100
|-damage|p1a: Buzzwole|78/100|[from] item: Life Orb
|move|p2a: Buzzwole|Roost|p2a: Buzzwole
|-heal|p2a: Buzzwole|93/100
|-singleturn|p2a: Buzzwole|move: Roost
|
|upkeep
|turn|15
|
|t:|1630441285
|move|p1a: Buzzwole|Stone Edge|p2a: Buzzwole
|-damage|p2a: Buzzwole|57/100
|-damage|p1a: Buzzwole|68/100|[from] item: Life Orb
|move|p2a: Buzzwole|Stone Edge|p1a: Buzzwole|[miss]
|-miss|p2a: Buzzwole|p1a: Buzzwole
|
|upkeep
|turn|16
|
|t:|1630441289
|move|p1a: Buzzwole|Stone Edge|p2a: Buzzwole
|-damage|p2a: Buzzwole|25/100
|-damage|p1a: Buzzwole|59/100|[from] item: Life Orb
|move|p2a: Buzzwole|Roost|p2a: Buzzwole
|-heal|p2a: Buzzwole|75/100
|-singleturn|p2a: Buzzwole|move: Roost
|
|upkeep
|turn|17
|
|t:|1630441292
|move|p1a: Buzzwole|Roost|p1a: Buzzwole
|-heal|p1a: Buzzwole|100/100
|-singleturn|p1a: Buzzwole|move: Roost
|move|p2a: Buzzwole|Stone Edge|p1a: Buzzwole
|-damage|p1a: Buzzwole|25/100
|
|upkeep
|turn|18
|
|t:|1630441296
|move|p1a: Buzzwole|Roost|p1a: Buzzwole
|-heal|p1a: Buzzwole|75/100
|-singleturn|p1a: Buzzwole|move: Roost
|move|p2a: Buzzwole|Stone Edge|p1a: Buzzwole
|-damage|p1a: Buzzwole|5/100
|
|upkeep
|turn|19
|
|t:|1630441300
|move|p1a: Buzzwole|Roost|p1a: Buzzwole
|-heal|p1a: Buzzwole|55/100
|-singleturn|p1a: Buzzwole|move: Roost
|move|p2a: Buzzwole|Stone Edge|p1a: Buzzwole
|-damage|p1a: Buzzwole|0 fnt
|faint|p1a: Buzzwole
|-ability|p2a: Buzzwole|Beast Boost|boost
|-boost|p2a: Buzzwole|atk|1
|
|upkeep
|
|t:|1630441302
|switch|p1a: Chansey|Chansey, F|100/100
|-damage|p1a: Chansey|88/100|[from] Spikes
|turn|20
|c|☆uu9t setsu6|yes!
|c|☆pinapple321|gg
|c|☆uu9t setsu6|i did it
|
|t:|1630441306
|move|p2a: Buzzwole|Close Combat|p1a: Chansey
|-supereffective|p1a: Chansey
|-damage|p1a: Chansey|0 fnt
|-unboost|p2a: Buzzwole|def|1
|-unboost|p2a: Buzzwole|spd|1
|faint|p1a: Chansey
|
|win|uu9t setsu6
|raw|pinapple321's rating: 1449 &rarr; <strong>1433</strong><br />(-16 for losing)
|raw|uu9t setsu6's rating: 1516 &rarr; <strong>1532</strong><br />(+16 for winning)
|c|☆uu9t setsu6|hell yeah
|c|☆uu9t setsu6|gg
|c|☆pinapple321|Did what?
|c|☆uu9t setsu6|yes
|c| Celebiii32|congrats!
|c|☆uu9t setsu6|i got reqs
|c|☆uu9t setsu6|:D
|c|☆uu9t setsu6|yes!
|c|☆pinapple321|Congrats!
|c|☆uu9t setsu6|fuck yeah bitch
|c|☆uu9t setsu6|ty
|c|☆uu9t setsu6|hell yeah
||Ladder isn't responding, score probably updated but might not have (Request timeout).
