|j|☆bergmeister45
|j|☆DDD951
|t:|1653329354
|gametype|singles
|player|p1|bergmeister45|266|1213
|player|p2|DDD951|1|1466
|teamsize|p1|6
|teamsize|p2|6
|gen|8
|tier|[Gen 8] UU
|rated|
|rule|Sleep Clause Mod: Limit one foe put to sleep
|rule|Species Clause: Limit one of each Pokémon
|rule|OHKO Clause: OHKO moves are banned
|rule|Evasion Moves Clause: Evasion moves are banned
|rule|Endless Battle Clause: Forcing endless battles is banned
|rule|HP Percentage Mod: HP is shown in percentages
|rule|Dynamax Clause: You cannot dynamax
|clearpoke
|poke|p1|Cobalion|
|poke|p1|Azelf|
|poke|p1|Excadrill, M|
|poke|p1|Tentacruel, F|
|poke|p1|Salamence, F|
|poke|p1|Tangrowth, M|
|poke|p2|Aegislash, M|
|poke|p2|Gyarados, F|
|poke|p2|Starmie|
|poke|p2|Mamoswine, M|
|poke|p2|Tangrowth, F|
|poke|p2|Darmanitan, M|
|teampreview
|
|t:|1653329372
|start
|switch|p1a: Cobalion|Cobalion|100/100
|switch|p2a: Darmanitan|Darmanitan, M|100/100
|turn|1
|
|t:|1653329380
|move|p2a: Darmanitan|U-turn|p1a: Cobalion
|-resisted|p1a: Cobalion
|-damage|p1a: Cobalion|95/100
|
|t:|1653329383
|switch|p2a: Aegislash|Aegislash, M|100/100|[from]move: U-turn
|move|p1a: Cobalion|Volt Switch|p2a: Aegislash
|-damage|p2a: Aegislash|91/100
|
|t:|1653329393
|switch|p1a: Azelf|Azelf|100/100|[from]move: Volt Switch
|
|-heal|p2a: Aegislash|97/100|[from] item: Leftovers
|upkeep
|turn|2
|
|t:|1653329399
|move|p1a: Azelf|Flamethrower|p2a: Aegislash
|-supereffective|p2a: Aegislash
|-damage|p2a: Aegislash|41/100
|move|p2a: Aegislash|Toxic|p1a: Azelf
|-status|p1a: Azelf|tox
|
|-heal|p2a: Aegislash|47/100|[from] item: Leftovers
|-damage|p1a: Azelf|94/100 tox|[from] psn
|upkeep
|turn|3
|
|t:|1653329408
|-formechange|p2a: Aegislash|Aegislash-Blade||[from] ability: Stance Change
|move|p2a: Aegislash|Shadow Sneak|p1a: Azelf
|-supereffective|p1a: Azelf
|-damage|p1a: Azelf|24/100 tox
|move|p1a: Azelf|Flamethrower|p2a: Aegislash
|-supereffective|p2a: Aegislash
|-damage|p2a: Aegislash|0 fnt
|faint|p2a: Aegislash
|
|-damage|p1a: Azelf|12/100 tox|[from] psn
|upkeep
|
|t:|1653329417
|switch|p2a: Darmanitan|Darmanitan, M|100/100
|turn|4
|
|t:|1653329424
|switch|p1a: Tentacruel|Tentacruel, F|100/100
|move|p2a: Darmanitan|U-turn|p1a: Tentacruel
|-resisted|p1a: Tentacruel
|-damage|p1a: Tentacruel|82/100
|
|t:|1653329429
|switch|p2a: Starmie|Starmie|100/100|[from]move: U-turn
|
|-heal|p1a: Tentacruel|88/100|[from] item: Black Sludge
|upkeep
|turn|5
|
|t:|1653329470
|switch|p1a: Tangrowth|Tangrowth, M|100/100
|move|p2a: Starmie|Psyshock|p1a: Tangrowth
|-damage|p1a: Tangrowth|65/100
|-damage|p2a: Starmie|91/100|[from] item: Life Orb
|
|upkeep
|turn|6
|
|t:|1653329477
|switch|p2a: Mamoswine|Mamoswine, M|100/100
|move|p1a: Tangrowth|Toxic|p2a: Mamoswine
|-status|p2a: Mamoswine|tox
|
|-damage|p2a: Mamoswine|94/100 tox|[from] psn
|upkeep
|turn|7
|
|t:|1653329484
|move|p1a: Tangrowth|Protect|p1a: Tangrowth
|-singleturn|p1a: Tangrowth|Protect
|move|p2a: Mamoswine|Stealth Rock|p1a: Tangrowth
|-sidestart|p1: bergmeister45|move: Stealth Rock
|
|-damage|p2a: Mamoswine|82/100 tox|[from] psn
|upkeep
|turn|8
|
|t:|1653329500
|switch|p1a: Tentacruel|Tentacruel, F|88/100
|-damage|p1a: Tentacruel|76/100|[from] Stealth Rock
|move|p2a: Mamoswine|Icicle Spear|p1a: Tentacruel
|-resisted|p1a: Tentacruel
|-damage|p1a: Tentacruel|63/100
|-resisted|p1a: Tentacruel
|-damage|p1a: Tentacruel|51/100
|-hitcount|p1a: Tentacruel|2
|-damage|p2a: Mamoswine|72/100 tox|[from] item: Life Orb
|
|-heal|p1a: Tentacruel|57/100|[from] item: Black Sludge
|-damage|p2a: Mamoswine|54/100 tox|[from] psn
|upkeep
|turn|9
|
|t:|1653329513
|move|p1a: Tentacruel|Rapid Spin|p2a: Mamoswine
|-damage|p2a: Mamoswine|46/100 tox
|-boost|p1a: Tentacruel|spe|1
|-sideend|p1: bergmeister45|Stealth Rock|[from] move: Rapid Spin|[of] p1a: Tentacruel
|move|p2a: Mamoswine|Earthquake|p1a: Tentacruel
|-supereffective|p1a: Tentacruel
|-damage|p1a: Tentacruel|0 fnt
|faint|p1a: Tentacruel
|-damage|p2a: Mamoswine|36/100 tox|[from] item: Life Orb
|
|-damage|p2a: Mamoswine|11/100 tox|[from] psn
|upkeep
|
|t:|1653329530
|switch|p1a: Excadrill|Excadrill, M|100/100
|-ability|p1a: Excadrill|Mold Breaker
|turn|10
|
|t:|1653329541
|move|p2a: Mamoswine|Ice Shard|p1a: Excadrill
|-damage|p1a: Excadrill|61/100
|-damage|p2a: Mamoswine|1/100 tox|[from] item: Life Orb
|move|p1a: Excadrill|Earthquake|p2a: Mamoswine
|-damage|p2a: Mamoswine|0 fnt
|faint|p2a: Mamoswine
|
|upkeep
|
|t:|1653329549
|switch|p2a: Gyarados|Gyarados, F|100/100
|-ability|p2a: Gyarados|Intimidate|boost
|-unboost|p1a: Excadrill|atk|1
|turn|11
|
|t:|1653329566
|switch|p1a: Cobalion|Cobalion|95/100
|move|p2a: Gyarados|Dragon Dance|p2a: Gyarados
|-boost|p2a: Gyarados|atk|1
|-boost|p2a: Gyarados|spe|1
|
|-heal|p1a: Cobalion|100/100|[from] item: Leftovers
|upkeep
|turn|12
|
|t:|1653329573
|switch|p2a: Tangrowth|Tangrowth, F|100/100
|move|p1a: Cobalion|Stealth Rock|p2a: Tangrowth
|-sidestart|p2: DDD951|move: Stealth Rock
|
|upkeep
|turn|13
|
|t:|1653329579
|move|p1a: Cobalion|Volt Switch|p2a: Tangrowth
|-resisted|p2a: Tangrowth
|-damage|p2a: Tangrowth|97/100
|
|t:|1653329584
|switch|p1a: Salamence|Salamence, F|100/100|[from]move: Volt Switch
|move|p2a: Tangrowth|Knock Off|p1a: Salamence
|-damage|p1a: Salamence|75/100
|-enditem|p1a: Salamence|Heavy-Duty Boots|[from] move: Knock Off|[of] p2a: Tangrowth
|
|upkeep
|turn|14
|
|t:|1653329591
|move|p1a: Salamence|Dragon Dance|p1a: Salamence
|-boost|p1a: Salamence|atk|1
|-boost|p1a: Salamence|spe|1
|move|p2a: Tangrowth|Sludge Bomb|p1a: Salamence
|-damage|p1a: Salamence|48/100
|
|upkeep
|turn|15
|
|t:|1653329598
|move|p1a: Salamence|Dual Wingbeat|p2a: Tangrowth
|-supereffective|p2a: Tangrowth
|-damage|p2a: Tangrowth|43/100
|-supereffective|p2a: Tangrowth
|-damage|p2a: Tangrowth|0 fnt
|faint|p2a: Tangrowth
|-ability|p1a: Salamence|Moxie|boost
|-boost|p1a: Salamence|atk|1
|-hitcount|p2: Tangrowth|2
|
|upkeep
|
|t:|1653329606
|switch|p2a: Darmanitan|Darmanitan, M|100/100
|-damage|p2a: Darmanitan|76/100|[from] Stealth Rock
|turn|16
|
|t:|1653329616
|move|p2a: Darmanitan|Rock Slide|p1a: Salamence
|-supereffective|p1a: Salamence
|-damage|p1a: Salamence|0 fnt
|faint|p1a: Salamence
|
|upkeep
|
|t:|1653329622
|switch|p1a: Excadrill|Excadrill, M|61/100
|-ability|p1a: Excadrill|Mold Breaker
|turn|17
|
|t:|1653329626
|switch|p2a: Starmie|Starmie|91/100
|-damage|p2a: Starmie|78/100|[from] Stealth Rock
|move|p1a: Excadrill|Rock Slide|p2a: Starmie
|-damage|p2a: Starmie|35/100
|
|upkeep
|turn|18
|
|t:|1653329633
|move|p1a: Excadrill|Rock Slide|p2a: Starmie
|-damage|p2a: Starmie|0 fnt
|faint|p2a: Starmie
|
|upkeep
|
|t:|1653329637
|switch|p2a: Gyarados|Gyarados, F|100/100
|-damage|p2a: Gyarados|76/100|[from] Stealth Rock
|-ability|p2a: Gyarados|Intimidate|boost
|-unboost|p1a: Excadrill|atk|1
|turn|19
|
|t:|1653329643
|move|p1a: Excadrill|Rock Slide|p2a: Gyarados
|-supereffective|p2a: Gyarados
|-damage|p2a: Gyarados|39/100
|move|p2a: Gyarados|Dragon Dance|p2a: Gyarados
|-boost|p2a: Gyarados|atk|1
|-boost|p2a: Gyarados|spe|1
|
|-heal|p2a: Gyarados|45/100|[from] item: Leftovers
|upkeep
|turn|20
|
|t:|1653329651
|switch|p1a: Tangrowth|Tangrowth, M|98/100
|move|p2a: Gyarados|Dragon Dance|p2a: Gyarados
|-boost|p2a: Gyarados|atk|1
|-boost|p2a: Gyarados|spe|1
|
|-heal|p2a: Gyarados|51/100|[from] item: Leftovers
|upkeep
|turn|21
|
|t:|1653329658
|move|p2a: Gyarados|Substitute|p2a: Gyarados
|-start|p2a: Gyarados|Substitute
|-damage|p2a: Gyarados|26/100
|move|p1a: Tangrowth|Toxic||[still]
|-fail|p1a: Tangrowth
|
|-heal|p2a: Gyarados|32/100|[from] item: Leftovers
|upkeep
|turn|22
|
|t:|1653329665
|move|p2a: Gyarados|Dragon Dance|p2a: Gyarados
|-boost|p2a: Gyarados|atk|1
|-boost|p2a: Gyarados|spe|1
|move|p1a: Tangrowth|Sludge Bomb|p2a: Gyarados
|-activate|p2a: Gyarados|move: Substitute|[damage]
|
|-heal|p2a: Gyarados|38/100|[from] item: Leftovers
|upkeep
|turn|23
|
|t:|1653329674
|move|p2a: Gyarados|Bounce||[still]
|-prepare|p2a: Gyarados|Bounce
|move|p1a: Tangrowth|Sludge Bomb|p2a: Gyarados|[miss]
|-miss|p1a: Tangrowth|p2a: Gyarados
|
|-heal|p2a: Gyarados|45/100|[from] item: Leftovers
|upkeep
|turn|24
|
|t:|1653329680
|move|p2a: Gyarados|Bounce|p1a: Tangrowth|[from]lockedmove
|-supereffective|p1a: Tangrowth
|-damage|p1a: Tangrowth|0 fnt
|-damage|p2a: Gyarados|28/100|[from] item: Rocky Helmet|[of] p1a: Tangrowth
|faint|p1a: Tangrowth
|
|-heal|p2a: Gyarados|34/100|[from] item: Leftovers
|upkeep
|
|t:|1653329685
|switch|p1a: Cobalion|Cobalion|100/100
|turn|25
|
|t:|1653329693
|move|p2a: Gyarados|Waterfall|p1a: Cobalion
|-damage|p1a: Cobalion|26/100
|move|p1a: Cobalion|Volt Switch|p2a: Gyarados
|-supereffective|p2a: Gyarados
|-end|p2a: Gyarados|Substitute
|
|t:|1653329698
|switch|p1a: Azelf|Azelf|12/100 tox|[from]move: Volt Switch
|
|-heal|p2a: Gyarados|40/100|[from] item: Leftovers
|-damage|p1a: Azelf|6/100 tox|[from] psn
|upkeep
|turn|26
|
|t:|1653329705
|move|p2a: Gyarados|Waterfall|p1a: Azelf
|-damage|p1a: Azelf|0 fnt
|faint|p1a: Azelf
|
|-heal|p2a: Gyarados|46/100|[from] item: Leftovers
|upkeep
|
|t:|1653329709
|switch|p1a: Cobalion|Cobalion|26/100
|turn|27
|
|t:|1653329712
|move|p2a: Gyarados|Waterfall|p1a: Cobalion
|-damage|p1a: Cobalion|0 fnt
|faint|p1a: Cobalion
|
|-heal|p2a: Gyarados|52/100|[from] item: Leftovers
|upkeep
|
|t:|1653329714
|switch|p1a: Excadrill|Excadrill, M|61/100
|-ability|p1a: Excadrill|Mold Breaker
|turn|28
|
|t:|1653329721
|move|p2a: Gyarados|Waterfall|p1a: Excadrill
|-supereffective|p1a: Excadrill
|-damage|p1a: Excadrill|0 fnt
|faint|p1a: Excadrill
|
|win|DDD951
|raw|bergmeister45's rating: 1213 &rarr; <strong>1204</strong><br />(-9 for losing)
|raw|DDD951's rating: 1466 &rarr; <strong>1474</strong><br />(+8 for winning)
|l|☆bergmeister45
||Ladder isn't responding, score probably updated but might not have (Request timeout).
