|html|<div class="broadcast-blue"><strong>[Gen 8] UU is currently suspecting Thundurus! For information on how to participate check out the <a href="https://www.smogon.com/forums/threads/np-ss-uu-stage-9-1-king-of-the-clouds.3689570/">suspect thread</a>.</strong></div>
|j|☆eighteenPancakes
|j|☆uu9t setsu6
|t:|1630439919
|gametype|singles
|player|p1|eighteenPancakes|boarder|1393
|player|p2|uu9t setsu6|ninjaboy|1473
|teamsize|p1|6
|teamsize|p2|6
|gen|8
|tier|[Gen 8] UU
|rated|
|rule|Sleep Clause Mod: Limit one foe put to sleep
|rule|Species Clause: Limit one of each Pokémon
|rule|OHKO Clause: OHKO moves are banned
|rule|Evasion Moves Clause: Evasion moves are banned
|rule|Endless Battle Clause: Forcing endless battles is banned
|rule|HP Percentage Mod: HP is shown in percentages
|rule|Dynamax Clause: You cannot dynamax
|clearpoke
|poke|p1|Kommo-o, F|
|poke|p1|Azumarill, M|
|poke|p1|Krookodile, M|
|poke|p1|Thundurus-Therian, M|
|poke|p1|Azelf|
|poke|p1|Jirachi|
|poke|p2|Volcanion|
|poke|p2|Zygarde-10%|
|poke|p2|Buzzwole|
|poke|p2|Roserade, M|
|poke|p2|Celesteela|
|poke|p2|Marowak-Alola, F|
|teampreview
|c|☆eighteenPancakes|gl hf
|inactive|Battle timer is ON: inactive players will automatically lose when time's up. (requested by uu9t setsu6)
|
|t:|1630439941
|start
|switch|p1a: Kommo-o|Kommo-o, F|100/100
|switch|p2a: Marowak|Marowak-Alola, F|100/100
|turn|1
|
|t:|1630439953
|move|p1a: Kommo-o|Clanging Scales|p2a: Marowak
|-damage|p2a: Marowak|0 fnt
|faint|p2a: Marowak
|-unboost|p1a: Kommo-o|def|1
|
|upkeep
|
|t:|1630439958
|switch|p2a: Celesteela|Celesteela|100/100
|turn|2
|
|t:|1630439962
|switch|p1a: Thundurus|Thundurus-Therian, M|100/100
|move|p2a: Celesteela|Autotomize|p2a: Celesteela
|-boost|p2a: Celesteela|spe|2
|-start|p2a: Celesteela|Autotomize
|
|upkeep
|turn|3
|
|t:|1630439965
|move|p2a: Celesteela|Meteor Beam||[still]
|-prepare|p2a: Celesteela|Meteor Beam
|-boost|p2a: Celesteela|spa|1
|-enditem|p2a: Celesteela|Power Herb
|-anim|p2a: Celesteela|Meteor Beam|p1a: Thundurus
|-supereffective|p1a: Thundurus
|-damage|p1a: Thundurus|0 fnt
|faint|p1a: Thundurus
|-ability|p2a: Celesteela|Beast Boost|boost
|-boost|p2a: Celesteela|spa|1
|
|upkeep
|
|t:|1630439974
|switch|p1a: Azelf|Azelf|100/100
|turn|4
|
|t:|1630439976
|move|p2a: Celesteela|Air Slash|p1a: Azelf
|-damage|p1a: Azelf|0 fnt
|faint|p1a: Azelf
|-ability|p2a: Celesteela|Beast Boost|boost
|-boost|p2a: Celesteela|spa|1
|
|upkeep
|
|t:|1630439981
|switch|p1a: Jirachi|Jirachi|100/100
|turn|5
|
|t:|1630439984
|move|p2a: Celesteela|Leech Seed|p1a: Jirachi
|-start|p1a: Jirachi|move: Leech Seed
|move|p1a: Jirachi|Fire Punch|p2a: Celesteela
|-supereffective|p2a: Celesteela
|-damage|p2a: Celesteela|66/100
|
|-damage|p1a: Jirachi|88/100|[from] Leech Seed|[of] p2a: Celesteela
|-heal|p2a: Celesteela|81/100|[silent]
|upkeep
|turn|6
|
|t:|1630439990
|move|p2a: Celesteela|Air Slash|p1a: Jirachi|[miss]
|-miss|p2a: Celesteela|p1a: Jirachi
|move|p1a: Jirachi|Fire Punch|p2a: Celesteela
|-supereffective|p2a: Celesteela
|-damage|p2a: Celesteela|44/100
|
|-heal|p1a: Jirachi|94/100|[from] item: Leftovers
|-damage|p1a: Jirachi|82/100|[from] Leech Seed|[of] p2a: Celesteela
|-heal|p2a: Celesteela|59/100|[silent]
|upkeep
|turn|7
|
|t:|1630439993
|move|p2a: Celesteela|Air Slash|p1a: Jirachi|[miss]
|-miss|p2a: Celesteela|p1a: Jirachi
|move|p1a: Jirachi|Fire Punch|p2a: Celesteela
|-supereffective|p2a: Celesteela
|-damage|p2a: Celesteela|23/100
|
|-heal|p1a: Jirachi|88/100|[from] item: Leftovers
|-damage|p1a: Jirachi|76/100|[from] Leech Seed|[of] p2a: Celesteela
|-heal|p2a: Celesteela|38/100|[silent]
|upkeep
|turn|8
|
|t:|1630439996
|move|p2a: Celesteela|Air Slash|p1a: Jirachi
|-resisted|p1a: Jirachi
|-damage|p1a: Jirachi|39/100
|cant|p1a: Jirachi|flinch
|
|-heal|p1a: Jirachi|45/100|[from] item: Leftovers
|-damage|p1a: Jirachi|33/100|[from] Leech Seed|[of] p2a: Celesteela
|-heal|p2a: Celesteela|53/100|[silent]
|upkeep
|turn|9
|
|t:|1630440000
|move|p2a: Celesteela|Air Slash|p1a: Jirachi
|-resisted|p1a: Jirachi
|-damage|p1a: Jirachi|0 fnt
|faint|p1a: Jirachi
|-ability|p2a: Celesteela|Beast Boost|boost
|-boost|p2a: Celesteela|spa|1
|
|upkeep
|
|t:|1630440004
|switch|p1a: Azumarill|Azumarill, M|100/100
|turn|10
|
|t:|1630440011
|move|p2a: Celesteela|Air Slash|p1a: Azumarill
|-damage|p1a: Azumarill|21/100
|move|p1a: Azumarill|Ice Punch|p2a: Celesteela
|-damage|p2a: Celesteela|20/100
|
|upkeep
|turn|11
|
|t:|1630440014
|move|p1a: Azumarill|Aqua Jet|p2a: Celesteela
|-damage|p2a: Celesteela|0 fnt
|faint|p2a: Celesteela
|
|upkeep
|
|t:|1630440030
|switch|p2a: Zygarde|Zygarde-10%|100/100
|-ability|p2a: Zygarde|Aura Break
|turn|12
|
|t:|1630440034
|switch|p1a: Krookodile|Krookodile, M|100/100
|-ability|p1a: Krookodile|Intimidate|boost
|-unboost|p2a: Zygarde|atk|1
|move|p2a: Zygarde|Thousand Arrows|p1a: Krookodile
|-damage|p1a: Krookodile|50/100
|
|upkeep
|turn|13
|
|t:|1630440043
|move|p1a: Krookodile|Stealth Rock|p2a: Zygarde
|-sidestart|p2: uu9t setsu6|move: Stealth Rock
|move|p2a: Zygarde|Thousand Arrows|p1a: Krookodile
|-damage|p1a: Krookodile|5/100
|
|upkeep
|turn|14
|
|t:|1630440050
|switch|p2a: Roserade|Roserade, M|100/100
|-damage|p2a: Roserade|88/100|[from] Stealth Rock
|move|p1a: Krookodile|Stealth Rock||[still]
|-fail|p1a: Krookodile
|
|upkeep
|turn|15
|
|t:|1630440053
|switch|p1a: Kommo-o|Kommo-o, F|100/100
|move|p2a: Roserade|Spikes|p1a: Kommo-o
|-sidestart|p1: eighteenPancakes|Spikes
|
|upkeep
|turn|16
|
|t:|1630440062
|move|p2a: Roserade|Sleep Powder|p1a: Kommo-o|[miss]
|-miss|p2a: Roserade|p1a: Kommo-o
|move|p1a: Kommo-o|Clanging Scales|p2a: Roserade
|-damage|p2a: Roserade|0 fnt
|faint|p2a: Roserade
|-unboost|p1a: Kommo-o|def|1
|
|upkeep
|
|t:|1630440068
|switch|p2a: Zygarde|Zygarde-10%|100/100
|-damage|p2a: Zygarde|94/100|[from] Stealth Rock
|-ability|p2a: Zygarde|Aura Break
|turn|17
|
|t:|1630440072
|move|p2a: Zygarde|Outrage|p1a: Kommo-o
|-supereffective|p1a: Kommo-o
|-damage|p1a: Kommo-o|0 fnt
|faint|p1a: Kommo-o
|
|upkeep
|
|t:|1630440075
|switch|p1a: Azumarill|Azumarill, M|21/100
|-damage|p1a: Azumarill|8/100|[from] Spikes
|turn|18
|
|t:|1630440080
|move|p2a: Zygarde|Outrage|p1a: Azumarill|[from]lockedmove
|-immune|p1a: Azumarill
|move|p1a: Azumarill|Knock Off|p2a: Zygarde
|-damage|p2a: Zygarde|19/100
|-enditem|p2a: Zygarde|Choice Band|[from] move: Knock Off|[of] p1a: Azumarill
|
|upkeep
|turn|19
|
|t:|1630440086
|move|p2a: Zygarde|Extreme Speed|p1a: Azumarill
|-damage|p1a: Azumarill|0 fnt
|faint|p1a: Azumarill
|
|upkeep
|c|☆uu9t setsu6|gg
|
|t:|1630440089
|switch|p1a: Krookodile|Krookodile, M|5/100
|-damage|p1a: Krookodile|0 fnt|[from] Spikes
|faint|p1a: Krookodile
|
|win|uu9t setsu6
|raw|eighteenPancakes's rating: 1393 &rarr; <strong>1378</strong><br />(-15 for losing)
|raw|uu9t setsu6's rating: 1473 &rarr; <strong>1488</strong><br />(+15 for winning)
|c|☆eighteenPancakes|gg
|l|☆eighteenPancakes
|c|☆uu9t setsu6|wait
||Ladder isn't responding, score probably updated but might not have (Request timeout).
|l|☆uu9t setsu6
