|j|☆udongirl
|j|☆notily
|t:|1662856459
|gametype|singles
|player|p1|udongirl|#bltviiiturtwigs|
|player|p2|notily|tate|
|teamsize|p1|6
|teamsize|p2|6
|gen|8
|tier|[Gen 8] UU
|rule|Sleep Clause Mod: Limit one foe put to sleep
|rule|Species Clause: Limit one of each Pokémon
|rule|OHKO Clause: OHKO moves are banned
|rule|Evasion Items Clause: Evasion items are banned
|rule|Evasion Moves Clause: Evasion moves are banned
|rule|Endless Battle Clause: Forcing endless battles is banned
|rule|HP Percentage Mod: HP is shown in percentages
|rule|Dynamax Clause: You cannot dynamax
|clearpoke
|poke|p1|Umbreon, F|
|poke|p1|Keldeo-Resolute|
|poke|p1|Nidoqueen, F|
|poke|p1|Tangrowth, M|
|poke|p1|Scizor, M|
|poke|p1|Salamence, F|
|poke|p2|Necrozma|
|poke|p2|Primarina, M|
|poke|p2|Krookodile, F|
|poke|p2|Tangrowth, M|
|poke|p2|Skarmory, F|
|poke|p2|Rotom-Wash|
|teampreview
|c|☆notily|hf
|j| JustFranco‽
|c|☆udongirl|u2
|
|t:|1662856496
|start
|switch|p1a: Keldeo|Keldeo-Resolute|100/100
|switch|p2a: Necrozma|Necrozma|100/100
|turn|1
|
|t:|1662856504
|switch|p1a: Umbreon|Umbreon, F|100/100
|move|p2a: Necrozma|Photon Geyser|p1a: Umbreon
|-immune|p1a: Umbreon
|
|upkeep
|turn|2
|
|t:|1662856517
|switch|p2a: Skarmory|Skarmory, F|100/100
|move|p1a: Umbreon|Foul Play|p2a: Skarmory
|-crit|p2a: Skarmory
|-damage|p2a: Skarmory|79/100
|-damage|p1a: Umbreon|84/100|[from] item: Rocky Helmet|[of] p2a: Skarmory
|
|-heal|p1a: Umbreon|90/100|[from] item: Leftovers
|upkeep
|turn|3
|
|t:|1662856522
|switch|p1a: Nidoqueen|Nidoqueen, F|100/100
|move|p2a: Skarmory|Spikes|p1a: Nidoqueen
|-sidestart|p1: udongirl|Spikes
|
|upkeep
|turn|4
|
|t:|1662856527
|switch|p2a: Necrozma|Necrozma|100/100
|move|p1a: Nidoqueen|Stealth Rock|p2a: Necrozma
|-sidestart|p2: notily|move: Stealth Rock
|
|upkeep
|turn|5
|
|t:|1662856533
|switch|p2a: Krookodile|Krookodile, F|100/100
|-damage|p2a: Krookodile|95/100|[from] Stealth Rock
|-ability|p2a: Krookodile|Intimidate|boost
|-unboost|p1a: Nidoqueen|atk|1
|switch|p1a: Umbreon|Umbreon, F|90/100
|-damage|p1a: Umbreon|78/100|[from] Spikes
|
|-heal|p2a: Krookodile|100/100|[from] item: Leftovers
|-heal|p1a: Umbreon|84/100|[from] item: Leftovers
|upkeep
|turn|6
|
|t:|1662856596
|switch|p1a: Scizor|Scizor, M|100/100
|-damage|p1a: Scizor|88/100|[from] Spikes
|move|p2a: Krookodile|Toxic|p1a: Scizor
|-immune|p1a: Scizor
|
|upkeep
|turn|7
|
|t:|1662856605
|switch|p2a: Skarmory|Skarmory, F|79/100
|-damage|p2a: Skarmory|67/100|[from] Stealth Rock
|move|p1a: Scizor|U-turn|p2a: Skarmory
|-resisted|p2a: Skarmory
|-damage|p2a: Skarmory|57/100
|-damage|p1a: Scizor|72/100|[from] item: Rocky Helmet|[of] p2a: Skarmory
|
|t:|1662856611
|switch|p1a: Keldeo|Keldeo-Resolute|100/100|[from]move: U-turn
|-damage|p1a: Keldeo|88/100|[from] Spikes
|
|upkeep
|turn|8
|
|t:|1662856614
|switch|p2a: Primarina|Primarina, M|100/100
|-damage|p2a: Primarina|88/100|[from] Stealth Rock
|move|p1a: Keldeo|Secret Sword|p2a: Primarina
|-resisted|p2a: Primarina
|-damage|p2a: Primarina|52/100
|
|-heal|p2a: Primarina|58/100|[from] item: Leftovers
|upkeep
|turn|9
|
|t:|1662856629
|switch|p1a: Tangrowth|Tangrowth, M|100/100
|-damage|p1a: Tangrowth|88/100|[from] Spikes
|move|p2a: Primarina|Rest|p2a: Primarina
|-status|p2a: Primarina|slp|[from] move: Rest
|-heal|p2a: Primarina|100/100 slp|[silent]
|
|upkeep
|turn|10
|
|t:|1662856632
|switch|p2a: Skarmory|Skarmory, F|57/100
|-damage|p2a: Skarmory|45/100|[from] Stealth Rock
|move|p1a: Tangrowth|Knock Off|p2a: Skarmory
|-damage|p2a: Skarmory|32/100
|-damage|p1a: Tangrowth|72/100|[from] item: Rocky Helmet|[of] p2a: Skarmory
|-enditem|p2a: Skarmory|Rocky Helmet|[from] move: Knock Off|[of] p1a: Tangrowth
|
|upkeep
|turn|11
|
|t:|1662856639
|move|p2a: Skarmory|Roost|p2a: Skarmory
|-heal|p2a: Skarmory|82/100
|-singleturn|p2a: Skarmory|move: Roost
|move|p1a: Tangrowth|Focus Blast|p2a: Skarmory|[miss]
|-miss|p1a: Tangrowth|p2a: Skarmory
|
|upkeep
|turn|12
|
|t:|1662856654
|switch|p2a: Krookodile|Krookodile, F|100/100
|-damage|p2a: Krookodile|95/100|[from] Stealth Rock
|-ability|p2a: Krookodile|Intimidate|boost
|-unboost|p1a: Tangrowth|atk|1
|switch|p1a: Salamence|Salamence, F|100/100
|-ability|p1a: Salamence|Intimidate|boost
|-unboost|p2a: Krookodile|atk|1
|
|-heal|p2a: Krookodile|100/100|[from] item: Leftovers
|upkeep
|turn|13
|
|t:|1662856680
|move|p2a: Krookodile|Toxic|p1a: Salamence
|-status|p1a: Salamence|tox
|move|p1a: Salamence|Draco Meteor|p2a: Krookodile
|-damage|p2a: Krookodile|18/100
|-unboost|p1a: Salamence|spa|2
|
|-heal|p2a: Krookodile|24/100|[from] item: Leftovers
|-damage|p1a: Salamence|94/100 tox|[from] psn
|upkeep
|turn|14
|
|t:|1662856692
|move|p2a: Krookodile|Knock Off|p1a: Salamence
|-damage|p1a: Salamence|68/100 tox
|-enditem|p1a: Salamence|Heavy-Duty Boots|[from] move: Knock Off|[of] p2a: Krookodile
|move|p1a: Salamence|Draco Meteor|p2a: Krookodile
|-damage|p2a: Krookodile|0 fnt
|-unboost|p1a: Salamence|spa|2
|faint|p2a: Krookodile
|
|-damage|p1a: Salamence|56/100 tox|[from] psn
|upkeep
|
|t:|1662856713
|switch|p2a: Necrozma|Necrozma|100/100
|-damage|p2a: Necrozma|88/100|[from] Stealth Rock
|turn|15
|
|t:|1662856717
|switch|p1a: Umbreon|Umbreon, F|84/100
|-damage|p1a: Umbreon|71/100|[from] Spikes
|move|p2a: Necrozma|Calm Mind|p2a: Necrozma
|-boost|p2a: Necrozma|spa|1
|-boost|p2a: Necrozma|spd|1
|
|-heal|p1a: Umbreon|77/100|[from] item: Leftovers
|upkeep
|turn|16
|
|t:|1662856733
|switch|p2a: Skarmory|Skarmory, F|82/100
|-damage|p2a: Skarmory|70/100|[from] Stealth Rock
|move|p1a: Umbreon|Foul Play|p2a: Skarmory
|-damage|p2a: Skarmory|56/100
|
|-heal|p1a: Umbreon|83/100|[from] item: Leftovers
|upkeep
|turn|17
|
|t:|1662856741
|move|p2a: Skarmory|Roost|p2a: Skarmory
|-heal|p2a: Skarmory|100/100
|-singleturn|p2a: Skarmory|move: Roost
|move|p1a: Umbreon|Heal Bell|p1a: Umbreon
|-activate|p1a: Umbreon|move: Heal Bell
|-curestatus|p1: Salamence|tox|[msg]
|
|-heal|p1a: Umbreon|90/100|[from] item: Leftovers
|upkeep
|turn|18
|
|t:|1662856775
|switch|p2a: Primarina|Primarina, M|100/100 slp
|-damage|p2a: Primarina|88/100 slp|[from] Stealth Rock
|move|p1a: Umbreon|Wish|p1a: Umbreon
|
|-heal|p1a: Umbreon|96/100|[from] item: Leftovers
|-heal|p2a: Primarina|94/100 slp|[from] item: Leftovers
|upkeep
|turn|19
|
|t:|1662856811
|switch|p1a: Scizor|Scizor, M|72/100
|-damage|p1a: Scizor|60/100|[from] Spikes
|cant|p2a: Primarina|slp
|move|p2a: Primarina|Sleep Talk|p2a: Primarina
|move|p2a: Primarina|Rest||[from]move: Sleep Talk|[still]
|-fail|p2a: Primarina
|
|-heal|p1a: Scizor|100/100|[from] move: Wish|[wisher] Umbreon
|-heal|p2a: Primarina|99/100 slp|[from] item: Leftovers
|upkeep
|turn|20
|
|t:|1662856825
|switch|p2a: Skarmory|Skarmory, F|100/100
|-damage|p2a: Skarmory|88/100|[from] Stealth Rock
|move|p1a: Scizor|U-turn|p2a: Skarmory
|-resisted|p2a: Skarmory
|-damage|p2a: Skarmory|79/100
|
|t:|1662856832
|switch|p1a: Nidoqueen|Nidoqueen, F|100/100|[from]move: U-turn
|-damage|p1a: Nidoqueen|88/100|[from] Spikes
|
|upkeep
|turn|21
|
|t:|1662856838
|switch|p2a: Rotom|Rotom-Wash|100/100
|-damage|p2a: Rotom|88/100|[from] Stealth Rock
|move|p1a: Nidoqueen|Sludge Wave|p2a: Rotom
|-damage|p2a: Rotom|18/100
|
|upkeep
|turn|22
|
|t:|1662856861
|switch|p1a: Salamence|Salamence, F|56/100
|-ability|p1a: Salamence|Intimidate|boost
|-unboost|p2a: Rotom|atk|1
|move|p2a: Rotom|Trick|p1a: Salamence
|-activate|p2a: Rotom|move: Trick|[of] p1a: Salamence
|-item|p1a: Salamence|Choice Scarf|[from] move: Trick
|-enditem|p2a: Rotom|Choice Scarf|[silent]|[from] move: Trick
|
|upkeep
|turn|23
|
|t:|1662856883
|move|p1a: Salamence|Draco Meteor|p2a: Rotom|[miss]
|-miss|p1a: Salamence|p2a: Rotom
|move|p2a: Rotom|Defog|p1a: Salamence
|-unboost|p1a: Salamence|evasion|1
|-sideend|p1: udongirl|Spikes|[from] move: Defog|[of] p2a: Rotom
|-sideend|p2: notily|Stealth Rock|[from] move: Defog|[of] p2a: Rotom
|
|upkeep
|turn|24
|
|t:|1662856887
|move|p1a: Salamence|Draco Meteor|p2a: Rotom
|-damage|p2a: Rotom|0 fnt
|-unboost|p1a: Salamence|spa|2
|faint|p2a: Rotom
|
|upkeep
|
|t:|1662856890
|switch|p2a: Necrozma|Necrozma|88/100
|turn|25
|
|t:|1662856909
|switch|p1a: Keldeo|Keldeo-Resolute|88/100
|move|p2a: Necrozma|Calm Mind|p2a: Necrozma
|-boost|p2a: Necrozma|spa|1
|-boost|p2a: Necrozma|spd|1
|
|upkeep
|turn|26
|
|t:|1662856915
|move|p1a: Keldeo|Toxic|p2a: Necrozma|[miss]
|-miss|p1a: Keldeo|p2a: Necrozma
|move|p2a: Necrozma|Photon Geyser|p1a: Keldeo
|-supereffective|p1a: Keldeo
|-damage|p1a: Keldeo|0 fnt
|faint|p1a: Keldeo
|
|upkeep
|c|☆notily|sorry
|
|t:|1662856922
|switch|p1a: Umbreon|Umbreon, F|96/100
|turn|27
|
|t:|1662856926
|move|p2a: Necrozma|Calm Mind|p2a: Necrozma
|-boost|p2a: Necrozma|spa|1
|-boost|p2a: Necrozma|spd|1
|move|p1a: Umbreon|Foul Play|p2a: Necrozma
|-supereffective|p2a: Necrozma
|-enditem|p2a: Necrozma|Colbur Berry|[eat]
|-enditem|p2a: Necrozma|Colbur Berry|[weaken]
|-damage|p2a: Necrozma|66/100
|
|-heal|p1a: Umbreon|100/100|[from] item: Leftovers
|upkeep
|turn|28
|
|t:|1662856932
|move|p2a: Necrozma|Calm Mind|p2a: Necrozma
|-boost|p2a: Necrozma|spa|1
|-boost|p2a: Necrozma|spd|1
|move|p1a: Umbreon|Foul Play|p2a: Necrozma
|-supereffective|p2a: Necrozma
|-damage|p2a: Necrozma|22/100
|
|upkeep
|turn|29
|
|t:|1662856937
|move|p2a: Necrozma|Moonlight|p2a: Necrozma
|-heal|p2a: Necrozma|72/100
|move|p1a: Umbreon|Foul Play|p2a: Necrozma
|-supereffective|p2a: Necrozma
|-damage|p2a: Necrozma|30/100
|
|upkeep
|turn|30
|
|t:|1662856939
|move|p2a: Necrozma|Moonlight|p2a: Necrozma
|-heal|p2a: Necrozma|79/100
|move|p1a: Umbreon|Foul Play|p2a: Necrozma
|-supereffective|p2a: Necrozma
|-damage|p2a: Necrozma|36/100
|
|upkeep
|turn|31
|
|t:|1662856941
|move|p2a: Necrozma|Moonlight|p2a: Necrozma
|-heal|p2a: Necrozma|86/100
|move|p1a: Umbreon|Foul Play|p2a: Necrozma
|-supereffective|p2a: Necrozma
|-damage|p2a: Necrozma|42/100
|
|upkeep
|turn|32
|
|t:|1662856945
|move|p2a: Necrozma|Moonlight|p2a: Necrozma
|-heal|p2a: Necrozma|92/100
|move|p1a: Umbreon|Foul Play|p2a: Necrozma
|-supereffective|p2a: Necrozma
|-damage|p2a: Necrozma|51/100
|
|upkeep
|turn|33
|
|t:|1662856949
|move|p2a: Necrozma|Heat Wave|p1a: Umbreon
|-damage|p1a: Umbreon|52/100
|move|p1a: Umbreon|Foul Play|p2a: Necrozma
|-supereffective|p2a: Necrozma
|-damage|p2a: Necrozma|4/100
|
|-heal|p1a: Umbreon|58/100|[from] item: Leftovers
|upkeep
|turn|34
|
|t:|1662856959
|move|p2a: Necrozma|Heat Wave|p1a: Umbreon
|-damage|p1a: Umbreon|5/100
|move|p1a: Umbreon|Wish|p1a: Umbreon
|
|-heal|p1a: Umbreon|11/100|[from] item: Leftovers
|upkeep
|turn|35
|
|t:|1662856963
|move|p1a: Umbreon|Protect|p1a: Umbreon
|-singleturn|p1a: Umbreon|Protect
|move|p2a: Necrozma|Moonlight|p2a: Necrozma
|-heal|p2a: Necrozma|53/100
|
|-heal|p1a: Umbreon|61/100|[from] move: Wish|[wisher] Umbreon
|-heal|p1a: Umbreon|68/100|[from] item: Leftovers
|upkeep
|turn|36
|
|t:|1662856973
|move|p2a: Necrozma|Heat Wave|p1a: Umbreon|[miss]
|-miss|p2a: Necrozma|p1a: Umbreon
|move|p1a: Umbreon|Wish|p1a: Umbreon
|
|-heal|p1a: Umbreon|74/100|[from] item: Leftovers
|upkeep
|turn|37
|
|t:|1662856982
|move|p2a: Necrozma|Heat Wave|p1a: Umbreon
|-damage|p1a: Umbreon|21/100
|move|p1a: Umbreon|Foul Play|p2a: Necrozma
|-supereffective|p2a: Necrozma
|-damage|p2a: Necrozma|10/100
|
|-heal|p1a: Umbreon|71/100|[from] move: Wish|[wisher] Umbreon
|-heal|p1a: Umbreon|77/100|[from] item: Leftovers
|upkeep
|turn|38
|
|t:|1662856993
|move|p2a: Necrozma|Heat Wave|p1a: Umbreon
|-damage|p1a: Umbreon|29/100
|move|p1a: Umbreon|Foul Play|p2a: Necrozma
|-supereffective|p2a: Necrozma
|-damage|p2a: Necrozma|0 fnt
|faint|p2a: Necrozma
|
|-heal|p1a: Umbreon|35/100|[from] item: Leftovers
|upkeep
|c|☆notily|gg
|c|☆notily|i suck
|-message|notily forfeited.
|
|win|udongirl
|l|☆notily
