|j|☆Bhris Pink
|j|☆Not A QPL Alt
|t:|1643674818
|gametype|singles
|player|p1|Bhris Pink|harlequin|1466
|player|p2|Not A QPL Alt|170|1192
|teamsize|p1|6
|teamsize|p2|6
|gen|8
|tier|[Gen 8] UU
|rated|
|rule|Sleep Clause Mod: Limit one foe put to sleep
|rule|Species Clause: Limit one of each Pokémon
|rule|OHKO Clause: OHKO moves are banned
|rule|Evasion Moves Clause: Evasion moves are banned
|rule|Endless Battle Clause: Forcing endless battles is banned
|rule|HP Percentage Mod: HP is shown in percentages
|rule|Dynamax Clause: You cannot dynamax
|clearpoke
|poke|p1|Excadrill, M|
|poke|p1|Slowking, F|
|poke|p1|Amoonguss, M|
|poke|p1|Celesteela|
|poke|p1|Thundurus-Therian, M|
|poke|p1|Lycanroc-Dusk, F|
|poke|p2|Celesteela|
|poke|p2|Mandibuzz, F|
|poke|p2|Moltres|
|poke|p2|Umbreon, F|
|poke|p2|Quagsire, M|
|poke|p2|Diancie|
|teampreview
|
|t:|1643674834
|start
|switch|p1a: Thundurus|Thundurus-Therian, M|100/100
|switch|p2a: Diancie|Diancie|100/100
|turn|1
|inactive|Battle timer is ON: inactive players will automatically lose when time's up. (requested by Bhris Pink)
|
|t:|1643674842
|move|p1a: Thundurus|Knock Off|p2a: Diancie
|-resisted|p2a: Diancie
|-damage|p2a: Diancie|94/100
|-enditem|p2a: Diancie|Leftovers|[from] move: Knock Off|[of] p1a: Thundurus
|move|p2a: Diancie|Stealth Rock|p1a: Thundurus
|-sidestart|p1: Bhris Pink|move: Stealth Rock
|
|upkeep
|turn|2
|
|t:|1643674851
|move|p1a: Thundurus|Volt Switch|p2a: Diancie
|-damage|p2a: Diancie|62/100
|
|t:|1643674854
|switch|p1a: Slowking|Slowking, F|100/100|[from]move: Volt Switch
|-damage|p1a: Slowking|88/100|[from] Stealth Rock
|move|p2a: Diancie|Diamond Storm|p1a: Slowking
|-damage|p1a: Slowking|65/100
|-boost|p2a: Diancie|def|2
|
|upkeep
|turn|3
|
|t:|1643674868
|switch|p2a: Celesteela|Celesteela|100/100
|move|p1a: Slowking|Teleport|p1a: Slowking
|
|t:|1643674871
|switch|p1a: Thundurus|Thundurus-Therian, M|100/100|[from]move: Teleport
|
|upkeep
|turn|4
|
|t:|1643674878
|switch|p2a: Quagsire|Quagsire, M|100/100
|move|p1a: Thundurus|Knock Off|p2a: Quagsire
|-damage|p2a: Quagsire|86/100
|-enditem|p2a: Quagsire|Leftovers|[from] move: Knock Off|[of] p1a: Thundurus
|
|upkeep
|turn|5
|
|t:|1643674894
|switch|p1a: Amoonguss|Amoonguss, M|100/100
|-damage|p1a: Amoonguss|88/100|[from] Stealth Rock
|move|p2a: Quagsire|Scald|p1a: Amoonguss
|-resisted|p1a: Amoonguss
|-crit|p1a: Amoonguss
|-damage|p1a: Amoonguss|76/100
|
|upkeep
|turn|6
|
|t:|1643674902
|switch|p2a: Celesteela|Celesteela|100/100
|move|p1a: Amoonguss|Sludge Bomb|p2a: Celesteela
|-immune|p2a: Celesteela
|
|upkeep
|turn|7
|
|t:|1643674909
|switch|p1a: Slowking|Slowking, F|98/100
|-damage|p1a: Slowking|86/100|[from] Stealth Rock
|move|p2a: Celesteela|Flamethrower|p1a: Slowking
|-resisted|p1a: Slowking
|-damage|p1a: Slowking|77/100
|
|upkeep
|turn|8
|
|t:|1643674916
|move|p2a: Celesteela|Leech Seed|p1a: Slowking|[miss]
|-miss|p2a: Celesteela|p1a: Slowking
|move|p1a: Slowking|Teleport|p1a: Slowking
|
|t:|1643674921
|switch|p1a: Thundurus|Thundurus-Therian, M|100/100|[from]move: Teleport
|
|upkeep
|turn|9
|
|t:|1643674927
|switch|p2a: Quagsire|Quagsire, M|86/100
|move|p1a: Thundurus|Knock Off|p2a: Quagsire
|-damage|p2a: Quagsire|77/100
|
|upkeep
|turn|10
|
|t:|1643674933
|switch|p1a: Amoonguss|Amoonguss, M|100/100
|-damage|p1a: Amoonguss|88/100|[from] Stealth Rock
|move|p2a: Quagsire|Earthquake|p1a: Amoonguss
|-damage|p1a: Amoonguss|67/100
|
|upkeep
|turn|11
|
|t:|1643674940
|switch|p2a: Celesteela|Celesteela|100/100
|move|p1a: Amoonguss|Spore|p2a: Celesteela
|-activate|p2a: Celesteela|item: Safety Goggles|Spore
|
|upkeep
|turn|12
|
|t:|1643674946
|switch|p1a: Slowking|Slowking, F|100/100
|-damage|p1a: Slowking|88/100|[from] Stealth Rock
|move|p2a: Celesteela|Flamethrower|p1a: Slowking
|-resisted|p1a: Slowking
|-damage|p1a: Slowking|80/100
|
|upkeep
|turn|13
|
|t:|1643674957
|move|p2a: Celesteela|Leech Seed|p1a: Slowking|[miss]
|-miss|p2a: Celesteela|p1a: Slowking
|move|p1a: Slowking|Scald|p2a: Celesteela
|-damage|p2a: Celesteela|83/100
|
|upkeep
|turn|14
|
|t:|1643674964
|move|p2a: Celesteela|Leech Seed|p1a: Slowking
|-start|p1a: Slowking|move: Leech Seed
|move|p1a: Slowking|Scald|p2a: Celesteela
|-damage|p2a: Celesteela|66/100
|-status|p2a: Celesteela|brn
|
|-damage|p1a: Slowking|67/100|[from] Leech Seed|[of] p2a: Celesteela
|-heal|p2a: Celesteela|79/100 brn|[silent]
|-damage|p2a: Celesteela|73/100 brn|[from] brn
|upkeep
|turn|15
|
|t:|1643674974
|move|p2a: Celesteela|Protect|p2a: Celesteela
|-singleturn|p2a: Celesteela|Protect
|move|p1a: Slowking|Teleport|p1a: Slowking
|
|t:|1643674976
|switch|p1a: Excadrill|Excadrill, M|100/100|[from]move: Teleport
|-damage|p1a: Excadrill|97/100|[from] Stealth Rock
|-ability|p1a: Excadrill|Mold Breaker
|
|-heal|p1a: Excadrill|100/100|[from] item: Leftovers
|-damage|p2a: Celesteela|67/100 brn|[from] brn
|upkeep
|turn|16
|
|t:|1643674986
|switch|p2a: Quagsire|Quagsire, M|77/100
|move|p1a: Excadrill|Rapid Spin|p2a: Quagsire
|-damage|p2a: Quagsire|64/100
|-boost|p1a: Excadrill|spe|1
|-sideend|p1: Bhris Pink|Stealth Rock|[from] move: Rapid Spin|[of] p1a: Excadrill
|
|upkeep
|turn|17
|
|t:|1643674995
|move|p1a: Excadrill|Stealth Rock|p2a: Quagsire
|-sidestart|p2: Not A QPL Alt|move: Stealth Rock
|move|p2a: Quagsire|Scald|p1a: Excadrill
|-supereffective|p1a: Excadrill
|-damage|p1a: Excadrill|54/100
|
|-heal|p1a: Excadrill|60/100|[from] item: Leftovers
|upkeep
|turn|18
|
|t:|1643675005
|move|p1a: Excadrill|Earthquake|p2a: Quagsire
|-damage|p2a: Quagsire|24/100
|move|p2a: Quagsire|Recover|p2a: Quagsire
|-heal|p2a: Quagsire|74/100
|
|-heal|p1a: Excadrill|66/100|[from] item: Leftovers
|upkeep
|turn|19
|
|t:|1643675011
|switch|p1a: Amoonguss|Amoonguss, M|99/100
|move|p2a: Quagsire|Recover|p2a: Quagsire
|-heal|p2a: Quagsire|100/100
|
|upkeep
|turn|20
|
|t:|1643675020
|switch|p2a: Celesteela|Celesteela|67/100 brn
|-damage|p2a: Celesteela|54/100 brn|[from] Stealth Rock
|switch|p1a: Slowking|Slowking, F|100/100
|
|-damage|p2a: Celesteela|48/100 brn|[from] brn
|upkeep
|turn|21
|
|t:|1643675030
|switch|p2a: Umbreon|Umbreon, F|100/100
|-damage|p2a: Umbreon|88/100|[from] Stealth Rock
|move|p1a: Slowking|Teleport|p1a: Slowking
|
|t:|1643675032
|switch|p1a: Lycanroc|Lycanroc-Dusk, F|100/100|[from]move: Teleport
|
|upkeep
|turn|22
|
|t:|1643675037
|switch|p2a: Diancie|Diancie|62/100
|-damage|p2a: Diancie|49/100|[from] Stealth Rock
|move|p1a: Lycanroc|Close Combat|p2a: Diancie
|-damage|p2a: Diancie|5/100
|-unboost|p1a: Lycanroc|def|1
|-unboost|p1a: Lycanroc|spd|1
|-damage|p1a: Lycanroc|91/100|[from] item: Life Orb
|
|upkeep
|turn|23
|
|t:|1643675048
|move|p1a: Lycanroc|Accelerock|p2a: Diancie
|-damage|p2a: Diancie|0 fnt
|faint|p2a: Diancie
|-damage|p1a: Lycanroc|81/100|[from] item: Life Orb
|
|upkeep
|
|t:|1643675057
|switch|p2a: Quagsire|Quagsire, M|100/100
|-damage|p2a: Quagsire|94/100|[from] Stealth Rock
|turn|24
|
|t:|1643675061
|switch|p1a: Amoonguss|Amoonguss, M|100/100
|move|p2a: Quagsire|Earthquake|p1a: Amoonguss
|-damage|p1a: Amoonguss|77/100
|
|upkeep
|turn|25
|
|t:|1643675069
|move|p2a: Quagsire|Earthquake|p1a: Amoonguss
|-damage|p1a: Amoonguss|55/100
|move|p1a: Amoonguss|Spore|p2a: Quagsire
|-status|p2a: Quagsire|slp|[from] move: Spore
|
|upkeep
|turn|26
|
|t:|1643675079
|switch|p2a: Moltres|Moltres|100/100
|switch|p1a: Lycanroc|Lycanroc-Dusk, F|81/100
|
|upkeep
|turn|27
|
|t:|1643675087
|switch|p2a: Quagsire|Quagsire, M|94/100 slp
|-damage|p2a: Quagsire|88/100 slp|[from] Stealth Rock
|move|p1a: Lycanroc|Stone Edge|p2a: Quagsire|[miss]
|-miss|p1a: Lycanroc|p2a: Quagsire
|
|upkeep
|turn|28
|
|t:|1643675097
|move|p1a: Lycanroc|Close Combat|p2a: Quagsire
|-damage|p2a: Quagsire|43/100 slp
|-unboost|p1a: Lycanroc|def|1
|-unboost|p1a: Lycanroc|spd|1
|-damage|p1a: Lycanroc|71/100|[from] item: Life Orb
|cant|p2a: Quagsire|slp
|
|upkeep
|turn|29
|
|t:|1643675109
|switch|p2a: Mandibuzz|Mandibuzz, F|100/100
|move|p1a: Lycanroc|Close Combat|p2a: Mandibuzz
|-damage|p2a: Mandibuzz|62/100
|-unboost|p1a: Lycanroc|def|1
|-unboost|p1a: Lycanroc|spd|1
|-damage|p1a: Lycanroc|61/100|[from] item: Life Orb
|
|upkeep
|turn|30
|
|t:|1643675119
|move|p1a: Lycanroc|Stone Edge|p2a: Mandibuzz
|-supereffective|p2a: Mandibuzz
|-damage|p2a: Mandibuzz|0 fnt
|faint|p2a: Mandibuzz
|-damage|p1a: Lycanroc|51/100|[from] item: Life Orb
|
|upkeep
|
|t:|1643675129
|switch|p2a: Umbreon|Umbreon, F|88/100
|-damage|p2a: Umbreon|76/100|[from] Stealth Rock
|turn|31
|
|t:|1643675134
|move|p1a: Lycanroc|Close Combat|p2a: Umbreon
|-supereffective|p2a: Umbreon
|-damage|p2a: Umbreon|0 fnt
|-unboost|p1a: Lycanroc|def|1
|-unboost|p1a: Lycanroc|spd|1
|faint|p2a: Umbreon
|-damage|p1a: Lycanroc|41/100|[from] item: Life Orb
|
|upkeep
|
|t:|1643675141
|switch|p2a: Quagsire|Quagsire, M|43/100 slp
|-damage|p2a: Quagsire|37/100 slp|[from] Stealth Rock
|turn|32
|
|t:|1643675146
|move|p1a: Lycanroc|Close Combat|p2a: Quagsire
|-damage|p2a: Quagsire|0 fnt
|-unboost|p1a: Lycanroc|def|1
|-unboost|p1a: Lycanroc|spd|1
|faint|p2a: Quagsire
|-damage|p1a: Lycanroc|31/100|[from] item: Life Orb
|
|upkeep
|
|t:|1643675153
|switch|p2a: Celesteela|Celesteela|48/100 brn
|-damage|p2a: Celesteela|36/100 brn|[from] Stealth Rock
|turn|33
|
|t:|1643675157
|move|p1a: Lycanroc|Stone Edge|p2a: Celesteela
|-crit|p2a: Celesteela
|-damage|p2a: Celesteela|0 fnt
|faint|p2a: Celesteela
|-damage|p1a: Lycanroc|21/100|[from] item: Life Orb
|
|upkeep
|c|☆Bhris Pink|whoseagooboi
|
|t:|1643675163
|switch|p2a: Moltres|Moltres|100/100
|turn|34
|
|t:|1643675171
|move|p1a: Lycanroc|Accelerock|p2a: Moltres
|-supereffective|p2a: Moltres
|-damage|p2a: Moltres|0 fnt
|faint|p2a: Moltres
|-damage|p1a: Lycanroc|11/100|[from] item: Life Orb
|
|win|Bhris Pink
|raw|Bhris Pink's rating: 1466 &rarr; <strong>1473</strong><br />(+7 for winning)
|raw|Not A QPL Alt's rating: 1192 &rarr; <strong>1183</strong><br />(-9 for losing)
|c|☆Bhris Pink|big doggy
