|j|☆DarkHorse344
|j|☆Virgin-san
|t:|1667865701
|gametype|singles
|player|p1|DarkHorse344|brendan-gen3rs|1520
|player|p2|Virgin-san|erika|1351
|teamsize|p1|6
|teamsize|p2|6
|gen|8
|tier|[Gen 8] UU
|rated|
|rule|Sleep Clause Mod: Limit one foe put to sleep
|rule|Species Clause: Limit one of each Pokémon
|rule|OHKO Clause: OHKO moves are banned
|rule|Evasion Items Clause: Evasion items are banned
|rule|Evasion Moves Clause: Evasion moves are banned
|rule|Endless Battle Clause: Forcing endless battles is banned
|rule|HP Percentage Mod: HP is shown in percentages
|rule|Dynamax Clause: You cannot dynamax
|clearpoke
|poke|p1|Politoed, F|
|poke|p1|Kingdra, F|
|poke|p1|Salamence, F|
|poke|p1|Amoonguss, F|
|poke|p1|Kabutops, F|
|poke|p1|Tornadus, M|
|poke|p2|Gardevoir, M|
|poke|p2|Moltres|
|poke|p2|Conkeldurr, M|
|poke|p2|Amoonguss, M|
|poke|p2|Krookodile, M|
|poke|p2|Milotic, F|
|teampreview
|inactive|Battle timer is ON: inactive players will automatically lose when time's up. (requested by Virgin-san)
|
|t:|1667865719
|start
|switch|p1a: Politoed|Politoed, F|100/100
|switch|p2a: Amoonguss|Amoonguss, M|100/100
|-weather|RainDance|[from] ability: Drizzle|[of] p1a: Politoed
|turn|1
|
|t:|1667865729
|switch|p1a: Amoonguss|Amoonguss, F|100/100
|move|p2a: Amoonguss|Sludge Bomb|p1a: Amoonguss
|-damage|p1a: Amoonguss|76/100
|-enditem|p1a: Amoonguss|Eject Button
|
|t:|1667865733
|switch|p1a: Tornadus|Tornadus, M|100/100
|
|-weather|RainDance|[upkeep]
|upkeep
|turn|2
|inactive|Virgin-san has 120 seconds left.
|inactive|Virgin-san has 90 seconds left.
|
|t:|1667865799
|move|p1a: Tornadus|Hurricane|p2a: Amoonguss
|-supereffective|p2a: Amoonguss
|-damage|p2a: Amoonguss|0 fnt
|faint|p2a: Amoonguss
|
|-weather|RainDance|[upkeep]
|upkeep
|
|t:|1667865808
|switch|p2a: Krookodile|Krookodile, M|100/100
|-ability|p2a: Krookodile|Intimidate|boost
|-unboost|p1a: Tornadus|atk|1
|-ability|p1a: Tornadus|Defiant|boost
|-boost|p1a: Tornadus|atk|2
|turn|3
|inactive|Virgin-san has 90 seconds left.
|
|t:|1667865823
|move|p2a: Krookodile|Stone Edge|p1a: Tornadus
|-supereffective|p1a: Tornadus
|-crit|p1a: Tornadus
|-damage|p1a: Tornadus|0 fnt
|faint|p1a: Tornadus
|
|-weather|RainDance|[upkeep]
|upkeep
|
|t:|1667865849
|switch|p1a: Kabutops|Kabutops, F|100/100
|turn|4
|inactive|Virgin-san has 90 seconds left.
|
|t:|1667865863
|switch|p2a: Milotic|Milotic, F, shiny|100/100
|move|p1a: Kabutops|Swords Dance|p1a: Kabutops
|-boost|p1a: Kabutops|atk|2
|
|-weather|RainDance|[upkeep]
|upkeep
|turn|5
|inactive|Virgin-san has 90 seconds left.
|
|t:|1667865870
|move|p1a: Kabutops|Stone Edge|p2a: Milotic|[miss]
|-miss|p1a: Kabutops|p2a: Milotic
|move|p2a: Milotic|Scald|p1a: Kabutops
|-damage|p1a: Kabutops|22/100
|
|-weather|RainDance|[upkeep]
|upkeep
|turn|6
|
|t:|1667865876
|move|p1a: Kabutops|Stone Edge|p2a: Milotic
|-damage|p2a: Milotic|0 fnt
|faint|p2a: Milotic
|-damage|p1a: Kabutops|12/100|[from] item: Life Orb
|
|-weather|RainDance|[upkeep]
|upkeep
|
|t:|1667865883
|switch|p2a: Gardevoir|Gardevoir, M, shiny|100/100
|-ability|p2a: Gardevoir|Swift Swim|[from] ability: Trace|[of] p1a: Kabutops
|turn|7
|
|t:|1667865890
|move|p1a: Kabutops|Aqua Jet|p2a: Gardevoir
|-damage|p2a: Gardevoir|0 fnt
|faint|p2a: Gardevoir
|-damage|p1a: Kabutops|2/100|[from] item: Life Orb
|
|-weather|RainDance|[upkeep]
|upkeep
|
|t:|1667865898
|switch|p2a: Moltres|Moltres|100/100
|turn|8
|
|t:|1667865902
|move|p1a: Kabutops|Liquidation|p2a: Moltres
|-supereffective|p2a: Moltres
|-damage|p2a: Moltres|0 fnt
|-status|p1a: Kabutops|brn|[from] ability: Flame Body|[of] p2a: Moltres
|faint|p2a: Moltres
|-damage|p1a: Kabutops|0 fnt|[from] item: Life Orb
|faint|p1a: Kabutops
|
|-weather|none
|upkeep
|
|t:|1667865912
|switch|p1a: Politoed|Politoed, F|100/100
|switch|p2a: Conkeldurr|Conkeldurr, M|100/100
|-weather|RainDance|[from] ability: Drizzle|[of] p1a: Politoed
|turn|9
|inactive|Virgin-san has 120 seconds left.
|
|t:|1667865918
|move|p1a: Politoed|Scald|p2a: Conkeldurr
|-damage|p2a: Conkeldurr|73/100
|move|p2a: Conkeldurr|Knock Off|p1a: Politoed
|-damage|p1a: Politoed|69/100
|-enditem|p1a: Politoed|Damp Rock|[from] move: Knock Off|[of] p2a: Conkeldurr
|
|-weather|RainDance|[upkeep]
|upkeep
|turn|10
|
|t:|1667865932
|move|p1a: Politoed|Encore|p2a: Conkeldurr
|-start|p2a: Conkeldurr|Encore
|move|p2a: Conkeldurr|Knock Off|p1a: Politoed
|-damage|p1a: Politoed|47/100
|
|-weather|RainDance|[upkeep]
|upkeep
|turn|11
|
|t:|1667865938
|switch|p1a: Amoonguss|Amoonguss, F|100/100
|move|p2a: Conkeldurr|Knock Off|p1a: Amoonguss
|-damage|p1a: Amoonguss|79/100
|
|-weather|RainDance|[upkeep]
|upkeep
|turn|12
|
|t:|1667865945
|switch|p2a: Krookodile|Krookodile, M|100/100
|-ability|p2a: Krookodile|Intimidate|boost
|-unboost|p1a: Amoonguss|atk|1
|move|p1a: Amoonguss|Spore|p2a: Krookodile
|-status|p2a: Krookodile|slp|[from] move: Spore
|
|-weather|RainDance|[upkeep]
|upkeep
|turn|13
|
|t:|1667865953
|switch|p2a: Conkeldurr|Conkeldurr, M|73/100
|switch|p1a: Kingdra|Kingdra, F|100/100
|
|-weather|RainDance|[upkeep]
|upkeep
|turn|14
|
|t:|1667865959
|move|p1a: Kingdra|Hurricane|p2a: Conkeldurr
|-supereffective|p2a: Conkeldurr
|-damage|p2a: Conkeldurr|0 fnt
|faint|p2a: Conkeldurr
|
|-weather|RainDance|[upkeep]
|upkeep
|
|t:|1667865965
|switch|p2a: Krookodile|Krookodile, M|100/100 slp
|-ability|p2a: Krookodile|Intimidate|boost
|-unboost|p1a: Kingdra|atk|1
|turn|15
|
|t:|1667865970
|move|p1a: Kingdra|Hurricane|p2a: Krookodile
|-damage|p2a: Krookodile|32/100 slp
|cant|p2a: Krookodile|slp
|
|-weather|RainDance|[upkeep]
|upkeep
|turn|16
|
|t:|1667865975
|move|p1a: Kingdra|Hurricane|p2a: Krookodile
|-damage|p2a: Krookodile|0 fnt
|faint|p2a: Krookodile
|
|win|DarkHorse344
|raw|DarkHorse344's rating: 1520 &rarr; <strong>1531</strong><br />(+11 for winning)
|raw|Virgin-san's rating: 1351 &rarr; <strong>1340</strong><br />(-11 for losing)
|l|☆Virgin-san
