|raw|<div class="broadcast-blue"><strong>This battle is required to be public due to a player having a name starting with 'uult91w'.</div>
|j|☆UULT91W Lily
|j|☆UULT91w udon
|t:|1651769678
|gametype|singles
|player|p1|UULT91W Lily|#scl1machines|1628
|player|p2|UULT91w udon|dawn|1528
|teamsize|p1|6
|teamsize|p2|6
|gen|8
|tier|[Gen 8] UU
|rated|
|rule|Sleep Clause Mod: Limit one foe put to sleep
|rule|Species Clause: Limit one of each Pokémon
|rule|OHKO Clause: OHKO moves are banned
|rule|Evasion Moves Clause: Evasion moves are banned
|rule|Endless Battle Clause: Forcing endless battles is banned
|rule|HP Percentage Mod: HP is shown in percentages
|rule|Dynamax Clause: You cannot dynamax
|clearpoke
|poke|p1|Hippowdon, F|
|poke|p1|Skarmory, F|
|poke|p1|Zarude-Dada|
|poke|p1|Slowking, M|
|poke|p1|Thundurus-Therian, M|
|poke|p1|Noivern, F|
|poke|p2|Togekiss, F|
|poke|p2|Rotom-Wash|
|poke|p2|Excadrill, M|
|poke|p2|Scizor, M|
|poke|p2|Zygarde-10%|
|poke|p2|Conkeldurr, M|
|teampreview
|inactive|Battle timer is ON: inactive players will automatically lose when time's up. (requested by UULT91W Lily)
|j| ASKOV
|j| UULT91W Mengy ㋛
|j| instant throw
|
|t:|1651769707
|start
|switch|p1a: Ad Astra|Thundurus-Therian, M|100/100
|switch|p2a: Togekiss|Togekiss, F|100/100
|turn|1
|j|+avarice
|
|t:|1651769726
|switch|p2a: Rotom|Rotom-Wash|100/100
|move|p1a: Ad Astra|Knock Off|p2a: Rotom
|-damage|p2a: Rotom|79/100
|-enditem|p2a: Rotom|Heavy-Duty Boots|[from] move: Knock Off|[of] p1a: Ad Astra
|
|upkeep
|turn|2
|
|t:|1651769732
|move|p1a: Ad Astra|Volt Switch|p2a: Rotom
|-damage|p2a: Rotom|40/100
|
|t:|1651769735
|switch|p1a: Virulence|Zarude-Dada|100/100|[from]move: Volt Switch
|move|p2a: Rotom|Pain Split|p1a: Virulence
|-sethp|p1a: Virulence|67/100|[from] move: Pain Split|[silent]
|-sethp|p2a: Rotom|78/100|[from] move: Pain Split
|
|upkeep
|turn|3
|
|t:|1651769745
|switch|p2a: Scizor|Scizor, M|100/100
|move|p1a: Virulence|U-turn|p2a: Scizor
|-resisted|p2a: Scizor
|-damage|p2a: Scizor|91/100
|
|t:|1651769751
|switch|p1a: Module_410|Skarmory, F|100/100|[from]move: U-turn
|
|upkeep
|turn|4
|
|t:|1651769758
|switch|p2a: Togekiss|Togekiss, F|100/100
|move|p1a: Module_410|Spikes|p2a: Togekiss
|-sidestart|p2: UULT91w udon|Spikes
|
|upkeep
|turn|5
|
|t:|1651769770
|switch|p1a: Elysian Fields|Slowking, M|100/100
|move|p2a: Togekiss|Air Slash|p1a: Elysian Fields
|-damage|p1a: Elysian Fields|56/100
|
|upkeep
|turn|6
|
|t:|1651769773
|switch|p1a: Ad Astra|Thundurus-Therian, M|100/100
|move|p2a: Togekiss|Air Slash|p1a: Ad Astra
|-resisted|p1a: Ad Astra
|-damage|p1a: Ad Astra|60/100
|
|upkeep
|turn|7
|j| UULT91w St3ve
|
|t:|1651769784
|switch|p2a: Zygarde|Zygarde-10%|100/100
|-damage|p2a: Zygarde|88/100|[from] Spikes
|-ability|p2a: Zygarde|Aura Break
|move|p1a: Ad Astra|Focus Blast|p2a: Zygarde|[miss]
|-miss|p1a: Ad Astra|p2a: Zygarde
|
|upkeep
|turn|8
|
|t:|1651769799
|switch|p1a: Monolithia|Hippowdon, F|100/100
|-weather|Sandstorm|[from] ability: Sand Stream|[of] p1a: Monolithia
|move|p2a: Zygarde|Toxic|p1a: Monolithia
|-status|p1a: Monolithia|tox
|
|-weather|Sandstorm|[upkeep]
|-damage|p1a: Monolithia|94/100 tox|[from] psn
|upkeep
|turn|9
|
|t:|1651769803
|switch|p2a: Rotom|Rotom-Wash|78/100
|move|p1a: Monolithia|Stealth Rock|p2a: Rotom
|-sidestart|p2: UULT91w udon|move: Stealth Rock
|
|-weather|Sandstorm|[upkeep]
|-damage|p2a: Rotom|72/100|[from] Sandstorm
|-damage|p1a: Monolithia|82/100 tox|[from] psn
|upkeep
|turn|10
|
|t:|1651769806
|switch|p1a: Virulence|Zarude-Dada|67/100
|move|p2a: Rotom|Defog|p1a: Virulence
|-unboost|p1a: Virulence|evasion|1
|-sideend|p2: UULT91w udon|Spikes|[from] move: Defog|[of] p2a: Rotom
|-sideend|p2: UULT91w udon|Stealth Rock|[from] move: Defog|[of] p2a: Rotom
|
|-weather|Sandstorm|[upkeep]
|-damage|p1a: Virulence|61/100|[from] Sandstorm
|-damage|p2a: Rotom|65/100|[from] Sandstorm
|upkeep
|turn|11
|
|t:|1651769815
|switch|p2a: Scizor|Scizor, M|91/100
|move|p1a: Virulence|U-turn|p2a: Scizor
|-resisted|p2a: Scizor
|-crit|p2a: Scizor
|-damage|p2a: Scizor|78/100
|
|t:|1651769818
|switch|p1a: Ad Astra|Thundurus-Therian, M|60/100|[from]move: U-turn
|
|-weather|Sandstorm|[upkeep]
|-damage|p1a: Ad Astra|54/100|[from] Sandstorm
|upkeep
|turn|12
|
|t:|1651769827
|move|p1a: Ad Astra|Focus Blast|p2a: Scizor
|-damage|p2a: Scizor|30/100
|move|p2a: Scizor|Knock Off|p1a: Ad Astra
|-damage|p1a: Ad Astra|13/100
|-enditem|p1a: Ad Astra|Heavy-Duty Boots|[from] move: Knock Off|[of] p2a: Scizor
|
|-weather|none
|upkeep
|turn|13
|
|t:|1651769844
|move|p1a: Ad Astra|Volt Switch|p2a: Scizor
|-damage|p2a: Scizor|0 fnt
|faint|p2a: Scizor
|
|t:|1651769847
|switch|p1a: Virulence|Zarude-Dada|61/100|[from]move: Volt Switch
|
|upkeep
|
|t:|1651769852
|switch|p2a: Conkeldurr|Conkeldurr, M|100/100
|turn|14
|
|t:|1651769857
|switch|p1a: Module_410|Skarmory, F|100/100
|move|p2a: Conkeldurr|Knock Off|p1a: Module_410
|-damage|p1a: Module_410|76/100
|-damage|p2a: Conkeldurr|84/100|[from] item: Rocky Helmet|[of] p1a: Module_410
|-enditem|p1a: Module_410|Rocky Helmet|[from] move: Knock Off|[of] p2a: Conkeldurr
|
|-status|p2a: Conkeldurr|brn|[from] item: Flame Orb
|upkeep
|turn|15
|
|t:|1651769859
|move|p1a: Module_410|Iron Defense|p1a: Module_410
|-boost|p1a: Module_410|def|2
|move|p2a: Conkeldurr|Drain Punch|p1a: Module_410
|-damage|p1a: Module_410|53/100
|-heal|p2a: Conkeldurr|94/100 brn|[from] drain|[of] p1a: Module_410
|
|-damage|p2a: Conkeldurr|88/100 brn|[from] brn
|upkeep
|turn|16
|j| UULT91w zDarkBird
|
|t:|1651769862
|switch|p2a: Togekiss|Togekiss, F|100/100
|move|p1a: Module_410|Roost|p1a: Module_410
|-heal|p1a: Module_410|100/100
|-singleturn|p1a: Module_410|move: Roost
|
|upkeep
|turn|17
|
|t:|1651769867
|move|p2a: Togekiss|Air Slash|p1a: Module_410
|-resisted|p1a: Module_410
|-damage|p1a: Module_410|56/100
|cant|p1a: Module_410|flinch
|
|upkeep
|turn|18
|
|t:|1651769870
|switch|p1a: Elysian Fields|Slowking, M|89/100
|move|p2a: Togekiss|Air Slash|p1a: Elysian Fields
|-damage|p1a: Elysian Fields|48/100
|
|upkeep
|turn|19
|
|t:|1651769872
|move|p2a: Togekiss|Air Slash|p1a: Elysian Fields
|-damage|p1a: Elysian Fields|7/100
|cant|p1a: Elysian Fields|flinch
|
|upkeep
|turn|20
|
|t:|1651769883
|move|p2a: Togekiss|Air Slash|p1a: Elysian Fields
|-damage|p1a: Elysian Fields|0 fnt
|faint|p1a: Elysian Fields
|
|upkeep
|
|t:|1651769884
|switch|p1a: Ad Astra|Thundurus-Therian, M|13/100
|turn|21
|
|t:|1651769891
|switch|p2a: Zygarde|Zygarde-10%|88/100
|-ability|p2a: Zygarde|Aura Break
|move|p1a: Ad Astra|Focus Blast|p2a: Zygarde
|-damage|p2a: Zygarde|23/100
|
|upkeep
|turn|22
|
|t:|1651769906
|switch|p1a: Virulence|Zarude-Dada|61/100
|move|p2a: Zygarde|Thousand Arrows|p1a: Virulence
|-resisted|p1a: Virulence
|-damage|p1a: Virulence|34/100
|
|upkeep
|turn|23
|j| WHZKB
|
|t:|1651769925
|switch|p2a: Togekiss|Togekiss, F|100/100
|move|p1a: Virulence|U-turn|p2a: Togekiss
|-resisted|p2a: Togekiss
|-damage|p2a: Togekiss|94/100
|
|t:|1651769927
|switch|p1a: Ad Astra|Thundurus-Therian, M|13/100|[from]move: U-turn
|
|upkeep
|turn|24
|
|t:|1651769930
|switch|p2a: Zygarde|Zygarde-10%|23/100
|-ability|p2a: Zygarde|Aura Break
|move|p1a: Ad Astra|Volt Switch|p2a: Zygarde
|-immune|p2a: Zygarde
|
|upkeep
|turn|25
|
|t:|1651769937
|switch|p1a: Monolithia|Hippowdon, F|82/100 tox
|-weather|Sandstorm|[from] ability: Sand Stream|[of] p1a: Monolithia
|move|p2a: Zygarde|Thousand Arrows|p1a: Monolithia
|-damage|p1a: Monolithia|43/100 tox
|
|-weather|Sandstorm|[upkeep]
|-damage|p1a: Monolithia|37/100 tox|[from] psn
|upkeep
|turn|26
|j| hariyana grande
|
|t:|1651769941
|move|p2a: Zygarde|Thousand Arrows|p1a: Monolithia
|-damage|p1a: Monolithia|0 fnt
|faint|p1a: Monolithia
|
|-weather|Sandstorm|[upkeep]
|upkeep
|
|t:|1651769944
|switch|p1a: Scarlet Night|Noivern, F|100/100
|turn|27
|
|t:|1651769961
|move|p1a: Scarlet Night|Flamethrower|p2a: Zygarde
|-resisted|p2a: Zygarde
|-damage|p2a: Zygarde|2/100
|move|p2a: Zygarde|Thousand Arrows|p1a: Scarlet Night
|-damage|p1a: Scarlet Night|25/100
|-start|p1a: Scarlet Night|Smack Down
|
|-weather|Sandstorm|[upkeep]
|-damage|p1a: Scarlet Night|19/100|[from] Sandstorm
|upkeep
|turn|28
|
|t:|1651769966
|move|p1a: Scarlet Night|Flamethrower|p2a: Zygarde
|-resisted|p2a: Zygarde
|-damage|p2a: Zygarde|0 fnt
|faint|p2a: Zygarde
|
|-weather|Sandstorm|[upkeep]
|-damage|p1a: Scarlet Night|13/100|[from] Sandstorm
|upkeep
|
|t:|1651769972
|switch|p2a: Conkeldurr|Conkeldurr, M|88/100 brn
|turn|29
|
|t:|1651769979
|move|p2a: Conkeldurr|Mach Punch|p1a: Scarlet Night
|-resisted|p1a: Scarlet Night
|-damage|p1a: Scarlet Night|0 fnt
|faint|p1a: Scarlet Night
|
|-weather|none
|-damage|p2a: Conkeldurr|82/100 brn|[from] brn
|upkeep
|j| UULT91W xellow
|
|t:|1651769980
|switch|p1a: Module_410|Skarmory, F|56/100
|turn|30
|
|t:|1651769983
|switch|p1a: Ad Astra|Thundurus-Therian, M|13/100
|move|p2a: Conkeldurr|Drain Punch|p1a: Ad Astra
|-resisted|p1a: Ad Astra
|-damage|p1a: Ad Astra|0 fnt
|-heal|p2a: Conkeldurr|87/100 brn|[from] drain|[of] p1a: Ad Astra
|faint|p1a: Ad Astra
|
|-damage|p2a: Conkeldurr|81/100 brn|[from] brn
|upkeep
|c|☆UULT91W Lily|gg
|-message|UULT91W Lily forfeited.
|
|win|UULT91w udon
|raw|UULT91W Lily's rating: 1628 &rarr; <strong>1602</strong><br />(-26 for losing)
|raw|UULT91w udon's rating: 1528 &rarr; <strong>1554</strong><br />(+26 for winning)
|l|☆UULT91W Lily
|l| UULT91w zDarkBird
|c|☆UULT91w udon|Specs kiss is god
|l|☆UULT91w udon
||Ladder isn't responding, score probably updated but might not have (Request timeout).
|l| WHZKB
|l| instant throw
|j| uult91w km
|l| uult91w km
|j|%ironwater
|l|%ironwater
|l| UULT91w St3ve
|l| hariyana grande
|j|%ironwater
|l|%ironwater
|l| UULT91W Mengy ㋛
|l|+avarice
|j|☆UULT91w udon
|player|p2|UULT91w udon|dawn
