|j|☆Spooky Poly
|j|☆Dontcarewhoasked
|t:|1667312270
|gametype|singles
|player|p1|Spooky Poly|medium|1404
|player|p2|Dontcarewhoasked|acetrainerf|1524
|teamsize|p1|6
|teamsize|p2|6
|gen|8
|tier|[Gen 8] UU
|rated|
|rule|Sleep Clause Mod: Limit one foe put to sleep
|rule|Species Clause: Limit one of each Pokémon
|rule|OHKO Clause: OHKO moves are banned
|rule|Evasion Items Clause: Evasion items are banned
|rule|Evasion Moves Clause: Evasion moves are banned
|rule|Endless Battle Clause: Forcing endless battles is banned
|rule|HP Percentage Mod: HP is shown in percentages
|rule|Dynamax Clause: You cannot dynamax
|clearpoke
|poke|p1|Cofagrigus, M|
|poke|p1|Mimikyu, F|
|poke|p1|Xurkitree|
|poke|p1|Malamar, M|
|poke|p1|Regidrago|
|poke|p1|Guzzlord|
|poke|p2|Hatterene, F|
|poke|p2|Marowak-Alola, M|
|poke|p2|Porygon2|
|poke|p2|Cresselia, F|
|poke|p2|Conkeldurr, F|
|poke|p2|Crawdaunt, M|
|teampreview
|inactive|Battle timer is ON: inactive players will automatically lose when time's up. (requested by Dontcarewhoasked)
|
|t:|1667312290
|start
|switch|p1a: Gimme Candy|Mimikyu, F|100/100
|switch|p2a: Crazy Hat lady|Hatterene, F|100/100
|turn|1
|
|t:|1667312294
|move|p1a: Gimme Candy|Shadow Claw|p2a: Crazy Hat lady
|-supereffective|p2a: Crazy Hat lady
|-damage|p2a: Crazy Hat lady|38/100
|move|p2a: Crazy Hat lady|Trick Room|p2a: Crazy Hat lady
|-fieldstart|move: Trick Room|[of] p2a: Crazy Hat lady
|
|upkeep
|turn|2
|
|t:|1667312300
|move|p1a: Gimme Candy|Shadow Sneak|p2a: Crazy Hat lady
|-supereffective|p2a: Crazy Hat lady
|-crit|p2a: Crazy Hat lady
|-damage|p2a: Crazy Hat lady|0 fnt
|faint|p2a: Crazy Hat lady
|
|upkeep
|c|☆Dontcarewhoasked|That crit...
|
|t:|1667312308
|switch|p2a: Cyber duck|Porygon2|100/100
|-ability|p2a: Cyber duck|Download|boost
|-boost|p2a: Cyber duck|atk|1
|turn|3
|
|t:|1667312317
|switch|p1a: MUSE|Malamar, M|100/100
|move|p2a: Cyber duck|Ice Beam|p1a: MUSE
|-damage|p1a: MUSE|81/100
|
|-heal|p1a: MUSE|87/100|[from] item: Leftovers
|upkeep
|turn|4
|
|t:|1667312324
|move|p1a: MUSE|Superpower|p2a: Cyber duck
|-supereffective|p2a: Cyber duck
|-damage|p2a: Cyber duck|67/100
|-boost|p1a: MUSE|atk|1
|-boost|p1a: MUSE|def|1
|move|p2a: Cyber duck|Teleport|p2a: Cyber duck
|
|t:|1667312339
|switch|p2a: 11 inch stick|Marowak-Alola, M|100/100|[from]move: Teleport
|
|-heal|p1a: MUSE|93/100|[from] item: Leftovers
|upkeep
|turn|5
|
|t:|1667312343
|move|p2a: 11 inch stick|Flare Blitz|p1a: MUSE
|-damage|p1a: MUSE|29/100
|move|p1a: MUSE|Knock Off|p2a: 11 inch stick
|-supereffective|p2a: 11 inch stick
|-damage|p2a: 11 inch stick|14/100
|-enditem|p2a: 11 inch stick|Thick Club|[from] move: Knock Off|[of] p1a: MUSE
|
|-heal|p1a: MUSE|35/100|[from] item: Leftovers
|-fieldend|move: Trick Room
|upkeep
|turn|6
|
|t:|1667312348
|move|p1a: MUSE|Knock Off|p2a: 11 inch stick
|-supereffective|p2a: 11 inch stick
|-damage|p2a: 11 inch stick|0 fnt
|faint|p2a: 11 inch stick
|
|-heal|p1a: MUSE|41/100|[from] item: Leftovers
|upkeep
|c|☆Dontcarewhoasked|Congrats your team basically hard counters mine
|-message|Dontcarewhoasked forfeited.
|
|win|Spooky Poly
|raw|Spooky Poly's rating: 1404 &rarr; <strong>1431</strong><br />(+27 for winning)
|raw|Dontcarewhoasked's rating: 1524 &rarr; <strong>1497</strong><br />(-27 for losing)
|l|☆Dontcarewhoasked
|l|☆Spooky Poly
||Ladder isn't responding, score probably updated but might not have (Request timeout).
