|html|<div class="broadcast-blue"><strong>[Gen 8] UU is currently suspecting Scizor! For information on how to participate check out the <a href="https://www.smogon.com/forums/threads/ss-uu-stage-12-2-spider-dance.3704866/">suspect thread</a>.</strong></div>
|j|☆Exi_Dudi
|j|☆ChrisLST
|t:|1659281732
|gametype|singles
|player|p1|Exi_Dudi|collector|1296
|player|p2|ChrisLST|swimmer-gen4|1478
|teamsize|p1|6
|teamsize|p2|6
|gen|8
|tier|[Gen 8] UU
|rated|
|rule|Sleep Clause Mod: Limit one foe put to sleep
|rule|Species Clause: Limit one of each Pokémon
|rule|OHKO Clause: OHKO moves are banned
|rule|Evasion Moves Clause: Evasion moves are banned
|rule|Endless Battle Clause: Forcing endless battles is banned
|rule|HP Percentage Mod: HP is shown in percentages
|rule|Dynamax Clause: You cannot dynamax
|clearpoke
|poke|p1|Darmanitan, F|
|poke|p1|Hippowdon, F|
|poke|p1|Salamence, M|
|poke|p1|Cobalion|
|poke|p1|Chansey, F|
|poke|p1|Slowking, F|
|poke|p2|Tornadus, M|
|poke|p2|Zarude|
|poke|p2|Jirachi|
|poke|p2|Salamence, M|
|poke|p2|Conkeldurr, M|
|poke|p2|Swampert, F|
|teampreview
|inactive|Battle timer is ON: inactive players will automatically lose when time's up. (requested by Exi_Dudi)
|
|t:|1659281747
|start
|switch|p1a: Slowking|Slowking, F|100/100
|switch|p2a: Tornadus|Tornadus, M|100/100
|turn|1
|
|t:|1659281751
|move|p2a: Tornadus|U-turn|p1a: Slowking
|-supereffective|p1a: Slowking
|-damage|p1a: Slowking|76/100
|
|t:|1659281755
|switch|p2a: Zarude|Zarude|100/100|[from]move: U-turn
|move|p1a: Slowking|Calm Mind|p1a: Slowking
|-boost|p1a: Slowking|spa|1
|-boost|p1a: Slowking|spd|1
|
|upkeep
|turn|2
|
|t:|1659281761
|switch|p1a: Cobalion|Cobalion|100/100
|move|p2a: Zarude|U-turn|p1a: Cobalion
|-resisted|p1a: Cobalion
|-damage|p1a: Cobalion|96/100
|
|t:|1659281769
|switch|p2a: Conkeldurr|Conkeldurr, M|100/100|[from]move: U-turn
|
|-heal|p1a: Cobalion|100/100|[from] item: Leftovers
|-status|p2a: Conkeldurr|brn|[from] item: Flame Orb
|upkeep
|turn|3
|
|t:|1659281773
|switch|p1a: Slowking|Slowking, F|100/100
|move|p2a: Conkeldurr|Knock Off|p1a: Slowking
|-supereffective|p1a: Slowking
|-enditem|p1a: Slowking|Colbur Berry|[eat]
|-enditem|p1a: Slowking|Colbur Berry|[weaken]
|-damage|p1a: Slowking|57/100
|
|-damage|p2a: Conkeldurr|95/100 brn|[from] brn
|upkeep
|turn|4
|
|t:|1659281777
|move|p2a: Conkeldurr|Facade|p1a: Slowking
|-damage|p1a: Slowking|0 fnt
|faint|p1a: Slowking
|
|-damage|p2a: Conkeldurr|89/100 brn|[from] brn
|upkeep
|
|t:|1659281783
|switch|p1a: Salamence|Salamence, M|100/100
|-ability|p1a: Salamence|Intimidate|boost
|-unboost|p2a: Conkeldurr|atk|1
|turn|5
|
|t:|1659281789
|switch|p2a: Swampert|Swampert, F|100/100
|move|p1a: Salamence|Flamethrower|p2a: Swampert
|-resisted|p2a: Swampert
|-damage|p2a: Swampert|94/100
|
|-heal|p2a: Swampert|99/100|[from] item: Leftovers
|upkeep
|turn|6
|
|t:|1659281795
|switch|p1a: Hippowdon|Hippowdon, F|100/100
|-weather|Sandstorm|[from] ability: Sand Stream|[of] p1a: Hippowdon
|move|p2a: Swampert|Stealth Rock|p1a: Hippowdon
|-sidestart|p1: Exi_Dudi|move: Stealth Rock
|
|-weather|Sandstorm|[upkeep]
|-heal|p2a: Swampert|100/100|[from] item: Leftovers
|upkeep
|turn|7
|
|t:|1659281801
|move|p2a: Swampert|Toxic|p1a: Hippowdon
|-status|p1a: Hippowdon|tox
|move|p1a: Hippowdon|Stealth Rock|p2a: Swampert
|-sidestart|p2: ChrisLST|move: Stealth Rock
|
|-weather|Sandstorm|[upkeep]
|-damage|p1a: Hippowdon|94/100 tox|[from] psn
|upkeep
|turn|8
|
|t:|1659281807
|move|p2a: Swampert|Flip Turn|p1a: Hippowdon
|-supereffective|p1a: Hippowdon
|-damage|p1a: Hippowdon|64/100 tox
|
|t:|1659281810
|switch|p2a: Conkeldurr|Conkeldurr, M|89/100 brn|[from]move: Flip Turn
|-damage|p2a: Conkeldurr|83/100 brn|[from] Stealth Rock
|move|p1a: Hippowdon|Toxic||[still]
|-fail|p1a: Hippowdon
|
|-weather|Sandstorm|[upkeep]
|-damage|p2a: Conkeldurr|77/100 brn|[from] Sandstorm
|-heal|p1a: Hippowdon|70/100 tox|[from] item: Leftovers
|-damage|p1a: Hippowdon|58/100 tox|[from] psn
|-damage|p2a: Conkeldurr|71/100 brn|[from] brn
|upkeep
|turn|9
|
|t:|1659281823
|move|p2a: Conkeldurr|Knock Off|p1a: Hippowdon
|-damage|p1a: Hippowdon|21/100 tox
|-enditem|p1a: Hippowdon|Leftovers|[from] move: Knock Off|[of] p2a: Conkeldurr
|move|p1a: Hippowdon|Earthquake|p2a: Conkeldurr
|-damage|p2a: Conkeldurr|34/100 brn
|
|-weather|Sandstorm|[upkeep]
|-damage|p2a: Conkeldurr|28/100 brn|[from] Sandstorm
|-damage|p1a: Hippowdon|2/100 tox|[from] psn
|-damage|p2a: Conkeldurr|22/100 brn|[from] brn
|upkeep
|turn|10
|
|t:|1659281833
|switch|p1a: Cobalion|Cobalion|100/100
|-damage|p1a: Cobalion|97/100|[from] Stealth Rock
|move|p2a: Conkeldurr|Knock Off|p1a: Cobalion
|-resisted|p1a: Cobalion
|-damage|p1a: Cobalion|73/100
|-ability|p1a: Cobalion|Justified|boost
|-boost|p1a: Cobalion|atk|1
|-enditem|p1a: Cobalion|Leftovers|[from] move: Knock Off|[of] p2a: Conkeldurr
|
|-weather|none
|-damage|p2a: Conkeldurr|16/100 brn|[from] brn
|upkeep
|turn|11
|
|t:|1659281842
|switch|p2a: Salamence|Salamence, M|100/100
|-ability|p2a: Salamence|Intimidate|boost
|-unboost|p1a: Cobalion|atk|1
|move|p1a: Cobalion|Iron Head|p2a: Salamence
|-damage|p2a: Salamence|64/100
|
|upkeep
|turn|12
|
|t:|1659281846
|switch|p2a: Swampert|Swampert, F|100/100
|-damage|p2a: Swampert|94/100|[from] Stealth Rock
|move|p1a: Cobalion|Swords Dance|p1a: Cobalion
|-boost|p1a: Cobalion|atk|2
|
|-heal|p2a: Swampert|100/100|[from] item: Leftovers
|upkeep
|turn|13
|
|t:|1659281850
|move|p1a: Cobalion|Close Combat|p2a: Swampert
|-damage|p2a: Swampert|26/100
|-unboost|p1a: Cobalion|def|1
|-unboost|p1a: Cobalion|spd|1
|move|p2a: Swampert|Earthquake|p1a: Cobalion
|-supereffective|p1a: Cobalion
|-damage|p1a: Cobalion|0 fnt
|faint|p1a: Cobalion
|
|-heal|p2a: Swampert|32/100|[from] item: Leftovers
|upkeep
|
|t:|1659281853
|switch|p1a: Darmanitan|Darmanitan, F|100/100
|-damage|p1a: Darmanitan|76/100|[from] Stealth Rock
|turn|14
|
|t:|1659281861
|move|p1a: Darmanitan|Flare Blitz|p2a: Swampert
|-resisted|p2a: Swampert
|-damage|p2a: Swampert|0 fnt
|faint|p2a: Swampert
|-damage|p1a: Darmanitan|63/100|[from] Recoil
|
|upkeep
|
|t:|1659281867
|switch|p2a: Salamence|Salamence, M|64/100
|-ability|p2a: Salamence|Intimidate|boost
|-unboost|p1a: Darmanitan|atk|1
|turn|15
|
|t:|1659281886
|switch|p1a: Salamence|Salamence, M|100/100
|-ability|p1a: Salamence|Intimidate|boost
|-unboost|p2a: Salamence|atk|1
|switch|p2a: Jirachi|Jirachi|100/100
|-damage|p2a: Jirachi|94/100|[from] Stealth Rock
|
|-heal|p2a: Jirachi|100/100|[from] item: Leftovers
|upkeep
|turn|16
|
|t:|1659281904
|move|p1a: Salamence|Defog|p2a: Jirachi
|-unboost|p2a: Jirachi|evasion|1
|-sideend|p2: ChrisLST|Stealth Rock|[from] move: Defog|[of] p1a: Salamence
|-sideend|p1: Exi_Dudi|Stealth Rock|[from] move: Defog|[of] p1a: Salamence
|move|p2a: Jirachi|Iron Head|p1a: Salamence
|-damage|p1a: Salamence|74/100
|
|upkeep
|turn|17
|
|t:|1659281910
|move|p1a: Salamence|Flamethrower|p2a: Jirachi
|-supereffective|p2a: Jirachi
|-damage|p2a: Jirachi|66/100
|move|p2a: Jirachi|Wish|p2a: Jirachi
|
|-heal|p2a: Jirachi|72/100|[from] item: Leftovers
|upkeep
|turn|18
|
|t:|1659281913
|move|p1a: Salamence|Flamethrower|p2a: Jirachi
|-supereffective|p2a: Jirachi
|-damage|p2a: Jirachi|38/100
|move|p2a: Jirachi|U-turn|p1a: Salamence
|-resisted|p1a: Salamence
|-damage|p1a: Salamence|65/100
|
|t:|1659281915
|switch|p2a: Conkeldurr|Conkeldurr, M|16/100 brn|[from]move: U-turn
|
|-heal|p2a: Conkeldurr|73/100 brn|[from] move: Wish|[wisher] Jirachi
|-damage|p2a: Conkeldurr|67/100 brn|[from] brn
|upkeep
|turn|19
|
|t:|1659281921
|switch|p2a: Salamence|Salamence, M|64/100
|-ability|p2a: Salamence|Intimidate|boost
|-unboost|p1a: Salamence|atk|1
|move|p1a: Salamence|Dual Wingbeat|p2a: Salamence
|-damage|p2a: Salamence|51/100
|-damage|p2a: Salamence|39/100
|-hitcount|p2a: Salamence|2
|
|upkeep
|turn|20
|
|t:|1659281924
|move|p2a: Salamence|Roost|p2a: Salamence
|-heal|p2a: Salamence|89/100
|-singleturn|p2a: Salamence|move: Roost
|move|p1a: Salamence|Dual Wingbeat|p2a: Salamence|[miss]
|-miss|p1a: Salamence|p2a: Salamence
|
|upkeep
|turn|21
|
|t:|1659281932
|switch|p1a: Chansey|Chansey, F|100/100
|move|p2a: Salamence|Dual Wingbeat|p1a: Chansey
|-damage|p1a: Chansey|90/100
|-damage|p1a: Chansey|79/100
|-hitcount|p1a: Chansey|2
|
|upkeep
|turn|22
|
|t:|1659281938
|switch|p2a: Conkeldurr|Conkeldurr, M|67/100 brn
|switch|p1a: Salamence|Salamence, M|65/100
|-ability|p1a: Salamence|Intimidate|boost
|-unboost|p2a: Conkeldurr|atk|1
|
|-damage|p2a: Conkeldurr|61/100 brn|[from] brn
|upkeep
|turn|23
|
|t:|1659281944
|switch|p1a: Darmanitan|Darmanitan, F|63/100
|switch|p2a: Salamence|Salamence, M|89/100
|-ability|p2a: Salamence|Intimidate|boost
|-unboost|p1a: Darmanitan|atk|1
|
|upkeep
|turn|24
|
|t:|1659281949
|move|p1a: Darmanitan|U-turn|p2a: Salamence
|-resisted|p2a: Salamence
|-damage|p2a: Salamence|80/100
|
|t:|1659281951
|switch|p1a: Chansey|Chansey, F|79/100|[from]move: U-turn
|move|p2a: Salamence|Roost|p2a: Salamence
|-heal|p2a: Salamence|100/100
|-singleturn|p2a: Salamence|move: Roost
|
|upkeep
|turn|25
|
|t:|1659281956
|switch|p2a: Jirachi|Jirachi|38/100
|move|p1a: Chansey|Seismic Toss|p2a: Jirachi
|-damage|p2a: Jirachi|14/100
|
|-heal|p2a: Jirachi|20/100|[from] item: Leftovers
|upkeep
|turn|26
|
|t:|1659281960
|move|p2a: Jirachi|U-turn|p1a: Chansey
|-damage|p1a: Chansey|70/100
|
|t:|1659281962
|switch|p2a: Conkeldurr|Conkeldurr, M|61/100 brn|[from]move: U-turn
|move|p1a: Chansey|Seismic Toss|p2a: Conkeldurr
|-damage|p2a: Conkeldurr|33/100 brn
|
|-damage|p2a: Conkeldurr|27/100 brn|[from] brn
|upkeep
|turn|27
|
|t:|1659281968
|switch|p1a: Salamence|Salamence, M|65/100
|-ability|p1a: Salamence|Intimidate|boost
|-unboost|p2a: Conkeldurr|atk|1
|move|p2a: Conkeldurr|Knock Off|p1a: Salamence
|-damage|p1a: Salamence|25/100
|-enditem|p1a: Salamence|Heavy-Duty Boots|[from] move: Knock Off|[of] p2a: Conkeldurr
|
|-damage|p2a: Conkeldurr|21/100 brn|[from] brn
|upkeep
|turn|28
|
|t:|1659281976
|move|p1a: Salamence|Roost|p1a: Salamence
|-heal|p1a: Salamence|76/100
|-singleturn|p1a: Salamence|move: Roost
|move|p2a: Conkeldurr|Close Combat|p1a: Salamence
|-damage|p1a: Salamence|0 fnt
|-unboost|p2a: Conkeldurr|def|1
|-unboost|p2a: Conkeldurr|spd|1
|faint|p1a: Salamence
|
|-damage|p2a: Conkeldurr|15/100 brn|[from] brn
|upkeep
|
|t:|1659281983
|switch|p1a: Darmanitan|Darmanitan, F|63/100
|turn|29
|
|t:|1659281986
|move|p2a: Conkeldurr|Mach Punch|p1a: Darmanitan
|-damage|p1a: Darmanitan|25/100
|move|p1a: Darmanitan|Rock Slide|p2a: Conkeldurr
|-resisted|p2a: Conkeldurr
|-damage|p2a: Conkeldurr|0 fnt
|faint|p2a: Conkeldurr
|
|upkeep
|
|t:|1659281993
|switch|p2a: Zarude|Zarude|100/100
|turn|30
|
|t:|1659281996
|switch|p1a: Hippowdon|Hippowdon, F|2/100 tox
|-weather|Sandstorm|[from] ability: Sand Stream|[of] p1a: Hippowdon
|move|p2a: Zarude|Darkest Lariat|p1a: Hippowdon
|-damage|p1a: Hippowdon|0 fnt
|faint|p1a: Hippowdon
|
|-weather|Sandstorm|[upkeep]
|-damage|p2a: Zarude|95/100|[from] Sandstorm
|upkeep
|
|t:|1659282001
|switch|p1a: Chansey|Chansey, F|70/100
|turn|31
|
|t:|1659282012
|move|p2a: Zarude|Darkest Lariat|p1a: Chansey
|-damage|p1a: Chansey|43/100
|move|p1a: Chansey|Toxic|p2a: Zarude
|-status|p2a: Zarude|tox
|
|-weather|Sandstorm|[upkeep]
|-damage|p2a: Zarude|89/100 tox|[from] Sandstorm
|-damage|p1a: Chansey|36/100|[from] Sandstorm
|-damage|p2a: Zarude|83/100 tox|[from] psn
|upkeep
|turn|32
|
|t:|1659282016
|move|p2a: Zarude|Darkest Lariat|p1a: Chansey
|-damage|p1a: Chansey|10/100
|move|p1a: Chansey|Soft-Boiled|p1a: Chansey
|-heal|p1a: Chansey|60/100
|
|-weather|Sandstorm|[upkeep]
|-damage|p2a: Zarude|77/100 tox|[from] Sandstorm
|-damage|p1a: Chansey|54/100|[from] Sandstorm
|-damage|p2a: Zarude|65/100 tox|[from] psn
|upkeep
|turn|33
|
|t:|1659282020
|switch|p2a: Jirachi|Jirachi|20/100
|move|p1a: Chansey|Soft-Boiled|p1a: Chansey
|-heal|p1a: Chansey|100/100
|
|-weather|Sandstorm|[upkeep]
|-damage|p1a: Chansey|94/100|[from] Sandstorm
|-heal|p2a: Jirachi|26/100|[from] item: Leftovers
|upkeep
|turn|34
|
|t:|1659282024
|move|p2a: Jirachi|Wish|p2a: Jirachi
|move|p1a: Chansey|Seismic Toss|p2a: Jirachi
|-damage|p2a: Jirachi|1/100
|
|-weather|none
|-heal|p2a: Jirachi|7/100|[from] item: Leftovers
|upkeep
|turn|35
|
|t:|1659282031
|move|p2a: Jirachi|Iron Head|p1a: Chansey
|-damage|p1a: Chansey|77/100
|move|p1a: Chansey|Seismic Toss|p2a: Jirachi
|-damage|p2a: Jirachi|0 fnt
|faint|p2a: Jirachi
|
|upkeep
|
|t:|1659282038
|switch|p2a: Zarude|Zarude|65/100 tox
|turn|36
|
|t:|1659282040
|move|p2a: Zarude|Jungle Healing|p2a: Zarude
|-heal|p2a: Zarude|90/100 tox
|-curestatus|p2a: Zarude|tox|[msg]
|move|p1a: Chansey|Soft-Boiled|p1a: Chansey
|-heal|p1a: Chansey|100/100
|
|upkeep
|turn|37
|
|t:|1659282059
|switch|p2a: Salamence|Salamence, M|100/100
|-ability|p2a: Salamence|Intimidate|boost
|-unboost|p1a: Chansey|atk|1
|move|p1a: Chansey|Toxic|p2a: Salamence
|-status|p2a: Salamence|tox
|
|-damage|p2a: Salamence|94/100 tox|[from] psn
|upkeep
|turn|38
|
|t:|1659282071
|move|p2a: Salamence|Dual Wingbeat|p1a: Chansey
|-damage|p1a: Chansey|89/100
|-damage|p1a: Chansey|78/100
|-hitcount|p1a: Chansey|2
|move|p1a: Chansey|Seismic Toss|p2a: Salamence
|-damage|p2a: Salamence|69/100 tox
|
|-damage|p2a: Salamence|57/100 tox|[from] psn
|upkeep
|turn|39
|
|t:|1659282075
|switch|p2a: Zarude|Zarude|90/100
|move|p1a: Chansey|Soft-Boiled|p1a: Chansey
|-heal|p1a: Chansey|100/100
|
|upkeep
|turn|40
|
|t:|1659282078
|move|p2a: Zarude|Power Whip|p1a: Chansey
|-damage|p1a: Chansey|66/100
|move|p1a: Chansey|Toxic|p2a: Zarude
|-status|p2a: Zarude|tox
|
|-damage|p2a: Zarude|84/100 tox|[from] psn
|upkeep
|turn|41
|
|t:|1659282081
|move|p2a: Zarude|Power Whip|p1a: Chansey
|-damage|p1a: Chansey|25/100
|move|p1a: Chansey|Soft-Boiled|p1a: Chansey
|-heal|p1a: Chansey|75/100
|
|-damage|p2a: Zarude|72/100 tox|[from] psn
|upkeep
|turn|42
|
|t:|1659282086
|switch|p2a: Tornadus|Tornadus, M|100/100
|move|p1a: Chansey|Soft-Boiled|p1a: Chansey
|-heal|p1a: Chansey|100/100
|
|upkeep
|turn|43
|
|t:|1659282089
|move|p2a: Tornadus|U-turn|p1a: Chansey
|-damage|p1a: Chansey|90/100
|
|t:|1659282092
|switch|p2a: Zarude|Zarude|72/100 tox|[from]move: U-turn
|move|p1a: Chansey|Toxic|p2a: Zarude
|-fail|p2a: Zarude|tox
|
|-damage|p2a: Zarude|66/100 tox|[from] psn
|upkeep
|turn|44
|
|t:|1659282096
|switch|p1a: Darmanitan|Darmanitan, F|25/100
|move|p2a: Zarude|Jungle Healing|p2a: Zarude
|-heal|p2a: Zarude|91/100 tox
|-curestatus|p2a: Zarude|tox|[msg]
|
|upkeep
|turn|45
|
|t:|1659282102
|switch|p2a: Salamence|Salamence, M|57/100 tox
|-ability|p2a: Salamence|Intimidate|boost
|-unboost|p1a: Darmanitan|atk|1
|move|p1a: Darmanitan|Rock Slide|p2a: Salamence
|-supereffective|p2a: Salamence
|-damage|p2a: Salamence|6/100 tox
|
|-damage|p2a: Salamence|0 fnt|[from] psn
|faint|p2a: Salamence
|upkeep
|
|t:|1659282106
|switch|p2a: Zarude|Zarude|91/100
|turn|46
|
|t:|1659282109
|switch|p1a: Chansey|Chansey, F|90/100
|move|p2a: Zarude|Darkest Lariat|p1a: Chansey
|-damage|p1a: Chansey|65/100
|
|upkeep
|turn|47
|
|t:|1659282114
|move|p2a: Zarude|Darkest Lariat|p1a: Chansey
|-damage|p1a: Chansey|39/100
|move|p1a: Chansey|Soft-Boiled|p1a: Chansey
|-heal|p1a: Chansey|89/100
|
|upkeep
|turn|48
|
|t:|1659282117
|move|p2a: Zarude|Darkest Lariat|p1a: Chansey
|-damage|p1a: Chansey|63/100
|move|p1a: Chansey|Toxic|p2a: Zarude
|-status|p2a: Zarude|tox
|
|-damage|p2a: Zarude|85/100 tox|[from] psn
|upkeep
|turn|49
|
|t:|1659282121
|switch|p2a: Tornadus|Tornadus, M|100/100
|move|p1a: Chansey|Soft-Boiled|p1a: Chansey
|-heal|p1a: Chansey|100/100
|
|upkeep
|turn|50
|
|t:|1659282124
|move|p2a: Tornadus|U-turn|p1a: Chansey
|-damage|p1a: Chansey|90/100
|
|t:|1659282127
|switch|p2a: Zarude|Zarude|85/100 tox|[from]move: U-turn
|move|p1a: Chansey|Seismic Toss|p2a: Zarude
|-damage|p2a: Zarude|56/100 tox
|
|-damage|p2a: Zarude|50/100 tox|[from] psn
|upkeep
|turn|51
|
|t:|1659282130
|move|p2a: Zarude|Jungle Healing|p2a: Zarude
|-heal|p2a: Zarude|75/100 tox
|-curestatus|p2a: Zarude|tox|[msg]
|move|p1a: Chansey|Seismic Toss|p2a: Zarude
|-damage|p2a: Zarude|47/100
|
|upkeep
|turn|52
|
|t:|1659282136
|switch|p1a: Darmanitan|Darmanitan, F|25/100
|move|p2a: Zarude|Jungle Healing|p2a: Zarude
|-heal|p2a: Zarude|72/100
|
|upkeep
|turn|53
|
|t:|1659282141
|switch|p2a: Tornadus|Tornadus, M|100/100
|move|p1a: Darmanitan|Rock Slide|p2a: Tornadus|[miss]
|-miss|p1a: Darmanitan|p2a: Tornadus
|
|upkeep
|turn|54
|
|t:|1659282144
|switch|p2a: Zarude|Zarude|72/100
|move|p1a: Darmanitan|Rock Slide|p2a: Zarude
|-damage|p2a: Zarude|39/100
|
|upkeep
|turn|55
|
|t:|1659282147
|switch|p1a: Chansey|Chansey, F|90/100
|move|p2a: Zarude|Jungle Healing|p2a: Zarude
|-heal|p2a: Zarude|64/100
|
|upkeep
|turn|56
|
|t:|1659282150
|switch|p1a: Darmanitan|Darmanitan, F|25/100
|move|p2a: Zarude|Jungle Healing|p2a: Zarude
|-heal|p2a: Zarude|89/100
|
|upkeep
|turn|57
|
|t:|1659282158
|switch|p2a: Tornadus|Tornadus, M|100/100
|move|p1a: Darmanitan|Rock Slide|p2a: Tornadus
|-supereffective|p2a: Tornadus
|-crit|p2a: Tornadus
|-damage|p2a: Tornadus|0 fnt
|faint|p2a: Tornadus
|
|upkeep
|
|t:|1659282160
|switch|p2a: Zarude|Zarude|89/100
|turn|58
|
|t:|1659282163
|switch|p1a: Chansey|Chansey, F|90/100
|move|p2a: Zarude|Power Whip|p1a: Chansey|[miss]
|-miss|p2a: Zarude|p1a: Chansey
|
|upkeep
|turn|59
|-message|ChrisLST forfeited.
|
|win|Exi_Dudi
|raw|Exi_Dudi's rating: 1296 &rarr; <strong>1333</strong><br />(+37 for winning)
|raw|ChrisLST's rating: 1478 &rarr; <strong>1448</strong><br />(-30 for losing)
|l|☆ChrisLST
||Ladder isn't responding, score probably updated but might not have (Request timeout).
