|j|☆emotionedfleesh
|j|☆SiberiaLights
|t:|1668110343
|gametype|singles
|player|p1|emotionedfleesh|101|
|player|p2|SiberiaLights|n|
|teamsize|p1|6
|teamsize|p2|6
|gen|8
|tier|[Gen 8] UU
|rule|Sleep Clause Mod: Limit one foe put to sleep
|rule|Species Clause: Limit one of each Pokémon
|rule|OHKO Clause: OHKO moves are banned
|rule|Evasion Items Clause: Evasion items are banned
|rule|Evasion Moves Clause: Evasion moves are banned
|rule|Endless Battle Clause: Forcing endless battles is banned
|rule|HP Percentage Mod: HP is shown in percentages
|rule|Dynamax Clause: You cannot dynamax
|clearpoke
|poke|p1|Inteleon, F|
|poke|p1|Necrozma|
|poke|p1|Cobalion|
|poke|p1|Jirachi|
|poke|p1|Slowbro-Galar, F|
|poke|p1|Zarude|
|poke|p2|Sylveon, M|
|poke|p2|Skarmory, F|
|poke|p2|Slowking, F|
|poke|p2|Cobalion|
|poke|p2|Hydreigon, F|
|poke|p2|Mamoswine, F|
|teampreview
|
|t:|1668110350
|start
|switch|p1a: Cobalion|Cobalion|100/100
|switch|p2a: Cobalion|Cobalion|100/100
|turn|1
|
|t:|1668110360
|move|p2a: Cobalion|Stealth Rock|p1a: Cobalion
|-sidestart|p1: emotionedfleesh|move: Stealth Rock
|move|p1a: Cobalion|Stealth Rock|p2a: Cobalion
|-sidestart|p2: SiberiaLights|move: Stealth Rock
|
|upkeep
|turn|2
|
|t:|1668110365
|move|p1a: Cobalion|Close Combat|p2a: Cobalion
|-supereffective|p2a: Cobalion
|-damage|p2a: Cobalion|20/100
|-unboost|p1a: Cobalion|def|1
|-unboost|p1a: Cobalion|spd|1
|-damage|p1a: Cobalion|84/100|[from] item: Rocky Helmet|[of] p2a: Cobalion
|move|p2a: Cobalion|Volt Switch|p1a: Cobalion
|-damage|p1a: Cobalion|54/100
|
|t:|1668110370
|switch|p2a: Slowking|Slowking, F|100/100|[from]move: Volt Switch
|
|upkeep
|turn|3
|
|t:|1668110374
|move|p1a: Cobalion|Volt Switch|p2a: Slowking
|-supereffective|p2a: Slowking
|-damage|p2a: Slowking|79/100
|
|t:|1668110393
|switch|p1a: Zarude|Zarude|100/100|[from]move: Volt Switch
|-damage|p1a: Zarude|88/100|[from] Stealth Rock
|move|p2a: Slowking|Teleport|p2a: Slowking
|
|t:|1668110396
|switch|p2a: Skarmory|Skarmory, F|100/100|[from]move: Teleport
|-damage|p2a: Skarmory|88/100|[from] Stealth Rock
|
|upkeep
|turn|4
|
|t:|1668110403
|move|p1a: Zarude|U-turn|p2a: Skarmory
|-resisted|p2a: Skarmory
|-damage|p2a: Skarmory|85/100
|-damage|p1a: Zarude|72/100|[from] item: Rocky Helmet|[of] p2a: Skarmory
|
|t:|1668110412
|switch|p1a: Cobalion|Cobalion|54/100|[from]move: U-turn
|-damage|p1a: Cobalion|51/100|[from] Stealth Rock
|move|p2a: Skarmory|Spikes|p1a: Cobalion
|-sidestart|p1: emotionedfleesh|Spikes
|
|upkeep
|turn|5
|
|t:|1668110418
|move|p1a: Cobalion|Stone Edge|p2a: Skarmory
|-crit|p2a: Skarmory
|-damage|p2a: Skarmory|62/100
|move|p2a: Skarmory|Roost|p2a: Skarmory
|-heal|p2a: Skarmory|100/100
|-singleturn|p2a: Skarmory|move: Roost
|
|upkeep
|turn|6
|
|t:|1668110424
|move|p1a: Cobalion|Close Combat|p2a: Skarmory
|-damage|p2a: Skarmory|71/100
|-unboost|p1a: Cobalion|def|1
|-unboost|p1a: Cobalion|spd|1
|-damage|p1a: Cobalion|35/100|[from] item: Rocky Helmet|[of] p2a: Skarmory
|move|p2a: Skarmory|Iron Defense|p2a: Skarmory
|-boost|p2a: Skarmory|def|2
|
|upkeep
|turn|7
|
|t:|1668110429
|move|p1a: Cobalion|Close Combat|p2a: Skarmory
|-damage|p2a: Skarmory|57/100
|-unboost|p1a: Cobalion|def|1
|-unboost|p1a: Cobalion|spd|1
|-damage|p1a: Cobalion|18/100|[from] item: Rocky Helmet|[of] p2a: Skarmory
|move|p2a: Skarmory|Roost|p2a: Skarmory
|-heal|p2a: Skarmory|100/100
|-singleturn|p2a: Skarmory|move: Roost
|
|upkeep
|turn|8
|
|t:|1668110433
|move|p1a: Cobalion|Close Combat|p2a: Skarmory
|-damage|p2a: Skarmory|84/100
|-unboost|p1a: Cobalion|def|1
|-unboost|p1a: Cobalion|spd|1
|-damage|p1a: Cobalion|2/100|[from] item: Rocky Helmet|[of] p2a: Skarmory
|move|p2a: Skarmory|Spikes|p1a: Cobalion
|-sidestart|p1: emotionedfleesh|Spikes
|
|upkeep
|turn|9
|
|t:|1668110436
|move|p1a: Cobalion|Volt Switch|p2a: Skarmory
|-supereffective|p2a: Skarmory
|-damage|p2a: Skarmory|46/100
|
|t:|1668110449
|switch|p1a: Necrozma|Necrozma|100/100|[from]move: Volt Switch
|-damage|p1a: Necrozma|88/100|[from] Stealth Rock
|-damage|p1a: Necrozma|72/100|[from] Spikes
|move|p2a: Skarmory|Roost|p2a: Skarmory
|-heal|p2a: Skarmory|96/100
|-singleturn|p2a: Skarmory|move: Roost
|
|upkeep
|turn|10
|
|t:|1668110461
|move|p1a: Necrozma|Dragon Dance|p1a: Necrozma
|-boost|p1a: Necrozma|atk|1
|-boost|p1a: Necrozma|spe|1
|move|p2a: Skarmory|Body Press|p1a: Necrozma
|-resisted|p1a: Necrozma
|-damage|p1a: Necrozma|40/100
|
|upkeep
|turn|11
|
|t:|1668110468
|switch|p2a: Slowking|Slowking, F|100/100
|move|p1a: Necrozma|Dragon Dance|p1a: Necrozma
|-boost|p1a: Necrozma|atk|1
|-boost|p1a: Necrozma|spe|1
|
|upkeep
|turn|12
|
|t:|1668110471
|switch|p2a: Skarmory|Skarmory, F|96/100
|-damage|p2a: Skarmory|84/100|[from] Stealth Rock
|move|p1a: Necrozma|X-Scissor|p2a: Skarmory
|-resisted|p2a: Skarmory
|-damage|p2a: Skarmory|75/100
|-damage|p1a: Necrozma|23/100|[from] item: Rocky Helmet|[of] p2a: Skarmory
|
|upkeep
|turn|13
|
|t:|1668110477
|switch|p2a: Slowking|Slowking, F|100/100
|move|p1a: Necrozma|X-Scissor|p2a: Slowking
|-supereffective|p2a: Slowking
|-damage|p2a: Slowking|29/100
|
|upkeep
|turn|14
|
|t:|1668110481
|switch|p2a: Skarmory|Skarmory, F|75/100
|-damage|p2a: Skarmory|63/100|[from] Stealth Rock
|move|p1a: Necrozma|X-Scissor|p2a: Skarmory
|-resisted|p2a: Skarmory
|-damage|p2a: Skarmory|55/100
|-damage|p1a: Necrozma|7/100|[from] item: Rocky Helmet|[of] p2a: Skarmory
|
|upkeep
|turn|15
|
|t:|1668110486
|switch|p2a: Cobalion|Cobalion|20/100
|-damage|p2a: Cobalion|17/100|[from] Stealth Rock
|move|p1a: Necrozma|Photon Geyser|p2a: Cobalion
|-damage|p2a: Cobalion|0 fnt
|faint|p2a: Cobalion
|
|upkeep
|
|t:|1668110488
|switch|p2a: Mamoswine|Mamoswine, F|100/100
|-damage|p2a: Mamoswine|88/100|[from] Stealth Rock
|turn|16
|
|t:|1668110492
|move|p2a: Mamoswine|Ice Shard|p1a: Necrozma
|-crit|p1a: Necrozma
|-damage|p1a: Necrozma|0 fnt
|faint|p1a: Necrozma
|-damage|p2a: Mamoswine|78/100|[from] item: Life Orb
|
|upkeep
|c|☆emotionedfleesh|damn
|
|t:|1668110504
|switch|p1a: Cobalion|Cobalion|2/100
|-damage|p1a: Cobalion|0 fnt|[from] Stealth Rock
|faint|p1a: Cobalion
|c|☆SiberiaLights|rip
|
|t:|1668110518
|switch|p1a: Zarude|Zarude|72/100
|-damage|p1a: Zarude|59/100|[from] Stealth Rock
|-damage|p1a: Zarude|43/100|[from] Spikes
|turn|17
|c|☆SiberiaLights|Cobal could've been saved for sac fodder
|c|☆emotionedfleesh|i wanted to get rid of it
|c|☆emotionedfleesh|im weird like that
|c|☆SiberiaLights|lmao
|
|t:|1668110537
|move|p2a: Mamoswine|Ice Shard|p1a: Zarude
|-supereffective|p1a: Zarude
|-crit|p1a: Zarude
|-damage|p1a: Zarude|0 fnt
|faint|p1a: Zarude
|-damage|p2a: Mamoswine|68/100|[from] item: Life Orb
|
|upkeep
|c|☆SiberiaLights|i respect it
|c|☆emotionedfleesh|crit mattered
|
|t:|1668110549
|switch|p1a: Jirachi|Jirachi|100/100
|-damage|p1a: Jirachi|94/100|[from] Stealth Rock
|-damage|p1a: Jirachi|78/100|[from] Spikes
|turn|18
|
|t:|1668110562
|switch|p2a: Slowking|Slowking, F|62/100
|move|p1a: Jirachi|Iron Head|p2a: Slowking
|-resisted|p2a: Slowking
|-damage|p2a: Slowking|49/100
|
|upkeep
|turn|19
|
|t:|1668110567
|move|p1a: Jirachi|Iron Head|p2a: Slowking
|-resisted|p2a: Slowking
|-damage|p2a: Slowking|37/100
|move|p2a: Slowking|Teleport|p2a: Slowking
|
|t:|1668110573
|switch|p2a: Skarmory|Skarmory, F|55/100|[from]move: Teleport
|-damage|p2a: Skarmory|43/100|[from] Stealth Rock
|
|upkeep
|turn|20
|
|t:|1668110577
|move|p1a: Jirachi|Iron Head|p2a: Skarmory
|-resisted|p2a: Skarmory
|-damage|p2a: Skarmory|33/100
|-damage|p1a: Jirachi|61/100|[from] item: Rocky Helmet|[of] p2a: Skarmory
|cant|p2a: Skarmory|flinch
|
|upkeep
|turn|21
|
|t:|1668110581
|move|p1a: Jirachi|Iron Head|p2a: Skarmory
|-resisted|p2a: Skarmory
|-damage|p2a: Skarmory|23/100
|-damage|p1a: Jirachi|45/100|[from] item: Rocky Helmet|[of] p2a: Skarmory
|cant|p2a: Skarmory|flinch
|
|upkeep
|turn|22
|c|☆SiberiaLights|this isnt happeninggggg
|
|t:|1668110588
|move|p1a: Jirachi|Iron Head|p2a: Skarmory
|-resisted|p2a: Skarmory
|-damage|p2a: Skarmory|12/100
|-damage|p1a: Jirachi|29/100|[from] item: Rocky Helmet|[of] p2a: Skarmory
|cant|p2a: Skarmory|flinch
|
|upkeep
|turn|23
|c|☆emotionedfleesh|flinch!
|
|t:|1668110593
|move|p1a: Jirachi|Iron Head|p2a: Skarmory
|-resisted|p2a: Skarmory
|-damage|p2a: Skarmory|0 fnt
|-damage|p1a: Jirachi|12/100|[from] item: Rocky Helmet|[of] p2a: Skarmory
|faint|p2a: Skarmory
|
|upkeep
|c|☆emotionedfleesh|lol
|
|t:|1668110616
|switch|p2a: Mamoswine|Mamoswine, F|68/100
|-damage|p2a: Mamoswine|56/100|[from] Stealth Rock
|turn|24
|
|t:|1668110620
|move|p2a: Mamoswine|Ice Shard|p1a: Jirachi
|-resisted|p1a: Jirachi
|-damage|p1a: Jirachi|0 fnt
|faint|p1a: Jirachi
|-damage|p2a: Mamoswine|46/100|[from] item: Life Orb
|
|upkeep
|
|t:|1668110626
|switch|p1a: Inteleon|Inteleon, F|100/100
|-damage|p1a: Inteleon|88/100|[from] Stealth Rock
|-damage|p1a: Inteleon|72/100|[from] Spikes
|turn|25
|
|t:|1668110630
|move|p1a: Inteleon|Focus Energy|p1a: Inteleon
|-start|p1a: Inteleon|move: Focus Energy
|move|p2a: Mamoswine|Earthquake|p1a: Inteleon
|-damage|p1a: Inteleon|0 fnt
|faint|p1a: Inteleon
|-damage|p2a: Mamoswine|36/100|[from] item: Life Orb
|
|upkeep
|c|☆emotionedfleesh|oh come on
|
|t:|1668110636
|switch|p1a: Slowbro|Slowbro-Galar, F|100/100
|-damage|p1a: Slowbro|88/100|[from] Stealth Rock
|-damage|p1a: Slowbro|71/100|[from] Spikes
|turn|26
|c|☆SiberiaLights|That was mean
|c|☆SiberiaLights|in hindsight i wish i let you get that off
|c|☆SiberiaLights|im sorry
|c|☆emotionedfleesh|its fine
|
|t:|1668110656
|switch|p2a: Hydreigon|Hydreigon, F|100/100
|-damage|p2a: Hydreigon|88/100|[from] Stealth Rock
|move|p1a: Slowbro|Drain Punch|p2a: Hydreigon
|-supereffective|p2a: Hydreigon
|-damage|p2a: Hydreigon|30/100
|-heal|p1a: Slowbro|96/100|[from] drain|[of] p2a: Hydreigon
|
|upkeep
|turn|27
|c|☆emotionedfleesh|its not your fault lol
|-activate|p1a: Slowbro|ability: Quick Draw
|
|t:|1668110663
|move|p1a: Slowbro|Drain Punch|p2a: Hydreigon
|-supereffective|p2a: Hydreigon
|-damage|p2a: Hydreigon|0 fnt
|-heal|p1a: Slowbro|100/100|[from] drain|[of] p2a: Hydreigon
|faint|p2a: Hydreigon
|
|upkeep
|c|☆emotionedfleesh|yesss
|
|t:|1668110667
|switch|p2a: Slowking|Slowking, F|70/100
|turn|28
|
|t:|1668110673
|move|p1a: Slowbro|Substitute|p1a: Slowbro
|-start|p1a: Slowbro|Substitute
|-damage|p1a: Slowbro|76/100
|move|p2a: Slowking|Teleport|p2a: Slowking
|
|t:|1668110680
|switch|p2a: Mamoswine|Mamoswine, F|36/100|[from]move: Teleport
|-damage|p2a: Mamoswine|23/100|[from] Stealth Rock
|
|upkeep
|turn|29
|-activate|p1a: Slowbro|ability: Quick Draw
|
|t:|1668110684
|move|p1a: Slowbro|Drain Punch|p2a: Mamoswine
|-supereffective|p2a: Mamoswine
|-damage|p2a: Mamoswine|0 fnt
|-heal|p1a: Slowbro|86/100|[from] drain|[of] p2a: Mamoswine
|faint|p2a: Mamoswine
|
|upkeep
|
|t:|1668110688
|switch|p2a: Slowking|Slowking, F|100/100
|turn|30
|c|☆emotionedfleesh|rngsus????
|-activate|p1a: Slowbro|item: Quick Claw
|
|t:|1668110692
|move|p1a: Slowbro|Belly Drum|p1a: Slowbro
|-damage|p1a: Slowbro|36/100
|-setboost|p1a: Slowbro|atk|6|[from] move: Belly Drum
|move|p2a: Slowking|Psychic|p1a: Slowbro
|-end|p1a: Slowbro|Substitute
|
|upkeep
|turn|31
|c|☆SiberiaLights|oh my goodness
|-activate|p1a: Slowbro|item: Quick Claw
|
|t:|1668110701
|move|p1a: Slowbro|Poison Jab|p2a: Slowking
|-damage|p2a: Slowking|0 fnt
|faint|p2a: Slowking
|
|upkeep
|
|t:|1668110706
|switch|p2a: Sylveon|Sylveon, M|100/100
|-damage|p2a: Sylveon|88/100|[from] Stealth Rock
|turn|32
|c|☆emotionedfleesh|RNGSUS?
|c|☆SiberiaLights|lmao
|-activate|p1a: Slowbro|ability: Quick Draw
|
|t:|1668110710
|move|p1a: Slowbro|Poison Jab|p2a: Sylveon
|-supereffective|p2a: Sylveon
|-damage|p2a: Sylveon|0 fnt
|faint|p2a: Sylveon
|
|win|emotionedfleesh
|c|☆emotionedfleesh|YOOOOO
|c|☆emotionedfleesh|lol
|l|☆SiberiaLights
