|j|☆ok now i see ya
|j|☆Kim Kardashian
|t:|1602012426
|player|p1|ok now i see ya|brendan-gen3rs|1647
|player|p2|Kim Kardashian|dahlia|1512
|teamsize|p1|6
|teamsize|p2|6
|gametype|singles
|gen|8
|tier|[Gen 8] UU
|rated|
|clearpoke
|poke|p1|Mamoswine, M|
|poke|p1|Slowbro, M|
|poke|p1|Cobalion|
|poke|p1|Chandelure, F|
|poke|p1|Weezing-Galar, M|
|poke|p1|Zarude|
|poke|p2|Zoroark, M|
|poke|p2|Terrakion|
|poke|p2|Tsareena, F|
|poke|p2|Slowbro, M|
|poke|p2|Sharpedo, F|
|poke|p2|Necrozma|
|rule|Sleep Clause Mod: Limit one foe put to sleep
|rule|Species Clause: Limit one of each Pokémon
|rule|OHKO Clause: OHKO moves are banned
|rule|Evasion Moves Clause: Evasion moves are banned
|rule|Endless Battle Clause: Forcing endless battles is banned
|rule|HP Percentage Mod: HP is shown in percentages
|rule|Dynamax Clause: You cannot dynamax
|teampreview
|inactive|Battle timer is ON: inactive players will automatically lose when time's up. (requested by ok now i see ya)
|j| Drasvhaen
|inactive|ok now i see ya has 120 seconds left.
|
|t:|1602012462
|start
|switch|p1a: Mojo Jojo|Zarude|100/100
|switch|p2a: Necrozma|Necrozma|100/100
|turn|1
|
|t:|1602012476
|move|p1a: Mojo Jojo|Power Whip|p2a: Necrozma
|-damage|p2a: Necrozma|48/100
|move|p2a: Necrozma|Stealth Rock|p1a: Mojo Jojo
|-sidestart|p1: ok now i see ya|move: Stealth Rock
|
|upkeep
|turn|2
|
|t:|1602012493
|move|p1a: Mojo Jojo|Throat Chop|p2a: Necrozma
|-supereffective|p2a: Necrozma
|-damage|p2a: Necrozma|0 fnt
|faint|p2a: Necrozma
|
|upkeep
|
|t:|1602012513
|switch|p2a: Tsareena|Tsareena, F|100/100
|turn|3
|
|t:|1602012518
|switch|p1a: Koba Leon|Cobalion|100/100
|-damage|p1a: Koba Leon|97/100|[from] Stealth Rock
|move|p2a: Tsareena|U-turn|p1a: Koba Leon
|-resisted|p1a: Koba Leon
|-damage|p1a: Koba Leon|92/100
|-damage|p2a: Tsareena|84/100|[from] item: Rocky Helmet|[of] p1a: Koba Leon
|
|t:|1602012528
|switch|p2a: Slowbro|Slowbro, M|100/100|[from]move: U-turn
|
|upkeep
|turn|4
|j| drapsnagon
|
|t:|1602012557
|move|p1a: Koba Leon|Stealth Rock|p2a: Slowbro
|-sidestart|p2: Kim Kardashian|move: Stealth Rock
|move|p2a: Slowbro|Future Sight|p1a: Koba Leon
|-start|p2a: Slowbro|move: Future Sight
|
|upkeep
|turn|5
|
|t:|1602012563
|move|p1a: Koba Leon|Volt Switch|p2a: Slowbro
|-supereffective|p2a: Slowbro
|-damage|p2a: Slowbro|75/100
|
|t:|1602012566
|switch|p1a: Dope|Slowbro, M|100/100|[from]move: Volt Switch
|move|p2a: Slowbro|Teleport|p2a: Slowbro
|
|t:|1602012577
|switch|p2a: Tsareena|Tsareena, F|84/100|[from]move: Teleport
|
|upkeep
|turn|6
|
|t:|1602012599
|move|p2a: Tsareena|U-turn|p1a: Dope
|-supereffective|p1a: Dope
|-damage|p1a: Dope|72/100
|
|t:|1602012605
|switch|p2a: Slowbro|Slowbro, M|100/100|[from]move: U-turn
|move|p1a: Dope|Teleport|p1a: Dope
|
|t:|1602012608
|switch|p1a: Mojo Jojo|Zarude|100/100|[from]move: Teleport
|
|-end|p1a: Mojo Jojo|move: Future Sight
|-immune|p1a: Mojo Jojo
|upkeep
|turn|7
|
|t:|1602012615
|move|p1a: Mojo Jojo|Power Whip|p2a: Slowbro
|-supereffective|p2a: Slowbro
|-damage|p2a: Slowbro|26/100
|move|p2a: Slowbro|Teleport|p2a: Slowbro
|
|t:|1602012621
|switch|p2a: Terrakion|Terrakion|100/100|[from]move: Teleport
|-damage|p2a: Terrakion|94/100|[from] Stealth Rock
|
|upkeep
|turn|8
|
|t:|1602012647
|switch|p2a: Slowbro|Slowbro, M|59/100
|switch|p1a: Dope|Slowbro, M|100/100
|
|upkeep
|turn|9
|j| Can'tFight
|inactive|Kim Kardashian has 120 seconds left.
|inactive|ok now i see ya has 120 seconds left.
|c|☆ok now i see ya|i should change gweezings spread
|c|☆ok now i see ya|so shark mixed shark doesnt 6-0 me
|
|t:|1602012704
|move|p1a: Dope|Future Sight|p2a: Slowbro
|-start|p1a: Dope|move: Future Sight
|move|p2a: Slowbro|Teleport|p2a: Slowbro
|
|t:|1602012709
|switch|p2a: Tsareena|Tsareena, F|84/100|[from]move: Teleport
|
|upkeep
|turn|10
|
|t:|1602012717
|move|p2a: Tsareena|Rapid Spin|p1a: Dope
|-damage|p1a: Dope|90/100
|-boost|p2a: Tsareena|spe|1
|-sideend|p2: Kim Kardashian|Stealth Rock|[from] move: Rapid Spin|[of] p2a: Tsareena
|move|p1a: Dope|Teleport|p1a: Dope
|
|t:|1602012728
|switch|p1a: Mojo Jojo|Zarude|100/100|[from]move: Teleport
|
|upkeep
|turn|11
|inactive|ok now i see ya has 90 seconds left.
|
|t:|1602012752
|switch|p1a: Bong|Weezing-Galar, M|100/100
|-damage|p1a: Bong|88/100|[from] Stealth Rock
|move|p2a: Tsareena|U-turn|p1a: Bong
|-resisted|p1a: Bong
|-damage|p1a: Bong|84/100
|
|t:|1602012765
|switch|p2a: Slowbro|Slowbro, M|92/100|[from]move: U-turn
|
|-end|p2a: Slowbro|move: Future Sight
|-resisted|p2a: Slowbro
|-damage|p2a: Slowbro|71/100
|-heal|p1a: Bong|90/100|[from] item: Black Sludge
|upkeep
|turn|12
|
|t:|1602012775
|move|p1a: Bong|Defog|p2a: Slowbro
|-unboost|p2a: Slowbro|evasion|1
|-sideend|p1: ok now i see ya|Stealth Rock|[from] move: Defog|[of] p1a: Bong
|move|p2a: Slowbro|Future Sight|p1a: Bong
|-start|p2a: Slowbro|move: Future Sight
|
|-heal|p1a: Bong|96/100|[from] item: Black Sludge
|upkeep
|turn|13
|inactive|ok now i see ya has 90 seconds left.
|
|t:|1602012806
|switch|p1a: Mojo Jojo|Zarude|100/100
|move|p2a: Slowbro|Teleport|p2a: Slowbro
|
|t:|1602012826
|switch|p2a: Terrakion|Terrakion|100/100|[from]move: Teleport
|
|upkeep
|turn|14
|inactive|ok now i see ya has 90 seconds left.
|inactive|Kim Kardashian has 120 seconds left.
|inactive|ok now i see ya has 60 seconds left.
|
|t:|1602012890
|move|p1a: Mojo Jojo|Power Whip|p2a: Terrakion
|-damage|p2a: Terrakion|0 fnt
|replace|p2a: Zoroark|Zoroark, M
|-end|p2a: Zoroark|Illusion
|faint|p2a: Zoroark
|
|-end|p1a: Mojo Jojo|move: Future Sight
|-immune|p1a: Mojo Jojo
|upkeep
|inactive|Kim Kardashian has 120 seconds left.
|c|☆Kim Kardashian|gg
|c|☆ok now i see ya|gg
|
|t:|1602012910
|switch|p2a: Tsareena|Tsareena, F|84/100
|turn|15
|
|t:|1602012919
|move|p1a: Mojo Jojo|U-turn|p2a: Tsareena
|-supereffective|p2a: Tsareena
|-damage|p2a: Tsareena|26/100
|
|t:|1602012921
|switch|p1a: Koba Leon|Cobalion|92/100|[from]move: U-turn
|move|p2a: Tsareena|U-turn|p1a: Koba Leon
|-resisted|p1a: Koba Leon
|-damage|p1a: Koba Leon|86/100
|-damage|p2a: Tsareena|9/100|[from] item: Rocky Helmet|[of] p1a: Koba Leon
|inactive|Kim Kardashian has 120 seconds left.
|
|t:|1602012936
|switch|p2a: Slowbro|Slowbro, M|100/100|[from]move: U-turn
|
|upkeep
|turn|16
|inactive|Kim Kardashian has 120 seconds left.
|
|t:|1602012941
|move|p1a: Koba Leon|Stealth Rock|p2a: Slowbro
|-sidestart|p2: Kim Kardashian|move: Stealth Rock
|move|p2a: Slowbro|Scald|p1a: Koba Leon
|-damage|p1a: Koba Leon|47/100
|
|upkeep
|turn|17
|
|t:|1602012950
|move|p1a: Koba Leon|Volt Switch|p2a: Slowbro
|-supereffective|p2a: Slowbro
|-damage|p2a: Slowbro|74/100
|j| Arenophile
|
|t:|1602012952
|switch|p1a: Dope|Slowbro, M|100/100|[from]move: Volt Switch
|move|p2a: Slowbro|Future Sight|p1a: Dope
|-start|p2a: Slowbro|move: Future Sight
|
|upkeep
|turn|18
|
|t:|1602012959
|move|p2a: Slowbro|Teleport|p2a: Slowbro
|
|t:|1602012964
|switch|p2a: Tsareena|Tsareena, F|9/100|[from]move: Teleport
|move|p1a: Dope|Teleport|p1a: Dope
|
|t:|1602012967
|switch|p1a: Mojo Jojo|Zarude|100/100|[from]move: Teleport
|
|upkeep
|turn|19
|
|t:|1602012980
|move|p1a: Mojo Jojo|Throat Chop|p2a: Tsareena
|-damage|p2a: Tsareena|0 fnt
|faint|p2a: Tsareena
|
|-end|p1a: Mojo Jojo|move: Future Sight
|-immune|p1a: Mojo Jojo
|upkeep
|
|t:|1602012987
|switch|p2a: Terrakion|Terrakion|94/100
|-damage|p2a: Terrakion|88/100|[from] Stealth Rock
|turn|20
|
|t:|1602012994
|switch|p1a: Bong|Weezing-Galar, M|96/100
|move|p2a: Terrakion|Swords Dance|p2a: Terrakion
|-boost|p2a: Terrakion|atk|2
|
|-heal|p1a: Bong|100/100|[from] item: Black Sludge
|upkeep
|turn|21
|inactive|ok now i see ya has 120 seconds left.
|
|t:|1602013000
|move|p2a: Terrakion|Stone Edge|p1a: Bong
|-damage|p1a: Bong|11/100
|-damage|p2a: Terrakion|78/100|[from] item: Life Orb
|move|p1a: Bong|Strange Steam|p2a: Terrakion
|-supereffective|p2a: Terrakion
|-damage|p2a: Terrakion|21/100
|-start|p2a: Terrakion|confusion
|
|-heal|p1a: Bong|17/100|[from] item: Black Sludge
|upkeep
|turn|22
|
|t:|1602013009
|-activate|p2a: Terrakion|confusion
|-damage|p2a: Terrakion|0 fnt|[from] confusion
|faint|p2a: Terrakion
|move|p1a: Bong|Strange Steam|p2: Terrakion|[notarget]
|-fail|p1a: Bong
|
|-heal|p1a: Bong|23/100|[from] item: Black Sludge
|upkeep
|
|t:|1602013016
|switch|p2a: Slowbro|Slowbro, M|100/100
|turn|23
|inactive|ok now i see ya has 120 seconds left.
|c|☆Kim Kardashian|should know not to take speed ties with my luck
|c|☆ok now i see ya|did i even die
|c|☆ok now i see ya|to anything
|inactive|ok now i see ya has 90 seconds left.
|c| Can'tFight|yeah
|c|☆ok now i see ya|lo fb killed?
|
|t:|1602013087
|move|p1a: Bong|Sludge Bomb|p2a: Slowbro
|-damage|p2a: Slowbro|73/100
|move|p2a: Slowbro|Scald|p1a: Bong
|-damage|p1a: Bong|0 fnt
|faint|p1a: Bong
|
|upkeep
|c|☆Kim Kardashian|no
|
|t:|1602013094
|switch|p1a: Swing from the|Chandelure, F|100/100
|turn|24
|c|☆ok now i see ya|tho dmg on zarude
|
|t:|1602013104
|move|p1a: Swing from the|Shadow Ball|p2a: Slowbro
|-supereffective|p2a: Slowbro
|-damage|p2a: Slowbro|0 fnt
|faint|p2a: Slowbro
|
|upkeep
|c|☆Kim Kardashian|yes
|c|☆ok now i see ya|opens up shark
|c|☆Kim Kardashian|needed that
|c|☆Kim Kardashian|yes
|
|t:|1602013111
|switch|p2a: Sharpedo|Sharpedo, F|100/100
|-damage|p2a: Sharpedo|88/100|[from] Stealth Rock
|turn|25
|
|t:|1602013118
|move|p1a: Swing from the|Shadow Ball|p2a: Sharpedo
|-resisted|p2a: Sharpedo
|-damage|p2a: Sharpedo|28/100
|move|p2a: Sharpedo|Crunch|p1a: Swing from the
|-supereffective|p1a: Swing from the
|-damage|p1a: Swing from the|0 fnt
|-damage|p2a: Sharpedo|18/100|[from] item: Life Orb
|faint|p1a: Swing from the
|
|-ability|p2a: Sharpedo|Speed Boost|boost
|-boost|p2a: Sharpedo|spe|1
|upkeep
|
|t:|1602013127
|switch|p1a: Dope|Slowbro, M|100/100
|turn|26
|
|t:|1602013129
|move|p2a: Sharpedo|Crunch|p1a: Dope
|-supereffective|p1a: Dope
|-damage|p1a: Dope|31/100
|-damage|p2a: Sharpedo|8/100|[from] item: Life Orb
|move|p1a: Dope|Scald|p2a: Sharpedo
|-resisted|p2a: Sharpedo
|-damage|p2a: Sharpedo|0 fnt
|faint|p2a: Sharpedo
|
|win|ok now i see ya
|l| drapsnagon
|l|☆Kim Kardashian
|l| Drasvhaen
||Ladder (probably) updated, but score could not be retrieved (Request timeout).
