|raw|<div class="broadcast-blue"><strong>This battle is required to be public due to a player having a name starting with 'UULT82n'.</div>
|j|☆UULT82n Monke
|j|☆Valiant Hearts
|t:|1622046624
|gametype|singles
|player|p1|UULT82n Monke|bruno|1501
|player|p2|Valiant Hearts|psychic-gen3|1568
|teamsize|p1|6
|teamsize|p2|6
|gen|8
|tier|[Gen 8] UU
|rated|
|rule|Sleep Clause Mod: Limit one foe put to sleep
|rule|Species Clause: Limit one of each Pokémon
|rule|OHKO Clause: OHKO moves are banned
|rule|Evasion Moves Clause: Evasion moves are banned
|rule|Endless Battle Clause: Forcing endless battles is banned
|rule|HP Percentage Mod: HP is shown in percentages
|rule|Dynamax Clause: You cannot dynamax
|clearpoke
|poke|p1|Necrozma|
|poke|p1|Ninetales-Alola, M|
|poke|p1|Gyarados, F|
|poke|p1|Kommo-o, F|
|poke|p1|Diggersby, M|
|poke|p1|Celesteela|
|poke|p2|Thundurus, M|
|poke|p2|Sylveon, F|
|poke|p2|Seismitoad, F|
|poke|p2|Roserade, M|
|poke|p2|Moltres-Galar|
|poke|p2|Jirachi|
|teampreview
|
|t:|1622046650
|start
|switch|p1a: Necrozma|Necrozma|100/100
|switch|p2a: Thundurus|Thundurus, M|100/100
|turn|1
|inactive|Battle timer is ON: inactive players will automatically lose when time's up. (requested by UULT82n Monke)
|
|t:|1622046655
|move|p2a: Thundurus|Knock Off|p1a: Necrozma
|-supereffective|p1a: Necrozma
|-damage|p1a: Necrozma|63/100
|-enditem|p1a: Necrozma|Power Herb|[from] move: Knock Off|[of] p2a: Thundurus
|move|p1a: Necrozma|Stealth Rock|p2a: Thundurus
|-sidestart|p2: Valiant Hearts|move: Stealth Rock
|
|upkeep
|turn|2
|
|t:|1622046661
|move|p2a: Thundurus|U-turn|p1a: Necrozma
|-supereffective|p1a: Necrozma
|-damage|p1a: Necrozma|37/100
|
|t:|1622046663
|switch|p2a: Moltres|Moltres-Galar|100/100|[from]move: U-turn
|move|p1a: Necrozma|Photon Geyser|p2a: Moltres
|-immune|p2a: Moltres
|
|upkeep
|turn|3
|
|t:|1622046669
|switch|p1a: Ninetales|Ninetales-Alola, M|100/100
|-weather|Hail|[from] ability: Snow Warning|[of] p1a: Ninetales
|move|p2a: Moltres|Nasty Plot|p2a: Moltres
|-boost|p2a: Moltres|spa|2
|
|-weather|Hail|[upkeep]
|-damage|p2a: Moltres|95/100|[from] Hail
|upkeep
|turn|4
|
|t:|1622046672
|move|p1a: Ninetales|Aurora Veil|p1a: Ninetales
|-sidestart|p1: UULT82n Monke|move: Aurora Veil
|move|p2a: Moltres|Fiery Wrath|p1a: Ninetales
|-resisted|p1a: Ninetales
|-damage|p1a: Ninetales|83/100
|
|-weather|Hail|[upkeep]
|-damage|p2a: Moltres|89/100|[from] Hail
|upkeep
|turn|5
|
|t:|1622046675
|move|p1a: Ninetales|Hypnosis|p2a: Moltres|[miss]
|-miss|p1a: Ninetales|p2a: Moltres
|move|p2a: Moltres|Fiery Wrath|p1a: Ninetales
|-resisted|p1a: Ninetales
|-damage|p1a: Ninetales|67/100
|
|-weather|Hail|[upkeep]
|-damage|p2a: Moltres|83/100|[from] Hail
|upkeep
|turn|6
|
|t:|1622046679
|move|p1a: Ninetales|Hypnosis|p2a: Moltres|[miss]
|-miss|p1a: Ninetales|p2a: Moltres
|move|p2a: Moltres|Fiery Wrath|p1a: Ninetales
|-resisted|p1a: Ninetales
|-damage|p1a: Ninetales|51/100
|
|-weather|Hail|[upkeep]
|-damage|p2a: Moltres|77/100|[from] Hail
|upkeep
|turn|7
|
|t:|1622046683
|move|p1a: Ninetales|Hypnosis|p2a: Moltres|[miss]
|-miss|p1a: Ninetales|p2a: Moltres
|move|p2a: Moltres|Nasty Plot|p2a: Moltres
|-boost|p2a: Moltres|spa|2
|
|-weather|none
|upkeep
|turn|8
|
|t:|1622046688
|move|p1a: Ninetales|Encore|p2a: Moltres
|-start|p2a: Moltres|Encore
|move|p2a: Moltres|Nasty Plot|p2a: Moltres
|-boost|p2a: Moltres|spa|2
|
|-sideend|p1: UULT82n Monke|move: Aurora Veil
|upkeep
|turn|9
|
|t:|1622046694
|switch|p1a: Celesteela|Celesteela|100/100
|move|p2a: Moltres|Nasty Plot|p2a: Moltres
|-boost|p2a: Moltres|spa|0
|
|upkeep
|turn|10
|
|t:|1622046703
|switch|p2a: Seismitoad|Seismitoad, F|100/100
|-damage|p2a: Seismitoad|94/100|[from] Stealth Rock
|move|p1a: Celesteela|Autotomize|p1a: Celesteela
|-boost|p1a: Celesteela|spe|2
|-start|p1a: Celesteela|Autotomize
|
|-heal|p2a: Seismitoad|100/100|[from] item: Leftovers
|upkeep
|turn|11
|
|t:|1622046707
|move|p1a: Celesteela|Meteor Beam||[still]
|-prepare|p1a: Celesteela|Meteor Beam
|-boost|p1a: Celesteela|spa|1
|-enditem|p1a: Celesteela|Power Herb
|-anim|p1a: Celesteela|Meteor Beam|p2a: Seismitoad
|-resisted|p2a: Seismitoad
|-damage|p2a: Seismitoad|68/100
|move|p2a: Seismitoad|Scald|p1a: Celesteela
|-damage|p1a: Celesteela|78/100
|-status|p1a: Celesteela|brn
|
|-heal|p2a: Seismitoad|74/100|[from] item: Leftovers
|-damage|p1a: Celesteela|72/100 brn|[from] brn
|upkeep
|turn|12
|j| use zygod
|
|t:|1622046717
|switch|p2a: Sylveon|Sylveon, F|100/100
|move|p1a: Celesteela|Air Slash|p2a: Sylveon
|-damage|p2a: Sylveon|63/100
|
|-damage|p1a: Celesteela|66/100 brn|[from] brn
|upkeep
|turn|13
|
|t:|1622046722
|move|p1a: Celesteela|Air Slash|p2a: Sylveon
|-damage|p2a: Sylveon|22/100
|move|p2a: Sylveon|Wish|p2a: Sylveon
|
|-damage|p1a: Celesteela|59/100 brn|[from] brn
|upkeep
|turn|14
|
|t:|1622046728
|move|p1a: Celesteela|Meteor Beam||[still]
|-prepare|p1a: Celesteela|Meteor Beam
|-boost|p1a: Celesteela|spa|1
|move|p2a: Sylveon|Hyper Voice|p1a: Celesteela
|-resisted|p1a: Celesteela
|-damage|p1a: Celesteela|38/100 brn
|
|-heal|p2a: Sylveon|72/100|[from] move: Wish|[wisher] Sylveon
|-damage|p1a: Celesteela|32/100 brn|[from] brn
|upkeep
|turn|15
|
|t:|1622046730
|move|p2a: Sylveon|Protect|p2a: Sylveon
|-singleturn|p2a: Sylveon|Protect
|move|p1a: Celesteela|Meteor Beam|p2a: Sylveon|[from]lockedmove
|-activate|p2a: Sylveon|move: Protect
|
|-damage|p1a: Celesteela|26/100 brn|[from] brn
|upkeep
|turn|16
|
|t:|1622046736
|move|p1a: Celesteela|Air Slash|p2a: Sylveon
|-damage|p2a: Sylveon|16/100
|move|p2a: Sylveon|Wish|p2a: Sylveon
|
|-damage|p1a: Celesteela|20/100 brn|[from] brn
|upkeep
|turn|17
|
|t:|1622046741
|move|p2a: Sylveon|Protect|p2a: Sylveon
|-singleturn|p2a: Sylveon|Protect
|move|p1a: Celesteela|Air Slash|p2a: Sylveon
|-activate|p2a: Sylveon|move: Protect
|
|-heal|p2a: Sylveon|66/100|[from] move: Wish|[wisher] Sylveon
|-damage|p1a: Celesteela|14/100 brn|[from] brn
|upkeep
|turn|18
|
|t:|1622046751
|move|p1a: Celesteela|Air Slash|p2a: Sylveon
|-crit|p2a: Sylveon
|-damage|p2a: Sylveon|0 fnt
|faint|p2a: Sylveon
|-ability|p1a: Celesteela|Beast Boost|boost
|-boost|p1a: Celesteela|spa|1
|
|-damage|p1a: Celesteela|8/100 brn|[from] brn
|upkeep
|
|t:|1622046758
|switch|p2a: Moltres|Moltres-Galar|77/100
|turn|19
|
|t:|1622046769
|move|p1a: Celesteela|Air Slash|p2a: Moltres
|-damage|p2a: Moltres|4/100
|-ability|p2a: Moltres|Berserk|boost
|-boost|p2a: Moltres|spa|1
|move|p2a: Moltres|Fiery Wrath|p1a: Celesteela
|-damage|p1a: Celesteela|0 fnt
|faint|p1a: Celesteela
|
|upkeep
|
|t:|1622046773
|switch|p1a: Ninetales|Ninetales-Alola, M|51/100
|-weather|Hail|[from] ability: Snow Warning|[of] p1a: Ninetales
|turn|20
|
|t:|1622046777
|move|p1a: Ninetales|Aurora Veil|p1a: Ninetales
|-sidestart|p1: UULT82n Monke|move: Aurora Veil
|move|p2a: Moltres|Rest|p2a: Moltres
|-status|p2a: Moltres|slp|[from] move: Rest
|-heal|p2a: Moltres|100/100 slp|[silent]
|
|-weather|Hail|[upkeep]
|-damage|p2a: Moltres|95/100 slp|[from] Hail
|upkeep
|turn|21
|
|t:|1622046783
|switch|p1a: Kommo-o|Kommo-o, F|100/100
|cant|p2a: Moltres|slp
|move|p2a: Moltres|Sleep Talk|p2a: Moltres
|move|p2a: Moltres|Rest||[from]move: Sleep Talk|[still]
|-fail|p2a: Moltres
|
|-weather|Hail|[upkeep]
|-damage|p2a: Moltres|89/100 slp|[from] Hail
|upkeep
|turn|22
|
|t:|1622046795
|switch|p2a: Jirachi|Jirachi|100/100
|-damage|p2a: Jirachi|94/100|[from] Stealth Rock
|move|p1a: Kommo-o|Clangorous Soul|p1a: Kommo-o
|-boost|p1a: Kommo-o|atk|1
|-boost|p1a: Kommo-o|def|1
|-boost|p1a: Kommo-o|spa|1
|-boost|p1a: Kommo-o|spd|1
|-boost|p1a: Kommo-o|spe|1
|-damage|p1a: Kommo-o|68/100
|-enditem|p1a: Kommo-o|Throat Spray
|-boost|p1a: Kommo-o|spa|1|[from] item: Throat Spray
|
|-weather|Hail|[upkeep]
|-damage|p2a: Jirachi|88/100|[from] Hail
|upkeep
|turn|23
|j| yiyue
|
|t:|1622046810
|move|p2a: Jirachi|Iron Head|p1a: Kommo-o
|-damage|p1a: Kommo-o|56/100
|cant|p1a: Kommo-o|flinch
|
|-weather|Hail|[upkeep]
|-damage|p2a: Jirachi|82/100|[from] Hail
|upkeep
|turn|24
|
|t:|1622046821
|switch|p2a: Seismitoad|Seismitoad, F|74/100
|-damage|p2a: Seismitoad|68/100|[from] Stealth Rock
|move|p1a: Kommo-o|Flamethrower|p2a: Seismitoad
|-resisted|p2a: Seismitoad
|-damage|p2a: Seismitoad|43/100
|
|-weather|none
|-heal|p2a: Seismitoad|49/100|[from] item: Leftovers
|-sideend|p1: UULT82n Monke|move: Aurora Veil
|upkeep
|turn|25
|
|t:|1622046824
|move|p1a: Kommo-o|Boomburst|p2a: Seismitoad
|-damage|p2a: Seismitoad|0 fnt
|faint|p2a: Seismitoad
|
|upkeep
|
|t:|1622046831
|switch|p2a: Jirachi|Jirachi|82/100
|-damage|p2a: Jirachi|76/100|[from] Stealth Rock
|turn|26
|
|t:|1622046846
|move|p2a: Jirachi|Iron Head|p1a: Kommo-o
|-damage|p1a: Kommo-o|33/100
|cant|p1a: Kommo-o|flinch
|
|upkeep
|turn|27
|
|t:|1622046858
|move|p2a: Jirachi|Iron Head|p1a: Kommo-o
|-damage|p1a: Kommo-o|11/100
|cant|p1a: Kommo-o|flinch
|
|upkeep
|turn|28
|
|t:|1622046863
|move|p2a: Jirachi|Iron Head|p1a: Kommo-o
|-damage|p1a: Kommo-o|0 fnt
|faint|p1a: Kommo-o
|
|upkeep
|
|t:|1622046869
|switch|p1a: Necrozma|Necrozma|37/100
|turn|29
|
|t:|1622046872
|move|p2a: Jirachi|Iron Head|p1a: Necrozma
|-damage|p1a: Necrozma|4/100
|cant|p1a: Necrozma|flinch
|
|upkeep
|turn|30
|
|t:|1622046875
|move|p2a: Jirachi|Iron Head|p1a: Necrozma
|-damage|p1a: Necrozma|0 fnt
|faint|p1a: Necrozma
|
|upkeep
|
|t:|1622046882
|switch|p1a: Gyarados|Gyarados, F|100/100
|turn|31
|
|t:|1622046892
|switch|p2a: Roserade|Roserade, M|100/100
|-damage|p2a: Roserade|88/100|[from] Stealth Rock
|move|p1a: Gyarados|Dragon Dance|p1a: Gyarados
|-boost|p1a: Gyarados|atk|1
|-boost|p1a: Gyarados|spe|1
|
|-heal|p2a: Roserade|94/100|[from] item: Black Sludge
|upkeep
|turn|32
|
|t:|1622046897
|switch|p2a: Thundurus|Thundurus, M|100/100
|move|p1a: Gyarados|Dragon Dance|p1a: Gyarados
|-boost|p1a: Gyarados|atk|1
|-boost|p1a: Gyarados|spe|1
|
|upkeep
|turn|33
|
|t:|1622046905
|move|p1a: Gyarados|Waterfall|p2a: Thundurus
|-damage|p2a: Thundurus|0 fnt
|faint|p2a: Thundurus
|-ability|p1a: Gyarados|Moxie|boost
|-boost|p1a: Gyarados|atk|1
|
|upkeep
|-message|Valiant Hearts forfeited.
|
|win|UULT82n Monke
|raw|UULT82n Monke's rating: 1501 &rarr; <strong>1525</strong><br />(+24 for winning)
|raw|Valiant Hearts's rating: 1568 &rarr; <strong>1544</strong><br />(-24 for losing)
|l|☆Valiant Hearts
|l|☆UULT82n Monke
||Ladder isn't responding, score probably updated but might not have (Request timeout).
