|j|☆jeune_orfevre
|j|☆Goro Yagami 9
|t:|1661809857
|gametype|singles
|player|p1|jeune_orfevre|169|1228
|player|p2|Goro Yagami 9|169|1321
|teamsize|p1|6
|teamsize|p2|6
|gen|8
|tier|[Gen 8] UU
|rated|
|rule|Sleep Clause Mod: Limit one foe put to sleep
|rule|Species Clause: Limit one of each Pokémon
|rule|OHKO Clause: OHKO moves are banned
|rule|Evasion Items Clause: Evasion items are banned
|rule|Evasion Moves Clause: Evasion moves are banned
|rule|Endless Battle Clause: Forcing endless battles is banned
|rule|HP Percentage Mod: HP is shown in percentages
|rule|Dynamax Clause: You cannot dynamax
|clearpoke
|poke|p1|Obstagoon, M|
|poke|p1|Azelf|
|poke|p1|Gyarados, F|
|poke|p1|Shuckle, F|
|poke|p1|Excadrill, F|
|poke|p1|Thundurus-Therian, M|
|poke|p2|Zygarde-10%|
|poke|p2|Chansey, F|
|poke|p2|Cobalion|
|poke|p2|Hydreigon, F|
|poke|p2|Tangrowth, M|
|poke|p2|Salamence, M|
|teampreview
|
|t:|1661809876
|start
|switch|p1a: Shuckle|Shuckle, F|100/100
|switch|p2a: Chansey|Chansey, F|100/100
|turn|1
|
|t:|1661809879
|move|p2a: Chansey|Toxic|p1a: Shuckle
|-status|p1a: Shuckle|tox
|move|p1a: Shuckle|Sticky Web|p2a: Chansey
|-sidestart|p2: Goro Yagami 9|move: Sticky Web
|
|-damage|p1a: Shuckle|94/100 tox|[from] psn
|upkeep
|turn|2
|
|t:|1661809895
|switch|p1a: Excadrill|Excadrill, F|100/100
|-ability|p1a: Excadrill|Mold Breaker
|move|p2a: Chansey|Teleport|p2a: Chansey
|
|t:|1661809897
|switch|p2a: Salamence|Salamence, M|100/100|[from]move: Teleport
|-ability|p2a: Salamence|Intimidate|boost
|-unboost|p1a: Excadrill|atk|1
|
|upkeep
|turn|3
|
|t:|1661809916
|switch|p1a: Gyarados|Gyarados, F|100/100
|move|p2a: Salamence|Defog|p1a: Gyarados
|-unboost|p1a: Gyarados|evasion|1
|-sideend|p2: Goro Yagami 9|Sticky Web|[from] move: Defog|[of] p2a: Salamence
|
|upkeep
|turn|4
|inactive|Battle timer is ON: inactive players will automatically lose when time's up. (requested by jeune_orfevre)
|
|t:|1661809939
|move|p1a: Gyarados|Dragon Dance|p1a: Gyarados
|-boost|p1a: Gyarados|atk|1
|-boost|p1a: Gyarados|spe|1
|move|p2a: Salamence|Dual Wingbeat|p1a: Gyarados
|-damage|p1a: Gyarados|78/100
|-damage|p1a: Gyarados|55/100
|-hitcount|p1a: Gyarados|2
|
|upkeep
|turn|5
|
|t:|1661809947
|switch|p2a: Cobalion|Cobalion|100/100
|move|p1a: Gyarados|Ice Fang|p2a: Cobalion|[miss]
|-miss|p1a: Gyarados|p2a: Cobalion
|
|upkeep
|turn|6
|
|t:|1661809965
|move|p1a: Gyarados|Waterfall|p2a: Cobalion
|-damage|p2a: Cobalion|47/100
|move|p2a: Cobalion|Stealth Rock|p1a: Gyarados
|-sidestart|p1: jeune_orfevre|move: Stealth Rock
|
|upkeep
|turn|7
|
|t:|1661809972
|switch|p2a: Salamence|Salamence, M|100/100
|-ability|p2a: Salamence|Intimidate|boost
|-unboost|p1a: Gyarados|atk|1
|move|p1a: Gyarados|Waterfall|p2a: Salamence
|-resisted|p2a: Salamence
|-damage|p2a: Salamence|84/100
|
|upkeep
|turn|8
|
|t:|1661809979
|switch|p2a: Chansey|Chansey, F|100/100
|move|p1a: Gyarados|Dragon Dance|p1a: Gyarados
|-boost|p1a: Gyarados|atk|1
|-boost|p1a: Gyarados|spe|1
|
|upkeep
|turn|9
|
|t:|1661809985
|move|p1a: Gyarados|Dragon Dance|p1a: Gyarados
|-boost|p1a: Gyarados|atk|1
|-boost|p1a: Gyarados|spe|1
|move|p2a: Chansey|Seismic Toss|p1a: Gyarados
|-damage|p1a: Gyarados|24/100
|
|upkeep
|turn|10
|
|t:|1661809992
|move|p1a: Gyarados|Waterfall|p2a: Chansey
|-damage|p2a: Chansey|38/100
|move|p2a: Chansey|Seismic Toss|p1a: Gyarados
|-damage|p1a: Gyarados|0 fnt
|faint|p1a: Gyarados
|
|upkeep
|
|t:|1661810004
|switch|p1a: Obstagoon|Obstagoon, M|100/100
|-damage|p1a: Obstagoon|88/100|[from] Stealth Rock
|turn|11
|
|t:|1661810011
|switch|p2a: Salamence|Salamence, M|84/100
|-ability|p2a: Salamence|Intimidate|boost
|-unboost|p1a: Obstagoon|atk|1
|move|p1a: Obstagoon|Knock Off|p2a: Salamence
|-damage|p2a: Salamence|62/100
|-enditem|p2a: Salamence|Heavy-Duty Boots|[from] move: Knock Off|[of] p1a: Obstagoon
|
|-status|p1a: Obstagoon|brn|[from] item: Flame Orb
|upkeep
|turn|12
|
|t:|1661810025
|move|p1a: Obstagoon|Fire Punch|p2a: Salamence
|-resisted|p2a: Salamence
|-damage|p2a: Salamence|55/100
|move|p2a: Salamence|Roost|p2a: Salamence
|-heal|p2a: Salamence|100/100
|-singleturn|p2a: Salamence|move: Roost
|
|-damage|p1a: Obstagoon|82/100 brn|[from] brn
|upkeep
|turn|13
|
|t:|1661810032
|move|p1a: Obstagoon|Fire Punch|p2a: Salamence
|-resisted|p2a: Salamence
|-damage|p2a: Salamence|93/100
|move|p2a: Salamence|Dual Wingbeat|p1a: Obstagoon
|-damage|p1a: Obstagoon|64/100 brn
|-damage|p1a: Obstagoon|43/100 brn
|-hitcount|p1a: Obstagoon|2
|
|-damage|p1a: Obstagoon|37/100 brn|[from] brn
|upkeep
|turn|14
|
|t:|1661810040
|move|p1a: Obstagoon|Facade|p2a: Salamence
|-damage|p2a: Salamence|48/100
|move|p2a: Salamence|Dual Wingbeat|p1a: Obstagoon|[miss]
|-miss|p2a: Salamence|p1a: Obstagoon
|
|-damage|p1a: Obstagoon|31/100 brn|[from] brn
|upkeep
|turn|15
|
|t:|1661810054
|move|p1a: Obstagoon|Fire Punch|p2a: Salamence
|-resisted|p2a: Salamence
|-damage|p2a: Salamence|41/100
|-status|p2a: Salamence|brn
|move|p2a: Salamence|Roost|p2a: Salamence
|-heal|p2a: Salamence|91/100 brn
|-singleturn|p2a: Salamence|move: Roost
|
|-damage|p1a: Obstagoon|25/100 brn|[from] brn
|-damage|p2a: Salamence|85/100 brn|[from] brn
|upkeep
|turn|16
|
|t:|1661810075
|switch|p1a: Excadrill|Excadrill, F|100/100
|-damage|p1a: Excadrill|97/100|[from] Stealth Rock
|-ability|p1a: Excadrill|Mold Breaker
|move|p2a: Salamence|Flamethrower|p1a: Excadrill
|-supereffective|p1a: Excadrill
|-damage|p1a: Excadrill|41/100
|-status|p1a: Excadrill|brn
|
|-heal|p1a: Excadrill|47/100 brn|[from] item: Leftovers
|-damage|p1a: Excadrill|41/100 brn|[from] brn
|-damage|p2a: Salamence|78/100 brn|[from] brn
|upkeep
|turn|17
|-message|jeune_orfevre forfeited.
|
|win|Goro Yagami 9
|raw|jeune_orfevre's rating: 1228 &rarr; <strong>1210</strong><br />(-18 for losing)
|raw|Goro Yagami 9's rating: 1321 &rarr; <strong>1336</strong><br />(+15 for winning)
|l|☆jeune_orfevre
