|j|☆Liquide snake
|j|☆Springerk
|t:|1662373954
|gametype|singles
|player|p1|Liquide snake|shadowtriad|1366
|player|p2|Springerk|lance-masters|1524
|teamsize|p1|6
|teamsize|p2|6
|gen|8
|tier|[Gen 8] UU
|rated|
|rule|Sleep Clause Mod: Limit one foe put to sleep
|rule|Species Clause: Limit one of each Pokémon
|rule|OHKO Clause: OHKO moves are banned
|rule|Evasion Items Clause: Evasion items are banned
|rule|Evasion Moves Clause: Evasion moves are banned
|rule|Endless Battle Clause: Forcing endless battles is banned
|rule|HP Percentage Mod: HP is shown in percentages
|rule|Dynamax Clause: You cannot dynamax
|clearpoke
|poke|p1|Hatterene, F|
|poke|p1|Porygon2|
|poke|p1|Cresselia, F|
|poke|p1|Stakataka|
|poke|p1|Marowak-Alola, M|
|poke|p1|Conkeldurr, F|
|poke|p2|Gardevoir, M|
|poke|p2|Celesteela|
|poke|p2|Excadrill, M|
|poke|p2|Gyarados, F|
|poke|p2|Jirachi|
|poke|p2|Hydreigon, F|
|teampreview
|inactive|Battle timer is ON: inactive players will automatically lose when time's up. (requested by Liquide snake)
|
|t:|1662373966
|start
|switch|p1a: Le bouff|Conkeldurr, F|100/100
|switch|p2a: Gardevoir|Gardevoir, M|100/100
|-ability|p2a: Gardevoir|Guts|[from] ability: Trace|[of] p1a: Le bouff
|turn|1
|
|t:|1662373976
|switch|p1a: KANAR|Porygon2|100/100
|-ability|p1a: KANAR|Guts|[from] ability: Trace|[of] p2a: Gardevoir
|move|p2a: Gardevoir|Trick|p1a: KANAR
|-activate|p2a: Gardevoir|move: Trick|[of] p1a: KANAR
|-item|p1a: KANAR|Choice Scarf|[from] move: Trick
|-item|p2a: Gardevoir|Eviolite|[from] move: Trick
|
|upkeep
|turn|2
|
|t:|1662373988
|move|p2a: Gardevoir|Moonblast|p1a: KANAR
|-damage|p1a: KANAR|68/100
|move|p1a: KANAR|Trick Room|p1a: KANAR
|-fieldstart|move: Trick Room|[of] p1a: KANAR
|
|upkeep
|turn|3
|
|t:|1662373994
|switch|p1a: STAK|Stakataka|100/100
|move|p2a: Gardevoir|Psychic|p1a: STAK
|-resisted|p1a: STAK
|-damage|p1a: STAK|79/100
|
|upkeep
|turn|4
|
|t:|1662374002
|switch|p2a: Celesteela|Celesteela|100/100
|move|p1a: STAK|Gyro Ball|p2a: Celesteela
|-resisted|p2a: Celesteela
|-damage|p2a: Celesteela|35/100
|
|upkeep
|turn|5
|inactive|Springerk has 120 seconds left.
|
|t:|1662374042
|move|p1a: STAK|Gyro Ball|p2a: Celesteela
|-resisted|p2a: Celesteela
|-damage|p2a: Celesteela|0 fnt
|faint|p2a: Celesteela
|-ability|p1a: STAK|Beast Boost|boost
|-boost|p1a: STAK|atk|1
|
|upkeep
|
|t:|1662374045
|switch|p2a: Gyarados|Gyarados, F|100/100
|turn|6
|
|t:|1662374051
|move|p1a: STAK|Gyro Ball|p2a: Gyarados
|-resisted|p2a: Gyarados
|-damage|p2a: Gyarados|0 fnt
|faint|p2a: Gyarados
|-ability|p1a: STAK|Beast Boost|boost
|-boost|p1a: STAK|atk|1
|
|-fieldend|move: Trick Room
|upkeep
|
|t:|1662374055
|switch|p2a: Excadrill|Excadrill, M|100/100
|-ability|p2a: Excadrill|Mold Breaker
|turn|7
|
|t:|1662374064
|switch|p1a: KONAR|Cresselia, F|100/100
|move|p2a: Excadrill|Earthquake|p1a: KONAR
|-damage|p1a: KONAR|71/100
|
|upkeep
|turn|8
|
|t:|1662374071
|move|p2a: Excadrill|Earthquake|p1a: KONAR
|-damage|p1a: KONAR|43/100
|move|p1a: KONAR|Trick Room|p1a: KONAR
|-fieldstart|move: Trick Room|[of] p1a: KONAR
|
|upkeep
|turn|9
|
|t:|1662374076
|move|p1a: KONAR|Ice Beam|p2a: Excadrill
|-crit|p2a: Excadrill
|-damage|p2a: Excadrill|69/100
|move|p2a: Excadrill|Stealth Rock|p1a: KONAR
|-sidestart|p1: Liquide snake|move: Stealth Rock
|
|upkeep
|turn|10
|
|t:|1662374102
|switch|p1a: Le bouff|Conkeldurr, F|100/100
|-damage|p1a: Le bouff|94/100|[from] Stealth Rock
|move|p2a: Excadrill|Earthquake|p1a: Le bouff
|-damage|p1a: Le bouff|44/100
|
|-status|p1a: Le bouff|brn|[from] item: Flame Orb
|upkeep
|turn|11
|
|t:|1662374115
|switch|p2a: Gardevoir|Gardevoir, M|100/100
|-ability|p2a: Gardevoir|Guts|[from] ability: Trace|[of] p1a: Le bouff
|move|p1a: Le bouff|Knock Off|p2a: Gardevoir
|-damage|p2a: Gardevoir|0 fnt
|-enditem|p2a: Gardevoir|Eviolite|[from] move: Knock Off|[of] p1a: Le bouff
|faint|p2a: Gardevoir
|
|-damage|p1a: Le bouff|38/100 brn|[from] brn
|upkeep
|
|t:|1662374124
|switch|p2a: Excadrill|Excadrill, M|69/100
|-ability|p2a: Excadrill|Mold Breaker
|turn|12
|
|t:|1662374133
|move|p1a: Le bouff|Knock Off|p2a: Excadrill
|-damage|p2a: Excadrill|0 fnt
|-enditem|p2a: Excadrill|Focus Sash|[from] move: Knock Off|[of] p1a: Le bouff
|faint|p2a: Excadrill
|
|-damage|p1a: Le bouff|32/100 brn|[from] brn
|-fieldend|move: Trick Room
|upkeep
|inactive|Springerk has 120 seconds left.
|
|t:|1662374155
|switch|p2a: Jirachi|Jirachi|100/100
|turn|13
|
|t:|1662374158
|move|p2a: Jirachi|Cosmic Power|p2a: Jirachi
|-boost|p2a: Jirachi|def|1
|-boost|p2a: Jirachi|spd|1
|move|p1a: Le bouff|Knock Off|p2a: Jirachi
|-supereffective|p2a: Jirachi
|-damage|p2a: Jirachi|38/100
|-enditem|p2a: Jirachi|Weakness Policy
|-boost|p2a: Jirachi|atk|2|[from] item: Weakness Policy
|-boost|p2a: Jirachi|spa|2|[from] item: Weakness Policy
|
|-damage|p1a: Le bouff|26/100 brn|[from] brn
|upkeep
|turn|14
|
|t:|1662374173
|move|p1a: Le bouff|Mach Punch|p2a: Jirachi
|-damage|p2a: Jirachi|18/100
|move|p2a: Jirachi|Stored Power|p1a: Le bouff
|-supereffective|p1a: Le bouff
|-damage|p1a: Le bouff|0 fnt
|faint|p1a: Le bouff
|
|upkeep
|
|t:|1662374183
|switch|p1a: Michel|Marowak-Alola, M|100/100
|-damage|p1a: Michel|76/100|[from] Stealth Rock
|turn|15
|
|t:|1662374204
|move|p2a: Jirachi|Stored Power|p1a: Michel
|-damage|p1a: Michel|0 fnt
|faint|p1a: Michel
|
|upkeep
|
|t:|1662374211
|switch|p1a: Chapeau l'artiste|Hatterene, F|100/100
|-damage|p1a: Chapeau l'artiste|88/100|[from] Stealth Rock
|turn|16
|
|t:|1662374232
|move|p2a: Jirachi|Rest|p2a: Jirachi
|-status|p2a: Jirachi|slp|[from] move: Rest
|-heal|p2a: Jirachi|100/100 slp|[silent]
|move|p1a: Chapeau l'artiste|Mystical Fire|p2a: Jirachi
|-supereffective|p2a: Jirachi
|-damage|p2a: Jirachi|67/100 slp
|-unboost|p2a: Jirachi|spa|1
|
|upkeep
|turn|17
|
|t:|1662374242
|cant|p2a: Jirachi|slp
|move|p2a: Jirachi|Snore|p1a: Chapeau l'artiste
|-damage|p1a: Chapeau l'artiste|69/100
|cant|p1a: Chapeau l'artiste|flinch
|
|upkeep
|turn|18
|
|t:|1662374250
|cant|p2a: Jirachi|slp
|move|p2a: Jirachi|Snore|p1a: Chapeau l'artiste
|-damage|p1a: Chapeau l'artiste|51/100
|cant|p1a: Chapeau l'artiste|flinch
|
|upkeep
|turn|19
|
|t:|1662374264
|-curestatus|p2a: Jirachi|slp|[msg]
|move|p2a: Jirachi|Stored Power|p1a: Chapeau l'artiste
|-resisted|p1a: Chapeau l'artiste
|-damage|p1a: Chapeau l'artiste|16/100
|move|p1a: Chapeau l'artiste|Mystical Fire|p2a: Jirachi
|-supereffective|p2a: Jirachi
|-damage|p2a: Jirachi|37/100
|-unboost|p2a: Jirachi|spa|1
|
|upkeep
|turn|20
|
|t:|1662374276
|move|p2a: Jirachi|Stored Power|p1a: Chapeau l'artiste
|-resisted|p1a: Chapeau l'artiste
|-damage|p1a: Chapeau l'artiste|0 fnt
|faint|p1a: Chapeau l'artiste
|
|upkeep
|
|t:|1662374282
|switch|p1a: STAK|Stakataka|79/100
|-damage|p1a: STAK|73/100|[from] Stealth Rock
|turn|21
|inactive|Springerk has 120 seconds left.
|
|t:|1662374331
|move|p2a: Jirachi|Rest|p2a: Jirachi
|-status|p2a: Jirachi|slp|[from] move: Rest
|-heal|p2a: Jirachi|100/100 slp|[silent]
|move|p1a: STAK|Earthquake|p2a: Jirachi
|-supereffective|p2a: Jirachi
|-damage|p2a: Jirachi|32/100 slp
|
|upkeep
|turn|22
|
|t:|1662374340
|cant|p2a: Jirachi|slp
|move|p2a: Jirachi|Snore|p1a: STAK
|-resisted|p1a: STAK
|-damage|p1a: STAK|70/100
|cant|p1a: STAK|flinch
|
|upkeep
|turn|23
|
|t:|1662374348
|cant|p2a: Jirachi|slp
|move|p2a: Jirachi|Snore|p1a: STAK
|-resisted|p1a: STAK
|-damage|p1a: STAK|67/100
|cant|p1a: STAK|flinch
|
|upkeep
|turn|24
|
|t:|1662374356
|-curestatus|p2a: Jirachi|slp|[msg]
|move|p2a: Jirachi|Stored Power|p1a: STAK
|-resisted|p1a: STAK
|-damage|p1a: STAK|49/100
|move|p1a: STAK|Earthquake|p2a: Jirachi
|-supereffective|p2a: Jirachi
|-damage|p2a: Jirachi|0 fnt
|faint|p2a: Jirachi
|-ability|p1a: STAK|Beast Boost|boost
|-boost|p1a: STAK|atk|1
|
|upkeep
|
|t:|1662374359
|switch|p2a: Hydreigon|Hydreigon, F|100/100
|turn|25
|
|t:|1662374371
|switch|p1a: KONAR|Cresselia, F|43/100
|-damage|p1a: KONAR|30/100|[from] Stealth Rock
|move|p2a: Hydreigon|Dragon Dance|p2a: Hydreigon
|-boost|p2a: Hydreigon|atk|1
|-boost|p2a: Hydreigon|spe|1
|
|upkeep
|turn|26
|
|t:|1662374380
|move|p2a: Hydreigon|Crunch|p1a: KONAR
|-supereffective|p1a: KONAR
|-damage|p1a: KONAR|0 fnt
|faint|p1a: KONAR
|-damage|p2a: Hydreigon|91/100|[from] item: Life Orb
|
|upkeep
|
|t:|1662374386
|switch|p1a: KANAR|Porygon2|68/100
|-damage|p1a: KANAR|56/100|[from] Stealth Rock
|-ability|p1a: KANAR|Levitate|[from] ability: Trace|[of] p2a: Hydreigon
|turn|27
|
|t:|1662374393
|move|p2a: Hydreigon|Superpower|p1a: KANAR
|-supereffective|p1a: KANAR
|-damage|p1a: KANAR|0 fnt
|-unboost|p2a: Hydreigon|atk|1
|-unboost|p2a: Hydreigon|def|1
|faint|p1a: KANAR
|-damage|p2a: Hydreigon|81/100|[from] item: Life Orb
|
|upkeep
|
|t:|1662374401
|switch|p1a: STAK|Stakataka|49/100
|-damage|p1a: STAK|43/100|[from] Stealth Rock
|turn|28
|
|t:|1662374406
|move|p2a: Hydreigon|Superpower|p1a: STAK
|-supereffective|p1a: STAK
|-crit|p1a: STAK
|-damage|p1a: STAK|0 fnt
|-unboost|p2a: Hydreigon|atk|1
|-unboost|p2a: Hydreigon|def|1
|faint|p1a: STAK
|-damage|p2a: Hydreigon|71/100|[from] item: Life Orb
|
|win|Springerk
|raw|Liquide snake's rating: 1366 &rarr; <strong>1355</strong><br />(-11 for losing)
|raw|Springerk's rating: 1524 &rarr; <strong>1535</strong><br />(+11 for winning)
|l|☆Liquide snake
