|j|☆Corporate Donkey
|j|☆pokemonisfun
|t:|1654306757
|gametype|singles
|player|p1|Corporate Donkey|ingo|1380
|player|p2|pokemonisfun|#uutrio2ladder|1586
|teamsize|p1|6
|teamsize|p2|6
|gen|8
|tier|[Gen 8] UU
|rated|
|rule|Sleep Clause Mod: Limit one foe put to sleep
|rule|Species Clause: Limit one of each Pokémon
|rule|OHKO Clause: OHKO moves are banned
|rule|Evasion Moves Clause: Evasion moves are banned
|rule|Endless Battle Clause: Forcing endless battles is banned
|rule|HP Percentage Mod: HP is shown in percentages
|rule|Dynamax Clause: You cannot dynamax
|clearpoke
|poke|p1|Hippowdon, F|
|poke|p1|Crobat, M|
|poke|p1|Hydreigon, M|
|poke|p1|Scizor, M|
|poke|p1|Rotom-Wash|
|poke|p1|Tangrowth, M|
|poke|p2|Thundurus-Therian, M|
|poke|p2|Zarude|
|poke|p2|Crobat, M|
|poke|p2|Cobalion|
|poke|p2|Slowking, F|
|poke|p2|Mamoswine, M|
|teampreview
|c|☆Corporate Donkey|hey pif
|c|☆pokemonisfun|hi donkey
|
|t:|1654306846
|start
|switch|p1a: Hogwash|Rotom-Wash|100/100
|switch|p2a: think PINK|Slowking, F|100/100
|turn|1
|
|t:|1654306854
|move|p1a: Hogwash|Will-O-Wisp|p2a: think PINK
|-status|p2a: think PINK|brn
|move|p2a: think PINK|Teleport|p2a: think PINK
|c|☆pokemonisfun|bats in
|
|t:|1654306858
|switch|p2a: funky monky|Zarude|100/100|[from]move: Teleport
|
|upkeep
|turn|2
|
|t:|1654306893
|switch|p1a: Slash|Scizor, M|100/100
|move|p2a: funky monky|U-turn|p1a: Slash
|-resisted|p1a: Slash
|-damage|p1a: Slash|90/100
|
|t:|1654306903
|switch|p2a: iron willed sheep|Cobalion|100/100|[from]move: U-turn
|
|upkeep
|turn|3
|
|t:|1654306918
|switch|p1a: Donna|Hippowdon, F|100/100
|-weather|Sandstorm|[from] ability: Sand Stream|[of] p1a: Donna
|move|p2a: iron willed sheep|Stealth Rock|p1a: Donna
|-sidestart|p1: Corporate Donkey|move: Stealth Rock
|
|-weather|Sandstorm|[upkeep]
|upkeep
|turn|4
|
|t:|1654306928
|switch|p2a: think PINK|Slowking, F|100/100 brn
|move|p1a: Donna|Stealth Rock|p2a: think PINK
|-sidestart|p2: pokemonisfun|move: Stealth Rock
|
|-weather|Sandstorm|[upkeep]
|-damage|p2a: think PINK|94/100 brn|[from] Sandstorm
|-damage|p2a: think PINK|88/100 brn|[from] brn
|upkeep
|turn|5
|
|t:|1654306937
|switch|p1a: Ricardo|Hydreigon, M|100/100
|-damage|p1a: Ricardo|88/100|[from] Stealth Rock
|move|p2a: think PINK|Scald|p1a: Ricardo
|-resisted|p1a: Ricardo
|-damage|p1a: Ricardo|73/100
|-status|p1a: Ricardo|brn
|
|-weather|Sandstorm|[upkeep]
|-damage|p1a: Ricardo|67/100 brn|[from] Sandstorm
|-damage|p2a: think PINK|82/100 brn|[from] Sandstorm
|-damage|p1a: Ricardo|61/100 brn|[from] brn
|-damage|p2a: think PINK|76/100 brn|[from] brn
|upkeep
|turn|6
|
|t:|1654306953
|move|p1a: Ricardo|Draco Meteor|p2a: think PINK
|-damage|p2a: think PINK|0 fnt
|-unboost|p1a: Ricardo|spa|2
|faint|p2a: think PINK
|
|-weather|Sandstorm|[upkeep]
|-damage|p1a: Ricardo|55/100 brn|[from] Sandstorm
|-damage|p1a: Ricardo|48/100 brn|[from] brn
|upkeep
|c|☆pokemonisfun|didnt need em
|
|t:|1654306974
|switch|p2a: dat bat|Crobat, M|100/100
|turn|7
|
|t:|1654306977
|move|p2a: dat bat|U-turn|p1a: Ricardo
|-supereffective|p1a: Ricardo
|-damage|p1a: Ricardo|4/100 brn
|
|t:|1654306983
|switch|p2a: iron willed sheep|Cobalion|100/100|[from]move: U-turn
|-damage|p2a: iron willed sheep|97/100|[from] Stealth Rock
|move|p1a: Ricardo|Draco Meteor|p2a: iron willed sheep
|-resisted|p2a: iron willed sheep
|-damage|p2a: iron willed sheep|62/100
|-unboost|p1a: Ricardo|spa|2
|
|-weather|none
|-damage|p1a: Ricardo|0 fnt|[from] brn
|faint|p1a: Ricardo
|upkeep
|
|t:|1654306998
|switch|p1a: Donna|Hippowdon, F|100/100
|-damage|p1a: Donna|94/100|[from] Stealth Rock
|-weather|Sandstorm|[from] ability: Sand Stream|[of] p1a: Donna
|turn|8
|
|t:|1654307038
|switch|p2a: dat bat|Crobat, M|100/100
|switch|p1a: Slash|Scizor, M|90/100
|
|-weather|Sandstorm|[upkeep]
|-damage|p2a: dat bat|94/100|[from] Sandstorm
|upkeep
|turn|9
|
|t:|1654307052
|move|p2a: dat bat|U-turn|p1a: Slash
|-resisted|p1a: Slash
|-damage|p1a: Slash|82/100
|
|t:|1654307055
|switch|p2a: iron willed sheep|Cobalion|62/100|[from]move: U-turn
|-damage|p2a: iron willed sheep|59/100|[from] Stealth Rock
|move|p1a: Slash|Knock Off|p2a: iron willed sheep
|-resisted|p2a: iron willed sheep
|-damage|p2a: iron willed sheep|45/100
|-damage|p1a: Slash|65/100|[from] item: Rocky Helmet|[of] p2a: iron willed sheep
|-ability|p2a: iron willed sheep|Justified|boost
|-boost|p2a: iron willed sheep|atk|1
|-enditem|p2a: iron willed sheep|Rocky Helmet|[from] move: Knock Off|[of] p1a: Slash
|
|-weather|Sandstorm|[upkeep]
|upkeep
|turn|10
|
|t:|1654307063
|switch|p1a: Donna|Hippowdon, F|94/100
|-damage|p1a: Donna|88/100|[from] Stealth Rock
|move|p2a: iron willed sheep|Close Combat|p1a: Donna
|-damage|p1a: Donna|44/100
|-unboost|p2a: iron willed sheep|def|1
|-unboost|p2a: iron willed sheep|spd|1
|-damage|p2a: iron willed sheep|29/100|[from] item: Rocky Helmet|[of] p1a: Donna
|
|-weather|Sandstorm|[upkeep]
|upkeep
|turn|11
|
|t:|1654307109
|move|p2a: iron willed sheep|Close Combat|p1a: Donna
|-damage|p1a: Donna|0 fnt
|-unboost|p2a: iron willed sheep|def|1
|-unboost|p2a: iron willed sheep|spd|1
|-damage|p2a: iron willed sheep|13/100|[from] item: Rocky Helmet|[of] p1a: Donna
|faint|p1a: Donna
|
|-weather|Sandstorm|[upkeep]
|upkeep
|
|t:|1654307117
|switch|p1a: Chomper|Crobat, M|100/100
|turn|12
|
|t:|1654307124
|move|p1a: Chomper|Brave Bird|p2a: iron willed sheep
|-damage|p2a: iron willed sheep|0 fnt
|faint|p2a: iron willed sheep
|-damage|p1a: Chomper|96/100|[from] Recoil
|
|-weather|none
|upkeep
|
|t:|1654307128
|switch|p2a: howdy mr cloudy|Thundurus-Therian, M|100/100
|turn|13
|
|t:|1654307136
|move|p1a: Chomper|U-turn|p2a: howdy mr cloudy
|-resisted|p2a: howdy mr cloudy
|-damage|p2a: howdy mr cloudy|87/100
|
|t:|1654307138
|switch|p1a: Boyardee|Tangrowth, M|100/100|[from]move: U-turn
|-damage|p1a: Boyardee|88/100|[from] Stealth Rock
|move|p2a: howdy mr cloudy|Psychic|p1a: Boyardee
|-damage|p1a: Boyardee|66/100
|
|upkeep
|turn|14
|
|t:|1654307145
|move|p2a: howdy mr cloudy|Volt Switch|p1a: Boyardee
|-resisted|p1a: Boyardee
|-damage|p1a: Boyardee|55/100
|
|t:|1654307154
|switch|p2a: dat bat|Crobat, M|94/100|[from]move: Volt Switch
|move|p1a: Boyardee|Knock Off|p2a: dat bat
|-damage|p2a: dat bat|64/100
|-enditem|p2a: dat bat|Heavy-Duty Boots|[from] move: Knock Off|[of] p1a: Boyardee
|
|upkeep
|turn|15
|
|t:|1654307174
|switch|p1a: Hogwash|Rotom-Wash|100/100
|-damage|p1a: Hogwash|88/100|[from] Stealth Rock
|move|p2a: dat bat|U-turn|p1a: Hogwash
|-damage|p1a: Hogwash|67/100
|
|t:|1654307178
|switch|p2a: funky monky|Zarude|100/100|[from]move: U-turn
|
|-heal|p1a: Hogwash|73/100|[from] item: Leftovers
|upkeep
|turn|16
|
|t:|1654307193
|switch|p1a: Chomper|Crobat, M|96/100
|move|p2a: funky monky|Darkest Lariat|p1a: Chomper
|-damage|p1a: Chomper|45/100
|
|upkeep
|turn|17
|
|t:|1654307204
|switch|p2a: howdy mr cloudy|Thundurus-Therian, M|87/100
|move|p1a: Chomper|U-turn|p2a: howdy mr cloudy
|-resisted|p2a: howdy mr cloudy
|-damage|p2a: howdy mr cloudy|72/100
|
|t:|1654307210
|switch|p1a: Slash|Scizor, M|65/100|[from]move: U-turn
|
|upkeep
|turn|18
|
|t:|1654307213
|move|p2a: howdy mr cloudy|Volt Switch|p1a: Slash
|-damage|p1a: Slash|25/100
|
|t:|1654307224
|switch|p2a: dat bat|Crobat, M|64/100|[from]move: Volt Switch
|-damage|p2a: dat bat|39/100|[from] Stealth Rock
|move|p1a: Slash|Roost|p1a: Slash
|-heal|p1a: Slash|75/100
|-singleturn|p1a: Slash|move: Roost
|
|upkeep
|turn|19
|
|t:|1654307236
|move|p1a: Slash|Bullet Punch|p2a: dat bat
|-damage|p2a: dat bat|5/100
|move|p2a: dat bat|Brave Bird|p1a: Slash
|-damage|p1a: Slash|30/100
|-damage|p2a: dat bat|0 fnt|[from] Recoil
|faint|p2a: dat bat
|
|upkeep
|
|t:|1654307244
|switch|p2a: howdy mr cloudy|Thundurus-Therian, M|72/100
|turn|20
|
|t:|1654307274
|move|p1a: Slash|Bullet Punch|p2a: howdy mr cloudy
|-resisted|p2a: howdy mr cloudy
|-damage|p2a: howdy mr cloudy|50/100
|move|p2a: howdy mr cloudy|Volt Switch|p1a: Slash
|-damage|p1a: Slash|0 fnt
|faint|p1a: Slash
|
|t:|1654307293
|switch|p2a: meme-o-swine|Mamoswine, M|100/100|[from]move: Volt Switch
|-damage|p2a: meme-o-swine|88/100|[from] Stealth Rock
|
|upkeep
|
|t:|1654307302
|switch|p1a: Hogwash|Rotom-Wash|73/100
|-damage|p1a: Hogwash|61/100|[from] Stealth Rock
|turn|21
|j| Goro Yagami 6@!
|
|t:|1654307317
|switch|p2a: funky monky|Zarude|100/100
|move|p1a: Hogwash|Volt Switch|p2a: funky monky
|-resisted|p2a: funky monky
|-damage|p2a: funky monky|88/100
|
|t:|1654307328
|switch|p1a: Chomper|Crobat, M|45/100|[from]move: Volt Switch
|
|upkeep
|turn|22
|
|t:|1654307335
|move|p1a: Chomper|Brave Bird|p2a: funky monky
|-supereffective|p2a: funky monky
|-damage|p2a: funky monky|0 fnt
|faint|p2a: funky monky
|-damage|p1a: Chomper|14/100|[from] Recoil
|
|upkeep
|
|t:|1654307365
|switch|p2a: howdy mr cloudy|Thundurus-Therian, M|50/100
|turn|23
|
|t:|1654307373
|move|p1a: Chomper|Brave Bird|p2a: howdy mr cloudy
|-resisted|p2a: howdy mr cloudy
|-damage|p2a: howdy mr cloudy|10/100
|-damage|p1a: Chomper|2/100|[from] Recoil
|move|p2a: howdy mr cloudy|Psychic|p1a: Chomper
|-supereffective|p1a: Chomper
|-crit|p1a: Chomper
|-damage|p1a: Chomper|0 fnt
|faint|p1a: Chomper
|
|upkeep
|
|t:|1654307387
|switch|p1a: Boyardee|Tangrowth, M|88/100
|-damage|p1a: Boyardee|75/100|[from] Stealth Rock
|turn|24
|
|t:|1654307399
|move|p2a: howdy mr cloudy|Volt Switch|p1a: Boyardee
|-resisted|p1a: Boyardee
|-damage|p1a: Boyardee|64/100
|
|t:|1654307401
|switch|p2a: meme-o-swine|Mamoswine, M|88/100|[from]move: Volt Switch
|-damage|p2a: meme-o-swine|76/100|[from] Stealth Rock
|move|p1a: Boyardee|Power Whip|p2a: meme-o-swine
|-supereffective|p2a: meme-o-swine
|-damage|p2a: meme-o-swine|0 fnt
|faint|p2a: meme-o-swine
|
|upkeep
|
|t:|1654307408
|switch|p2a: howdy mr cloudy|Thundurus-Therian, M|10/100
|turn|25
|
|t:|1654307411
|move|p2a: howdy mr cloudy|Focus Blast|p1a: Boyardee
|-damage|p1a: Boyardee|38/100
|move|p1a: Boyardee|Knock Off|p2a: howdy mr cloudy
|-damage|p2a: howdy mr cloudy|0 fnt
|-enditem|p2a: howdy mr cloudy|Heavy-Duty Boots|[from] move: Knock Off|[of] p1a: Boyardee
|faint|p2a: howdy mr cloudy
|
|win|Corporate Donkey
|raw|Corporate Donkey's rating: 1380 &rarr; <strong>1411</strong><br />(+31 for winning)
|raw|pokemonisfun's rating: 1586 &rarr; <strong>1555</strong><br />(-31 for losing)
|c|☆Corporate Donkey|gg
|c|☆pokemonisfun|gg
|l| Goro Yagami 6
|l|☆pokemonisfun
