|j|☆smee maimen
|j|☆UU12 Akimbo
|inactive|Battle timer is ON: inactive players will automatically lose when time's up.
|t:|1654282218
|gametype|singles
|player|p1|smee maimen|cameraman|
|player|p2|UU12 Akimbo|lucas|
|teamsize|p1|6
|teamsize|p2|6
|gen|8
|tier|[Gen 8] UU
|rated|Tournament battle
|rule|Sleep Clause Mod: Limit one foe put to sleep
|rule|Species Clause: Limit one of each Pokémon
|rule|OHKO Clause: OHKO moves are banned
|rule|Evasion Moves Clause: Evasion moves are banned
|rule|Endless Battle Clause: Forcing endless battles is banned
|rule|HP Percentage Mod: HP is shown in percentages
|rule|Dynamax Clause: You cannot dynamax
|clearpoke
|poke|p1|Scizor, M|
|poke|p1|Hydreigon, M|
|poke|p1|Skarmory, M|
|poke|p1|Gyarados, M|
|poke|p1|Primarina, M|
|poke|p1|Mamoswine, M|
|poke|p2|Azelf|
|poke|p2|Zarude|
|poke|p2|Scizor, F|
|poke|p2|Salamence, F|
|poke|p2|Primarina, F|
|poke|p2|Nidoqueen, F|
|teampreview
|j|*Lady Monita ✿
|j| BB-8-NU
|inactive|UU12 Akimbo also wants the timer to be on.
|j| neckbeard07
|j| NoTollsNoRolls
|
|t:|1654282235
|start
|switch|p1a: No Survivors|Hydreigon, M|100/100
|switch|p2a: Azelf|Azelf|100/100
|turn|1
|j| INTENSEDLEON
|j| zuleta2
|l| zuleta2
|j| Practically Numb
|inactive|UU12 Akimbo has 120 seconds left.
|
|t:|1654282269
|switch|p2a: Primarina|Primarina, F|100/100
|move|p1a: No Survivors|Dark Pulse|p2a: Primarina
|-resisted|p2a: Primarina
|-damage|p2a: Primarina|86/100
|
|-heal|p2a: Primarina|92/100|[from] item: Leftovers
|upkeep
|turn|2
|inactive|smee maimen has 120 seconds left.
|j| prof dankness
|
|t:|1654282310
|switch|p1a: Dr. Pavel|Primarina, M|100/100
|move|p2a: Primarina|Moonblast|p1a: Dr. Pavel
|-damage|p1a: Dr. Pavel|77/100
|
|-heal|p2a: Primarina|98/100|[from] item: Leftovers
|upkeep
|turn|3
|
|t:|1654282319
|move|p2a: Primarina|Calm Mind|p2a: Primarina
|-boost|p2a: Primarina|spa|1
|-boost|p2a: Primarina|spd|1
|move|p1a: Dr. Pavel|Energy Ball|p2a: Primarina
|-supereffective|p2a: Primarina
|-damage|p2a: Primarina|68/100
|-unboost|p2a: Primarina|spd|1
|
|-heal|p2a: Primarina|74/100|[from] item: Leftovers
|upkeep
|turn|4
|j| ihavebestsandteam
|inactive|smee maimen has 120 seconds left.
|
|t:|1654282330
|move|p2a: Primarina|Calm Mind|p2a: Primarina
|-boost|p2a: Primarina|spa|1
|-boost|p2a: Primarina|spd|1
|move|p1a: Dr. Pavel|Energy Ball|p2a: Primarina
|-supereffective|p2a: Primarina
|-damage|p2a: Primarina|44/100
|
|-heal|p2a: Primarina|50/100|[from] item: Leftovers
|upkeep
|turn|5
|j| AbandonedWeedle
|
|t:|1654282335
|move|p2a: Primarina|Moonblast|p1a: Dr. Pavel
|-damage|p1a: Dr. Pavel|35/100
|move|p1a: Dr. Pavel|Energy Ball|p2a: Primarina
|-supereffective|p2a: Primarina
|-damage|p2a: Primarina|22/100
|
|-heal|p2a: Primarina|29/100|[from] item: Leftovers
|upkeep
|turn|6
|
|t:|1654282345
|move|p2a: Primarina|Moonblast|p1a: Dr. Pavel
|-damage|p1a: Dr. Pavel|0 fnt
|faint|p1a: Dr. Pavel
|
|-heal|p2a: Primarina|35/100|[from] item: Leftovers
|upkeep
|
|t:|1654282349
|switch|p1a: Bane|Gyarados, M|100/100
|turn|7
|c| AbandonedWeedle|best camerman pokemon battler in underused of all time
|
|t:|1654282358
|switch|p2a: Zarude|Zarude|100/100
|move|p1a: Bane|Power Whip|p2a: Zarude
|-resisted|p2a: Zarude
|-damage|p2a: Zarude|79/100
|
|upkeep
|turn|8
|c|☆smee maimen|lol
|
|t:|1654282365
|switch|p1a: Bill "CIA" Wilson|Scizor, M|100/100
|move|p2a: Zarude|Power Whip|p1a: Bill "CIA" Wilson
|-resisted|p1a: Bill "CIA" Wilson
|-damage|p1a: Bill "CIA" Wilson|89/100
|-damage|p2a: Zarude|62/100|[from] item: Rocky Helmet|[of] p1a: Bill "CIA" Wilson
|
|upkeep
|turn|9
|
|t:|1654282372
|switch|p2a: Salamence|Salamence, F|100/100
|-ability|p2a: Salamence|Intimidate|boost
|-unboost|p1a: Bill "CIA" Wilson|atk|1
|move|p1a: Bill "CIA" Wilson|U-turn|p2a: Salamence
|-resisted|p2a: Salamence
|-damage|p2a: Salamence|92/100
|
|t:|1654282383
|switch|p1a: No Survivors|Hydreigon, M|100/100|[from]move: U-turn
|
|upkeep
|turn|10
|
|t:|1654282389
|switch|p1a: Bane|Gyarados, M|100/100
|switch|p2a: Primarina|Primarina, F|35/100
|
|-heal|p2a: Primarina|41/100|[from] item: Leftovers
|upkeep
|turn|11
|
|t:|1654282395
|move|p1a: Bane|Dragon Dance|p1a: Bane
|-boost|p1a: Bane|atk|1
|-boost|p1a: Bane|spe|1
|move|p2a: Primarina|Moonblast|p1a: Bane
|-damage|p1a: Bane|61/100
|
|-heal|p2a: Primarina|47/100|[from] item: Leftovers
|upkeep
|turn|12
|
|t:|1654282397
|switch|p2a: Salamence|Salamence, F|92/100
|-ability|p2a: Salamence|Intimidate|boost
|-unboost|p1a: Bane|atk|1
|move|p1a: Bane|Power Whip|p2a: Salamence
|-resisted|p2a: Salamence
|-damage|p2a: Salamence|82/100
|
|upkeep
|turn|13
|
|t:|1654282401
|switch|p2a: Scizor|Scizor, F|100/100
|move|p1a: Bane|Dragon Dance|p1a: Bane
|-boost|p1a: Bane|atk|1
|-boost|p1a: Bane|spe|1
|
|upkeep
|turn|14
|
|t:|1654282403
|move|p1a: Bane|Waterfall|p2a: Scizor
|-damage|p2a: Scizor|39/100
|move|p2a: Scizor|Knock Off|p1a: Bane
|-damage|p1a: Bane|20/100
|-enditem|p1a: Bane|Sitrus Berry|[from] move: Knock Off|[of] p2a: Scizor
|
|upkeep
|turn|15
|
|t:|1654282413
|switch|p1a: Bill "CIA" Wilson|Scizor, M|89/100
|switch|p2a: Salamence|Salamence, F|82/100
|-ability|p2a: Salamence|Intimidate|boost
|-unboost|p1a: Bill "CIA" Wilson|atk|1
|
|upkeep
|turn|16
|
|t:|1654282429
|move|p2a: Salamence|Flamethrower|p1a: Bill "CIA" Wilson
|-supereffective|p1a: Bill "CIA" Wilson
|-damage|p1a: Bill "CIA" Wilson|10/100
|move|p1a: Bill "CIA" Wilson|Swords Dance|p1a: Bill "CIA" Wilson
|-boost|p1a: Bill "CIA" Wilson|atk|2
|
|upkeep
|turn|17
|j| NoobMaster+593
|c| ihavebestsandteam|why does everyone use special salamence
|c| ihavebestsandteam|fr
|c|☆smee maimen|ikr
|inactive|UU12 Akimbo has 120 seconds left.
|j| zuleta2
|
|t:|1654282475
|move|p1a: Bill "CIA" Wilson|Bullet Punch|p2a: Salamence
|-damage|p2a: Salamence|50/100
|move|p2a: Salamence|Flamethrower|p1a: Bill "CIA" Wilson
|-supereffective|p1a: Bill "CIA" Wilson
|-damage|p1a: Bill "CIA" Wilson|0 fnt
|faint|p1a: Bill "CIA" Wilson
|
|upkeep
|
|t:|1654282482
|switch|p1a: Big Guy 4U|Mamoswine, M|100/100
|turn|18
|c|☆UU12 Akimbo|it's def mixed
|c|☆UU12 Akimbo|u need flame
|c|☆UU12 Akimbo|for things like zor skarm
|inactive|UU12 Akimbo has 90 seconds left.
|
|t:|1654282515
|move|p1a: Big Guy 4U|Stealth Rock|p2a: Salamence
|-sidestart|p2: UU12 Akimbo|move: Stealth Rock
|move|p2a: Salamence|Flamethrower|p1a: Big Guy 4U
|-supereffective|p1a: Big Guy 4U
|-damage|p1a: Big Guy 4U|72/100
|
|upkeep
|turn|19
|inactive|UU12 Akimbo has 90 seconds left.
|
|t:|1654282526
|move|p1a: Big Guy 4U|Ice Shard|p2a: Salamence
|-supereffective|p2a: Salamence
|-damage|p2a: Salamence|0 fnt
|faint|p2a: Salamence
|-damage|p1a: Big Guy 4U|62/100|[from] item: Life Orb
|
|upkeep
|
|t:|1654282527
|switch|p2a: Scizor|Scizor, F|39/100
|-damage|p2a: Scizor|27/100|[from] Stealth Rock
|turn|20
|
|t:|1654282532
|switch|p1a: Wreckage Brother|Skarmory, M|100/100
|move|p2a: Scizor|Roost|p2a: Scizor
|-heal|p2a: Scizor|77/100
|-singleturn|p2a: Scizor|move: Roost
|
|upkeep
|turn|21
|
|t:|1654282538
|switch|p2a: Azelf|Azelf|100/100
|move|p1a: Wreckage Brother|Iron Defense|p1a: Wreckage Brother
|-boost|p1a: Wreckage Brother|def|2
|
|upkeep
|turn|22
|c|☆smee maimen|isn't fire fang better?
|
|t:|1654282546
|switch|p1a: No Survivors|Hydreigon, M|100/100
|move|p2a: Azelf|Flamethrower|p1a: No Survivors
|-resisted|p1a: No Survivors
|-damage|p1a: No Survivors|84/100
|
|upkeep
|turn|23
|c|☆UU12 Akimbo|nah lol
|inactive|UU12 Akimbo has 120 seconds left.
|
|t:|1654282557
|switch|p2a: Primarina|Primarina, F|47/100
|-damage|p2a: Primarina|34/100|[from] Stealth Rock
|move|p1a: No Survivors|Dark Pulse|p2a: Primarina
|-resisted|p2a: Primarina
|-damage|p2a: Primarina|22/100
|
|-heal|p2a: Primarina|28/100|[from] item: Leftovers
|upkeep
|turn|24
|c|☆smee maimen|hmm I guess def skarm survives
|
|t:|1654282571
|switch|p1a: Bane|Gyarados, M|20/100
|move|p2a: Primarina|Rest|p2a: Primarina
|-status|p2a: Primarina|slp|[from] move: Rest
|-heal|p2a: Primarina|100/100 slp|[silent]
|
|upkeep
|turn|25
|c|☆UU12 Akimbo|yea and ?
|c|☆UU12 Akimbo|what could skarm do
|inactive|UU12 Akimbo has 120 seconds left.
|
|t:|1654282587
|switch|p2a: Scizor|Scizor, F|77/100
|-damage|p2a: Scizor|64/100|[from] Stealth Rock
|move|p1a: Bane|Waterfall|p2a: Scizor
|-damage|p2a: Scizor|22/100
|
|upkeep
|turn|26
|
|t:|1654282591
|switch|p1a: Wreckage Brother|Skarmory, M|100/100
|move|p2a: Scizor|Bullet Punch|p1a: Wreckage Brother
|-resisted|p1a: Wreckage Brother
|-damage|p1a: Wreckage Brother|91/100
|
|upkeep
|turn|27
|
|t:|1654282596
|move|p1a: Wreckage Brother|Iron Defense|p1a: Wreckage Brother
|-boost|p1a: Wreckage Brother|def|2
|move|p2a: Scizor|Roost|p2a: Scizor
|-heal|p2a: Scizor|72/100
|-singleturn|p2a: Scizor|move: Roost
|
|upkeep
|turn|28
|
|t:|1654282599
|switch|p2a: Nidoqueen|Nidoqueen, F|100/100
|-damage|p2a: Nidoqueen|94/100|[from] Stealth Rock
|move|p1a: Wreckage Brother|Body Press|p2a: Nidoqueen
|-resisted|p2a: Nidoqueen
|-damage|p2a: Nidoqueen|60/100
|
|upkeep
|turn|29
|
|t:|1654282605
|switch|p1a: No Survivors|Hydreigon, M|84/100
|move|p2a: Nidoqueen|Stealth Rock|p1a: No Survivors
|-sidestart|p1: smee maimen|move: Stealth Rock
|
|upkeep
|turn|30
|
|t:|1654282627
|switch|p2a: Primarina|Primarina, F|100/100 slp
|-damage|p2a: Primarina|88/100 slp|[from] Stealth Rock
|move|p1a: No Survivors|Dark Pulse|p2a: Primarina
|-resisted|p2a: Primarina
|-damage|p2a: Primarina|75/100 slp
|
|-heal|p2a: Primarina|81/100 slp|[from] item: Leftovers
|upkeep
|turn|31
|
|t:|1654282647
|switch|p1a: Bane|Gyarados, M|20/100
|-damage|p1a: Bane|0 fnt|[from] Stealth Rock
|faint|p1a: Bane
|cant|p2a: Primarina|slp
|move|p2a: Primarina|Snore|p1: Bane|[notarget]
|-fail|p2a: Primarina
|
|-heal|p2a: Primarina|87/100 slp|[from] item: Leftovers
|upkeep
|
|t:|1654282652
|switch|p1a: Big Guy 4U|Mamoswine, M|62/100
|-damage|p1a: Big Guy 4U|49/100|[from] Stealth Rock
|turn|32
|
|t:|1654282664
|switch|p2a: Nidoqueen|Nidoqueen, F|60/100
|-damage|p2a: Nidoqueen|54/100|[from] Stealth Rock
|move|p1a: Big Guy 4U|Earthquake|p2a: Nidoqueen
|-supereffective|p2a: Nidoqueen
|-damage|p2a: Nidoqueen|0 fnt
|faint|p2a: Nidoqueen
|-damage|p1a: Big Guy 4U|39/100|[from] item: Life Orb
|
|upkeep
|
|t:|1654282666
|switch|p2a: Azelf|Azelf|100/100
|turn|33
|
|t:|1654282677
|switch|p1a: No Survivors|Hydreigon, M|84/100
|-damage|p1a: No Survivors|72/100|[from] Stealth Rock
|move|p2a: Azelf|Psychic|p1a: No Survivors
|-immune|p1a: No Survivors
|
|upkeep
|turn|34
|
|t:|1654282681
|switch|p2a: Primarina|Primarina, F|87/100 slp
|-damage|p2a: Primarina|75/100 slp|[from] Stealth Rock
|move|p1a: No Survivors|U-turn|p2a: Primarina
|-resisted|p2a: Primarina
|-damage|p2a: Primarina|66/100 slp
|
|t:|1654282686
|switch|p1a: Big Guy 4U|Mamoswine, M|39/100|[from]move: U-turn
|-damage|p1a: Big Guy 4U|27/100|[from] Stealth Rock
|
|-heal|p2a: Primarina|72/100 slp|[from] item: Leftovers
|upkeep
|turn|35
|j| Mark Gatz
|
|t:|1654282693
|switch|p2a: Scizor|Scizor, F|72/100
|-damage|p2a: Scizor|60/100|[from] Stealth Rock
|move|p1a: Big Guy 4U|Icicle Crash|p2a: Scizor
|-resisted|p2a: Scizor
|-damage|p2a: Scizor|35/100
|-damage|p1a: Big Guy 4U|17/100|[from] item: Life Orb
|
|upkeep
|turn|36
|
|t:|1654282698
|move|p2a: Scizor|Bullet Punch|p1a: Big Guy 4U
|-supereffective|p1a: Big Guy 4U
|-damage|p1a: Big Guy 4U|0 fnt
|faint|p1a: Big Guy 4U
|
|upkeep
|
|t:|1654282700
|switch|p1a: Wreckage Brother|Skarmory, M|91/100
|turn|37
|
|t:|1654282702
|switch|p2a: Azelf|Azelf|100/100
|move|p1a: Wreckage Brother|Iron Defense|p1a: Wreckage Brother
|-boost|p1a: Wreckage Brother|def|2
|
|upkeep
|turn|38
|
|t:|1654282707
|switch|p1a: No Survivors|Hydreigon, M|72/100
|-damage|p1a: No Survivors|59/100|[from] Stealth Rock
|move|p2a: Azelf|Flamethrower|p1a: No Survivors
|-resisted|p1a: No Survivors
|-damage|p1a: No Survivors|40/100
|
|upkeep
|turn|39
|
|t:|1654282712
|switch|p2a: Primarina|Primarina, F|72/100 slp
|-damage|p2a: Primarina|60/100 slp|[from] Stealth Rock
|move|p1a: No Survivors|U-turn|p2a: Primarina
|-resisted|p2a: Primarina
|-damage|p2a: Primarina|52/100 slp
|
|t:|1654282713
|switch|p1a: Wreckage Brother|Skarmory, M|91/100|[from]move: U-turn
|
|-heal|p2a: Primarina|58/100 slp|[from] item: Leftovers
|upkeep
|turn|40
|
|t:|1654282719
|move|p1a: Wreckage Brother|Iron Defense|p1a: Wreckage Brother
|-boost|p1a: Wreckage Brother|def|2
|cant|p2a: Primarina|slp
|move|p2a: Primarina|Snore|p1a: Wreckage Brother
|-damage|p1a: Wreckage Brother|59/100
|
|-heal|p2a: Primarina|64/100 slp|[from] item: Leftovers
|upkeep
|turn|41
|
|t:|1654282724
|switch|p2a: Scizor|Scizor, F|35/100
|-damage|p2a: Scizor|22/100|[from] Stealth Rock
|move|p1a: Wreckage Brother|Roost|p1a: Wreckage Brother
|-heal|p1a: Wreckage Brother|100/100
|-singleturn|p1a: Wreckage Brother|move: Roost
|
|upkeep
|turn|42
|
|t:|1654282726
|move|p1a: Wreckage Brother|Iron Defense|p1a: Wreckage Brother
|-boost|p1a: Wreckage Brother|def|2
|move|p2a: Scizor|Knock Off|p1a: Wreckage Brother
|-damage|p1a: Wreckage Brother|93/100
|-enditem|p1a: Wreckage Brother|Heavy-Duty Boots|[from] move: Knock Off|[of] p2a: Scizor
|
|upkeep
|turn|43
|
|t:|1654282731
|move|p2a: Scizor|Bullet Punch|p1a: Wreckage Brother
|-resisted|p1a: Wreckage Brother
|-damage|p1a: Wreckage Brother|90/100
|move|p1a: Wreckage Brother|Roost|p1a: Wreckage Brother
|-heal|p1a: Wreckage Brother|100/100
|-singleturn|p1a: Wreckage Brother|move: Roost
|
|upkeep
|turn|44
|
|t:|1654282736
|move|p2a: Scizor|Bullet Punch|p1a: Wreckage Brother
|-resisted|p1a: Wreckage Brother
|-damage|p1a: Wreckage Brother|98/100
|move|p1a: Wreckage Brother|Body Press|p2a: Scizor
|-damage|p2a: Scizor|0 fnt
|faint|p2a: Scizor
|
|upkeep
|
|t:|1654282738
|switch|p2a: Azelf|Azelf|100/100
|turn|45
|
|t:|1654282740
|switch|p1a: No Survivors|Hydreigon, M|40/100
|-damage|p1a: No Survivors|28/100|[from] Stealth Rock
|move|p2a: Azelf|Flamethrower|p1a: No Survivors
|-resisted|p1a: No Survivors
|-damage|p1a: No Survivors|11/100
|
|upkeep
|turn|46
|
|t:|1654282745
|switch|p2a: Primarina|Primarina, F|64/100 slp
|-damage|p2a: Primarina|52/100 slp|[from] Stealth Rock
|move|p1a: No Survivors|Dark Pulse|p2a: Primarina
|-resisted|p2a: Primarina
|-damage|p2a: Primarina|39/100 slp
|
|-heal|p2a: Primarina|45/100 slp|[from] item: Leftovers
|upkeep
|turn|47
|
|t:|1654282754
|move|p1a: No Survivors|Dark Pulse|p2a: Primarina
|-resisted|p2a: Primarina
|-damage|p2a: Primarina|32/100 slp
|-curestatus|p2a: Primarina|slp|[msg]
|move|p2a: Primarina|Calm Mind|p2a: Primarina
|-boost|p2a: Primarina|spa|1
|-boost|p2a: Primarina|spd|1
|
|-heal|p2a: Primarina|38/100|[from] item: Leftovers
|upkeep
|turn|48
|
|t:|1654282760
|move|p1a: No Survivors|Dark Pulse|p2a: Primarina
|-resisted|p2a: Primarina
|-crit|p2a: Primarina
|-damage|p2a: Primarina|18/100
|move|p2a: Primarina|Calm Mind|p2a: Primarina
|-boost|p2a: Primarina|spa|1
|-boost|p2a: Primarina|spd|1
|
|-heal|p2a: Primarina|24/100|[from] item: Leftovers
|upkeep
|turn|49
|c|☆smee maimen|come on lets go flinch hax
|
|t:|1654282766
|move|p1a: No Survivors|Dark Pulse|p2a: Primarina
|-resisted|p2a: Primarina
|-damage|p2a: Primarina|18/100
|cant|p2a: Primarina|flinch
|
|-heal|p2a: Primarina|24/100|[from] item: Leftovers
|upkeep
|turn|50
|j| InverseBattlePls!
|
|t:|1654282768
|move|p1a: No Survivors|Dark Pulse|p2a: Primarina
|-resisted|p2a: Primarina
|-damage|p2a: Primarina|17/100
|move|p2a: Primarina|Rest|p2a: Primarina
|-status|p2a: Primarina|slp|[from] move: Rest
|-heal|p2a: Primarina|100/100 slp|[silent]
|
|upkeep
|turn|51
|
|t:|1654282771
|move|p1a: No Survivors|Dark Pulse|p2a: Primarina
|-resisted|p2a: Primarina
|-damage|p2a: Primarina|93/100 slp
|cant|p2a: Primarina|slp
|move|p2a: Primarina|Snore|p1a: No Survivors
|-resisted|p1a: No Survivors
|-damage|p1a: No Survivors|0 fnt
|faint|p1a: No Survivors
|
|-heal|p2a: Primarina|99/100 slp|[from] item: Leftovers
|upkeep
|
|t:|1654282772
|switch|p1a: Wreckage Brother|Skarmory, M|98/100
|-damage|p1a: Wreckage Brother|85/100|[from] Stealth Rock
|turn|52
|c|☆smee maimen|gg
|
|t:|1654282777
|move|p1a: Wreckage Brother|Iron Defense|p1a: Wreckage Brother
|-boost|p1a: Wreckage Brother|def|2
|cant|p2a: Primarina|slp
|move|p2a: Primarina|Snore|p1a: Wreckage Brother
|-damage|p1a: Wreckage Brother|24/100
|
|-heal|p2a: Primarina|100/100 slp|[from] item: Leftovers
|upkeep
|turn|53
|c|☆UU12 Akimbo|gg
|
|t:|1654282781
|move|p1a: Wreckage Brother|Roost|p1a: Wreckage Brother
|-heal|p1a: Wreckage Brother|74/100
|-singleturn|p1a: Wreckage Brother|move: Roost
|-curestatus|p2a: Primarina|slp|[msg]
|move|p2a: Primarina|Moonblast|p1a: Wreckage Brother
|-resisted|p1a: Wreckage Brother
|-damage|p1a: Wreckage Brother|17/100
|
|upkeep
|turn|54
|l| Practically Numb
|
|t:|1654282783
|move|p1a: Wreckage Brother|Body Press|p2a: Primarina
|-resisted|p2a: Primarina
|-damage|p2a: Primarina|66/100
|move|p2a: Primarina|Moonblast|p1a: Wreckage Brother
|-resisted|p1a: Wreckage Brother
|-damage|p1a: Wreckage Brother|0 fnt
|faint|p1a: Wreckage Brother
|
|win|UU12 Akimbo
|n|☆smee maimen|smeemaimen
|n|☆UU12 Akimbo|uu12akimbo
|n|*Lady Monita ✿|ladymonita
|n| BB-8-NU|bb8nu
|n| neckbeard07|neckbeard07
|n| NoTollsNoRolls|notollsnorolls
|n| INTENSEDLEON|intensedleon
|n| prof dankness|profdankness
|n| ihavebestsandteam|ihavebestsandteam
|n| AbandonedWeedle|abandonedweedle
|n| NoobMaster+593|noobmaster593
|n| zuleta2|zuleta2
|n| Mark Gatz|markgatz
|n| InverseBattlePls!|inversebattlepls
|l|*Lady Monita ✿
|l| BB-8-NU
|l| neckbeard07
|l|☆UU12 Akimbo
|l| ihavebestsandteam
|l|☆smee maimen
|l| prof dankness
|l| Mark Gatz
|l| NoTollsNoRolls
|l| AbandonedWeedle
|l| zuleta2
|j| Meister Siegfried
