|j|☆big baz
|j|☆Mootagen
|player|p1|big baz|ltsurge|1499
|player|p2|Mootagen|scientist-gen2|1384
|teamsize|p1|6
|teamsize|p2|6
|gametype|singles
|gen|8
|tier|[Gen 8] UU
|rated|
|clearpoke
|poke|p1|Pangoro, M|
|poke|p1|Sigilyph, M|
|poke|p1|Gardevoir, M|
|poke|p1|Weezing-Galar, F|
|poke|p1|Umbreon, M|
|poke|p1|Coalossal, F|
|poke|p2|Coalossal, M|
|poke|p2|Doublade, F|
|poke|p2|Gardevoir, F|
|poke|p2|Heliolisk, F|
|poke|p2|Hippowdon, F|
|poke|p2|Weezing-Galar, M|
|rule|Sleep Clause Mod: Limit one foe put to sleep
|rule|Species Clause: Limit one of each Pokémon
|rule|OHKO Clause: OHKO moves are banned
|rule|Evasion Moves Clause: Evasion moves are banned
|rule|Endless Battle Clause: Forcing endless battles is banned
|rule|HP Percentage Mod: HP is shown in percentages
|rule|Dynamax Clause: You cannot dynamax
|teampreview
|inactive|Battle timer is ON: inactive players will automatically lose when time's up. (requested by Mootagen)
|
|start
|switch|p1a: Pangoro|Pangoro, M|100/100
|switch|p2a: Heliolisk|Heliolisk, F|100/100
|turn|1
|
|switch|p1a: Umbreon|Umbreon, M|100/100
|move|p2a: Heliolisk|Volt Switch|p1a: Umbreon
|-damage|p1a: Umbreon|76/100
|-damage|p2a: Heliolisk|91/100|[from] item: Life Orb
|
|switch|p2a: Weezing|Weezing-Galar, M|100/100|[from]move: Volt Switch
|
|-heal|p1a: Umbreon|82/100|[from] item: Leftovers
|upkeep
|turn|2
|
|switch|p1a: Coalossal|Coalossal, F|100/100
|move|p2a: Weezing|Toxic Spikes|p1a: Coalossal
|-sidestart|p1: big baz|move: Toxic Spikes
|
|upkeep
|turn|3
|
|move|p2a: Weezing|Toxic|p1a: Coalossal
|-status|p1a: Coalossal|tox
|move|p1a: Coalossal|Stealth Rock|p2a: Weezing
|-sidestart|p2: Mootagen|move: Stealth Rock
|
|-damage|p1a: Coalossal|94/100 tox|[from] psn
|upkeep
|turn|4
|
|switch|p2a: Doublade|Doublade, F|100/100
|-damage|p2a: Doublade|95/100|[from] Stealth Rock
|switch|p1a: Sigilyph|Sigilyph, M|100/100
|
|upkeep
|turn|5
|
|move|p1a: Sigilyph|Heat Wave|p2a: Doublade
|-supereffective|p2a: Doublade
|-damage|p2a: Doublade|5/100
|move|p2a: Doublade|Swords Dance|p2a: Doublade
|-boost|p2a: Doublade|atk|2
|
|upkeep
|turn|6
|
|switch|p1a: Coalossal|Coalossal, F|94/100 tox
|move|p2a: Doublade|Shadow Sneak|p1a: Coalossal
|-damage|p1a: Coalossal|74/100 tox
|
|-damage|p1a: Coalossal|68/100 tox|[from] psn
|upkeep
|turn|7
|
|switch|p1a: Weezing|Weezing-Galar, F|100/100
|move|p2a: Doublade|Close Combat|p1a: Weezing
|-resisted|p1a: Weezing
|-damage|p1a: Weezing|82/100
|-unboost|p2a: Doublade|def|1
|-unboost|p2a: Doublade|spd|1
|
|-heal|p1a: Weezing|88/100|[from] item: Black Sludge
|upkeep
|turn|8
|
|move|p2a: Doublade|Shadow Sneak|p1a: Weezing
|-damage|p1a: Weezing|50/100
|move|p1a: Weezing|Strange Steam|p2a: Doublade
|-resisted|p2a: Doublade
|-damage|p2a: Doublade|0 fnt
|faint|p2a: Doublade
|
|-heal|p1a: Weezing|56/100|[from] item: Black Sludge
|upkeep
|
|switch|p2a: Gardevoir|Gardevoir, F|100/100
|-damage|p2a: Gardevoir|88/100|[from] Stealth Rock
|-ability|p2a: Gardevoir|Levitate|[from] ability: Trace|[of] p1a: Weezing
|turn|9
|
|switch|p1a: Umbreon|Umbreon, M|82/100
|-status|p1a: Umbreon|psn
|move|p2a: Gardevoir|Moonblast|p1a: Umbreon
|-supereffective|p1a: Umbreon
|-damage|p1a: Umbreon|29/100 psn
|-unboost|p1a: Umbreon|spa|1
|
|-heal|p1a: Umbreon|35/100 psn|[from] item: Leftovers
|-damage|p1a: Umbreon|22/100 psn|[from] psn
|upkeep
|turn|10
|
|move|p2a: Gardevoir|Moonblast|p1a: Umbreon
|-supereffective|p1a: Umbreon
|-damage|p1a: Umbreon|0 fnt
|faint|p1a: Umbreon
|
|upkeep
|
|switch|p1a: Coalossal|Coalossal, F|68/100 tox
|turn|11
|
|switch|p2a: Hippowdon|Hippowdon, F|100/100
|-damage|p2a: Hippowdon|94/100|[from] Stealth Rock
|-weather|Sandstorm|[from] ability: Sand Stream|[of] p2a: Hippowdon
|move|p1a: Coalossal|Rapid Spin|p2a: Hippowdon
|-damage|p2a: Hippowdon|88/100
|-boost|p1a: Coalossal|spe|1
|-damage|p1a: Coalossal|52/100 tox|[from] item: Rocky Helmet|[of] p2a: Hippowdon
|-sideend|p1: big baz|Toxic Spikes|[from] move: Rapid Spin|[of] p1a: Coalossal
|
|-weather|Sandstorm|[upkeep]
|-damage|p1a: Coalossal|45/100 tox|[from] psn
|upkeep
|turn|12
|
|move|p1a: Coalossal|Spikes|p2a: Hippowdon
|-sidestart|p2: Mootagen|Spikes
|move|p2a: Hippowdon|Stealth Rock|p1a: Coalossal
|-sidestart|p1: big baz|move: Stealth Rock
|
|-weather|Sandstorm|[upkeep]
|-damage|p1a: Coalossal|33/100 tox|[from] psn
|upkeep
|turn|13
|
|switch|p2a: Titan|Coalossal, M|100/100
|move|p1a: Coalossal|Rapid Spin|p2a: Titan
|-resisted|p2a: Titan
|-damage|p2a: Titan|97/100
|-boost|p1a: Coalossal|spe|1
|-sideend|p1: big baz|Stealth Rock|[from] move: Rapid Spin|[of] p1a: Coalossal
|
|-weather|Sandstorm|[upkeep]
|-damage|p1a: Coalossal|15/100 tox|[from] psn
|upkeep
|turn|14
|
|move|p1a: Coalossal|Rapid Spin|p2a: Titan
|-resisted|p2a: Titan
|-damage|p2a: Titan|93/100
|-boost|p1a: Coalossal|spe|1
|move|p2a: Titan|Rapid Spin|p1a: Coalossal
|-resisted|p1a: Coalossal
|-damage|p1a: Coalossal|11/100 tox
|-boost|p2a: Titan|spe|1
|-sideend|p2: Mootagen|Spikes|[from] move: Rapid Spin|[of] p2a: Titan
|-sideend|p2: Mootagen|Stealth Rock|[from] move: Rapid Spin|[of] p2a: Titan
|
|-weather|Sandstorm|[upkeep]
|-damage|p1a: Coalossal|0 fnt|[from] psn
|faint|p1a: Coalossal
|upkeep
|
|switch|p1a: Pangoro|Pangoro, M|100/100
|turn|15
|
|switch|p1a: Sigilyph|Sigilyph, M|100/100
|switch|p2a: Weezing|Weezing-Galar, M|100/100
|
|-weather|none
|upkeep
|turn|16
|
|switch|p2a: Gardevoir|Gardevoir, F|88/100
|-ability|p2a: Gardevoir|Magic Guard|[from] ability: Trace|[of] p1a: Sigilyph
|move|p1a: Sigilyph|Psychic|p2a: Gardevoir
|-resisted|p2a: Gardevoir
|-damage|p2a: Gardevoir|59/100
|
|upkeep
|turn|17
|
|switch|p1a: Weezing|Weezing-Galar, F|56/100
|move|p2a: Gardevoir|Moonblast|p1a: Weezing
|-resisted|p1a: Weezing
|-damage|p1a: Weezing|34/100
|
|-heal|p1a: Weezing|40/100|[from] item: Black Sludge
|upkeep
|turn|18
|
|switch|p2a: Heliolisk|Heliolisk, F|91/100
|move|p1a: Weezing|Toxic Spikes|p2a: Heliolisk
|-sidestart|p2: Mootagen|move: Toxic Spikes
|
|-heal|p1a: Weezing|46/100|[from] item: Black Sludge
|upkeep
|turn|19
|
|move|p2a: Heliolisk|Thunderbolt|p1a: Weezing
|-damage|p1a: Weezing|0 fnt
|-damage|p2a: Heliolisk|81/100|[from] item: Life Orb
|faint|p1a: Weezing
|
|upkeep
|
|switch|p1a: Gardevoir|Gardevoir, M|100/100
|-ability|p1a: Gardevoir|Dry Skin|[from] ability: Trace|[of] p2a: Heliolisk
|turn|20
|
|switch|p2a: Hippowdon|Hippowdon, F|88/100
|-status|p2a: Hippowdon|psn
|-weather|Sandstorm|[from] ability: Sand Stream|[of] p2a: Hippowdon
|move|p1a: Gardevoir|Psychic|p2a: Hippowdon
|-damage|p2a: Hippowdon|38/100 psn
|
|-weather|Sandstorm|[upkeep]
|-damage|p1a: Gardevoir|94/100|[from] Sandstorm
|-damage|p2a: Hippowdon|26/100 psn|[from] psn
|upkeep
|turn|21
|
|move|p1a: Gardevoir|Psychic|p2a: Hippowdon
|-damage|p2a: Hippowdon|0 fnt
|faint|p2a: Hippowdon
|
|-weather|Sandstorm|[upkeep]
|-damage|p1a: Gardevoir|88/100|[from] Sandstorm
|upkeep
|
|switch|p2a: Titan|Coalossal, M|93/100
|turn|22
|
|move|p1a: Gardevoir|Psychic|p2a: Titan
|-damage|p2a: Titan|54/100
|move|p2a: Titan|Heat Crash|p1a: Gardevoir
|-damage|p1a: Gardevoir|0 fnt
|faint|p1a: Gardevoir
|
|-weather|Sandstorm|[upkeep]
|upkeep
|
|switch|p1a: Pangoro|Pangoro, M|100/100
|turn|23
|-message|big baz forfeited.
|
|win|Mootagen
|l|☆big baz
