|j|☆HaxxLR
|j|☆haxlolo
|t:|1663960252
|gametype|singles
|player|p1|HaxxLR|grimsley|
|player|p2|haxlolo|n-masters2|
|teamsize|p1|6
|teamsize|p2|6
|gen|8
|tier|[Gen 8] UU
|rule|Sleep Clause Mod: Limit one foe put to sleep
|rule|Species Clause: Limit one of each Pokémon
|rule|OHKO Clause: OHKO moves are banned
|rule|Evasion Items Clause: Evasion items are banned
|rule|Evasion Moves Clause: Evasion moves are banned
|rule|Endless Battle Clause: Forcing endless battles is banned
|rule|HP Percentage Mod: HP is shown in percentages
|rule|Dynamax Clause: You cannot dynamax
|clearpoke
|poke|p1|Crawdaunt, M|
|poke|p1|Nihilego|
|poke|p1|Tangrowth, F|
|poke|p1|Cobalion|
|poke|p1|Salamence, F|
|poke|p1|Diggersby, M|
|poke|p2|Gyarados, F|
|poke|p2|Swampert, F|
|poke|p2|Tangrowth, M|
|poke|p2|Crobat, F|
|poke|p2|Hydreigon, M|
|poke|p2|Celesteela|
|teampreview
|c|☆haxlolo|gl
|c|☆HaxxLR|hf
|j| Jeza.p
|c| Jeza.p|allez lolo !
|inactive|Battle timer is ON: inactive players will automatically lose when time's up. (requested by HaxxLR)
|inactive|HaxxLR has 270 seconds left.
|j| Moontalks
|c| Jeza.p|moontalks
|c| Moontalks|:crawdaunt:
|c| Moontalks|Jeza.p
|c| Jeza.p|:pouss:
|c| Moontalks|:pouss:
|c|☆haxlolo|:pouss:
|inactive|HaxxLR has 240 seconds left.
|c| Moontalks|jeza t'es beau
|inactive|HaxxLR has 210 seconds left.
|c| Jeza.p|il est vrai
|inactive|HaxxLR has 180 seconds left.
|
|t:|1663960514
|start
|switch|p1a: Tangrowth|Tangrowth, F|100/100
|switch|p2a: Crobat|Crobat, F|100/100
|turn|1
|inactive|HaxxLR has 210 seconds left.
|
|t:|1663960549
|move|p2a: Crobat|Brave Bird|p1a: Tangrowth
|-supereffective|p1a: Tangrowth
|-damage|p1a: Tangrowth|52/100
|-damage|p2a: Crobat|82/100|[from] Recoil
|move|p1a: Tangrowth|Knock Off|p2a: Crobat
|-damage|p2a: Crobat|59/100
|-enditem|p2a: Crobat|Heavy-Duty Boots|[from] move: Knock Off|[of] p1a: Tangrowth
|
|upkeep
|turn|2
|inactive|HaxxLR has 180 seconds left.
|inactive|HaxxLR has 150 seconds left.
|
|t:|1663960614
|switch|p1a: Nihilego|Nihilego|100/100
|move|p2a: Crobat|Roost|p2a: Crobat
|-heal|p2a: Crobat|100/100
|-singleturn|p2a: Crobat|move: Roost
|
|upkeep
|turn|3
|
|t:|1663960644
|move|p2a: Crobat|U-turn|p1a: Nihilego
|-resisted|p1a: Nihilego
|-damage|p1a: Nihilego|89/100
|
|t:|1663960647
|switch|p2a: Celesteela|Celesteela|100/100|[from]move: U-turn
|move|p1a: Nihilego|Stealth Rock|p2a: Celesteela
|-sidestart|p2: haxlolo|move: Stealth Rock
|
|-heal|p1a: Nihilego|95/100|[from] item: Black Sludge
|upkeep
|turn|4
|
|t:|1663960657
|switch|p1a: Tangrowth|Tangrowth, F|86/100
|move|p2a: Celesteela|Toxic|p1a: Tangrowth
|-status|p1a: Tangrowth|tox
|
|-damage|p1a: Tangrowth|79/100 tox|[from] psn
|upkeep
|turn|5
|
|t:|1663960670
|switch|p2a: Crobat|Crobat, F|100/100
|-damage|p2a: Crobat|76/100|[from] Stealth Rock
|move|p1a: Tangrowth|Knock Off|p2a: Crobat
|-damage|p2a: Crobat|59/100
|
|-damage|p1a: Tangrowth|67/100 tox|[from] psn
|upkeep
|turn|6
|
|t:|1663960673
|switch|p1a: Cobalion|Cobalion|100/100
|move|p2a: Crobat|Roost|p2a: Crobat
|-heal|p2a: Crobat|100/100
|-singleturn|p2a: Crobat|move: Roost
|
|upkeep
|turn|7
|inactive|HaxxLR has 120 seconds left.
|
|t:|1663960731
|switch|p2a: Swampert|Swampert, F|100/100
|-damage|p2a: Swampert|94/100|[from] Stealth Rock
|move|p1a: Cobalion|Stone Edge|p2a: Swampert|[miss]
|-miss|p1a: Cobalion|p2a: Swampert
|
|-heal|p2a: Swampert|100/100|[from] item: Leftovers
|upkeep
|turn|8
|inactive|HaxxLR has 90 seconds left.
|inactive|HaxxLR has 60 seconds left.
|
|t:|1663960786
|switch|p1a: Tangrowth|Tangrowth, F|99/100 tox
|move|p2a: Swampert|Stealth Rock|p1a: Tangrowth
|-sidestart|p1: HaxxLR|move: Stealth Rock
|
|-damage|p1a: Tangrowth|94/100 tox|[from] psn
|upkeep
|turn|9
|inactive|HaxxLR has 60 seconds left.
|
|t:|1663960796
|switch|p2a: Crobat|Crobat, F|100/100
|-damage|p2a: Crobat|76/100|[from] Stealth Rock
|move|p1a: Tangrowth|Knock Off|p2a: Crobat
|-damage|p2a: Crobat|61/100
|
|-damage|p1a: Tangrowth|82/100 tox|[from] psn
|upkeep
|turn|10
|
|t:|1663960803
|switch|p1a: Nihilego|Nihilego|95/100
|-damage|p1a: Nihilego|83/100|[from] Stealth Rock
|move|p2a: Crobat|Roost|p2a: Crobat
|-heal|p2a: Crobat|100/100
|-singleturn|p2a: Crobat|move: Roost
|
|-heal|p1a: Nihilego|89/100|[from] item: Black Sludge
|upkeep
|turn|11
|inactive|HaxxLR has 60 seconds left.
|
|t:|1663960819
|move|p2a: Crobat|U-turn|p1a: Nihilego
|-resisted|p1a: Nihilego
|-damage|p1a: Nihilego|78/100
|
|t:|1663960822
|switch|p2a: Swampert|Swampert, F|100/100|[from]move: U-turn
|-damage|p2a: Swampert|94/100|[from] Stealth Rock
|move|p1a: Nihilego|Power Gem|p2a: Swampert
|-resisted|p2a: Swampert
|-damage|p2a: Swampert|81/100
|
|-heal|p1a: Nihilego|84/100|[from] item: Black Sludge
|-heal|p2a: Swampert|87/100|[from] item: Leftovers
|upkeep
|turn|12
|
|t:|1663960834
|switch|p1a: Tangrowth|Tangrowth, F|100/100 tox
|-damage|p1a: Tangrowth|88/100 tox|[from] Stealth Rock
|move|p2a: Swampert|Flip Turn|p1a: Tangrowth
|-resisted|p1a: Tangrowth
|-damage|p1a: Tangrowth|82/100 tox
|
|t:|1663960848
|switch|p2a: Crobat|Crobat, F|100/100|[from]move: Flip Turn
|-damage|p2a: Crobat|76/100|[from] Stealth Rock
|
|-damage|p1a: Tangrowth|76/100 tox|[from] psn
|upkeep
|turn|13
|
|t:|1663960861
|switch|p1a: Salamence|Salamence, F|100/100
|-ability|p1a: Salamence|Intimidate|boost
|-fail|p2a: Crobat|unboost|Attack|[from] ability: Inner Focus|[of] p2a: Crobat
|move|p2a: Crobat|Brave Bird|p1a: Salamence
|-damage|p1a: Salamence|69/100
|-damage|p2a: Crobat|64/100|[from] Recoil
|
|upkeep
|turn|14
|
|t:|1663960868
|switch|p1a: Cobalion|Cobalion|100/100
|-damage|p1a: Cobalion|97/100|[from] Stealth Rock
|move|p2a: Crobat|Taunt|p1a: Cobalion
|-start|p1a: Cobalion|move: Taunt
|
|upkeep
|turn|15
|
|t:|1663960883
|switch|p2a: Swampert|Swampert, F|87/100
|-damage|p2a: Swampert|81/100|[from] Stealth Rock
|move|p1a: Cobalion|Stone Edge|p2a: Swampert
|-resisted|p2a: Swampert
|-damage|p2a: Swampert|70/100
|
|-heal|p2a: Swampert|76/100|[from] item: Leftovers
|upkeep
|turn|16
|j| Micciu20250
|inactive|HaxxLR has 60 seconds left.
|
|t:|1663960932
|move|p1a: Cobalion|Megahorn|p2a: Swampert
|-damage|p2a: Swampert|51/100
|move|p2a: Swampert|Earthquake|p1a: Cobalion
|-supereffective|p1a: Cobalion
|-damage|p1a: Cobalion|34/100
|
|-heal|p2a: Swampert|57/100|[from] item: Leftovers
|-end|p1a: Cobalion|move: Taunt
|upkeep
|turn|17
|
|t:|1663960945
|switch|p1a: Tangrowth|Tangrowth, F|100/100 tox
|-damage|p1a: Tangrowth|88/100 tox|[from] Stealth Rock
|move|p2a: Swampert|Earthquake|p1a: Tangrowth
|-resisted|p1a: Tangrowth
|-damage|p1a: Tangrowth|77/100 tox
|
|-heal|p2a: Swampert|64/100|[from] item: Leftovers
|-damage|p1a: Tangrowth|71/100 tox|[from] psn
|upkeep
|turn|18
|
|t:|1663960956
|switch|p2a: Crobat|Crobat, F|64/100
|-damage|p2a: Crobat|39/100|[from] Stealth Rock
|move|p1a: Tangrowth|Knock Off|p2a: Crobat
|-damage|p2a: Crobat|22/100
|
|-damage|p1a: Tangrowth|58/100 tox|[from] psn
|upkeep
|turn|19
|inactive|HaxxLR has 30 seconds left.
|
|t:|1663960979
|switch|p1a: Nihilego|Nihilego|84/100
|-damage|p1a: Nihilego|72/100|[from] Stealth Rock
|move|p2a: Crobat|Roost|p2a: Crobat
|-heal|p2a: Crobat|72/100
|-singleturn|p2a: Crobat|move: Roost
|
|-heal|p1a: Nihilego|78/100|[from] item: Black Sludge
|upkeep
|turn|20
|inactive|HaxxLR has 30 seconds left.
|inactive|haxlolo has 270 seconds left.
|
|t:|1663961022
|move|p2a: Crobat|U-turn|p1a: Nihilego
|-resisted|p1a: Nihilego
|-damage|p1a: Nihilego|67/100
|
|t:|1663961026
|switch|p2a: Swampert|Swampert, F|64/100|[from]move: U-turn
|-damage|p2a: Swampert|57/100|[from] Stealth Rock
|move|p1a: Nihilego|Sludge Bomb|p2a: Swampert
|-resisted|p2a: Swampert
|-damage|p2a: Swampert|42/100
|
|-heal|p1a: Nihilego|73/100|[from] item: Black Sludge
|-heal|p2a: Swampert|49/100|[from] item: Leftovers
|upkeep
|turn|21
|j| osefst8g
|inactive|HaxxLR has 30 seconds left.
|inactive|HaxxLR has 20 seconds left.
|
|t:|1663961054
|switch|p1a: Salamence|Salamence, F|69/100
|-ability|p1a: Salamence|Intimidate|boost
|-unboost|p2a: Swampert|atk|1
|move|p2a: Swampert|Flip Turn|p1a: Salamence
|-resisted|p1a: Salamence
|-damage|p1a: Salamence|63/100
|inactive|HaxxLR has 25 seconds left this turn.
|
|t:|1663961064
|switch|p2a: Celesteela|Celesteela|100/100|[from]move: Flip Turn
|-damage|p2a: Celesteela|88/100|[from] Stealth Rock
|
|-heal|p2a: Celesteela|94/100|[from] item: Leftovers
|upkeep
|turn|22
|inactive|HaxxLR has 30 seconds left.
|inactive|HaxxLR has 20 seconds left.
|
|t:|1663961080
|switch|p1a: Tangrowth|Tangrowth, F|91/100 tox
|-damage|p1a: Tangrowth|79/100 tox|[from] Stealth Rock
|move|p2a: Celesteela|Toxic|p1a: Tangrowth
|-fail|p1a: Tangrowth|tox
|
|-heal|p2a: Celesteela|99/100|[from] item: Leftovers
|-damage|p1a: Tangrowth|73/100 tox|[from] psn
|upkeep
|turn|23
|inactive|HaxxLR has 30 seconds left this turn.
|inactive|HaxxLR has 20 seconds left.
|
|t:|1663961093
|switch|p2a: Crobat|Crobat, F|72/100
|-damage|p2a: Crobat|48/100|[from] Stealth Rock
|switch|p1a: Diggersby|Diggersby, M|100/100
|-damage|p1a: Diggersby|94/100|[from] Stealth Rock
|
|upkeep
|turn|24
|inactive|HaxxLR has 30 seconds left this turn.
|inactive|HaxxLR has 20 seconds left.
|inactive|HaxxLR has 15 seconds left.
|
|t:|1663961111
|move|p1a: Diggersby|Body Slam|p2a: Crobat
|-damage|p2a: Crobat|0 fnt
|faint|p2a: Crobat
|
|upkeep
|inactive|HaxxLR has 20 seconds left this turn.
|
|t:|1663961121
|switch|p2a: Celesteela|Celesteela|99/100
|-damage|p2a: Celesteela|88/100|[from] Stealth Rock
|turn|25
|inactive|HaxxLR has 30 seconds left this turn.
|inactive|HaxxLR has 20 seconds left.
|inactive|HaxxLR has 15 seconds left.
|
|t:|1663961139
|switch|p1a: Salamence|Salamence, F|63/100
|-ability|p1a: Salamence|Intimidate|boost
|-unboost|p2a: Celesteela|atk|1
|switch|p2a: Gyarados|Gyarados, F|100/100
|-damage|p2a: Gyarados|76/100|[from] Stealth Rock
|-ability|p2a: Gyarados|Intimidate|boost
|-unboost|p1a: Salamence|atk|1
|
|-heal|p2a: Gyarados|82/100|[from] item: Leftovers
|upkeep
|turn|26
|inactive|HaxxLR has 25 seconds left this turn.
|inactive|HaxxLR has 20 seconds left.
|inactive|HaxxLR has 15 seconds left.
|
|t:|1663961150
|move|p2a: Gyarados|Substitute|p2a: Gyarados
|-start|p2a: Gyarados|Substitute
|-damage|p2a: Gyarados|57/100
|move|p1a: Salamence|Hurricane|p2a: Gyarados|[miss]
|-miss|p1a: Salamence|p2a: Gyarados
|
|-heal|p2a: Gyarados|63/100|[from] item: Leftovers
|upkeep
|turn|27
|inactive|HaxxLR has 25 seconds left this turn.
|inactive|HaxxLR has 20 seconds left.
|
|t:|1663961160
|move|p2a: Gyarados|Dragon Dance|p2a: Gyarados
|-boost|p2a: Gyarados|atk|1
|-boost|p2a: Gyarados|spe|1
|move|p1a: Salamence|Roost|p1a: Salamence
|-heal|p1a: Salamence|100/100
|-singleturn|p1a: Salamence|move: Roost
|
|-heal|p2a: Gyarados|69/100|[from] item: Leftovers
|upkeep
|turn|28
|inactive|HaxxLR has 30 seconds left this turn.
|
|t:|1663961164
|move|p2a: Gyarados|Dragon Dance|p2a: Gyarados
|-boost|p2a: Gyarados|atk|1
|-boost|p2a: Gyarados|spe|1
|move|p1a: Salamence|Hurricane|p2a: Gyarados
|-end|p2a: Gyarados|Substitute
|
|-heal|p2a: Gyarados|75/100|[from] item: Leftovers
|upkeep
|turn|29
|inactive|HaxxLR has 30 seconds left.
|inactive|HaxxLR has 20 seconds left.
|inactive|HaxxLR has 15 seconds left.
|
|t:|1663961190
|move|p2a: Gyarados|Bounce||[still]
|-prepare|p2a: Gyarados|Bounce
|move|p1a: Salamence|Hurricane|p2a: Gyarados|[miss]
|-miss|p1a: Salamence|p2a: Gyarados
|
|-heal|p2a: Gyarados|81/100|[from] item: Leftovers
|upkeep
|turn|30
|inactive|HaxxLR has 25 seconds left this turn.
|inactive|HaxxLR has 20 seconds left.
|
|t:|1663961196
|switch|p1a: Cobalion|Cobalion|34/100
|-damage|p1a: Cobalion|31/100|[from] Stealth Rock
|move|p2a: Gyarados|Bounce|p1a: Cobalion|[from]lockedmove
|-damage|p1a: Cobalion|0 fnt
|-damage|p2a: Gyarados|65/100|[from] item: Rocky Helmet|[of] p1a: Cobalion
|faint|p1a: Cobalion
|
|-heal|p2a: Gyarados|71/100|[from] item: Leftovers
|upkeep
|inactive|HaxxLR has 25 seconds left this turn.
|inactive|HaxxLR has 20 seconds left.
|
|t:|1663961203
|switch|p1a: Salamence|Salamence, F|100/100
|-ability|p1a: Salamence|Intimidate|boost
|-unboost|p2a: Gyarados|atk|1
|turn|31
|inactive|HaxxLR has 30 seconds left this turn.
|
|t:|1663961206
|move|p2a: Gyarados|Bounce||[still]
|-prepare|p2a: Gyarados|Bounce
|move|p1a: Salamence|Hurricane|p2a: Gyarados|[miss]
|-miss|p1a: Salamence|p2a: Gyarados
|
|-heal|p2a: Gyarados|77/100|[from] item: Leftovers
|upkeep
|turn|32
|inactive|HaxxLR has 30 seconds left.
|
|t:|1663961218
|switch|p1a: Nihilego|Nihilego|73/100
|-damage|p1a: Nihilego|60/100|[from] Stealth Rock
|move|p2a: Gyarados|Bounce|p1a: Nihilego|[from]lockedmove
|-resisted|p1a: Nihilego
|-damage|p1a: Nihilego|12/100
|
|-heal|p2a: Gyarados|83/100|[from] item: Leftovers
|-heal|p1a: Nihilego|18/100|[from] item: Black Sludge
|upkeep
|turn|33
|
|t:|1663961222
|switch|p1a: Salamence|Salamence, F|100/100
|-ability|p1a: Salamence|Intimidate|boost
|-unboost|p2a: Gyarados|atk|1
|move|p2a: Gyarados|Waterfall|p1a: Salamence
|-resisted|p1a: Salamence
|-damage|p1a: Salamence|83/100
|
|-heal|p2a: Gyarados|89/100|[from] item: Leftovers
|upkeep
|turn|34
|j| PyProd.
|
|t:|1663961235
|switch|p2a: Celesteela|Celesteela|88/100
|-damage|p2a: Celesteela|76/100|[from] Stealth Rock
|move|p1a: Salamence|Hurricane|p2a: Celesteela|[miss]
|-miss|p1a: Salamence|p2a: Celesteela
|
|-heal|p2a: Celesteela|82/100|[from] item: Leftovers
|upkeep
|turn|35
|l| Moontalks
|
|t:|1663961243
|switch|p1a: Nihilego|Nihilego|18/100
|-damage|p1a: Nihilego|6/100|[from] Stealth Rock
|move|p2a: Celesteela|Heavy Slam|p1a: Nihilego
|-supereffective|p1a: Nihilego
|-damage|p1a: Nihilego|0 fnt
|faint|p1a: Nihilego
|-ability|p2a: Celesteela|Beast Boost|boost
|-boost|p2a: Celesteela|def|1
|
|-heal|p2a: Celesteela|88/100|[from] item: Leftovers
|upkeep
|
|t:|1663961253
|switch|p1a: Tangrowth|Tangrowth, F|100/100 tox
|-damage|p1a: Tangrowth|88/100 tox|[from] Stealth Rock
|turn|36
|
|t:|1663961270
|switch|p2a: Tangrowth|Tangrowth, M|100/100
|-damage|p2a: Tangrowth|88/100|[from] Stealth Rock
|move|p1a: Tangrowth|Knock Off|p2a: Tangrowth
|-damage|p2a: Tangrowth|73/100
|-enditem|p2a: Tangrowth|Assault Vest|[from] move: Knock Off|[of] p1a: Tangrowth
|
|-damage|p1a: Tangrowth|82/100 tox|[from] psn
|upkeep
|turn|37
|inactive|HaxxLR has 60 seconds left.
|
|t:|1663961291
|switch|p2a: Swampert|Swampert, F|49/100
|-damage|p2a: Swampert|42/100|[from] Stealth Rock
|move|p1a: Tangrowth|Sludge Bomb|p2a: Swampert
|-resisted|p2a: Swampert
|-damage|p2a: Swampert|34/100
|-status|p2a: Swampert|psn
|
|-heal|p2a: Swampert|41/100 psn|[from] item: Leftovers
|-damage|p2a: Swampert|28/100 psn|[from] psn
|-damage|p1a: Tangrowth|70/100 tox|[from] psn
|upkeep
|turn|38
|
|t:|1663961304
|move|p2a: Swampert|Flip Turn|p1a: Tangrowth
|-resisted|p1a: Tangrowth
|-damage|p1a: Tangrowth|63/100 tox
|j| strichnyne
|
|t:|1663961306
|switch|p2a: Tangrowth|Tangrowth, M|100/100|[from]move: Flip Turn
|-damage|p2a: Tangrowth|88/100|[from] Stealth Rock
|move|p1a: Tangrowth|Knock Off|p2a: Tangrowth
|-damage|p2a: Tangrowth|77/100
|
|-damage|p1a: Tangrowth|45/100 tox|[from] psn
|upkeep
|turn|39
|l| strichnyne
|inactive|HaxxLR has 60 seconds left.
|
|t:|1663961320
|move|p2a: Tangrowth|Knock Off|p1a: Tangrowth
|-damage|p1a: Tangrowth|32/100 tox
|-enditem|p1a: Tangrowth|Assault Vest|[from] move: Knock Off|[of] p2a: Tangrowth
|move|p1a: Tangrowth|Sludge Bomb|p2a: Tangrowth
|-supereffective|p2a: Tangrowth
|-damage|p2a: Tangrowth|38/100
|-status|p2a: Tangrowth|psn
|
|-damage|p2a: Tangrowth|26/100 psn|[from] psn
|-damage|p1a: Tangrowth|8/100 tox|[from] psn
|upkeep
|turn|40
|
|t:|1663961329
|switch|p2a: Swampert|Swampert, F|28/100 psn
|-damage|p2a: Swampert|22/100 psn|[from] Stealth Rock
|move|p1a: Tangrowth|Knock Off|p2a: Swampert
|-damage|p2a: Swampert|3/100 psn
|-enditem|p2a: Swampert|Leftovers|[from] move: Knock Off|[of] p1a: Tangrowth
|
|-damage|p2a: Swampert|0 fnt|[from] psn
|faint|p2a: Swampert
|-damage|p1a: Tangrowth|0 fnt|[from] psn
|faint|p1a: Tangrowth
|upkeep
|
|t:|1663961338
|switch|p2a: Hydreigon|Hydreigon, M|100/100
|switch|p1a: Diggersby|Diggersby, M|94/100
|-damage|p1a: Diggersby|88/100|[from] Stealth Rock
|-damage|p2a: Hydreigon|88/100|[from] Stealth Rock
|turn|41
|
|t:|1663961349
|switch|p2a: Tangrowth|Tangrowth, M|59/100 psn
|-damage|p2a: Tangrowth|47/100 psn|[from] Stealth Rock
|move|p1a: Diggersby|U-turn|p2a: Tangrowth
|-supereffective|p2a: Tangrowth
|-damage|p2a: Tangrowth|6/100 psn
|j| le panda chill
|
|t:|1663961364
|switch|p1a: Crawdaunt|Crawdaunt, M|100/100|[from]move: U-turn
|-damage|p1a: Crawdaunt|88/100|[from] Stealth Rock
|
|-damage|p2a: Tangrowth|0 fnt|[from] psn
|faint|p2a: Tangrowth
|upkeep
|
|t:|1663961367
|switch|p2a: Hydreigon|Hydreigon, M|88/100
|-damage|p2a: Hydreigon|76/100|[from] Stealth Rock
|turn|42
|
|t:|1663961373
|move|p1a: Crawdaunt|Aqua Jet|p2a: Hydreigon
|-resisted|p2a: Hydreigon
|-damage|p2a: Hydreigon|52/100
|move|p2a: Hydreigon|Draco Meteor|p1a: Crawdaunt
|-damage|p1a: Crawdaunt|0 fnt
|-unboost|p2a: Hydreigon|spa|2
|faint|p1a: Crawdaunt
|
|upkeep
|c| le panda chill|Gooo haxxlr
|
|t:|1663961383
|switch|p1a: Diggersby|Diggersby, M|88/100
|-damage|p1a: Diggersby|82/100|[from] Stealth Rock
|turn|43
|
|t:|1663961400
|switch|p2a: Gyarados|Gyarados, F|89/100
|-damage|p2a: Gyarados|64/100|[from] Stealth Rock
|-ability|p2a: Gyarados|Intimidate|boost
|-unboost|p1a: Diggersby|atk|1
|move|p1a: Diggersby|U-turn|p2a: Gyarados
|-resisted|p2a: Gyarados
|-damage|p2a: Gyarados|52/100
|
|t:|1663961403
|switch|p1a: Salamence|Salamence, F|83/100|[from]move: U-turn
|-ability|p1a: Salamence|Intimidate|boost
|-unboost|p2a: Gyarados|atk|1
|
|-heal|p2a: Gyarados|58/100|[from] item: Leftovers
|upkeep
|turn|44
|
|t:|1663961411
|switch|p2a: Hydreigon|Hydreigon, M|52/100
|-damage|p2a: Hydreigon|40/100|[from] Stealth Rock
|move|p1a: Salamence|Hurricane|p2a: Hydreigon|[miss]
|-miss|p1a: Salamence|p2a: Hydreigon
|
|upkeep
|turn|45
|inactive|HaxxLR has 90 seconds left.
|c| PyProd.|:(
|
|t:|1663961421
|move|p2a: Hydreigon|Draco Meteor|p1a: Salamence
|-supereffective|p1a: Salamence
|-damage|p1a: Salamence|0 fnt
|-unboost|p2a: Hydreigon|spa|2
|faint|p1a: Salamence
|
|upkeep
|
|t:|1663961424
|switch|p1a: Diggersby|Diggersby, M|82/100
|-damage|p1a: Diggersby|76/100|[from] Stealth Rock
|turn|46
|c|☆haxlolo|rlly sorry about those hurri misses
|
|t:|1663961430
|move|p1a: Diggersby|Body Slam|p2a: Hydreigon
|-damage|p2a: Hydreigon|0 fnt
|faint|p2a: Hydreigon
|
|upkeep
|
|t:|1663961432
|switch|p2a: Celesteela|Celesteela|88/100
|-damage|p2a: Celesteela|75/100|[from] Stealth Rock
|turn|47
|c|☆HaxxLR|happens
|
|t:|1663961438
|move|p1a: Diggersby|Body Slam|p2a: Celesteela
|-resisted|p2a: Celesteela
|-damage|p2a: Celesteela|58/100
|move|p2a: Celesteela|Heavy Slam|p1a: Diggersby
|-damage|p1a: Diggersby|14/100
|
|-heal|p2a: Celesteela|64/100|[from] item: Leftovers
|upkeep
|turn|48
|c|☆haxlolo|gg
|
|t:|1663961442
|move|p1a: Diggersby|Body Slam|p2a: Celesteela
|-resisted|p2a: Celesteela
|-damage|p2a: Celesteela|47/100
|-status|p2a: Celesteela|par
|move|p2a: Celesteela|Heavy Slam|p1a: Diggersby
|-damage|p1a: Diggersby|0 fnt
|faint|p1a: Diggersby
|
|win|haxlolo
