|j|☆men i thrust
|j|☆Liz Angeles
|t:|1664896188
|gametype|singles
|player|p1|men i thrust|clerkf|1265
|player|p2|Liz Angeles|marley|1500
|teamsize|p1|6
|teamsize|p2|6
|gen|8
|tier|[Gen 8] UU
|rated|
|rule|Sleep Clause Mod: Limit one foe put to sleep
|rule|Species Clause: Limit one of each Pokémon
|rule|OHKO Clause: OHKO moves are banned
|rule|Evasion Items Clause: Evasion items are banned
|rule|Evasion Moves Clause: Evasion moves are banned
|rule|Endless Battle Clause: Forcing endless battles is banned
|rule|HP Percentage Mod: HP is shown in percentages
|rule|Dynamax Clause: You cannot dynamax
|clearpoke
|poke|p1|Celesteela|
|poke|p1|Swampert, M|
|poke|p1|Azumarill, M|
|poke|p1|Mamoswine, F|
|poke|p1|Regieleki|
|poke|p1|Tangrowth, M|
|poke|p2|Reuniclus, F|
|poke|p2|Golisopod, M|
|poke|p2|Cobalion|
|poke|p2|Chansey, F|
|poke|p2|Salamence, M|
|poke|p2|Hydreigon, F|
|teampreview
|
|t:|1664896245
|start
|switch|p1a: Regieleki|Regieleki|100/100
|switch|p2a: Chansey|Chansey, F|100/100
|turn|1
|
|t:|1664896278
|move|p1a: Regieleki|Electro Ball|p2a: Chansey
|-damage|p2a: Chansey|62/100
|move|p2a: Chansey|Wish|p2a: Chansey
|
|upkeep
|turn|2
|
|t:|1664896291
|move|p1a: Regieleki|Volt Switch|p2a: Chansey
|-damage|p2a: Chansey|44/100
|
|t:|1664896311
|switch|p1a: Swampert|Swampert, M|100/100|[from]move: Volt Switch
|move|p2a: Chansey|Seismic Toss|p1a: Swampert
|-damage|p1a: Swampert|76/100
|
|-heal|p2a: Chansey|94/100|[from] move: Wish|[wisher] Chansey
|-heal|p1a: Swampert|82/100|[from] item: Leftovers
|upkeep
|turn|3
|
|t:|1664896337
|move|p1a: Swampert|Stealth Rock|p2a: Chansey
|-sidestart|p2: Liz Angeles|move: Stealth Rock
|move|p2a: Chansey|Toxic|p1a: Swampert
|-status|p1a: Swampert|tox
|
|-heal|p1a: Swampert|88/100 tox|[from] item: Leftovers
|-damage|p1a: Swampert|82/100 tox|[from] psn
|upkeep
|turn|4
|
|t:|1664896361
|move|p1a: Swampert|Flip Turn|p2a: Chansey
|-damage|p2a: Chansey|81/100
|
|t:|1664896364
|switch|p1a: Celesteela|Celesteela|100/100|[from]move: Flip Turn
|move|p2a: Chansey|Wish|p2a: Chansey
|
|upkeep
|turn|5
|
|t:|1664896371
|move|p1a: Celesteela|Leech Seed|p2a: Chansey
|-start|p2a: Chansey|move: Leech Seed
|move|p2a: Chansey|Seismic Toss|p1a: Celesteela
|-damage|p1a: Celesteela|75/100
|
|-heal|p2a: Chansey|100/100|[from] move: Wish|[wisher] Chansey
|-heal|p1a: Celesteela|81/100|[from] item: Leftovers
|-damage|p2a: Chansey|88/100|[from] Leech Seed|[of] p1a: Celesteela
|-heal|p1a: Celesteela|100/100|[silent]
|upkeep
|turn|6
|
|t:|1664896384
|switch|p2a: Reuniclus|Reuniclus, F, shiny|100/100
|move|p1a: Celesteela|Heavy Slam|p2a: Reuniclus
|-damage|p2a: Reuniclus|66/100
|
|upkeep
|turn|7
|
|t:|1664896406
|move|p1a: Celesteela|Heavy Slam|p2a: Reuniclus
|-damage|p2a: Reuniclus|32/100
|move|p2a: Reuniclus|Recover|p2a: Reuniclus
|-heal|p2a: Reuniclus|82/100
|
|upkeep
|turn|8
|
|t:|1664896419
|switch|p1a: Mamoswine|Mamoswine, F|100/100
|move|p2a: Reuniclus|Psyshock|p1a: Mamoswine
|-damage|p1a: Mamoswine|60/100
|
|upkeep
|turn|9
|
|t:|1664896434
|switch|p2a: Godpod|Golisopod, M|100/100
|move|p1a: Mamoswine|Earthquake|p2a: Godpod
|-resisted|p2a: Godpod
|-damage|p2a: Godpod|73/100
|
|upkeep
|turn|10
|
|t:|1664896446
|switch|p1a: Celesteela|Celesteela|100/100
|move|p2a: Godpod|First Impression|p1a: Celesteela
|-resisted|p1a: Celesteela
|-damage|p1a: Celesteela|92/100
|
|-heal|p1a: Celesteela|98/100|[from] item: Leftovers
|upkeep
|turn|11
|
|t:|1664896455
|move|p1a: Celesteela|Heavy Slam|p2a: Godpod
|-resisted|p2a: Godpod
|-damage|p2a: Godpod|57/100
|move|p2a: Godpod|Knock Off|p1a: Celesteela
|-damage|p1a: Celesteela|74/100
|-enditem|p1a: Celesteela|Leftovers|[from] move: Knock Off|[of] p2a: Godpod
|
|upkeep
|turn|12
|
|t:|1664896464
|switch|p2a: Reuniclus|Reuniclus, F, shiny|82/100
|move|p1a: Celesteela|Air Slash|p2a: Reuniclus
|-crit|p2a: Reuniclus
|-damage|p2a: Reuniclus|39/100
|
|upkeep
|turn|13
|
|t:|1664896485
|switch|p1a: Mamoswine|Mamoswine, F|60/100
|move|p2a: Reuniclus|Recover|p2a: Reuniclus
|-heal|p2a: Reuniclus|89/100
|
|upkeep
|turn|14
|
|t:|1664896495
|switch|p2a: Godpod|Golisopod, M|57/100
|move|p1a: Mamoswine|Icicle Crash|p2a: Godpod
|-resisted|p2a: Godpod
|-damage|p2a: Godpod|31/100
|-activate|p2a: Godpod|ability: Emergency Exit
|
|t:|1664896498
|switch|p2a: Cobalion|Cobalion|100/100
|-damage|p2a: Cobalion|97/100|[from] Stealth Rock
|
|upkeep
|turn|15
|
|t:|1664896507
|switch|p1a: Tangrowth|Tangrowth, M|100/100
|move|p2a: Cobalion|Stealth Rock|p1a: Tangrowth
|-sidestart|p1: men i thrust|move: Stealth Rock
|
|upkeep
|turn|16
|
|t:|1664896523
|switch|p2a: Salamence|Salamence, M|100/100
|-ability|p2a: Salamence|Intimidate|boost
|-unboost|p1a: Tangrowth|atk|1
|move|p1a: Tangrowth|Focus Blast|p2a: Salamence
|-resisted|p2a: Salamence
|-damage|p2a: Salamence|81/100
|
|upkeep
|turn|17
|
|t:|1664896544
|switch|p1a: Celesteela|Celesteela|74/100
|-damage|p1a: Celesteela|61/100|[from] Stealth Rock
|move|p2a: Salamence|Dual Wingbeat|p1a: Celesteela
|-resisted|p1a: Celesteela
|-damage|p1a: Celesteela|54/100
|-resisted|p1a: Celesteela
|-damage|p1a: Celesteela|46/100
|-hitcount|p1a: Celesteela|2
|
|upkeep
|turn|18
|
|t:|1664896562
|move|p2a: Salamence|Flamethrower|p1a: Celesteela
|-supereffective|p1a: Celesteela
|-damage|p1a: Celesteela|13/100
|move|p1a: Celesteela|Heavy Slam|p2a: Salamence
|-damage|p2a: Salamence|45/100
|
|upkeep
|turn|19
|
|t:|1664896573
|move|p2a: Salamence|Flamethrower|p1a: Celesteela
|-supereffective|p1a: Celesteela
|-damage|p1a: Celesteela|0 fnt
|faint|p1a: Celesteela
|
|upkeep
|
|t:|1664896578
|switch|p1a: Regieleki|Regieleki|100/100
|-damage|p1a: Regieleki|88/100|[from] Stealth Rock
|turn|20
|
|t:|1664896600
|move|p1a: Regieleki|Electro Ball|p2a: Salamence
|-damage|p2a: Salamence|0 fnt
|faint|p2a: Salamence
|
|upkeep
|
|t:|1664896603
|switch|p2a: Chansey|Chansey, F|88/100
|-damage|p2a: Chansey|75/100|[from] Stealth Rock
|turn|21
|
|t:|1664896622
|move|p1a: Regieleki|Electro Ball|p2a: Chansey
|-damage|p2a: Chansey|41/100
|move|p2a: Chansey|Soft-Boiled|p2a: Chansey
|-heal|p2a: Chansey|91/100
|
|upkeep
|turn|22
|
|t:|1664896634
|move|p1a: Regieleki|Rapid Spin|p2a: Chansey
|-damage|p2a: Chansey|85/100
|-boost|p1a: Regieleki|spe|1
|-sideend|p1: men i thrust|Stealth Rock|[from] move: Rapid Spin|[of] p1a: Regieleki
|move|p2a: Chansey|Toxic|p1a: Regieleki
|-status|p1a: Regieleki|tox
|
|-damage|p1a: Regieleki|82/100 tox|[from] psn
|upkeep
|turn|23
|
|t:|1664896646
|move|p1a: Regieleki|Volt Switch|p2a: Chansey
|-damage|p2a: Chansey|69/100
|
|t:|1664896655
|switch|p1a: Tangrowth|Tangrowth, M|100/100|[from]move: Volt Switch
|move|p2a: Chansey|Wish|p2a: Chansey
|
|upkeep
|turn|24
|
|t:|1664896667
|switch|p2a: Cobalion|Cobalion|97/100
|-damage|p2a: Cobalion|94/100|[from] Stealth Rock
|move|p1a: Tangrowth|Power Whip|p2a: Cobalion
|-resisted|p2a: Cobalion
|-damage|p2a: Cobalion|77/100
|-damage|p1a: Tangrowth|84/100|[from] item: Rocky Helmet|[of] p2a: Cobalion
|
|-heal|p2a: Cobalion|100/100|[from] move: Wish|[wisher] Chansey
|upkeep
|turn|25
|
|t:|1664896672
|move|p2a: Cobalion|Stealth Rock|p1a: Tangrowth
|-sidestart|p1: men i thrust|move: Stealth Rock
|move|p1a: Tangrowth|Focus Blast|p2a: Cobalion
|-supereffective|p2a: Cobalion
|-damage|p2a: Cobalion|6/100
|
|upkeep
|turn|26
|
|t:|1664896696
|move|p2a: Cobalion|Close Combat|p1a: Tangrowth
|-damage|p1a: Tangrowth|56/100
|-unboost|p2a: Cobalion|def|1
|-unboost|p2a: Cobalion|spd|1
|-damage|p2a: Cobalion|0 fnt|[from] item: Rocky Helmet|[of] p1a: Tangrowth
|faint|p2a: Cobalion
|move|p1a: Tangrowth|Giga Drain|p2: Cobalion|[notarget]
|-fail|p1a: Tangrowth
|
|upkeep
|
|t:|1664896705
|switch|p2a: Godpod|Golisopod, M|31/100
|turn|27
|
|t:|1664896723
|move|p2a: Godpod|First Impression|p1a: Tangrowth
|-supereffective|p1a: Tangrowth
|-damage|p1a: Tangrowth|0 fnt
|-damage|p2a: Godpod|14/100|[from] item: Rocky Helmet|[of] p1a: Tangrowth
|faint|p1a: Tangrowth
|
|upkeep
|
|t:|1664896748
|switch|p1a: Regieleki|Regieleki|82/100 tox
|-damage|p1a: Regieleki|70/100 tox|[from] Stealth Rock
|turn|28
|
|t:|1664896766
|switch|p2a: Hydreigon|Hydreigon, F|100/100
|-damage|p2a: Hydreigon|88/100|[from] Stealth Rock
|move|p1a: Regieleki|Rapid Spin|p2a: Hydreigon
|-damage|p2a: Hydreigon|76/100
|-boost|p1a: Regieleki|spe|1
|-sideend|p1: men i thrust|Stealth Rock|[from] move: Rapid Spin|[of] p1a: Regieleki
|
|-damage|p1a: Regieleki|64/100 tox|[from] psn
|upkeep
|turn|29
|
|t:|1664896773
|move|p1a: Regieleki|Electro Ball|p2a: Hydreigon
|-resisted|p2a: Hydreigon
|-damage|p2a: Hydreigon|47/100
|move|p2a: Hydreigon|Dark Pulse|p1a: Regieleki
|-damage|p1a: Regieleki|0 fnt
|faint|p1a: Regieleki
|
|upkeep
|
|t:|1664896795
|switch|p1a: Azumarill|Azumarill, M|100/100
|turn|30
|
|t:|1664896798
|move|p2a: Hydreigon|Dark Pulse|p1a: Azumarill
|-resisted|p1a: Azumarill
|-damage|p1a: Azumarill|79/100
|move|p1a: Azumarill|Belly Drum|p1a: Azumarill
|-damage|p1a: Azumarill|29/100
|-setboost|p1a: Azumarill|atk|6|[from] move: Belly Drum
|-enditem|p1a: Azumarill|Sitrus Berry|[eat]
|-heal|p1a: Azumarill|54/100|[from] item: Sitrus Berry
|
|upkeep
|turn|31
|
|t:|1664896805
|move|p1a: Azumarill|Aqua Jet|p2a: Hydreigon
|-resisted|p2a: Hydreigon
|-crit|p2a: Hydreigon
|-damage|p2a: Hydreigon|0 fnt
|faint|p2a: Hydreigon
|
|upkeep
|
|t:|1664896813
|switch|p2a: Godpod|Golisopod, M|14/100
|turn|32
|
|t:|1664896822
|move|p2a: Godpod|First Impression|p1a: Azumarill
|-resisted|p1a: Azumarill
|-damage|p1a: Azumarill|27/100
|move|p1a: Azumarill|Aqua Jet|p2a: Godpod
|-resisted|p2a: Godpod
|-damage|p2a: Godpod|0 fnt
|faint|p2a: Godpod
|
|upkeep
|
|t:|1664896829
|switch|p2a: Reuniclus|Reuniclus, F, shiny|89/100
|turn|33
|
|t:|1664896833
|move|p1a: Azumarill|Aqua Jet|p2a: Reuniclus
|-damage|p2a: Reuniclus|8/100
|move|p2a: Reuniclus|Psyshock|p1a: Azumarill
|-damage|p1a: Azumarill|0 fnt
|faint|p1a: Azumarill
|
|upkeep
|
|t:|1664896840
|switch|p1a: Mamoswine|Mamoswine, F|60/100
|turn|34
|
|t:|1664896851
|move|p1a: Mamoswine|Earthquake|p2a: Reuniclus
|-damage|p2a: Reuniclus|0 fnt
|faint|p2a: Reuniclus
|
|upkeep
|
|t:|1664896853
|switch|p2a: Chansey|Chansey, F|69/100
|-damage|p2a: Chansey|57/100|[from] Stealth Rock
|turn|35
|
|t:|1664896874
|move|p1a: Mamoswine|Earthquake|p2a: Chansey
|-crit|p2a: Chansey
|-damage|p2a: Chansey|0 fnt
|faint|p2a: Chansey
|
|win|men i thrust
|raw|men i thrust's rating: 1265 &rarr; <strong>1305</strong><br />(+40 for winning)
|raw|Liz Angeles's rating: 1500 &rarr; <strong>1468</strong><br />(-32 for losing)
||Ladder isn't responding, score probably updated but might not have (Request timeout).
