|j|☆Rahil098
|j|☆esqimo589
|t:|1666206730
|gametype|singles
|player|p1|Rahil098|volo|1316
|player|p2|esqimo589|n|1358
|teamsize|p1|6
|teamsize|p2|6
|gen|8
|tier|[Gen 8] UU
|rated|
|rule|Sleep Clause Mod: Limit one foe put to sleep
|rule|Species Clause: Limit one of each Pokémon
|rule|OHKO Clause: OHKO moves are banned
|rule|Evasion Items Clause: Evasion items are banned
|rule|Evasion Moves Clause: Evasion moves are banned
|rule|Endless Battle Clause: Forcing endless battles is banned
|rule|HP Percentage Mod: HP is shown in percentages
|rule|Dynamax Clause: You cannot dynamax
|clearpoke
|poke|p1|Torkoal, M|
|poke|p1|Hatterene, F|
|poke|p1|Darmanitan, F|
|poke|p1|Venusaur, M|
|poke|p1|Swampert, F|
|poke|p1|Durant, F|
|poke|p2|Chandelure, F|
|poke|p2|Raikou|
|poke|p2|Cobalion|
|poke|p2|Chansey, F|
|poke|p2|Diggersby, F|
|poke|p2|Salamence, M|
|teampreview
|inactive|Battle timer is ON: inactive players will automatically lose when time's up. (requested by esqimo589)
|inactive|Rahil098 also wants the timer to be on.
|
|t:|1666206747
|start
|switch|p1a: Torkoal|Torkoal, M|100/100
|switch|p2a: doge|Raikou|100/100
|-weather|SunnyDay|[from] ability: Drought|[of] p1a: Torkoal
|turn|1
|
|t:|1666206750
|move|p2a: doge|Volt Switch|p1a: Torkoal
|-damage|p1a: Torkoal|54/100
|
|t:|1666206752
|switch|p2a: chandelier|Chandelure, F|100/100|[from]move: Volt Switch
|move|p1a: Torkoal|Lava Plume|p2a: chandelier
|-start|p2a: chandelier|ability: Flash Fire
|
|-weather|SunnyDay|[upkeep]
|upkeep
|turn|2
|j| amogusroxyrrrr
|
|t:|1666206757
|switch|p1a: Swampert|Swampert, F|100/100
|move|p2a: chandelier|Overheat|p1a: Swampert
|-resisted|p1a: Swampert
|-damage|p1a: Swampert|22/100
|-unboost|p2a: chandelier|spa|2
|
|-weather|SunnyDay|[upkeep]
|-heal|p1a: Swampert|28/100|[from] item: Leftovers
|upkeep
|turn|3
|
|t:|1666206761
|move|p2a: chandelier|Overheat|p1a: Swampert
|-resisted|p1a: Swampert
|-damage|p1a: Swampert|0 fnt
|-unboost|p2a: chandelier|spa|2
|faint|p1a: Swampert
|
|-weather|SunnyDay|[upkeep]
|upkeep
|
|t:|1666206763
|switch|p1a: Venusaur|Venusaur, M|100/100
|turn|4
|
|t:|1666206793
|move|p1a: Venusaur|Growth|p1a: Venusaur
|-boost|p1a: Venusaur|atk|2
|-boost|p1a: Venusaur|spa|2
|move|p2a: chandelier|Overheat|p1a: Venusaur
|-supereffective|p1a: Venusaur
|-damage|p1a: Venusaur|0 fnt
|-unboost|p2a: chandelier|spa|2
|faint|p1a: Venusaur
|
|-weather|SunnyDay|[upkeep]
|upkeep
|c|☆esqimo589|im so good
|c|☆Rahil098|what
|
|t:|1666206810
|switch|p1a: Durant|Durant, F|100/100
|turn|5
|c| amogusroxyrrrr|why would he switch out there
|c|☆esqimo589|bro sun is up and i have flash fire activated
|
|t:|1666206825
|-end|p2a: chandelier|ability: Flash Fire|[silent]
|switch|p2a: whiteeyesbluedrag|Salamence, M|100/100
|-ability|p2a: whiteeyesbluedrag|Intimidate|boost
|-unboost|p1a: Durant|atk|1
|move|p1a: Durant|Rock Slide|p2a: whiteeyesbluedrag
|-supereffective|p2a: whiteeyesbluedrag
|-damage|p2a: whiteeyesbluedrag|48/100
|-damage|p1a: Durant|91/100|[from] item: Life Orb
|
|-weather|SunnyDay|[upkeep]
|upkeep
|turn|6
|c|☆Rahil098|yea but quarter attack
|
|t:|1666206834
|switch|p2a: the goat|Cobalion|100/100
|move|p1a: Durant|Rock Slide|p2a: the goat|[miss]
|-miss|p1a: Durant|p2a: the goat
|
|-weather|SunnyDay|[upkeep]
|upkeep
|turn|7
|
|t:|1666206842
|switch|p1a: Torkoal|Torkoal, M|54/100
|switch|p2a: whiteeyesbluedrag|Salamence, M|48/100
|-ability|p2a: whiteeyesbluedrag|Intimidate|boost
|-unboost|p1a: Torkoal|atk|1
|
|-weather|SunnyDay|[upkeep]
|upkeep
|turn|8
|
|t:|1666206844
|move|p2a: whiteeyesbluedrag|Roost|p2a: whiteeyesbluedrag
|-heal|p2a: whiteeyesbluedrag|98/100
|-singleturn|p2a: whiteeyesbluedrag|move: Roost
|move|p1a: Torkoal|Lava Plume|p2a: whiteeyesbluedrag
|-resisted|p2a: whiteeyesbluedrag
|-damage|p2a: whiteeyesbluedrag|78/100
|-status|p2a: whiteeyesbluedrag|brn
|
|-weather|none
|-damage|p2a: whiteeyesbluedrag|72/100 brn|[from] brn
|upkeep
|turn|9
|
|t:|1666206848
|switch|p1a: Hatterene|Hatterene, F|100/100
|move|p2a: whiteeyesbluedrag|Hurricane|p1a: Hatterene
|-damage|p1a: Hatterene|59/100
|
|-heal|p1a: Hatterene|65/100|[from] item: Leftovers
|-damage|p2a: whiteeyesbluedrag|66/100 brn|[from] brn
|upkeep
|turn|10
|c|☆esqimo589|idk why you would throw around a lava plume so carelessly lmao
|
|t:|1666206865
|switch|p2a: egg|Chansey, F|100/100
|move|p1a: Hatterene|Psyshock|p2a: egg
|-damage|p2a: egg|76/100
|
|-heal|p1a: Hatterene|71/100|[from] item: Leftovers
|upkeep
|turn|11
|
|t:|1666206870
|switch|p1a: Torkoal|Torkoal, M|54/100
|-weather|SunnyDay|[from] ability: Drought|[of] p1a: Torkoal
|move|p2a: egg|Teleport|p2a: egg
|
|t:|1666206873
|switch|p2a: chandelier|Chandelure, F|100/100|[from]move: Teleport
|
|-weather|SunnyDay|[upkeep]
|upkeep
|turn|12
|
|t:|1666206877
|switch|p1a: Hatterene|Hatterene, F|71/100
|move|p2a: chandelier|Shadow Ball|p1a: Hatterene
|-supereffective|p1a: Hatterene
|-damage|p1a: Hatterene|0 fnt
|faint|p1a: Hatterene
|
|-weather|SunnyDay|[upkeep]
|upkeep
|
|t:|1666206885
|switch|p1a: Durant|Durant, F|91/100
|turn|13
|
|t:|1666206888
|switch|p2a: whiteeyesbluedrag|Salamence, M|66/100 brn
|-ability|p2a: whiteeyesbluedrag|Intimidate|boost
|-unboost|p1a: Durant|atk|1
|move|p1a: Durant|Rock Slide|p2a: whiteeyesbluedrag
|-supereffective|p2a: whiteeyesbluedrag
|-damage|p2a: whiteeyesbluedrag|13/100 brn
|-damage|p1a: Durant|81/100|[from] item: Life Orb
|
|-weather|SunnyDay|[upkeep]
|-damage|p2a: whiteeyesbluedrag|7/100 brn|[from] brn
|upkeep
|turn|14
|
|t:|1666206893
|switch|p2a: the goat|Cobalion|100/100
|move|p1a: Durant|Iron Head|p2a: the goat
|-resisted|p2a: the goat
|-damage|p2a: the goat|81/100
|-damage|p1a: Durant|65/100|[from] item: Rocky Helmet|[of] p2a: the goat
|-damage|p1a: Durant|55/100|[from] item: Life Orb
|
|-weather|SunnyDay|[upkeep]
|upkeep
|turn|15
|
|t:|1666206896
|move|p1a: Durant|Superpower|p2a: the goat
|-supereffective|p2a: the goat
|-damage|p2a: the goat|0 fnt
|-unboost|p1a: Durant|atk|1
|-unboost|p1a: Durant|def|1
|-damage|p1a: Durant|39/100|[from] item: Rocky Helmet|[of] p2a: the goat
|faint|p2a: the goat
|-damage|p1a: Durant|29/100|[from] item: Life Orb
|
|-weather|SunnyDay|[upkeep]
|upkeep
|
|t:|1666206899
|switch|p2a: doge|Raikou|100/100
|turn|16
|
|t:|1666206907
|switch|p1a: Torkoal|Torkoal, M|54/100
|move|p2a: doge|Volt Switch|p1a: Torkoal
|-damage|p1a: Torkoal|13/100
|
|t:|1666206909
|switch|p2a: chandelier|Chandelure, F|100/100|[from]move: Volt Switch
|
|-weather|SunnyDay|[upkeep]
|upkeep
|turn|17
|
|t:|1666206912
|move|p2a: chandelier|Shadow Ball|p1a: Torkoal
|-damage|p1a: Torkoal|0 fnt
|faint|p1a: Torkoal
|
|-weather|SunnyDay|[upkeep]
|upkeep
|
|t:|1666206914
|switch|p1a: Durant|Durant, F|29/100
|turn|18
|
|t:|1666206918
|switch|p2a: whiteeyesbluedrag|Salamence, M|7/100 brn
|-ability|p2a: whiteeyesbluedrag|Intimidate|boost
|-unboost|p1a: Durant|atk|1
|move|p1a: Durant|Rock Slide|p2a: whiteeyesbluedrag
|-supereffective|p2a: whiteeyesbluedrag
|-damage|p2a: whiteeyesbluedrag|0 fnt
|faint|p2a: whiteeyesbluedrag
|-damage|p1a: Durant|19/100|[from] item: Life Orb
|
|-weather|none
|upkeep
|
|t:|1666206920
|switch|p2a: doge|Raikou|100/100
|turn|19
|
|t:|1666206925
|move|p2a: doge|Scald|p1a: Durant
|-damage|p1a: Durant|0 fnt
|faint|p1a: Durant
|
|upkeep
|
|t:|1666206926
|switch|p1a: Darmanitan|Darmanitan, F, shiny|100/100
|turn|20
|
|t:|1666206929
|move|p1a: Darmanitan|Earthquake|p2a: doge
|-supereffective|p2a: doge
|-damage|p2a: doge|7/100
|move|p2a: doge|Scald|p1a: Darmanitan
|-supereffective|p1a: Darmanitan
|-damage|p1a: Darmanitan|21/100
|
|upkeep
|turn|21
|
|t:|1666206933
|move|p1a: Darmanitan|Earthquake|p2a: doge
|-supereffective|p2a: doge
|-damage|p2a: doge|0 fnt
|faint|p2a: doge
|
|upkeep
|
|t:|1666206936
|switch|p2a: big chungus|Diggersby, F|100/100
|turn|22
|c|☆esqimo589|gg
|
|t:|1666206945
|move|p1a: Darmanitan|Earthquake|p2a: big chungus
|-damage|p2a: big chungus|47/100
|move|p2a: big chungus|Earthquake|p1a: Darmanitan
|-supereffective|p1a: Darmanitan
|-damage|p1a: Darmanitan|0 fnt
|faint|p1a: Darmanitan
|
|win|esqimo589
|raw|Rahil098's rating: 1316 &rarr; <strong>1298</strong><br />(-18 for losing)
|raw|esqimo589's rating: 1358 &rarr; <strong>1376</strong><br />(+18 for winning)
|c|☆Rahil098|hh
|c|☆Rahil098|gg
|l|☆Rahil098
|l| amogusroxyrrrr
||Ladder isn't responding, score probably updated but might not have (Request timeout).
|j| amogusroxyrrrr
|l| amogusroxyrrrr
|j| amogusroxyrrrr
