|j|☆Frostytheswoleman
|j|☆d01ph1ne
|t:|1662782863
|gametype|singles
|player|p1|Frostytheswoleman|bruno|1290
|player|p2|d01ph1ne|265|1553
|teamsize|p1|6
|teamsize|p2|6
|gen|8
|tier|[Gen 8] UU
|rated|
|rule|Sleep Clause Mod: Limit one foe put to sleep
|rule|Species Clause: Limit one of each Pokémon
|rule|OHKO Clause: OHKO moves are banned
|rule|Evasion Items Clause: Evasion items are banned
|rule|Evasion Moves Clause: Evasion moves are banned
|rule|Endless Battle Clause: Forcing endless battles is banned
|rule|HP Percentage Mod: HP is shown in percentages
|rule|Dynamax Clause: You cannot dynamax
|clearpoke
|poke|p1|Entei|
|poke|p1|Klefki, M|
|poke|p1|Piloswine, F|
|poke|p1|Mantine, M|
|poke|p1|Raikou|
|poke|p1|Salamence, F|
|poke|p2|Hippowdon, M|
|poke|p2|Raikou|
|poke|p2|Mandibuzz, F|
|poke|p2|Amoonguss, F|
|poke|p2|Scizor, F|
|poke|p2|Keldeo-Resolute|
|teampreview
|
|t:|1662782891
|start
|switch|p1a: Raijin|Raikou|100/100
|switch|p2a: Scizor|Scizor, F|100/100
|-ability|p1a: Raijin|Pressure
|turn|1
|
|t:|1662782896
|switch|p2a: Amoonguss|Amoonguss, F|100/100
|move|p1a: Raijin|Thunderbolt|p2a: Amoonguss
|-resisted|p2a: Amoonguss
|-damage|p2a: Amoonguss|83/100
|
|-heal|p2a: Amoonguss|90/100|[from] item: Black Sludge
|upkeep
|turn|2
|
|t:|1662782900
|move|p1a: Raijin|Substitute|p1a: Raijin
|-start|p1a: Raijin|Substitute
|-damage|p1a: Raijin|76/100
|move|p2a: Amoonguss|Sludge Bomb|p1a: Raijin
|-end|p1a: Raijin|Substitute
|
|-heal|p1a: Raijin|82/100|[from] item: Leftovers
|-heal|p2a: Amoonguss|96/100|[from] item: Black Sludge
|upkeep
|turn|3
|
|t:|1662782906
|move|p1a: Raijin|Extrasensory|p2a: Amoonguss
|-supereffective|p2a: Amoonguss
|-damage|p2a: Amoonguss|53/100
|move|p2a: Amoonguss|Seed Bomb|p1a: Raijin
|-damage|p1a: Raijin|50/100
|
|-heal|p1a: Raijin|56/100|[from] item: Leftovers
|-heal|p2a: Amoonguss|59/100|[from] item: Black Sludge
|upkeep
|turn|4
|
|t:|1662782910
|move|p1a: Raijin|Substitute|p1a: Raijin
|-start|p1a: Raijin|Substitute
|-damage|p1a: Raijin|31/100
|move|p2a: Amoonguss|Sludge Bomb|p1a: Raijin
|-end|p1a: Raijin|Substitute
|
|-heal|p1a: Raijin|38/100|[from] item: Leftovers
|-heal|p2a: Amoonguss|65/100|[from] item: Black Sludge
|upkeep
|turn|5
|
|t:|1662782915
|move|p1a: Raijin|Extrasensory|p2a: Amoonguss
|-supereffective|p2a: Amoonguss
|-damage|p2a: Amoonguss|18/100
|move|p2a: Amoonguss|Sludge Bomb|p1a: Raijin
|-damage|p1a: Raijin|8/100
|
|-heal|p1a: Raijin|14/100|[from] item: Leftovers
|-heal|p2a: Amoonguss|24/100|[from] item: Black Sludge
|upkeep
|turn|6
|
|t:|1662782922
|switch|p2a: Scizor|Scizor, F|100/100
|move|p1a: Raijin|Thunderbolt|p2a: Scizor
|-damage|p2a: Scizor|60/100
|
|-heal|p1a: Raijin|20/100|[from] item: Leftovers
|upkeep
|turn|7
|
|t:|1662782930
|switch|p1a: Ava|Entei, shiny|100/100
|-ability|p1a: Ava|Pressure
|move|p2a: Scizor|Knock Off|p1a: Ava
|-damage|p1a: Ava|71/100
|-enditem|p1a: Ava|Choice Band|[from] move: Knock Off|[of] p2a: Scizor
|
|upkeep
|turn|8
|
|t:|1662782936
|switch|p2a: Hippowdon|Hippowdon, M|100/100
|-weather|Sandstorm|[from] ability: Sand Stream|[of] p2a: Hippowdon
|move|p1a: Ava|Sacred Fire|p2a: Hippowdon
|-damage|p2a: Hippowdon|65/100
|-status|p2a: Hippowdon|brn
|
|-weather|Sandstorm|[upkeep]
|-damage|p1a: Ava|65/100|[from] Sandstorm
|-damage|p2a: Hippowdon|59/100 brn|[from] brn
|upkeep
|turn|9
|
|t:|1662782945
|switch|p1a: WoollyBully|Piloswine, F, shiny|100/100
|move|p2a: Hippowdon|Slack Off|p2a: Hippowdon
|-heal|p2a: Hippowdon|100/100 brn
|
|-weather|Sandstorm|[upkeep]
|-damage|p2a: Hippowdon|94/100 brn|[from] brn
|upkeep
|turn|10
|
|t:|1662782951
|move|p1a: WoollyBully|Stealth Rock|p2a: Hippowdon
|-sidestart|p2: d01ph1ne|move: Stealth Rock
|move|p2a: Hippowdon|Toxic|p1a: WoollyBully
|-status|p1a: WoollyBully|tox
|
|-weather|Sandstorm|[upkeep]
|-damage|p1a: WoollyBully|94/100 tox|[from] psn
|-damage|p2a: Hippowdon|88/100 brn|[from] brn
|upkeep
|turn|11
|
|t:|1662782953
|switch|p2a: Scizor|Scizor, F|60/100
|-damage|p2a: Scizor|48/100|[from] Stealth Rock
|move|p1a: WoollyBully|Icicle Crash|p2a: Scizor
|-resisted|p2a: Scizor
|-damage|p2a: Scizor|34/100
|
|-weather|Sandstorm|[upkeep]
|-damage|p1a: WoollyBully|82/100 tox|[from] psn
|upkeep
|turn|12
|
|t:|1662782959
|move|p2a: Scizor|Roost|p2a: Scizor
|-heal|p2a: Scizor|84/100
|-singleturn|p2a: Scizor|move: Roost
|move|p1a: WoollyBully|Earthquake|p2a: Scizor
|-damage|p2a: Scizor|50/100
|
|-weather|none
|-damage|p1a: WoollyBully|63/100 tox|[from] psn
|upkeep
|turn|13
|
|t:|1662782961
|move|p2a: Scizor|Roost|p2a: Scizor
|-heal|p2a: Scizor|99/100
|-singleturn|p2a: Scizor|move: Roost
|move|p1a: WoollyBully|Earthquake|p2a: Scizor
|-damage|p2a: Scizor|68/100
|
|-damage|p1a: WoollyBully|38/100 tox|[from] psn
|upkeep
|turn|14
|
|t:|1662782965
|switch|p1a: Ava|Entei, shiny|65/100
|-ability|p1a: Ava|Pressure
|move|p2a: Scizor|Bullet Punch|p1a: Ava
|-resisted|p1a: Ava
|-damage|p1a: Ava|52/100
|
|upkeep
|turn|15
|
|t:|1662782969
|switch|p2a: Hippowdon|Hippowdon, M|88/100 brn
|-damage|p2a: Hippowdon|82/100 brn|[from] Stealth Rock
|-weather|Sandstorm|[from] ability: Sand Stream|[of] p2a: Hippowdon
|move|p1a: Ava|Sacred Fire|p2a: Hippowdon
|-damage|p2a: Hippowdon|46/100 brn
|
|-weather|Sandstorm|[upkeep]
|-damage|p1a: Ava|46/100|[from] Sandstorm
|-damage|p2a: Hippowdon|40/100 brn|[from] brn
|upkeep
|turn|16
|
|t:|1662782974
|move|p1a: Ava|Sacred Fire|p2a: Hippowdon
|-damage|p2a: Hippowdon|6/100 brn
|move|p2a: Hippowdon|Slack Off|p2a: Hippowdon
|-heal|p2a: Hippowdon|56/100 brn
|
|-weather|Sandstorm|[upkeep]
|-damage|p1a: Ava|39/100|[from] Sandstorm
|-damage|p2a: Hippowdon|50/100 brn|[from] brn
|upkeep
|turn|17
|
|t:|1662782994
|move|p1a: Ava|Sacred Fire|p2a: Hippowdon
|-damage|p2a: Hippowdon|18/100 brn
|move|p2a: Hippowdon|Slack Off|p2a: Hippowdon
|-heal|p2a: Hippowdon|68/100 brn
|
|-weather|Sandstorm|[upkeep]
|-damage|p1a: Ava|33/100|[from] Sandstorm
|-damage|p2a: Hippowdon|61/100 brn|[from] brn
|upkeep
|turn|18
|
|t:|1662783001
|switch|p1a: Malygos|Salamence, F|100/100
|-ability|p1a: Malygos|Intimidate|boost
|-unboost|p2a: Hippowdon|atk|1
|move|p2a: Hippowdon|Slack Off|p2a: Hippowdon
|-heal|p2a: Hippowdon|100/100 brn
|
|-weather|Sandstorm|[upkeep]
|-damage|p1a: Malygos|94/100|[from] Sandstorm
|-damage|p2a: Hippowdon|94/100 brn|[from] brn
|upkeep
|turn|19
|
|t:|1662783005
|move|p1a: Malygos|Dragon Dance|p1a: Malygos
|-boost|p1a: Malygos|atk|1
|-boost|p1a: Malygos|spe|1
|move|p2a: Hippowdon|Stealth Rock|p1a: Malygos
|-sidestart|p1: Frostytheswoleman|move: Stealth Rock
|
|-weather|none
|-damage|p2a: Hippowdon|88/100 brn|[from] brn
|upkeep
|turn|20
|
|t:|1662783008
|move|p1a: Malygos|Dragon Dance|p1a: Malygos
|-boost|p1a: Malygos|atk|1
|-boost|p1a: Malygos|spe|1
|move|p2a: Hippowdon|Toxic|p1a: Malygos
|-status|p1a: Malygos|tox
|-enditem|p1a: Malygos|Lum Berry|[eat]
|-curestatus|p1a: Malygos|tox|[msg]
|
|-damage|p2a: Hippowdon|82/100 brn|[from] brn
|upkeep
|turn|21
|
|t:|1662783016
|move|p1a: Malygos|Dual Wingbeat|p2a: Hippowdon
|-damage|p2a: Hippowdon|57/100 brn
|-damage|p1a: Malygos|78/100|[from] item: Rocky Helmet|[of] p2a: Hippowdon
|-damage|p2a: Hippowdon|29/100 brn
|-damage|p1a: Malygos|61/100|[from] item: Rocky Helmet|[of] p2a: Hippowdon
|-hitcount|p2a: Hippowdon|2
|move|p2a: Hippowdon|Toxic|p1a: Malygos|[miss]
|-miss|p2a: Hippowdon|p1a: Malygos
|
|-damage|p2a: Hippowdon|22/100 brn|[from] brn
|upkeep
|turn|22
|
|t:|1662783023
|move|p1a: Malygos|Dragon Claw|p2a: Hippowdon
|-damage|p2a: Hippowdon|0 fnt
|-damage|p1a: Malygos|45/100|[from] item: Rocky Helmet|[of] p2a: Hippowdon
|faint|p2a: Hippowdon
|
|upkeep
|
|t:|1662783028
|switch|p2a: Scizor|Scizor, F|68/100
|-damage|p2a: Scizor|55/100|[from] Stealth Rock
|turn|23
|
|t:|1662783033
|move|p2a: Scizor|Bullet Punch|p1a: Malygos
|-damage|p1a: Malygos|14/100
|move|p1a: Malygos|Dual Wingbeat|p2a: Scizor
|-damage|p2a: Scizor|22/100
|-damage|p2a: Scizor|0 fnt
|faint|p2a: Scizor
|-hitcount|p2: Scizor|2
|
|upkeep
|
|t:|1662783037
|switch|p2a: Mandibuzz|Mandibuzz, F|100/100
|turn|24
|
|t:|1662783044
|move|p1a: Malygos|Dual Wingbeat|p2a: Mandibuzz
|-damage|p2a: Mandibuzz|72/100
|-damage|p2a: Mandibuzz|47/100
|-hitcount|p2a: Mandibuzz|2
|move|p2a: Mandibuzz|Foul Play|p1a: Malygos
|-damage|p1a: Malygos|0 fnt
|faint|p1a: Malygos
|
|upkeep
|
|t:|1662783056
|switch|p1a: Raijin|Raikou|20/100
|-damage|p1a: Raijin|8/100|[from] Stealth Rock
|-ability|p1a: Raijin|Pressure
|turn|25
|
|t:|1662783074
|move|p1a: Raijin|Thunderbolt|p2a: Mandibuzz
|-supereffective|p2a: Mandibuzz
|-damage|p2a: Mandibuzz|0 fnt
|faint|p2a: Mandibuzz
|
|-heal|p1a: Raijin|14/100|[from] item: Leftovers
|upkeep
|
|t:|1662783076
|switch|p2a: Amoonguss|Amoonguss, F|58/100
|-damage|p2a: Amoonguss|45/100|[from] Stealth Rock
|turn|26
|
|t:|1662783080
|move|p1a: Raijin|Extrasensory|p2a: Amoonguss
|-supereffective|p2a: Amoonguss
|-damage|p2a: Amoonguss|0 fnt
|faint|p2a: Amoonguss
|
|-heal|p1a: Raijin|20/100|[from] item: Leftovers
|upkeep
|
|t:|1662783082
|switch|p2a: Raikou|Raikou|100/100
|turn|27
|
|t:|1662783085
|move|p1a: Raijin|Scald|p2a: Raikou
|-damage|p2a: Raikou|72/100
|move|p2a: Raikou|Scald|p1a: Raijin
|-damage|p1a: Raijin|0 fnt
|faint|p1a: Raijin
|
|upkeep
|
|t:|1662783093
|switch|p1a: Klefki|Klefki, M, shiny|100/100
|-damage|p1a: Klefki|95/100|[from] Stealth Rock
|turn|28
|
|t:|1662783096
|switch|p2a: Keldeo|Keldeo-Resolute|100/100
|-damage|p2a: Keldeo|94/100|[from] Stealth Rock
|move|p1a: Klefki|Toxic|p2a: Keldeo
|-status|p2a: Keldeo|tox
|
|-heal|p2a: Keldeo|100/100 tox|[from] item: Leftovers
|-heal|p1a: Klefki|100/100|[from] item: Leftovers
|-damage|p2a: Keldeo|94/100 tox|[from] psn
|upkeep
|turn|29
|
|t:|1662783100
|move|p2a: Keldeo|Scald|p1a: Klefki
|-damage|p1a: Klefki|47/100
|move|p1a: Klefki|Draining Kiss|p2a: Keldeo
|-supereffective|p2a: Keldeo
|-damage|p2a: Keldeo|63/100 tox
|-heal|p1a: Klefki|71/100|[from] drain|[of] p2a: Keldeo
|
|-heal|p2a: Keldeo|69/100 tox|[from] item: Leftovers
|-heal|p1a: Klefki|77/100|[from] item: Leftovers
|-damage|p2a: Keldeo|57/100 tox|[from] psn
|upkeep
|turn|30
|
|t:|1662783109
|move|p2a: Keldeo|Scald|p1a: Klefki
|-damage|p1a: Klefki|27/100
|move|p1a: Klefki|Draining Kiss|p2a: Keldeo
|-supereffective|p2a: Keldeo
|-damage|p2a: Keldeo|21/100 tox
|-heal|p1a: Klefki|54/100|[from] drain|[of] p2a: Keldeo
|
|-heal|p2a: Keldeo|27/100 tox|[from] item: Leftovers
|-heal|p1a: Klefki|60/100|[from] item: Leftovers
|-damage|p2a: Keldeo|9/100 tox|[from] psn
|upkeep
|turn|31
|
|t:|1662783122
|switch|p1a: WoollyBully|Piloswine, F, shiny|38/100 tox
|-damage|p1a: WoollyBully|26/100 tox|[from] Stealth Rock
|move|p2a: Keldeo|Scald|p1a: WoollyBully
|-supereffective|p1a: WoollyBully
|-damage|p1a: WoollyBully|0 fnt
|faint|p1a: WoollyBully
|
|-heal|p2a: Keldeo|15/100 tox|[from] item: Leftovers
|-damage|p2a: Keldeo|0 fnt|[from] psn
|faint|p2a: Keldeo
|upkeep
|
|t:|1662783128
|switch|p2a: Raikou|Raikou|72/100
|switch|p1a: Ava|Entei, shiny|33/100
|-damage|p1a: Ava|8/100|[from] Stealth Rock
|-ability|p1a: Ava|Pressure
|turn|32
|
|t:|1662783132
|move|p1a: Ava|Extreme Speed|p2a: Raikou
|-damage|p2a: Raikou|35/100
|move|p2a: Raikou|Scald|p1a: Ava
|-supereffective|p1a: Ava
|-damage|p1a: Ava|0 fnt
|faint|p1a: Ava
|
|upkeep
|
|t:|1662783135
|switch|p1a: Klefki|Klefki, M, shiny|60/100
|-damage|p1a: Klefki|54/100|[from] Stealth Rock
|turn|33
|
|t:|1662783146
|move|p1a: Klefki|Toxic|p2a: Raikou
|-status|p2a: Raikou|tox
|move|p2a: Raikou|Thunderbolt|p1a: Klefki
|-damage|p1a: Klefki|4/100
|
|-heal|p1a: Klefki|10/100|[from] item: Leftovers
|-damage|p2a: Raikou|29/100 tox|[from] psn
|upkeep
|turn|34
|
|t:|1662783158
|move|p2a: Raikou|Thunderbolt|p1a: Klefki
|-damage|p1a: Klefki|0 fnt
|faint|p1a: Klefki
|
|-damage|p2a: Raikou|16/100 tox|[from] psn
|upkeep
|
|t:|1662783159
|switch|p1a: SeaKite|Mantine, M|100/100
|turn|35
|
|t:|1662783161
|move|p2a: Raikou|Thunderbolt|p1a: SeaKite
|-supereffective|p1a: SeaKite
|-damage|p1a: SeaKite|17/100
|move|p1a: SeaKite|Scald|p2a: Raikou
|-damage|p2a: Raikou|0 fnt
|faint|p2a: Raikou
|
|win|Frostytheswoleman
|raw|Frostytheswoleman's rating: 1290 &rarr; <strong>1331</strong><br />(+41 for winning)
|raw|d01ph1ne's rating: 1553 &rarr; <strong>1520</strong><br />(-33 for losing)
|c|☆Frostytheswoleman|Gg
|l|☆d01ph1ne
