|j|☆Haazel Thorn
|j|☆braden13579
|t:|1604336475
|player|p1|Haazel Thorn|siebold|1475
|player|p2|braden13579|190|1400
|teamsize|p1|6
|teamsize|p2|6
|gametype|singles
|gen|8
|tier|[Gen 8] UU
|rated|
|clearpoke
|poke|p1|Glastrier|
|poke|p1|Cresselia, F|
|poke|p1|Regidrago|
|poke|p1|Hatterene, F|
|poke|p1|Marowak-Alola, F|
|poke|p1|Reuniclus, F|
|poke|p2|Volcarona, F|
|poke|p2|Azelf|
|poke|p2|Buzzwole|
|poke|p2|Noivern, F|
|poke|p2|Dracozolt|
|poke|p2|Aegislash, M|
|rule|Sleep Clause Mod: Limit one foe put to sleep
|rule|Species Clause: Limit one of each Pokémon
|rule|OHKO Clause: OHKO moves are banned
|rule|Evasion Moves Clause: Evasion moves are banned
|rule|Endless Battle Clause: Forcing endless battles is banned
|rule|HP Percentage Mod: HP is shown in percentages
|rule|Dynamax Clause: You cannot dynamax
|teampreview
|
|t:|1604336481
|start
|switch|p1a: Sorcelleuse|Hatterene, F|100/100
|switch|p2a: Aegislash|Aegislash, M|100/100
|turn|1
|
|t:|1604336487
|-formechange|p2a: Aegislash|Aegislash-Blade||[from] ability: Stance Change
|move|p2a: Aegislash|Shadow Ball|p1a: Sorcelleuse
|-supereffective|p1a: Sorcelleuse
|-enditem|p1a: Sorcelleuse|Focus Sash
|-damage|p1a: Sorcelleuse|1/100
|move|p1a: Sorcelleuse|Mystical Fire|p2a: Aegislash
|-supereffective|p2a: Aegislash
|-damage|p2a: Aegislash|0 fnt
|faint|p2a: Aegislash
|
|upkeep
|
|t:|1604336500
|switch|p2a: Buzzwole|Buzzwole|100/100
|turn|2
|j| nano and doctor
|
|t:|1604336504
|move|p2a: Buzzwole|Darkest Lariat|p1a: Sorcelleuse
|-damage|p1a: Sorcelleuse|0 fnt
|faint|p1a: Sorcelleuse
|-ability|p2a: Buzzwole|Beast Boost|boost
|-boost|p2a: Buzzwole|atk|1
|
|upkeep
|
|t:|1604336508
|switch|p1a: Lithopédion|Reuniclus, F|100/100
|turn|3
|
|t:|1604336517
|move|p2a: Buzzwole|Darkest Lariat|p1a: Lithopédion
|-supereffective|p1a: Lithopédion
|-enditem|p1a: Lithopédion|Focus Sash
|-damage|p1a: Lithopédion|1/100
|move|p1a: Lithopédion|Trick Room|p1a: Lithopédion
|-fieldstart|move: Trick Room|[of] p1a: Lithopédion
|
|upkeep
|turn|4
|
|t:|1604336528
|move|p1a: Lithopédion|Psychic|p2a: Buzzwole
|-supereffective|p2a: Buzzwole
|-damage|p2a: Buzzwole|7/100
|move|p2a: Buzzwole|Substitute|p2a: Buzzwole
|-fail|p2a: Buzzwole|move: Substitute|[weak]
|
|-heal|p2a: Buzzwole|13/100|[from] item: Leftovers
|upkeep
|turn|5
|
|t:|1604336535
|move|p1a: Lithopédion|Psychic|p2a: Buzzwole
|-supereffective|p2a: Buzzwole
|-damage|p2a: Buzzwole|0 fnt
|faint|p2a: Buzzwole
|
|upkeep
|
|t:|1604336540
|switch|p2a: Noivern|Noivern, F|100/100
|turn|6
|
|t:|1604336542
|move|p1a: Lithopédion|Explosion|p2a: Noivern
|-damage|p2a: Noivern|34/100
|faint|p1a: Lithopédion
|move|p2a: Noivern|U-turn|p1: Lithopédion|[notarget]
|-fail|p2a: Noivern
|
|upkeep
|
|t:|1604336549
|switch|p1a: Delagon Bolu|Regidrago|100/100
|turn|7
|
|t:|1604336552
|move|p1a: Delagon Bolu|Dragon Pulse|p2a: Noivern
|-supereffective|p2a: Noivern
|-damage|p2a: Noivern|0 fnt
|faint|p2a: Noivern
|
|-fieldend|move: Trick Room
|upkeep
|
|t:|1604336558
|switch|p2a: Azelf|Azelf|100/100
|turn|8
|
|t:|1604336561
|move|p2a: Azelf|Stealth Rock|p1a: Delagon Bolu
|-sidestart|p1: Haazel Thorn|move: Stealth Rock
|move|p1a: Delagon Bolu|Dragon Pulse|p2a: Azelf
|-enditem|p2a: Azelf|Focus Sash
|-damage|p2a: Azelf|1/100
|
|upkeep
|turn|9
|
|t:|1604336566
|move|p2a: Azelf|Explosion|p1a: Delagon Bolu
|-damage|p1a: Delagon Bolu|17/100
|faint|p2a: Azelf
|move|p1a: Delagon Bolu|Dragon Pulse|p2: Azelf|[notarget]
|-fail|p1a: Delagon Bolu
|
|upkeep
|
|t:|1604336575
|switch|p2a: Volcarona|Volcarona, F|100/100
|turn|10
|
|t:|1604336578
|switch|p1a: Brutal Ghost|Marowak-Alola, F|100/100
|-damage|p1a: Brutal Ghost|76/100|[from] Stealth Rock
|move|p2a: Volcarona|Quiver Dance|p2a: Volcarona
|-boost|p2a: Volcarona|spa|1
|-boost|p2a: Volcarona|spd|1
|-boost|p2a: Volcarona|spe|1
|
|upkeep
|turn|11
|
|t:|1604336591
|move|p2a: Volcarona|Flamethrower|p1a: Brutal Ghost
|-resisted|p1a: Brutal Ghost
|-damage|p1a: Brutal Ghost|40/100
|move|p1a: Brutal Ghost|Flare Blitz|p2a: Volcarona
|-damage|p2a: Volcarona|5/100
|-damage|p1a: Brutal Ghost|3/100|[from] Recoil
|
|upkeep
|turn|12
|
|t:|1604336598
|move|p2a: Volcarona|Flamethrower|p1a: Brutal Ghost
|-resisted|p1a: Brutal Ghost
|-damage|p1a: Brutal Ghost|0 fnt
|faint|p1a: Brutal Ghost
|
|upkeep
|
|t:|1604336601
|switch|p1a: CynthiaDeLaCompta|Cresselia, F|100/100
|-damage|p1a: CynthiaDeLaCompta|88/100|[from] Stealth Rock
|turn|13
|
|t:|1604336606
|move|p2a: Volcarona|Bug Buzz|p1a: CynthiaDeLaCompta
|-supereffective|p1a: CynthiaDeLaCompta
|-damage|p1a: CynthiaDeLaCompta|23/100
|move|p1a: CynthiaDeLaCompta|Trick Room|p1a: CynthiaDeLaCompta
|-fieldstart|move: Trick Room|[of] p1a: CynthiaDeLaCompta
|
|-heal|p1a: CynthiaDeLaCompta|29/100|[from] item: Leftovers
|upkeep
|turn|14
|
|t:|1604336613
|move|p1a: CynthiaDeLaCompta|Lunar Dance|p1a: CynthiaDeLaCompta
|faint|p1a: CynthiaDeLaCompta
|move|p2a: Volcarona|Roost|p2a: Volcarona
|-heal|p2a: Volcarona|55/100
|-singleturn|p2a: Volcarona|move: Roost
|
|upkeep
|
|t:|1604336616
|switch|p1a: Delagon Bolu|Regidrago|17/100
|-heal|p1a: Delagon Bolu|100/100|[from] move: Lunar Dance
|-damage|p1a: Delagon Bolu|88/100|[from] Stealth Rock
|turn|15
|
|t:|1604336621
|move|p1a: Delagon Bolu|Dragon Energy|p2a: Volcarona
|-damage|p2a: Volcarona|0 fnt
|faint|p2a: Volcarona
|
|upkeep
|
|t:|1604336625
|switch|p2a: Dracozolt|Dracozolt|100/100
|turn|16
|
|t:|1604336628
|move|p1a: Delagon Bolu|Dragon Energy|p2a: Dracozolt
|-supereffective|p2a: Dracozolt
|-damage|p2a: Dracozolt|0 fnt
|faint|p2a: Dracozolt
|
|win|Haazel Thorn
