|j|☆ShikiZera
|j|☆DQ Low Tier Legend
|t:|1652644282
|gametype|singles
|player|p1|ShikiZera|lucas|1329
|player|p2|DQ Low Tier Legend|1|1552
|teamsize|p1|6
|teamsize|p2|6
|gen|8
|tier|[Gen 8] UU
|rated|
|rule|Sleep Clause Mod: Limit one foe put to sleep
|rule|Species Clause: Limit one of each Pokémon
|rule|OHKO Clause: OHKO moves are banned
|rule|Evasion Moves Clause: Evasion moves are banned
|rule|Endless Battle Clause: Forcing endless battles is banned
|rule|HP Percentage Mod: HP is shown in percentages
|rule|Dynamax Clause: You cannot dynamax
|clearpoke
|poke|p1|Conkeldurr, F|
|poke|p1|Mandibuzz, F|
|poke|p1|Aegislash, M|
|poke|p1|Thundurus-Therian, M|
|poke|p1|Zygarde-10%|
|poke|p1|Slowbro-Galar, M|
|poke|p2|Excadrill, M|
|poke|p2|Gyarados, M|
|poke|p2|Zarude|
|poke|p2|Celesteela|
|poke|p2|Lycanroc-Dusk, M|
|poke|p2|Hatterene, F|
|teampreview
|inactive|Battle timer is ON: inactive players will automatically lose when time's up. (requested by ShikiZera)
|
|t:|1652644304
|start
|switch|p1a: Conkeldurr|Conkeldurr, F|100/100
|switch|p2a: Excadrill|Excadrill, M|100/100
|-ability|p2a: Excadrill|Mold Breaker
|turn|1
|
|t:|1652644308
|move|p2a: Excadrill|Stealth Rock|p1a: Conkeldurr
|-sidestart|p1: ShikiZera|move: Stealth Rock
|move|p1a: Conkeldurr|Drain Punch|p2a: Excadrill
|-supereffective|p2a: Excadrill
|-enditem|p2a: Excadrill|Focus Sash
|-damage|p2a: Excadrill|1/100
|
|-status|p1a: Conkeldurr|brn|[from] item: Flame Orb
|upkeep
|turn|2
|
|t:|1652644320
|move|p1a: Conkeldurr|Mach Punch|p2a: Excadrill
|-supereffective|p2a: Excadrill
|-damage|p2a: Excadrill|0 fnt
|faint|p2a: Excadrill
|
|-damage|p1a: Conkeldurr|94/100 brn|[from] brn
|upkeep
|
|t:|1652644326
|switch|p2a: Gyarados|Gyarados, M|100/100
|turn|3
|
|t:|1652644332
|switch|p1a: Mandibuzz|Mandibuzz, F|100/100
|move|p2a: Gyarados|Bounce||[still]
|-prepare|p2a: Gyarados|Bounce
|-enditem|p2a: Gyarados|Power Herb
|-anim|p2a: Gyarados|Bounce|p1a: Mandibuzz|[miss]
|-miss|p2a: Gyarados|p1a: Mandibuzz
|
|upkeep
|turn|4
|inactive|DQ Low Tier Legend has 120 seconds left.
|
|t:|1652644364
|switch|p2a: Zarude|Zarude|100/100
|move|p1a: Mandibuzz|Defog|p2a: Zarude
|-unboost|p2a: Zarude|evasion|1
|-sideend|p1: ShikiZera|Stealth Rock|[from] move: Defog|[of] p1a: Mandibuzz
|
|upkeep
|turn|5
|
|t:|1652644370
|move|p2a: Zarude|Bulk Up|p2a: Zarude
|-boost|p2a: Zarude|atk|1
|-boost|p2a: Zarude|def|1
|move|p1a: Mandibuzz|Brave Bird|p2a: Zarude
|-supereffective|p2a: Zarude
|-damage|p2a: Zarude|65/100
|-damage|p1a: Mandibuzz|91/100|[from] Recoil
|
|upkeep
|turn|6
|
|t:|1652644384
|switch|p1a: Conkeldurr|Conkeldurr, F|94/100 brn
|move|p2a: Zarude|Bulk Up|p2a: Zarude
|-boost|p2a: Zarude|atk|1
|-boost|p2a: Zarude|def|1
|
|-damage|p1a: Conkeldurr|88/100 brn|[from] brn
|upkeep
|turn|7
|
|t:|1652644387
|move|p2a: Zarude|Power Whip|p1a: Conkeldurr
|-damage|p1a: Conkeldurr|0 fnt
|faint|p1a: Conkeldurr
|
|upkeep
|
|t:|1652644400
|switch|p1a: Zygarde|Zygarde-10%|100/100
|-ability|p1a: Zygarde|Aura Break
|turn|8
|
|t:|1652644402
|move|p1a: Zygarde|Toxic|p2a: Zarude
|-status|p2a: Zarude|tox
|move|p2a: Zarude|Darkest Lariat|p1a: Zygarde
|-damage|p1a: Zygarde|0 fnt
|faint|p1a: Zygarde
|
|-damage|p2a: Zarude|59/100 tox|[from] psn
|upkeep
|
|t:|1652644408
|switch|p1a: Aegislash|Aegislash, M|100/100
|turn|9
|
|t:|1652644412
|switch|p1a: Mandibuzz|Mandibuzz, F|91/100
|move|p2a: Zarude|Jungle Healing|p2a: Zarude
|-heal|p2a: Zarude|84/100 tox
|-curestatus|p2a: Zarude|tox|[msg]
|
|upkeep
|turn|10
|
|t:|1652644419
|move|p2a: Zarude|Bulk Up|p2a: Zarude
|-boost|p2a: Zarude|atk|1
|-boost|p2a: Zarude|def|1
|move|p1a: Mandibuzz|Foul Play|p2a: Zarude
|-resisted|p2a: Zarude
|-damage|p2a: Zarude|63/100
|
|upkeep
|turn|11
|
|t:|1652644425
|move|p2a: Zarude|Bulk Up|p2a: Zarude
|-boost|p2a: Zarude|atk|1
|-boost|p2a: Zarude|def|1
|move|p1a: Mandibuzz|Foul Play|p2a: Zarude
|-resisted|p2a: Zarude
|-damage|p2a: Zarude|42/100
|
|upkeep
|turn|12
|
|t:|1652644429
|move|p2a: Zarude|Jungle Healing|p2a: Zarude
|-heal|p2a: Zarude|67/100
|move|p1a: Mandibuzz|Foul Play|p2a: Zarude
|-resisted|p2a: Zarude
|-damage|p2a: Zarude|45/100
|
|upkeep
|turn|13
|
|t:|1652644435
|move|p2a: Zarude|Jungle Healing|p2a: Zarude
|-heal|p2a: Zarude|70/100
|move|p1a: Mandibuzz|Foul Play|p2a: Zarude
|-resisted|p2a: Zarude
|-damage|p2a: Zarude|48/100
|
|upkeep
|turn|14
|
|t:|1652644440
|move|p2a: Zarude|Power Whip|p1a: Mandibuzz
|-resisted|p1a: Mandibuzz
|-damage|p1a: Mandibuzz|37/100
|move|p1a: Mandibuzz|Foul Play|p2a: Zarude
|-resisted|p2a: Zarude
|-damage|p2a: Zarude|27/100
|
|upkeep
|turn|15
|
|t:|1652644450
|move|p2a: Zarude|Darkest Lariat|p1a: Mandibuzz
|-resisted|p1a: Mandibuzz
|-damage|p1a: Mandibuzz|0 fnt
|faint|p1a: Mandibuzz
|
|upkeep
|
|t:|1652644456
|switch|p1a: Thundurus|Thundurus-Therian, M|100/100
|turn|16
|
|t:|1652644459
|move|p2a: Zarude|Darkest Lariat|p1a: Thundurus
|-damage|p1a: Thundurus|0 fnt
|faint|p1a: Thundurus
|
|upkeep
|
|t:|1652644464
|switch|p1a: Slowbro|Slowbro-Galar, M|100/100
|turn|17
|
|t:|1652644467
|move|p2a: Zarude|Darkest Lariat|p1a: Slowbro
|-supereffective|p1a: Slowbro
|-damage|p1a: Slowbro|0 fnt
|faint|p1a: Slowbro
|
|upkeep
|
|t:|1652644469
|switch|p1a: Aegislash|Aegislash, M|100/100
|turn|18
|
|t:|1652644475
|move|p1a: Aegislash|King's Shield|p1a: Aegislash
|-singleturn|p1a: Aegislash|Protect
|move|p2a: Zarude|Darkest Lariat|p1a: Aegislash
|-activate|p1a: Aegislash|move: Protect
|-unboost|p2a: Zarude|atk|1
|
|upkeep
|turn|19
|
|t:|1652644478
|move|p2a: Zarude|Darkest Lariat|p1a: Aegislash
|-supereffective|p1a: Aegislash
|-damage|p1a: Aegislash|0 fnt
|faint|p1a: Aegislash
|
|win|DQ Low Tier Legend
|raw|ShikiZera's rating: 1329 &rarr; <strong>1321</strong><br />(-8 for losing)
|raw|DQ Low Tier Legend's rating: 1562 &rarr; <strong>1570</strong><br />(+8 for winning)
