|j|☆UULT1 Ramolost
|j|☆uult1 sparrowstail
|player|p1|UULT1 Ramolost|guzma|1674
|player|p2|uult1 sparrowstail|twins-gen4|1579
|teamsize|p1|6
|teamsize|p2|6
|gametype|singles
|gen|8
|tier|[Gen 8] UU
|rated|
|clearpoke
|poke|p1|Golisopod, F|
|poke|p1|Drapion, F|
|poke|p1|Bronzong|
|poke|p1|Haxorus, M|
|poke|p1|Doublade, M|
|poke|p1|Sylveon, M|
|poke|p2|Sylveon, M|
|poke|p2|Galvantula, M|
|poke|p2|Tsareena, F|
|poke|p2|Haxorus, F|
|poke|p2|Doublade, M|
|poke|p2|Rotom-Wash|
|rule|Sleep Clause Mod: Limit one foe put to sleep
|rule|Species Clause: Limit one of each Pokémon
|rule|OHKO Clause: OHKO moves are banned
|rule|Evasion Moves Clause: Evasion moves are banned
|rule|Endless Battle Clause: Forcing endless battles is banned
|rule|HP Percentage Mod: HP is shown in percentages
|rule|Dynamax Clause: You cannot dynamax
|teampreview
|j| uult1 treeeck
|j| Ranbu No Melody
|l| uult1 treeeck
|inactive|Battle timer is ON: inactive players will automatically lose when time's up. (requested by uult1 sparrowstail)
|c|☆UULT1 Ramolost|hf
|
|start
|switch|p1a: Misty Menace|Sylveon, M, shiny|100/100
|switch|p2a: Galvantula|Galvantula, M|100/100
|turn|1
|j| Squash17
|
|move|p2a: Galvantula|Sticky Web|p1a: Misty Menace
|-sidestart|p1: UULT1 Ramolost|move: Sticky Web
|move|p1a: Misty Menace|Hyper Voice|p2a: Galvantula
|-enditem|p2a: Galvantula|Focus Sash
|-damage|p2a: Galvantula|1/100
|
|upkeep
|turn|2
|c| Squash17|GO
|j| pokemonisfun
|
|move|p2a: Galvantula|Thunder|p1a: Misty Menace
|-damage|p1a: Misty Menace|61/100
|-status|p1a: Misty Menace|par
|move|p1a: Misty Menace|Hyper Voice|p2a: Galvantula
|-damage|p2a: Galvantula|0 fnt
|faint|p2a: Galvantula
|
|upkeep
|j| Hurtadoo♥
|c| pokemonisfun|your team is so slow ramolost
|c|☆UULT1 Ramolost|ikr
|inactive|uult1 sparrowstail has 120 seconds left.
|
|switch|p2a: Doublade|Doublade, M|100/100
|turn|3
|c|☆UULT1 Ramolost|but it still work
|
|switch|p1a: Ice Cave Chant|Drapion, F|100/100
|-activate|p1a: Ice Cave Chant|move: Sticky Web
|-unboost|p1a: Ice Cave Chant|spe|1
|move|p2a: Doublade|Iron Head|p1a: Ice Cave Chant
|-damage|p1a: Ice Cave Chant|59/100
|-damage|p2a: Doublade|84/100|[from] item: Rocky Helmet|[of] p1a: Ice Cave Chant
|
|upkeep
|turn|4
|c| pokemonisfun|but two good priority
|c|☆UULT1 Ramolost|3
|c| pokemonisfun|dude
|inactive|uult1 sparrowstail has 120 seconds left.
|c| pokemonisfun|i was trying to not reveal your set
|c| pokemonisfun|(quick attack sylveon)
|j| ZoroDark
|
|switch|p2a: Haxorus|Haxorus, F|100/100
|-ability|p2a: Haxorus|Mold Breaker
|move|p1a: Ice Cave Chant|Toxic Spikes|p2a: Haxorus
|-sidestart|p2: uult1 sparrowstail|move: Toxic Spikes
|
|upkeep
|turn|5
|c|☆UULT1 Ramolost|heat tbh
|
|switch|p1a: Aquatic Ambiance|Golisopod, F|100/100
|move|p2a: Haxorus|Earthquake|p1a: Aquatic Ambiance
|-resisted|p1a: Aquatic Ambiance
|-damage|p1a: Aquatic Ambiance|80/100
|
|upkeep
|turn|6
|
|switch|p2a: Tsareena|Tsareena, F|100/100
|-status|p2a: Tsareena|psn
|move|p1a: Aquatic Ambiance|First Impression||[still]
|cant|p2a: Tsareena|ability: Queenly Majesty|First Impression|[of] p1a: Aquatic Ambiance
|
|-damage|p2a: Tsareena|88/100 psn|[from] psn
|upkeep
|turn|7
|c|☆UULT1 Ramolost|but im a tryharder
|inactive|uult1 sparrowstail has 120 seconds left.
|c|☆UULT1 Ramolost|im wish sylv
|
|switch|p1a: Forest Frenzy|Doublade, M|100/100
|-activate|p1a: Forest Frenzy|move: Sticky Web
|-unboost|p1a: Forest Frenzy|spe|1
|move|p2a: Tsareena|Knock Off|p1a: Forest Frenzy
|-supereffective|p1a: Forest Frenzy
|-damage|p1a: Forest Frenzy|66/100
|-enditem|p1a: Forest Frenzy|Eviolite|[from] move: Knock Off|[of] p2a: Tsareena
|
|-damage|p2a: Tsareena|76/100 psn|[from] psn
|upkeep
|turn|8
|c| pokemonisfun|ive seen you switch your pod into haxorus' eq like 4 times
|j| Solonorrrrr
|c| pokemonisfun|this ladder session
|
|move|p2a: Tsareena|U-turn|p1a: Forest Frenzy
|-resisted|p1a: Forest Frenzy
|-crit|p1a: Forest Frenzy
|-damage|p1a: Forest Frenzy|58/100
|c|☆UULT1 Ramolost|but i did it way more than 4 times
|inactive|uult1 sparrowstail has 120 seconds left.
|
|switch|p2a: Rotom|Rotom-Wash|100/100|[from]move: U-turn
|move|p1a: Forest Frenzy|Iron Head|p2a: Rotom
|-resisted|p2a: Rotom
|-damage|p2a: Rotom|88/100
|
|upkeep
|turn|9
|j| SkipTheDripBayless
|c| pokemonisfun|im always clicking dragon stab vs you if i see you have a pod
|
|switch|p1a: Misty Menace|Sylveon, M, shiny|61/100 par
|-activate|p1a: Misty Menace|move: Sticky Web
|-unboost|p1a: Misty Menace|spe|1
|move|p2a: Rotom|Thunderbolt|p1a: Misty Menace
|-damage|p1a: Misty Menace|31/100 par
|
|upkeep
|turn|10
|c| pokemonisfun|hard outrage on a sylveon
|
|switch|p1a: Fear Factory|Haxorus, M, shiny|100/100
|-activate|p1a: Fear Factory|move: Sticky Web
|-unboost|p1a: Fear Factory|spe|1
|-ability|p1a: Fear Factory|Mold Breaker
|move|p2a: Rotom|Thunderbolt|p1a: Fear Factory
|-resisted|p1a: Fear Factory
|-damage|p1a: Fear Factory|71/100
|
|upkeep
|turn|11
|
|move|p2a: Rotom|Thunderbolt|p1a: Fear Factory
|-resisted|p1a: Fear Factory
|-damage|p1a: Fear Factory|40/100
|move|p1a: Fear Factory|Earthquake|p2a: Rotom
|-supereffective|p2a: Rotom
|-damage|p2a: Rotom|0 fnt
|faint|p2a: Rotom
|
|upkeep
|
|switch|p2a: Tsareena|Tsareena, F|76/100 psn
|turn|12
|c|☆UULT1 Ramolost|but u dont play me
|c|☆UULT1 Ramolost|since when i wanna chall
|c|☆UULT1 Ramolost|u say "busy"
|
|switch|p1a: Ice Cave Chant|Drapion, F|59/100
|-activate|p1a: Ice Cave Chant|move: Sticky Web
|-unboost|p1a: Ice Cave Chant|spe|1
|move|p2a: Tsareena|Knock Off|p1a: Ice Cave Chant
|-resisted|p1a: Ice Cave Chant
|-damage|p1a: Ice Cave Chant|39/100
|-damage|p2a: Tsareena|59/100 psn|[from] item: Rocky Helmet|[of] p1a: Ice Cave Chant
|-enditem|p1a: Ice Cave Chant|Rocky Helmet|[from] move: Knock Off|[of] p2a: Tsareena
|
|-damage|p2a: Tsareena|47/100 psn|[from] psn
|upkeep
|turn|13
|
|move|p1a: Ice Cave Chant|Knock Off|p2a: Tsareena
|-damage|p2a: Tsareena|9/100 psn
|-enditem|p2a: Tsareena|Assault Vest|[from] move: Knock Off|[of] p1a: Ice Cave Chant
|move|p2a: Tsareena|Rapid Spin|p1a: Ice Cave Chant
|-damage|p1a: Ice Cave Chant|18/100
|-boost|p2a: Tsareena|spe|1
|-sideend|p2: uult1 sparrowstail|Toxic Spikes|[from] move: Rapid Spin|[of] p2a: Tsareena
|
|-damage|p2a: Tsareena|0 fnt|[from] psn
|faint|p2a: Tsareena
|upkeep
|c| ZoroDark|when's the uult deadline today
|
|switch|p2a: Haxorus|Haxorus, F|100/100
|-ability|p2a: Haxorus|Mold Breaker
|turn|14
|c| ZoroDark|little under 2 hrs right?
|c| Solonorrrrr|y
|c|☆UULT1 Ramolost|ye
|
|move|p2a: Haxorus|Earthquake|p1a: Ice Cave Chant
|-supereffective|p1a: Ice Cave Chant
|-damage|p1a: Ice Cave Chant|0 fnt
|faint|p1a: Ice Cave Chant
|
|upkeep
|
|switch|p1a: Aquatic Ambiance|Golisopod, F|80/100
|turn|15
|
|switch|p2a: Doublade|Doublade, M|84/100
|move|p1a: Aquatic Ambiance|Spikes|p2a: Doublade
|-sidestart|p2: uult1 sparrowstail|Spikes
|
|upkeep
|turn|16
|
|move|p1a: Aquatic Ambiance|Liquidation|p2a: Doublade
|-damage|p2a: Doublade|62/100
|move|p2a: Doublade|Swords Dance|p2a: Doublade
|-boost|p2a: Doublade|atk|2
|
|upkeep
|turn|17
|
|move|p2a: Doublade|Shadow Sneak|p1a: Aquatic Ambiance
|-damage|p1a: Aquatic Ambiance|48/100
|-activate|p1a: Aquatic Ambiance|ability: Emergency Exit
|c| Solonorrrrr|ramo
|c| Solonorrrrr|ur sooooo lucky
|
|switch|p1a: Funky's Fugue|Bronzong|100/100
|
|upkeep
|turn|18
|c| Solonorrrrr|this dudes trash LOL
|c| SkipTheDripBayless|ye
|
|move|p2a: Doublade|Shadow Sneak|p1a: Funky's Fugue
|-supereffective|p1a: Funky's Fugue
|-damage|p1a: Funky's Fugue|26/100
|move|p1a: Funky's Fugue|Psychic|p2a: Doublade
|-resisted|p2a: Doublade
|-damage|p2a: Doublade|45/100
|
|-heal|p1a: Funky's Fugue|32/100|[from] item: Leftovers
|upkeep
|turn|19
|c| SkipTheDripBayless|ramo teams should not be working
|
|move|p2a: Doublade|Shadow Sneak|p1a: Funky's Fugue
|-supereffective|p1a: Funky's Fugue
|-damage|p1a: Funky's Fugue|0 fnt
|faint|p1a: Funky's Fugue
|
|upkeep
|c| Solonorrrrr|when u have a free sd and u win
|c| Solonorrrrr|but u say hey
|c| Solonorrrrr|let me not do that
|
|switch|p1a: Forest Frenzy|Doublade, M|58/100
|-activate|p1a: Forest Frenzy|move: Sticky Web
|-unboost|p1a: Forest Frenzy|spe|1
|turn|20
|j| lucqq
|
|move|p2a: Doublade|Shadow Sneak|p1a: Forest Frenzy
|-supereffective|p1a: Forest Frenzy
|-damage|p1a: Forest Frenzy|0 fnt
|faint|p1a: Forest Frenzy
|
|upkeep
|-message|UULT1 Ramolost forfeited.
|
|win|uult1 sparrowstail
|l|☆UULT1 Ramolost
|l| Squash17
|l| SkipTheDripBayless
|raw|UULT1 Ramolost's rating: 1674 &rarr; <strong>1649</strong><br />(-25 for losing)
|raw|uult1 sparrowstail's rating: 1579 &rarr; <strong>1604</strong><br />(+25 for winning)
|l| Solonorrrrr
|l| Hurtadoo♥
|l| lucqq
|l| ZoroDark
|c|☆uult1 sparrowstail|Gg
|l|☆uult1 sparrowstail
