|j|☆naviii 1
|j|☆TheFlawlessWin
|t:|1600835106
|player|p1|naviii 1|brendan-gen3rs|1661
|player|p2|TheFlawlessWin|lance|1688
|teamsize|p1|6
|teamsize|p2|6
|gametype|singles
|gen|8
|tier|[Gen 8] UU
|rated|
|html|<div class="broadcast-blue"><strong>UU is currently suspecting Lycanroc-Dusk! For information on how to participate check out the <a href="https://www.smogon.com/forums/threads/3670407/">suspect thread</a>.</strong></div>
|clearpoke
|poke|p1|Mimikyu, M|
|poke|p1|Rotom-Wash|
|poke|p1|Sylveon, F|
|poke|p1|Cobalion|
|poke|p1|Arcanine, M|
|poke|p1|Slowbro, M|
|poke|p2|Passimian, M|
|poke|p2|Porygon-Z|
|poke|p2|Steelix, F|
|poke|p2|Tentacruel, F|
|poke|p2|Sylveon, F|
|poke|p2|Rotom-Mow|
|rule|Sleep Clause Mod: Limit one foe put to sleep
|rule|Species Clause: Limit one of each Pokémon
|rule|OHKO Clause: OHKO moves are banned
|rule|Evasion Moves Clause: Evasion moves are banned
|rule|Endless Battle Clause: Forcing endless battles is banned
|rule|HP Percentage Mod: HP is shown in percentages
|rule|Dynamax Clause: You cannot dynamax
|teampreview
|inactive|Battle timer is ON: inactive players will automatically lose when time's up. (requested by naviii 1)
|
|t:|1600835125
|start
|switch|p1a: Good Boi|Arcanine, M|100/100
|switch|p2a: Rotom|Rotom-Mow|100/100
|-ability|p1a: Good Boi|Intimidate|boost
|-unboost|p2a: Rotom|atk|1
|turn|1
|
|t:|1600835135
|move|p2a: Rotom|Volt Switch|p1a: Good Boi
|-damage|p1a: Good Boi|82/100
|
|t:|1600835138
|switch|p2a: Tentacruel|Tentacruel, F|100/100|[from]move: Volt Switch
|move|p1a: Good Boi|Teleport|p1a: Good Boi
|
|t:|1600835147
|switch|p1a: Slowbruh|Slowbro, M|100/100|[from]move: Teleport
|
|upkeep
|turn|2
|
|t:|1600835154
|move|p2a: Tentacruel|Toxic Spikes|p1a: Slowbruh
|-sidestart|p1: naviii 1|move: Toxic Spikes
|move|p1a: Slowbruh|Psyshock|p2a: Tentacruel
|-supereffective|p2a: Tentacruel
|-damage|p2a: Tentacruel|30/100
|
|-heal|p2a: Tentacruel|36/100|[from] item: Black Sludge
|upkeep
|turn|3
|
|t:|1600835160
|switch|p2a: Rotom|Rotom-Mow|100/100
|switch|p1a: Good Boi|Arcanine, M|82/100
|-ability|p1a: Good Boi|Intimidate|boost
|-unboost|p2a: Rotom|atk|1
|
|upkeep
|turn|4
|
|t:|1600835174
|move|p2a: Rotom|Volt Switch|p1a: Good Boi
|-damage|p1a: Good Boi|62/100
|
|t:|1600835177
|switch|p2a: Tentacruel|Tentacruel, F|36/100|[from]move: Volt Switch
|move|p1a: Good Boi|Teleport|p1a: Good Boi
|
|t:|1600835179
|switch|p1a: motoR|Rotom-Wash|100/100|[from]move: Teleport
|
|-heal|p2a: Tentacruel|42/100|[from] item: Black Sludge
|upkeep
|turn|5
|
|t:|1600835192
|switch|p2a: Porygon-Z|Porygon-Z|100/100
|-ability|p2a: Porygon-Z|Download|boost
|-boost|p2a: Porygon-Z|spa|1
|move|p1a: motoR|Defog|p2a: Porygon-Z
|-unboost|p2a: Porygon-Z|evasion|1
|-sideend|p1: naviii 1|Toxic Spikes|[from] move: Defog|[of] p1a: motoR
|
|upkeep
|turn|6
|inactive|naviii 1 has 120 seconds left.
|
|t:|1600835236
|move|p2a: Porygon-Z|Shadow Ball|p1a: motoR
|-damage|p1a: motoR|37/100
|-damage|p2a: Porygon-Z|91/100|[from] item: Life Orb
|move|p1a: motoR|Pain Split|p2a: Porygon-Z
|-sethp|p2a: Porygon-Z|63/100|[from] move: Pain Split|[silent]
|-sethp|p1a: motoR|67/100|[from] move: Pain Split
|
|upkeep
|turn|7
|
|t:|1600835257
|switch|p1a: Fears|Mimikyu, M|100/100
|move|p2a: Porygon-Z|Tri Attack|p1a: Fears
|-immune|p1a: Fears
|
|upkeep
|turn|8
|
|t:|1600835280
|switch|p1a: Koba Leon|Cobalion|100/100
|switch|p2a: Steelix|Steelix, F|100/100
|
|upkeep
|turn|9
|inactive|naviii 1 has 90 seconds left.
|
|t:|1600835305
|switch|p1a: motoR|Rotom-Wash|67/100
|move|p2a: Steelix|Stealth Rock|p1a: motoR
|-sidestart|p1: naviii 1|move: Stealth Rock
|
|upkeep
|turn|10
|j| 07l中国大妈
|inactive|naviii 1 has 90 seconds left.
|
|t:|1600835312
|switch|p2a: Rotom|Rotom-Mow|100/100
|move|p1a: motoR|Volt Switch|p2a: Rotom
|-resisted|p2a: Rotom
|-damage|p2a: Rotom|94/100
|inactive|naviii 1 has 90 seconds left.
|
|t:|1600835317
|switch|p1a: Good Boi|Arcanine, M|62/100|[from]move: Volt Switch
|-ability|p1a: Good Boi|Intimidate|boost
|-unboost|p2a: Rotom|atk|1
|
|-heal|p2a: Rotom|99/100|[from] item: Leftovers
|upkeep
|turn|11
|
|t:|1600835323
|move|p2a: Rotom|Nasty Plot|p2a: Rotom
|-boost|p2a: Rotom|spa|2
|move|p1a: Good Boi|Morning Sun|p1a: Good Boi
|-heal|p1a: Good Boi|100/100
|
|-heal|p2a: Rotom|100/100|[from] item: Leftovers
|upkeep
|turn|12
|
|t:|1600835327
|move|p2a: Rotom|Volt Switch|p1a: Good Boi
|-damage|p1a: Good Boi|59/100
|
|t:|1600835331
|switch|p2a: Tentacruel|Tentacruel, F|42/100|[from]move: Volt Switch
|move|p1a: Good Boi|Teleport|p1a: Good Boi
|
|t:|1600835334
|switch|p1a: Slowbruh|Slowbro, M|100/100|[from]move: Teleport
|-damage|p1a: Slowbruh|88/100|[from] Stealth Rock
|
|-heal|p2a: Tentacruel|48/100|[from] item: Black Sludge
|upkeep
|turn|13
|
|t:|1600835341
|switch|p2a: Rotom|Rotom-Mow|100/100
|move|p1a: Slowbruh|Psyshock|p2a: Rotom
|-damage|p2a: Rotom|72/100
|
|-heal|p2a: Rotom|78/100|[from] item: Leftovers
|upkeep
|turn|14
|
|t:|1600835346
|switch|p1a: Good Boi|Arcanine, M|59/100
|-ability|p1a: Good Boi|Intimidate|boost
|-unboost|p2a: Rotom|atk|1
|move|p2a: Rotom|Volt Switch|p1a: Good Boi
|-damage|p1a: Good Boi|40/100
|
|t:|1600835352
|switch|p2a: Porygon-Z|Porygon-Z|63/100|[from]move: Volt Switch
|-ability|p2a: Porygon-Z|Download|boost
|-boost|p2a: Porygon-Z|atk|1
|
|upkeep
|turn|15
|inactive|naviii 1 has 120 seconds left.
|
|t:|1600835396
|switch|p1a: Fears|Mimikyu, M|100/100
|-damage|p1a: Fears|88/100|[from] Stealth Rock
|move|p2a: Porygon-Z|Tri Attack|p1a: Fears
|-immune|p1a: Fears
|
|upkeep
|turn|16
|
|t:|1600835423
|switch|p2a: Steelix|Steelix, F|100/100
|move|p1a: Fears|Play Rough|p2a: Steelix
|-resisted|p2a: Steelix
|-damage|p2a: Steelix|87/100
|-unboost|p2a: Steelix|atk|1
|-damage|p1a: Fears|78/100|[from] item: Life Orb
|
|-heal|p2a: Steelix|93/100|[from] item: Leftovers
|upkeep
|turn|17
|
|t:|1600835434
|switch|p1a: motoR|Rotom-Wash|67/100
|-damage|p1a: motoR|54/100|[from] Stealth Rock
|move|p2a: Steelix|Toxic|p1a: motoR
|-status|p1a: motoR|tox
|
|-heal|p2a: Steelix|99/100|[from] item: Leftovers
|-damage|p1a: motoR|48/100 tox|[from] psn
|upkeep
|turn|18
|
|t:|1600835448
|switch|p2a: Rotom|Rotom-Mow|78/100
|move|p1a: motoR|Defog|p2a: Rotom
|-unboost|p2a: Rotom|evasion|1
|-sideend|p1: naviii 1|Stealth Rock|[from] move: Defog|[of] p1a: motoR
|
|-heal|p2a: Rotom|84/100|[from] item: Leftovers
|-damage|p1a: motoR|35/100 tox|[from] psn
|upkeep
|turn|19
|
|t:|1600835461
|move|p2a: Rotom|Volt Switch|p1a: motoR
|-damage|p1a: motoR|6/100 tox
|
|t:|1600835466
|switch|p2a: Tentacruel|Tentacruel, F|48/100|[from]move: Volt Switch
|move|p1a: motoR|Volt Switch|p2a: Tentacruel
|-supereffective|p2a: Tentacruel
|-damage|p2a: Tentacruel|4/100
|
|t:|1600835473
|switch|p1a: Koba Leon|Cobalion|100/100|[from]move: Volt Switch
|
|-heal|p2a: Tentacruel|10/100|[from] item: Black Sludge
|upkeep
|turn|20
|
|t:|1600835479
|switch|p2a: Passimian|Passimian, M|100/100
|move|p1a: Koba Leon|Close Combat|p2a: Passimian
|-damage|p2a: Passimian|44/100
|-unboost|p1a: Koba Leon|def|1
|-unboost|p1a: Koba Leon|spd|1
|
|upkeep
|turn|21
|
|t:|1600835487
|move|p2a: Passimian|U-turn|p1a: Koba Leon
|-resisted|p1a: Koba Leon
|-damage|p1a: Koba Leon|94/100
|
|t:|1600835489
|switch|p2a: Sylveon|Sylveon, F|100/100|[from]move: U-turn
|move|p1a: Koba Leon|Close Combat|p2a: Sylveon
|-resisted|p2a: Sylveon
|-damage|p2a: Sylveon|80/100
|-unboost|p1a: Koba Leon|def|1
|-unboost|p1a: Koba Leon|spd|1
|
|-heal|p2a: Sylveon|86/100|[from] item: Leftovers
|upkeep
|turn|22
|
|t:|1600835498
|move|p1a: Koba Leon|Volt Switch|p2a: Sylveon
|-damage|p2a: Sylveon|77/100
|
|t:|1600835502
|switch|p1a: Good Boi|Arcanine, M|40/100|[from]move: Volt Switch
|-ability|p1a: Good Boi|Intimidate|boost
|-unboost|p2a: Sylveon|atk|1
|move|p2a: Sylveon|Hyper Voice|p1a: Good Boi
|-resisted|p1a: Good Boi
|-damage|p1a: Good Boi|23/100
|
|-heal|p2a: Sylveon|83/100|[from] item: Leftovers
|upkeep
|turn|23
|
|t:|1600835510
|move|p1a: Good Boi|Morning Sun|p1a: Good Boi
|-heal|p1a: Good Boi|73/100
|move|p2a: Sylveon|Wish|p2a: Sylveon
|
|-heal|p2a: Sylveon|89/100|[from] item: Leftovers
|upkeep
|turn|24
|
|t:|1600835521
|switch|p2a: Porygon-Z|Porygon-Z|63/100
|-ability|p2a: Porygon-Z|Download|boost
|-boost|p2a: Porygon-Z|atk|1
|move|p1a: Good Boi|Flare Blitz|p2a: Porygon-Z
|-damage|p2a: Porygon-Z|0 fnt
|-damage|p1a: Good Boi|56/100|[from] Recoil
|faint|p2a: Porygon-Z
|
|upkeep
|
|t:|1600835526
|switch|p2a: Tentacruel|Tentacruel, F|10/100
|turn|25
|
|t:|1600835531
|move|p2a: Tentacruel|Toxic Spikes|p1a: Good Boi
|-sidestart|p1: naviii 1|move: Toxic Spikes
|move|p1a: Good Boi|Flare Blitz|p2a: Tentacruel
|-resisted|p2a: Tentacruel
|-damage|p2a: Tentacruel|0 fnt
|-damage|p1a: Good Boi|53/100|[from] Recoil
|faint|p2a: Tentacruel
|
|upkeep
|
|t:|1600835541
|switch|p2a: Steelix|Steelix, F|99/100
|turn|26
|
|t:|1600835549
|move|p1a: Good Boi|Flare Blitz|p2a: Steelix
|-supereffective|p2a: Steelix
|-damage|p2a: Steelix|56/100
|-status|p2a: Steelix|brn
|-damage|p1a: Good Boi|40/100|[from] Recoil
|move|p2a: Steelix|Heavy Slam|p1a: Good Boi
|-resisted|p1a: Good Boi
|-damage|p1a: Good Boi|35/100
|
|-heal|p2a: Steelix|62/100 brn|[from] item: Leftovers
|-damage|p2a: Steelix|56/100 brn|[from] brn
|upkeep
|turn|27
|
|t:|1600835556
|move|p1a: Good Boi|Morning Sun|p1a: Good Boi
|-heal|p1a: Good Boi|85/100
|move|p2a: Steelix|Heavy Slam|p1a: Good Boi
|-resisted|p1a: Good Boi
|-damage|p1a: Good Boi|80/100
|
|-heal|p2a: Steelix|62/100 brn|[from] item: Leftovers
|-damage|p2a: Steelix|56/100 brn|[from] brn
|upkeep
|turn|28
|
|t:|1600835561
|move|p2a: Steelix|Stealth Rock|p1a: Good Boi
|-sidestart|p1: naviii 1|move: Stealth Rock
|move|p1a: Good Boi|Teleport|p1a: Good Boi
|
|t:|1600835579
|switch|p1a: Koba Leon|Cobalion|94/100|[from]move: Teleport
|-damage|p1a: Koba Leon|91/100|[from] Stealth Rock
|
|-heal|p2a: Steelix|62/100 brn|[from] item: Leftovers
|-damage|p2a: Steelix|56/100 brn|[from] brn
|upkeep
|turn|29
|
|t:|1600835599
|switch|p1a: Good Boi|Arcanine, M|80/100
|-ability|p1a: Good Boi|Intimidate|boost
|-unboost|p2a: Steelix|atk|1
|switch|p2a: Sylveon|Sylveon, F|89/100
|
|-heal|p2a: Sylveon|95/100|[from] item: Leftovers
|upkeep
|turn|30
|
|t:|1600835604
|move|p1a: Good Boi|Toxic|p2a: Sylveon
|-status|p2a: Sylveon|tox
|move|p2a: Sylveon|Heal Bell|p2a: Sylveon
|-activate|p2a: Sylveon|move: Heal Bell
|-curestatus|p2a: Sylveon|tox|[msg]
|-curestatus|p2: Steelix|brn|[msg]
|
|-heal|p2a: Sylveon|100/100|[from] item: Leftovers
|upkeep
|turn|31
|
|t:|1600835615
|move|p1a: Good Boi|Toxic|p2a: Sylveon
|-status|p2a: Sylveon|tox
|move|p2a: Sylveon|Wish|p2a: Sylveon
|
|-damage|p2a: Sylveon|94/100 tox|[from] psn
|upkeep
|turn|32
|
|t:|1600835621
|switch|p2a: Steelix|Steelix, F|56/100
|move|p1a: Good Boi|Flare Blitz|p2a: Steelix
|-supereffective|p2a: Steelix
|-damage|p2a: Steelix|8/100
|-damage|p1a: Good Boi|65/100|[from] Recoil
|
|-heal|p2a: Steelix|63/100|[from] move: Wish|[wisher] Sylveon
|-heal|p2a: Steelix|69/100|[from] item: Leftovers
|upkeep
|turn|33
|
|t:|1600835633
|move|p1a: Good Boi|Flare Blitz|p2a: Steelix
|-supereffective|p2a: Steelix
|-damage|p2a: Steelix|18/100
|-damage|p1a: Good Boi|50/100|[from] Recoil
|move|p2a: Steelix|Toxic|p1a: Good Boi
|-status|p1a: Good Boi|tox
|
|-heal|p2a: Steelix|24/100|[from] item: Leftovers
|-damage|p1a: Good Boi|43/100 tox|[from] psn
|upkeep
|turn|34
|
|t:|1600835640
|switch|p1a: motoR|Rotom-Wash|6/100 tox
|-damage|p1a: motoR|0 fnt|[from] Stealth Rock
|faint|p1a: motoR
|switch|p2a: Sylveon|Sylveon, F|94/100 tox
|
|-heal|p2a: Sylveon|100/100 tox|[from] item: Leftovers
|-damage|p2a: Sylveon|94/100 tox|[from] psn
|upkeep
|
|t:|1600835646
|switch|p1a: Koba Leon|Cobalion|91/100
|-damage|p1a: Koba Leon|87/100|[from] Stealth Rock
|turn|35
|
|t:|1600835650
|switch|p2a: Rotom|Rotom-Mow|84/100
|move|p1a: Koba Leon|Iron Head|p2a: Rotom
|-resisted|p2a: Rotom
|-damage|p2a: Rotom|67/100
|
|-heal|p2a: Rotom|74/100|[from] item: Leftovers
|upkeep
|turn|36
|inactive|naviii 1 has 120 seconds left.
|
|t:|1600835685
|move|p1a: Koba Leon|Stealth Rock|p2a: Rotom
|-sidestart|p2: TheFlawlessWin|move: Stealth Rock
|move|p2a: Rotom|Volt Switch|p1a: Koba Leon
|-damage|p1a: Koba Leon|54/100
|
|t:|1600835690
|switch|p2a: Passimian|Passimian, M|44/100|[from]move: Volt Switch
|-damage|p2a: Passimian|38/100|[from] Stealth Rock
|
|upkeep
|turn|37
|inactive|naviii 1 has 120 seconds left.
|l| 07l中国大妈
|inactive|naviii 1 has 90 seconds left.
|
|t:|1600835749
|move|p2a: Passimian|Close Combat|p1a: Koba Leon
|-supereffective|p1a: Koba Leon
|-enditem|p1a: Koba Leon|Chople Berry|[eat]
|-enditem|p1a: Koba Leon|Chople Berry|[weaken]
|-damage|p1a: Koba Leon|8/100
|-unboost|p2a: Passimian|def|1
|-unboost|p2a: Passimian|spd|1
|move|p1a: Koba Leon|Close Combat|p2a: Passimian
|-damage|p2a: Passimian|0 fnt
|-unboost|p1a: Koba Leon|def|1
|-unboost|p1a: Koba Leon|spd|1
|faint|p2a: Passimian
|
|upkeep
|
|t:|1600835768
|switch|p2a: Rotom|Rotom-Mow|74/100
|-damage|p2a: Rotom|61/100|[from] Stealth Rock
|turn|38
|
|t:|1600835772
|move|p1a: Koba Leon|Close Combat|p2a: Rotom
|-damage|p2a: Rotom|10/100
|-unboost|p1a: Koba Leon|def|1
|-unboost|p1a: Koba Leon|spd|1
|move|p2a: Rotom|Volt Switch|p1a: Koba Leon
|-damage|p1a: Koba Leon|0 fnt
|faint|p1a: Koba Leon
|
|t:|1600835780
|switch|p2a: Sylveon|Sylveon, F|94/100 tox|[from]move: Volt Switch
|-damage|p2a: Sylveon|82/100 tox|[from] Stealth Rock
|
|-heal|p2a: Sylveon|88/100 tox|[from] item: Leftovers
|-damage|p2a: Sylveon|82/100 tox|[from] psn
|upkeep
|inactive|naviii 1 has 90 seconds left.
|
|t:|1600835816
|switch|p1a: Slowbruh|Slowbro, M|100/100
|-damage|p1a: Slowbruh|88/100|[from] Stealth Rock
|-status|p1a: Slowbruh|psn
|turn|39
|
|t:|1600835821
|move|p2a: Sylveon|Heal Bell|p2a: Sylveon
|-activate|p2a: Sylveon|move: Heal Bell
|-curestatus|p2a: Sylveon|tox|[msg]
|move|p1a: Slowbruh|Calm Mind|p1a: Slowbruh
|-boost|p1a: Slowbruh|spa|1
|-boost|p1a: Slowbruh|spd|1
|
|-heal|p2a: Sylveon|88/100|[from] item: Leftovers
|-damage|p1a: Slowbruh|76/100 psn|[from] psn
|upkeep
|turn|40
|
|t:|1600835824
|move|p2a: Sylveon|Hyper Voice|p1a: Slowbruh
|-damage|p1a: Slowbruh|47/100 psn
|move|p1a: Slowbruh|Calm Mind|p1a: Slowbruh
|-boost|p1a: Slowbruh|spa|1
|-boost|p1a: Slowbruh|spd|1
|
|-heal|p2a: Sylveon|94/100|[from] item: Leftovers
|-damage|p1a: Slowbruh|34/100 psn|[from] psn
|upkeep
|turn|41
|
|t:|1600835828
|move|p2a: Sylveon|Hyper Voice|p1a: Slowbruh
|-damage|p1a: Slowbruh|14/100 psn
|move|p1a: Slowbruh|Slack Off|p1a: Slowbruh
|-heal|p1a: Slowbruh|64/100 psn
|
|-heal|p2a: Sylveon|99/100|[from] item: Leftovers
|-damage|p1a: Slowbruh|51/100 psn|[from] psn
|upkeep
|turn|42
|
|t:|1600835830
|move|p2a: Sylveon|Hyper Voice|p1a: Slowbruh
|-damage|p1a: Slowbruh|31/100 psn
|move|p1a: Slowbruh|Slack Off|p1a: Slowbruh
|-heal|p1a: Slowbruh|81/100 psn
|
|-heal|p2a: Sylveon|100/100|[from] item: Leftovers
|-damage|p1a: Slowbruh|68/100 psn|[from] psn
|upkeep
|turn|43
|
|t:|1600835834
|move|p2a: Sylveon|Hyper Voice|p1a: Slowbruh
|-damage|p1a: Slowbruh|48/100 psn
|move|p1a: Slowbruh|Slack Off|p1a: Slowbruh
|-heal|p1a: Slowbruh|98/100 psn
|
|-damage|p1a: Slowbruh|86/100 psn|[from] psn
|upkeep
|turn|44
|c|☆TheFlawlessWin|gg
|inactive|naviii 1 has 120 seconds left.
|c|☆naviii 1|gg
|-message|TheFlawlessWin forfeited.
|
|win|naviii 1
|l|☆TheFlawlessWin
|raw|naviii 1's rating: 1661 &rarr; <strong>1682</strong><br />(+21 for winning)
|raw|TheFlawlessWin's rating: 1688 &rarr; <strong>1667</strong><br />(-21 for losing)
|l|☆naviii 1
|j|☆naviii 1
|player|p1|naviii 1|brendan-gen3rs
