|html|<div class="broadcast-blue"><strong>[Gen 8] UU is currently suspecting Latias! For information on how to participate check out the <a href="https://www.smogon.com/forums/threads/np-ss-uu-stage-10-airplanes-latias-retest.3691692/page-3#post-9007205">suspect thread</a>.</strong></div>
|j|☆Observation Hockey
|j|☆Adrift and Alone
|t:|1635525730
|gametype|singles
|player|p1|Observation Hockey|pilot|1430
|player|p2|Adrift and Alone|psychic-gen3|1350
|teamsize|p1|6
|teamsize|p2|6
|gen|8
|tier|[Gen 8] UU
|rated|
|rule|Sleep Clause Mod: Limit one foe put to sleep
|rule|Species Clause: Limit one of each Pokémon
|rule|OHKO Clause: OHKO moves are banned
|rule|Evasion Moves Clause: Evasion moves are banned
|rule|Endless Battle Clause: Forcing endless battles is banned
|rule|HP Percentage Mod: HP is shown in percentages
|rule|Dynamax Clause: You cannot dynamax
|clearpoke
|poke|p1|Hydreigon, F|
|poke|p1|Mamoswine, M|
|poke|p1|Jirachi|
|poke|p1|Dhelmise|
|poke|p1|Kommo-o, M|
|poke|p1|Primarina, M|
|poke|p2|Grimmsnarl, M|
|poke|p2|Sudowoodo, M|
|poke|p2|Combusken, M|
|poke|p2|Regieleki|
|poke|p2|Polteageist-Antique|
|poke|p2|Gyarados, M|
|teampreview
|
|t:|1635525758
|start
|switch|p1a: Mamoswine|Mamoswine, M|100/100
|switch|p2a: Sudowoodo|Sudowoodo, M|100/100
|turn|1
|
|t:|1635525766
|move|p1a: Mamoswine|Earthquake|p2a: Sudowoodo
|-supereffective|p2a: Sudowoodo
|-ability|p2a: Sudowoodo|Sturdy
|-damage|p2a: Sudowoodo|1/100
|-damage|p1a: Mamoswine|91/100|[from] item: Life Orb
|move|p2a: Sudowoodo|Stealth Rock|p1a: Mamoswine
|-sidestart|p1: Observation Hockey|move: Stealth Rock
|
|upkeep
|turn|2
|-enditem|p2a: Sudowoodo|Custap Berry|[eat]
|-activate|p2a: Sudowoodo|item: Custap Berry|[consumed]
|
|t:|1635525773
|move|p2a: Sudowoodo|Explosion|p1a: Mamoswine
|-damage|p1a: Mamoswine|0 fnt
|faint|p2a: Sudowoodo
|faint|p1a: Mamoswine
|
|upkeep
|
|t:|1635525784
|switch|p1a: Primarina|Primarina, M|100/100
|switch|p2a: Polteageist|Polteageist-Antique|100/100
|-damage|p1a: Primarina|88/100|[from] Stealth Rock
|turn|3
|
|t:|1635525790
|move|p2a: Polteageist|Giga Drain|p1a: Primarina
|-supereffective|p1a: Primarina
|-damage|p1a: Primarina|30/100
|move|p1a: Primarina|Scald|p2a: Polteageist
|-enditem|p2a: Polteageist|Focus Sash
|-damage|p2a: Polteageist|1/100
|
|upkeep
|turn|4
|
|t:|1635525803
|switch|p1a: Kommo-o|Kommo-o, M|100/100
|-damage|p1a: Kommo-o|94/100|[from] Stealth Rock
|move|p2a: Polteageist|Shell Smash|p2a: Polteageist
|-unboost|p2a: Polteageist|def|1
|-unboost|p2a: Polteageist|spd|1
|-boost|p2a: Polteageist|atk|2
|-boost|p2a: Polteageist|spa|2
|-boost|p2a: Polteageist|spe|2
|
|upkeep
|turn|5
|j| Friedolin
|
|t:|1635525808
|move|p2a: Polteageist|Stored Power|p1a: Kommo-o
|-supereffective|p1a: Kommo-o
|-damage|p1a: Kommo-o|0 fnt
|faint|p1a: Kommo-o
|
|upkeep
|
|t:|1635525835
|switch|p1a: Hydreigon|Hydreigon, F|100/100
|-damage|p1a: Hydreigon|88/100|[from] Stealth Rock
|turn|6
|
|t:|1635525839
|move|p2a: Polteageist|Shadow Ball|p1a: Hydreigon
|-resisted|p1a: Hydreigon
|-damage|p1a: Hydreigon|31/100
|move|p1a: Hydreigon|Dark Pulse|p2a: Polteageist
|-supereffective|p2a: Polteageist
|-damage|p2a: Polteageist|0 fnt
|faint|p2a: Polteageist
|
|-heal|p1a: Hydreigon|37/100|[from] item: Leftovers
|upkeep
|
|t:|1635525842
|switch|p2a: Combusken|Combusken, M, shiny|100/100
|turn|7
|
|t:|1635525845
|move|p1a: Hydreigon|Substitute|p1a: Hydreigon
|-start|p1a: Hydreigon|Substitute
|-damage|p1a: Hydreigon|12/100
|move|p2a: Combusken|Swords Dance|p2a: Combusken
|-boost|p2a: Combusken|atk|2
|
|-heal|p1a: Hydreigon|18/100|[from] item: Leftovers
|-ability|p2a: Combusken|Speed Boost|boost
|-boost|p2a: Combusken|spe|1
|upkeep
|turn|8
|
|t:|1635525855
|move|p1a: Hydreigon|Dark Pulse|p2a: Combusken
|-resisted|p2a: Combusken
|-damage|p2a: Combusken|73/100
|move|p2a: Combusken|Brick Break|p1a: Hydreigon
|-supereffective|p1a: Hydreigon
|-end|p1a: Hydreigon|Substitute
|
|-heal|p1a: Hydreigon|24/100|[from] item: Leftovers
|-ability|p2a: Combusken|Speed Boost|boost
|-boost|p2a: Combusken|spe|1
|upkeep
|turn|9
|
|t:|1635525864
|move|p2a: Combusken|Brick Break|p1a: Hydreigon
|-supereffective|p1a: Hydreigon
|-damage|p1a: Hydreigon|0 fnt
|faint|p1a: Hydreigon
|
|-ability|p2a: Combusken|Speed Boost|boost
|-boost|p2a: Combusken|spe|1
|upkeep
|
|t:|1635525867
|switch|p1a: Jirachi|Jirachi|100/100
|-damage|p1a: Jirachi|94/100|[from] Stealth Rock
|turn|10
|
|t:|1635525870
|move|p2a: Combusken|Blaze Kick|p1a: Jirachi
|-supereffective|p1a: Jirachi
|-damage|p1a: Jirachi|0 fnt
|faint|p1a: Jirachi
|
|-ability|p2a: Combusken|Speed Boost|boost
|-boost|p2a: Combusken|spe|1
|upkeep
|
|t:|1635525874
|switch|p1a: Dhelmise|Dhelmise|100/100
|-damage|p1a: Dhelmise|88/100|[from] Stealth Rock
|turn|11
|
|t:|1635525877
|move|p2a: Combusken|Blaze Kick|p1a: Dhelmise
|-supereffective|p1a: Dhelmise
|-damage|p1a: Dhelmise|0 fnt
|faint|p1a: Dhelmise
|
|-ability|p2a: Combusken|Speed Boost|boost
|-boost|p2a: Combusken|spe|1
|upkeep
|
|t:|1635525880
|switch|p1a: Primarina|Primarina, M|30/100
|-damage|p1a: Primarina|17/100|[from] Stealth Rock
|turn|12
|
|t:|1635525884
|move|p2a: Combusken|Brick Break|p1a: Primarina
|-resisted|p1a: Primarina
|-damage|p1a: Primarina|0 fnt
|faint|p1a: Primarina
|
|win|Adrift and Alone
|raw|Observation Hockey's rating: 1430 &rarr; <strong>1405</strong><br />(-25 for losing)
|raw|Adrift and Alone's rating: 1350 &rarr; <strong>1375</strong><br />(+25 for winning)
|l|☆Observation Hockey
||Ladder isn't responding, score probably updated but might not have (Request timeout).
