|j|☆Luna_boi
|j|☆esqimo589
|t:|1666984969
|gametype|singles
|player|p1|Luna_boi|shauntal|1319
|player|p2|esqimo589|n|1310
|teamsize|p1|6
|teamsize|p2|6
|gen|8
|tier|[Gen 8] UU
|rated|
|rule|Sleep Clause Mod: Limit one foe put to sleep
|rule|Species Clause: Limit one of each Pokémon
|rule|OHKO Clause: OHKO moves are banned
|rule|Evasion Items Clause: Evasion items are banned
|rule|Evasion Moves Clause: Evasion moves are banned
|rule|Endless Battle Clause: Forcing endless battles is banned
|rule|HP Percentage Mod: HP is shown in percentages
|rule|Dynamax Clause: You cannot dynamax
|clearpoke
|poke|p1|Scizor, M|
|poke|p1|Keldeo-Resolute|
|poke|p1|Nidoking, M|
|poke|p1|Celesteela|
|poke|p1|Tapu Bulu|
|poke|p1|Conkeldurr, M|
|poke|p2|Chandelure, F|
|poke|p2|Raikou|
|poke|p2|Cobalion|
|poke|p2|Chansey, F|
|poke|p2|Diggersby, F|
|poke|p2|Salamence, M|
|teampreview
|inactive|Battle timer is ON: inactive players will automatically lose when time's up. (requested by esqimo589)
|
|t:|1666984998
|start
|switch|p1a: Tapu Bulu|Tapu Bulu|100/100
|switch|p2a: big chungus|Diggersby, F|100/100
|-fieldstart|move: Grassy Terrain|[from] ability: Grassy Surge|[of] p1a: Tapu Bulu
|turn|1
|
|t:|1666985007
|move|p2a: big chungus|U-turn|p1a: Tapu Bulu
|-damage|p1a: Tapu Bulu|76/100
|-damage|p2a: big chungus|84/100|[from] item: Rocky Helmet|[of] p1a: Tapu Bulu
|
|t:|1666985009
|switch|p2a: whiteeyesbluedrag|Salamence, M|100/100|[from]move: U-turn
|-ability|p2a: whiteeyesbluedrag|Intimidate|boost
|-unboost|p1a: Tapu Bulu|atk|1
|move|p1a: Tapu Bulu|Leech Seed|p2a: whiteeyesbluedrag
|-start|p2a: whiteeyesbluedrag|move: Leech Seed
|
|-heal|p1a: Tapu Bulu|82/100|[from] Grassy Terrain
|-damage|p2a: whiteeyesbluedrag|88/100|[from] Leech Seed|[of] p1a: Tapu Bulu
|-heal|p1a: Tapu Bulu|96/100|[silent]
|upkeep
|turn|2
|
|t:|1666985020
|switch|p1a: Celesteela|Celesteela|100/100
|move|p2a: whiteeyesbluedrag|Hurricane|p1a: Celesteela
|-resisted|p1a: Celesteela
|-damage|p1a: Celesteela|84/100
|
|-heal|p1a: Celesteela|90/100|[from] item: Leftovers
|-damage|p2a: whiteeyesbluedrag|76/100|[from] Leech Seed|[of] p1a: Celesteela
|-heal|p1a: Celesteela|100/100|[silent]
|upkeep
|turn|3
|
|t:|1666985030
|switch|p2a: egg|Chansey, F|100/100
|move|p1a: Celesteela|Flamethrower|p2a: egg
|-damage|p2a: egg|91/100
|
|-heal|p2a: egg|97/100|[from] Grassy Terrain
|upkeep
|turn|4
|
|t:|1666985037
|move|p1a: Celesteela|Air Slash|p2a: egg
|-damage|p2a: egg|85/100
|move|p2a: egg|Teleport|p2a: egg
|
|t:|1666985042
|switch|p2a: chandelier|Chandelure, F|100/100|[from]move: Teleport
|
|upkeep
|turn|5
|
|t:|1666985052
|switch|p1a: Scizor|Scizor, M|100/100
|move|p2a: chandelier|Overheat|p1a: Scizor
|-supereffective|p1a: Scizor
|-damage|p1a: Scizor|0 fnt
|-unboost|p2a: chandelier|spa|2
|faint|p1a: Scizor
|
|-fieldend|move: Grassy Terrain
|upkeep
|
|t:|1666985056
|switch|p1a: Keldeo|Keldeo-Resolute|100/100
|turn|6
|
|t:|1666985060
|switch|p2a: whiteeyesbluedrag|Salamence, M|76/100
|-ability|p2a: whiteeyesbluedrag|Intimidate|boost
|-unboost|p1a: Keldeo|atk|1
|move|p1a: Keldeo|Substitute|p1a: Keldeo
|-start|p1a: Keldeo|Substitute
|-damage|p1a: Keldeo|76/100
|
|-heal|p1a: Keldeo|82/100|[from] item: Leftovers
|upkeep
|turn|7
|
|t:|1666985064
|move|p1a: Keldeo|Calm Mind|p1a: Keldeo
|-boost|p1a: Keldeo|spa|1
|-boost|p1a: Keldeo|spd|1
|move|p2a: whiteeyesbluedrag|Hurricane|p1a: Keldeo
|-supereffective|p1a: Keldeo
|-end|p1a: Keldeo|Substitute
|
|-heal|p1a: Keldeo|88/100|[from] item: Leftovers
|upkeep
|turn|8
|
|t:|1666985070
|move|p1a: Keldeo|Substitute|p1a: Keldeo
|-start|p1a: Keldeo|Substitute
|-damage|p1a: Keldeo|63/100
|move|p2a: whiteeyesbluedrag|Hurricane|p1a: Keldeo|[miss]
|-miss|p2a: whiteeyesbluedrag|p1a: Keldeo
|
|-heal|p1a: Keldeo|70/100|[from] item: Leftovers
|upkeep
|turn|9
|
|t:|1666985074
|move|p1a: Keldeo|Calm Mind|p1a: Keldeo
|-boost|p1a: Keldeo|spa|1
|-boost|p1a: Keldeo|spd|1
|move|p2a: whiteeyesbluedrag|Hurricane|p1a: Keldeo|[miss]
|-miss|p2a: whiteeyesbluedrag|p1a: Keldeo
|
|-heal|p1a: Keldeo|76/100|[from] item: Leftovers
|upkeep
|turn|10
|
|t:|1666985080
|move|p1a: Keldeo|Calm Mind|p1a: Keldeo
|-boost|p1a: Keldeo|spa|1
|-boost|p1a: Keldeo|spd|1
|move|p2a: whiteeyesbluedrag|Hurricane|p1a: Keldeo|[miss]
|-miss|p2a: whiteeyesbluedrag|p1a: Keldeo
|
|-heal|p1a: Keldeo|82/100|[from] item: Leftovers
|upkeep
|turn|11
|c|☆esqimo589|gg
|
|t:|1666985087
|move|p1a: Keldeo|Calm Mind|p1a: Keldeo
|-boost|p1a: Keldeo|spa|1
|-boost|p1a: Keldeo|spd|1
|move|p2a: whiteeyesbluedrag|Hurricane|p1a: Keldeo
|-supereffective|p1a: Keldeo
|-end|p1a: Keldeo|Substitute
|
|-heal|p1a: Keldeo|88/100|[from] item: Leftovers
|upkeep
|turn|12
|
|t:|1666985094
|move|p1a: Keldeo|Substitute|p1a: Keldeo
|-start|p1a: Keldeo|Substitute
|-damage|p1a: Keldeo|63/100
|move|p2a: whiteeyesbluedrag|Hurricane|p1a: Keldeo
|-supereffective|p1a: Keldeo
|-end|p1a: Keldeo|Substitute
|
|-heal|p1a: Keldeo|70/100|[from] item: Leftovers
|upkeep
|turn|13
|
|t:|1666985099
|move|p1a: Keldeo|Substitute|p1a: Keldeo
|-start|p1a: Keldeo|Substitute
|-damage|p1a: Keldeo|45/100
|move|p2a: whiteeyesbluedrag|Hurricane|p1a: Keldeo|[miss]
|-miss|p2a: whiteeyesbluedrag|p1a: Keldeo
|
|-heal|p1a: Keldeo|51/100|[from] item: Leftovers
|upkeep
|turn|14
|
|t:|1666985103
|move|p1a: Keldeo|Calm Mind|p1a: Keldeo
|-boost|p1a: Keldeo|spa|1
|-boost|p1a: Keldeo|spd|1
|move|p2a: whiteeyesbluedrag|Hurricane|p1a: Keldeo
|-supereffective|p1a: Keldeo
|-end|p1a: Keldeo|Substitute
|
|-heal|p1a: Keldeo|57/100|[from] item: Leftovers
|upkeep
|turn|15
|
|t:|1666985110
|move|p1a: Keldeo|Surf|p2a: whiteeyesbluedrag
|-resisted|p2a: whiteeyesbluedrag
|-damage|p2a: whiteeyesbluedrag|0 fnt
|faint|p2a: whiteeyesbluedrag
|
|-heal|p1a: Keldeo|63/100|[from] item: Leftovers
|upkeep
|
|t:|1666985119
|switch|p2a: big chungus|Diggersby, F|84/100
|turn|16
|
|t:|1666985121
|move|p2a: big chungus|Earthquake|p1a: Keldeo
|-damage|p1a: Keldeo|0 fnt
|faint|p1a: Keldeo
|
|upkeep
|
|t:|1666985131
|switch|p1a: Conkeldurr|Conkeldurr, M|100/100
|turn|17
|c|☆esqimo589|bro really threw his keldeo away like that
|
|t:|1666985138
|switch|p2a: the goat|Cobalion|100/100
|move|p1a: Conkeldurr|Knock Off|p2a: the goat
|-resisted|p2a: the goat
|-damage|p2a: the goat|77/100
|-damage|p1a: Conkeldurr|84/100|[from] item: Rocky Helmet|[of] p2a: the goat
|-ability|p2a: the goat|Justified|boost
|-boost|p2a: the goat|atk|1
|-enditem|p2a: the goat|Rocky Helmet|[from] move: Knock Off|[of] p1a: Conkeldurr
|
|upkeep
|turn|18
|
|t:|1666985144
|switch|p1a: Celesteela|Celesteela|100/100
|move|p2a: the goat|Close Combat|p1a: Celesteela
|-damage|p1a: Celesteela|43/100
|-unboost|p2a: the goat|def|1
|-unboost|p2a: the goat|spd|1
|
|-heal|p1a: Celesteela|49/100|[from] item: Leftovers
|upkeep
|turn|19
|
|t:|1666985150
|move|p2a: the goat|Close Combat|p1a: Celesteela
|-damage|p1a: Celesteela|0 fnt
|-unboost|p2a: the goat|def|1
|-unboost|p2a: the goat|spd|1
|faint|p1a: Celesteela
|
|upkeep
|
|t:|1666985152
|switch|p1a: Conkeldurr|Conkeldurr, M|84/100
|turn|20
|
|t:|1666985188
|move|p2a: the goat|Close Combat|p1a: Conkeldurr
|-damage|p1a: Conkeldurr|23/100
|-unboost|p2a: the goat|def|1
|-unboost|p2a: the goat|spd|1
|move|p1a: Conkeldurr|Knock Off|p2a: the goat
|-resisted|p2a: the goat
|-damage|p2a: the goat|35/100
|-ability|p2a: the goat|Justified|boost
|-boost|p2a: the goat|atk|1
|
|upkeep
|turn|21
|c|☆esqimo589|gottem
|
|t:|1666985197
|switch|p1a: Nidoking|Nidoking, M|100/100
|move|p2a: the goat|Close Combat|p1a: Nidoking
|-resisted|p1a: Nidoking
|-damage|p1a: Nidoking|36/100
|-unboost|p2a: the goat|def|1
|-unboost|p2a: the goat|spd|1
|
|upkeep
|turn|22
|
|t:|1666985202
|move|p2a: the goat|Close Combat|p1a: Nidoking
|-resisted|p1a: Nidoking
|-damage|p1a: Nidoking|0 fnt
|-unboost|p2a: the goat|def|1
|-unboost|p2a: the goat|spd|1
|faint|p1a: Nidoking
|
|upkeep
|c|☆esqimo589|double gottem
|
|t:|1666985204
|switch|p1a: Conkeldurr|Conkeldurr, M|23/100
|turn|23
|
|t:|1666985209
|move|p1a: Conkeldurr|Mach Punch|p2a: the goat
|-supereffective|p2a: the goat
|-damage|p2a: the goat|0 fnt
|faint|p2a: the goat
|
|upkeep
|
|t:|1666985211
|switch|p2a: chandelier|Chandelure, F|100/100
|turn|24
|
|t:|1666985214
|move|p1a: Conkeldurr|Mach Punch|p2a: chandelier
|-immune|p2a: chandelier
|move|p2a: chandelier|Flamethrower|p1a: Conkeldurr
|-damage|p1a: Conkeldurr|0 fnt
|faint|p1a: Conkeldurr
|
|upkeep
|c|☆esqimo589|gg
|
|t:|1666985216
|switch|p1a: Tapu Bulu|Tapu Bulu|96/100
|-fieldstart|move: Grassy Terrain|[from] ability: Grassy Surge|[of] p1a: Tapu Bulu
|turn|25
|
|t:|1666985220
|move|p2a: chandelier|Flamethrower|p1a: Tapu Bulu
|-supereffective|p1a: Tapu Bulu
|-damage|p1a: Tapu Bulu|0 fnt
|faint|p1a: Tapu Bulu
|
|win|esqimo589
|raw|Luna_boi's rating: 1319 &rarr; <strong>1298</strong><br />(-21 for losing)
|raw|esqimo589's rating: 1310 &rarr; <strong>1331</strong><br />(+21 for winning)
|l|☆Luna_boi
||Ladder isn't responding, score probably updated but might not have (Request timeout).
