|j|☆IamSwitch
|j|☆Queen of Bean ✿
|t:|1666419894
|gametype|singles
|player|p1|IamSwitch|101|1588
|player|p2|Queen of Bean ✿|hexmaniac-gen6|1484
|teamsize|p1|6
|teamsize|p2|6
|gen|8
|tier|[Gen 8] UU
|rated|
|rule|Sleep Clause Mod: Limit one foe put to sleep
|rule|Species Clause: Limit one of each Pokémon
|rule|OHKO Clause: OHKO moves are banned
|rule|Evasion Items Clause: Evasion items are banned
|rule|Evasion Moves Clause: Evasion moves are banned
|rule|Endless Battle Clause: Forcing endless battles is banned
|rule|HP Percentage Mod: HP is shown in percentages
|rule|Dynamax Clause: You cannot dynamax
|clearpoke
|poke|p1|Zygarde-10%|
|poke|p1|Reuniclus, F|
|poke|p1|Cobalion|
|poke|p1|Salamence, M|
|poke|p1|Golisopod, F|
|poke|p1|Chansey, F|
|poke|p2|Keldeo-Resolute|
|poke|p2|Nidoking, M|
|poke|p2|Zarude-Dada|
|poke|p2|Jirachi|
|poke|p2|Chansey, F|
|poke|p2|Salamence, M|
|teampreview
|c|☆IamSwitch|hi
|j|+Goro Yagami
|c|☆Queen of Bean ✿|its dolfin
|j| MrToastD
|
|t:|1666419946
|start
|switch|p1a: Golisopod|Golisopod, F|100/100
|switch|p2a: Keldeo|Keldeo-Resolute|100/100
|turn|1
|c|+Goro Yagami|the goat himself
|c|+Goro Yagami|the godpod
|c|☆Queen of Bean ✿|godpod in uu is my invention
|c|☆IamSwitch|no it isn't
|c|☆IamSwitch|u are bean
|c|☆IamSwitch|beans don't invent things
|l|+Goro Yagami
|j|+Goro Yagami
|c|☆Queen of Bean ✿|you are dolphin
|
|t:|1666420024
|switch|p1a: Chansey|Chansey, F|100/100
|move|p2a: Keldeo|Toxic|p1a: Chansey|[miss]
|-miss|p2a: Keldeo|p1a: Chansey
|
|upkeep
|turn|2
|c|☆IamSwitch|dolphins do invent things
|c|☆IamSwitch|watch them swim backwards.
|
|t:|1666420042
|move|p2a: Keldeo|Secret Sword|p1a: Chansey
|-supereffective|p1a: Chansey
|-damage|p1a: Chansey|43/100
|move|p1a: Chansey|Toxic|p2a: Keldeo
|-status|p2a: Keldeo|tox
|
|-damage|p2a: Keldeo|94/100 tox|[from] psn
|upkeep
|turn|3
|c|☆Queen of Bean ✿|LOL
|
|t:|1666420056
|switch|p1a: Salamence|Salamence, M|100/100
|-ability|p1a: Salamence|Intimidate|boost
|-unboost|p2a: Keldeo|atk|1
|move|p2a: Keldeo|Flip Turn|p1a: Salamence
|-resisted|p1a: Salamence
|-damage|p1a: Salamence|97/100
|c|☆IamSwitch|beans dont
|
|t:|1666420060
|switch|p2a: Nidoking|Nidoking, M|100/100|[from]move: Flip Turn
|
|upkeep
|turn|4
|c|+Goro Yagami|this man gave me a great contribution to the HO agenda
|c|☆Queen of Bean ✿|the dolphin?
|c|☆IamSwitch|me?
|c|☆Queen of Bean ✿|or me
|c|+Goro Yagami|yes
|
|t:|1666420085
|move|p2a: Nidoking|Sludge Wave|p1a: Salamence
|-damage|p1a: Salamence|27/100
|move|p1a: Salamence|Dual Wingbeat|p2a: Nidoking
|-damage|p2a: Nidoking|70/100
|-damage|p2a: Nidoking|43/100
|-hitcount|p2a: Nidoking|2
|
|upkeep
|turn|5
|
|t:|1666420092
|move|p2a: Nidoking|Sludge Wave|p1a: Salamence
|-damage|p1a: Salamence|0 fnt
|faint|p1a: Salamence
|
|upkeep
|
|t:|1666420094
|switch|p1a: Chansey|Chansey, F|43/100
|turn|6
|c|☆IamSwitch|weird
|
|t:|1666420097
|move|p2a: Nidoking|Stealth Rock|p1a: Chansey
|-sidestart|p1: IamSwitch|move: Stealth Rock
|move|p1a: Chansey|Soft-Boiled|p1a: Chansey
|-heal|p1a: Chansey|93/100
|
|upkeep
|turn|7
|c|☆Queen of Bean ✿|what did he invemt
|
|t:|1666420108
|switch|p2a: Jirachi|Jirachi|100/100
|move|p1a: Chansey|Wish|p1a: Chansey
|
|upkeep
|turn|8
|c|☆IamSwitch|oh yeah
|c|☆IamSwitch|I sent him some teams
|
|t:|1666420117
|switch|p1a: Cobalion|Cobalion|100/100
|-damage|p1a: Cobalion|97/100|[from] Stealth Rock
|move|p2a: Jirachi|U-turn|p1a: Cobalion
|-resisted|p1a: Cobalion
|-damage|p1a: Cobalion|94/100
|-damage|p2a: Jirachi|84/100|[from] item: Rocky Helmet|[of] p1a: Cobalion
|j| CyborgCrafter
|c|☆Queen of Bean ✿|ahh
|
|t:|1666420128
|switch|p2a: Salamence|Salamence, M|100/100|[from]move: U-turn
|-ability|p2a: Salamence|Intimidate|boost
|-unboost|p1a: Cobalion|atk|1
|
|-heal|p1a: Cobalion|100/100|[from] move: Wish|[wisher] Chansey
|upkeep
|turn|9
|
|t:|1666420133
|move|p1a: Cobalion|Stealth Rock|p2a: Salamence
|-sidestart|p2: Queen of Bean ✿|move: Stealth Rock
|move|p2a: Salamence|Dual Wingbeat|p1a: Cobalion
|-damage|p1a: Cobalion|83/100
|-damage|p2a: Salamence|84/100|[from] item: Rocky Helmet|[of] p1a: Cobalion
|-damage|p1a: Cobalion|66/100
|-damage|p2a: Salamence|68/100|[from] item: Rocky Helmet|[of] p1a: Cobalion
|-hitcount|p1a: Cobalion|2
|
|upkeep
|turn|10
|
|t:|1666420138
|switch|p1a: Chansey|Chansey, F|93/100
|-damage|p1a: Chansey|80/100|[from] Stealth Rock
|move|p2a: Salamence|Defog|p1a: Chansey
|-unboost|p1a: Chansey|evasion|1
|-sideend|p1: IamSwitch|Stealth Rock|[from] move: Defog|[of] p2a: Salamence
|-sideend|p2: Queen of Bean ✿|Stealth Rock|[from] move: Defog|[of] p2a: Salamence
|
|upkeep
|turn|11
|
|t:|1666420143
|switch|p2a: Keldeo|Keldeo-Resolute|94/100 tox
|move|p1a: Chansey|Seismic Toss|p2a: Keldeo
|-damage|p2a: Keldeo|63/100 tox
|
|-heal|p2a: Keldeo|70/100 tox|[from] item: Leftovers
|-damage|p2a: Keldeo|63/100 tox|[from] psn
|upkeep
|turn|12
|
|t:|1666420149
|switch|p1a: Reuniclus|Reuniclus, F, shiny|100/100
|move|p2a: Keldeo|Scald|p1a: Reuniclus
|-damage|p1a: Reuniclus|60/100
|
|-heal|p2a: Keldeo|70/100 tox|[from] item: Leftovers
|-damage|p2a: Keldeo|57/100 tox|[from] psn
|upkeep
|turn|13
|
|t:|1666420152
|move|p2a: Keldeo|Flip Turn|p1a: Reuniclus
|-damage|p1a: Reuniclus|49/100
|
|t:|1666420156
|switch|p2a: Zarude|Zarude-Dada|100/100|[from]move: Flip Turn
|move|p1a: Reuniclus|Recover|p1a: Reuniclus
|-heal|p1a: Reuniclus|99/100
|
|upkeep
|turn|14
|
|t:|1666420163
|move|p2a: Zarude|Close Combat|p1a: Reuniclus
|-resisted|p1a: Reuniclus
|-damage|p1a: Reuniclus|82/100
|-unboost|p2a: Zarude|def|1
|-unboost|p2a: Zarude|spd|1
|move|p1a: Reuniclus|Focus Blast|p2a: Zarude|[miss]
|-miss|p1a: Reuniclus|p2a: Zarude
|
|upkeep
|turn|15
|c|☆Queen of Bean ✿|fuck
|c|☆Queen of Bean ✿|unfuck
|c|☆Queen of Bean ✿|lmao
|
|t:|1666420179
|switch|p2a: Chansey|Chansey, F|100/100
|switch|p1a: Cobalion|Cobalion|66/100
|
|upkeep
|turn|16
|c|+Goro Yagami|double switch expert
|c|☆Queen of Bean ✿|lol delphin sucks
|
|t:|1666420217
|switch|p2a: Salamence|Salamence, M|68/100
|-ability|p2a: Salamence|Intimidate|boost
|-unboost|p1a: Cobalion|atk|1
|move|p1a: Cobalion|Stealth Rock|p2a: Salamence
|-sidestart|p2: Queen of Bean ✿|move: Stealth Rock
|
|upkeep
|turn|17
|
|t:|1666420225
|switch|p1a: Zygarde|Zygarde-10%|100/100
|-ability|p1a: Zygarde|Aura Break
|move|p2a: Salamence|Defog|p1a: Zygarde
|-unboost|p1a: Zygarde|evasion|1
|-sideend|p2: Queen of Bean ✿|Stealth Rock|[from] move: Defog|[of] p2a: Salamence
|
|upkeep
|turn|18
|
|t:|1666420232
|switch|p2a: Chansey|Chansey, F|100/100
|move|p1a: Zygarde|Thousand Arrows|p2a: Chansey
|-damage|p2a: Chansey|63/100
|
|upkeep
|turn|19
|
|t:|1666420241
|switch|p1a: Golisopod|Golisopod, F|100/100
|move|p2a: Chansey|Soft-Boiled|p2a: Chansey
|-heal|p2a: Chansey|100/100
|
|upkeep
|turn|20
|
|t:|1666420253
|switch|p2a: Salamence|Salamence, M|68/100
|-ability|p2a: Salamence|Intimidate|boost
|-unboost|p1a: Golisopod|atk|1
|move|p1a: Golisopod|Knock Off|p2a: Salamence
|-damage|p2a: Salamence|48/100
|-enditem|p2a: Salamence|Heavy-Duty Boots|[from] move: Knock Off|[of] p1a: Golisopod
|
|upkeep
|turn|21
|
|t:|1666420257
|switch|p1a: Chansey|Chansey, F|80/100
|move|p2a: Salamence|Roost|p2a: Salamence
|-heal|p2a: Salamence|98/100
|-singleturn|p2a: Salamence|move: Roost
|
|upkeep
|turn|22
|
|t:|1666420265
|switch|p2a: Jirachi|Jirachi|84/100
|move|p1a: Chansey|Wish|p1a: Chansey
|
|-heal|p2a: Jirachi|90/100|[from] item: Leftovers
|upkeep
|turn|23
|
|t:|1666420269
|switch|p1a: Cobalion|Cobalion|66/100
|move|p2a: Jirachi|Wish|p2a: Jirachi
|
|-heal|p1a: Cobalion|100/100|[from] move: Wish|[wisher] Chansey
|-heal|p2a: Jirachi|96/100|[from] item: Leftovers
|upkeep
|turn|24
|l| MrToastD
|j| MrToastD
|
|t:|1666420283
|move|p1a: Cobalion|Iron Head|p2a: Jirachi
|-resisted|p2a: Jirachi
|-damage|p2a: Jirachi|84/100
|move|p2a: Jirachi|U-turn|p1a: Cobalion
|-resisted|p1a: Cobalion
|-damage|p1a: Cobalion|97/100
|-damage|p2a: Jirachi|67/100|[from] item: Rocky Helmet|[of] p1a: Cobalion
|
|t:|1666420290
|switch|p2a: Nidoking|Nidoking, M|43/100|[from]move: U-turn
|
|-heal|p2a: Nidoking|100/100|[from] move: Wish|[wisher] Jirachi
|upkeep
|turn|25
|
|t:|1666420303
|switch|p1a: Chansey|Chansey, F|80/100
|switch|p2a: Jirachi|Jirachi|67/100
|
|-heal|p2a: Jirachi|73/100|[from] item: Leftovers
|upkeep
|turn|26
|
|t:|1666420306
|switch|p1a: Cobalion|Cobalion|97/100
|move|p2a: Jirachi|Wish|p2a: Jirachi
|
|-heal|p2a: Jirachi|79/100|[from] item: Leftovers
|upkeep
|turn|27
|
|t:|1666420308
|move|p1a: Cobalion|Stealth Rock|p2a: Jirachi
|-sidestart|p2: Queen of Bean ✿|move: Stealth Rock
|move|p2a: Jirachi|U-turn|p1a: Cobalion
|-resisted|p1a: Cobalion
|-damage|p1a: Cobalion|94/100
|-damage|p2a: Jirachi|63/100|[from] item: Rocky Helmet|[of] p1a: Cobalion
|
|t:|1666420311
|switch|p2a: Keldeo|Keldeo-Resolute|57/100 tox|[from]move: U-turn
|-damage|p2a: Keldeo|51/100 tox|[from] Stealth Rock
|
|-heal|p2a: Keldeo|100/100 tox|[from] move: Wish|[wisher] Jirachi
|-damage|p2a: Keldeo|94/100 tox|[from] psn
|upkeep
|turn|28
|
|t:|1666420317
|switch|p1a: Golisopod|Golisopod, F|100/100
|move|p2a: Keldeo|Scald|p1a: Golisopod
|-resisted|p1a: Golisopod
|-damage|p1a: Golisopod|76/100
|
|-heal|p2a: Keldeo|100/100 tox|[from] item: Leftovers
|-damage|p2a: Keldeo|88/100 tox|[from] psn
|upkeep
|turn|29
|
|t:|1666420320
|move|p2a: Keldeo|Flip Turn|p1a: Golisopod
|-resisted|p1a: Golisopod
|-damage|p1a: Golisopod|71/100
|
|t:|1666420324
|switch|p2a: Salamence|Salamence, M|98/100|[from]move: Flip Turn
|-damage|p2a: Salamence|73/100|[from] Stealth Rock
|-ability|p2a: Salamence|Intimidate|boost
|-unboost|p1a: Golisopod|atk|1
|move|p1a: Golisopod|Knock Off|p2a: Salamence
|-damage|p2a: Salamence|58/100
|
|upkeep
|turn|30
|
|t:|1666420327
|move|p2a: Salamence|Defog|p1a: Golisopod
|-unboost|p1a: Golisopod|evasion|1
|-sideend|p2: Queen of Bean ✿|Stealth Rock|[from] move: Defog|[of] p2a: Salamence
|move|p1a: Golisopod|Spikes|p2a: Salamence
|-sidestart|p2: Queen of Bean ✿|Spikes
|
|upkeep
|turn|31
|
|t:|1666420338
|move|p2a: Salamence|Roost|p2a: Salamence
|-heal|p2a: Salamence|100/100
|-singleturn|p2a: Salamence|move: Roost
|move|p1a: Golisopod|Spikes|p2a: Salamence
|-sidestart|p2: Queen of Bean ✿|Spikes
|
|upkeep
|turn|32
|
|t:|1666420341
|move|p2a: Salamence|Dual Wingbeat|p1a: Golisopod
|-supereffective|p1a: Golisopod
|-damage|p1a: Golisopod|38/100
|-supereffective|p1a: Golisopod
|-damage|p1a: Golisopod|7/100
|-hitcount|p1a: Golisopod|2
|-activate|p1a: Golisopod|ability: Emergency Exit
|
|t:|1666420344
|switch|p1a: Zygarde|Zygarde-10%|100/100
|-ability|p1a: Zygarde|Aura Break
|
|upkeep
|turn|33
|
|t:|1666420364
|move|p1a: Zygarde|Outrage|p2a: Salamence
|-supereffective|p2a: Salamence
|-damage|p2a: Salamence|0 fnt
|faint|p2a: Salamence
|
|upkeep
|
|t:|1666420371
|switch|p2a: Zarude|Zarude-Dada|100/100
|-damage|p2a: Zarude|84/100|[from] Spikes
|turn|34
|
|t:|1666420376
|move|p2a: Zarude|Power Whip|p1a: Zygarde
|-crit|p1a: Zygarde
|-damage|p1a: Zygarde|0 fnt
|faint|p1a: Zygarde
|
|upkeep
|
|t:|1666420379
|switch|p1a: Cobalion|Cobalion|94/100
|turn|35
|c|☆Queen of Bean ✿|fuq
|c|☆IamSwitch|should have let jirachi or chansey die
|
|t:|1666420411
|switch|p2a: Jirachi|Jirachi|63/100
|-damage|p2a: Jirachi|46/100|[from] Spikes
|move|p1a: Cobalion|Stealth Rock|p2a: Jirachi
|-sidestart|p2: Queen of Bean ✿|move: Stealth Rock
|
|-heal|p2a: Jirachi|52/100|[from] item: Leftovers
|upkeep
|turn|36
|
|t:|1666420418
|move|p1a: Cobalion|Close Combat|p2a: Jirachi
|-crit|p2a: Jirachi
|-damage|p2a: Jirachi|0 fnt
|-unboost|p1a: Cobalion|def|1
|-unboost|p1a: Cobalion|spd|1
|faint|p2a: Jirachi
|
|upkeep
|c|☆IamSwitch|dou
|
|t:|1666420431
|switch|p2a: Keldeo|Keldeo-Resolute|88/100 tox
|-damage|p2a: Keldeo|72/100 tox|[from] Spikes
|-damage|p2a: Keldeo|66/100 tox|[from] Stealth Rock
|turn|37
|
|t:|1666420437
|switch|p1a: Golisopod|Golisopod, F|7/100
|move|p2a: Keldeo|Scald|p1a: Golisopod
|-resisted|p1a: Golisopod
|-damage|p1a: Golisopod|0 fnt
|faint|p1a: Golisopod
|
|-heal|p2a: Keldeo|72/100 tox|[from] item: Leftovers
|-damage|p2a: Keldeo|66/100 tox|[from] psn
|upkeep
|
|t:|1666420438
|switch|p1a: Reuniclus|Reuniclus, F, shiny|82/100
|turn|38
|
|t:|1666420446
|move|p2a: Keldeo|Scald|p1a: Reuniclus
|-damage|p1a: Reuniclus|41/100
|move|p1a: Reuniclus|Psyshock|p2a: Keldeo
|-supereffective|p2a: Keldeo
|-damage|p2a: Keldeo|0 fnt
|faint|p2a: Keldeo
|
|upkeep
|
|t:|1666420454
|switch|p2a: Nidoking|Nidoking, M|100/100
|-damage|p2a: Nidoking|84/100|[from] Spikes
|-damage|p2a: Nidoking|78/100|[from] Stealth Rock
|turn|39
|
|t:|1666420460
|switch|p1a: Chansey|Chansey, F|80/100
|move|p2a: Nidoking|Sludge Wave|p1a: Chansey
|-damage|p1a: Chansey|60/100
|
|upkeep
|turn|40
|
|t:|1666420477
|move|p2a: Nidoking|Sludge Wave|p1a: Chansey
|-crit|p1a: Chansey
|-damage|p1a: Chansey|30/100
|move|p1a: Chansey|Wish|p1a: Chansey
|
|upkeep
|turn|41
|
|t:|1666420486
|move|p2a: Nidoking|Sludge Wave|p1a: Chansey
|-damage|p1a: Chansey|9/100
|move|p1a: Chansey|Seismic Toss|p2a: Nidoking
|-damage|p2a: Nidoking|45/100
|
|-heal|p1a: Chansey|59/100|[from] move: Wish|[wisher] Chansey
|upkeep
|turn|42
|
|t:|1666420502
|switch|p2a: Zarude|Zarude-Dada|84/100
|-damage|p2a: Zarude|67/100|[from] Spikes
|-damage|p2a: Zarude|55/100|[from] Stealth Rock
|move|p1a: Chansey|Soft-Boiled|p1a: Chansey
|-heal|p1a: Chansey|100/100
|
|upkeep
|turn|43
|
|t:|1666420514
|move|p2a: Zarude|Darkest Lariat|p1a: Chansey
|-damage|p1a: Chansey|72/100
|move|p1a: Chansey|Seismic Toss|p2a: Zarude
|-damage|p2a: Zarude|27/100
|
|upkeep
|turn|44
|c|☆Queen of Bean ✿|gg'
|c|☆IamSwitch|gg
|c|☆Queen of Bean ✿|can ladder stop matching with you
|
|t:|1666420546
|move|p2a: Zarude|Darkest Lariat|p1a: Chansey
|-damage|p1a: Chansey|45/100
|move|p1a: Chansey|Wish|p1a: Chansey
|
|upkeep
|turn|45
|c|☆IamSwitch|no
|c|+Goro Yagami|dw Queen of Bean
|c|+Goro Yagami|I'll load up
|c|☆Queen of Bean ✿|...
|
|t:|1666420560
|switch|p2a: Chansey|Chansey, F|100/100
|-damage|p2a: Chansey|84/100|[from] Spikes
|-damage|p2a: Chansey|71/100|[from] Stealth Rock
|switch|p1a: Cobalion|Cobalion|94/100
|
|-heal|p1a: Cobalion|100/100|[from] move: Wish|[wisher] Chansey
|upkeep
|turn|46
|c|☆IamSwitch|time to load up on my cellphone and laptop
|c|☆IamSwitch|to catch bean
|
|t:|1666420573
|move|p1a: Cobalion|Swords Dance|p1a: Cobalion
|-boost|p1a: Cobalion|atk|2
|move|p2a: Chansey|Teleport|p2a: Chansey
|c|☆Queen of Bean ✿|dont you two dare
|
|t:|1666420579
|switch|p2a: Zarude|Zarude-Dada|27/100|[from]move: Teleport
|-damage|p2a: Zarude|10/100|[from] Spikes
|-damage|p2a: Zarude|0 fnt|[from] Stealth Rock
|faint|p2a: Zarude
|
|upkeep
|c|☆IamSwitch|yes i dare
|
|t:|1666420583
|switch|p2a: Nidoking|Nidoking, M|45/100
|-damage|p2a: Nidoking|29/100|[from] Spikes
|-damage|p2a: Nidoking|23/100|[from] Stealth Rock
|turn|47
|
|t:|1666420586
|move|p1a: Cobalion|Iron Head|p2a: Nidoking
|-damage|p2a: Nidoking|0 fnt
|faint|p2a: Nidoking
|
|upkeep
|
|t:|1666420589
|switch|p2a: Chansey|Chansey, F|71/100
|-damage|p2a: Chansey|55/100|[from] Spikes
|-damage|p2a: Chansey|42/100|[from] Stealth Rock
|turn|48
|-message|Queen of Bean ✿ forfeited.
|
|win|IamSwitch
|raw|IamSwitch's rating: 1600 &rarr; <strong>1614</strong><br />(+14 for winning)
|raw|Queen of Bean ✿'s rating: 1484 &rarr; <strong>1470</strong><br />(-14 for losing)
|l|☆Queen of Bean ✿
|l|+Goro Yagami
|l| MrToastD
|n| CyborgTester|cyborgcrafter
|j|☆Queen of Bean ✿
|player|p2|Queen of Bean ✿|hexmaniac-gen6
|l|☆Queen of Bean ✿
|player|p2|
|l| CyborgTester
