|j|☆MegaTotomon
|j|☆DugZaッ
|t:|1666454459
|gametype|singles
|player|p1|MegaTotomon|fantina|
|player|p2|DugZaッ|#scl2machines|
|teamsize|p1|6
|teamsize|p2|6
|gen|8
|tier|[Gen 8] UU
|rule|Sleep Clause Mod: Limit one foe put to sleep
|rule|Species Clause: Limit one of each Pokémon
|rule|OHKO Clause: OHKO moves are banned
|rule|Evasion Items Clause: Evasion items are banned
|rule|Evasion Moves Clause: Evasion moves are banned
|rule|Endless Battle Clause: Forcing endless battles is banned
|rule|HP Percentage Mod: HP is shown in percentages
|rule|Dynamax Clause: You cannot dynamax
|clearpoke
|poke|p1|Nihilego|
|poke|p1|Hippowdon, M|
|poke|p1|Chansey, F|
|poke|p1|Jellicent, F|
|poke|p1|Scizor, M|
|poke|p1|Tapu Bulu|
|poke|p2|Diggersby, M|
|poke|p2|Magneton|
|poke|p2|Nihilego|
|poke|p2|Salamence, M|
|poke|p2|Slowking, M|
|poke|p2|Zarude|
|teampreview
|c|☆DugZaッ|hf
|c|☆MegaTotomon|u2
|c|☆DugZaッ|Can you unhide room
|c|☆MegaTotomon|idk the command lel
|c|☆DugZaッ|If that's okay
|c|☆DugZaッ|It's /public room
|c|☆DugZaッ|Without the space
|c|☆MegaTotomon|says only u can
|c|☆DugZaッ|Oh
|c|☆DugZaッ|💀
|c|☆MegaTotomon|kek
|c|☆DugZaッ|Mb
|c|☆DugZaッ|/log DugZaッ made this room public.
|j|+Floss
|
|t:|1666454581
|start
|switch|p1a: Hip Hop Hippo|Hippowdon, M, shiny|100/100
|switch|p2a: Slowking|Slowking, M|100/100
|-weather|Sandstorm|[from] ability: Sand Stream|[of] p1a: Hip Hop Hippo
|turn|1
|
|t:|1666454587
|switch|p1a: JELLICENT SPECS|Jellicent, F|100/100
|move|p2a: Slowking|Scald|p1a: JELLICENT SPECS
|-immune|p1a: JELLICENT SPECS|[from] ability: Water Absorb
|
|-weather|Sandstorm|[upkeep]
|-damage|p1a: JELLICENT SPECS|94/100|[from] Sandstorm
|-damage|p2a: Slowking|94/100|[from] Sandstorm
|upkeep
|turn|2
|
|t:|1666454596
|move|p1a: JELLICENT SPECS|Will-O-Wisp|p2a: Slowking|[miss]
|-miss|p1a: JELLICENT SPECS|p2a: Slowking
|move|p2a: Slowking|Teleport|p2a: Slowking
|
|t:|1666454605
|switch|p2a: Zarude|Zarude|100/100|[from]move: Teleport
|
|-weather|Sandstorm|[upkeep]
|-damage|p2a: Zarude|95/100|[from] Sandstorm
|-damage|p1a: JELLICENT SPECS|88/100|[from] Sandstorm
|upkeep
|turn|3
|
|t:|1666454612
|switch|p1a: El Bulu|Tapu Bulu|100/100
|-fieldstart|move: Grassy Terrain|[from] ability: Grassy Surge|[of] p1a: El Bulu
|move|p2a: Zarude|U-turn|p1a: El Bulu
|-damage|p1a: El Bulu|83/100
|-damage|p2a: Zarude|78/100|[from] item: Rocky Helmet|[of] p1a: El Bulu
|
|t:|1666454625
|switch|p2a: Nihilego|Nihilego|100/100|[from]move: U-turn
|
|-weather|Sandstorm|[upkeep]
|-damage|p1a: El Bulu|77/100|[from] Sandstorm
|-heal|p1a: El Bulu|83/100|[from] Grassy Terrain
|upkeep
|turn|4
|
|t:|1666454631
|switch|p1a: SDBPBPBPBP|Scizor, M|100/100
|move|p2a: Nihilego|Stealth Rock|p1a: SDBPBPBPBP
|-sidestart|p1: MegaTotomon|move: Stealth Rock
|
|-weather|Sandstorm|[upkeep]
|upkeep
|turn|5
|
|t:|1666454641
|switch|p2a: Salamence|Salamence, M|100/100
|-ability|p2a: Salamence|Intimidate|boost
|-unboost|p1a: SDBPBPBPBP|atk|1
|switch|p1a: Hip Hop Hippo|Hippowdon, M, shiny|100/100
|-damage|p1a: Hip Hop Hippo|94/100|[from] Stealth Rock
|
|-weather|none
|-heal|p1a: Hip Hop Hippo|100/100|[from] Grassy Terrain
|upkeep
|turn|6
|
|t:|1666454647
|switch|p2a: Zarude|Zarude|78/100
|move|p1a: Hip Hop Hippo|Toxic|p2a: Zarude|[miss]
|-miss|p1a: Hip Hop Hippo|p2a: Zarude
|
|-heal|p2a: Zarude|84/100|[from] Grassy Terrain
|upkeep
|turn|7
|
|t:|1666454656
|move|p2a: Zarude|Power Whip|p1a: Hip Hop Hippo
|-supereffective|p1a: Hip Hop Hippo
|-damage|p1a: Hip Hop Hippo|16/100
|-damage|p2a: Zarude|67/100|[from] item: Rocky Helmet|[of] p1a: Hip Hop Hippo
|move|p1a: Hip Hop Hippo|Slack Off|p1a: Hip Hop Hippo
|-heal|p1a: Hip Hop Hippo|66/100
|
|-heal|p2a: Zarude|73/100|[from] Grassy Terrain
|-heal|p1a: Hip Hop Hippo|72/100|[from] Grassy Terrain
|-fieldend|move: Grassy Terrain
|upkeep
|turn|8
|
|t:|1666454665
|switch|p2a: Salamence|Salamence, M|100/100
|-ability|p2a: Salamence|Intimidate|boost
|-unboost|p1a: Hip Hop Hippo|atk|1
|move|p1a: Hip Hop Hippo|Slack Off|p1a: Hip Hop Hippo
|-heal|p1a: Hip Hop Hippo|100/100
|
|upkeep
|turn|9
|
|t:|1666454669
|switch|p2a: Slowking|Slowking, M|100/100
|switch|p1a: Nijijilego|Nihilego|100/100
|-damage|p1a: Nijijilego|88/100|[from] Stealth Rock
|
|-heal|p1a: Nijijilego|94/100|[from] item: Black Sludge
|upkeep
|turn|10
|
|t:|1666454673
|move|p1a: Nijijilego|Stealth Rock|p2a: Slowking
|-sidestart|p2: DugZaッ|move: Stealth Rock
|move|p2a: Slowking|Psychic|p1a: Nijijilego
|-supereffective|p1a: Nijijilego
|-damage|p1a: Nijijilego|48/100
|
|-heal|p1a: Nijijilego|54/100|[from] item: Black Sludge
|upkeep
|turn|11
|
|t:|1666454683
|switch|p1a: Chanser|Chansey, F|100/100
|-damage|p1a: Chanser|88/100|[from] Stealth Rock
|move|p2a: Slowking|Teleport|p2a: Slowking
|
|t:|1666454686
|switch|p2a: Diggersby|Diggersby, M|100/100|[from]move: Teleport
|-damage|p2a: Diggersby|94/100|[from] Stealth Rock
|
|upkeep
|turn|12
|
|t:|1666454691
|move|p2a: Diggersby|Earthquake|p1a: Chanser
|-damage|p1a: Chanser|25/100
|move|p1a: Chanser|Toxic|p2a: Diggersby
|-status|p2a: Diggersby|tox
|
|-damage|p2a: Diggersby|88/100 tox|[from] psn
|upkeep
|turn|13
|
|t:|1666454708
|switch|p1a: El Bulu|Tapu Bulu|83/100
|-damage|p1a: El Bulu|71/100|[from] Stealth Rock
|-fieldstart|move: Grassy Terrain|[from] ability: Grassy Surge|[of] p1a: El Bulu
|move|p2a: Diggersby|Earthquake|p1a: El Bulu
|-resisted|p1a: El Bulu
|-damage|p1a: El Bulu|54/100
|
|-heal|p2a: Diggersby|94/100 tox|[from] Grassy Terrain
|-heal|p1a: El Bulu|60/100|[from] Grassy Terrain
|-damage|p2a: Diggersby|82/100 tox|[from] psn
|upkeep
|turn|14
|
|t:|1666454720
|switch|p2a: Magneton|Magneton|100/100
|-damage|p2a: Magneton|94/100|[from] Stealth Rock
|move|p1a: El Bulu|Synthesis|p1a: El Bulu
|-heal|p1a: El Bulu|100/100
|
|-heal|p2a: Magneton|100/100|[from] Grassy Terrain
|upkeep
|turn|15
|
|t:|1666454728
|move|p1a: El Bulu|Protect|p1a: El Bulu
|-singleturn|p1a: El Bulu|Protect
|move|p2a: Magneton|Flash Cannon|p1a: El Bulu
|-activate|p1a: El Bulu|move: Protect
|
|upkeep
|turn|16
|
|t:|1666454736
|switch|p1a: JELLICENT SPECS|Jellicent, F|88/100
|move|p2a: Magneton|Flash Cannon|p1a: JELLICENT SPECS
|-resisted|p1a: JELLICENT SPECS
|-damage|p1a: JELLICENT SPECS|70/100
|
|-heal|p1a: JELLICENT SPECS|76/100|[from] Grassy Terrain
|upkeep
|turn|17
|
|t:|1666454746
|switch|p2a: Slowking|Slowking, M|100/100
|-damage|p2a: Slowking|88/100|[from] Stealth Rock
|move|p1a: JELLICENT SPECS|Will-O-Wisp|p2a: Slowking
|-status|p2a: Slowking|brn
|
|-heal|p1a: JELLICENT SPECS|82/100|[from] Grassy Terrain
|-heal|p2a: Slowking|94/100 brn|[from] Grassy Terrain
|-damage|p2a: Slowking|88/100 brn|[from] brn
|-fieldend|move: Grassy Terrain
|upkeep
|turn|18
|
|t:|1666454754
|switch|p2a: Diggersby|Diggersby, M|82/100 tox
|-damage|p2a: Diggersby|76/100 tox|[from] Stealth Rock
|move|p1a: JELLICENT SPECS|Hex|p2a: Diggersby
|-immune|p2a: Diggersby
|
|-damage|p2a: Diggersby|70/100 tox|[from] psn
|upkeep
|turn|19
|
|t:|1666454759
|switch|p1a: Hip Hop Hippo|Hippowdon, M, shiny|100/100
|-damage|p1a: Hip Hop Hippo|94/100|[from] Stealth Rock
|-weather|Sandstorm|[from] ability: Sand Stream|[of] p1a: Hip Hop Hippo
|move|p2a: Diggersby|U-turn|p1a: Hip Hop Hippo
|-damage|p1a: Hip Hop Hippo|70/100
|-damage|p2a: Diggersby|54/100 tox|[from] item: Rocky Helmet|[of] p1a: Hip Hop Hippo
|
|t:|1666454763
|switch|p2a: Zarude|Zarude|73/100|[from]move: U-turn
|-damage|p2a: Zarude|61/100|[from] Stealth Rock
|
|-weather|Sandstorm|[upkeep]
|-damage|p2a: Zarude|55/100|[from] Sandstorm
|upkeep
|turn|20
|
|t:|1666454766
|move|p2a: Zarude|Power Whip|p1a: Hip Hop Hippo
|-supereffective|p1a: Hip Hop Hippo
|-damage|p1a: Hip Hop Hippo|0 fnt
|-damage|p2a: Zarude|39/100|[from] item: Rocky Helmet|[of] p1a: Hip Hop Hippo
|faint|p1a: Hip Hop Hippo
|
|-weather|Sandstorm|[upkeep]
|-damage|p2a: Zarude|33/100|[from] Sandstorm
|upkeep
|
|t:|1666454775
|switch|p1a: El Bulu|Tapu Bulu|100/100
|-damage|p1a: El Bulu|88/100|[from] Stealth Rock
|-fieldstart|move: Grassy Terrain|[from] ability: Grassy Surge|[of] p1a: El Bulu
|turn|21
|
|t:|1666454792
|move|p2a: Zarude|Power Whip|p1a: El Bulu
|-resisted|p1a: El Bulu
|-damage|p1a: El Bulu|62/100
|-damage|p2a: Zarude|16/100|[from] item: Rocky Helmet|[of] p1a: El Bulu
|move|p1a: El Bulu|Horn Leech|p2a: Zarude
|-resisted|p2a: Zarude
|-damage|p2a: Zarude|0 fnt
|-heal|p1a: El Bulu|70/100|[from] drain|[of] p2a: Zarude
|faint|p2a: Zarude
|
|-weather|Sandstorm|[upkeep]
|-damage|p1a: El Bulu|64/100|[from] Sandstorm
|-heal|p1a: El Bulu|70/100|[from] Grassy Terrain
|upkeep
|
|t:|1666454794
|switch|p2a: Nihilego|Nihilego|100/100
|-damage|p2a: Nihilego|88/100|[from] Stealth Rock
|turn|22
|
|t:|1666454810
|switch|p1a: SDBPBPBPBP|Scizor, M|100/100
|move|p2a: Nihilego|Power Gem|p1a: SDBPBPBPBP
|-damage|p1a: SDBPBPBPBP|59/100
|
|-weather|Sandstorm|[upkeep]
|-heal|p2a: Nihilego|94/100|[from] Grassy Terrain
|-heal|p2a: Nihilego|100/100|[from] item: Black Sludge
|-heal|p1a: SDBPBPBPBP|65/100|[from] Grassy Terrain
|upkeep
|turn|23
|
|t:|1666454823
|move|p2a: Nihilego|Knock Off|p1a: SDBPBPBPBP
|-damage|p1a: SDBPBPBPBP|56/100
|-enditem|p1a: SDBPBPBPBP|Heavy-Duty Boots|[from] move: Knock Off|[of] p2a: Nihilego
|move|p1a: SDBPBPBPBP|Knock Off|p2a: Nihilego
|-damage|p2a: Nihilego|56/100
|-enditem|p2a: Nihilego|Black Sludge|[from] move: Knock Off|[of] p1a: SDBPBPBPBP
|
|-weather|none
|-heal|p2a: Nihilego|62/100|[from] Grassy Terrain
|-heal|p1a: SDBPBPBPBP|62/100|[from] Grassy Terrain
|upkeep
|turn|24
|
|t:|1666454838
|switch|p2a: Magneton|Magneton|100/100
|-damage|p2a: Magneton|94/100|[from] Stealth Rock
|switch|p1a: El Bulu|Tapu Bulu|70/100
|-damage|p1a: El Bulu|58/100|[from] Stealth Rock
|
|-heal|p2a: Magneton|100/100|[from] Grassy Terrain
|-heal|p1a: El Bulu|64/100|[from] Grassy Terrain
|upkeep
|turn|25
|
|t:|1666454844
|move|p1a: El Bulu|Protect|p1a: El Bulu
|-singleturn|p1a: El Bulu|Protect
|move|p2a: Magneton|Flash Cannon|p1a: El Bulu
|-activate|p1a: El Bulu|move: Protect
|
|-heal|p1a: El Bulu|70/100|[from] Grassy Terrain
|-fieldend|move: Grassy Terrain
|upkeep
|turn|26
|
|t:|1666454852
|move|p2a: Magneton|Flash Cannon|p1a: El Bulu
|-supereffective|p1a: El Bulu
|-damage|p1a: El Bulu|0 fnt
|faint|p1a: El Bulu
|
|upkeep
|
|t:|1666454854
|switch|p1a: JELLICENT SPECS|Jellicent, F|82/100
|turn|27
|
|t:|1666454869
|switch|p2a: Slowking|Slowking, M|100/100 brn
|-damage|p2a: Slowking|88/100 brn|[from] Stealth Rock
|move|p1a: JELLICENT SPECS|Recover|p1a: JELLICENT SPECS
|-heal|p1a: JELLICENT SPECS|100/100
|
|-damage|p2a: Slowking|82/100 brn|[from] brn
|upkeep
|turn|28
|
|t:|1666454872
|move|p1a: JELLICENT SPECS|Hex|p2a: Slowking
|-supereffective|p2a: Slowking
|-damage|p2a: Slowking|18/100 brn
|move|p2a: Slowking|Teleport|p2a: Slowking
|
|t:|1666454875
|switch|p2a: Magneton|Magneton|100/100|[from]move: Teleport
|-damage|p2a: Magneton|94/100|[from] Stealth Rock
|
|upkeep
|turn|29
|
|t:|1666454883
|switch|p1a: Nijijilego|Nihilego|54/100
|-damage|p1a: Nijijilego|41/100|[from] Stealth Rock
|move|p2a: Magneton|Thunderbolt|p1a: Nijijilego
|-damage|p1a: Nijijilego|6/100
|
|-heal|p1a: Nijijilego|12/100|[from] item: Black Sludge
|upkeep
|turn|30
|
|t:|1666454887
|move|p2a: Magneton|Thunderbolt|p1a: Nijijilego
|-damage|p1a: Nijijilego|0 fnt
|faint|p1a: Nijijilego
|
|upkeep
|
|t:|1666454889
|switch|p1a: Chanser|Chansey, F|25/100
|-damage|p1a: Chanser|12/100|[from] Stealth Rock
|turn|31
|
|t:|1666454892
|move|p2a: Magneton|Thunderbolt|p1a: Chanser
|-damage|p1a: Chanser|0 fnt
|faint|p1a: Chanser
|
|upkeep
|
|t:|1666454895
|switch|p1a: SDBPBPBPBP|Scizor, M|62/100
|-damage|p1a: SDBPBPBPBP|49/100|[from] Stealth Rock
|turn|32
|
|t:|1666454900
|switch|p2a: Salamence|Salamence, M|100/100
|-ability|p2a: Salamence|Intimidate|boost
|-unboost|p1a: SDBPBPBPBP|atk|1
|move|p1a: SDBPBPBPBP|Roost|p1a: SDBPBPBPBP
|-heal|p1a: SDBPBPBPBP|99/100
|-singleturn|p1a: SDBPBPBPBP|move: Roost
|
|upkeep
|turn|33
|
|t:|1666454909
|switch|p1a: JELLICENT SPECS|Jellicent, F|100/100
|move|p2a: Salamence|Hurricane|p1a: JELLICENT SPECS|[miss]
|-miss|p2a: Salamence|p1a: JELLICENT SPECS
|
|upkeep
|turn|34
|
|t:|1666454914
|move|p2a: Salamence|Defog|p1a: JELLICENT SPECS
|-unboost|p1a: JELLICENT SPECS|evasion|1
|-sideend|p1: MegaTotomon|Stealth Rock|[from] move: Defog|[of] p2a: Salamence
|-sideend|p2: DugZaッ|Stealth Rock|[from] move: Defog|[of] p2a: Salamence
|move|p1a: JELLICENT SPECS|Will-O-Wisp|p2a: Salamence
|-status|p2a: Salamence|brn
|
|-damage|p2a: Salamence|94/100 brn|[from] brn
|upkeep
|turn|35
|
|t:|1666454921
|switch|p2a: Slowking|Slowking, M|51/100 brn
|move|p1a: JELLICENT SPECS|Will-O-Wisp|p2a: Slowking
|-fail|p2a: Slowking|brn
|
|-damage|p2a: Slowking|45/100 brn|[from] brn
|upkeep
|turn|36
|
|t:|1666454925
|switch|p2a: Magneton|Magneton|94/100
|move|p1a: JELLICENT SPECS|Hex|p2a: Magneton
|-damage|p2a: Magneton|59/100
|
|upkeep
|turn|37
|
|t:|1666454930
|move|p2a: Magneton|Thunderbolt|p1a: JELLICENT SPECS
|-supereffective|p1a: JELLICENT SPECS
|-damage|p1a: JELLICENT SPECS|17/100
|move|p1a: JELLICENT SPECS|Recover|p1a: JELLICENT SPECS
|-heal|p1a: JELLICENT SPECS|67/100
|
|upkeep
|turn|38
|
|t:|1666454934
|switch|p1a: SDBPBPBPBP|Scizor, M|99/100
|move|p2a: Magneton|Thunderbolt|p1a: SDBPBPBPBP
|-damage|p1a: SDBPBPBPBP|50/100
|
|upkeep
|turn|39
|
|t:|1666454936
|move|p2a: Magneton|Thunderbolt|p1a: SDBPBPBPBP
|-damage|p1a: SDBPBPBPBP|0 fnt
|faint|p1a: SDBPBPBPBP
|
|upkeep
|c|☆MegaTotomon|gg
|l|+Floss
|-message|MegaTotomon forfeited.
|
|win|DugZaッ
|l|☆MegaTotomon
|c|☆DugZaッ|gg
