|j|☆EliotEnRetar
|j|☆pif
|t:|1643383387
|gametype|singles
|player|p1|EliotEnRetar|falkner|1439
|player|p2|pif|#uutrio2ladder|1749
|teamsize|p1|6
|teamsize|p2|6
|gen|8
|tier|[Gen 8] UU
|rated|
|rule|Sleep Clause Mod: Limit one foe put to sleep
|rule|Species Clause: Limit one of each Pokémon
|rule|OHKO Clause: OHKO moves are banned
|rule|Evasion Moves Clause: Evasion moves are banned
|rule|Endless Battle Clause: Forcing endless battles is banned
|rule|HP Percentage Mod: HP is shown in percentages
|rule|Dynamax Clause: You cannot dynamax
|clearpoke
|poke|p1|Drapion, M|
|poke|p1|Talonflame, M|
|poke|p1|Rotom-Wash|
|poke|p1|Ribombee, F|
|poke|p1|Zygarde-10%|
|poke|p1|Conkeldurr, F|
|poke|p2|Registeel|
|poke|p2|Tapu Bulu|
|poke|p2|Chansey, F|
|poke|p2|Seismitoad, M|
|poke|p2|Salamence, M|
|poke|p2|Hatterene, F|
|teampreview
|inactive|Battle timer is ON: inactive players will automatically lose when time's up. (requested by EliotEnRetar)
|inactive|pif has 120 seconds left.
|inactive|pif has 90 seconds left.
|
|t:|1643383484
|start
|switch|p1a: BeeMovie|Ribombee, F|100/100
|switch|p2a: soggy froggy|Seismitoad, M|100/100
|turn|1
|
|t:|1643383493
|move|p1a: BeeMovie|Energy Ball|p2a: soggy froggy
|-supereffective|p2a: soggy froggy
|-damage|p2a: soggy froggy|9/100
|move|p2a: soggy froggy|Stealth Rock|p1a: BeeMovie
|-sidestart|p1: EliotEnRetar|move: Stealth Rock
|
|-heal|p2a: soggy froggy|15/100|[from] item: Leftovers
|upkeep
|turn|2
|
|t:|1643383498
|switch|p2a: stanky clanky|Registeel|100/100
|move|p1a: BeeMovie|Sticky Web|p2a: stanky clanky
|-sidestart|p2: pif|move: Sticky Web
|
|upkeep
|turn|3
|
|t:|1643383504
|switch|p1a: Etchebest|Conkeldurr, F|100/100
|-damage|p1a: Etchebest|95/100|[from] Stealth Rock
|move|p2a: stanky clanky|Iron Defense|p2a: stanky clanky
|-boost|p2a: stanky clanky|def|2
|
|-status|p1a: Etchebest|brn|[from] item: Flame Orb
|upkeep
|turn|4
|
|t:|1643383507
|move|p1a: Etchebest|Close Combat|p2a: stanky clanky
|-supereffective|p2a: stanky clanky
|-damage|p2a: stanky clanky|49/100
|-unboost|p1a: Etchebest|def|1
|-unboost|p1a: Etchebest|spd|1
|move|p2a: stanky clanky|Body Press|p1a: Etchebest
|-damage|p1a: Etchebest|0 fnt
|faint|p1a: Etchebest
|
|upkeep
|
|t:|1643383520
|switch|p1a: En Brrrrrr|Zygarde-10%|100/100
|-damage|p1a: En Brrrrrr|94/100|[from] Stealth Rock
|-ability|p1a: En Brrrrrr|Aura Break
|turn|5
|
|t:|1643383524
|move|p1a: En Brrrrrr|Thousand Arrows|p2a: stanky clanky
|-supereffective|p2a: stanky clanky
|-damage|p2a: stanky clanky|18/100
|move|p2a: stanky clanky|Rest|p2a: stanky clanky
|-status|p2a: stanky clanky|slp|[from] move: Rest
|-heal|p2a: stanky clanky|100/100 slp|[silent]
|-enditem|p2a: stanky clanky|Chesto Berry|[eat]
|-curestatus|p2a: stanky clanky|slp|[msg]
|
|upkeep
|turn|6
|
|t:|1643383529
|move|p1a: En Brrrrrr|Thousand Arrows|p2a: stanky clanky
|-supereffective|p2a: stanky clanky
|-damage|p2a: stanky clanky|69/100
|move|p2a: stanky clanky|Body Press|p1a: En Brrrrrr
|-damage|p1a: En Brrrrrr|0 fnt
|faint|p1a: En Brrrrrr
|
|upkeep
|
|t:|1643383533
|switch|p1a: CauetBurger|Rotom-Wash|100/100
|-damage|p1a: CauetBurger|88/100|[from] Stealth Rock
|turn|7
|
|t:|1643383537
|switch|p2a: soggy froggy|Seismitoad, M|15/100
|-activate|p2a: soggy froggy|move: Sticky Web
|-unboost|p2a: soggy froggy|spe|1
|move|p1a: CauetBurger|Hydro Pump|p2a: soggy froggy
|-heal|p2a: soggy froggy|40/100|[from] ability: Water Absorb|[of] p1a: CauetBurger
|
|-heal|p1a: CauetBurger|94/100|[from] item: Leftovers
|-heal|p2a: soggy froggy|46/100|[from] item: Leftovers
|upkeep
|turn|8
|
|t:|1643383545
|move|p1a: CauetBurger|Will-O-Wisp|p2a: soggy froggy
|-status|p2a: soggy froggy|brn
|move|p2a: soggy froggy|Toxic|p1a: CauetBurger
|-status|p1a: CauetBurger|tox
|
|-heal|p1a: CauetBurger|100/100 tox|[from] item: Leftovers
|-heal|p2a: soggy froggy|52/100 brn|[from] item: Leftovers
|-damage|p1a: CauetBurger|94/100 tox|[from] psn
|-damage|p2a: soggy froggy|46/100 brn|[from] brn
|upkeep
|turn|9
|
|t:|1643383553
|switch|p1a: Drapion|Drapion, M|100/100
|-damage|p1a: Drapion|88/100|[from] Stealth Rock
|move|p2a: soggy froggy|Scald|p1a: Drapion
|-damage|p1a: Drapion|54/100
|
|-heal|p2a: soggy froggy|52/100 brn|[from] item: Leftovers
|-damage|p2a: soggy froggy|46/100 brn|[from] brn
|upkeep
|turn|10
|
|t:|1643383559
|move|p1a: Drapion|Swords Dance|p1a: Drapion
|-boost|p1a: Drapion|atk|2
|move|p2a: soggy froggy|Scald|p1a: Drapion
|-damage|p1a: Drapion|13/100
|-status|p1a: Drapion|brn
|
|-heal|p2a: soggy froggy|52/100 brn|[from] item: Leftovers
|-damage|p1a: Drapion|7/100 brn|[from] brn
|-damage|p2a: soggy froggy|46/100 brn|[from] brn
|upkeep
|turn|11
|c|☆EliotEnRetar|fuck this game
|c|☆pif|f
|-message|EliotEnRetar forfeited.
|
|win|pif
|raw|EliotEnRetar's rating: 1439 &rarr; <strong>1433</strong><br />(-6 for losing)
|raw|pif's rating: 1749 &rarr; <strong>1755</strong><br />(+6 for winning)
|l|☆EliotEnRetar
||Ladder isn't responding, score probably updated but might not have (Request timeout).
