|j|☆SS007
|j|☆Yellownoodle
|t:|1635729206
|gametype|singles
|player|p1|SS007|proton|1401
|player|p2|Yellownoodle|102|1480
|teamsize|p1|6
|teamsize|p2|6
|gen|8
|tier|[Gen 8] UU
|rated|
|rule|Sleep Clause Mod: Limit one foe put to sleep
|rule|Species Clause: Limit one of each Pokémon
|rule|OHKO Clause: OHKO moves are banned
|rule|Evasion Moves Clause: Evasion moves are banned
|rule|Endless Battle Clause: Forcing endless battles is banned
|rule|HP Percentage Mod: HP is shown in percentages
|rule|Dynamax Clause: You cannot dynamax
|clearpoke
|poke|p1|Nihilego|
|poke|p1|Celesteela|
|poke|p1|Swampert, F|
|poke|p1|Zarude|
|poke|p1|Kommo-o, F|
|poke|p1|Primarina, M|
|poke|p2|Excadrill, F|
|poke|p2|Gyarados, F|
|poke|p2|Thundurus-Therian, M|
|poke|p2|Celesteela|
|poke|p2|Entei|
|poke|p2|Galvantula, F|
|teampreview
|j| Adrift and Alone
|inactive|Battle timer is ON: inactive players will automatically lose when time's up. (requested by SS007)
|
|t:|1635729235
|start
|switch|p1a: Zarude|Zarude|100/100
|switch|p2a: Excadrill|Excadrill, F|100/100
|-ability|p2a: Excadrill|Mold Breaker
|turn|1
|
|t:|1635729248
|move|p1a: Zarude|U-turn|p2a: Excadrill
|-resisted|p2a: Excadrill
|-damage|p2a: Excadrill|84/100
|
|t:|1635729254
|switch|p1a: Celesteela|Celesteela|100/100|[from]move: U-turn
|move|p2a: Excadrill|Toxic|p1a: Celesteela
|-immune|p1a: Celesteela
|
|upkeep
|turn|2
|
|t:|1635729259
|move|p2a: Excadrill|Stealth Rock|p1a: Celesteela
|-sidestart|p1: SS007|move: Stealth Rock
|move|p1a: Celesteela|Flamethrower|p2a: Excadrill
|-supereffective|p2a: Excadrill
|-damage|p2a: Excadrill|23/100
|-status|p2a: Excadrill|brn
|
|-damage|p2a: Excadrill|17/100 brn|[from] brn
|upkeep
|turn|3
|
|t:|1635729269
|switch|p2a: Entei|Entei|100/100
|-ability|p2a: Entei|Pressure
|move|p1a: Celesteela|Leech Seed|p2a: Entei
|-start|p2a: Entei|move: Leech Seed
|
|-damage|p2a: Entei|88/100|[from] Leech Seed|[of] p1a: Celesteela
|upkeep
|turn|4
|
|t:|1635729274
|switch|p2a: Galvantula|Galvantula, F|100/100
|switch|p1a: Swampert|Swampert, F|100/100
|-damage|p1a: Swampert|94/100|[from] Stealth Rock
|
|-heal|p1a: Swampert|100/100|[from] item: Leftovers
|upkeep
|turn|5
|
|t:|1635729278
|move|p2a: Galvantula|Energy Ball|p1a: Swampert
|-supereffective|p1a: Swampert
|-damage|p1a: Swampert|9/100
|move|p1a: Swampert|Stealth Rock|p2a: Galvantula
|-sidestart|p2: Yellownoodle|move: Stealth Rock
|
|-heal|p1a: Swampert|15/100|[from] item: Leftovers
|upkeep
|turn|6
|
|t:|1635729286
|move|p2a: Galvantula|Sticky Web|p1a: Swampert
|-sidestart|p1: SS007|move: Sticky Web
|move|p1a: Swampert|Flip Turn|p2a: Galvantula
|-damage|p2a: Galvantula|40/100
|
|t:|1635729291
|switch|p1a: Nihilego|Nihilego|100/100|[from]move: Flip Turn
|-activate|p1a: Nihilego|move: Sticky Web
|-unboost|p1a: Nihilego|spe|1
|-damage|p1a: Nihilego|88/100|[from] Stealth Rock
|
|upkeep
|turn|7
|
|t:|1635729295
|move|p2a: Galvantula|Thunder|p1a: Nihilego
|-damage|p1a: Nihilego|65/100
|-status|p1a: Nihilego|par
|move|p1a: Nihilego|Power Gem|p2a: Galvantula
|-supereffective|p2a: Galvantula
|-damage|p2a: Galvantula|0 fnt
|faint|p2a: Galvantula
|-ability|p1a: Nihilego|Beast Boost|boost
|-boost|p1a: Nihilego|spa|1
|
|upkeep
|
|t:|1635729304
|switch|p2a: Excadrill|Excadrill, F|17/100 brn
|-damage|p2a: Excadrill|14/100 brn|[from] Stealth Rock
|-ability|p2a: Excadrill|Mold Breaker
|turn|8
|
|t:|1635729310
|move|p2a: Excadrill|Rock Slide|p1a: Nihilego
|-damage|p1a: Nihilego|42/100 par
|cant|p1a: Nihilego|par
|
|-damage|p2a: Excadrill|8/100 brn|[from] brn
|upkeep
|turn|9
|
|t:|1635729316
|move|p2a: Excadrill|Earthquake|p1a: Nihilego
|-supereffective|p1a: Nihilego
|-damage|p1a: Nihilego|0 fnt
|faint|p1a: Nihilego
|
|-damage|p2a: Excadrill|2/100 brn|[from] brn
|upkeep
|
|t:|1635729322
|switch|p1a: Zarude|Zarude|100/100
|-activate|p1a: Zarude|move: Sticky Web
|-unboost|p1a: Zarude|spe|1
|-damage|p1a: Zarude|88/100|[from] Stealth Rock
|turn|10
|
|t:|1635729325
|move|p1a: Zarude|U-turn|p2a: Excadrill
|-resisted|p2a: Excadrill
|-damage|p2a: Excadrill|0 fnt
|faint|p2a: Excadrill
|
|t:|1635729333
|switch|p1a: Swampert|Swampert, F|15/100|[from]move: U-turn
|-activate|p1a: Swampert|move: Sticky Web
|-unboost|p1a: Swampert|spe|1
|-damage|p1a: Swampert|9/100|[from] Stealth Rock
|
|-heal|p1a: Swampert|15/100|[from] item: Leftovers
|upkeep
|
|t:|1635729338
|switch|p2a: Thundurus|Thundurus-Therian, M|100/100
|turn|11
|
|t:|1635729341
|move|p2a: Thundurus|Psychic|p1a: Swampert
|-damage|p1a: Swampert|0 fnt
|faint|p1a: Swampert
|
|upkeep
|
|t:|1635729350
|switch|p1a: Zarude|Zarude|88/100
|-activate|p1a: Zarude|move: Sticky Web
|-unboost|p1a: Zarude|spe|1
|-damage|p1a: Zarude|76/100|[from] Stealth Rock
|turn|12
|
|t:|1635729353
|move|p1a: Zarude|Darkest Lariat|p2a: Thundurus
|-damage|p2a: Thundurus|31/100
|move|p2a: Thundurus|Superpower|p1a: Zarude
|-supereffective|p1a: Zarude
|-damage|p1a: Zarude|14/100
|-unboost|p2a: Thundurus|atk|1
|-unboost|p2a: Thundurus|def|1
|
|upkeep
|turn|13
|
|t:|1635729363
|move|p1a: Zarude|Darkest Lariat|p2a: Thundurus
|-damage|p2a: Thundurus|0 fnt
|faint|p2a: Thundurus
|
|upkeep
|
|t:|1635729365
|switch|p2a: Celesteela|Celesteela|100/100
|-damage|p2a: Celesteela|88/100|[from] Stealth Rock
|turn|14
|
|t:|1635729372
|switch|p1a: Celesteela|Celesteela|100/100
|-damage|p1a: Celesteela|88/100|[from] Stealth Rock
|move|p2a: Celesteela|Autotomize|p2a: Celesteela
|-boost|p2a: Celesteela|spe|2
|-start|p2a: Celesteela|Autotomize
|
|-heal|p1a: Celesteela|94/100|[from] item: Leftovers
|upkeep
|turn|15
|
|t:|1635729377
|move|p2a: Celesteela|Fire Blast|p1a: Celesteela|[miss]
|-miss|p2a: Celesteela|p1a: Celesteela
|move|p1a: Celesteela|Flamethrower|p2a: Celesteela
|-supereffective|p2a: Celesteela
|-damage|p2a: Celesteela|46/100
|
|-heal|p1a: Celesteela|99/100|[from] item: Leftovers
|upkeep
|turn|16
|
|t:|1635729380
|move|p2a: Celesteela|Fire Blast|p1a: Celesteela
|-supereffective|p1a: Celesteela
|-damage|p1a: Celesteela|58/100
|move|p1a: Celesteela|Flamethrower|p2a: Celesteela
|-supereffective|p2a: Celesteela
|-damage|p2a: Celesteela|0 fnt
|faint|p2a: Celesteela
|-ability|p1a: Celesteela|Beast Boost|boost
|-boost|p1a: Celesteela|spd|1
|
|-heal|p1a: Celesteela|64/100|[from] item: Leftovers
|upkeep
|
|t:|1635729385
|switch|p2a: Entei|Entei|88/100
|-ability|p2a: Entei|Pressure
|turn|17
|
|t:|1635729389
|move|p2a: Entei|Toxic|p1a: Celesteela
|-immune|p1a: Celesteela
|move|p1a: Celesteela|Leech Seed|p2a: Entei
|-start|p2a: Entei|move: Leech Seed
|
|-heal|p1a: Celesteela|70/100|[from] item: Leftovers
|-damage|p2a: Entei|76/100|[from] Leech Seed|[of] p1a: Celesteela
|-heal|p1a: Celesteela|82/100|[silent]
|upkeep
|turn|18
|
|t:|1635729393
|move|p1a: Celesteela|Protect|p1a: Celesteela
|-singleturn|p1a: Celesteela|Protect
|move|p2a: Entei|Sacred Fire|p1a: Celesteela
|-activate|p1a: Celesteela|move: Protect
|
|-heal|p1a: Celesteela|88/100|[from] item: Leftovers
|-damage|p2a: Entei|63/100|[from] Leech Seed|[of] p1a: Celesteela
|-heal|p1a: Celesteela|99/100|[silent]
|upkeep
|turn|19
|
|t:|1635729397
|move|p2a: Entei|Sacred Fire|p1a: Celesteela
|-supereffective|p1a: Celesteela
|-damage|p1a: Celesteela|24/100
|-status|p1a: Celesteela|brn
|move|p1a: Celesteela|Heavy Slam|p2a: Entei
|-resisted|p2a: Entei
|-damage|p2a: Entei|52/100
|
|-heal|p1a: Celesteela|30/100 brn|[from] item: Leftovers
|-damage|p2a: Entei|40/100|[from] Leech Seed|[of] p1a: Celesteela
|-heal|p1a: Celesteela|41/100 brn|[silent]
|-damage|p1a: Celesteela|35/100 brn|[from] brn
|upkeep
|turn|20
|
|t:|1635729402
|move|p1a: Celesteela|Protect|p1a: Celesteela
|-singleturn|p1a: Celesteela|Protect
|move|p2a: Entei|Sacred Fire|p1a: Celesteela
|-activate|p1a: Celesteela|move: Protect
|
|-heal|p1a: Celesteela|41/100 brn|[from] item: Leftovers
|-damage|p2a: Entei|27/100|[from] Leech Seed|[of] p1a: Celesteela
|-heal|p1a: Celesteela|53/100 brn|[silent]
|-damage|p1a: Celesteela|47/100 brn|[from] brn
|upkeep
|turn|21
|
|t:|1635729405
|move|p2a: Entei|Toxic||[still]
|-fail|p2a: Entei
|move|p1a: Celesteela|Flamethrower|p2a: Entei
|-resisted|p2a: Entei
|-damage|p2a: Entei|14/100
|
|-heal|p1a: Celesteela|53/100 brn|[from] item: Leftovers
|-damage|p2a: Entei|2/100|[from] Leech Seed|[of] p1a: Celesteela
|-heal|p1a: Celesteela|64/100 brn|[silent]
|-damage|p1a: Celesteela|58/100 brn|[from] brn
|upkeep
|turn|22
|
|t:|1635729410
|move|p1a: Celesteela|Protect|p1a: Celesteela
|-singleturn|p1a: Celesteela|Protect
|move|p2a: Entei|Extreme Speed|p1a: Celesteela
|-activate|p1a: Celesteela|move: Protect
|
|-heal|p1a: Celesteela|64/100 brn|[from] item: Leftovers
|-damage|p2a: Entei|0 fnt|[from] Leech Seed|[of] p1a: Celesteela
|-heal|p1a: Celesteela|66/100 brn|[silent]
|faint|p2a: Entei
|-damage|p1a: Celesteela|60/100 brn|[from] brn
|upkeep
|
|t:|1635729412
|switch|p2a: Gyarados|Gyarados, F|100/100
|-damage|p2a: Gyarados|76/100|[from] Stealth Rock
|turn|23
|
|t:|1635729416
|move|p2a: Gyarados|Waterfall|p1a: Celesteela
|-damage|p1a: Celesteela|25/100 brn
|cant|p1a: Celesteela|flinch
|
|-heal|p1a: Celesteela|31/100 brn|[from] item: Leftovers
|-damage|p1a: Celesteela|25/100 brn|[from] brn
|upkeep
|turn|24
|
|t:|1635729424
|move|p2a: Gyarados|Dragon Dance|p2a: Gyarados
|-boost|p2a: Gyarados|atk|1
|-boost|p2a: Gyarados|spe|1
|move|p1a: Celesteela|Leech Seed|p2a: Gyarados
|-start|p2a: Gyarados|move: Leech Seed
|
|-heal|p1a: Celesteela|31/100 brn|[from] item: Leftovers
|-damage|p2a: Gyarados|63/100|[from] Leech Seed|[of] p1a: Celesteela
|-heal|p1a: Celesteela|41/100 brn|[silent]
|-damage|p1a: Celesteela|35/100 brn|[from] brn
|upkeep
|turn|25
|
|t:|1635729431
|move|p2a: Gyarados|Waterfall|p1a: Celesteela
|-damage|p1a: Celesteela|0 fnt
|faint|p1a: Celesteela
|-ability|p2a: Gyarados|Moxie|boost
|-boost|p2a: Gyarados|atk|1
|
|upkeep
|
|t:|1635729435
|switch|p1a: Primarina|Primarina, M|100/100
|-damage|p1a: Primarina|88/100|[from] Stealth Rock
|-activate|p1a: Primarina|move: Sticky Web
|-unboost|p1a: Primarina|spe|1
|turn|26
|
|t:|1635729437
|move|p2a: Gyarados|Bounce||[still]
|-prepare|p2a: Gyarados|Bounce
|-enditem|p2a: Gyarados|Power Herb
|-anim|p2a: Gyarados|Bounce|p1a: Primarina
|-damage|p1a: Primarina|0 fnt
|faint|p1a: Primarina
|-ability|p2a: Gyarados|Moxie|boost
|-boost|p2a: Gyarados|atk|1
|
|upkeep
|
|t:|1635729446
|switch|p1a: Kommo-o|Kommo-o, F|100/100
|-activate|p1a: Kommo-o|move: Sticky Web
|-unboost|p1a: Kommo-o|spe|1
|-damage|p1a: Kommo-o|94/100|[from] Stealth Rock
|turn|27
|
|t:|1635729449
|move|p2a: Gyarados|Bounce||[still]
|-prepare|p2a: Gyarados|Bounce
|move|p1a: Kommo-o|Clangorous Soul|p1a: Kommo-o
|-boost|p1a: Kommo-o|atk|1
|-boost|p1a: Kommo-o|def|1
|-boost|p1a: Kommo-o|spa|1
|-boost|p1a: Kommo-o|spd|1
|-boost|p1a: Kommo-o|spe|1
|-damage|p1a: Kommo-o|61/100
|-enditem|p1a: Kommo-o|Throat Spray
|-boost|p1a: Kommo-o|spa|1|[from] item: Throat Spray
|
|-damage|p2a: Gyarados|51/100|[from] Leech Seed|[of] p1a: Kommo-o
|-heal|p1a: Kommo-o|75/100|[silent]
|upkeep
|turn|28
|
|t:|1635729453
|move|p2a: Gyarados|Bounce|p1a: Kommo-o|[from]lockedmove
|-supereffective|p1a: Kommo-o
|-damage|p1a: Kommo-o|0 fnt
|faint|p1a: Kommo-o
|-ability|p2a: Gyarados|Moxie|boost
|-boost|p2a: Gyarados|atk|1
|
|upkeep
|-message|SS007 forfeited.
|
|win|Yellownoodle
|raw|SS007's rating: 1401 &rarr; <strong>1385</strong><br />(-16 for losing)
|raw|Yellownoodle's rating: 1480 &rarr; <strong>1496</strong><br />(+16 for winning)
|l|☆SS007
