|j|☆Yrrol
|j|☆galactest bro !
|t:|1657803117
|gametype|singles
|player|p1|Yrrol|102|1186
|player|p2|galactest bro !|dragontamer|1422
|teamsize|p1|6
|teamsize|p2|6
|gen|8
|tier|[Gen 8] UU
|rated|
|rule|Sleep Clause Mod: Limit one foe put to sleep
|rule|Species Clause: Limit one of each Pokémon
|rule|OHKO Clause: OHKO moves are banned
|rule|Evasion Moves Clause: Evasion moves are banned
|rule|Endless Battle Clause: Forcing endless battles is banned
|rule|HP Percentage Mod: HP is shown in percentages
|rule|Dynamax Clause: You cannot dynamax
|clearpoke
|poke|p1|Gyarados, F|
|poke|p1|Diggersby, F|
|poke|p1|Nidoqueen, F|
|poke|p1|Appletun, M|
|poke|p1|Scyther, M|
|poke|p1|Froslass, F|
|poke|p2|Cobalion|
|poke|p2|Slowking, F|
|poke|p2|Raikou|
|poke|p2|Marowak-Alola, M|
|poke|p2|Skarmory, M|
|poke|p2|Tangrowth, F|
|teampreview
|
|t:|1657803139
|start
|switch|p1a: Gyarados|Gyarados, F|100/100
|switch|p2a: Tangrowth|Tangrowth, F|100/100
|turn|1
|inactive|Battle timer is ON: inactive players will automatically lose when time's up. (requested by galactest bro !)
|
|t:|1657803170
|move|p1a: Gyarados|Waterfall|p2a: Tangrowth
|-resisted|p2a: Tangrowth
|-damage|p2a: Tangrowth|86/100
|cant|p2a: Tangrowth|flinch
|
|upkeep
|turn|2
|
|t:|1657803177
|move|p1a: Gyarados|Waterfall|p2a: Tangrowth
|-resisted|p2a: Tangrowth
|-damage|p2a: Tangrowth|70/100
|move|p2a: Tangrowth|Power Whip|p1a: Gyarados
|-damage|p1a: Gyarados|51/100
|
|upkeep
|turn|3
|
|t:|1657803194
|move|p1a: Gyarados|Waterfall|p2a: Tangrowth
|-resisted|p2a: Tangrowth
|-damage|p2a: Tangrowth|55/100
|move|p2a: Tangrowth|Sludge Bomb|p1a: Gyarados
|-damage|p1a: Gyarados|34/100
|
|upkeep
|turn|4
|
|t:|1657803203
|switch|p2a: Skarmory|Skarmory, M|100/100
|move|p1a: Gyarados|Scale Shot|p2a: Skarmory
|-resisted|p2a: Skarmory
|-damage|p2a: Skarmory|98/100
|-resisted|p2a: Skarmory
|-damage|p2a: Skarmory|95/100
|-resisted|p2a: Skarmory
|-damage|p2a: Skarmory|92/100
|-resisted|p2a: Skarmory
|-damage|p2a: Skarmory|90/100
|-resisted|p2a: Skarmory
|-damage|p2a: Skarmory|87/100
|-hitcount|p2a: Skarmory|5
|-unboost|p1a: Gyarados|def|1
|-boost|p1a: Gyarados|spe|1
|
|upkeep
|turn|5
|
|t:|1657803223
|move|p1a: Gyarados|Waterfall|p2a: Skarmory
|-damage|p2a: Skarmory|60/100
|-damage|p1a: Gyarados|18/100|[from] item: Rocky Helmet|[of] p2a: Skarmory
|cant|p2a: Skarmory|flinch
|
|upkeep
|turn|6
|
|t:|1657803229
|move|p1a: Gyarados|Waterfall|p2a: Skarmory
|-damage|p2a: Skarmory|30/100
|-damage|p1a: Gyarados|1/100|[from] item: Rocky Helmet|[of] p2a: Skarmory
|move|p2a: Skarmory|Roost|p2a: Skarmory
|-heal|p2a: Skarmory|80/100
|-singleturn|p2a: Skarmory|move: Roost
|
|upkeep
|turn|7
|
|t:|1657803238
|move|p1a: Gyarados|Waterfall|p2a: Skarmory
|-crit|p2a: Skarmory
|-damage|p2a: Skarmory|41/100
|-damage|p1a: Gyarados|0 fnt|[from] item: Rocky Helmet|[of] p2a: Skarmory
|faint|p1a: Gyarados
|move|p2a: Skarmory|Roost|p2a: Skarmory
|-heal|p2a: Skarmory|91/100
|-singleturn|p2a: Skarmory|move: Roost
|
|upkeep
|
|t:|1657803249
|switch|p1a: Nidoqueen|Nidoqueen, F|100/100
|turn|8
|
|t:|1657803275
|switch|p2a: Tangrowth|Tangrowth, F|88/100
|move|p1a: Nidoqueen|Earth Power|p2a: Tangrowth
|-resisted|p2a: Tangrowth
|-damage|p2a: Tangrowth|70/100
|
|upkeep
|turn|9
|
|t:|1657803289
|move|p1a: Nidoqueen|Sludge Wave|p2a: Tangrowth
|-supereffective|p2a: Tangrowth
|-damage|p2a: Tangrowth|0 fnt
|faint|p2a: Tangrowth
|
|upkeep
|
|t:|1657803293
|switch|p2a: Slowking|Slowking, F|100/100
|turn|10
|
|t:|1657803305
|switch|p1a: Scyther|Scyther, M|100/100
|move|p2a: Slowking|Scald|p1a: Scyther
|-damage|p1a: Scyther|60/100
|
|upkeep
|turn|11
|
|t:|1657803316
|switch|p2a: Skarmory|Skarmory, M|91/100
|move|p1a: Scyther|U-turn|p2a: Skarmory
|-resisted|p2a: Skarmory
|-damage|p2a: Skarmory|86/100
|-damage|p1a: Scyther|43/100|[from] item: Rocky Helmet|[of] p2a: Skarmory
|
|t:|1657803330
|switch|p1a: Nidoqueen|Nidoqueen, F|100/100|[from]move: U-turn
|
|upkeep
|turn|12
|
|t:|1657803348
|switch|p2a: Raikou|Raikou|100/100
|move|p1a: Nidoqueen|Thunderbolt|p2a: Raikou
|-resisted|p2a: Raikou
|-damage|p2a: Raikou|79/100
|
|upkeep
|turn|13
|inactive|galactest bro ! has 120 seconds left.
|
|t:|1657803393
|switch|p1a: Appletun|Appletun, M|100/100
|move|p2a: Raikou|Scald|p1a: Appletun
|-resisted|p1a: Appletun
|-damage|p1a: Appletun|96/100
|
|-heal|p1a: Appletun|100/100|[from] item: Leftovers
|upkeep
|turn|14
|
|t:|1657803401
|move|p2a: Raikou|Volt Switch|p1a: Appletun
|-resisted|p1a: Appletun
|-damage|p1a: Appletun|95/100
|
|t:|1657803414
|switch|p2a: Cobalion|Cobalion|100/100|[from]move: Volt Switch
|move|p1a: Appletun|Leech Seed|p2a: Cobalion
|-start|p2a: Cobalion|move: Leech Seed
|
|-heal|p1a: Appletun|100/100|[from] item: Leftovers
|-damage|p2a: Cobalion|88/100|[from] Leech Seed|[of] p1a: Appletun
|upkeep
|turn|15
|
|t:|1657803423
|move|p2a: Cobalion|Stealth Rock|p1a: Appletun
|-sidestart|p1: Yrrol|move: Stealth Rock
|move|p1a: Appletun|Apple Acid|p2a: Cobalion
|-resisted|p2a: Cobalion
|-damage|p2a: Cobalion|68/100
|-unboost|p2a: Cobalion|spd|1
|
|-damage|p2a: Cobalion|56/100|[from] Leech Seed|[of] p1a: Appletun
|upkeep
|turn|16
|
|t:|1657803434
|switch|p2a: Slowking|Slowking, F|100/100
|move|p1a: Appletun|Apple Acid|p2a: Slowking
|-supereffective|p2a: Slowking
|-damage|p2a: Slowking|53/100
|-unboost|p2a: Slowking|spd|1
|
|upkeep
|turn|17
|
|t:|1657803442
|switch|p2a: Skarmory|Skarmory, M|86/100
|move|p1a: Appletun|Apple Acid|p2a: Skarmory
|-resisted|p2a: Skarmory
|-damage|p2a: Skarmory|76/100
|-unboost|p2a: Skarmory|spd|1
|
|upkeep
|turn|18
|inactive|galactest bro ! has 120 seconds left.
|
|t:|1657803450
|switch|p2a: Marowak|Marowak-Alola, M|100/100
|move|p1a: Appletun|Leech Seed|p2a: Marowak
|-start|p2a: Marowak|move: Leech Seed
|
|-damage|p2a: Marowak|88/100|[from] Leech Seed|[of] p1a: Appletun
|upkeep
|turn|19
|
|t:|1657803460
|switch|p2a: Slowking|Slowking, F|87/100
|move|p1a: Appletun|Draco Meteor|p2a: Slowking|[miss]
|-miss|p1a: Appletun|p2a: Slowking
|
|upkeep
|turn|20
|
|t:|1657803470
|move|p1a: Appletun|Apple Acid|p2a: Slowking
|-supereffective|p2a: Slowking
|-damage|p2a: Slowking|39/100
|-unboost|p2a: Slowking|spd|1
|move|p2a: Slowking|Teleport|p2a: Slowking
|
|t:|1657803475
|switch|p2a: Marowak|Marowak-Alola, M|88/100|[from]move: Teleport
|
|upkeep
|turn|21
|
|t:|1657803479
|move|p2a: Marowak|Substitute|p2a: Marowak
|-start|p2a: Marowak|Substitute
|-damage|p2a: Marowak|63/100
|move|p1a: Appletun|Leech Seed||[still]
|-fail|p1a: Appletun
|
|upkeep
|turn|22
|
|t:|1657803496
|move|p2a: Marowak|Swords Dance|p2a: Marowak
|-boost|p2a: Marowak|atk|2
|move|p1a: Appletun|Draco Meteor|p2a: Marowak
|-end|p2a: Marowak|Substitute
|-unboost|p1a: Appletun|spa|2
|
|upkeep
|turn|23
|
|t:|1657803504
|switch|p1a: Scyther|Scyther, M|43/100
|move|p2a: Marowak|Substitute|p2a: Marowak
|-start|p2a: Marowak|Substitute
|-damage|p2a: Marowak|39/100
|
|upkeep
|turn|24
|
|t:|1657803510
|move|p1a: Scyther|Dual Wingbeat|p2a: Marowak
|-end|p2a: Marowak|Substitute
|-damage|p2a: Marowak|7/100
|-hitcount|p2a: Marowak|2
|move|p2a: Marowak|Fire Punch|p1a: Scyther
|-supereffective|p1a: Scyther
|-damage|p1a: Scyther|0 fnt
|faint|p1a: Scyther
|
|upkeep
|
|t:|1657803529
|switch|p1a: Nidoqueen|Nidoqueen, F|100/100
|-damage|p1a: Nidoqueen|94/100|[from] Stealth Rock
|turn|25
|
|t:|1657803547
|switch|p2a: Skarmory|Skarmory, M|76/100
|move|p1a: Nidoqueen|Flamethrower|p2a: Skarmory
|-supereffective|p2a: Skarmory
|-damage|p2a: Skarmory|0 fnt
|faint|p2a: Skarmory
|
|upkeep
|
|t:|1657803554
|switch|p2a: Slowking|Slowking, F|73/100
|turn|26
|
|t:|1657803559
|switch|p1a: Appletun|Appletun, M|100/100
|-damage|p1a: Appletun|88/100|[from] Stealth Rock
|move|p2a: Slowking|Scald|p1a: Appletun
|-resisted|p1a: Appletun
|-damage|p1a: Appletun|84/100
|
|-heal|p1a: Appletun|90/100|[from] item: Leftovers
|upkeep
|turn|27
|l|☆galactest bro !
|inactive|galactest bro ! disconnected and has a minute to reconnect!
|player|p2|
|inactive|galactest bro ! has 30 seconds to reconnect!
|inactive|galactest bro ! has 20 seconds to reconnect!
|inactive|galactest bro ! has 15 seconds to reconnect!
|inactive|galactest bro ! has 10 seconds to reconnect!
|inactive|galactest bro ! has 5 seconds to reconnect!
|-message|galactest bro ! lost due to inactivity.
|
|win|Yrrol
|raw|Yrrol's rating: 1208 &rarr; <strong>1247</strong><br />(+39 for winning)
|raw|galactest bro !'s rating: 1422 &rarr; <strong>1391</strong><br />(-31 for losing)
||Ladder isn't responding, score probably updated but might not have (Request timeout).
