|html|<div class="broadcast-blue"><strong>[Gen 8] UU is currently suspecting Scizor! For information on how to participate check out the <a href="https://www.smogon.com/forums/threads/ss-uu-stage-12-2-spider-dance.3704866/">suspect thread</a>.</strong></div>
|j|☆DLLT snitchgeburt
|j|☆DLLT Wuchtbrumme
|t:|1658511592
|gametype|singles
|player|p1|DLLT snitchgeburt|saturn|1385
|player|p2|DLLT Wuchtbrumme|wallace|1313
|teamsize|p1|6
|teamsize|p2|6
|gen|8
|tier|[Gen 8] UU
|rated|
|rule|Sleep Clause Mod: Limit one foe put to sleep
|rule|Species Clause: Limit one of each Pokémon
|rule|OHKO Clause: OHKO moves are banned
|rule|Evasion Moves Clause: Evasion moves are banned
|rule|Endless Battle Clause: Forcing endless battles is banned
|rule|HP Percentage Mod: HP is shown in percentages
|rule|Dynamax Clause: You cannot dynamax
|clearpoke
|poke|p1|Conkeldurr, M|
|poke|p1|Salamence, F|
|poke|p1|Primarina, F|
|poke|p1|Tangrowth, F|
|poke|p1|Thundurus-Therian, M|
|poke|p1|Mamoswine, M|
|poke|p2|Torkoal, M|
|poke|p2|Venusaur, F|
|poke|p2|Chansey, F|
|poke|p2|Heliolisk, F|
|poke|p2|Mandibuzz, F|
|poke|p2|Lucario, M|
|teampreview
|j| Dllt nick=cute
|j| DLLT Tobi
|
|t:|1658511639
|start
|switch|p1a: Mahmoud|Mamoswine, M|100/100
|switch|p2a: Heliolisk|Heliolisk, F, shiny|100/100
|turn|1
|
|t:|1658511670
|move|p2a: Heliolisk|Grass Knot|p1a: Mahmoud
|-supereffective|p1a: Mahmoud
|-damage|p1a: Mahmoud|24/100
|move|p1a: Mahmoud|Icicle Crash|p2a: Heliolisk
|-damage|p2a: Heliolisk|0 fnt
|faint|p2a: Heliolisk
|
|upkeep
|
|t:|1658511683
|switch|p2a: Lucario|Lucario, M|100/100
|turn|2
|
|t:|1658511696
|switch|p1a: R.I.P. Säule|Conkeldurr, M, shiny|100/100
|move|p2a: Lucario|Meteor Mash|p1a: R.I.P. Säule
|-damage|p1a: R.I.P. Säule|52/100
|-boost|p2a: Lucario|atk|1
|-damage|p2a: Lucario|91/100|[from] item: Life Orb
|
|upkeep
|turn|3
|
|t:|1658511708
|switch|p2a: Mandibuzz|Mandibuzz, F|100/100
|move|p1a: R.I.P. Säule|Mach Punch|p2a: Mandibuzz
|-damage|p2a: Mandibuzz|88/100
|
|upkeep
|turn|4
|
|t:|1658511735
|switch|p1a: Stromschlag|Thundurus-Therian, M|100/100
|move|p2a: Mandibuzz|Foul Play|p1a: Stromschlag
|-damage|p1a: Stromschlag|52/100
|
|upkeep
|turn|5
|
|t:|1658511753
|move|p1a: Stromschlag|U-turn|p2a: Mandibuzz
|-damage|p2a: Mandibuzz|78/100
|
|t:|1658511764
|switch|p1a: Moms' Spaghetti|Tangrowth, F, shiny|100/100|[from]move: U-turn
|move|p2a: Mandibuzz|U-turn|p1a: Moms' Spaghetti
|-supereffective|p1a: Moms' Spaghetti
|-damage|p1a: Moms' Spaghetti|88/100
|-damage|p2a: Mandibuzz|62/100|[from] item: Rocky Helmet|[of] p1a: Moms' Spaghetti
|
|t:|1658511771
|switch|p2a: Torkoal|Torkoal, M|100/100|[from]move: U-turn
|-weather|SunnyDay|[from] ability: Drought|[of] p2a: Torkoal
|
|-weather|SunnyDay|[upkeep]
|upkeep
|turn|6
|
|t:|1658511786
|move|p1a: Moms' Spaghetti|Sleep Powder|p2a: Torkoal
|-status|p2a: Torkoal|slp|[from] move: Sleep Powder
|cant|p2a: Torkoal|slp
|
|-weather|SunnyDay|[upkeep]
|upkeep
|turn|7
|
|t:|1658511798
|switch|p1a: Amalia|Salamence, F, shiny|100/100
|-ability|p1a: Amalia|Intimidate|boost
|-unboost|p2a: Torkoal|atk|1
|switch|p2a: Chansey|Chansey, F, shiny|100/100
|
|-weather|SunnyDay|[upkeep]
|upkeep
|turn|8
|
|t:|1658511808
|move|p1a: Amalia|Dragon Dance|p1a: Amalia
|-boost|p1a: Amalia|atk|1
|-boost|p1a: Amalia|spe|1
|move|p2a: Chansey|Teleport|p2a: Chansey
|
|t:|1658511816
|switch|p2a: Mandibuzz|Mandibuzz, F|62/100|[from]move: Teleport
|
|-weather|SunnyDay|[upkeep]
|upkeep
|turn|9
|
|t:|1658511830
|move|p1a: Amalia|Dragon Claw|p2a: Mandibuzz
|-damage|p2a: Mandibuzz|28/100
|move|p2a: Mandibuzz|Foul Play|p1a: Amalia
|-damage|p1a: Amalia|8/100
|
|-weather|SunnyDay|[upkeep]
|upkeep
|turn|10
|
|t:|1658511863
|move|p1a: Amalia|Dual Wingbeat|p2a: Mandibuzz
|-damage|p2a: Mandibuzz|8/100
|-damage|p2a: Mandibuzz|0 fnt
|faint|p2a: Mandibuzz
|-hitcount|p2: Mandibuzz|2
|
|-weather|SunnyDay|[upkeep]
|upkeep
|
|t:|1658511874
|switch|p2a: Venusaur|Venusaur, F, shiny|100/100
|turn|11
|
|t:|1658511890
|move|p2a: Venusaur|Giga Drain|p1a: Amalia
|-resisted|p1a: Amalia
|-damage|p1a: Amalia|0 fnt
|faint|p1a: Amalia
|-damage|p2a: Venusaur|91/100|[from] item: Life Orb
|
|-weather|SunnyDay|[upkeep]
|upkeep
|
|t:|1658511899
|switch|p1a: R.I.P. Säule|Conkeldurr, M, shiny|52/100
|turn|12
|
|t:|1658511944
|move|p2a: Venusaur|Weather Ball|p1a: R.I.P. Säule
|-crit|p1a: R.I.P. Säule
|-damage|p1a: R.I.P. Säule|0 fnt
|faint|p1a: R.I.P. Säule
|-damage|p2a: Venusaur|81/100|[from] item: Life Orb
|
|-weather|none
|upkeep
|
|t:|1658511983
|switch|p1a: Stromschlag|Thundurus-Therian, M|52/100
|turn|13
|
|t:|1658511988
|switch|p2a: Chansey|Chansey, F, shiny|100/100
|move|p1a: Stromschlag|Psychic|p2a: Chansey
|-crit|p2a: Chansey
|-damage|p2a: Chansey|84/100
|
|upkeep
|turn|14
|
|t:|1658511999
|move|p1a: Stromschlag|U-turn|p2a: Chansey
|-damage|p2a: Chansey|73/100
|
|t:|1658512008
|switch|p1a: Moms' Spaghetti|Tangrowth, F, shiny|100/100|[from]move: U-turn
|move|p2a: Chansey|Teleport|p2a: Chansey
|
|t:|1658512014
|switch|p2a: Torkoal|Torkoal, M|100/100 slp|[from]move: Teleport
|-weather|SunnyDay|[from] ability: Drought|[of] p2a: Torkoal
|
|-weather|SunnyDay|[upkeep]
|upkeep
|turn|15
|
|t:|1658512027
|switch|p1a: Mahmoud|Mamoswine, M|24/100
|switch|p2a: Chansey|Chansey, F, shiny|73/100
|
|-weather|SunnyDay|[upkeep]
|upkeep
|turn|16
|
|t:|1658512037
|move|p1a: Mahmoud|Knock Off|p2a: Chansey
|-damage|p2a: Chansey|50/100
|-enditem|p2a: Chansey|Eviolite|[from] move: Knock Off|[of] p1a: Mahmoud
|move|p2a: Chansey|Seismic Toss|p1a: Mahmoud
|-damage|p1a: Mahmoud|0 fnt
|faint|p1a: Mahmoud
|
|-weather|SunnyDay|[upkeep]
|upkeep
|
|t:|1658512068
|switch|p1a: Fishermans Enemy|Primarina, F|100/100
|turn|17
|
|t:|1658512074
|switch|p1a: Moms' Spaghetti|Tangrowth, F, shiny|100/100
|move|p2a: Chansey|Soft-Boiled|p2a: Chansey
|-heal|p2a: Chansey|99/100
|
|-weather|SunnyDay|[upkeep]
|upkeep
|turn|18
|
|t:|1658512082
|move|p1a: Moms' Spaghetti|Giga Drain|p2a: Chansey
|-crit|p2a: Chansey
|-damage|p2a: Chansey|81/100
|move|p2a: Chansey|Teleport|p2a: Chansey
|
|t:|1658512086
|switch|p2a: Venusaur|Venusaur, F, shiny|81/100|[from]move: Teleport
|
|-weather|SunnyDay|[upkeep]
|upkeep
|turn|19
|
|t:|1658512092
|move|p2a: Venusaur|Growth|p2a: Venusaur
|-boost|p2a: Venusaur|atk|2
|-boost|p2a: Venusaur|spa|2
|move|p1a: Moms' Spaghetti|Knock Off|p2a: Venusaur
|-damage|p2a: Venusaur|52/100
|-enditem|p2a: Venusaur|Life Orb|[from] move: Knock Off|[of] p1a: Moms' Spaghetti
|
|-weather|SunnyDay|[upkeep]
|upkeep
|turn|20
|
|t:|1658512100
|move|p2a: Venusaur|Weather Ball|p1a: Moms' Spaghetti
|-supereffective|p1a: Moms' Spaghetti
|-damage|p1a: Moms' Spaghetti|0 fnt
|faint|p1a: Moms' Spaghetti
|
|-weather|SunnyDay|[upkeep]
|upkeep
|
|t:|1658512116
|switch|p1a: Fishermans Enemy|Primarina, F|100/100
|turn|21
|
|t:|1658512119
|move|p2a: Venusaur|Giga Drain|p1a: Fishermans Enemy
|-supereffective|p1a: Fishermans Enemy
|-crit|p1a: Fishermans Enemy
|-damage|p1a: Fishermans Enemy|0 fnt
|-heal|p2a: Venusaur|100/100|[from] drain|[of] p1a: Fishermans Enemy
|faint|p1a: Fishermans Enemy
|
|-weather|none
|upkeep
|
|t:|1658512126
|switch|p1a: Stromschlag|Thundurus-Therian, M|52/100
|turn|22
|
|t:|1658512131
|move|p1a: Stromschlag|Psychic|p2a: Venusaur
|-supereffective|p2a: Venusaur
|-damage|p2a: Venusaur|17/100
|move|p2a: Venusaur|Sludge Bomb|p1a: Stromschlag
|-damage|p1a: Stromschlag|0 fnt
|faint|p1a: Stromschlag
|
|win|DLLT Wuchtbrumme
|raw|DLLT snitchgeburt's rating: 1385 &rarr; <strong>1361</strong><br />(-24 for losing)
|raw|DLLT Wuchtbrumme's rating: 1313 &rarr; <strong>1337</strong><br />(+24 for winning)
|l| DLLT Tobi
|l| Dllt nick=cute
||Ladder isn't responding, score probably updated but might not have (Request timeout).
