|j|☆Corazan
|j|☆KSt3ve
|t:|1664737580
|gametype|singles
|player|p1|Corazan|hilda|
|player|p2|KSt3ve|#scl2dynamos|
|teamsize|p1|6
|teamsize|p2|6
|gen|8
|tier|[Gen 8] UU
|rule|Sleep Clause Mod: Limit one foe put to sleep
|rule|Species Clause: Limit one of each Pokémon
|rule|OHKO Clause: OHKO moves are banned
|rule|Evasion Items Clause: Evasion items are banned
|rule|Evasion Moves Clause: Evasion moves are banned
|rule|Endless Battle Clause: Forcing endless battles is banned
|rule|HP Percentage Mod: HP is shown in percentages
|rule|Dynamax Clause: You cannot dynamax
|clearpoke
|poke|p1|Mamoswine, F|
|poke|p1|Thundurus-Therian, M|
|poke|p1|Cobalion|
|poke|p1|Slowking, F|
|poke|p1|Chansey, F|
|poke|p1|Skarmory, F|
|poke|p2|Primarina, F|
|poke|p2|Slowbro-Galar, F|
|poke|p2|Zarude|
|poke|p2|Zygarde-10%|
|poke|p2|Salamence, F|
|poke|p2|Cobalion|
|teampreview
|c|☆KSt3ve|hf
|c|☆Corazan|u2
|c|☆Corazan|/log Corazan made this room public.
|j| Skyrio
|l|☆KSt3ve
|player|p2|
|inactive|Battle timer is ON: inactive players will automatically lose when time's up. (requested by Corazan)
|j|☆KSt3ve
|inactive|KSt3ve reconnected and has 300 seconds left.
|player|p2|KSt3ve|#scl2dynamos
|inactiveoff|Battle timer is now OFF.
|j| jus de pute
|j| SGKI
|j| Jeza.p
|j| Ereshkigal
|j| Hyss
|j| Heerv
|c| Hyss|ALLEZ STEVE
|j| Givra no bi ☯
|j| Schizoption
|j| halouf tiplouf
|j| Michy47
|j| Kabilapok ❄
|j| RichardMillePlain
|c|☆KSt3ve|bien s'passer
|inactive|Battle timer is ON: inactive players will automatically lose when time's up. (requested by Corazan)
|j| SpooKiQ
|j| Kita Prodigezz
|j| GOAT MANOLO
|
|t:|1664737688
|start
|switch|p1a: Skarmory|Skarmory, F|100/100
|switch|p2a: Primarina|Primarina, F|100/100
|turn|1
|j| LaLuneAttireLaMer
|j| DL Ecca
|
|t:|1664737696
|switch|p1a: Slowking|Slowking, F|100/100
|move|p2a: Primarina|Scald|p1a: Slowking
|-resisted|p1a: Slowking
|-damage|p1a: Slowking|83/100
|
|upkeep
|turn|2
|j| Sirwings
|
|t:|1664737700
|move|p2a: Primarina|Scald|p1a: Slowking
|-resisted|p1a: Slowking
|-damage|p1a: Slowking|65/100
|move|p1a: Slowking|Psyshock|p2a: Primarina
|-damage|p2a: Primarina|61/100
|
|-heal|p2a: Primarina|67/100|[from] item: Leftovers
|upkeep
|turn|3
|j| yovan33321
|j| Lizardu
|j|+SFG
|
|t:|1664737708
|move|p2a: Primarina|Moonblast|p1a: Slowking
|-damage|p1a: Slowking|21/100
|move|p1a: Slowking|Teleport|p1a: Slowking
|
|t:|1664737710
|switch|p1a: Thundurus|Thundurus-Therian, M|100/100|[from]move: Teleport
|
|-heal|p2a: Primarina|74/100|[from] item: Leftovers
|upkeep
|turn|4
|j| lulu qlf
|j|+Tuthur
|j| Astreau
|j| CaptainEikichi
|inactive|KSt3ve has 270 seconds left.
|
|t:|1664737764
|switch|p2a: Zygarde|Zygarde-10%|100/100
|-ability|p2a: Zygarde|Aura Break
|move|p1a: Thundurus|Volt Switch|p2a: Zygarde
|-immune|p2a: Zygarde
|
|upkeep
|turn|5
|j| Moutemoute
|j| Profdesinnoh
|
|t:|1664737771
|switch|p2a: Cobalion|Cobalion|100/100
|switch|p1a: Chansey|Chansey, F|100/100
|
|upkeep
|turn|6
|j| Algeria
|
|t:|1664737785
|switch|p1a: Slowking|Slowking, F|54/100
|move|p2a: Cobalion|Stealth Rock|p1a: Slowking
|-sidestart|p1: Corazan|move: Stealth Rock
|
|upkeep
|turn|7
|inactive|KSt3ve has 270 seconds left.
|
|t:|1664737793
|switch|p2a: Zarude|Zarude|100/100
|move|p1a: Slowking|Teleport|p1a: Slowking
|
|t:|1664737795
|switch|p1a: Skarmory|Skarmory, F|100/100|[from]move: Teleport
|-damage|p1a: Skarmory|88/100|[from] Stealth Rock
|
|upkeep
|turn|8
|inactive|KSt3ve has 270 seconds left.
|
|t:|1664737816
|switch|p2a: Slowbro|Slowbro-Galar, F|100/100
|move|p1a: Skarmory|Spikes|p2a: Slowbro
|-sidestart|p2: KSt3ve|Spikes
|
|upkeep
|turn|9
|inactive|KSt3ve has 270 seconds left.
|
|t:|1664737834
|switch|p1a: Slowking|Slowking, F|87/100
|move|p2a: Slowbro|Calm Mind|p2a: Slowbro
|-boost|p2a: Slowbro|spa|1
|-boost|p2a: Slowbro|spd|1
|
|upkeep
|turn|10
|j| Inder
|l| Michy47
|
|t:|1664737837
|move|p2a: Slowbro|Sludge Bomb|p1a: Slowking
|-damage|p1a: Slowking|52/100
|move|p1a: Slowking|Teleport|p1a: Slowking
|j| Micciu20250
|
|t:|1664737848
|switch|p1a: Chansey|Chansey, F|100/100|[from]move: Teleport
|-damage|p1a: Chansey|88/100|[from] Stealth Rock
|
|upkeep
|turn|11
|
|t:|1664737851
|move|p1a: Chansey|Thunder Wave|p2a: Slowbro
|-status|p2a: Slowbro|par
|move|p2a: Slowbro|Calm Mind|p2a: Slowbro
|-boost|p2a: Slowbro|spa|1
|-boost|p2a: Slowbro|spd|1
|
|upkeep
|turn|12
|j| Chose Truc
|j|@ironwater
|
|t:|1664737860
|move|p1a: Chansey|Seismic Toss|p2a: Slowbro
|-damage|p2a: Slowbro|75/100 par
|cant|p2a: Slowbro|par
|
|upkeep
|turn|13
|
|t:|1664737863
|move|p1a: Chansey|Seismic Toss|p2a: Slowbro
|-damage|p2a: Slowbro|49/100 par
|move|p2a: Slowbro|Slack Off|p2a: Slowbro
|-heal|p2a: Slowbro|99/100 par
|
|upkeep
|turn|14
|
|t:|1664737868
|move|p1a: Chansey|Stealth Rock|p2a: Slowbro
|-sidestart|p2: KSt3ve|move: Stealth Rock
|move|p2a: Slowbro|Calm Mind|p2a: Slowbro
|-boost|p2a: Slowbro|spa|1
|-boost|p2a: Slowbro|spd|1
|
|upkeep
|turn|15
|
|t:|1664737874
|move|p1a: Chansey|Seismic Toss|p2a: Slowbro
|-damage|p2a: Slowbro|74/100 par
|move|p2a: Slowbro|Sludge Bomb|p1a: Chansey
|-damage|p1a: Chansey|66/100
|
|upkeep
|turn|16
|j| Akeras
|l| Jeza.p
|inactive|Corazan has 270 seconds left.
|
|t:|1664737904
|move|p1a: Chansey|Seismic Toss|p2a: Slowbro
|-damage|p2a: Slowbro|48/100 par
|move|p2a: Slowbro|Slack Off|p2a: Slowbro
|-heal|p2a: Slowbro|98/100 par
|
|upkeep
|turn|17
|
|t:|1664737913
|move|p1a: Chansey|Seismic Toss|p2a: Slowbro
|-damage|p2a: Slowbro|73/100 par
|move|p2a: Slowbro|Sludge Bomb|p1a: Chansey
|-damage|p1a: Chansey|41/100
|
|upkeep
|turn|18
|
|t:|1664737919
|move|p1a: Chansey|Soft-Boiled|p1a: Chansey
|-heal|p1a: Chansey|91/100
|move|p2a: Slowbro|Calm Mind|p2a: Slowbro
|-boost|p2a: Slowbro|spa|1
|-boost|p2a: Slowbro|spd|1
|
|upkeep
|turn|19
|j| itsyaboiivan
|
|t:|1664737922
|move|p1a: Chansey|Seismic Toss|p2a: Slowbro
|-damage|p2a: Slowbro|47/100 par
|move|p2a: Slowbro|Slack Off|p2a: Slowbro
|-heal|p2a: Slowbro|97/100 par
|
|upkeep
|turn|20
|
|t:|1664737924
|move|p1a: Chansey|Seismic Toss|p2a: Slowbro
|-damage|p2a: Slowbro|72/100 par
|move|p2a: Slowbro|Sludge Bomb|p1a: Chansey
|-damage|p1a: Chansey|64/100
|
|upkeep
|turn|21
|
|t:|1664737933
|move|p1a: Chansey|Soft-Boiled|p1a: Chansey
|-heal|p1a: Chansey|100/100
|move|p2a: Slowbro|Slack Off|p2a: Slowbro
|-heal|p2a: Slowbro|100/100 par
|
|upkeep
|turn|22
|
|t:|1664737935
|switch|p1a: Cobalion|Cobalion|100/100
|-damage|p1a: Cobalion|97/100|[from] Stealth Rock
|move|p2a: Slowbro|Sludge Bomb|p1a: Cobalion
|-immune|p1a: Cobalion
|
|-heal|p1a: Cobalion|100/100|[from] item: Leftovers
|upkeep
|turn|23
|l| GOAT MANOLO
|
|t:|1664737940
|move|p1a: Cobalion|Iron Head|p2a: Slowbro
|-damage|p2a: Slowbro|80/100 par
|cant|p2a: Slowbro|par
|
|upkeep
|turn|24
|j| GOAT MANOLO
|j| ooowwwooo
|j| Raph369
|inactive|Corazan has 270 seconds left.
|j| Bhalal
|j| noooooon
|inactive|Corazan has 240 seconds left.
|l|+SFG
|j| AzZoCcX
|c|☆KSt3ve|le fameux gameplan de taper iron head puis réfléchir
|c|☆KSt3ve|:brain:
|inactive|Corazan has 210 seconds left.
|j| mirionaute terra
|
|t:|1664738044
|move|p1a: Cobalion|Iron Head|p2a: Slowbro
|-damage|p2a: Slowbro|57/100 par
|move|p2a: Slowbro|Flamethrower|p1a: Cobalion
|-supereffective|p1a: Cobalion
|-damage|p1a: Cobalion|0 fnt
|faint|p1a: Cobalion
|
|upkeep
|
|t:|1664738046
|switch|p1a: Mamoswine|Mamoswine, F|100/100
|-damage|p1a: Mamoswine|88/100|[from] Stealth Rock
|turn|25
|j| SiTuM.
|inactive|Corazan has 210 seconds left.
|j| Galette so6 ∯
|inactive|KSt3ve has 270 seconds left.
|c| Inder|arrete arrete congelo
|c| Inder|cnwar
|c| AzZoCcX|doucement inder
|j| toadow haine
|inactive|KSt3ve has 240 seconds left.
|j| Airio
|
|t:|1664738114
|switch|p2a: Primarina|Primarina, F|74/100
|-damage|p2a: Primarina|61/100|[from] Spikes
|-damage|p2a: Primarina|49/100|[from] Stealth Rock
|move|p1a: Mamoswine|Icicle Crash|p2a: Primarina
|-resisted|p2a: Primarina
|-damage|p2a: Primarina|13/100
|
|-heal|p2a: Primarina|19/100|[from] item: Leftovers
|upkeep
|turn|26
|inactive|KSt3ve has 240 seconds left.
|c| Inder|36 ?
|c| Inder|mais nan
|j| Phxo'
|l| noooooon
|inactive|KSt3ve has 210 seconds left.
|c| Galette so6 ∯|Ofromage
|
|t:|1664738165
|move|p1a: Mamoswine|Earthquake|p2a: Primarina
|-damage|p2a: Primarina|0 fnt
|faint|p2a: Primarina
|
|upkeep
|j| Jeza.p
|j| Menacce17
|inactive|KSt3ve has 180 seconds left.
|
|t:|1664738189
|switch|p2a: Zarude|Zarude|100/100
|turn|27
|inactive|Corazan has 210 seconds left.
|
|t:|1664738198
|switch|p1a: Skarmory|Skarmory, F|88/100
|-damage|p1a: Skarmory|76/100|[from] Stealth Rock
|move|p2a: Zarude|U-turn|p1a: Skarmory
|-resisted|p1a: Skarmory
|-damage|p1a: Skarmory|73/100
|-damage|p2a: Zarude|84/100|[from] item: Rocky Helmet|[of] p1a: Skarmory
|inactive|KSt3ve has 180 seconds left.
|l| Algeria
|l| SGKI
|inactive|KSt3ve has 150 seconds left.
|
|t:|1664738245
|switch|p2a: Salamence|Salamence, F|100/100|[from]move: U-turn
|-ability|p2a: Salamence|Intimidate|boost
|-unboost|p1a: Skarmory|atk|1
|
|upkeep
|turn|28
|l| SpooKiQ
|inactive|KSt3ve has 150 seconds left.
|
|t:|1664738257
|switch|p1a: Slowking|Slowking, F|85/100
|move|p2a: Salamence|Defog|p1a: Slowking
|-unboost|p1a: Slowking|evasion|1
|-sideend|p1: Corazan|Stealth Rock|[from] move: Defog|[of] p2a: Salamence
|-sideend|p2: KSt3ve|Spikes|[from] move: Defog|[of] p2a: Salamence
|-sideend|p2: KSt3ve|Stealth Rock|[from] move: Defog|[of] p2a: Salamence
|
|upkeep
|turn|29
|l| Bhalal
|j| Exiline
|inactive|KSt3ve has 150 seconds left.
|
|t:|1664738273
|switch|p2a: Cobalion|Cobalion|100/100
|move|p1a: Slowking|Teleport|p1a: Slowking
|l| Galette so6 ∯
|
|t:|1664738285
|switch|p1a: Skarmory|Skarmory, F|73/100|[from]move: Teleport
|
|upkeep
|turn|30
|inactive|KSt3ve has 150 seconds left.
|
|t:|1664738300
|move|p2a: Cobalion|Stealth Rock|p1a: Skarmory
|-sidestart|p1: Corazan|move: Stealth Rock
|move|p1a: Skarmory|Spikes|p2a: Cobalion
|-sidestart|p2: KSt3ve|Spikes
|
|upkeep
|turn|31
|j| SGKI
|
|t:|1664738307
|switch|p2a: Slowbro|Slowbro-Galar, F|91/100 par
|-damage|p2a: Slowbro|78/100 par|[from] Spikes
|move|p1a: Skarmory|Roost|p1a: Skarmory
|-heal|p1a: Skarmory|100/100
|-singleturn|p1a: Skarmory|move: Roost
|
|upkeep
|turn|32
|
|t:|1664738314
|switch|p1a: Slowking|Slowking, F|100/100
|cant|p2a: Slowbro|par
|
|upkeep
|turn|33
|
|t:|1664738318
|move|p2a: Slowbro|Calm Mind|p2a: Slowbro
|-boost|p2a: Slowbro|spa|1
|-boost|p2a: Slowbro|spd|1
|move|p1a: Slowking|Teleport|p1a: Slowking
|
|t:|1664738320
|switch|p1a: Mamoswine|Mamoswine, F|88/100|[from]move: Teleport
|-damage|p1a: Mamoswine|76/100|[from] Stealth Rock
|
|upkeep
|turn|34
|inactive|KSt3ve has 180 seconds left.
|inactive|Corazan has 270 seconds left.
|
|t:|1664738337
|move|p1a: Mamoswine|Earthquake|p2a: Slowbro
|-supereffective|p2a: Slowbro
|-damage|p2a: Slowbro|0 fnt
|faint|p2a: Slowbro
|
|upkeep
|j| doubledgedsword
|c|☆KSt3ve|oh mais n
|l| Airio
|c|☆KSt3ve|max roll de mort
|l| doubledgedsword
|c|☆Corazan|ça m'étonnerai
|inactive|KSt3ve has 150 seconds left.
|
|t:|1664738388
|switch|p2a: Cobalion|Cobalion|100/100
|-damage|p2a: Cobalion|88/100|[from] Spikes
|turn|35
|l| CaptainEikichi
|c| Exiline|get cochonned
|inactive|KSt3ve has 120 seconds left.
|
|t:|1664738425
|switch|p2a: Salamence|Salamence, F|100/100
|-ability|p2a: Salamence|Intimidate|boost
|-unboost|p1a: Mamoswine|atk|1
|switch|p1a: Slowking|Slowking, F|100/100
|
|upkeep
|turn|36
|
|t:|1664738434
|move|p2a: Salamence|Hurricane|p1a: Slowking
|-damage|p1a: Slowking|69/100
|-start|p1a: Slowking|confusion
|-activate|p1a: Slowking|confusion
|move|p1a: Slowking|Teleport|p1a: Slowking
|j| CaptainEikichi
|
|t:|1664738443
|switch|p1a: Chansey|Chansey, F|100/100|[from]move: Teleport
|-damage|p1a: Chansey|88/100|[from] Stealth Rock
|
|upkeep
|turn|37
|inactive|KSt3ve has 120 seconds left.
|
|t:|1664738450
|switch|p2a: Zygarde|Zygarde-10%|100/100
|-damage|p2a: Zygarde|88/100|[from] Spikes
|-ability|p2a: Zygarde|Aura Break
|move|p1a: Chansey|Stealth Rock|p2a: Zygarde
|-sidestart|p2: KSt3ve|move: Stealth Rock
|
|upkeep
|turn|38
|j| Masskeauuu
|inactive|KSt3ve has 120 seconds left.
|j| Cherbou
|
|t:|1664738478
|switch|p1a: Slowking|Slowking, F|100/100
|move|p2a: Zygarde|Outrage|p1a: Slowking
|-damage|p1a: Slowking|40/100
|
|upkeep
|turn|39
|j|+kino
|
|t:|1664738481
|switch|p1a: Skarmory|Skarmory, F|100/100
|-damage|p1a: Skarmory|88/100|[from] Stealth Rock
|move|p2a: Zygarde|Outrage|p1a: Skarmory|[from]lockedmove
|-resisted|p1a: Skarmory
|-damage|p1a: Skarmory|67/100
|-damage|p2a: Zygarde|72/100|[from] item: Rocky Helmet|[of] p1a: Skarmory
|-start|p2a: Zygarde|confusion|[fatigue]
|
|upkeep
|turn|40
|
|t:|1664738493
|switch|p2a: Salamence|Salamence, F|100/100
|-ability|p2a: Salamence|Intimidate|boost
|-unboost|p1a: Skarmory|atk|1
|move|p1a: Skarmory|Toxic|p2a: Salamence
|-status|p2a: Salamence|tox
|
|-damage|p2a: Salamence|94/100 tox|[from] psn
|upkeep
|turn|41
|
|t:|1664738502
|switch|p2a: Cobalion|Cobalion|88/100
|-damage|p2a: Cobalion|76/100|[from] Spikes
|-damage|p2a: Cobalion|73/100|[from] Stealth Rock
|switch|p1a: Slowking|Slowking, F|74/100
|
|upkeep
|turn|42
|j|+SFG
|
|t:|1664738504
|move|p2a: Cobalion|Stealth Rock||[still]
|-fail|p2a: Cobalion
|move|p1a: Slowking|Teleport|p1a: Slowking
|c|☆KSt3ve|ptn
|c|☆KSt3ve|de
|c|☆KSt3ve|missclick
|
|t:|1664738527
|switch|p1a: Thundurus|Thundurus-Therian, M|100/100|[from]move: Teleport
|
|upkeep
|turn|43
|c|+kino|mm sans ça tu te fais fumer tqt
|l| SGKI
|inactive|KSt3ve has 150 seconds left.
|c| Inder|albatard
|c|☆KSt3ve|tu es qui ?
|l| jus de pute
|inactive|KSt3ve has 120 seconds left.
|
|t:|1664738564
|switch|p2a: Zarude|Zarude|84/100
|move|p1a: Thundurus|Volt Switch|p2a: Zarude
|-resisted|p2a: Zarude
|-damage|p2a: Zarude|63/100
|c| Hyss|modchat
|j| jus de pute
|j| SGKI
|
|t:|1664738567
|switch|p1a: Skarmory|Skarmory, F|67/100|[from]move: Volt Switch
|-damage|p1a: Skarmory|54/100|[from] Stealth Rock
|
|upkeep
|turn|44
|
|t:|1664738571
|switch|p2a: Salamence|Salamence, F|94/100 tox
|-ability|p2a: Salamence|Intimidate|boost
|-unboost|p1a: Skarmory|atk|1
|move|p1a: Skarmory|Roost|p1a: Skarmory
|-heal|p1a: Skarmory|100/100
|-singleturn|p1a: Skarmory|move: Roost
|
|-damage|p2a: Salamence|88/100 tox|[from] psn
|upkeep
|turn|45
|c| Inder|dis lui congelo
|j| zftfctzdfof
|c| Skyrio|Kino [4-0 UU Major]
|c| Cherbou|Incroyable Kino
|c|+kino|c vrai j'ai fait ça
|c|+kino|c qui mdragon c qui xiri
|inactive|KSt3ve has 120 seconds left.
|c| Skyrio|Des randoms
|
|t:|1664738605
|switch|p2a: Zarude|Zarude|63/100
|switch|p1a: Slowking|Slowking, F|100/100
|
|upkeep
|turn|46
|inactive|KSt3ve has 120 seconds left.
|c| Moutemoute|modchat pls
|c|☆KSt3ve|bah osef
|c|☆KSt3ve|j'ai déjà lose
|j| Boulicrok
|l| Akeras
|
|t:|1664738626
|switch|p2a: Salamence|Salamence, F|88/100 tox
|-ability|p2a: Salamence|Intimidate|boost
|-unboost|p1a: Slowking|atk|1
|switch|p1a: Skarmory|Skarmory, F|100/100
|-damage|p1a: Skarmory|88/100|[from] Stealth Rock
|
|-damage|p2a: Salamence|82/100 tox|[from] psn
|upkeep
|turn|47
|inactive|KSt3ve has 120 seconds left.
|l| CaptainEikichi
|l|+SFG
|l| Jeza.p
|c| jus de pute|cclm
|l|☆KSt3ve
|inactive|KSt3ve disconnected and has 300 seconds to reconnect!
|player|p2|
|j|☆KSt3ve
|inactive|KSt3ve reconnected and has 100 seconds left.
|player|p2|KSt3ve|#scl2dynamos
|c|☆KSt3ve|oops
|inactive|KSt3ve has 90 seconds left.
|
|t:|1664738666
|switch|p2a: Zarude|Zarude|63/100
|switch|p1a: Slowking|Slowking, F|100/100
|
|upkeep
|turn|48
|j| basaninho
|inactive|KSt3ve has 90 seconds left.
|c| Boulicrok|fuck Kino (c qui mdr)
|
|t:|1664738678
|switch|p2a: Salamence|Salamence, F|82/100 tox
|-ability|p2a: Salamence|Intimidate|boost
|-unboost|p1a: Slowking|atk|1
|switch|p1a: Skarmory|Skarmory, F|88/100
|-damage|p1a: Skarmory|76/100|[from] Stealth Rock
|
|-damage|p2a: Salamence|76/100 tox|[from] psn
|upkeep
|turn|49
|c| basaninho|laevin
|
|t:|1664738687
|switch|p2a: Zarude|Zarude|63/100
|switch|p1a: Thundurus|Thundurus-Therian, M|100/100
|
|upkeep
|turn|50
|c|+Tuthur|ah bon ?
|j| Jeza.p
|
|t:|1664738693
|move|p2a: Zarude|U-turn|p1a: Thundurus
|-resisted|p1a: Thundurus
|-damage|p1a: Thundurus|81/100
|c|+kino|basa arrête de répondre 1er degré
|c| DL Ecca|laevin??
|c|+kino|c grave
|c| Cherbou|Basa trop mignon le 1er deg
|c| DL Ecca|je pensais qu'il avait disparu
|inactive|KSt3ve has 90 seconds left.
|c| Moutemoute|de pire en pire les rename
|c| basaninho|mdddr je me doute que vous êtes sur bbl
|c| basaninho|mais c'est pour les autres
|c| Boulicrok|bv
|c| basaninho|fin non pas bbl mias le truc mk
|c| Micciu20250|Mignon basa
|c| Skyrio|Il a dit bbl
|c| basaninho|t'as capté...
|c| Skyrio|Deadserv
|c| Cherbou|Mdrrr bbl
|c|@ironwater|c'est quoi bbl ?
|c| Cherbou|Je suis flatté...
|raw|<div class="broadcast-red"><strong>Moderated chat was set to +!</strong><br />Only users of rank + and higher can talk.</div>
|inactive|KSt3ve has 60 seconds left.
|c|+kino|merci Cherbou
|
|t:|1664738751
|switch|p2a: Cobalion|Cobalion|73/100|[from]move: U-turn
|-damage|p2a: Cobalion|60/100|[from] Spikes
|-damage|p2a: Cobalion|57/100|[from] Stealth Rock
|move|p1a: Thundurus|Incinerate|p2a: Cobalion
|-supereffective|p2a: Cobalion
|-damage|p2a: Cobalion|0 fnt
|faint|p2a: Cobalion
|
|upkeep
|raw|<div class="broadcast-red"><strong>Moderated chat was set to ☆!</strong><br />Only users of rank ☆ and higher can talk.</div>
|
|t:|1664738760
|switch|p2a: Zygarde|Zygarde-10%|72/100
|-damage|p2a: Zygarde|59/100|[from] Spikes
|-damage|p2a: Zygarde|53/100|[from] Stealth Rock
|-ability|p2a: Zygarde|Aura Break
|turn|51
|
|t:|1664738763
|switch|p1a: Slowking|Slowking, F|100/100
|move|p2a: Zygarde|Thousand Arrows|p1a: Slowking
|-damage|p1a: Slowking|58/100
|
|upkeep
|turn|52
|
|t:|1664738766
|move|p2a: Zygarde|Thousand Arrows|p1a: Slowking
|-damage|p1a: Slowking|15/100
|move|p1a: Slowking|Teleport|p1a: Slowking
|
|t:|1664738768
|switch|p1a: Mamoswine|Mamoswine, F|76/100|[from]move: Teleport
|-damage|p1a: Mamoswine|63/100|[from] Stealth Rock
|
|upkeep
|turn|53
|c|☆KSt3ve|gg
|c|☆Corazan|gg
|-message|KSt3ve forfeited.
|
|win|Corazan
|l|☆KSt3ve
