|j|☆Xoyjaz
|j|☆MontPlatine
|t:|1619691882
|gametype|singles
|player|p1|Xoyjaz|lucas|1480
|player|p2|MontPlatine|hiker-gen4|1420
|teamsize|p1|6
|teamsize|p2|6
|gen|8
|tier|[Gen 8] UU
|rated|
|clearpoke
|poke|p1|Mamoswine, M|
|poke|p1|Cobalion|
|poke|p1|Crawdaunt, F|
|poke|p1|Salamence, M|
|poke|p1|Rotom-Wash|
|poke|p1|Scizor, F|
|poke|p2|Scizor, F|
|poke|p2|Tentacruel, M|
|poke|p2|Krookodile, M|
|poke|p2|Nihilego|
|poke|p2|Celesteela|
|poke|p2|Kommo-o, M|
|rule|Sleep Clause Mod: Limit one foe put to sleep
|rule|Species Clause: Limit one of each Pokémon
|rule|OHKO Clause: OHKO moves are banned
|rule|Evasion Moves Clause: Evasion moves are banned
|rule|Endless Battle Clause: Forcing endless battles is banned
|rule|HP Percentage Mod: HP is shown in percentages
|rule|Dynamax Clause: You cannot dynamax
|teampreview
|inactive|Battle timer is ON: inactive players will automatically lose when time's up. (requested by Xoyjaz)
|inactive|MontPlatine also wants the timer to be on.
|inactive|Xoyjaz has 120 seconds left.
|inactive|Xoyjaz has 90 seconds left.
|j| AnalSquirtingBabe
|
|t:|1619692000
|start
|switch|p1a: Rotom|Rotom-Wash|100/100
|switch|p2a: Kommo-o|Kommo-o, M|100/100
|turn|1
|
|t:|1619692008
|move|p1a: Rotom|Will-O-Wisp|p2a: Kommo-o
|-status|p2a: Kommo-o|brn
|move|p2a: Kommo-o|Toxic|p1a: Rotom|[miss]
|-miss|p2a: Kommo-o|p1a: Rotom
|
|-damage|p2a: Kommo-o|94/100 brn|[from] brn
|upkeep
|turn|2
|inactive|Xoyjaz has 120 seconds left.
|
|t:|1619692045
|move|p1a: Rotom|Volt Switch|p2a: Kommo-o
|-resisted|p2a: Kommo-o
|-damage|p2a: Kommo-o|78/100 brn
|
|t:|1619692047
|switch|p1a: SiVer Donkey|Cobalion|100/100|[from]move: Volt Switch
|move|p2a: Kommo-o|Stealth Rock|p1a: SiVer Donkey
|-sidestart|p1: Xoyjaz|move: Stealth Rock
|
|-heal|p2a: Kommo-o|84/100 brn|[from] item: Leftovers
|-damage|p2a: Kommo-o|78/100 brn|[from] brn
|upkeep
|turn|3
|
|t:|1619692057
|move|p1a: SiVer Donkey|Stealth Rock|p2a: Kommo-o
|-sidestart|p2: MontPlatine|move: Stealth Rock
|move|p2a: Kommo-o|Flamethrower|p1a: SiVer Donkey
|-supereffective|p1a: SiVer Donkey
|-damage|p1a: SiVer Donkey|48/100
|
|-heal|p2a: Kommo-o|84/100 brn|[from] item: Leftovers
|-damage|p2a: Kommo-o|78/100 brn|[from] brn
|upkeep
|turn|4
|inactive|Xoyjaz has 120 seconds left.
|
|t:|1619692094
|switch|p1a: Rotom|Rotom-Wash|100/100
|-damage|p1a: Rotom|88/100|[from] Stealth Rock
|switch|p2a: Tentacruel|Tentacruel, M|100/100
|-damage|p2a: Tentacruel|88/100|[from] Stealth Rock
|
|-heal|p2a: Tentacruel|94/100|[from] item: Black Sludge
|-heal|p1a: Rotom|94/100|[from] item: Leftovers
|upkeep
|turn|5
|
|t:|1619692107
|move|p2a: Tentacruel|Rapid Spin|p1a: Rotom
|-damage|p1a: Rotom|86/100
|-boost|p2a: Tentacruel|spe|1
|-sideend|p2: MontPlatine|Stealth Rock|[from] move: Rapid Spin|[of] p2a: Tentacruel
|move|p1a: Rotom|Defog|p2a: Tentacruel
|-unboost|p2a: Tentacruel|evasion|1
|-sideend|p1: Xoyjaz|Stealth Rock|[from] move: Defog|[of] p1a: Rotom
|
|-heal|p2a: Tentacruel|99/100|[from] item: Black Sludge
|-heal|p1a: Rotom|92/100|[from] item: Leftovers
|upkeep
|turn|6
|
|t:|1619692118
|move|p2a: Tentacruel|Sludge Bomb|p1a: Rotom
|-damage|p1a: Rotom|58/100
|move|p1a: Rotom|Volt Switch|p2a: Tentacruel
|-supereffective|p2a: Tentacruel
|-damage|p2a: Tentacruel|58/100
|inactive|Xoyjaz has 120 seconds left.
|
|t:|1619692134
|switch|p1a: Bombaclat|Crawdaunt, F, shiny|100/100|[from]move: Volt Switch
|
|-heal|p2a: Tentacruel|65/100|[from] item: Black Sludge
|upkeep
|turn|7
|
|t:|1619692142
|move|p2a: Tentacruel|Scald|p1a: Bombaclat
|-resisted|p1a: Bombaclat
|-damage|p1a: Bombaclat|76/100
|move|p1a: Bombaclat|Knock Off|p2a: Tentacruel
|-damage|p2a: Tentacruel|0 fnt
|-enditem|p2a: Tentacruel|Black Sludge|[from] move: Knock Off|[of] p1a: Bombaclat
|faint|p2a: Tentacruel
|
|upkeep
|
|t:|1619692158
|switch|p2a: Scizor|Scizor, F|100/100
|turn|8
|
|t:|1619692173
|move|p2a: Scizor|U-turn|p1a: Bombaclat
|-supereffective|p1a: Bombaclat
|-damage|p1a: Bombaclat|0 fnt
|faint|p1a: Bombaclat
|
|t:|1619692187
|switch|p2a: Krookodile|Krookodile, M|100/100|[from]move: U-turn
|
|upkeep
|
|t:|1619692191
|switch|p1a: SiVer Donkey|Cobalion|48/100
|turn|9
|
|t:|1619692198
|move|p2a: Krookodile|Earthquake|p1a: SiVer Donkey
|-supereffective|p1a: SiVer Donkey
|-enditem|p1a: SiVer Donkey|Shuca Berry|[eat]
|-enditem|p1a: SiVer Donkey|Shuca Berry|[weaken]
|-damage|p1a: SiVer Donkey|7/100
|move|p1a: SiVer Donkey|Stealth Rock|p2a: Krookodile
|-sidestart|p2: MontPlatine|move: Stealth Rock
|
|upkeep
|turn|10
|inactive|Xoyjaz has 120 seconds left.
|
|t:|1619692243
|switch|p2a: Celesteela|Celesteela|100/100
|-damage|p2a: Celesteela|88/100|[from] Stealth Rock
|switch|p1a: Rotom|Rotom-Wash|58/100
|
|-heal|p1a: Rotom|64/100|[from] item: Leftovers
|upkeep
|turn|11
|
|t:|1619692257
|switch|p2a: Krookodile|Krookodile, M|100/100
|-damage|p2a: Krookodile|94/100|[from] Stealth Rock
|-ability|p2a: Krookodile|Intimidate|boost
|-unboost|p1a: Rotom|atk|1
|move|p1a: Rotom|Volt Switch|p2a: Krookodile
|-immune|p2a: Krookodile
|
|-heal|p1a: Rotom|71/100|[from] item: Leftovers
|upkeep
|turn|12
|inactive|Xoyjaz has 120 seconds left.
|
|t:|1619692268
|move|p2a: Krookodile|Knock Off|p1a: Rotom
|-damage|p1a: Rotom|2/100
|-enditem|p1a: Rotom|Leftovers|[from] move: Knock Off|[of] p2a: Krookodile
|move|p1a: Rotom|Will-O-Wisp|p2a: Krookodile
|-status|p2a: Krookodile|brn
|
|-damage|p2a: Krookodile|88/100 brn|[from] brn
|upkeep
|turn|13
|inactive|Xoyjaz has 120 seconds left.
|
|t:|1619692280
|move|p2a: Krookodile|Knock Off|p1a: Rotom
|-damage|p1a: Rotom|0 fnt
|faint|p1a: Rotom
|
|-damage|p2a: Krookodile|82/100 brn|[from] brn
|upkeep
|
|t:|1619692283
|switch|p1a: Scizor|Scizor, F|100/100
|turn|14
|
|t:|1619692289
|move|p2a: Krookodile|Knock Off|p1a: Scizor
|-damage|p1a: Scizor|84/100
|-enditem|p1a: Scizor|Leftovers|[from] move: Knock Off|[of] p2a: Krookodile
|move|p1a: Scizor|Swords Dance|p1a: Scizor
|-boost|p1a: Scizor|atk|2
|
|-damage|p2a: Krookodile|76/100 brn|[from] brn
|upkeep
|turn|15
|
|t:|1619692312
|switch|p2a: Scizor|Scizor, F|100/100
|-damage|p2a: Scizor|88/100|[from] Stealth Rock
|move|p1a: Scizor|Knock Off|p2a: Scizor
|-crit|p2a: Scizor
|-damage|p2a: Scizor|0 fnt
|-enditem|p2a: Scizor|Choice Band|[from] move: Knock Off|[of] p1a: Scizor
|faint|p2a: Scizor
|
|upkeep
|
|t:|1619692323
|switch|p2a: Kommo-o|Kommo-o, M|78/100 brn
|-damage|p2a: Kommo-o|72/100 brn|[from] Stealth Rock
|turn|16
|inactive|Xoyjaz has 120 seconds left.
|
|t:|1619692374
|switch|p1a: SiVer Donkey|Cobalion|7/100
|move|p2a: Kommo-o|Flamethrower|p1a: SiVer Donkey
|-supereffective|p1a: SiVer Donkey
|-damage|p1a: SiVer Donkey|0 fnt
|faint|p1a: SiVer Donkey
|
|-heal|p2a: Kommo-o|78/100 brn|[from] item: Leftovers
|-damage|p2a: Kommo-o|72/100 brn|[from] brn
|upkeep
|
|t:|1619692385
|switch|p1a: FAT MAN|Mamoswine, M|100/100
|turn|17
|
|t:|1619692403
|switch|p2a: Krookodile|Krookodile, M|76/100 brn
|-damage|p2a: Krookodile|70/100 brn|[from] Stealth Rock
|-ability|p2a: Krookodile|Intimidate|boost
|-fail|p1a: FAT MAN|unboost|Attack|[from] ability: Oblivious|[of] p1a: FAT MAN
|move|p1a: FAT MAN|Ice Shard|p2a: Krookodile
|-supereffective|p2a: Krookodile
|-damage|p2a: Krookodile|0 fnt
|-damage|p1a: FAT MAN|91/100|[from] item: Life Orb
|faint|p2a: Krookodile
|
|upkeep
|inactive|MontPlatine has 120 seconds left.
|
|t:|1619692419
|switch|p2a: Nihilego|Nihilego|100/100
|-damage|p2a: Nihilego|88/100|[from] Stealth Rock
|turn|18
|
|t:|1619692431
|switch|p1a: Scizor|Scizor, F|84/100
|move|p2a: Nihilego|Meteor Beam||[still]
|-prepare|p2a: Nihilego|Meteor Beam
|-boost|p2a: Nihilego|spa|1
|-enditem|p2a: Nihilego|Power Herb
|-anim|p2a: Nihilego|Meteor Beam|p1a: Scizor
|-damage|p1a: Scizor|0 fnt
|faint|p1a: Scizor
|-ability|p2a: Nihilego|Beast Boost|boost
|-boost|p2a: Nihilego|spa|1
|
|upkeep
|
|t:|1619692437
|switch|p1a: Return my calls|Salamence, M|100/100
|-ability|p1a: Return my calls|Intimidate|boost
|-unboost|p2a: Nihilego|atk|1
|turn|19
|
|t:|1619692447
|move|p2a: Nihilego|Sludge Wave|p1a: Return my calls
|-damage|p1a: Return my calls|0 fnt
|faint|p1a: Return my calls
|-ability|p2a: Nihilego|Beast Boost|boost
|-boost|p2a: Nihilego|spa|1
|
|upkeep
|inactive|Xoyjaz has 120 seconds left.
|-message|Xoyjaz forfeited.
|
|win|MontPlatine
|raw|Xoyjaz's rating: 1480 &rarr; <strong>1457</strong><br />(-23 for losing)
|raw|MontPlatine's rating: 1420 &rarr; <strong>1443</strong><br />(+23 for winning)
|l|☆Xoyjaz
|l| AnalSquirtingBabe
