|j|☆Corporate Donkey
|j|☆Bevs -
|t:|1660185212
|gametype|singles
|player|p1|Corporate Donkey|ingo|1458
|player|p2|Bevs -|2|1308
|teamsize|p1|6
|teamsize|p2|6
|gen|8
|tier|[Gen 8] UU
|rated|
|rule|Sleep Clause Mod: Limit one foe put to sleep
|rule|Species Clause: Limit one of each Pokémon
|rule|OHKO Clause: OHKO moves are banned
|rule|Evasion Items Clause: Evasion items are banned
|rule|Evasion Moves Clause: Evasion moves are banned
|rule|Endless Battle Clause: Forcing endless battles is banned
|rule|HP Percentage Mod: HP is shown in percentages
|rule|Dynamax Clause: You cannot dynamax
|clearpoke
|poke|p1|Rhyperior, M|
|poke|p1|Hydreigon, M|
|poke|p1|Cobalion|
|poke|p1|Necrozma|
|poke|p1|Primarina, F|
|poke|p1|Tangrowth, M|
|poke|p2|Araquanid, M|
|poke|p2|Excadrill, F|
|poke|p2|Thundurus-Therian, M|
|poke|p2|Scizor, M|
|poke|p2|Azumarill, M|
|poke|p2|Necrozma|
|teampreview
|c|☆Corporate Donkey|I see you're also using necrozma
|c|☆Corporate Donkey|gl hf
|
|t:|1660185236
|start
|switch|p1a: Ricardo|Hydreigon, M|100/100
|switch|p2a: Araquanid|Araquanid, M|100/100
|turn|1
|
|t:|1660185252
|move|p1a: Ricardo|U-turn|p2a: Araquanid
|-damage|p2a: Araquanid|83/100
|inactive|Battle timer is ON: inactive players will automatically lose when time's up. (requested by Bevs -)
|
|t:|1660185298
|switch|p1a: Sirena|Primarina, F|100/100|[from]move: U-turn
|move|p2a: Araquanid|Toxic|p1a: Sirena
|-status|p1a: Sirena|tox
|
|-heal|p2a: Araquanid|89/100|[from] item: Leftovers
|-damage|p1a: Sirena|94/100 tox|[from] psn
|upkeep
|turn|2
|inactive|Bevs - has 120 seconds left.
|
|t:|1660185331
|move|p1a: Sirena|Moonblast|p2a: Araquanid
|-damage|p2a: Araquanid|65/100
|move|p2a: Araquanid|Sticky Web|p1a: Sirena
|-sidestart|p1: Corporate Donkey|move: Sticky Web
|
|-heal|p1a: Sirena|100/100 tox|[from] item: Leftovers
|-heal|p2a: Araquanid|71/100|[from] item: Leftovers
|-damage|p1a: Sirena|88/100 tox|[from] psn
|upkeep
|turn|3
|
|t:|1660185337
|move|p1a: Sirena|Moonblast|p2a: Araquanid
|-damage|p2a: Araquanid|45/100
|move|p2a: Araquanid|Liquidation|p1a: Sirena
|-resisted|p1a: Sirena
|-damage|p1a: Sirena|67/100 tox
|
|-heal|p1a: Sirena|73/100 tox|[from] item: Leftovers
|-heal|p2a: Araquanid|52/100|[from] item: Leftovers
|-damage|p1a: Sirena|55/100 tox|[from] psn
|upkeep
|turn|4
|
|t:|1660185348
|move|p2a: Araquanid|Protect|p2a: Araquanid
|-singleturn|p2a: Araquanid|Protect
|move|p1a: Sirena|Rest|p1a: Sirena
|-status|p1a: Sirena|slp|[from] move: Rest
|-heal|p1a: Sirena|100/100 slp|[silent]
|
|-heal|p2a: Araquanid|58/100|[from] item: Leftovers
|upkeep
|turn|5
|
|t:|1660185357
|switch|p2a: Scizor|Scizor, M|100/100
|cant|p1a: Sirena|slp
|move|p1a: Sirena|Sleep Talk|p1a: Sirena
|move|p1a: Sirena|Scald|p2a: Scizor|[from]move: Sleep Talk
|-damage|p2a: Scizor|51/100
|
|upkeep
|turn|6
|
|t:|1660185364
|move|p2a: Scizor|Swords Dance|p2a: Scizor
|-boost|p2a: Scizor|atk|2
|cant|p1a: Sirena|slp
|move|p1a: Sirena|Sleep Talk|p1a: Sirena
|move|p1a: Sirena|Rest||[from]move: Sleep Talk|[still]
|-fail|p1a: Sirena
|
|upkeep
|turn|7
|
|t:|1660185373
|move|p2a: Scizor|Bullet Punch|p1a: Sirena
|-damage|p1a: Sirena|8/100 slp
|-damage|p2a: Scizor|41/100|[from] item: Life Orb
|-curestatus|p1a: Sirena|slp|[msg]
|move|p1a: Sirena|Scald|p2a: Scizor
|-damage|p2a: Scizor|0 fnt
|faint|p2a: Scizor
|
|-heal|p1a: Sirena|15/100|[from] item: Leftovers
|upkeep
|
|t:|1660185381
|switch|p2a: Thundurus|Thundurus-Therian, M|100/100
|turn|8
|
|t:|1660185387
|move|p2a: Thundurus|Psychic|p1a: Sirena
|-damage|p1a: Sirena|0 fnt
|faint|p1a: Sirena
|
|upkeep
|
|t:|1660185396
|switch|p1a: Brewster|Rhyperior, M|100/100
|-activate|p1a: Brewster|move: Sticky Web
|-unboost|p1a: Brewster|spe|1
|turn|9
|
|t:|1660185405
|move|p2a: Thundurus|Focus Blast|p1a: Brewster|[miss]
|-miss|p2a: Thundurus|p1a: Brewster
|move|p1a: Brewster|Stone Edge|p2a: Thundurus
|-supereffective|p2a: Thundurus
|-damage|p2a: Thundurus|0 fnt
|faint|p2a: Thundurus
|
|upkeep
|
|t:|1660185414
|switch|p2a: Araquanid|Araquanid, M|58/100
|turn|10
|
|t:|1660185418
|switch|p1a: Horacio|Cobalion|100/100
|-activate|p1a: Horacio|move: Sticky Web
|-unboost|p1a: Horacio|spe|1
|move|p2a: Araquanid|Liquidation|p1a: Horacio
|-damage|p1a: Horacio|64/100
|-damage|p2a: Araquanid|41/100|[from] item: Rocky Helmet|[of] p1a: Horacio
|
|-heal|p2a: Araquanid|48/100|[from] item: Leftovers
|upkeep
|turn|11
|
|t:|1660185424
|move|p1a: Horacio|Stone Edge|p2a: Araquanid
|-supereffective|p2a: Araquanid
|-damage|p2a: Araquanid|0 fnt
|faint|p2a: Araquanid
|
|upkeep
|
|t:|1660185427
|switch|p2a: Azumarill|Azumarill, M|100/100
|turn|12
|
|t:|1660185434
|move|p1a: Horacio|Swords Dance|p1a: Horacio
|-boost|p1a: Horacio|atk|2
|move|p2a: Azumarill|Belly Drum|p2a: Azumarill
|-damage|p2a: Azumarill|50/100
|-setboost|p2a: Azumarill|atk|6|[from] move: Belly Drum
|-enditem|p2a: Azumarill|Sitrus Berry|[eat]
|-heal|p2a: Azumarill|75/100|[from] item: Sitrus Berry
|
|upkeep
|turn|13
|j| pokemonisfun
|c| pokemonisfun|:eyes:
|inactive|Corporate Donkey has 120 seconds left.
|
|t:|1660185465
|move|p2a: Azumarill|Aqua Jet|p1a: Horacio
|-damage|p1a: Horacio|0 fnt
|-damage|p2a: Azumarill|59/100|[from] item: Rocky Helmet|[of] p1a: Horacio
|faint|p1a: Horacio
|
|upkeep
|inactive|Corporate Donkey has 120 seconds left.
|c|☆Bevs -|:feelswrd"
|
|t:|1660185476
|switch|p1a: Boyardee|Tangrowth, M|100/100
|-activate|p1a: Boyardee|move: Sticky Web
|-unboost|p1a: Boyardee|spe|1
|turn|14
|
|t:|1660185483
|move|p2a: Azumarill|Play Rough|p1a: Boyardee
|-crit|p1a: Boyardee
|-damage|p1a: Boyardee|0 fnt
|faint|p1a: Boyardee
|
|upkeep
|
|t:|1660185490
|switch|p1a: Pyrike|Necrozma|100/100
|-activate|p1a: Pyrike|move: Sticky Web
|-unboost|p1a: Pyrike|spe|1
|turn|15
|
|t:|1660185496
|move|p2a: Azumarill|Knock Off|p1a: Pyrike
|-supereffective|p1a: Pyrike
|-damage|p1a: Pyrike|0 fnt
|-enditem|p1a: Pyrike|Lum Berry|[from] move: Knock Off|[of] p2a: Azumarill
|faint|p1a: Pyrike
|
|upkeep
|c|☆Corporate Donkey|gg
|-message|Corporate Donkey forfeited.
|
|win|Bevs -
|raw|Corporate Donkey's rating: 1458 &rarr; <strong>1430</strong><br />(-28 for losing)
|raw|Bevs -'s rating: 1308 &rarr; <strong>1336</strong><br />(+28 for winning)
|c|☆Bevs -|gg
|j|+Goro Yagami
|l|☆Corporate Donkey
|l|+Goro Yagami
||Ladder isn't responding, score probably updated but might not have (Request timeout).
