|inactive|Battle timer is ON: inactive players will automatically lose when time's up.
|j|☆Sirwings
|j|☆Queen of Bean ✿
|t:|1665697856
|gametype|singles
|player|p1|Sirwings|#npl2022ballermannbierbaren|
|player|p2|Queen of Bean ✿|hexmaniac-gen6|
|teamsize|p1|6
|teamsize|p2|6
|gen|8
|tier|[Gen 8] UU
|rated|Tournament battle
|rule|Sleep Clause Mod: Limit one foe put to sleep
|rule|Species Clause: Limit one of each Pokémon
|rule|OHKO Clause: OHKO moves are banned
|rule|Evasion Items Clause: Evasion items are banned
|rule|Evasion Moves Clause: Evasion moves are banned
|rule|Endless Battle Clause: Forcing endless battles is banned
|rule|HP Percentage Mod: HP is shown in percentages
|rule|Dynamax Clause: You cannot dynamax
|rule|Blitz: Super-fast timer
|clearpoke
|poke|p1|Crobat, F|
|poke|p1|Slowking, F|
|poke|p1|Thundurus-Therian, M|
|poke|p1|Cobalion|
|poke|p1|Tangrowth, M|
|poke|p1|Diggersby, F|
|poke|p2|Reuniclus, M|
|poke|p2|Zarude-Dada|
|poke|p2|Skarmory, M|
|poke|p2|Primarina, M|
|poke|p2|Salamence, F|
|poke|p2|Hippowdon, M|
|teampreview
|c|☆Queen of Bean ✿|glhf :)
|c|☆Sirwings|hf
|inactive|Sirwings has 30 seconds left.
|
|t:|1665697872
|start
|switch|p1a: Crobat|Crobat, F|100/100
|switch|p2a: Zarude|Zarude-Dada|100/100
|turn|1
|
|t:|1665697876
|move|p2a: Zarude|U-turn|p1a: Crobat
|-resisted|p1a: Crobat
|-damage|p1a: Crobat|94/100
|
|t:|1665697878
|switch|p2a: Skarmory|Skarmory, M|100/100|[from]move: U-turn
|move|p1a: Crobat|Taunt|p2a: Skarmory
|-start|p2a: Skarmory|move: Taunt
|
|upkeep
|turn|2
|inactive|Sirwings has 10 seconds left.
|inactive|Queen of Bean ✿ has 10 seconds left.
|
|t:|1665697884
|move|p1a: Crobat|U-turn|p2a: Skarmory
|-resisted|p2a: Skarmory
|-damage|p2a: Skarmory|98/100
|-damage|p1a: Crobat|77/100|[from] item: Rocky Helmet|[of] p2a: Skarmory
|inactive|Sirwings has 10 seconds left.
|
|t:|1665697889
|switch|p1a: Slowking|Slowking, F|100/100|[from]move: U-turn
|move|p2a: Skarmory|Body Press|p1a: Slowking
|-resisted|p1a: Slowking
|-crit|p1a: Slowking
|-damage|p1a: Slowking|83/100
|
|upkeep
|turn|3
|
|t:|1665697893
|switch|p2a: Reuniclus|Reuniclus, M|100/100
|move|p1a: Slowking|Teleport|p1a: Slowking
|inactive|Sirwings has 10 seconds left.
|inactive|Sirwings has 5 seconds left.
|
|t:|1665697905
|switch|p1a: Diggersby|Diggersby, F|100/100|[from]move: Teleport
|
|upkeep
|turn|4
|inactive|Sirwings has 10 seconds left this turn.
|inactive|Queen of Bean ✿ has 10 seconds left.
|
|t:|1665697911
|switch|p2a: Skarmory|Skarmory, M|98/100
|move|p1a: Diggersby|U-turn|p2a: Skarmory
|-resisted|p2a: Skarmory
|-damage|p2a: Skarmory|93/100
|-damage|p1a: Diggersby|84/100|[from] item: Rocky Helmet|[of] p2a: Skarmory
|inactive|Sirwings has 10 seconds left.
|
|t:|1665697919
|switch|p1a: Thundurus|Thundurus-Therian, M|100/100|[from]move: U-turn
|
|upkeep
|turn|5
|inactive|Queen of Bean ✿ has 10 seconds left.
|
|t:|1665697925
|switch|p2a: Hippowdon|Hippowdon, M|100/100
|-weather|Sandstorm|[from] ability: Sand Stream|[of] p2a: Hippowdon
|move|p1a: Thundurus|Focus Blast|p2a: Hippowdon|[miss]
|-miss|p1a: Thundurus|p2a: Hippowdon
|
|-weather|Sandstorm|[upkeep]
|-damage|p1a: Thundurus|94/100|[from] Sandstorm
|upkeep
|turn|6
|inactive|Queen of Bean ✿ has 10 seconds left.
|
|t:|1665697931
|switch|p1a: Tangrowth|Tangrowth, M|100/100
|switch|p2a: Reuniclus|Reuniclus, M|100/100
|
|-weather|Sandstorm|[upkeep]
|-damage|p1a: Tangrowth|94/100|[from] Sandstorm
|upkeep
|turn|7
|
|t:|1665697936
|switch|p2a: Skarmory|Skarmory, M|93/100
|move|p1a: Tangrowth|Knock Off|p2a: Skarmory
|-crit|p2a: Skarmory
|-damage|p2a: Skarmory|75/100
|-damage|p1a: Tangrowth|78/100|[from] item: Rocky Helmet|[of] p2a: Skarmory
|-enditem|p2a: Skarmory|Rocky Helmet|[from] move: Knock Off|[of] p1a: Tangrowth
|
|-weather|Sandstorm|[upkeep]
|-damage|p1a: Tangrowth|72/100|[from] Sandstorm
|upkeep
|turn|8
|inactive|Sirwings has 10 seconds left.
|
|t:|1665697942
|move|p2a: Skarmory|Spikes|p1a: Tangrowth
|-sidestart|p1: Sirwings|Spikes
|move|p1a: Tangrowth|Focus Blast|p2a: Skarmory
|-damage|p2a: Skarmory|32/100
|
|-weather|Sandstorm|[upkeep]
|-damage|p1a: Tangrowth|65/100|[from] Sandstorm
|upkeep
|turn|9
|inactive|Queen of Bean ✿ has 10 seconds left.
|inactive|Queen of Bean ✿ has 5 seconds left.
|
|t:|1665697953
|switch|p2a: Salamence|Salamence, F|100/100
|-ability|p2a: Salamence|Intimidate|boost
|-unboost|p1a: Tangrowth|atk|1
|move|p1a: Tangrowth|Focus Blast|p2a: Salamence|[miss]
|-miss|p1a: Tangrowth|p2a: Salamence
|
|-weather|none
|upkeep
|turn|10
|inactive|Queen of Bean ✿ has 10 seconds left this turn.
|inactive|Sirwings has 10 seconds left.
|
|t:|1665697961
|switch|p1a: Slowking|Slowking, F|100/100
|-damage|p1a: Slowking|88/100|[from] Spikes
|move|p2a: Salamence|Flamethrower|p1a: Slowking
|-resisted|p1a: Slowking
|-damage|p1a: Slowking|79/100
|
|upkeep
|turn|11
|
|t:|1665697965
|switch|p2a: Zarude|Zarude-Dada|100/100
|move|p1a: Slowking|Teleport|p1a: Slowking
|
|t:|1665697968
|switch|p1a: Cobalion|Cobalion|100/100|[from]move: Teleport
|-damage|p1a: Cobalion|88/100|[from] Spikes
|
|upkeep
|turn|12
|
|t:|1665697972
|move|p2a: Zarude|U-turn|p1a: Cobalion
|-resisted|p1a: Cobalion
|-damage|p1a: Cobalion|83/100
|-damage|p2a: Zarude|84/100|[from] item: Rocky Helmet|[of] p1a: Cobalion
|
|t:|1665697974
|switch|p2a: Salamence|Salamence, F|100/100|[from]move: U-turn
|-ability|p2a: Salamence|Intimidate|boost
|-unboost|p1a: Cobalion|atk|1
|move|p1a: Cobalion|Stealth Rock|p2a: Salamence
|-sidestart|p2: Queen of Bean ✿|move: Stealth Rock
|
|upkeep
|turn|13
|
|t:|1665697978
|move|p1a: Cobalion|Volt Switch|p2a: Salamence
|-damage|p2a: Salamence|86/100
|
|t:|1665697981
|switch|p1a: Thundurus|Thundurus-Therian, M|94/100|[from]move: Volt Switch
|move|p2a: Salamence|Defog|p1a: Thundurus
|-unboost|p1a: Thundurus|evasion|1
|-sideend|p1: Sirwings|Spikes|[from] move: Defog|[of] p2a: Salamence
|-sideend|p2: Queen of Bean ✿|Stealth Rock|[from] move: Defog|[of] p2a: Salamence
|
|upkeep
|turn|14
|inactive|Sirwings has 10 seconds left.
|inactive|Queen of Bean ✿ has 10 seconds left.
|
|t:|1665697987
|switch|p1a: Tangrowth|Tangrowth, M|99/100
|switch|p2a: Zarude|Zarude-Dada|84/100
|
|upkeep
|turn|15
|
|t:|1665697990
|move|p2a: Zarude|U-turn|p1a: Tangrowth
|-supereffective|p1a: Tangrowth
|-damage|p1a: Tangrowth|68/100
|inactive|Queen of Bean ✿ has 10 seconds left.
|
|t:|1665697996
|switch|p2a: Salamence|Salamence, F|86/100|[from]move: U-turn
|-ability|p2a: Salamence|Intimidate|boost
|-unboost|p1a: Tangrowth|atk|1
|move|p1a: Tangrowth|Knock Off|p2a: Salamence
|-damage|p2a: Salamence|75/100
|-enditem|p2a: Salamence|Heavy-Duty Boots|[from] move: Knock Off|[of] p1a: Tangrowth
|
|upkeep
|turn|16
|inactive|Sirwings has 10 seconds left.
|j|%pokemonisfun
|
|t:|1665698005
|switch|p2a: Zarude|Zarude-Dada|84/100
|switch|p1a: Slowking|Slowking, F|100/100
|
|upkeep
|turn|17
|
|t:|1665698007
|switch|p1a: Cobalion|Cobalion|83/100
|move|p2a: Zarude|U-turn|p1a: Cobalion
|-resisted|p1a: Cobalion
|-damage|p1a: Cobalion|78/100
|-damage|p2a: Zarude|67/100|[from] item: Rocky Helmet|[of] p1a: Cobalion
|j| PlatonBattles
|inactive|Queen of Bean ✿ has 10 seconds left.
|
|t:|1665698013
|switch|p2a: Reuniclus|Reuniclus, M|100/100|[from]move: U-turn
|
|upkeep
|turn|18
|inactive|Queen of Bean ✿ has 10 seconds left.
|
|t:|1665698018
|move|p1a: Cobalion|Volt Switch|p2a: Reuniclus
|-damage|p2a: Reuniclus|89/100
|c|%pokemonisfun|sirwings if you win you get to ban QoB
|
|t:|1665698021
|switch|p1a: Diggersby|Diggersby, F|84/100|[from]move: Volt Switch
|move|p2a: Reuniclus|Thunder|p1a: Diggersby
|-immune|p1a: Diggersby
|
|upkeep
|turn|19
|c|%pokemonisfun|QoB if you win you get sirwings mod
|inactive|Queen of Bean ✿ has 10 seconds left.
|c|☆Queen of Bean ✿|:skull:
|
|t:|1665698031
|switch|p2a: Salamence|Salamence, F|75/100
|-ability|p2a: Salamence|Intimidate|boost
|-unboost|p1a: Diggersby|atk|1
|move|p1a: Diggersby|U-turn|p2a: Salamence
|-resisted|p2a: Salamence
|-damage|p2a: Salamence|66/100
|c|☆Sirwings|LOL
|
|t:|1665698034
|switch|p1a: Thundurus|Thundurus-Therian, M|94/100|[from]move: U-turn
|
|upkeep
|turn|20
|c|☆Queen of Bean ✿|dont ban me
|inactive|Queen of Bean ✿ has 10 seconds left.
|c|%pokemonisfun|then win.
|
|t:|1665698040
|switch|p2a: Hippowdon|Hippowdon, M|100/100
|-weather|Sandstorm|[from] ability: Sand Stream|[of] p2a: Hippowdon
|move|p1a: Thundurus|Volt Switch|p2a: Hippowdon
|-immune|p2a: Hippowdon
|
|-weather|Sandstorm|[upkeep]
|-damage|p1a: Thundurus|88/100|[from] Sandstorm
|upkeep
|turn|21
|inactive|Sirwings has 10 seconds left.
|inactive|Queen of Bean ✿ has 10 seconds left.
|inactive|Sirwings has 5 seconds left.
|
|t:|1665698051
|switch|p1a: Slowking|Slowking, F|100/100
|move|p2a: Hippowdon|Stealth Rock|p1a: Slowking
|-sidestart|p1: Sirwings|move: Stealth Rock
|
|-weather|Sandstorm|[upkeep]
|-damage|p1a: Slowking|94/100|[from] Sandstorm
|upkeep
|turn|22
|inactive|Sirwings has 10 seconds left this turn.
|
|t:|1665698053
|move|p2a: Hippowdon|Toxic|p1a: Slowking
|-status|p1a: Slowking|tox
|move|p1a: Slowking|Scald|p2a: Hippowdon
|-supereffective|p2a: Hippowdon
|-damage|p2a: Hippowdon|56/100
|
|-weather|Sandstorm|[upkeep]
|-damage|p1a: Slowking|88/100 tox|[from] Sandstorm
|-damage|p1a: Slowking|82/100 tox|[from] psn
|upkeep
|turn|23
|inactive|Queen of Bean ✿ has 10 seconds left.
|
|t:|1665698059
|move|p2a: Hippowdon|Slack Off|p2a: Hippowdon
|-heal|p2a: Hippowdon|100/100
|move|p1a: Slowking|Teleport|p1a: Slowking
|inactive|Sirwings has 10 seconds left.
|inactive|Sirwings has 5 seconds left.
|j| Appleking123
|
|t:|1665698070
|switch|p1a: Crobat|Crobat, F|77/100|[from]move: Teleport
|
|-weather|Sandstorm|[upkeep]
|-damage|p1a: Crobat|71/100|[from] Sandstorm
|upkeep
|turn|24
|inactive|Sirwings has 10 seconds left this turn.
|inactive|Queen of Bean ✿ has 10 seconds left.
|
|t:|1665698079
|switch|p2a: Skarmory|Skarmory, M|32/100
|move|p1a: Crobat|Brave Bird|p2a: Skarmory
|-resisted|p2a: Skarmory
|-damage|p2a: Skarmory|17/100
|-damage|p1a: Crobat|66/100|[from] Recoil
|
|-weather|none
|upkeep
|turn|25
|inactive|Sirwings has 10 seconds left.
|inactive|Queen of Bean ✿ has 10 seconds left.
|
|t:|1665698087
|switch|p2a: Reuniclus|Reuniclus, M|89/100
|move|p1a: Crobat|Taunt|p2a: Reuniclus
|-start|p2a: Reuniclus|move: Taunt
|
|upkeep
|turn|26
|inactive|Queen of Bean ✿ has 10 seconds left.
|
|t:|1665698092
|move|p1a: Crobat|U-turn|p2a: Reuniclus
|-supereffective|p2a: Reuniclus
|-damage|p2a: Reuniclus|55/100
|inactive|Sirwings has 10 seconds left.
|inactive|Sirwings has 5 seconds left.
|
|t:|1665698103
|switch|p1a: Slowking|Slowking, F|100/100 tox|[from]move: U-turn
|-damage|p1a: Slowking|88/100 tox|[from] Stealth Rock
|move|p2a: Reuniclus|Psychic|p1a: Slowking
|-resisted|p1a: Slowking
|-damage|p1a: Slowking|64/100 tox
|
|-damage|p1a: Slowking|57/100 tox|[from] psn
|upkeep
|turn|27
|inactive|Sirwings has 10 seconds left this turn.
|inactive|Queen of Bean ✿ has 10 seconds left.
|inactive|Queen of Bean ✿ has 5 seconds left.
|
|t:|1665698114
|switch|p1a: Thundurus|Thundurus-Therian, M|88/100
|move|p2a: Reuniclus|Focus Blast|p1a: Thundurus
|-resisted|p1a: Thundurus
|-damage|p1a: Thundurus|49/100
|
|-end|p2a: Reuniclus|move: Taunt
|upkeep
|turn|28
|inactive|Queen of Bean ✿ has 10 seconds left this turn.
|inactive|Queen of Bean ✿ has 5 seconds left.
|
|t:|1665698120
|switch|p2a: Zarude|Zarude-Dada|67/100
|move|p1a: Thundurus|Thunderbolt|p2a: Zarude
|-resisted|p2a: Zarude
|-damage|p2a: Zarude|41/100
|
|upkeep
|turn|29
|inactive|Queen of Bean ✿ has 10 seconds left this turn.
|inactive|Sirwings has 10 seconds left.
|inactive|Queen of Bean ✿ has 5 seconds left.
|
|t:|1665698126
|switch|p1a: Cobalion|Cobalion|78/100
|-damage|p1a: Cobalion|75/100|[from] Stealth Rock
|move|p2a: Zarude|Close Combat|p1a: Cobalion
|-supereffective|p1a: Cobalion
|-damage|p1a: Cobalion|5/100
|-unboost|p2a: Zarude|def|1
|-unboost|p2a: Zarude|spd|1
|-damage|p2a: Zarude|25/100|[from] item: Rocky Helmet|[of] p1a: Cobalion
|
|upkeep
|turn|30
|inactive|Queen of Bean ✿ has 10 seconds left this turn.
|
|t:|1665698130
|move|p2a: Zarude|Close Combat|p1a: Cobalion
|-supereffective|p1a: Cobalion
|-damage|p1a: Cobalion|0 fnt
|-unboost|p2a: Zarude|def|1
|-unboost|p2a: Zarude|spd|1
|-damage|p2a: Zarude|8/100|[from] item: Rocky Helmet|[of] p1a: Cobalion
|faint|p1a: Cobalion
|
|upkeep
|
|t:|1665698134
|switch|p1a: Crobat|Crobat, F|66/100
|turn|31
|
|t:|1665698138
|switch|p2a: Salamence|Salamence, F|66/100
|-ability|p2a: Salamence|Intimidate|boost
|-fail|p1a: Crobat|unboost|Attack|[from] ability: Inner Focus|[of] p1a: Crobat
|move|p1a: Crobat|Brave Bird|p2a: Salamence
|-damage|p2a: Salamence|31/100
|-damage|p1a: Crobat|53/100|[from] Recoil
|
|upkeep
|turn|32
|inactive|Queen of Bean ✿ has 10 seconds left.
|
|t:|1665698146
|switch|p2a: Hippowdon|Hippowdon, M|100/100
|-weather|Sandstorm|[from] ability: Sand Stream|[of] p2a: Hippowdon
|move|p1a: Crobat|Brave Bird|p2a: Hippowdon
|-damage|p2a: Hippowdon|74/100
|-damage|p1a: Crobat|42/100|[from] Recoil
|
|-weather|Sandstorm|[upkeep]
|-damage|p1a: Crobat|36/100|[from] Sandstorm
|upkeep
|turn|33
|
|t:|1665698150
|move|p1a: Crobat|Taunt|p2a: Hippowdon
|-start|p2a: Hippowdon|move: Taunt
|move|p2a: Hippowdon|Earthquake|p1a: Crobat
|-immune|p1a: Crobat
|
|-weather|Sandstorm|[upkeep]
|-damage|p1a: Crobat|29/100|[from] Sandstorm
|upkeep
|turn|34
|inactive|Queen of Bean ✿ has 10 seconds left.
|
|t:|1665698155
|move|p1a: Crobat|U-turn|p2a: Hippowdon
|-damage|p2a: Hippowdon|63/100
|
|t:|1665698160
|switch|p1a: Tangrowth|Tangrowth, M|100/100|[from]move: U-turn
|-damage|p1a: Tangrowth|88/100|[from] Stealth Rock
|move|p2a: Hippowdon|Earthquake|p1a: Tangrowth
|-resisted|p1a: Tangrowth
|-damage|p1a: Tangrowth|77/100
|
|-weather|Sandstorm|[upkeep]
|-damage|p1a: Tangrowth|71/100|[from] Sandstorm
|upkeep
|turn|35
|inactive|Sirwings has 10 seconds left.
|inactive|Queen of Bean ✿ has 10 seconds left.
|
|t:|1665698168
|switch|p2a: Salamence|Salamence, F|31/100
|-ability|p2a: Salamence|Intimidate|boost
|-unboost|p1a: Tangrowth|atk|1
|move|p1a: Tangrowth|Knock Off|p2a: Salamence
|-damage|p2a: Salamence|24/100
|
|-weather|Sandstorm|[upkeep]
|-damage|p2a: Salamence|18/100|[from] Sandstorm
|-damage|p1a: Tangrowth|65/100|[from] Sandstorm
|upkeep
|turn|36
|
|t:|1665698172
|switch|p1a: Thundurus|Thundurus-Therian, M|49/100
|move|p2a: Salamence|Roost|p2a: Salamence
|-heal|p2a: Salamence|68/100
|-singleturn|p2a: Salamence|move: Roost
|
|-weather|none
|upkeep
|turn|37
|inactive|Queen of Bean ✿ has 10 seconds left.
|
|t:|1665698181
|switch|p2a: Hippowdon|Hippowdon, M|63/100
|-weather|Sandstorm|[from] ability: Sand Stream|[of] p2a: Hippowdon
|move|p1a: Thundurus|Thunderbolt|p2a: Hippowdon
|-immune|p2a: Hippowdon
|
|-weather|Sandstorm|[upkeep]
|-damage|p1a: Thundurus|43/100|[from] Sandstorm
|upkeep
|turn|38
|inactive|Sirwings has 10 seconds left.
|
|t:|1665698186
|switch|p1a: Crobat|Crobat, F|29/100
|move|p2a: Hippowdon|Slack Off|p2a: Hippowdon
|-heal|p2a: Hippowdon|100/100
|
|-weather|Sandstorm|[upkeep]
|-damage|p1a: Crobat|23/100|[from] Sandstorm
|upkeep
|turn|39
|
|t:|1665698189
|move|p1a: Crobat|Taunt|p2a: Hippowdon
|-start|p2a: Hippowdon|move: Taunt
|move|p2a: Hippowdon|Earthquake|p1a: Crobat
|-immune|p1a: Crobat
|
|-weather|Sandstorm|[upkeep]
|-damage|p1a: Crobat|17/100|[from] Sandstorm
|upkeep
|turn|40
|
|t:|1665698192
|move|p1a: Crobat|U-turn|p2a: Hippowdon
|-damage|p2a: Hippowdon|90/100
|
|t:|1665698193
|switch|p1a: Tangrowth|Tangrowth, M|98/100|[from]move: U-turn
|-damage|p1a: Tangrowth|85/100|[from] Stealth Rock
|move|p2a: Hippowdon|Earthquake|p1a: Tangrowth
|-resisted|p1a: Tangrowth
|-damage|p1a: Tangrowth|73/100
|
|-weather|Sandstorm|[upkeep]
|-damage|p1a: Tangrowth|66/100|[from] Sandstorm
|upkeep
|turn|41
|
|t:|1665698198
|switch|p2a: Salamence|Salamence, F|68/100
|-ability|p2a: Salamence|Intimidate|boost
|-unboost|p1a: Tangrowth|atk|1
|move|p1a: Tangrowth|Sludge Bomb|p2a: Salamence
|-damage|p2a: Salamence|44/100
|
|-weather|none
|upkeep
|turn|42
|
|t:|1665698201
|move|p2a: Salamence|Dual Wingbeat|p1a: Tangrowth
|-supereffective|p1a: Tangrowth
|-damage|p1a: Tangrowth|43/100
|-supereffective|p1a: Tangrowth
|-damage|p1a: Tangrowth|19/100
|-hitcount|p1a: Tangrowth|2
|move|p1a: Tangrowth|Sludge Bomb|p2a: Salamence
|-damage|p2a: Salamence|20/100
|-status|p2a: Salamence|psn
|
|-damage|p2a: Salamence|8/100 psn|[from] psn
|upkeep
|turn|43
|
|t:|1665698205
|switch|p1a: Slowking|Slowking, F|91/100 tox
|-damage|p1a: Slowking|78/100 tox|[from] Stealth Rock
|move|p2a: Salamence|Roost|p2a: Salamence
|-heal|p2a: Salamence|58/100 psn
|-singleturn|p2a: Salamence|move: Roost
|
|-damage|p2a: Salamence|45/100 psn|[from] psn
|-damage|p1a: Slowking|72/100 tox|[from] psn
|upkeep
|turn|44
|
|t:|1665698209
|move|p2a: Salamence|Roost|p2a: Salamence
|-heal|p2a: Salamence|95/100 psn
|-singleturn|p2a: Salamence|move: Roost
|move|p1a: Slowking|Teleport|p1a: Slowking
|
|t:|1665698212
|switch|p1a: Thundurus|Thundurus-Therian, M|43/100|[from]move: Teleport
|
|-damage|p2a: Salamence|83/100 psn|[from] psn
|upkeep
|turn|45
|inactive|Sirwings has 10 seconds left.
|inactive|Queen of Bean ✿ has 10 seconds left.
|
|t:|1665698219
|switch|p2a: Skarmory|Skarmory, M|17/100
|move|p1a: Thundurus|Focus Blast|p2a: Skarmory
|-damage|p2a: Skarmory|0 fnt
|faint|p2a: Skarmory
|
|upkeep
|
|t:|1665698221
|switch|p2a: Zarude|Zarude-Dada|8/100
|turn|46
|
|t:|1665698226
|switch|p1a: Slowking|Slowking, F|100/100 tox
|-damage|p1a: Slowking|88/100 tox|[from] Stealth Rock
|move|p2a: Zarude|Darkest Lariat|p1a: Slowking
|-supereffective|p1a: Slowking
|-enditem|p1a: Slowking|Colbur Berry|[eat]
|-enditem|p1a: Slowking|Colbur Berry|[weaken]
|-damage|p1a: Slowking|56/100 tox
|
|-damage|p1a: Slowking|50/100 tox|[from] psn
|upkeep
|turn|47
|inactive|Sirwings has 10 seconds left.
|inactive|Sirwings has 5 seconds left.
|
|t:|1665698237
|switch|p1a: Thundurus|Thundurus-Therian, M|43/100
|move|p2a: Zarude|Darkest Lariat|p1a: Thundurus
|-damage|p1a: Thundurus|0 fnt
|faint|p1a: Thundurus
|
|upkeep
|inactive|Sirwings has 10 seconds left this turn.
|
|t:|1665698240
|switch|p1a: Tangrowth|Tangrowth, M|52/100
|-damage|p1a: Tangrowth|40/100|[from] Stealth Rock
|turn|48
|
|t:|1665698243
|switch|p2a: Salamence|Salamence, F|83/100 psn
|-ability|p2a: Salamence|Intimidate|boost
|-unboost|p1a: Tangrowth|atk|1
|move|p1a: Tangrowth|Sludge Bomb|p2a: Salamence
|-crit|p2a: Salamence
|-damage|p2a: Salamence|45/100 psn
|
|-damage|p2a: Salamence|32/100 psn|[from] psn
|upkeep
|turn|49
|
|t:|1665698247
|switch|p1a: Slowking|Slowking, F|83/100 tox
|-damage|p1a: Slowking|71/100 tox|[from] Stealth Rock
|move|p2a: Salamence|Roost|p2a: Salamence
|-heal|p2a: Salamence|82/100 psn
|-singleturn|p2a: Salamence|move: Roost
|
|-damage|p2a: Salamence|70/100 psn|[from] psn
|-damage|p1a: Slowking|65/100 tox|[from] psn
|upkeep
|turn|50
|inactive|Queen of Bean ✿ has 10 seconds left.
|
|t:|1665698253
|switch|p2a: Reuniclus|Reuniclus, M|55/100
|move|p1a: Slowking|Teleport|p1a: Slowking
|
|t:|1665698256
|switch|p1a: Diggersby|Diggersby, F|84/100|[from]move: Teleport
|-damage|p1a: Diggersby|78/100|[from] Stealth Rock
|
|upkeep
|turn|51
|
|t:|1665698259
|switch|p2a: Salamence|Salamence, F|70/100 psn
|-ability|p2a: Salamence|Intimidate|boost
|-unboost|p1a: Diggersby|atk|1
|move|p1a: Diggersby|Body Slam|p2a: Salamence
|-damage|p2a: Salamence|43/100 psn
|
|-damage|p2a: Salamence|31/100 psn|[from] psn
|upkeep
|turn|52
|
|t:|1665698264
|move|p1a: Diggersby|Body Slam|p2a: Salamence
|-damage|p2a: Salamence|4/100 psn
|move|p2a: Salamence|Roost|p2a: Salamence
|-heal|p2a: Salamence|54/100 psn
|-singleturn|p2a: Salamence|move: Roost
|
|-damage|p2a: Salamence|42/100 psn|[from] psn
|upkeep
|turn|53
|
|t:|1665698267
|switch|p1a: Slowking|Slowking, F|98/100 tox
|-damage|p1a: Slowking|85/100 tox|[from] Stealth Rock
|move|p2a: Salamence|Roost|p2a: Salamence
|-heal|p2a: Salamence|92/100 psn
|-singleturn|p2a: Salamence|move: Roost
|
|-damage|p2a: Salamence|79/100 psn|[from] psn
|-damage|p1a: Slowking|79/100 tox|[from] psn
|upkeep
|turn|54
|inactive|Queen of Bean ✿ has 10 seconds left.
|inactive|Queen of Bean ✿ has 5 seconds left.
|
|t:|1665698277
|switch|p2a: Primarina|Primarina, M|100/100
|move|p1a: Slowking|Teleport|p1a: Slowking
|inactive|Queen of Bean ✿ has 10 seconds left this turn.
|
|t:|1665698280
|switch|p1a: Tangrowth|Tangrowth, M|73/100|[from]move: Teleport
|-damage|p1a: Tangrowth|60/100|[from] Stealth Rock
|
|upkeep
|turn|55
|inactive|Sirwings has 10 seconds left.
|inactive|Queen of Bean ✿ has 10 seconds left.
|
|t:|1665698287
|switch|p1a: Crobat|Crobat, F|17/100
|move|p2a: Primarina|Moonblast|p1a: Crobat
|-resisted|p1a: Crobat
|-damage|p1a: Crobat|0 fnt
|faint|p1a: Crobat
|
|upkeep
|
|t:|1665698290
|switch|p1a: Tangrowth|Tangrowth, M|94/100
|-damage|p1a: Tangrowth|81/100|[from] Stealth Rock
|turn|56
|
|t:|1665698294
|switch|p2a: Salamence|Salamence, F|79/100 psn
|-ability|p2a: Salamence|Intimidate|boost
|-unboost|p1a: Tangrowth|atk|1
|move|p1a: Tangrowth|Sludge Bomb|p2a: Salamence
|-damage|p2a: Salamence|55/100 psn
|
|-damage|p2a: Salamence|43/100 psn|[from] psn
|upkeep
|turn|57
|
|t:|1665698297
|move|p2a: Salamence|Roost|p2a: Salamence
|-heal|p2a: Salamence|93/100 psn
|-singleturn|p2a: Salamence|move: Roost
|move|p1a: Tangrowth|Sludge Bomb|p2a: Salamence
|-damage|p2a: Salamence|68/100 psn
|
|-damage|p2a: Salamence|55/100 psn|[from] psn
|upkeep
|turn|58
|
|t:|1665698300
|move|p2a: Salamence|Dual Wingbeat|p1a: Tangrowth
|-supereffective|p1a: Tangrowth
|-damage|p1a: Tangrowth|55/100
|-supereffective|p1a: Tangrowth
|-damage|p1a: Tangrowth|29/100
|-hitcount|p1a: Tangrowth|2
|move|p1a: Tangrowth|Sludge Bomb|p2a: Salamence
|-damage|p2a: Salamence|29/100 psn
|
|-damage|p2a: Salamence|17/100 psn|[from] psn
|upkeep
|turn|59
|
|t:|1665698303
|move|p2a: Salamence|Roost|p2a: Salamence
|-heal|p2a: Salamence|67/100 psn
|-singleturn|p2a: Salamence|move: Roost
|move|p1a: Tangrowth|Sludge Bomb|p2a: Salamence
|-damage|p2a: Salamence|40/100 psn
|
|-damage|p2a: Salamence|27/100 psn|[from] psn
|upkeep
|turn|60
|l| Appleking123
|inactive|Queen of Bean ✿ has 10 seconds left.
|
|t:|1665698309
|switch|p1a: Slowking|Slowking, F|100/100 tox
|-damage|p1a: Slowking|88/100 tox|[from] Stealth Rock
|move|p2a: Salamence|Dual Wingbeat|p1a: Slowking
|-damage|p1a: Slowking|73/100 tox
|-damage|p1a: Slowking|58/100 tox
|-hitcount|p1a: Slowking|2
|
|-damage|p2a: Salamence|15/100 psn|[from] psn
|-damage|p1a: Slowking|52/100 tox|[from] psn
|upkeep
|turn|61
|inactive|Sirwings has 10 seconds left.
|
|t:|1665698316
|move|p2a: Salamence|Roost|p2a: Salamence
|-heal|p2a: Salamence|65/100 psn
|-singleturn|p2a: Salamence|move: Roost
|move|p1a: Slowking|Psychic|p2a: Salamence
|-damage|p2a: Salamence|31/100 psn
|
|-damage|p2a: Salamence|19/100 psn|[from] psn
|-damage|p1a: Slowking|39/100 tox|[from] psn
|upkeep
|turn|62
|
|t:|1665698320
|move|p2a: Salamence|Roost|p2a: Salamence
|-heal|p2a: Salamence|69/100 psn
|-singleturn|p2a: Salamence|move: Roost
|move|p1a: Slowking|Teleport|p1a: Slowking
|
|t:|1665698322
|switch|p1a: Tangrowth|Tangrowth, M|62/100|[from]move: Teleport
|-damage|p1a: Tangrowth|50/100|[from] Stealth Rock
|
|-damage|p2a: Salamence|56/100 psn|[from] psn
|upkeep
|turn|63
|
|t:|1665698325
|switch|p1a: Slowking|Slowking, F|73/100 tox
|-damage|p1a: Slowking|60/100 tox|[from] Stealth Rock
|move|p2a: Salamence|Dual Wingbeat|p1a: Slowking
|-damage|p1a: Slowking|44/100 tox
|-damage|p1a: Slowking|29/100 tox
|-hitcount|p1a: Slowking|2
|
|-damage|p2a: Salamence|44/100 psn|[from] psn
|-damage|p1a: Slowking|23/100 tox|[from] psn
|upkeep
|turn|64
|inactive|Sirwings has 10 seconds left.
|inactive|Sirwings has 5 seconds left.
|
|t:|1665698338
|switch|p1a: Tangrowth|Tangrowth, M|83/100
|-damage|p1a: Tangrowth|70/100|[from] Stealth Rock
|move|p2a: Salamence|Roost|p2a: Salamence
|-heal|p2a: Salamence|94/100 psn
|-singleturn|p2a: Salamence|move: Roost
|
|-damage|p2a: Salamence|81/100 psn|[from] psn
|upkeep
|turn|65
|inactive|Sirwings has 10 seconds left this turn.
|inactive|Queen of Bean ✿ has 10 seconds left.
|
|t:|1665698344
|move|p2a: Salamence|Dual Wingbeat|p1a: Tangrowth
|-supereffective|p1a: Tangrowth
|-damage|p1a: Tangrowth|42/100
|-supereffective|p1a: Tangrowth
|-damage|p1a: Tangrowth|15/100
|-hitcount|p1a: Tangrowth|2
|move|p1a: Tangrowth|Sludge Bomb|p2a: Salamence
|-damage|p2a: Salamence|57/100 psn
|
|-damage|p2a: Salamence|45/100 psn|[from] psn
|upkeep
|turn|66
|
|t:|1665698348
|switch|p1a: Slowking|Slowking, F|56/100 tox
|-damage|p1a: Slowking|44/100 tox|[from] Stealth Rock
|move|p2a: Salamence|Dual Wingbeat|p1a: Slowking
|-damage|p1a: Slowking|28/100 tox
|-damage|p1a: Slowking|13/100 tox
|-hitcount|p1a: Slowking|2
|
|-damage|p2a: Salamence|32/100 psn|[from] psn
|-damage|p1a: Slowking|7/100 tox|[from] psn
|upkeep
|turn|67
|
|t:|1665698352
|move|p2a: Salamence|Roost|p2a: Salamence
|-heal|p2a: Salamence|82/100 psn
|-singleturn|p2a: Salamence|move: Roost
|move|p1a: Slowking|Psychic|p2a: Salamence
|-damage|p2a: Salamence|50/100 psn
|
|-damage|p2a: Salamence|38/100 psn|[from] psn
|-damage|p1a: Slowking|0 fnt|[from] psn
|faint|p1a: Slowking
|upkeep
|
|t:|1665698354
|switch|p1a: Diggersby|Diggersby, F|78/100
|-damage|p1a: Diggersby|72/100|[from] Stealth Rock
|turn|68
|inactive|Queen of Bean ✿ has 10 seconds left.
|
|t:|1665698362
|switch|p2a: Hippowdon|Hippowdon, M|90/100
|-weather|Sandstorm|[from] ability: Sand Stream|[of] p2a: Hippowdon
|move|p1a: Diggersby|Body Slam|p2a: Hippowdon
|-damage|p2a: Hippowdon|58/100
|-status|p2a: Hippowdon|par
|
|-weather|Sandstorm|[upkeep]
|upkeep
|turn|69
|
|t:|1665698365
|move|p1a: Diggersby|Body Slam|p2a: Hippowdon
|-damage|p2a: Hippowdon|27/100 par
|move|p2a: Hippowdon|Toxic|p1a: Diggersby
|-status|p1a: Diggersby|tox
|
|-weather|Sandstorm|[upkeep]
|-damage|p1a: Diggersby|66/100 tox|[from] psn
|upkeep
|turn|70
|
|t:|1665698369
|move|p1a: Diggersby|Body Slam|p2a: Hippowdon
|-damage|p2a: Hippowdon|0 fnt
|faint|p2a: Hippowdon
|
|-weather|Sandstorm|[upkeep]
|-damage|p1a: Diggersby|54/100 tox|[from] psn
|upkeep
|inactive|Queen of Bean ✿ has 10 seconds left.
|
|t:|1665698374
|switch|p2a: Salamence|Salamence, F|38/100 psn
|-ability|p2a: Salamence|Intimidate|boost
|-unboost|p1a: Diggersby|atk|1
|turn|71
|
|t:|1665698378
|switch|p1a: Tangrowth|Tangrowth, M|49/100
|-damage|p1a: Tangrowth|36/100|[from] Stealth Rock
|move|p2a: Salamence|Roost|p2a: Salamence
|-heal|p2a: Salamence|88/100 psn
|-singleturn|p2a: Salamence|move: Roost
|
|-weather|Sandstorm|[upkeep]
|-damage|p2a: Salamence|82/100 psn|[from] Sandstorm
|-damage|p1a: Tangrowth|30/100|[from] Sandstorm
|-damage|p2a: Salamence|70/100 psn|[from] psn
|upkeep
|turn|72
|
|t:|1665698380
|move|p2a: Salamence|Dual Wingbeat|p1a: Tangrowth
|-supereffective|p1a: Tangrowth
|-damage|p1a: Tangrowth|3/100
|-supereffective|p1a: Tangrowth
|-damage|p1a: Tangrowth|0 fnt
|faint|p1a: Tangrowth
|-hitcount|p1: Tangrowth|2
|
|-weather|none
|-damage|p2a: Salamence|57/100 psn|[from] psn
|upkeep
|
|t:|1665698383
|switch|p1a: Diggersby|Diggersby, F|54/100 tox
|-damage|p1a: Diggersby|47/100 tox|[from] Stealth Rock
|turn|73
|j| Appleking123
|c|☆Queen of Bean ✿|lol
|inactive|Queen of Bean ✿ has 10 seconds left.
|
|t:|1665698389
|move|p1a: Diggersby|Body Slam|p2a: Salamence
|-crit|p2a: Salamence
|-damage|p2a: Salamence|0 fnt
|faint|p2a: Salamence
|
|-damage|p1a: Diggersby|41/100 tox|[from] psn
|upkeep
|
|t:|1665698392
|switch|p2a: Zarude|Zarude-Dada|8/100
|turn|74
|
|t:|1665698393
|move|p2a: Zarude|Darkest Lariat|p1a: Diggersby
|-damage|p1a: Diggersby|0 fnt
|faint|p1a: Diggersby
|
|win|Queen of Bean ✿
|n|☆Sirwings|sirwings
|n|☆Queen of Bean ✿|queenofbean
|n| pokemonisfun|pokemonisfun
|n| PlatonBattles|platonbattles
|n| Appleking123|appleking123
|l| Appleking123
|c|☆Sirwings|g_g
|c|☆Queen of Bean ✿|sirwings
|l| pokemonisfun
|c|☆Queen of Bean ✿|your mod please
|l| PlatonBattles
|l|☆Sirwings
