|raw|<div class="broadcast-blue"><strong>This battle is required to be public due to a player having a name starting with 'uult93j'.</div>
|j|☆UULT93J Glomerule
|j|☆UULT93J BLXZ
|t:|1653284270
|gametype|singles
|player|p1|UULT93J Glomerule|scientist-gen4dp|1664
|player|p2|UULT93J BLXZ|lass-gen4dp|1374
|teamsize|p1|6
|teamsize|p2|6
|gen|8
|tier|[Gen 8] UU
|rated|
|rule|Sleep Clause Mod: Limit one foe put to sleep
|rule|Species Clause: Limit one of each Pokémon
|rule|OHKO Clause: OHKO moves are banned
|rule|Evasion Moves Clause: Evasion moves are banned
|rule|Endless Battle Clause: Forcing endless battles is banned
|rule|HP Percentage Mod: HP is shown in percentages
|rule|Dynamax Clause: You cannot dynamax
|clearpoke
|poke|p1|Hippowdon, M|
|poke|p1|Amoonguss, F|
|poke|p1|Chandelure, M|
|poke|p1|Rotom-Wash|
|poke|p1|Hatterene, F|
|poke|p1|Excadrill, M|
|poke|p2|Crobat, M|
|poke|p2|Cobalion|
|poke|p2|Zarude-Dada|
|poke|p2|Mamoswine, M|
|poke|p2|Thundurus-Therian, M|
|poke|p2|Slowking, M|
|teampreview
|j| itsjustdrew
|inactive|Battle timer is ON: inactive players will automatically lose when time's up. (requested by UULT93J Glomerule)
|j| sergent fantoche
|inactive|UULT93J Glomerule has 120 seconds left.
|inactive|UULT93J BLXZ has 120 seconds left.
|
|t:|1653284327
|start
|switch|p1a: Hippowdon|Hippowdon, M|100/100
|switch|p2a: Thundurus|Thundurus-Therian, M|100/100
|-weather|Sandstorm|[from] ability: Sand Stream|[of] p1a: Hippowdon
|turn|1
|
|t:|1653284337
|switch|p1a: Amoonguss|Amoonguss, F|100/100
|move|p2a: Thundurus|Grass Knot|p1a: Amoonguss
|-resisted|p1a: Amoonguss
|-damage|p1a: Amoonguss|97/100
|-damage|p2a: Thundurus|84/100|[from] item: Rocky Helmet|[of] p1a: Amoonguss
|
|-weather|Sandstorm|[upkeep]
|-damage|p2a: Thundurus|78/100|[from] Sandstorm
|-damage|p1a: Amoonguss|91/100|[from] Sandstorm
|upkeep
|turn|2
|
|t:|1653284357
|move|p2a: Thundurus|Volt Switch|p1a: Amoonguss
|-resisted|p1a: Amoonguss
|-damage|p1a: Amoonguss|74/100
|
|t:|1653284366
|switch|p2a: Zarude|Zarude-Dada|100/100|[from]move: Volt Switch
|move|p1a: Amoonguss|Spore|p2a: Zarude
|-immune|p2a: Zarude
|
|-weather|Sandstorm|[upkeep]
|-damage|p2a: Zarude|95/100|[from] Sandstorm
|-damage|p1a: Amoonguss|68/100|[from] Sandstorm
|upkeep
|turn|3
|j| Metallica126
|
|t:|1653284374
|switch|p2a: Cobalion|Cobalion|100/100
|move|p1a: Amoonguss|Sludge Bomb|p2a: Cobalion
|-immune|p2a: Cobalion
|
|-weather|Sandstorm|[upkeep]
|-damage|p1a: Amoonguss|61/100|[from] Sandstorm
|upkeep
|turn|4
|
|t:|1653284377
|move|p2a: Cobalion|Stealth Rock|p1a: Amoonguss
|-sidestart|p1: UULT93J Glomerule|move: Stealth Rock
|move|p1a: Amoonguss|Spore|p2a: Cobalion
|-status|p2a: Cobalion|slp|[from] move: Spore
|
|-weather|Sandstorm|[upkeep]
|-damage|p1a: Amoonguss|55/100|[from] Sandstorm
|upkeep
|turn|5
|
|t:|1653284385
|switch|p2a: Thundurus|Thundurus-Therian, M|78/100
|move|p1a: Amoonguss|Sludge Bomb|p2a: Thundurus
|-damage|p2a: Thundurus|44/100
|
|-weather|Sandstorm|[upkeep]
|-damage|p2a: Thundurus|38/100|[from] Sandstorm
|-damage|p1a: Amoonguss|49/100|[from] Sandstorm
|upkeep
|turn|6
|
|t:|1653284389
|switch|p1a: Excadrill|Excadrill, M|100/100
|-damage|p1a: Excadrill|97/100|[from] Stealth Rock
|move|p2a: Thundurus|Psychic|p1a: Excadrill
|-resisted|p1a: Excadrill
|-damage|p1a: Excadrill|74/100
|
|-weather|Sandstorm|[upkeep]
|-damage|p2a: Thundurus|32/100|[from] Sandstorm
|upkeep
|turn|7
|
|t:|1653284397
|switch|p2a: Cobalion|Cobalion|100/100 slp
|move|p1a: Excadrill|Swords Dance|p1a: Excadrill
|-boost|p1a: Excadrill|atk|2
|
|-weather|Sandstorm|[upkeep]
|upkeep
|turn|8
|
|t:|1653284418
|switch|p2a: Thundurus|Thundurus-Therian, M|32/100
|move|p1a: Excadrill|Earthquake|p2a: Thundurus
|-immune|p2a: Thundurus
|
|-weather|none
|upkeep
|turn|9
|
|t:|1653284424
|move|p2a: Thundurus|Focus Blast|p1a: Excadrill
|-supereffective|p1a: Excadrill
|-damage|p1a: Excadrill|0 fnt
|faint|p1a: Excadrill
|
|upkeep
|c|☆UULT93J Glomerule|what
|c|☆UULT93J Glomerule|another cteam
|
|t:|1653284444
|switch|p1a: Chandelure|Chandelure, M|100/100
|-damage|p1a: Chandelure|76/100|[from] Stealth Rock
|turn|10
|
|t:|1653284459
|switch|p2a: Slowking|Slowking, M|100/100
|move|p1a: Chandelure|Shadow Ball|p2a: Slowking
|-supereffective|p2a: Slowking
|-damage|p2a: Slowking|27/100
|
|upkeep
|turn|11
|inactive|UULT93J Glomerule has 120 seconds left.
|
|t:|1653284492
|switch|p2a: Zarude|Zarude-Dada|95/100
|move|p1a: Chandelure|Shadow Ball|p2a: Zarude
|-resisted|p2a: Zarude
|-damage|p2a: Zarude|73/100
|
|upkeep
|turn|12
|inactive|UULT93J Glomerule has 120 seconds left.
|
|t:|1653284505
|switch|p1a: Amoonguss|Amoonguss, F|82/100
|-damage|p1a: Amoonguss|70/100|[from] Stealth Rock
|move|p2a: Zarude|Jungle Healing|p2a: Zarude
|-heal|p2a: Zarude|98/100
|
|upkeep
|turn|13
|inactive|UULT93J Glomerule has 120 seconds left.
|
|t:|1653284521
|move|p2a: Zarude|U-turn|p1a: Amoonguss
|-crit|p1a: Amoonguss
|-damage|p1a: Amoonguss|44/100
|-damage|p2a: Zarude|82/100|[from] item: Rocky Helmet|[of] p1a: Amoonguss
|
|t:|1653284523
|switch|p2a: Crobat|Crobat, M|100/100|[from]move: U-turn
|move|p1a: Amoonguss|Sludge Bomb|p2a: Crobat
|-resisted|p2a: Crobat
|-damage|p2a: Crobat|85/100
|
|upkeep
|turn|14
|inactive|UULT93J Glomerule has 120 seconds left.
|
|t:|1653284530
|switch|p1a: Hippowdon|Hippowdon, M|100/100
|-damage|p1a: Hippowdon|94/100|[from] Stealth Rock
|-weather|Sandstorm|[from] ability: Sand Stream|[of] p1a: Hippowdon
|move|p2a: Crobat|U-turn|p1a: Hippowdon
|-damage|p1a: Hippowdon|83/100
|
|t:|1653284543
|switch|p2a: Mamoswine|Mamoswine, M|100/100|[from]move: U-turn
|
|-weather|Sandstorm|[upkeep]
|upkeep
|turn|15
|
|t:|1653284549
|switch|p1a: Rotom|Rotom-Wash|100/100
|-damage|p1a: Rotom|88/100|[from] Stealth Rock
|move|p2a: Mamoswine|Knock Off|p1a: Rotom
|-damage|p1a: Rotom|49/100
|-enditem|p1a: Rotom|Leftovers|[from] move: Knock Off|[of] p2a: Mamoswine
|
|-weather|Sandstorm|[upkeep]
|-damage|p1a: Rotom|43/100|[from] Sandstorm
|upkeep
|turn|16
|
|t:|1653284554
|switch|p2a: Zarude|Zarude-Dada|82/100
|move|p1a: Rotom|Defog|p2a: Zarude
|-unboost|p2a: Zarude|evasion|1
|-sideend|p1: UULT93J Glomerule|Stealth Rock|[from] move: Defog|[of] p1a: Rotom
|
|-weather|Sandstorm|[upkeep]
|-damage|p2a: Zarude|76/100|[from] Sandstorm
|-damage|p1a: Rotom|36/100|[from] Sandstorm
|upkeep
|turn|17
|
|t:|1653284569
|move|p2a: Zarude|U-turn|p1a: Rotom
|-damage|p1a: Rotom|9/100
|
|t:|1653284576
|switch|p2a: Thundurus|Thundurus-Therian, M|32/100|[from]move: U-turn
|move|p1a: Rotom|Pain Split|p2a: Thundurus
|-sethp|p2a: Thundurus|20/100|[from] move: Pain Split|[silent]
|-sethp|p1a: Rotom|20/100|[from] move: Pain Split
|
|-weather|Sandstorm|[upkeep]
|-damage|p2a: Thundurus|14/100|[from] Sandstorm
|-damage|p1a: Rotom|14/100|[from] Sandstorm
|upkeep
|turn|18
|l| Metallica126
|
|t:|1653284592
|switch|p1a: Hatterene|Hatterene, F|100/100
|move|p2a: Thundurus|Psychic|p1a: Hatterene
|-resisted|p1a: Hatterene
|-damage|p1a: Hatterene|82/100
|
|-weather|Sandstorm|[upkeep]
|-damage|p2a: Thundurus|8/100|[from] Sandstorm
|-damage|p1a: Hatterene|76/100|[from] Sandstorm
|-heal|p1a: Hatterene|82/100|[from] item: Leftovers
|upkeep
|turn|19
|
|t:|1653284598
|switch|p1a: Hippowdon|Hippowdon, M|83/100
|move|p2a: Thundurus|Volt Switch|p1a: Hippowdon
|-immune|p1a: Hippowdon
|
|-weather|Sandstorm|[upkeep]
|-damage|p2a: Thundurus|2/100|[from] Sandstorm
|upkeep
|turn|20
|
|t:|1653284621
|move|p2a: Thundurus|Grass Knot|p1a: Hippowdon
|-supereffective|p1a: Hippowdon
|-damage|p1a: Hippowdon|19/100
|move|p1a: Hippowdon|Stealth Rock|p2a: Thundurus
|-sidestart|p2: UULT93J BLXZ|move: Stealth Rock
|
|-weather|Sandstorm|[upkeep]
|-damage|p2a: Thundurus|0 fnt|[from] Sandstorm
|faint|p2a: Thundurus
|upkeep
|
|t:|1653284629
|switch|p2a: Mamoswine|Mamoswine, M|100/100
|-damage|p2a: Mamoswine|88/100|[from] Stealth Rock
|turn|21
|
|t:|1653284635
|move|p2a: Mamoswine|Ice Shard|p1a: Hippowdon
|-supereffective|p1a: Hippowdon
|-damage|p1a: Hippowdon|0 fnt
|faint|p1a: Hippowdon
|
|-weather|none
|upkeep
|
|t:|1653284639
|switch|p1a: Chandelure|Chandelure, M|76/100
|turn|22
|
|t:|1653284658
|move|p1a: Chandelure|Fire Blast|p2a: Mamoswine
|-supereffective|p2a: Mamoswine
|-damage|p2a: Mamoswine|3/100
|move|p2a: Mamoswine|Knock Off|p1a: Chandelure
|-supereffective|p1a: Chandelure
|-damage|p1a: Chandelure|0 fnt
|-enditem|p1a: Chandelure|Choice Scarf|[from] move: Knock Off|[of] p2a: Mamoswine
|faint|p1a: Chandelure
|
|upkeep
|
|t:|1653284667
|switch|p1a: Amoonguss|Amoonguss, F|77/100
|turn|23
|
|t:|1653284670
|switch|p1a: Rotom|Rotom-Wash|14/100
|move|p2a: Mamoswine|Icicle Crash|p1a: Rotom
|-resisted|p1a: Rotom
|-damage|p1a: Rotom|0 fnt
|faint|p1a: Rotom
|
|upkeep
|
|t:|1653284673
|switch|p1a: Amoonguss|Amoonguss, F|100/100
|turn|24
|
|t:|1653284683
|switch|p2a: Crobat|Crobat, M|85/100
|move|p1a: Amoonguss|Foul Play|p2a: Crobat
|-damage|p2a: Crobat|65/100
|
|upkeep
|turn|25
|j| UULT93j Mantiss
|
|t:|1653284692
|switch|p1a: Hatterene|Hatterene, F|82/100
|move|p2a: Crobat|Defog|p1a: Hatterene
|move|p1a: Hatterene|Defog|p2a: Crobat|[from]ability: Magic Bounce
|-unboost|p2a: Crobat|evasion|1
|-sideend|p2: UULT93J BLXZ|Stealth Rock|[from] move: Defog|[of] p1a: Hatterene
|
|-heal|p1a: Hatterene|88/100|[from] item: Leftovers
|upkeep
|turn|26
|
|t:|1653284700
|move|p2a: Crobat|Brave Bird|p1a: Hatterene
|-damage|p1a: Hatterene|55/100
|-damage|p2a: Crobat|56/100|[from] Recoil
|move|p1a: Hatterene|Psyshock|p2a: Crobat
|-supereffective|p2a: Crobat
|-damage|p2a: Crobat|0 fnt
|faint|p2a: Crobat
|
|-heal|p1a: Hatterene|61/100|[from] item: Leftovers
|upkeep
|
|t:|1653284708
|switch|p2a: Mamoswine|Mamoswine, M|3/100
|turn|27
|
|t:|1653284711
|move|p2a: Mamoswine|Icicle Crash|p1a: Hatterene
|-damage|p1a: Hatterene|17/100
|move|p1a: Hatterene|Draining Kiss|p2a: Mamoswine
|-damage|p2a: Mamoswine|0 fnt
|-heal|p1a: Hatterene|18/100|[from] drain|[of] p2a: Mamoswine
|faint|p2a: Mamoswine
|
|-heal|p1a: Hatterene|24/100|[from] item: Leftovers
|upkeep
|
|t:|1653284719
|switch|p2a: Zarude|Zarude-Dada|76/100
|turn|28
|
|t:|1653284727
|switch|p1a: Amoonguss|Amoonguss, F|100/100
|move|p2a: Zarude|U-turn|p1a: Amoonguss
|-damage|p1a: Amoonguss|85/100
|-damage|p2a: Zarude|59/100|[from] item: Rocky Helmet|[of] p1a: Amoonguss
|
|t:|1653284730
|switch|p2a: Slowking|Slowking, M|60/100|[from]move: U-turn
|
|upkeep
|turn|29
|
|t:|1653284735
|switch|p1a: Hatterene|Hatterene, F|24/100
|move|p2a: Slowking|Teleport|p2a: Slowking
|
|t:|1653284738
|switch|p2a: Zarude|Zarude-Dada|59/100|[from]move: Teleport
|
|-heal|p1a: Hatterene|30/100|[from] item: Leftovers
|upkeep
|turn|30
|
|t:|1653284760
|switch|p1a: Amoonguss|Amoonguss, F|100/100
|move|p2a: Zarude|Darkest Lariat|p1a: Amoonguss
|-damage|p1a: Amoonguss|71/100
|-damage|p2a: Zarude|43/100|[from] item: Rocky Helmet|[of] p1a: Amoonguss
|
|upkeep
|turn|31
|
|t:|1653284767
|move|p2a: Zarude|U-turn|p1a: Amoonguss
|-damage|p1a: Amoonguss|53/100
|-damage|p2a: Zarude|26/100|[from] item: Rocky Helmet|[of] p1a: Amoonguss
|
|t:|1653284769
|switch|p2a: Cobalion|Cobalion|100/100 slp|[from]move: U-turn
|move|p1a: Amoonguss|Sludge Bomb|p2a: Cobalion
|-immune|p2a: Cobalion
|
|upkeep
|turn|32
|
|t:|1653284772
|switch|p1a: Hatterene|Hatterene, F|30/100
|cant|p2a: Cobalion|slp
|
|-heal|p1a: Hatterene|36/100|[from] item: Leftovers
|upkeep
|turn|33
|
|t:|1653284777
|cant|p2a: Cobalion|slp
|move|p1a: Hatterene|Calm Mind|p1a: Hatterene
|-boost|p1a: Hatterene|spa|1
|-boost|p1a: Hatterene|spd|1
|
|-heal|p1a: Hatterene|42/100|[from] item: Leftovers
|upkeep
|turn|34
|
|t:|1653284780
|-curestatus|p2a: Cobalion|slp|[msg]
|move|p2a: Cobalion|Iron Head|p1a: Hatterene
|-supereffective|p1a: Hatterene
|-damage|p1a: Hatterene|0 fnt
|faint|p1a: Hatterene
|
|upkeep
|c|☆UULT93J Glomerule|i fucked this up
|c|☆UULT93J Glomerule|so bad
|c|☆UULT93J Glomerule|god
|-message|UULT93J Glomerule forfeited.
|
|win|UULT93J BLXZ
|raw|UULT93J Glomerule's rating: 1664 &rarr; <strong>1630</strong><br />(-34 for losing)
|raw|UULT93J BLXZ's rating: 1374 &rarr; <strong>1408</strong><br />(+34 for winning)
|l| UULT93j Mantiss
|l| sergent fantoche
|l| itsjustdrew
