|j|☆Unwallable
|j|☆gijion chilli
|player|p1|Unwallable|2|1237
|player|p2|gijion chilli|103|1499
|teamsize|p1|6
|teamsize|p2|6
|gametype|singles
|gen|8
|tier|[Gen 8] UU
|rated|
|clearpoke
|poke|p1|Doublade, F|
|poke|p1|Mamoswine, F|
|poke|p1|Diggersby, F|
|poke|p1|Reuniclus, M|
|poke|p1|Gardevoir, F|
|poke|p1|Haxorus, F|
|poke|p2|Tsareena, F|
|poke|p2|Jellicent, M|
|poke|p2|Gigalith, F|
|poke|p2|Durant, F|
|poke|p2|Diggersby, M|
|poke|p2|Weezing-Galar, M|
|rule|Sleep Clause Mod: Limit one foe put to sleep
|rule|Species Clause: Limit one of each Pokémon
|rule|OHKO Clause: OHKO moves are banned
|rule|Evasion Moves Clause: Evasion moves are banned
|rule|Endless Battle Clause: Forcing endless battles is banned
|rule|HP Percentage Mod: HP is shown in percentages
|rule|Dynamax Clause: You cannot dynamax
|teampreview
|j| gijion relish
|j| TSR
|
|start
|switch|p1a: Gardevoir|Gardevoir, F|100/100
|switch|p2a: Durant|Durant, F|100/100
|-ability|p1a: Gardevoir|Hustle|[from] ability: Trace|[of] p2a: Durant
|turn|1
|
|move|p2a: Durant|First Impression|p1a: Gardevoir|[miss]
|-miss|p2a: Durant|p1a: Gardevoir
|move|p1a: Gardevoir|Mystical Fire|p2a: Durant
|-supereffective|p2a: Durant
|-damage|p2a: Durant|0 fnt
|faint|p2a: Durant
|
|upkeep
|
|switch|p2a: Diggersby|Diggersby, M|100/100
|turn|2
|
|switch|p1a: Mamoswine|Mamoswine, F|100/100
|move|p2a: Diggersby|Earthquake|p1a: Mamoswine
|-damage|p1a: Mamoswine|25/100
|
|upkeep
|turn|3
|
|switch|p2a: Weezing|Weezing-Galar, M|100/100
|move|p1a: Mamoswine|Ice Shard|p2a: Weezing
|-damage|p2a: Weezing|81/100
|-damage|p1a: Mamoswine|15/100|[from] item: Life Orb
|
|-heal|p2a: Weezing|87/100|[from] item: Black Sludge
|upkeep
|turn|4
|
|move|p1a: Mamoswine|Stealth Rock|p2a: Weezing
|-sidestart|p2: gijion chilli|move: Stealth Rock
|move|p2a: Weezing|Toxic Spikes|p1a: Mamoswine
|-sidestart|p1: Unwallable|move: Toxic Spikes
|
|-heal|p2a: Weezing|93/100|[from] item: Black Sludge
|upkeep
|turn|5
|
|move|p1a: Mamoswine|Knock Off|p2a: Weezing
|-resisted|p2a: Weezing
|-damage|p2a: Weezing|79/100
|-enditem|p2a: Weezing|Black Sludge|[from] move: Knock Off|[of] p1a: Mamoswine
|-damage|p1a: Mamoswine|5/100|[from] item: Life Orb
|move|p2a: Weezing|Flamethrower|p1a: Mamoswine
|-supereffective|p1a: Mamoswine
|-damage|p1a: Mamoswine|0 fnt
|faint|p1a: Mamoswine
|
|upkeep
|
|switch|p1a: Reuniclus|Reuniclus, M|100/100
|-status|p1a: Reuniclus|psn
|turn|6
|
|switch|p2a: Jellicent|Jellicent, M|100/100
|-damage|p2a: Jellicent|88/100|[from] Stealth Rock
|move|p1a: Reuniclus|Acid Armor|p1a: Reuniclus
|-boost|p1a: Reuniclus|def|2
|
|-heal|p2a: Jellicent|94/100|[from] item: Leftovers
|upkeep
|turn|7
|
|move|p2a: Jellicent|Taunt|p1a: Reuniclus
|-start|p1a: Reuniclus|move: Taunt
|cant|p1a: Reuniclus|move: Taunt|Calm Mind
|
|-heal|p2a: Jellicent|100/100|[from] item: Leftovers
|upkeep
|turn|8
|
|move|p2a: Jellicent|Will-O-Wisp||[still]
|-fail|p2a: Jellicent
|move|p1a: Reuniclus|Stored Power|p2a: Jellicent
|-crit|p2a: Jellicent
|-damage|p2a: Jellicent|67/100
|
|-heal|p2a: Jellicent|74/100|[from] item: Leftovers
|upkeep
|turn|9
|
|move|p2a: Jellicent|Hex|p1a: Reuniclus
|-supereffective|p1a: Reuniclus
|-damage|p1a: Reuniclus|51/100 psn
|move|p1a: Reuniclus|Stored Power|p2a: Jellicent
|-damage|p2a: Jellicent|54/100
|
|-heal|p2a: Jellicent|60/100|[from] item: Leftovers
|-end|p1a: Reuniclus|move: Taunt
|upkeep
|turn|10
|
|switch|p1a: Haxorus|Haxorus, F|100/100
|-status|p1a: Haxorus|psn
|-ability|p1a: Haxorus|Mold Breaker
|move|p2a: Jellicent|Recover|p2a: Jellicent
|-heal|p2a: Jellicent|100/100
|
|-damage|p1a: Haxorus|88/100 psn|[from] psn
|upkeep
|turn|11
|j| mbzzz
|
|switch|p1a: Gardevoir|Gardevoir, F|100/100
|-status|p1a: Gardevoir|psn
|-ability|p1a: Gardevoir|Water Absorb|[from] ability: Trace|[of] p2a: Jellicent
|move|p2a: Jellicent|Hex|p1a: Gardevoir
|-supereffective|p1a: Gardevoir
|-damage|p1a: Gardevoir|7/100 psn
|
|-damage|p1a: Gardevoir|0 fnt|[from] psn
|faint|p1a: Gardevoir
|upkeep
|
|switch|p1a: Diggersby|Diggersby, F|100/100
|-status|p1a: Diggersby|psn
|turn|12
|
|switch|p2a: Weezing|Weezing-Galar, M|79/100
|-damage|p2a: Weezing|67/100|[from] Stealth Rock
|move|p1a: Diggersby|Knock Off|p2a: Weezing
|-resisted|p2a: Weezing
|-damage|p2a: Weezing|55/100
|-damage|p1a: Diggersby|91/100 psn|[from] item: Life Orb
|
|-damage|p1a: Diggersby|78/100 psn|[from] psn
|upkeep
|turn|13
|
|switch|p1a: Reuniclus|Reuniclus, M|51/100 psn
|switch|p2a: Diggersby|Diggersby, M|100/100
|-damage|p2a: Diggersby|94/100|[from] Stealth Rock
|
|upkeep
|turn|14
|
|move|p2a: Diggersby|Earthquake|p1a: Reuniclus
|-damage|p1a: Reuniclus|0 fnt
|faint|p1a: Reuniclus
|
|upkeep
|
|switch|p1a: Haxorus|Haxorus, F|88/100 psn
|-ability|p1a: Haxorus|Mold Breaker
|turn|15
|
|switch|p1a: Doublade|Doublade, F|100/100
|move|p2a: Diggersby|Earthquake|p1a: Doublade
|-supereffective|p1a: Doublade
|-damage|p1a: Doublade|36/100
|
|upkeep
|turn|16
|-message|Unwallable forfeited.
|
|win|gijion chilli
|l|☆Unwallable
|raw|Unwallable's rating: 1237 &rarr; <strong>1228</strong><br />(-9 for losing)
|raw|gijion chilli's rating: 1499 &rarr; <strong>1507</strong><br />(+8 for winning)
