|html|<div class="broadcast-blue"><strong>[Gen 8] UU is currently suspecting Scizor! For information on how to participate check out the <a href="https://www.smogon.com/forums/threads/ss-uu-stage-12-2-spider-dance.3704866/">suspect thread</a>.</strong></div>
|j|☆CantoChris
|j|☆Zephyyyr
|t:|1658780283
|gametype|singles
|player|p1|CantoChris|backpacker|1372
|player|p2|Zephyyyr|richboy|1673
|teamsize|p1|6
|teamsize|p2|6
|gen|8
|tier|[Gen 8] UU
|rated|
|rule|Sleep Clause Mod: Limit one foe put to sleep
|rule|Species Clause: Limit one of each Pokémon
|rule|OHKO Clause: OHKO moves are banned
|rule|Evasion Moves Clause: Evasion moves are banned
|rule|Endless Battle Clause: Forcing endless battles is banned
|rule|HP Percentage Mod: HP is shown in percentages
|rule|Dynamax Clause: You cannot dynamax
|clearpoke
|poke|p1|Sandaconda, M|
|poke|p1|Hydreigon, M|
|poke|p1|Cobalion|
|poke|p1|Tapu Bulu|
|poke|p1|Moltres|
|poke|p1|Primarina, F|
|poke|p2|Marowak-Alola, M|
|poke|p2|Torkoal, M|
|poke|p2|Conkeldurr, M|
|poke|p2|Cresselia, F|
|poke|p2|Porygon2|
|poke|p2|Hatterene, F|
|teampreview
|inactive|Battle timer is ON: inactive players will automatically lose when time's up. (requested by Zephyyyr)
|
|t:|1658780298
|start
|switch|p1a: Sandaconda|Sandaconda, M|100/100
|switch|p2a: Hatterene|Hatterene, F, shiny|100/100
|turn|1
|
|t:|1658780325
|move|p1a: Sandaconda|High Horsepower|p2a: Hatterene|[miss]
|-miss|p1a: Sandaconda|p2a: Hatterene
|move|p2a: Hatterene|Psychic|p1a: Sandaconda
|-damage|p1a: Sandaconda|24/100
|
|-heal|p1a: Sandaconda|30/100|[from] item: Leftovers
|upkeep
|turn|2
|
|t:|1658780334
|switch|p1a: Hydreigon|Hydreigon, M|100/100
|move|p2a: Hatterene|Trick Room|p2a: Hatterene
|-fieldstart|move: Trick Room|[of] p2a: Hatterene
|
|upkeep
|turn|3
|
|t:|1658780339
|switch|p1a: Moltres|Moltres|100/100
|move|p2a: Hatterene|Healing Wish|p2a: Hatterene
|faint|p2a: Hatterene
|
|upkeep
|
|t:|1658780342
|switch|p2a: Marowak|Marowak-Alola, M, shiny|100/100
|turn|4
|
|t:|1658780350
|switch|p1a: Hydreigon|Hydreigon, M|100/100
|move|p2a: Marowak|Swords Dance|p2a: Marowak
|-boost|p2a: Marowak|atk|2
|
|upkeep
|turn|5
|
|t:|1658780355
|move|p2a: Marowak|Flare Blitz|p1a: Hydreigon
|-resisted|p1a: Hydreigon
|-damage|p1a: Hydreigon|0 fnt
|faint|p1a: Hydreigon
|
|upkeep
|
|t:|1658780362
|switch|p1a: Sandaconda|Sandaconda, M|30/100
|turn|6
|
|t:|1658780367
|move|p2a: Marowak|Shadow Bone|p1a: Sandaconda
|-damage|p1a: Sandaconda|0 fnt
|faint|p1a: Sandaconda
|
|-fieldend|move: Trick Room
|upkeep
|
|t:|1658780372
|switch|p1a: Primarina|Primarina, F|100/100
|turn|7
|
|t:|1658780377
|switch|p2a: Cresselia|Cresselia, F, shiny|100/100
|move|p1a: Primarina|Substitute|p1a: Primarina
|-start|p1a: Primarina|Substitute
|-damage|p1a: Primarina|75/100
|
|-heal|p1a: Primarina|82/100|[from] item: Leftovers
|upkeep
|turn|8
|
|t:|1658780380
|move|p2a: Cresselia|Psyshock|p1a: Primarina
|-end|p1a: Primarina|Substitute
|move|p1a: Primarina|Calm Mind|p1a: Primarina
|-boost|p1a: Primarina|spa|1
|-boost|p1a: Primarina|spd|1
|
|-heal|p1a: Primarina|88/100|[from] item: Leftovers
|upkeep
|turn|9
|
|t:|1658780390
|move|p2a: Cresselia|Psyshock|p1a: Primarina
|-damage|p1a: Primarina|63/100
|move|p1a: Primarina|Scald|p2a: Cresselia
|-damage|p2a: Cresselia|76/100
|
|-heal|p1a: Primarina|69/100|[from] item: Leftovers
|upkeep
|turn|10
|
|t:|1658780397
|move|p2a: Cresselia|Psyshock|p1a: Primarina
|-damage|p1a: Primarina|41/100
|move|p1a: Primarina|Scald|p2a: Cresselia
|-damage|p2a: Cresselia|52/100
|
|-heal|p1a: Primarina|47/100|[from] item: Leftovers
|upkeep
|turn|11
|
|t:|1658780405
|move|p2a: Cresselia|Psyshock|p1a: Primarina
|-damage|p1a: Primarina|19/100
|move|p1a: Primarina|Draining Kiss|p2a: Cresselia
|-damage|p2a: Cresselia|37/100
|-heal|p1a: Primarina|33/100|[from] drain|[of] p2a: Cresselia
|
|-heal|p1a: Primarina|39/100|[from] item: Leftovers
|upkeep
|turn|12
|
|t:|1658780412
|move|p2a: Cresselia|Psyshock|p1a: Primarina
|-damage|p1a: Primarina|11/100
|move|p1a: Primarina|Draining Kiss|p2a: Cresselia
|-damage|p2a: Cresselia|23/100
|-heal|p1a: Primarina|24/100|[from] drain|[of] p2a: Cresselia
|
|-heal|p1a: Primarina|30/100|[from] item: Leftovers
|upkeep
|turn|13
|
|t:|1658780421
|move|p1a: Primarina|Draining Kiss|p2a: Cresselia
|-damage|p2a: Cresselia|7/100
|-heal|p1a: Primarina|44/100|[from] drain|[of] p2a: Cresselia
|move|p2a: Cresselia|Trick Room|p2a: Cresselia
|-fieldstart|move: Trick Room|[of] p2a: Cresselia
|
|-heal|p1a: Primarina|50/100|[from] item: Leftovers
|upkeep
|turn|14
|
|t:|1658780429
|move|p1a: Primarina|Substitute|p1a: Primarina
|-start|p1a: Primarina|Substitute
|-damage|p1a: Primarina|25/100
|move|p2a: Cresselia|Psyshock|p1a: Primarina
|-end|p1a: Primarina|Substitute
|
|-heal|p1a: Primarina|32/100|[from] item: Leftovers
|upkeep
|turn|15
|
|t:|1658780435
|move|p1a: Primarina|Substitute|p1a: Primarina
|-start|p1a: Primarina|Substitute
|-damage|p1a: Primarina|7/100
|move|p2a: Cresselia|Psyshock|p1a: Primarina
|-end|p1a: Primarina|Substitute
|
|-heal|p1a: Primarina|13/100|[from] item: Leftovers
|upkeep
|turn|16
|
|t:|1658780440
|move|p1a: Primarina|Scald|p2a: Cresselia
|-damage|p2a: Cresselia|0 fnt
|faint|p2a: Cresselia
|
|-heal|p1a: Primarina|19/100|[from] item: Leftovers
|upkeep
|
|t:|1658780451
|switch|p2a: Conkeldurr|Conkeldurr, M, shiny|100/100
|turn|17
|
|t:|1658780458
|switch|p1a: Tapu Bulu|Tapu Bulu|100/100
|-fieldstart|move: Grassy Terrain|[from] ability: Grassy Surge|[of] p1a: Tapu Bulu
|move|p2a: Conkeldurr|Close Combat|p1a: Tapu Bulu
|-resisted|p1a: Tapu Bulu
|-damage|p1a: Tapu Bulu|72/100
|-unboost|p2a: Conkeldurr|def|1
|-unboost|p2a: Conkeldurr|spd|1
|
|-heal|p1a: Tapu Bulu|78/100|[from] Grassy Terrain
|-fieldend|move: Trick Room
|-status|p2a: Conkeldurr|brn|[from] item: Flame Orb
|upkeep
|turn|18
|
|t:|1658780464
|switch|p2a: Porygon2|Porygon2, shiny|100/100
|-ability|p2a: Porygon2|Grassy Surge|[from] ability: Trace|[of] p1a: Tapu Bulu
|move|p1a: Tapu Bulu|Swords Dance|p1a: Tapu Bulu
|-boost|p1a: Tapu Bulu|atk|2
|
|-heal|p1a: Tapu Bulu|84/100|[from] Grassy Terrain
|upkeep
|turn|19
|
|t:|1658780471
|move|p1a: Tapu Bulu|Swords Dance|p1a: Tapu Bulu
|-boost|p1a: Tapu Bulu|atk|2
|move|p2a: Porygon2|Trick Room|p2a: Porygon2
|-fieldstart|move: Trick Room|[of] p2a: Porygon2
|
|-heal|p1a: Tapu Bulu|90/100|[from] Grassy Terrain
|upkeep
|turn|20
|
|t:|1658780476
|switch|p2a: Torkoal|Torkoal, M, shiny|100/100
|-weather|SunnyDay|[from] ability: Drought|[of] p2a: Torkoal
|move|p1a: Tapu Bulu|Horn Leech|p2a: Torkoal
|-resisted|p2a: Torkoal
|-damage|p2a: Torkoal|50/100
|-heal|p1a: Tapu Bulu|100/100|[from] drain|[of] p2a: Torkoal
|
|-weather|SunnyDay|[upkeep]
|-heal|p2a: Torkoal|56/100|[from] Grassy Terrain
|upkeep
|turn|21
|
|t:|1658780485
|switch|p1a: Moltres|Moltres|100/100
|move|p2a: Torkoal|Weather Ball|p1a: Moltres
|-resisted|p1a: Moltres
|-damage|p1a: Moltres|45/100
|
|-weather|SunnyDay|[upkeep]
|-heal|p2a: Torkoal|63/100|[from] Grassy Terrain
|-fieldend|move: Grassy Terrain
|upkeep
|turn|22
|inactive|CantoChris has 120 seconds left.
|
|t:|1658780518
|move|p2a: Torkoal|Weather Ball|p1a: Moltres
|-resisted|p1a: Moltres
|-damage|p1a: Moltres|0 fnt
|faint|p1a: Moltres
|
|-weather|SunnyDay|[upkeep]
|upkeep
|inactive|CantoChris has 120 seconds left.
|
|t:|1658780540
|switch|p1a: Primarina|Primarina, F|19/100
|turn|23
|
|t:|1658780543
|move|p2a: Torkoal|Weather Ball|p1a: Primarina
|-resisted|p1a: Primarina
|-damage|p1a: Primarina|0 fnt
|faint|p1a: Primarina
|
|-weather|SunnyDay|[upkeep]
|-fieldend|move: Trick Room
|upkeep
|
|t:|1658780548
|switch|p1a: Cobalion|Cobalion|100/100
|turn|24
|
|t:|1658780553
|move|p1a: Cobalion|Close Combat|p2a: Torkoal
|-damage|p2a: Torkoal|24/100
|-unboost|p1a: Cobalion|def|1
|-unboost|p1a: Cobalion|spd|1
|move|p2a: Torkoal|Weather Ball|p1a: Cobalion
|-supereffective|p1a: Cobalion
|-damage|p1a: Cobalion|0 fnt
|faint|p1a: Cobalion
|
|-weather|none
|upkeep
|
|t:|1658780557
|switch|p1a: Tapu Bulu|Tapu Bulu|100/100
|-fieldstart|move: Grassy Terrain|[from] ability: Grassy Surge|[of] p1a: Tapu Bulu
|turn|25
|
|t:|1658780561
|switch|p2a: Porygon2|Porygon2, shiny|100/100
|-ability|p2a: Porygon2|Grassy Surge|[from] ability: Trace|[of] p1a: Tapu Bulu
|move|p1a: Tapu Bulu|Stone Edge|p2a: Porygon2
|-crit|p2a: Porygon2
|-damage|p2a: Porygon2|81/100
|
|-heal|p2a: Porygon2|87/100|[from] Grassy Terrain
|upkeep
|turn|26
|
|t:|1658780569
|move|p1a: Tapu Bulu|Swords Dance|p1a: Tapu Bulu
|-boost|p1a: Tapu Bulu|atk|2
|move|p2a: Porygon2|Trick Room|p2a: Porygon2
|-fieldstart|move: Trick Room|[of] p2a: Porygon2
|
|-heal|p2a: Porygon2|93/100|[from] Grassy Terrain
|upkeep
|turn|27
|
|t:|1658780572
|move|p1a: Tapu Bulu|Horn Leech|p2a: Porygon2
|-damage|p2a: Porygon2|49/100
|move|p2a: Porygon2|Teleport|p2a: Porygon2
|
|t:|1658780573
|switch|p2a: Torkoal|Torkoal, M, shiny|24/100|[from]move: Teleport
|-heal|p2a: Torkoal|100/100|[from] move: Healing Wish
|-weather|SunnyDay|[from] ability: Drought|[of] p2a: Torkoal
|
|-weather|SunnyDay|[upkeep]
|upkeep
|turn|28
|
|t:|1658780575
|move|p2a: Torkoal|Eruption|p1a: Tapu Bulu
|-supereffective|p1a: Tapu Bulu
|-damage|p1a: Tapu Bulu|0 fnt
|faint|p1a: Tapu Bulu
|
|win|Zephyyyr
|raw|CantoChris's rating: 1372 &rarr; <strong>1366</strong><br />(-6 for losing)
|raw|Zephyyyr's rating: 1673 &rarr; <strong>1679</strong><br />(+6 for winning)
|l|☆CantoChris
||Ladder isn't responding, score probably updated but might not have (Request timeout).
|l|☆Zephyyyr
|j|☆Zephyyyr
|player|p2|Zephyyyr|richboy
