|j|☆GreatSwitch!
|j|☆pokemonisfun
|t:|1665363426
|gametype|singles
|player|p1|GreatSwitch!|101|1583
|player|p2|pokemonisfun|#uutrio2ladder|1871
|teamsize|p1|6
|teamsize|p2|6
|gen|8
|tier|[Gen 8] UU
|rated|
|rule|Sleep Clause Mod: Limit one foe put to sleep
|rule|Species Clause: Limit one of each Pokémon
|rule|OHKO Clause: OHKO moves are banned
|rule|Evasion Items Clause: Evasion items are banned
|rule|Evasion Moves Clause: Evasion moves are banned
|rule|Endless Battle Clause: Forcing endless battles is banned
|rule|HP Percentage Mod: HP is shown in percentages
|rule|Dynamax Clause: You cannot dynamax
|clearpoke
|poke|p1|Reuniclus, F|
|poke|p1|Hydreigon, F|
|poke|p1|Chansey, F|
|poke|p1|Salamence, F|
|poke|p1|Cobalion|
|poke|p1|Hippowdon, M|
|poke|p2|Primarina, M|
|poke|p2|Jirachi|
|poke|p2|Nidoqueen, F|
|poke|p2|Salamence, M|
|poke|p2|Zarude|
|poke|p2|Scizor, M|
|teampreview
|c|☆GreatSwitch!|lmao
|
|t:|1665363452
|start
|switch|p1a: Hydreigon|Hydreigon, F|100/100
|switch|p2a: funky monkey|Zarude|100/100
|turn|1
|
|t:|1665363474
|switch|p1a: Cobalion|Cobalion|100/100
|move|p2a: funky monkey|U-turn|p1a: Cobalion
|-resisted|p1a: Cobalion
|-damage|p1a: Cobalion|96/100
|-damage|p2a: funky monkey|84/100|[from] item: Rocky Helmet|[of] p1a: Cobalion
|
|t:|1665363477
|switch|p2a: queenbean 69420|Nidoqueen, F|100/100|[from]move: U-turn
|
|upkeep
|turn|2
|
|t:|1665363485
|switch|p1a: Chansey|Chansey, F|100/100
|move|p2a: queenbean 69420|Stealth Rock|p1a: Chansey
|-sidestart|p1: GreatSwitch!|move: Stealth Rock
|
|upkeep
|turn|3
|
|t:|1665363489
|switch|p2a: punchy wunchy|Scizor, M|100/100
|move|p1a: Chansey|Seismic Toss|p2a: punchy wunchy
|-damage|p2a: punchy wunchy|71/100
|
|upkeep
|turn|4
|
|t:|1665363495
|switch|p1a: Cobalion|Cobalion|96/100
|-damage|p1a: Cobalion|93/100|[from] Stealth Rock
|move|p2a: punchy wunchy|Knock Off|p1a: Cobalion
|-resisted|p1a: Cobalion
|-damage|p1a: Cobalion|81/100
|-damage|p2a: punchy wunchy|55/100|[from] item: Rocky Helmet|[of] p1a: Cobalion
|-ability|p1a: Cobalion|Justified|boost
|-boost|p1a: Cobalion|atk|1
|-enditem|p1a: Cobalion|Rocky Helmet|[from] move: Knock Off|[of] p2a: punchy wunchy
|
|upkeep
|turn|5
|
|t:|1665363514
|switch|p2a: airy scary|Salamence, M|100/100
|-ability|p2a: airy scary|Intimidate|boost
|-unboost|p1a: Cobalion|atk|1
|move|p1a: Cobalion|Iron Head|p2a: airy scary
|-damage|p2a: airy scary|65/100
|
|upkeep
|turn|6
|
|t:|1665363534
|switch|p1a: Hippowdon|Hippowdon, M|100/100
|-damage|p1a: Hippowdon|94/100|[from] Stealth Rock
|-weather|Sandstorm|[from] ability: Sand Stream|[of] p1a: Hippowdon
|switch|p2a: queenbean 69420|Nidoqueen, F|100/100
|
|-weather|Sandstorm|[upkeep]
|-heal|p1a: Hippowdon|100/100|[from] item: Leftovers
|upkeep
|turn|7
|
|t:|1665363561
|switch|p2a: punchy wunchy|Scizor, M|55/100
|move|p1a: Hippowdon|Stealth Rock|p2a: punchy wunchy
|-sidestart|p2: pokemonisfun|move: Stealth Rock
|
|-weather|Sandstorm|[upkeep]
|upkeep
|turn|8
|
|t:|1665363567
|switch|p1a: Cobalion|Cobalion|81/100
|-damage|p1a: Cobalion|78/100|[from] Stealth Rock
|move|p2a: punchy wunchy|Roost|p2a: punchy wunchy
|-heal|p2a: punchy wunchy|100/100
|-singleturn|p2a: punchy wunchy|move: Roost
|
|-weather|Sandstorm|[upkeep]
|upkeep
|turn|9
|
|t:|1665363572
|move|p1a: Cobalion|Iron Head|p2a: punchy wunchy
|-resisted|p2a: punchy wunchy
|-damage|p2a: punchy wunchy|88/100
|move|p2a: punchy wunchy|U-turn|p1a: Cobalion
|-resisted|p1a: Cobalion
|-damage|p1a: Cobalion|72/100
|
|t:|1665363579
|switch|p2a: queenbean 69420|Nidoqueen, F|100/100|[from]move: U-turn
|-damage|p2a: queenbean 69420|94/100|[from] Stealth Rock
|
|-weather|Sandstorm|[upkeep]
|upkeep
|turn|10
|
|t:|1665363584
|switch|p1a: Chansey|Chansey, F|100/100
|-damage|p1a: Chansey|88/100|[from] Stealth Rock
|switch|p2a: punchy wunchy|Scizor, M|88/100
|
|-weather|none
|upkeep
|turn|11
|
|t:|1665363595
|move|p2a: punchy wunchy|U-turn|p1a: Chansey
|-damage|p1a: Chansey|68/100
|
|t:|1665363599
|switch|p2a: inch by flinch|Jirachi|100/100|[from]move: U-turn
|-damage|p2a: inch by flinch|94/100|[from] Stealth Rock
|move|p1a: Chansey|Teleport|p1a: Chansey
|
|t:|1665363601
|switch|p1a: Hydreigon|Hydreigon, F|100/100|[from]move: Teleport
|-damage|p1a: Hydreigon|88/100|[from] Stealth Rock
|
|-heal|p2a: inch by flinch|100/100|[from] item: Leftovers
|upkeep
|turn|12
|
|t:|1665363604
|move|p2a: inch by flinch|Protect|p2a: inch by flinch
|-singleturn|p2a: inch by flinch|Protect
|move|p1a: Hydreigon|U-turn|p2a: inch by flinch
|-activate|p2a: inch by flinch|move: Protect
|
|upkeep
|turn|13
|
|t:|1665363610
|move|p1a: Hydreigon|U-turn|p2a: inch by flinch
|-damage|p2a: inch by flinch|87/100
|
|t:|1665363612
|switch|p1a: Cobalion|Cobalion|72/100|[from]move: U-turn
|-damage|p1a: Cobalion|69/100|[from] Stealth Rock
|move|p2a: inch by flinch|U-turn|p1a: Cobalion
|-resisted|p1a: Cobalion
|-damage|p1a: Cobalion|66/100
|
|t:|1665363616
|switch|p2a: queenbean 69420|Nidoqueen, F|94/100|[from]move: U-turn
|-damage|p2a: queenbean 69420|88/100|[from] Stealth Rock
|
|upkeep
|turn|14
|
|t:|1665363631
|switch|p1a: Chansey|Chansey, F|68/100
|-damage|p1a: Chansey|56/100|[from] Stealth Rock
|switch|p2a: punchy wunchy|Scizor, M|88/100
|
|upkeep
|turn|15
|
|t:|1665363641
|switch|p1a: Cobalion|Cobalion|66/100
|-damage|p1a: Cobalion|62/100|[from] Stealth Rock
|move|p2a: punchy wunchy|Knock Off|p1a: Cobalion
|-resisted|p1a: Cobalion
|-damage|p1a: Cobalion|54/100
|-ability|p1a: Cobalion|Justified|boost
|-boost|p1a: Cobalion|atk|1
|
|upkeep
|turn|16
|
|t:|1665363647
|move|p1a: Cobalion|Close Combat|p2a: punchy wunchy
|-damage|p2a: punchy wunchy|31/100
|-unboost|p1a: Cobalion|def|1
|-unboost|p1a: Cobalion|spd|1
|move|p2a: punchy wunchy|U-turn|p1a: Cobalion
|-resisted|p1a: Cobalion
|-damage|p1a: Cobalion|45/100
|
|t:|1665363651
|switch|p2a: queenbean 69420|Nidoqueen, F|88/100|[from]move: U-turn
|-damage|p2a: queenbean 69420|82/100|[from] Stealth Rock
|
|upkeep
|turn|17
|
|t:|1665363655
|move|p1a: Cobalion|Iron Head|p2a: queenbean 69420
|-damage|p2a: queenbean 69420|33/100
|cant|p2a: queenbean 69420|flinch
|
|upkeep
|turn|18
|
|t:|1665363663
|switch|p2a: airy scary|Salamence, M|65/100
|-ability|p2a: airy scary|Intimidate|boost
|-unboost|p1a: Cobalion|atk|1
|move|p1a: Cobalion|Iron Head|p2a: airy scary
|-damage|p2a: airy scary|31/100
|
|upkeep
|turn|19
|
|t:|1665363667
|switch|p2a: inch by flinch|Jirachi|87/100
|-damage|p2a: inch by flinch|81/100|[from] Stealth Rock
|move|p1a: Cobalion|Iron Head|p2a: inch by flinch
|-resisted|p2a: inch by flinch
|-damage|p2a: inch by flinch|67/100
|
|-heal|p2a: inch by flinch|74/100|[from] item: Leftovers
|upkeep
|turn|20
|
|t:|1665363676
|move|p1a: Cobalion|Swords Dance|p1a: Cobalion
|-boost|p1a: Cobalion|atk|2
|move|p2a: inch by flinch|Iron Head|p1a: Cobalion
|-resisted|p1a: Cobalion
|-damage|p1a: Cobalion|26/100
|
|-heal|p2a: inch by flinch|80/100|[from] item: Leftovers
|upkeep
|turn|21
|
|t:|1665363680
|move|p2a: inch by flinch|Protect|p2a: inch by flinch
|-singleturn|p2a: inch by flinch|Protect
|move|p1a: Cobalion|Close Combat|p2a: inch by flinch
|-activate|p2a: inch by flinch|move: Protect
|
|-heal|p2a: inch by flinch|86/100|[from] item: Leftovers
|upkeep
|turn|22
|
|t:|1665363734
|move|p1a: Cobalion|Close Combat|p2a: inch by flinch
|-crit|p2a: inch by flinch
|-damage|p2a: inch by flinch|0 fnt
|-unboost|p1a: Cobalion|def|1
|-unboost|p1a: Cobalion|spd|1
|faint|p2a: inch by flinch
|
|upkeep
|
|t:|1665363739
|switch|p2a: funky monkey|Zarude|84/100
|-damage|p2a: funky monkey|72/100|[from] Stealth Rock
|turn|23
|
|t:|1665363765
|switch|p1a: Salamence|Salamence, F|100/100
|-ability|p1a: Salamence|Intimidate|boost
|-unboost|p2a: funky monkey|atk|1
|move|p2a: funky monkey|U-turn|p1a: Salamence
|-resisted|p1a: Salamence
|-damage|p1a: Salamence|94/100
|
|t:|1665363772
|switch|p2a: seal that squeals|Primarina, M|100/100|[from]move: U-turn
|-damage|p2a: seal that squeals|88/100|[from] Stealth Rock
|
|upkeep
|turn|24
|
|t:|1665363797
|switch|p1a: Hydreigon|Hydreigon, F|88/100
|-damage|p1a: Hydreigon|76/100|[from] Stealth Rock
|move|p2a: seal that squeals|Moonblast|p1a: Hydreigon
|-supereffective|p1a: Hydreigon
|-damage|p1a: Hydreigon|0 fnt
|faint|p1a: Hydreigon
|
|upkeep
|
|t:|1665363800
|switch|p1a: Chansey|Chansey, F|56/100
|-damage|p1a: Chansey|43/100|[from] Stealth Rock
|turn|25
|
|t:|1665363806
|switch|p2a: punchy wunchy|Scizor, M|31/100
|move|p1a: Chansey|Teleport|p1a: Chansey
|
|t:|1665363813
|switch|p1a: Cobalion|Cobalion|26/100|[from]move: Teleport
|-damage|p1a: Cobalion|23/100|[from] Stealth Rock
|
|upkeep
|turn|26
|
|t:|1665363817
|switch|p2a: airy scary|Salamence, M|31/100
|-ability|p2a: airy scary|Intimidate|boost
|-unboost|p1a: Cobalion|atk|1
|move|p1a: Cobalion|Close Combat|p2a: airy scary
|-resisted|p2a: airy scary
|-damage|p2a: airy scary|15/100
|-unboost|p1a: Cobalion|def|1
|-unboost|p1a: Cobalion|spd|1
|
|upkeep
|turn|27
|
|t:|1665363834
|switch|p2a: queenbean 69420|Nidoqueen, F|33/100
|-damage|p2a: queenbean 69420|27/100|[from] Stealth Rock
|move|p1a: Cobalion|Iron Head|p2a: queenbean 69420
|-damage|p2a: queenbean 69420|0 fnt
|faint|p2a: queenbean 69420
|
|upkeep
|
|t:|1665363850
|switch|p2a: punchy wunchy|Scizor, M|31/100
|turn|28
|
|t:|1665363856
|switch|p1a: Salamence|Salamence, F|94/100
|-ability|p1a: Salamence|Intimidate|boost
|-unboost|p2a: punchy wunchy|atk|1
|move|p2a: punchy wunchy|U-turn|p1a: Salamence
|-resisted|p1a: Salamence
|-damage|p1a: Salamence|86/100
|
|t:|1665363864
|switch|p2a: seal that squeals|Primarina, M|88/100|[from]move: U-turn
|-damage|p2a: seal that squeals|76/100|[from] Stealth Rock
|
|upkeep
|turn|29
|
|t:|1665363870
|switch|p1a: Hippowdon|Hippowdon, M|100/100
|-damage|p1a: Hippowdon|94/100|[from] Stealth Rock
|-weather|Sandstorm|[from] ability: Sand Stream|[of] p1a: Hippowdon
|move|p2a: seal that squeals|Moonblast|p1a: Hippowdon
|-damage|p1a: Hippowdon|18/100
|-unboost|p1a: Hippowdon|spa|1
|
|-weather|Sandstorm|[upkeep]
|-damage|p2a: seal that squeals|70/100|[from] Sandstorm
|-heal|p1a: Hippowdon|24/100|[from] item: Leftovers
|upkeep
|turn|30
|
|t:|1665363873
|move|p2a: seal that squeals|Moonblast|p1a: Hippowdon
|-damage|p1a: Hippowdon|0 fnt
|faint|p1a: Hippowdon
|
|-weather|Sandstorm|[upkeep]
|-damage|p2a: seal that squeals|64/100|[from] Sandstorm
|upkeep
|j|+avarice
|
|t:|1665363897
|switch|p1a: Reuniclus|Reuniclus, F, shiny|100/100
|turn|31
|l|+avarice
|
|t:|1665363916
|move|p2a: seal that squeals|Moonblast|p1a: Reuniclus
|-damage|p1a: Reuniclus|24/100
|-unboost|p1a: Reuniclus|spa|1
|move|p1a: Reuniclus|Psyshock|p2a: seal that squeals
|-damage|p2a: seal that squeals|31/100
|
|-weather|Sandstorm|[upkeep]
|-damage|p2a: seal that squeals|25/100|[from] Sandstorm
|upkeep
|turn|32
|
|t:|1665363923
|move|p2a: seal that squeals|Moonblast|p1a: Reuniclus
|-damage|p1a: Reuniclus|0 fnt
|faint|p1a: Reuniclus
|
|-weather|Sandstorm|[upkeep]
|-damage|p2a: seal that squeals|19/100|[from] Sandstorm
|upkeep
|
|t:|1665363940
|switch|p1a: Cobalion|Cobalion|23/100
|-damage|p1a: Cobalion|20/100|[from] Stealth Rock
|turn|33
|
|t:|1665363957
|move|p1a: Cobalion|Iron Head|p2a: seal that squeals
|-damage|p2a: seal that squeals|0 fnt
|faint|p2a: seal that squeals
|
|-weather|none
|upkeep
|
|t:|1665363963
|switch|p2a: funky monkey|Zarude|72/100
|-damage|p2a: funky monkey|59/100|[from] Stealth Rock
|turn|34
|
|t:|1665363978
|switch|p1a: Chansey|Chansey, F|43/100
|-damage|p1a: Chansey|31/100|[from] Stealth Rock
|move|p2a: funky monkey|U-turn|p1a: Chansey
|-damage|p1a: Chansey|16/100
|
|t:|1665363995
|switch|p2a: punchy wunchy|Scizor, M|31/100|[from]move: U-turn
|
|upkeep
|turn|35
|
|t:|1665364011
|move|p2a: punchy wunchy|U-turn|p1a: Chansey
|-damage|p1a: Chansey|0 fnt
|faint|p1a: Chansey
|
|t:|1665364018
|switch|p2a: funky monkey|Zarude|59/100|[from]move: U-turn
|-damage|p2a: funky monkey|47/100|[from] Stealth Rock
|
|upkeep
|
|t:|1665364020
|switch|p1a: Salamence|Salamence, F|86/100
|-ability|p1a: Salamence|Intimidate|boost
|-unboost|p2a: funky monkey|atk|1
|turn|36
|
|t:|1665364040
|move|p2a: funky monkey|Darkest Lariat|p1a: Salamence
|-damage|p1a: Salamence|62/100
|move|p1a: Salamence|Dual Wingbeat|p2a: funky monkey
|-supereffective|p2a: funky monkey
|-damage|p2a: funky monkey|8/100
|-supereffective|p2a: funky monkey
|-damage|p2a: funky monkey|0 fnt
|faint|p2a: funky monkey
|-hitcount|p2: funky monkey|2
|
|upkeep
|
|t:|1665364044
|switch|p2a: airy scary|Salamence, M|15/100
|-ability|p2a: airy scary|Intimidate|boost
|-unboost|p1a: Salamence|atk|1
|turn|37
|
|t:|1665364050
|move|p2a: airy scary|Roost|p2a: airy scary
|-heal|p2a: airy scary|65/100
|-singleturn|p2a: airy scary|move: Roost
|move|p1a: Salamence|Dual Wingbeat|p2a: airy scary
|-damage|p2a: airy scary|50/100
|-damage|p2a: airy scary|35/100
|-hitcount|p2a: airy scary|2
|
|upkeep
|turn|38
|
|t:|1665364055
|move|p2a: airy scary|Roost|p2a: airy scary
|-heal|p2a: airy scary|85/100
|-singleturn|p2a: airy scary|move: Roost
|move|p1a: Salamence|Roost|p1a: Salamence
|-heal|p1a: Salamence|100/100
|-singleturn|p1a: Salamence|move: Roost
|
|upkeep
|turn|39
|
|t:|1665364059
|move|p2a: airy scary|Toxic|p1a: Salamence
|-status|p1a: Salamence|tox
|move|p1a: Salamence|Dual Wingbeat|p2a: airy scary
|-damage|p2a: airy scary|70/100
|-damage|p2a: airy scary|56/100
|-hitcount|p2a: airy scary|2
|
|-damage|p1a: Salamence|94/100 tox|[from] psn
|upkeep
|turn|40
|
|t:|1665364064
|move|p2a: airy scary|Roost|p2a: airy scary
|-heal|p2a: airy scary|100/100
|-singleturn|p2a: airy scary|move: Roost
|move|p1a: Salamence|Dual Wingbeat|p2a: airy scary
|-damage|p2a: airy scary|86/100
|-damage|p2a: airy scary|71/100
|-hitcount|p2a: airy scary|2
|
|-damage|p1a: Salamence|82/100 tox|[from] psn
|upkeep
|turn|41
|
|t:|1665364070
|move|p2a: airy scary|Roost|p2a: airy scary
|-heal|p2a: airy scary|100/100
|-singleturn|p2a: airy scary|move: Roost
|move|p1a: Salamence|Dual Wingbeat|p2a: airy scary
|-crit|p2a: airy scary
|-damage|p2a: airy scary|65/100
|-damage|p2a: airy scary|50/100
|-hitcount|p2a: airy scary|2
|
|-damage|p1a: Salamence|64/100 tox|[from] psn
|upkeep
|turn|42
|
|t:|1665364075
|switch|p1a: Cobalion|Cobalion|20/100
|-damage|p1a: Cobalion|17/100|[from] Stealth Rock
|move|p2a: airy scary|Roost|p2a: airy scary
|-heal|p2a: airy scary|99/100
|-singleturn|p2a: airy scary|move: Roost
|
|upkeep
|turn|43
|
|t:|1665364083
|move|p1a: Cobalion|Iron Head|p2a: airy scary
|-damage|p2a: airy scary|65/100
|move|p2a: airy scary|Flamethrower|p1a: Cobalion
|-supereffective|p1a: Cobalion
|-damage|p1a: Cobalion|0 fnt
|faint|p1a: Cobalion
|
|upkeep
|c|☆GreatSwitch!|gg
|c|☆pokemonisfun|gg
|c|☆GreatSwitch!|didn't expect the toxic.
|-message|GreatSwitch! forfeited.
|
|win|pokemonisfun
|raw|GreatSwitch!'s rating: 1583 &rarr; <strong>1577</strong><br />(-6 for losing)
|raw|pokemonisfun's rating: 1871 &rarr; <strong>1877</strong><br />(+6 for winning)
||Ladder isn't responding, score probably updated but might not have (Request timeout).
|n| pif|pokemonisfun
|l| pif
