|inactive|Battle timer is ON: inactive players will automatically lose when time's up.
|j|☆touflick
|j|☆Cam
|t:|1657300719
|gametype|singles
|player|p1|touflick|swimmer-gen4|
|player|p2|Cam|may-contest|
|teamsize|p1|6
|teamsize|p2|6
|gen|8
|tier|[Gen 8] UU
|rated|Tournament battle
|rule|Sleep Clause Mod: Limit one foe put to sleep
|rule|Species Clause: Limit one of each Pokémon
|rule|OHKO Clause: OHKO moves are banned
|rule|Evasion Moves Clause: Evasion moves are banned
|rule|Endless Battle Clause: Forcing endless battles is banned
|rule|HP Percentage Mod: HP is shown in percentages
|rule|Dynamax Clause: You cannot dynamax
|rule|Blitz: Super-fast timer
|clearpoke
|poke|p1|Tangrowth, M|
|poke|p1|Amoonguss, F|
|poke|p1|Chansey, F|
|poke|p1|Jirachi|
|poke|p1|Tentacruel, M|
|poke|p1|Porygon2|
|poke|p2|Zarude|
|poke|p2|Slowking, M|
|poke|p2|Hippowdon, F|
|poke|p2|Azelf|
|poke|p2|Scizor, F|
|poke|p2|Salamence, M|
|teampreview
|inactive|touflick also wants the timer to be on.
|c|☆Cam|hf
|inactive|Cam has 30 seconds left.
|c|☆touflick|hf
|j|%pokemonisfun
|j|+suloxiv ✿
|inactive|Cam has 20 seconds left.
|inactive|Cam has 15 seconds left.
|
|t:|1657300746
|start
|switch|p1a: Jirachi|Jirachi|100/100
|switch|p2a: Zarude|Zarude|100/100
|turn|1
|c|%pokemonisfun|p2 chansey core
|c|%pokemonisfun|unbeatable
|
|t:|1657300750
|switch|p2a: Hippowdon|Hippowdon, F|100/100
|-weather|Sandstorm|[from] ability: Sand Stream|[of] p2a: Hippowdon
|move|p1a: Jirachi|Stealth Rock|p2a: Hippowdon
|-sidestart|p2: Cam|move: Stealth Rock
|
|-weather|Sandstorm|[upkeep]
|upkeep
|turn|2
|
|t:|1657300752
|move|p1a: Jirachi|Toxic|p2a: Hippowdon|[miss]
|-miss|p1a: Jirachi|p2a: Hippowdon
|move|p2a: Hippowdon|Stealth Rock|p1a: Jirachi
|-sidestart|p1: touflick|move: Stealth Rock
|
|-weather|Sandstorm|[upkeep]
|upkeep
|turn|3
|inactive|Cam has 10 seconds left.
|
|t:|1657300758
|switch|p1a: Tangrowth|Tangrowth, M|100/100
|-damage|p1a: Tangrowth|88/100|[from] Stealth Rock
|switch|p2a: Scizor|Scizor, F|100/100
|
|-weather|Sandstorm|[upkeep]
|-damage|p1a: Tangrowth|82/100|[from] Sandstorm
|upkeep
|turn|4
|inactive|Cam has 10 seconds left.
|
|t:|1657300764
|move|p2a: Scizor|Swords Dance|p2a: Scizor
|-boost|p2a: Scizor|atk|2
|move|p1a: Tangrowth|Sleep Powder|p2a: Scizor|[miss]
|-miss|p1a: Tangrowth|p2a: Scizor
|
|-weather|Sandstorm|[upkeep]
|-damage|p1a: Tangrowth|76/100|[from] Sandstorm
|upkeep
|turn|5
|c|+suloxiv ✿|bro brought balance to a blitz tour...
|inactive|touflick has 10 seconds left.
|
|t:|1657300770
|move|p2a: Scizor|Swords Dance|p2a: Scizor
|-boost|p2a: Scizor|atk|2
|move|p1a: Tangrowth|Sleep Powder|p2a: Scizor
|-status|p2a: Scizor|slp|[from] move: Sleep Powder
|
|-weather|none
|upkeep
|turn|6
|
|t:|1657300772
|cant|p2a: Scizor|slp
|move|p1a: Tangrowth|Knock Off|p2a: Scizor
|-damage|p2a: Scizor|78/100 slp
|-enditem|p2a: Scizor|Heavy-Duty Boots|[from] move: Knock Off|[of] p1a: Tangrowth
|
|upkeep
|turn|7
|
|t:|1657300776
|-curestatus|p2a: Scizor|slp|[msg]
|move|p2a: Scizor|Knock Off|p1a: Tangrowth
|-damage|p1a: Tangrowth|17/100
|-damage|p2a: Scizor|62/100|[from] item: Rocky Helmet|[of] p1a: Tangrowth
|-enditem|p1a: Tangrowth|Rocky Helmet|[from] move: Knock Off|[of] p2a: Scizor
|move|p1a: Tangrowth|Leech Seed|p2a: Scizor|[miss]
|-miss|p1a: Tangrowth|p2a: Scizor
|
|upkeep
|turn|8
|c|%pokemonisfun|2 chanseys and 2 tangrowth
|inactive|touflick has 10 seconds left.
|
|t:|1657300785
|switch|p1a: Porygon2|Porygon2|100/100
|-damage|p1a: Porygon2|88/100|[from] Stealth Rock
|-ability|p1a: Porygon2|Download|boost
|-boost|p1a: Porygon2|spa|1
|move|p2a: Scizor|Knock Off|p1a: Porygon2
|-damage|p1a: Porygon2|22/100
|-enditem|p1a: Porygon2|Eviolite|[from] move: Knock Off|[of] p2a: Scizor
|
|upkeep
|turn|9
|c|%pokemonisfun|how is this possible
|
|t:|1657300788
|move|p2a: Scizor|Bullet Punch|p1a: Porygon2
|-damage|p1a: Porygon2|0 fnt
|faint|p1a: Porygon2
|
|upkeep
|
|t:|1657300790
|switch|p1a: Amoonguss|Amoonguss, F|100/100
|-damage|p1a: Amoonguss|88/100|[from] Stealth Rock
|turn|10
|
|t:|1657300793
|move|p2a: Scizor|Knock Off|p1a: Amoonguss
|-damage|p1a: Amoonguss|0 fnt
|-enditem|p1a: Amoonguss|Black Sludge|[from] move: Knock Off|[of] p2a: Scizor
|faint|p1a: Amoonguss
|
|upkeep
|
|t:|1657300797
|switch|p1a: Jirachi|Jirachi|100/100
|-damage|p1a: Jirachi|94/100|[from] Stealth Rock
|turn|11
|
|t:|1657300800
|move|p1a: Jirachi|Body Slam|p2a: Scizor
|-resisted|p2a: Scizor
|-damage|p2a: Scizor|52/100
|-status|p2a: Scizor|par
|cant|p2a: Scizor|par
|
|-heal|p1a: Jirachi|100/100|[from] item: Leftovers
|upkeep
|turn|12
|c|%pokemonisfun|society
|
|t:|1657300804
|move|p1a: Jirachi|Stealth Rock||[still]
|-fail|p1a: Jirachi
|move|p2a: Scizor|Knock Off|p1a: Jirachi
|-supereffective|p1a: Jirachi
|-damage|p1a: Jirachi|0 fnt
|-enditem|p1a: Jirachi|Leftovers|[from] move: Knock Off|[of] p2a: Scizor
|faint|p1a: Jirachi
|
|upkeep
|c|%pokemonisfun|society
|inactive|touflick has 10 seconds left.
|inactive|touflick has 5 seconds left.
|
|t:|1657300816
|switch|p1a: Tentacruel|Tentacruel, M|100/100
|-damage|p1a: Tentacruel|88/100|[from] Stealth Rock
|turn|13
|inactive|touflick has 10 seconds left this turn.
|
|t:|1657300818
|move|p1a: Tentacruel|Scald|p2a: Scizor
|-damage|p2a: Scizor|26/100 par
|move|p2a: Scizor|Knock Off|p1a: Tentacruel
|-damage|p1a: Tentacruel|0 fnt
|-enditem|p1a: Tentacruel|Black Sludge|[from] move: Knock Off|[of] p2a: Scizor
|faint|p1a: Tentacruel
|
|upkeep
|
|t:|1657300820
|switch|p1a: Tangrowth|Tangrowth, M|50/100
|-damage|p1a: Tangrowth|38/100|[from] Stealth Rock
|turn|14
|
|t:|1657300823
|cant|p2a: Scizor|par
|move|p1a: Tangrowth|Giga Drain|p2a: Scizor
|-resisted|p2a: Scizor
|-damage|p2a: Scizor|17/100 par
|-heal|p1a: Tangrowth|42/100|[from] drain|[of] p2a: Scizor
|
|upkeep
|turn|15
|
|t:|1657300825
|move|p2a: Scizor|Bullet Punch|p1a: Tangrowth
|-damage|p1a: Tangrowth|0 fnt
|faint|p1a: Tangrowth
|
|upkeep
|c|+suloxiv ✿|lol sciz moment.
|-message|touflick forfeited.
|
|win|Cam
|n|☆touflick|touflick
|n|☆Cam|cam
|n| pokemonisfun|pokemonisfun
|n| suloxiv ✿|suloxiv
