|j|☆Tempest brute
|j|☆kyominai
|t:|1664517473
|gametype|singles
|player|p1|Tempest brute|170|1394
|player|p2|kyominai|schoolkidf|1278
|teamsize|p1|6
|teamsize|p2|6
|gen|8
|tier|[Gen 8] UU
|rated|
|rule|Sleep Clause Mod: Limit one foe put to sleep
|rule|Species Clause: Limit one of each Pokémon
|rule|OHKO Clause: OHKO moves are banned
|rule|Evasion Items Clause: Evasion items are banned
|rule|Evasion Moves Clause: Evasion moves are banned
|rule|Endless Battle Clause: Forcing endless battles is banned
|rule|HP Percentage Mod: HP is shown in percentages
|rule|Dynamax Clause: You cannot dynamax
|clearpoke
|poke|p1|Skarmory, F|
|poke|p1|Hydreigon, M|
|poke|p1|Cresselia, F|
|poke|p1|Primarina, F|
|poke|p1|Keldeo-Resolute|
|poke|p1|Jirachi|
|poke|p2|Hatterene, F|
|poke|p2|Porygon2|
|poke|p2|Cresselia, F|
|poke|p2|Marowak-Alola, M|
|poke|p2|Crawdaunt, F|
|poke|p2|Conkeldurr, F|
|teampreview
|j| rhunic32
|
|t:|1664517479
|start
|switch|p1a: Jirachi|Jirachi|100/100
|switch|p2a: Hatterene|Hatterene, F|100/100
|turn|1
|inactive|Battle timer is ON: inactive players will automatically lose when time's up. (requested by kyominai)
|
|t:|1664517482
|move|p1a: Jirachi|Iron Head|p2a: Hatterene
|-supereffective|p2a: Hatterene
|-damage|p2a: Hatterene|34/100
|move|p2a: Hatterene|Trick Room|p2a: Hatterene
|-fieldstart|move: Trick Room|[of] p2a: Hatterene
|
|upkeep
|turn|2
|
|t:|1664517487
|move|p2a: Hatterene|Healing Wish|p2a: Hatterene
|faint|p2a: Hatterene
|move|p1a: Jirachi|Iron Head|p2: Hatterene|[notarget]
|-fail|p1a: Jirachi
|
|upkeep
|
|t:|1664517490
|switch|p2a: Crawdaunt|Crawdaunt, F|100/100
|turn|3
|
|t:|1664517493
|move|p1a: Jirachi|Protect|p1a: Jirachi
|-singleturn|p1a: Jirachi|Protect
|move|p2a: Crawdaunt|Knock Off|p1a: Jirachi
|-activate|p1a: Jirachi|move: Protect
|
|upkeep
|turn|4
|
|t:|1664517498
|switch|p1a: Keldeo|Keldeo-Resolute|100/100
|move|p2a: Crawdaunt|Knock Off|p1a: Keldeo
|-resisted|p1a: Keldeo
|-damage|p1a: Keldeo|62/100
|-ability|p1a: Keldeo|Justified|boost
|-boost|p1a: Keldeo|atk|1
|-enditem|p1a: Keldeo|Leftovers|[from] move: Knock Off|[of] p2a: Crawdaunt
|
|upkeep
|turn|5
|
|t:|1664517504
|switch|p2a: Cresselia|Cresselia, F|100/100
|move|p1a: Keldeo|Secret Sword|p2a: Cresselia
|-resisted|p2a: Cresselia
|-crit|p2a: Cresselia
|-damage|p2a: Cresselia|80/100
|
|-fieldend|move: Trick Room
|upkeep
|turn|6
|
|t:|1664517507
|move|p1a: Keldeo|Toxic|p2a: Cresselia
|-status|p2a: Cresselia|tox
|move|p2a: Cresselia|Trick Room|p2a: Cresselia
|-fieldstart|move: Trick Room|[of] p2a: Cresselia
|
|-damage|p2a: Cresselia|74/100 tox|[from] psn
|upkeep
|turn|7
|
|t:|1664517516
|switch|p2a: Conkeldurr|Conkeldurr, F|100/100
|move|p1a: Keldeo|Scald|p2a: Conkeldurr
|-damage|p2a: Conkeldurr|59/100
|
|-status|p2a: Conkeldurr|brn|[from] item: Flame Orb
|upkeep
|turn|8
|
|t:|1664517525
|switch|p1a: Cresselia|Cresselia, F|100/100
|move|p2a: Conkeldurr|Knock Off|p1a: Cresselia
|-supereffective|p1a: Cresselia
|-damage|p1a: Cresselia|31/100
|-enditem|p1a: Cresselia|Leftovers|[from] move: Knock Off|[of] p2a: Conkeldurr
|
|-damage|p2a: Conkeldurr|53/100 brn|[from] brn
|upkeep
|turn|9
|
|t:|1664517536
|switch|p1a: Skarmory|Skarmory, F|100/100
|move|p2a: Conkeldurr|Facade|p1a: Skarmory
|-resisted|p1a: Skarmory
|-damage|p1a: Skarmory|75/100
|-damage|p2a: Conkeldurr|36/100 brn|[from] item: Rocky Helmet|[of] p1a: Skarmory
|
|-damage|p2a: Conkeldurr|30/100 brn|[from] brn
|upkeep
|turn|10
|
|t:|1664517546
|move|p2a: Conkeldurr|Knock Off|p1a: Skarmory
|-damage|p1a: Skarmory|38/100
|-damage|p2a: Conkeldurr|14/100 brn|[from] item: Rocky Helmet|[of] p1a: Skarmory
|-enditem|p1a: Skarmory|Rocky Helmet|[from] move: Knock Off|[of] p2a: Conkeldurr
|move|p1a: Skarmory|Body Press|p2a: Conkeldurr
|-damage|p2a: Conkeldurr|0 fnt
|faint|p2a: Conkeldurr
|
|-fieldend|move: Trick Room
|upkeep
|
|t:|1664517551
|switch|p2a: Marowak|Marowak-Alola, M|100/100
|turn|11
|
|t:|1664517559
|switch|p1a: Hydreigon|Hydreigon, M|100/100
|move|p2a: Marowak|Flare Blitz|p1a: Hydreigon
|-resisted|p1a: Hydreigon
|-crit|p1a: Hydreigon
|-damage|p1a: Hydreigon|24/100
|
|-heal|p1a: Hydreigon|30/100|[from] item: Leftovers
|upkeep
|turn|12
|
|t:|1664517564
|switch|p2a: Porygon2|Porygon2|100/100
|-ability|p2a: Porygon2|Levitate|[from] ability: Trace|[of] p1a: Hydreigon
|move|p1a: Hydreigon|Roost|p1a: Hydreigon
|-heal|p1a: Hydreigon|80/100
|-singleturn|p1a: Hydreigon|move: Roost
|
|-heal|p1a: Hydreigon|86/100|[from] item: Leftovers
|upkeep
|turn|13
|
|t:|1664517568
|move|p1a: Hydreigon|Nasty Plot|p1a: Hydreigon
|-boost|p1a: Hydreigon|spa|2
|move|p2a: Porygon2|Trick Room|p2a: Porygon2
|-fieldstart|move: Trick Room|[of] p2a: Porygon2
|
|-heal|p1a: Hydreigon|93/100|[from] item: Leftovers
|upkeep
|turn|14
|
|t:|1664517572
|move|p2a: Porygon2|Ice Beam|p1a: Hydreigon
|-supereffective|p1a: Hydreigon
|-damage|p1a: Hydreigon|63/100
|move|p1a: Hydreigon|Dark Pulse|p2a: Porygon2
|-damage|p2a: Porygon2|56/100
|
|-heal|p1a: Hydreigon|69/100|[from] item: Leftovers
|upkeep
|turn|15
|
|t:|1664517576
|move|p2a: Porygon2|Recover|p2a: Porygon2
|-heal|p2a: Porygon2|100/100
|move|p1a: Hydreigon|Dark Pulse|p2a: Porygon2
|-damage|p2a: Porygon2|56/100
|
|-heal|p1a: Hydreigon|75/100|[from] item: Leftovers
|upkeep
|turn|16
|
|t:|1664517579
|move|p2a: Porygon2|Ice Beam|p1a: Hydreigon
|-supereffective|p1a: Hydreigon
|-damage|p1a: Hydreigon|43/100
|move|p1a: Hydreigon|Thunder Wave|p2a: Porygon2
|-status|p2a: Porygon2|par
|
|-heal|p1a: Hydreigon|49/100|[from] item: Leftovers
|upkeep
|turn|17
|
|t:|1664517584
|move|p2a: Porygon2|Recover|p2a: Porygon2
|-heal|p2a: Porygon2|100/100 par
|move|p1a: Hydreigon|Roost|p1a: Hydreigon
|-heal|p1a: Hydreigon|99/100
|-singleturn|p1a: Hydreigon|move: Roost
|
|-heal|p1a: Hydreigon|100/100|[from] item: Leftovers
|-fieldend|move: Trick Room
|upkeep
|turn|18
|
|t:|1664517587
|move|p1a: Hydreigon|Dark Pulse|p2a: Porygon2
|-damage|p2a: Porygon2|59/100 par
|cant|p2a: Porygon2|par
|
|upkeep
|turn|19
|
|t:|1664517592
|move|p1a: Hydreigon|Dark Pulse|p2a: Porygon2
|-damage|p2a: Porygon2|19/100 par
|move|p2a: Porygon2|Trick Room|p2a: Porygon2
|-fieldstart|move: Trick Room|[of] p2a: Porygon2
|
|upkeep
|turn|20
|
|t:|1664517596
|move|p1a: Hydreigon|Dark Pulse|p2a: Porygon2
|-damage|p2a: Porygon2|0 fnt
|faint|p2a: Porygon2
|
|upkeep
|
|t:|1664517602
|switch|p2a: Crawdaunt|Crawdaunt, F|100/100
|turn|21
|
|t:|1664517607
|switch|p1a: Skarmory|Skarmory, F|38/100
|move|p2a: Crawdaunt|Superpower|p1a: Skarmory
|-damage|p1a: Skarmory|0 fnt
|-unboost|p2a: Crawdaunt|atk|1
|-unboost|p2a: Crawdaunt|def|1
|faint|p1a: Skarmory
|
|upkeep
|
|t:|1664517610
|switch|p1a: Primarina|Primarina, F|100/100
|turn|22
|
|t:|1664517615
|switch|p2a: Cresselia|Cresselia, F|74/100 tox
|-heal|p2a: Cresselia|100/100|[from] move: Healing Wish
|move|p1a: Primarina|Scald|p2a: Cresselia
|-damage|p2a: Cresselia|85/100
|
|upkeep
|turn|23
|
|t:|1664517622
|switch|p1a: Hydreigon|Hydreigon, M|100/100
|move|p2a: Cresselia|Moonlight|p2a: Cresselia
|-heal|p2a: Cresselia|100/100
|
|-fieldend|move: Trick Room
|upkeep
|turn|24
|
|t:|1664517628
|move|p1a: Hydreigon|Thunder Wave|p2a: Cresselia
|-status|p2a: Cresselia|par
|move|p2a: Cresselia|Trick Room|p2a: Cresselia
|-fieldstart|move: Trick Room|[of] p2a: Cresselia
|
|upkeep
|turn|25
|
|t:|1664517632
|switch|p2a: Crawdaunt|Crawdaunt, F|100/100
|move|p1a: Hydreigon|Nasty Plot|p1a: Hydreigon
|-boost|p1a: Hydreigon|spa|2
|
|upkeep
|turn|26
|
|t:|1664517635
|switch|p1a: Primarina|Primarina, F|100/100
|move|p2a: Crawdaunt|Superpower|p1a: Primarina
|-resisted|p1a: Primarina
|-damage|p1a: Primarina|66/100
|-unboost|p2a: Crawdaunt|atk|1
|-unboost|p2a: Crawdaunt|def|1
|
|-heal|p1a: Primarina|72/100|[from] item: Leftovers
|upkeep
|turn|27
|
|t:|1664517644
|switch|p2a: Marowak|Marowak-Alola, M|100/100
|move|p1a: Primarina|Scald|p2a: Marowak
|-supereffective|p2a: Marowak
|-damage|p2a: Marowak|17/100
|
|-heal|p1a: Primarina|78/100|[from] item: Leftovers
|upkeep
|turn|28
|
|t:|1664517649
|switch|p1a: Hydreigon|Hydreigon, M|100/100
|move|p2a: Marowak|Poltergeist|p1a: Hydreigon
|-activate|p1a: Hydreigon|move: Poltergeist|Leftovers
|-resisted|p1a: Hydreigon
|-damage|p1a: Hydreigon|60/100
|
|-heal|p1a: Hydreigon|66/100|[from] item: Leftovers
|-fieldend|move: Trick Room
|upkeep
|turn|29
|
|t:|1664517658
|move|p1a: Hydreigon|Dark Pulse|p2a: Marowak
|-supereffective|p2a: Marowak
|-damage|p2a: Marowak|0 fnt
|faint|p2a: Marowak
|
|-heal|p1a: Hydreigon|72/100|[from] item: Leftovers
|upkeep
|c|☆kyominai|what does your team do against an actual team
|c|☆kyominai|and not the garbage im using
|c|☆kyominai|LMAO
|inactive|kyominai has 120 seconds left.
|l| rhunic32
|inactive|kyominai has 90 seconds left.
|
|t:|1664517727
|switch|p2a: Cresselia|Cresselia, F|100/100 par
|turn|30
|
|t:|1664517744
|move|p1a: Hydreigon|Nasty Plot|p1a: Hydreigon
|-boost|p1a: Hydreigon|spa|2
|move|p2a: Cresselia|Trick Room|p2a: Cresselia
|-fieldstart|move: Trick Room|[of] p2a: Cresselia
|
|-heal|p1a: Hydreigon|78/100|[from] item: Leftovers
|upkeep
|turn|31
|
|t:|1664517753
|move|p2a: Cresselia|Moonblast|p1a: Hydreigon
|-supereffective|p1a: Hydreigon
|-damage|p1a: Hydreigon|27/100
|-unboost|p1a: Hydreigon|spa|1
|move|p1a: Hydreigon|Dark Pulse|p2a: Cresselia
|-supereffective|p2a: Cresselia
|-enditem|p2a: Cresselia|Colbur Berry|[eat]
|-enditem|p2a: Cresselia|Colbur Berry|[weaken]
|-damage|p2a: Cresselia|76/100 par
|
|-heal|p1a: Hydreigon|33/100|[from] item: Leftovers
|upkeep
|turn|32
|
|t:|1664517765
|switch|p1a: Jirachi|Jirachi|100/100
|move|p2a: Cresselia|Moonblast|p1a: Jirachi
|-resisted|p1a: Jirachi
|-damage|p1a: Jirachi|93/100
|
|-heal|p1a: Jirachi|99/100|[from] item: Leftovers
|upkeep
|turn|33
|
|t:|1664517771
|switch|p2a: Crawdaunt|Crawdaunt, F|100/100
|move|p1a: Jirachi|Stealth Rock|p2a: Crawdaunt
|-sidestart|p2: kyominai|move: Stealth Rock
|
|-heal|p1a: Jirachi|100/100|[from] item: Leftovers
|upkeep
|turn|34
|
|t:|1664517775
|move|p1a: Jirachi|Protect|p1a: Jirachi
|-singleturn|p1a: Jirachi|Protect
|move|p2a: Crawdaunt|Knock Off|p1a: Jirachi
|-activate|p1a: Jirachi|move: Protect
|
|-fieldend|move: Trick Room
|upkeep
|turn|35
|
|t:|1664517786
|switch|p1a: Primarina|Primarina, F|78/100
|move|p2a: Crawdaunt|Knock Off|p1a: Primarina
|-resisted|p1a: Primarina
|-damage|p1a: Primarina|26/100
|-enditem|p1a: Primarina|Leftovers|[from] move: Knock Off|[of] p2a: Crawdaunt
|
|upkeep
|turn|36
|
|t:|1664517796
|switch|p2a: Cresselia|Cresselia, F|76/100 par
|-damage|p2a: Cresselia|64/100 par|[from] Stealth Rock
|move|p1a: Primarina|Rest|p1a: Primarina
|-status|p1a: Primarina|slp|[from] move: Rest
|-heal|p1a: Primarina|100/100 slp|[silent]
|
|upkeep
|turn|37
|c|☆kyominai|LOL
|c|☆kyominai|what the fuck is this garbage
|c|☆Tempest brute|resttalk prim
|-message|kyominai forfeited.
|
|win|Tempest brute
|raw|Tempest brute's rating: 1394 &rarr; <strong>1408</strong><br />(+14 for winning)
|raw|kyominai's rating: 1278 &rarr; <strong>1261</strong><br />(-17 for losing)
|l|☆kyominai
|c|☆Tempest brute|lol
