|j|☆Super Suit
|j|☆Moltester
|t:|1607647180
|player|p1|Super Suit|yellow|1646
|player|p2|Moltester|elesa|1697
|teamsize|p1|6
|teamsize|p2|6
|gametype|singles
|gen|8
|tier|[Gen 8] UU
|rated|
|clearpoke
|poke|p1|Chansey, F|
|poke|p1|Hatterene, F|
|poke|p1|Salamence, M|
|poke|p1|Incineroar, M|
|poke|p1|Jirachi|
|poke|p1|Cobalion|
|poke|p2|Chansey, F|
|poke|p2|Quagsire, F|
|poke|p2|Jirachi|
|poke|p2|Palossand, F|
|poke|p2|Amoonguss, F|
|poke|p2|Salamence, F|
|rule|Sleep Clause Mod: Limit one foe put to sleep
|rule|Species Clause: Limit one of each Pokémon
|rule|OHKO Clause: OHKO moves are banned
|rule|Evasion Moves Clause: Evasion moves are banned
|rule|Endless Battle Clause: Forcing endless battles is banned
|rule|HP Percentage Mod: HP is shown in percentages
|rule|Dynamax Clause: You cannot dynamax
|teampreview
|inactive|Battle timer is ON: inactive players will automatically lose when time's up. (requested by Moltester)
|c|☆Super Suit|hf
|c|☆Moltester|u2
|
|t:|1607647191
|start
|switch|p1a: Cobalion|Cobalion|100/100
|switch|p2a: Jirachi|Jirachi|100/100
|turn|1
|
|t:|1607647199
|switch|p2a: Salamence|Salamence, F|100/100
|-ability|p2a: Salamence|Intimidate|boost
|-unboost|p1a: Cobalion|atk|1
|move|p1a: Cobalion|Taunt|p2a: Salamence
|-start|p2a: Salamence|move: Taunt
|
|upkeep
|turn|2
|
|t:|1607647205
|move|p1a: Cobalion|Stealth Rock|p2a: Salamence
|-sidestart|p2: Moltester|move: Stealth Rock
|move|p2a: Salamence|Flamethrower|p1a: Cobalion
|-supereffective|p1a: Cobalion
|-damage|p1a: Cobalion|52/100
|
|upkeep
|turn|3
|
|t:|1607647208
|move|p1a: Cobalion|Volt Switch|p2a: Salamence
|-damage|p2a: Salamence|87/100
|
|t:|1607647213
|switch|p1a: Incineroar|Incineroar, M|100/100|[from]move: Volt Switch
|-ability|p1a: Incineroar|Intimidate|boost
|-unboost|p2a: Salamence|atk|1
|move|p2a: Salamence|Flamethrower|p1a: Incineroar
|-resisted|p1a: Incineroar
|-damage|p1a: Incineroar|91/100
|
|-end|p2a: Salamence|move: Taunt
|upkeep
|turn|4
|
|t:|1607647219
|switch|p2a: Palossand|Palossand, F|100/100
|-damage|p2a: Palossand|94/100|[from] Stealth Rock
|move|p1a: Incineroar|Toxic|p2a: Palossand
|-status|p2a: Palossand|tox
|
|-damage|p2a: Palossand|88/100 tox|[from] psn
|upkeep
|turn|5
|
|t:|1607647224
|move|p1a: Incineroar|Parting Shot|p2a: Palossand
|-unboost|p2a: Palossand|atk|1
|-unboost|p2a: Palossand|spa|1
|
|t:|1607647233
|switch|p1a: Chansey|Chansey, F|100/100|[from]move: Parting Shot
|move|p2a: Palossand|Earth Power|p1a: Chansey
|-damage|p1a: Chansey|94/100
|-unboost|p1a: Chansey|spd|1
|
|-damage|p2a: Palossand|76/100 tox|[from] psn
|upkeep
|turn|6
|
|t:|1607647243
|switch|p1a: Salamence|Salamence, M|100/100
|-ability|p1a: Salamence|Intimidate|boost
|-unboost|p2a: Palossand|atk|1
|move|p2a: Palossand|Stealth Rock|p1a: Salamence
|-sidestart|p1: Super Suit|move: Stealth Rock
|
|-damage|p2a: Palossand|57/100 tox|[from] psn
|upkeep
|turn|7
|
|t:|1607647248
|move|p1a: Salamence|Defog|p2a: Palossand
|-unboost|p2a: Palossand|evasion|1
|-sideend|p2: Moltester|Stealth Rock|[from] move: Defog|[of] p1a: Salamence
|-sideend|p1: Super Suit|Stealth Rock|[from] move: Defog|[of] p1a: Salamence
|move|p2a: Palossand|Toxic|p1a: Salamence
|-status|p1a: Salamence|tox
|
|-damage|p1a: Salamence|94/100 tox|[from] psn
|-damage|p2a: Palossand|33/100 tox|[from] psn
|upkeep
|turn|8
|
|t:|1607647255
|switch|p2a: Chansey|Chansey, F|100/100
|move|p1a: Salamence|Draco Meteor|p2a: Chansey|[miss]
|-miss|p1a: Salamence|p2a: Chansey
|
|-damage|p1a: Salamence|82/100 tox|[from] psn
|upkeep
|turn|9
|
|t:|1607647260
|switch|p1a: Cobalion|Cobalion|52/100
|move|p2a: Chansey|Heal Bell|p2a: Chansey
|-activate|p2a: Chansey|move: Heal Bell
|-curestatus|p2: Palossand|tox|[msg]
|
|upkeep
|turn|10
|
|t:|1607647264
|switch|p2a: Palossand|Palossand, F|33/100
|move|p1a: Cobalion|Stealth Rock|p2a: Palossand
|-sidestart|p2: Moltester|move: Stealth Rock
|
|upkeep
|turn|11
|
|t:|1607647271
|switch|p1a: Chansey|Chansey, F|94/100
|move|p2a: Palossand|Shore Up|p2a: Palossand
|-heal|p2a: Palossand|83/100
|
|upkeep
|turn|12
|
|t:|1607647275
|move|p1a: Chansey|Heal Bell|p1a: Chansey
|-activate|p1a: Chansey|move: Heal Bell
|-curestatus|p1: Salamence|tox|[msg]
|move|p2a: Palossand|Stealth Rock|p1a: Chansey
|-sidestart|p1: Super Suit|move: Stealth Rock
|
|upkeep
|turn|13
|
|t:|1607647279
|move|p1a: Chansey|Toxic|p2a: Palossand|[miss]
|-miss|p1a: Chansey|p2a: Palossand
|move|p2a: Palossand|Toxic|p1a: Chansey
|-status|p1a: Chansey|tox
|
|-damage|p1a: Chansey|88/100 tox|[from] psn
|upkeep
|turn|14
|
|t:|1607647286
|switch|p1a: Salamence|Salamence, M|82/100
|-ability|p1a: Salamence|Intimidate|boost
|-unboost|p2a: Palossand|atk|1
|switch|p2a: Jirachi|Jirachi|100/100
|-damage|p2a: Jirachi|94/100|[from] Stealth Rock
|
|-heal|p2a: Jirachi|100/100|[from] item: Leftovers
|upkeep
|turn|15
|
|t:|1607647294
|move|p1a: Salamence|Defog|p2a: Jirachi
|-unboost|p2a: Jirachi|evasion|1
|-sideend|p2: Moltester|Stealth Rock|[from] move: Defog|[of] p1a: Salamence
|-sideend|p1: Super Suit|Stealth Rock|[from] move: Defog|[of] p1a: Salamence
|move|p2a: Jirachi|U-turn|p1a: Salamence
|-resisted|p1a: Salamence
|-damage|p1a: Salamence|75/100
|
|t:|1607647297
|switch|p2a: Chansey|Chansey, F|100/100|[from]move: U-turn
|
|upkeep
|turn|16
|
|t:|1607647301
|switch|p1a: Hatterene|Hatterene, F|100/100
|move|p2a: Chansey|Seismic Toss|p1a: Hatterene
|-damage|p1a: Hatterene|69/100
|
|-heal|p1a: Hatterene|75/100|[from] item: Leftovers
|upkeep
|turn|17
|
|t:|1607647304
|switch|p2a: Jirachi|Jirachi|100/100
|move|p1a: Hatterene|Calm Mind|p1a: Hatterene
|-boost|p1a: Hatterene|spa|1
|-boost|p1a: Hatterene|spd|1
|
|-heal|p1a: Hatterene|81/100|[from] item: Leftovers
|upkeep
|turn|18
|
|t:|1607647310
|switch|p1a: Incineroar|Incineroar, M|91/100
|-ability|p1a: Incineroar|Intimidate|boost
|-unboost|p2a: Jirachi|atk|1
|move|p2a: Jirachi|Iron Head|p1a: Incineroar
|-resisted|p1a: Incineroar
|-damage|p1a: Incineroar|85/100
|
|upkeep
|turn|19
|
|t:|1607647315
|move|p2a: Jirachi|U-turn|p1a: Incineroar
|-damage|p1a: Incineroar|77/100
|
|t:|1607647317
|switch|p2a: Amoonguss|Amoonguss, F|100/100|[from]move: U-turn
|move|p1a: Incineroar|Parting Shot|p2a: Amoonguss
|-unboost|p2a: Amoonguss|atk|1
|-unboost|p2a: Amoonguss|spa|1
|
|t:|1607647323
|switch|p1a: Hatterene|Hatterene, F|81/100|[from]move: Parting Shot
|
|-heal|p1a: Hatterene|87/100|[from] item: Leftovers
|upkeep
|turn|20
|
|t:|1607647328
|switch|p2a: Jirachi|Jirachi|100/100
|move|p1a: Hatterene|Calm Mind|p1a: Hatterene
|-boost|p1a: Hatterene|spa|1
|-boost|p1a: Hatterene|spd|1
|
|-heal|p1a: Hatterene|93/100|[from] item: Leftovers
|upkeep
|turn|21
|
|t:|1607647331
|move|p2a: Jirachi|Iron Head|p1a: Hatterene
|-supereffective|p1a: Hatterene
|-damage|p1a: Hatterene|51/100
|move|p1a: Hatterene|Mystical Fire|p2a: Jirachi
|-supereffective|p2a: Jirachi
|-damage|p2a: Jirachi|59/100
|-unboost|p2a: Jirachi|spa|1
|
|-heal|p2a: Jirachi|66/100|[from] item: Leftovers
|-heal|p1a: Hatterene|57/100|[from] item: Leftovers
|upkeep
|turn|22
|
|t:|1607647337
|switch|p1a: Incineroar|Incineroar, M|77/100
|-ability|p1a: Incineroar|Intimidate|boost
|-unboost|p2a: Jirachi|atk|1
|move|p2a: Jirachi|Wish|p2a: Jirachi
|
|-heal|p2a: Jirachi|72/100|[from] item: Leftovers
|upkeep
|turn|23
|
|t:|1607647341
|move|p2a: Jirachi|Protect|p2a: Jirachi
|-singleturn|p2a: Jirachi|Protect
|move|p1a: Incineroar|Knock Off|p2a: Jirachi
|-activate|p2a: Jirachi|move: Protect
|
|-heal|p2a: Jirachi|100/100|[from] move: Wish|[wisher] Jirachi
|upkeep
|turn|24
|
|t:|1607647343
|move|p2a: Jirachi|U-turn|p1a: Incineroar
|-damage|p1a: Incineroar|69/100
|
|t:|1607647345
|switch|p2a: Amoonguss|Amoonguss, F|100/100|[from]move: U-turn
|move|p1a: Incineroar|Knock Off|p2a: Amoonguss
|-damage|p2a: Amoonguss|72/100
|-enditem|p2a: Amoonguss|Black Sludge|[from] move: Knock Off|[of] p1a: Incineroar
|
|upkeep
|turn|25
|
|t:|1607647357
|move|p1a: Incineroar|Parting Shot|p2a: Amoonguss
|-unboost|p2a: Amoonguss|atk|1
|-unboost|p2a: Amoonguss|spa|1
|j| retirement time
|
|t:|1607647361
|switch|p1a: Jirachi|Jirachi|100/100|[from]move: Parting Shot
|move|p2a: Amoonguss|Toxic|p1a: Jirachi
|-immune|p1a: Jirachi
|
|upkeep
|turn|26
|
|t:|1607647365
|move|p1a: Jirachi|Wish|p1a: Jirachi
|move|p2a: Amoonguss|Spore|p1a: Jirachi
|-status|p1a: Jirachi|slp|[from] move: Spore
|
|upkeep
|turn|27
|
|t:|1607647372
|switch|p1a: Cobalion|Cobalion|52/100
|switch|p2a: Palossand|Palossand, F|83/100
|
|-heal|p1a: Cobalion|100/100|[from] move: Wish|[wisher] Jirachi
|upkeep
|turn|28
|n| Island Spices|retirementtime
|
|t:|1607647384
|switch|p1a: Chansey|Chansey, F|88/100
|move|p2a: Palossand|Earth Power|p1a: Chansey
|-damage|p1a: Chansey|78/100
|
|upkeep
|turn|29
|
|t:|1607647391
|move|p1a: Chansey|Toxic|p2a: Palossand
|-status|p2a: Palossand|tox
|move|p2a: Palossand|Earth Power|p1a: Chansey
|-damage|p1a: Chansey|68/100
|
|-damage|p2a: Palossand|77/100 tox|[from] psn
|upkeep
|turn|30
|
|t:|1607647393
|move|p1a: Chansey|Soft-Boiled|p1a: Chansey
|-heal|p1a: Chansey|100/100
|move|p2a: Palossand|Stealth Rock|p1a: Chansey
|-sidestart|p1: Super Suit|move: Stealth Rock
|
|-damage|p2a: Palossand|64/100 tox|[from] psn
|upkeep
|turn|31
|c| Island Spices|this is peak mons right here
|c|☆Super Suit|indeed it is
|
|t:|1607647405
|switch|p1a: Salamence|Salamence, M|75/100
|-ability|p1a: Salamence|Intimidate|boost
|-unboost|p2a: Palossand|atk|1
|switch|p2a: Jirachi|Jirachi|100/100
|
|upkeep
|turn|32
|
|t:|1607647410
|switch|p2a: Chansey|Chansey, F|100/100
|move|p1a: Salamence|Defog|p2a: Chansey
|-unboost|p2a: Chansey|evasion|1
|-sideend|p1: Super Suit|Stealth Rock|[from] move: Defog|[of] p1a: Salamence
|
|upkeep
|turn|33
|
|t:|1607647414
|switch|p1a: Cobalion|Cobalion|100/100
|move|p2a: Chansey|Seismic Toss|p1a: Cobalion
|-damage|p1a: Cobalion|75/100
|-damage|p2a: Chansey|84/100|[from] item: Rocky Helmet|[of] p1a: Cobalion
|
|upkeep
|turn|34
|
|t:|1607647418
|switch|p2a: Salamence|Salamence, F|87/100
|-ability|p2a: Salamence|Intimidate|boost
|-unboost|p1a: Cobalion|atk|1
|move|p1a: Cobalion|Taunt|p2a: Salamence
|-start|p2a: Salamence|move: Taunt
|
|upkeep
|turn|35
|
|t:|1607647423
|move|p1a: Cobalion|Volt Switch|p2a: Salamence
|-damage|p2a: Salamence|74/100
|
|t:|1607647427
|switch|p1a: Incineroar|Incineroar, M|69/100|[from]move: Volt Switch
|-ability|p1a: Incineroar|Intimidate|boost
|-unboost|p2a: Salamence|atk|1
|move|p2a: Salamence|Flamethrower|p1a: Incineroar
|-resisted|p1a: Incineroar
|-damage|p1a: Incineroar|59/100
|
|upkeep
|turn|36
|
|t:|1607647434
|switch|p2a: Amoonguss|Amoonguss, F|100/100
|move|p1a: Incineroar|Flare Blitz|p2a: Amoonguss
|-supereffective|p2a: Amoonguss
|-damage|p2a: Amoonguss|34/100
|-damage|p1a: Incineroar|35/100|[from] Recoil
|
|upkeep
|turn|37
|
|t:|1607647442
|switch|p2a: Quagsire|Quagsire, F|100/100
|move|p1a: Incineroar|Knock Off|p2a: Quagsire
|-damage|p2a: Quagsire|74/100
|-enditem|p2a: Quagsire|Leftovers|[from] move: Knock Off|[of] p1a: Incineroar
|
|upkeep
|turn|38
|
|t:|1607647446
|move|p1a: Incineroar|Parting Shot|p2a: Quagsire
|-unboost|p2a: Quagsire|atk|1
|-unboost|p2a: Quagsire|spa|1
|c| Island Spices|oh no cat dead
|
|t:|1607647452
|switch|p1a: Chansey|Chansey, F|100/100|[from]move: Parting Shot
|move|p2a: Quagsire|Earthquake|p1a: Chansey
|-crit|p1a: Chansey
|-damage|p1a: Chansey|71/100
|
|upkeep
|turn|39
|c|☆Super Suit|not quite
|
|t:|1607647461
|switch|p2a: Chansey|Chansey, F|84/100
|move|p1a: Chansey|Toxic|p2a: Chansey
|-status|p2a: Chansey|tox
|
|-damage|p2a: Chansey|78/100 tox|[from] psn
|upkeep
|turn|40
|
|t:|1607647468
|move|p2a: Chansey|Heal Bell|p2a: Chansey
|-activate|p2a: Chansey|move: Heal Bell
|-curestatus|p2a: Chansey|tox|[msg]
|-curestatus|p2: Palossand|tox|[msg]
|move|p1a: Chansey|Heal Bell|p1a: Chansey
|-activate|p1a: Chansey|move: Heal Bell
|-curestatus|p1: Jirachi|slp|[msg]
|
|upkeep
|turn|41
|
|t:|1607647471
|switch|p1a: Jirachi|Jirachi|100/100
|move|p2a: Chansey|Seismic Toss|p1a: Jirachi
|-damage|p1a: Jirachi|76/100
|
|-heal|p1a: Jirachi|82/100|[from] item: Leftovers
|upkeep
|turn|42
|
|t:|1607647475
|switch|p2a: Palossand|Palossand, F|64/100
|move|p1a: Jirachi|Wish|p1a: Jirachi
|
|-heal|p1a: Jirachi|88/100|[from] item: Leftovers
|upkeep
|turn|43
|
|t:|1607647477
|move|p1a: Jirachi|U-turn|p2a: Palossand
|-resisted|p2a: Palossand
|-damage|p2a: Palossand|60/100
|
|t:|1607647479
|switch|p1a: Hatterene|Hatterene, F|57/100|[from]move: U-turn
|move|p2a: Palossand|Earth Power|p1a: Hatterene
|-damage|p1a: Hatterene|25/100
|
|-heal|p1a: Hatterene|89/100|[from] move: Wish|[wisher] Jirachi
|-heal|p1a: Hatterene|95/100|[from] item: Leftovers
|upkeep
|turn|44
|
|t:|1607647483
|switch|p2a: Jirachi|Jirachi|100/100
|move|p1a: Hatterene|Calm Mind|p1a: Hatterene
|-boost|p1a: Hatterene|spa|1
|-boost|p1a: Hatterene|spd|1
|
|-heal|p1a: Hatterene|100/100|[from] item: Leftovers
|upkeep
|turn|45
|
|t:|1607647489
|switch|p1a: Cobalion|Cobalion|75/100
|move|p2a: Jirachi|Iron Head|p1a: Cobalion
|-resisted|p1a: Cobalion
|-crit|p1a: Cobalion
|-damage|p1a: Cobalion|59/100
|-damage|p2a: Jirachi|84/100|[from] item: Rocky Helmet|[of] p1a: Cobalion
|
|-heal|p2a: Jirachi|90/100|[from] item: Leftovers
|upkeep
|turn|46
|
|t:|1607647494
|switch|p2a: Salamence|Salamence, F|74/100
|-ability|p2a: Salamence|Intimidate|boost
|-unboost|p1a: Cobalion|atk|1
|move|p1a: Cobalion|Stealth Rock|p2a: Salamence
|-sidestart|p2: Moltester|move: Stealth Rock
|
|upkeep
|turn|47
|
|t:|1607647498
|move|p1a: Cobalion|Volt Switch|p2a: Salamence
|-damage|p2a: Salamence|61/100
|
|t:|1607647503
|switch|p1a: Jirachi|Jirachi|88/100|[from]move: Volt Switch
|move|p2a: Salamence|Defog|p1a: Jirachi
|-unboost|p1a: Jirachi|evasion|1
|-sideend|p2: Moltester|Stealth Rock|[from] move: Defog|[of] p2a: Salamence
|
|-heal|p1a: Jirachi|94/100|[from] item: Leftovers
|upkeep
|turn|48
|
|t:|1607647509
|switch|p2a: Palossand|Palossand, F|60/100
|move|p1a: Jirachi|Wish|p1a: Jirachi
|
|-heal|p1a: Jirachi|100/100|[from] item: Leftovers
|upkeep
|turn|49
|
|t:|1607647513
|move|p1a: Jirachi|U-turn|p2a: Palossand
|-resisted|p2a: Palossand
|-damage|p2a: Palossand|55/100
|
|t:|1607647516
|switch|p1a: Hatterene|Hatterene, F|100/100|[from]move: U-turn
|move|p2a: Palossand|Earth Power|p1a: Hatterene
|-damage|p1a: Hatterene|66/100
|
|-heal|p1a: Hatterene|100/100|[from] move: Wish|[wisher] Jirachi
|upkeep
|turn|50
|
|t:|1607647521
|move|p2a: Palossand|Shore Up|p2a: Palossand
|-heal|p2a: Palossand|100/100
|move|p1a: Hatterene|Mystical Fire|p2a: Palossand
|-damage|p2a: Palossand|76/100
|-unboost|p2a: Palossand|spa|1
|
|upkeep
|turn|51
|
|t:|1607647529
|switch|p2a: Jirachi|Jirachi|90/100
|switch|p1a: Jirachi|Jirachi|100/100
|
|-heal|p2a: Jirachi|96/100|[from] item: Leftovers
|upkeep
|turn|52
|j| Wish3s
|
|t:|1607647533
|move|p2a: Jirachi|U-turn|p1a: Jirachi
|-damage|p1a: Jirachi|86/100
|
|t:|1607647535
|switch|p2a: Palossand|Palossand, F|76/100|[from]move: U-turn
|move|p1a: Jirachi|Wish|p1a: Jirachi
|
|-heal|p1a: Jirachi|92/100|[from] item: Leftovers
|upkeep
|turn|53
|
|t:|1607647541
|move|p1a: Jirachi|U-turn|p2a: Palossand
|-resisted|p2a: Palossand
|-damage|p2a: Palossand|71/100
|
|t:|1607647543
|switch|p1a: Chansey|Chansey, F|71/100|[from]move: U-turn
|move|p2a: Palossand|Shore Up|p2a: Palossand
|-heal|p2a: Palossand|100/100
|
|-heal|p1a: Chansey|99/100|[from] move: Wish|[wisher] Jirachi
|upkeep
|turn|54
|
|t:|1607647549
|switch|p1a: Hatterene|Hatterene, F|100/100
|switch|p2a: Jirachi|Jirachi|96/100
|
|-heal|p2a: Jirachi|100/100|[from] item: Leftovers
|upkeep
|turn|55
|
|t:|1607647557
|switch|p1a: Incineroar|Incineroar, M|35/100
|-ability|p1a: Incineroar|Intimidate|boost
|-unboost|p2a: Jirachi|atk|1
|move|p2a: Jirachi|U-turn|p1a: Incineroar
|-damage|p1a: Incineroar|27/100
|
|t:|1607647561
|switch|p2a: Palossand|Palossand, F|100/100|[from]move: U-turn
|
|upkeep
|turn|56
|
|t:|1607647565
|move|p1a: Incineroar|Parting Shot|p2a: Palossand
|-unboost|p2a: Palossand|atk|1
|-unboost|p2a: Palossand|spa|1
|
|t:|1607647569
|switch|p1a: Hatterene|Hatterene, F|100/100|[from]move: Parting Shot
|move|p2a: Palossand|Earth Power|p1a: Hatterene
|-damage|p1a: Hatterene|80/100
|
|-heal|p1a: Hatterene|86/100|[from] item: Leftovers
|upkeep
|turn|57
|
|t:|1607647575
|switch|p2a: Jirachi|Jirachi|100/100
|move|p1a: Hatterene|Psyshock|p2a: Jirachi
|-resisted|p2a: Jirachi
|-damage|p2a: Jirachi|93/100
|
|-heal|p2a: Jirachi|99/100|[from] item: Leftovers
|-heal|p1a: Hatterene|92/100|[from] item: Leftovers
|upkeep
|turn|58
|
|t:|1607647586
|switch|p1a: Cobalion|Cobalion|59/100
|move|p2a: Jirachi|U-turn|p1a: Cobalion
|-resisted|p1a: Cobalion
|-damage|p1a: Cobalion|56/100
|-damage|p2a: Jirachi|83/100|[from] item: Rocky Helmet|[of] p1a: Cobalion
|
|t:|1607647588
|switch|p2a: Salamence|Salamence, F|61/100|[from]move: U-turn
|-ability|p2a: Salamence|Intimidate|boost
|-unboost|p1a: Cobalion|atk|1
|
|upkeep
|turn|59
|
|t:|1607647593
|switch|p2a: Palossand|Palossand, F|100/100
|move|p1a: Cobalion|Volt Switch|p2a: Palossand
|-immune|p2a: Palossand
|
|upkeep
|turn|60
|
|t:|1607647599
|switch|p1a: Jirachi|Jirachi|92/100
|move|p2a: Palossand|Earth Power|p1a: Jirachi
|-supereffective|p1a: Jirachi
|-damage|p1a: Jirachi|50/100
|
|-heal|p1a: Jirachi|56/100|[from] item: Leftovers
|upkeep
|turn|61
|
|t:|1607647602
|move|p1a: Jirachi|Iron Head|p2a: Palossand
|-damage|p2a: Palossand|85/100
|cant|p2a: Palossand|flinch
|
|-heal|p1a: Jirachi|62/100|[from] item: Leftovers
|upkeep
|turn|62
|
|t:|1607647607
|move|p1a: Jirachi|Iron Head|p2a: Palossand
|-damage|p2a: Palossand|68/100
|move|p2a: Palossand|Stealth Rock|p1a: Jirachi
|-sidestart|p1: Super Suit|move: Stealth Rock
|
|-heal|p1a: Jirachi|69/100|[from] item: Leftovers
|upkeep
|turn|63
|
|t:|1607647611
|move|p1a: Jirachi|Iron Head|p2a: Palossand
|-damage|p2a: Palossand|52/100
|move|p2a: Palossand|Toxic|p1a: Jirachi
|-immune|p1a: Jirachi
|
|-heal|p1a: Jirachi|75/100|[from] item: Leftovers
|upkeep
|turn|64
|
|t:|1607647614
|move|p1a: Jirachi|Iron Head|p2a: Palossand
|-damage|p2a: Palossand|36/100
|move|p2a: Palossand|Shore Up|p2a: Palossand
|-heal|p2a: Palossand|86/100
|
|-heal|p1a: Jirachi|81/100|[from] item: Leftovers
|upkeep
|turn|65
|
|t:|1607647619
|move|p1a: Jirachi|U-turn|p2a: Palossand
|-resisted|p2a: Palossand
|-damage|p2a: Palossand|81/100
|
|t:|1607647622
|switch|p1a: Salamence|Salamence, M|75/100|[from]move: U-turn
|-ability|p1a: Salamence|Intimidate|boost
|-unboost|p2a: Palossand|atk|1
|move|p2a: Palossand|Earth Power|p1a: Salamence
|-immune|p1a: Salamence
|
|upkeep
|turn|66
|
|t:|1607647624
|move|p1a: Salamence|Defog|p2a: Palossand
|-unboost|p2a: Palossand|evasion|1
|-sideend|p1: Super Suit|Stealth Rock|[from] move: Defog|[of] p1a: Salamence
|move|p2a: Palossand|Toxic|p1a: Salamence
|-status|p1a: Salamence|tox
|
|-damage|p1a: Salamence|69/100 tox|[from] psn
|upkeep
|turn|67
|
|t:|1607647631
|switch|p1a: Hatterene|Hatterene, F|92/100
|switch|p2a: Jirachi|Jirachi|83/100
|
|-heal|p2a: Jirachi|89/100|[from] item: Leftovers
|-heal|p1a: Hatterene|98/100|[from] item: Leftovers
|upkeep
|turn|68
|
|t:|1607647638
|switch|p1a: Jirachi|Jirachi|81/100
|move|p2a: Jirachi|U-turn|p1a: Jirachi
|-damage|p1a: Jirachi|68/100
|
|t:|1607647642
|switch|p2a: Quagsire|Quagsire, F|74/100|[from]move: U-turn
|
|-heal|p1a: Jirachi|75/100|[from] item: Leftovers
|upkeep
|turn|69
|
|t:|1607647649
|move|p1a: Jirachi|Iron Head|p2a: Quagsire
|-resisted|p2a: Quagsire
|-damage|p2a: Quagsire|64/100
|cant|p2a: Quagsire|flinch
|
|-heal|p1a: Jirachi|81/100|[from] item: Leftovers
|upkeep
|turn|70
|
|t:|1607647653
|move|p1a: Jirachi|Iron Head|p2a: Quagsire
|-resisted|p2a: Quagsire
|-damage|p2a: Quagsire|55/100
|cant|p2a: Quagsire|flinch
|
|-heal|p1a: Jirachi|87/100|[from] item: Leftovers
|upkeep
|turn|71
|
|t:|1607647656
|move|p1a: Jirachi|Iron Head|p2a: Quagsire
|-resisted|p2a: Quagsire
|-crit|p2a: Quagsire
|-damage|p2a: Quagsire|42/100
|cant|p2a: Quagsire|flinch
|
|-heal|p1a: Jirachi|93/100|[from] item: Leftovers
|upkeep
|turn|72
|
|t:|1607647658
|move|p1a: Jirachi|Iron Head|p2a: Quagsire
|-resisted|p2a: Quagsire
|-damage|p2a: Quagsire|33/100
|cant|p2a: Quagsire|flinch
|
|-heal|p1a: Jirachi|99/100|[from] item: Leftovers
|upkeep
|turn|73
|
|t:|1607647661
|move|p1a: Jirachi|Iron Head|p2a: Quagsire
|-resisted|p2a: Quagsire
|-damage|p2a: Quagsire|23/100
|cant|p2a: Quagsire|flinch
|
|-heal|p1a: Jirachi|100/100|[from] item: Leftovers
|upkeep
|turn|74
|
|t:|1607647665
|move|p1a: Jirachi|Iron Head|p2a: Quagsire
|-resisted|p2a: Quagsire
|-damage|p2a: Quagsire|14/100
|cant|p2a: Quagsire|flinch
|
|upkeep
|turn|75
|
|t:|1607647668
|move|p1a: Jirachi|Iron Head|p2a: Quagsire
|-resisted|p2a: Quagsire
|-damage|p2a: Quagsire|5/100
|cant|p2a: Quagsire|flinch
|
|upkeep
|turn|76
|c|☆Moltester|,,,
|c|☆Moltester|7
|c|☆Super Suit|it just be that way sometimes
|c| Island Spices|thats how u beat stall
|
|t:|1607647686
|switch|p2a: Jirachi|Jirachi|89/100
|move|p1a: Jirachi|U-turn|p2a: Jirachi
|-damage|p2a: Jirachi|75/100
|
|t:|1607647692
|switch|p1a: Cobalion|Cobalion|56/100|[from]move: U-turn
|
|-heal|p2a: Jirachi|81/100|[from] item: Leftovers
|upkeep
|turn|77
|c|☆Moltester|hes playing
|c| Island Spices|why didnt u just do it first
|c|☆Moltester|stall
|c|☆Moltester|Island Spices
|
|t:|1607647696
|move|p1a: Cobalion|Taunt|p2a: Jirachi
|-start|p2a: Jirachi|move: Taunt
|cant|p2a: Jirachi|move: Taunt|Wish
|
|-heal|p2a: Jirachi|87/100|[from] item: Leftovers
|upkeep
|turn|78
|
|t:|1607647700
|move|p1a: Cobalion|Volt Switch|p2a: Jirachi
|-damage|p2a: Jirachi|78/100
|
|t:|1607647706
|switch|p1a: Chansey|Chansey, F|99/100|[from]move: Volt Switch
|move|p2a: Jirachi|U-turn|p1a: Chansey
|-damage|p1a: Chansey|91/100
|-message|Moltester forfeited.
|
|win|Super Suit
|j| Planet Rasengan
|l|☆Moltester
|j| Adrift & Derailed
|c|☆Super Suit|oh
|c| Island Spices|imagine
|c|☆Super Suit|ok
|raw|Super Suit's rating: 1646 &rarr; <strong>1669</strong><br />(+23 for winning)
|raw|Moltester's rating: 1697 &rarr; <strong>1674</strong><br />(-23 for losing)
|c|☆Super Suit|gg I guess
|l| Wish3s
|l| Adrift & Derailed
|l| Planet Rasengan
|l| Island Spices
