|j|☆Low Ladder Terror
|j|☆Super Suit
|t:|1605045991
|player|p1|Low Ladder Terror|iris-gen5bw2|1598
|player|p2|Super Suit|yellow|1464
|teamsize|p1|6
|teamsize|p2|6
|gametype|singles
|gen|8
|tier|[Gen 8] UU
|rated|
|clearpoke
|poke|p1|Raikou|
|poke|p1|Tapu Bulu|
|poke|p1|Gardevoir, M|
|poke|p1|Krookodile, F|
|poke|p1|Volcanion|
|poke|p1|Scizor, M|
|poke|p2|Aegislash, M|
|poke|p2|Metagross|
|poke|p2|Blacephalon|
|poke|p2|Buzzwole|
|poke|p2|Kyurem|
|poke|p2|Hydreigon, F|
|rule|Sleep Clause Mod: Limit one foe put to sleep
|rule|Species Clause: Limit one of each Pokémon
|rule|OHKO Clause: OHKO moves are banned
|rule|Evasion Moves Clause: Evasion moves are banned
|rule|Endless Battle Clause: Forcing endless battles is banned
|rule|HP Percentage Mod: HP is shown in percentages
|rule|Dynamax Clause: You cannot dynamax
|teampreview
|inactive|Battle timer is ON: inactive players will automatically lose when time's up. (requested by Low Ladder Terror)
|c|☆Super Suit|glhf
|
|t:|1605046022
|start
|switch|p1a: Krookodile|Krookodile, F|100/100
|switch|p2a: Metagross|Metagross|100/100
|-ability|p1a: Krookodile|Intimidate|boost
|-fail|p2a: Metagross|unboost|[from] ability: Clear Body|[of] p2a: Metagross
|turn|1
|
|t:|1605046030
|move|p1a: Krookodile|Knock Off|p2a: Metagross
|-supereffective|p2a: Metagross
|-damage|p2a: Metagross|20/100
|-enditem|p2a: Metagross|Kasib Berry|[from] move: Knock Off|[of] p1a: Krookodile
|move|p2a: Metagross|Stealth Rock|p1a: Krookodile
|-sidestart|p1: Low Ladder Terror|move: Stealth Rock
|
|upkeep
|turn|2
|
|t:|1605046038
|switch|p2a: Buzzwole|Buzzwole|100/100
|move|p1a: Krookodile|Stealth Rock|p2a: Buzzwole
|-sidestart|p2: Super Suit|move: Stealth Rock
|
|upkeep
|turn|3
|
|t:|1605046051
|switch|p1a: Volcanion|Volcanion|100/100
|move|p2a: Buzzwole|Earthquake|p1a: Volcanion
|-supereffective|p1a: Volcanion
|-damage|p1a: Volcanion|36/100
|
|upkeep
|turn|4
|
|t:|1605046063
|switch|p2a: Metagross|Metagross|20/100
|-damage|p2a: Metagross|14/100|[from] Stealth Rock
|move|p1a: Volcanion|Toxic|p2a: Metagross
|-immune|p2a: Metagross
|
|upkeep
|turn|5
|
|t:|1605046067
|move|p1a: Volcanion|Flamethrower|p2a: Metagross
|-supereffective|p2a: Metagross
|-damage|p2a: Metagross|0 fnt
|faint|p2a: Metagross
|
|upkeep
|
|t:|1605046070
|switch|p2a: Blacephalon|Blacephalon|100/100
|-damage|p2a: Blacephalon|76/100|[from] Stealth Rock
|turn|6
|
|t:|1605046074
|move|p2a: Blacephalon|Shadow Ball|p1a: Volcanion
|-damage|p1a: Volcanion|0 fnt
|faint|p1a: Volcanion
|-ability|p2a: Blacephalon|Beast Boost|boost
|-boost|p2a: Blacephalon|spa|1
|
|upkeep
|
|t:|1605046080
|switch|p1a: Krookodile|Krookodile, F|100/100
|-damage|p1a: Krookodile|94/100|[from] Stealth Rock
|-ability|p1a: Krookodile|Intimidate|boost
|-unboost|p2a: Blacephalon|atk|1
|turn|7
|
|t:|1605046089
|switch|p2a: Buzzwole|Buzzwole|100/100
|-damage|p2a: Buzzwole|88/100|[from] Stealth Rock
|move|p1a: Krookodile|Knock Off|p2a: Buzzwole
|-resisted|p2a: Buzzwole
|-damage|p2a: Buzzwole|77/100
|-enditem|p2a: Buzzwole|Leftovers|[from] move: Knock Off|[of] p1a: Krookodile
|
|upkeep
|turn|8
|
|t:|1605046094
|switch|p1a: Tapu Bulu|Tapu Bulu, shiny|100/100
|-damage|p1a: Tapu Bulu|88/100|[from] Stealth Rock
|-fieldstart|move: Grassy Terrain|[from] ability: Grassy Surge|[of] p1a: Tapu Bulu
|move|p2a: Buzzwole|Bulk Up|p2a: Buzzwole
|-boost|p2a: Buzzwole|atk|1
|-boost|p2a: Buzzwole|def|1
|
|-heal|p1a: Tapu Bulu|94/100|[from] item: Leftovers
|-heal|p1a: Tapu Bulu|100/100|[from] Grassy Terrain
|-heal|p2a: Buzzwole|83/100|[from] Grassy Terrain
|upkeep
|turn|9
|
|t:|1605046101
|move|p1a: Tapu Bulu|Swords Dance|p1a: Tapu Bulu
|-boost|p1a: Tapu Bulu|atk|2
|move|p2a: Buzzwole|Earthquake|p1a: Tapu Bulu
|-resisted|p1a: Tapu Bulu
|-damage|p1a: Tapu Bulu|86/100
|
|-heal|p1a: Tapu Bulu|93/100|[from] item: Leftovers
|-heal|p1a: Tapu Bulu|99/100|[from] Grassy Terrain
|-heal|p2a: Buzzwole|89/100|[from] Grassy Terrain
|upkeep
|turn|10
|
|t:|1605046109
|move|p1a: Tapu Bulu|Stone Edge|p2a: Buzzwole|[miss]
|-miss|p1a: Tapu Bulu|p2a: Buzzwole
|move|p2a: Buzzwole|Bulk Up|p2a: Buzzwole
|-boost|p2a: Buzzwole|atk|1
|-boost|p2a: Buzzwole|def|1
|
|-heal|p1a: Tapu Bulu|100/100|[from] item: Leftovers
|-heal|p2a: Buzzwole|95/100|[from] Grassy Terrain
|upkeep
|turn|11
|
|t:|1605046111
|move|p1a: Tapu Bulu|Swords Dance|p1a: Tapu Bulu
|-boost|p1a: Tapu Bulu|atk|2
|move|p2a: Buzzwole|Bulk Up|p2a: Buzzwole
|-boost|p2a: Buzzwole|atk|1
|-boost|p2a: Buzzwole|def|1
|
|-heal|p2a: Buzzwole|100/100|[from] Grassy Terrain
|upkeep
|turn|12
|
|t:|1605046114
|move|p1a: Tapu Bulu|Swords Dance|p1a: Tapu Bulu
|-boost|p1a: Tapu Bulu|atk|2
|move|p2a: Buzzwole|Bulk Up|p2a: Buzzwole
|-boost|p2a: Buzzwole|atk|1
|-boost|p2a: Buzzwole|def|1
|
|-fieldend|move: Grassy Terrain
|upkeep
|turn|13
|
|t:|1605046117
|move|p1a: Tapu Bulu|Stone Edge|p2a: Buzzwole
|-damage|p2a: Buzzwole|73/100
|move|p2a: Buzzwole|Bulk Up|p2a: Buzzwole
|-boost|p2a: Buzzwole|atk|1
|-boost|p2a: Buzzwole|def|1
|
|upkeep
|turn|14
|
|t:|1605046119
|move|p1a: Tapu Bulu|Stone Edge|p2a: Buzzwole
|-damage|p2a: Buzzwole|49/100
|move|p2a: Buzzwole|Bulk Up|p2a: Buzzwole
|-boost|p2a: Buzzwole|atk|1
|-boost|p2a: Buzzwole|def|1
|
|upkeep
|turn|15
|
|t:|1605046122
|move|p1a: Tapu Bulu|Stone Edge|p2a: Buzzwole
|-damage|p2a: Buzzwole|30/100
|move|p2a: Buzzwole|Roost|p2a: Buzzwole
|-heal|p2a: Buzzwole|80/100
|-singleturn|p2a: Buzzwole|move: Roost
|
|upkeep
|turn|16
|
|t:|1605046124
|move|p1a: Tapu Bulu|Stone Edge|p2a: Buzzwole
|-damage|p2a: Buzzwole|60/100
|move|p2a: Buzzwole|Roost|p2a: Buzzwole
|-heal|p2a: Buzzwole|100/100
|-singleturn|p2a: Buzzwole|move: Roost
|
|upkeep
|turn|17
|
|t:|1605046131
|move|p1a: Tapu Bulu|Stone Edge|p2a: Buzzwole
|-damage|p2a: Buzzwole|79/100
|move|p2a: Buzzwole|Roost|p2a: Buzzwole
|-heal|p2a: Buzzwole|100/100
|-singleturn|p2a: Buzzwole|move: Roost
|
|upkeep
|turn|18
|
|t:|1605046135
|move|p1a: Tapu Bulu|Stone Edge|p2a: Buzzwole|[miss]
|-miss|p1a: Tapu Bulu|p2a: Buzzwole
|move|p2a: Buzzwole|Roost||[still]
|-fail|p2a: Buzzwole|heal
|
|upkeep
|turn|19
|
|t:|1605046139
|move|p1a: Tapu Bulu|Stone Edge|p2a: Buzzwole|[miss]
|-miss|p1a: Tapu Bulu|p2a: Buzzwole
|move|p2a: Buzzwole|Earthquake|p1a: Tapu Bulu
|-resisted|p1a: Tapu Bulu
|-damage|p1a: Tapu Bulu|25/100
|
|-heal|p1a: Tapu Bulu|32/100|[from] item: Leftovers
|upkeep
|turn|20
|
|t:|1605046147
|move|p1a: Tapu Bulu|Horn Leech|p2a: Buzzwole
|-resisted|p2a: Buzzwole
|-damage|p2a: Buzzwole|90/100
|-heal|p1a: Tapu Bulu|39/100|[from] drain|[of] p2a: Buzzwole
|move|p2a: Buzzwole|Earthquake|p1a: Tapu Bulu
|-resisted|p1a: Tapu Bulu
|-damage|p1a: Tapu Bulu|0 fnt
|faint|p1a: Tapu Bulu
|
|upkeep
|
|t:|1605046151
|switch|p1a: Gardevoir|Gardevoir, M|100/100
|-damage|p1a: Gardevoir|88/100|[from] Stealth Rock
|-ability|p1a: Gardevoir|Beast Boost|[from] ability: Trace|[of] p2a: Buzzwole
|turn|21
|
|t:|1605046160
|switch|p2a: Aegislash|Aegislash, M|100/100
|-damage|p2a: Aegislash|94/100|[from] Stealth Rock
|move|p1a: Gardevoir|Moonblast|p2a: Aegislash
|-resisted|p2a: Aegislash
|-damage|p2a: Aegislash|73/100
|
|-heal|p2a: Aegislash|79/100|[from] item: Leftovers
|upkeep
|turn|22
|
|t:|1605046169
|switch|p1a: Krookodile|Krookodile, F|94/100
|-damage|p1a: Krookodile|88/100|[from] Stealth Rock
|-ability|p1a: Krookodile|Intimidate|boost
|-unboost|p2a: Aegislash|atk|1
|move|p2a: Aegislash|Substitute|p2a: Aegislash
|-start|p2a: Aegislash|Substitute
|-damage|p2a: Aegislash|54/100
|
|-heal|p2a: Aegislash|60/100|[from] item: Leftovers
|upkeep
|turn|23
|inactive|Super Suit has 120 seconds left.
|
|t:|1605046226
|move|p1a: Krookodile|Taunt|p2a: Aegislash
|-start|p2a: Aegislash|move: Taunt
|-formechange|p2a: Aegislash|Aegislash-Blade||[from] ability: Stance Change
|move|p2a: Aegislash|Close Combat|p1a: Krookodile
|-supereffective|p1a: Krookodile
|-damage|p1a: Krookodile|19/100
|-unboost|p2a: Aegislash|def|1
|-unboost|p2a: Aegislash|spd|1
|-damage|p2a: Aegislash|43/100|[from] item: Rocky Helmet|[of] p1a: Krookodile
|
|-heal|p2a: Aegislash|50/100|[from] item: Leftovers
|upkeep
|turn|24
|
|t:|1605046235
|move|p1a: Krookodile|Knock Off|p2a: Aegislash
|-supereffective|p2a: Aegislash
|-end|p2a: Aegislash|Substitute
|move|p2a: Aegislash|Flash Cannon|p1a: Krookodile
|-damage|p1a: Krookodile|0 fnt
|faint|p1a: Krookodile
|
|-heal|p2a: Aegislash|56/100|[from] item: Leftovers
|upkeep
|
|t:|1605046237
|switch|p1a: Raikou|Raikou, shiny|100/100
|-damage|p1a: Raikou|88/100|[from] Stealth Rock
|-ability|p1a: Raikou|Pressure
|turn|25
|j| Jassiel07
|
|t:|1605046244
|switch|p2a: Hydreigon|Hydreigon, F|100/100
|-damage|p2a: Hydreigon|88/100|[from] Stealth Rock
|move|p1a: Raikou|Substitute|p1a: Raikou
|-start|p1a: Raikou|Substitute
|-damage|p1a: Raikou|63/100
|
|-heal|p1a: Raikou|69/100|[from] item: Leftovers
|-heal|p2a: Hydreigon|94/100|[from] item: Leftovers
|upkeep
|turn|26
|
|t:|1605046247
|move|p1a: Raikou|Calm Mind|p1a: Raikou
|-boost|p1a: Raikou|spa|1
|-boost|p1a: Raikou|spd|1
|move|p2a: Hydreigon|Dark Pulse|p1a: Raikou
|-activate|p1a: Raikou|move: Substitute|[damage]
|
|-heal|p1a: Raikou|75/100|[from] item: Leftovers
|-heal|p2a: Hydreigon|100/100|[from] item: Leftovers
|upkeep
|turn|27
|
|t:|1605046251
|move|p1a: Raikou|Calm Mind|p1a: Raikou
|-boost|p1a: Raikou|spa|1
|-boost|p1a: Raikou|spd|1
|move|p2a: Hydreigon|Dark Pulse|p1a: Raikou
|-crit|p1a: Raikou
|-end|p1a: Raikou|Substitute
|
|-heal|p1a: Raikou|81/100|[from] item: Leftovers
|upkeep
|turn|28
|
|t:|1605046261
|switch|p2a: Blacephalon|Blacephalon|76/100
|-damage|p2a: Blacephalon|51/100|[from] Stealth Rock
|move|p1a: Raikou|Substitute|p1a: Raikou
|-start|p1a: Raikou|Substitute
|-damage|p1a: Raikou|56/100
|
|-heal|p1a: Raikou|63/100|[from] item: Leftovers
|upkeep
|turn|29
|
|t:|1605046267
|move|p1a: Raikou|Thunderbolt|p2a: Blacephalon
|-damage|p2a: Blacephalon|0 fnt
|faint|p2a: Blacephalon
|
|-heal|p1a: Raikou|69/100|[from] item: Leftovers
|upkeep
|
|t:|1605046272
|switch|p2a: Kyurem|Kyurem|100/100
|-damage|p2a: Kyurem|76/100|[from] Stealth Rock
|-ability|p2a: Kyurem|Pressure
|turn|30
|
|t:|1605046279
|move|p1a: Raikou|Thunderbolt|p2a: Kyurem
|-resisted|p2a: Kyurem
|-damage|p2a: Kyurem|32/100
|move|p2a: Kyurem|Substitute|p2a: Kyurem
|-start|p2a: Kyurem|Substitute
|-damage|p2a: Kyurem|7/100
|
|-heal|p1a: Raikou|75/100|[from] item: Leftovers
|upkeep
|turn|31
|
|t:|1605046285
|move|p1a: Raikou|Thunderbolt|p2a: Kyurem
|-resisted|p2a: Kyurem
|-end|p2a: Kyurem|Substitute
|move|p2a: Kyurem|Roost|p2a: Kyurem
|-heal|p2a: Kyurem|58/100
|-singleturn|p2a: Kyurem|move: Roost
|
|-heal|p1a: Raikou|81/100|[from] item: Leftovers
|upkeep
|turn|32
|
|t:|1605046291
|move|p1a: Raikou|Calm Mind|p1a: Raikou
|-boost|p1a: Raikou|spa|1
|-boost|p1a: Raikou|spd|1
|move|p2a: Kyurem|Roost|p2a: Kyurem
|-heal|p2a: Kyurem|100/100
|-singleturn|p2a: Kyurem|move: Roost
|
|-heal|p1a: Raikou|87/100|[from] item: Leftovers
|upkeep
|turn|33
|
|t:|1605046298
|move|p1a: Raikou|Calm Mind|p1a: Raikou
|-boost|p1a: Raikou|spa|1
|-boost|p1a: Raikou|spd|1
|move|p2a: Kyurem|Icicle Spear|p1a: Raikou
|-activate|p1a: Raikou|move: Substitute|[damage]
|-end|p1a: Raikou|Substitute
|-damage|p1a: Raikou|73/100
|-hitcount|p1a: Raikou|3
|
|-heal|p1a: Raikou|79/100|[from] item: Leftovers
|upkeep
|turn|34
|
|t:|1605046307
|move|p1a: Raikou|Substitute|p1a: Raikou
|-start|p1a: Raikou|Substitute
|-damage|p1a: Raikou|54/100
|move|p2a: Kyurem|Icicle Spear|p1a: Raikou
|-activate|p1a: Raikou|move: Substitute|[damage]
|-end|p1a: Raikou|Substitute
|-hitcount|p1a: Raikou|2
|
|-heal|p1a: Raikou|60/100|[from] item: Leftovers
|upkeep
|turn|35
|
|t:|1605046313
|move|p1a: Raikou|Thunderbolt|p2a: Kyurem
|-resisted|p2a: Kyurem
|-damage|p2a: Kyurem|39/100
|move|p2a: Kyurem|Icicle Spear|p1a: Raikou
|-damage|p1a: Raikou|39/100
|-damage|p1a: Raikou|19/100
|-hitcount|p1a: Raikou|2
|
|-heal|p1a: Raikou|25/100|[from] item: Leftovers
|upkeep
|turn|36
|
|t:|1605046320
|move|p1a: Raikou|Thunderbolt|p2a: Kyurem
|-resisted|p2a: Kyurem
|-damage|p2a: Kyurem|0 fnt
|faint|p2a: Kyurem
|
|-heal|p1a: Raikou|32/100|[from] item: Leftovers
|upkeep
|
|t:|1605046323
|switch|p2a: Aegislash|Aegislash, M|56/100
|-damage|p2a: Aegislash|50/100|[from] Stealth Rock
|turn|37
|
|t:|1605046332
|move|p1a: Raikou|Scald|p2a: Aegislash
|-damage|p2a: Aegislash|0 fnt
|faint|p2a: Aegislash
|
|-heal|p1a: Raikou|38/100|[from] item: Leftovers
|upkeep
|
|t:|1605046335
|switch|p2a: Hydreigon|Hydreigon, F|100/100
|-damage|p2a: Hydreigon|88/100|[from] Stealth Rock
|turn|38
|
|t:|1605046339
|move|p1a: Raikou|Substitute|p1a: Raikou
|-start|p1a: Raikou|Substitute
|-damage|p1a: Raikou|13/100
|move|p2a: Hydreigon|Dark Pulse|p1a: Raikou
|-activate|p1a: Raikou|move: Substitute|[damage]
|
|-heal|p1a: Raikou|19/100|[from] item: Leftovers
|-heal|p2a: Hydreigon|94/100|[from] item: Leftovers
|upkeep
|turn|39
|
|t:|1605046345
|move|p1a: Raikou|Thunderbolt|p2a: Hydreigon
|-resisted|p2a: Hydreigon
|-damage|p2a: Hydreigon|37/100
|move|p2a: Hydreigon|Dark Pulse|p1a: Raikou
|-end|p1a: Raikou|Substitute
|
|-heal|p1a: Raikou|25/100|[from] item: Leftovers
|-heal|p2a: Hydreigon|43/100|[from] item: Leftovers
|upkeep
|turn|40
|-message|Super Suit forfeited.
|
|win|Low Ladder Terror
|l|☆Super Suit
