|j|☆GryphonEx
|j|☆PreschoolMoth
|t:|1665517357
|gametype|singles
|player|p1|GryphonEx|gardenia|1424
|player|p2|PreschoolMoth|ninjaboy|1432
|teamsize|p1|6
|teamsize|p2|6
|gen|8
|tier|[Gen 8] UU
|rated|
|rule|Sleep Clause Mod: Limit one foe put to sleep
|rule|Species Clause: Limit one of each Pokémon
|rule|OHKO Clause: OHKO moves are banned
|rule|Evasion Items Clause: Evasion items are banned
|rule|Evasion Moves Clause: Evasion moves are banned
|rule|Endless Battle Clause: Forcing endless battles is banned
|rule|HP Percentage Mod: HP is shown in percentages
|rule|Dynamax Clause: You cannot dynamax
|clearpoke
|poke|p1|Hydreigon, M|
|poke|p1|Primarina, M|
|poke|p1|Zarude|
|poke|p1|Salamence, M|
|poke|p1|Chansey, F|
|poke|p1|Corsola-Galar, M|
|poke|p2|Gyarados, M|
|poke|p2|Rotom-Wash|
|poke|p2|Amoonguss, F|
|poke|p2|Moltres|
|poke|p2|Conkeldurr, M|
|poke|p2|Krookodile, F|
|teampreview
|inactive|Battle timer is ON: inactive players will automatically lose when time's up. (requested by PreschoolMoth)
|
|t:|1665517374
|start
|switch|p1a: Hydreigon|Hydreigon, M|100/100
|switch|p2a: Rotom|Rotom-Wash|100/100
|turn|1
|
|t:|1665517377
|move|p2a: Rotom|Volt Switch|p1a: Hydreigon
|-resisted|p1a: Hydreigon
|-damage|p1a: Hydreigon|83/100
|
|t:|1665517382
|switch|p2a: Amoonguss|Amoonguss, F|100/100|[from]move: Volt Switch
|move|p1a: Hydreigon|Draco Meteor|p2a: Amoonguss|[miss]
|-miss|p1a: Hydreigon|p2a: Amoonguss
|
|upkeep
|turn|2
|
|t:|1665517386
|move|p1a: Hydreigon|Draco Meteor|p2a: Amoonguss
|-damage|p2a: Amoonguss|10/100
|-unboost|p1a: Hydreigon|spa|2
|move|p2a: Amoonguss|Spore|p1a: Hydreigon
|-status|p1a: Hydreigon|slp|[from] move: Spore
|
|upkeep
|turn|3
|j| amogusroxyrrrr
|
|t:|1665517394
|switch|p1a: Primarina|Primarina, M|100/100
|switch|p2a: Conkeldurr|Conkeldurr, M|100/100
|
|-status|p2a: Conkeldurr|brn|[from] item: Flame Orb
|upkeep
|turn|4
|
|t:|1665517398
|move|p1a: Primarina|Moonblast|p2a: Conkeldurr
|-supereffective|p2a: Conkeldurr
|-damage|p2a: Conkeldurr|0 fnt
|faint|p2a: Conkeldurr
|
|upkeep
|
|t:|1665517404
|switch|p2a: Gyarados|Gyarados, M|100/100
|turn|5
|
|t:|1665517409
|move|p2a: Gyarados|Dragon Dance|p2a: Gyarados
|-boost|p2a: Gyarados|atk|1
|-boost|p2a: Gyarados|spe|1
|move|p1a: Primarina|Moonblast|p2a: Gyarados
|-damage|p2a: Gyarados|47/100
|-unboost|p2a: Gyarados|spa|1
|
|-heal|p2a: Gyarados|53/100|[from] item: Leftovers
|upkeep
|turn|6
|
|t:|1665517413
|move|p2a: Gyarados|Power Whip|p1a: Primarina
|-supereffective|p1a: Primarina
|-damage|p1a: Primarina|0 fnt
|faint|p1a: Primarina
|-ability|p2a: Gyarados|Moxie|boost
|-boost|p2a: Gyarados|atk|1
|
|-heal|p2a: Gyarados|59/100|[from] item: Leftovers
|upkeep
|
|t:|1665517417
|switch|p1a: Corsola|Corsola-Galar, M|100/100
|turn|7
|
|t:|1665517431
|switch|p2a: Amoonguss|Amoonguss, F|43/100
|move|p1a: Corsola|Will-O-Wisp|p2a: Amoonguss
|-status|p2a: Amoonguss|brn
|
|-damage|p2a: Amoonguss|37/100 brn|[from] brn
|upkeep
|turn|8
|
|t:|1665517434
|switch|p2a: Krookodile|Krookodile, F|100/100
|-ability|p2a: Krookodile|Intimidate|boost
|-unboost|p1a: Corsola|atk|1
|move|p1a: Corsola|Stealth Rock|p2a: Krookodile
|-sidestart|p2: PreschoolMoth|move: Stealth Rock
|
|upkeep
|turn|9
|
|t:|1665517449
|switch|p1a: Zarude|Zarude|100/100
|move|p2a: Krookodile|Knock Off|p1a: Zarude
|-resisted|p1a: Zarude
|-damage|p1a: Zarude|78/100
|-enditem|p1a: Zarude|Choice Band|[from] move: Knock Off|[of] p2a: Krookodile
|
|upkeep
|turn|10
|
|t:|1665517457
|switch|p2a: Moltres|Moltres|100/100
|move|p1a: Zarude|U-turn|p2a: Moltres
|-resisted|p2a: Moltres
|-damage|p2a: Moltres|96/100
|-status|p1a: Zarude|brn|[from] ability: Flame Body|[of] p2a: Moltres
|
|t:|1665517466
|switch|p1a: Chansey|Chansey, F|100/100|[from]move: U-turn
|
|upkeep
|turn|11
|
|t:|1665517470
|move|p2a: Moltres|Defog|p1a: Chansey
|-unboost|p1a: Chansey|evasion|1
|-sideend|p2: PreschoolMoth|Stealth Rock|[from] move: Defog|[of] p2a: Moltres
|move|p1a: Chansey|Teleport|p1a: Chansey
|
|t:|1665517476
|switch|p1a: Corsola|Corsola-Galar, M|100/100|[from]move: Teleport
|
|upkeep
|turn|12
|
|t:|1665517480
|switch|p2a: Rotom|Rotom-Wash|100/100
|move|p1a: Corsola|Stealth Rock|p2a: Rotom
|-sidestart|p2: PreschoolMoth|move: Stealth Rock
|
|upkeep
|turn|13
|
|t:|1665517486
|switch|p1a: Zarude|Zarude|78/100 brn
|move|p2a: Rotom|Trick|p1a: Zarude
|-activate|p2a: Rotom|move: Trick|[of] p1a: Zarude
|-item|p1a: Zarude|Choice Scarf|[from] move: Trick
|-enditem|p2a: Rotom|Choice Scarf|[silent]|[from] move: Trick
|
|-damage|p1a: Zarude|72/100 brn|[from] brn
|upkeep
|turn|14
|
|t:|1665517500
|switch|p2a: Moltres|Moltres|96/100
|move|p1a: Zarude|U-turn|p2a: Moltres
|-resisted|p2a: Moltres
|-damage|p2a: Moltres|93/100
|
|t:|1665517506
|switch|p1a: Chansey|Chansey, F|100/100|[from]move: U-turn
|
|upkeep
|turn|15
|
|t:|1665517509
|move|p2a: Moltres|Defog|p1a: Chansey
|-unboost|p1a: Chansey|evasion|1
|-sideend|p2: PreschoolMoth|Stealth Rock|[from] move: Defog|[of] p2a: Moltres
|move|p1a: Chansey|Thunder Wave|p2a: Moltres
|-status|p2a: Moltres|par
|
|upkeep
|turn|16
|
|t:|1665517515
|switch|p2a: Amoonguss|Amoonguss, F|70/100 brn
|move|p1a: Chansey|Teleport|p1a: Chansey
|
|t:|1665517527
|switch|p1a: Salamence|Salamence, M|100/100|[from]move: Teleport
|-ability|p1a: Salamence|Intimidate|boost
|-unboost|p2a: Amoonguss|atk|1
|
|-damage|p2a: Amoonguss|64/100 brn|[from] brn
|upkeep
|turn|17
|
|t:|1665517531
|switch|p2a: Krookodile|Krookodile, F|100/100
|-ability|p2a: Krookodile|Intimidate|boost
|-unboost|p1a: Salamence|atk|1
|move|p1a: Salamence|Dual Wingbeat|p2a: Krookodile
|-damage|p2a: Krookodile|86/100
|-damage|p1a: Salamence|84/100|[from] item: Rocky Helmet|[of] p2a: Krookodile
|-damage|p2a: Krookodile|71/100
|-damage|p1a: Salamence|68/100|[from] item: Rocky Helmet|[of] p2a: Krookodile
|-hitcount|p2a: Krookodile|2
|
|upkeep
|turn|18
|
|t:|1665517539
|switch|p1a: Zarude|Zarude|72/100 brn
|move|p2a: Krookodile|Knock Off|p1a: Zarude
|-resisted|p1a: Zarude
|-damage|p1a: Zarude|51/100 brn
|-enditem|p1a: Zarude|Choice Scarf|[from] move: Knock Off|[of] p2a: Krookodile
|
|-damage|p1a: Zarude|45/100 brn|[from] brn
|upkeep
|turn|19
|
|t:|1665517549
|switch|p2a: Moltres|Moltres|93/100 par
|move|p1a: Zarude|U-turn|p2a: Moltres
|-resisted|p2a: Moltres
|-damage|p2a: Moltres|90/100 par
|
|t:|1665517552
|switch|p1a: Hydreigon|Hydreigon, M|83/100 slp|[from]move: U-turn
|
|upkeep
|turn|20
|
|t:|1665517560
|switch|p2a: Gyarados|Gyarados, M|59/100
|cant|p1a: Hydreigon|slp
|
|-heal|p2a: Gyarados|65/100|[from] item: Leftovers
|upkeep
|turn|21
|
|t:|1665517565
|switch|p1a: Corsola|Corsola-Galar, M|100/100
|move|p2a: Gyarados|Dragon Dance|p2a: Gyarados
|-boost|p2a: Gyarados|atk|1
|-boost|p2a: Gyarados|spe|1
|
|-heal|p2a: Gyarados|71/100|[from] item: Leftovers
|upkeep
|turn|22
|
|t:|1665517573
|switch|p2a: Rotom|Rotom-Wash|100/100
|move|p1a: Corsola|Will-O-Wisp|p2a: Rotom
|-status|p2a: Rotom|brn
|
|-damage|p2a: Rotom|94/100 brn|[from] brn
|upkeep
|turn|23
|
|t:|1665517579
|switch|p1a: Chansey|Chansey, F|100/100
|move|p2a: Rotom|Trick|p1a: Chansey
|-activate|p2a: Rotom|move: Trick|[of] p1a: Chansey
|-enditem|p1a: Chansey|Eviolite|[silent]|[from] move: Trick
|-item|p2a: Rotom|Eviolite|[from] move: Trick
|
|-damage|p2a: Rotom|88/100 brn|[from] brn
|upkeep
|turn|24
|
|t:|1665517588
|move|p2a: Rotom|Volt Switch|p1a: Chansey
|-damage|p1a: Chansey|85/100
|
|t:|1665517594
|switch|p2a: Krookodile|Krookodile, F|71/100|[from]move: Volt Switch
|-ability|p2a: Krookodile|Intimidate|boost
|-unboost|p1a: Chansey|atk|1
|move|p1a: Chansey|Thunder Wave|p2a: Krookodile
|-immune|p2a: Krookodile
|
|upkeep
|turn|25
|
|t:|1665517600
|switch|p1a: Zarude|Zarude|45/100 brn
|move|p2a: Krookodile|Stealth Rock|p1a: Zarude
|-sidestart|p1: GryphonEx|move: Stealth Rock
|
|-damage|p1a: Zarude|39/100 brn|[from] brn
|upkeep
|turn|26
|
|t:|1665517605
|switch|p2a: Moltres|Moltres|90/100 par
|move|p1a: Zarude|U-turn|p2a: Moltres
|-resisted|p2a: Moltres
|-damage|p2a: Moltres|87/100 par
|
|t:|1665517612
|switch|p1a: Salamence|Salamence, M|68/100|[from]move: U-turn
|-ability|p1a: Salamence|Intimidate|boost
|-unboost|p2a: Moltres|atk|1
|
|upkeep
|turn|27
|
|t:|1665517618
|switch|p2a: Krookodile|Krookodile, F|71/100
|-ability|p2a: Krookodile|Intimidate|boost
|-unboost|p1a: Salamence|atk|1
|move|p1a: Salamence|Defog|p2a: Krookodile
|-unboost|p2a: Krookodile|evasion|1
|-sideend|p1: GryphonEx|Stealth Rock|[from] move: Defog|[of] p1a: Salamence
|
|upkeep
|turn|28
|
|t:|1665517625
|switch|p1a: Hydreigon|Hydreigon, M|83/100 slp
|move|p2a: Krookodile|Knock Off|p1a: Hydreigon
|-resisted|p1a: Hydreigon
|-damage|p1a: Hydreigon|54/100 slp
|-enditem|p1a: Hydreigon|Choice Specs|[from] move: Knock Off|[of] p2a: Krookodile
|
|upkeep
|turn|29
|
|t:|1665517630
|cant|p1a: Hydreigon|slp
|move|p2a: Krookodile|Stone Edge|p1a: Hydreigon
|-damage|p1a: Hydreigon|14/100 slp
|
|upkeep
|turn|30
|
|t:|1665517638
|-curestatus|p1a: Hydreigon|slp|[msg]
|move|p1a: Hydreigon|Roost|p1a: Hydreigon
|-heal|p1a: Hydreigon|64/100
|-singleturn|p1a: Hydreigon|move: Roost
|move|p2a: Krookodile|Knock Off|p1a: Hydreigon
|-resisted|p1a: Hydreigon
|-damage|p1a: Hydreigon|46/100
|
|upkeep
|turn|31
|
|t:|1665517647
|switch|p2a: Amoonguss|Amoonguss, F|97/100 brn
|move|p1a: Hydreigon|Roost|p1a: Hydreigon
|-heal|p1a: Hydreigon|96/100
|-singleturn|p1a: Hydreigon|move: Roost
|
|-damage|p2a: Amoonguss|91/100 brn|[from] brn
|upkeep
|turn|32
|
|t:|1665517656
|switch|p1a: Salamence|Salamence, M|68/100
|-ability|p1a: Salamence|Intimidate|boost
|-unboost|p2a: Amoonguss|atk|1
|move|p2a: Amoonguss|Spore|p1a: Salamence
|-status|p1a: Salamence|slp|[from] move: Spore
|
|-damage|p2a: Amoonguss|85/100 brn|[from] brn
|upkeep
|turn|33
|
|t:|1665517662
|switch|p1a: Zarude|Zarude|39/100 brn
|move|p2a: Amoonguss|Sludge Bomb|p1a: Zarude
|-supereffective|p1a: Zarude
|-damage|p1a: Zarude|0 fnt
|faint|p1a: Zarude
|
|-damage|p2a: Amoonguss|79/100 brn|[from] brn
|upkeep
|
|t:|1665517673
|switch|p1a: Hydreigon|Hydreigon, M|96/100
|turn|34
|
|t:|1665517678
|move|p1a: Hydreigon|Dark Pulse|p2a: Amoonguss
|-damage|p2a: Amoonguss|40/100 brn
|move|p2a: Amoonguss|Sludge Bomb|p1a: Hydreigon
|-damage|p1a: Hydreigon|67/100
|
|-damage|p2a: Amoonguss|34/100 brn|[from] brn
|upkeep
|turn|35
|
|t:|1665517691
|switch|p2a: Rotom|Rotom-Wash|88/100 brn
|move|p1a: Hydreigon|Draco Meteor|p2a: Rotom
|-damage|p2a: Rotom|0 fnt
|-unboost|p1a: Hydreigon|spa|2
|faint|p2a: Rotom
|
|upkeep
|
|t:|1665517697
|switch|p2a: Gyarados|Gyarados, M|71/100
|turn|36
|
|t:|1665517700
|switch|p1a: Corsola|Corsola-Galar, M|100/100
|move|p2a: Gyarados|Dragon Dance|p2a: Gyarados
|-boost|p2a: Gyarados|atk|1
|-boost|p2a: Gyarados|spe|1
|
|-heal|p2a: Gyarados|77/100|[from] item: Leftovers
|upkeep
|turn|37
|
|t:|1665517707
|move|p2a: Gyarados|Waterfall|p1a: Corsola
|-damage|p1a: Corsola|51/100
|move|p1a: Corsola|Night Shade|p2a: Gyarados
|-damage|p2a: Gyarados|47/100
|
|-heal|p2a: Gyarados|53/100|[from] item: Leftovers
|upkeep
|turn|38
|
|t:|1665517715
|move|p2a: Gyarados|Waterfall|p1a: Corsola
|-damage|p1a: Corsola|3/100
|move|p1a: Corsola|Strength Sap|p2a: Gyarados
|-unboost|p2a: Gyarados|atk|1
|-heal|p1a: Corsola|100/100
|
|-heal|p2a: Gyarados|59/100|[from] item: Leftovers
|upkeep
|turn|39
|
|t:|1665517724
|switch|p2a: Krookodile|Krookodile, F|71/100
|-ability|p2a: Krookodile|Intimidate|boost
|-unboost|p1a: Corsola|atk|1
|move|p1a: Corsola|Stealth Rock|p2a: Krookodile
|-sidestart|p2: PreschoolMoth|move: Stealth Rock
|
|upkeep
|turn|40
|
|t:|1665517729
|switch|p1a: Hydreigon|Hydreigon, M|67/100
|move|p2a: Krookodile|Knock Off|p1a: Hydreigon
|-resisted|p1a: Hydreigon
|-damage|p1a: Hydreigon|51/100
|
|upkeep
|turn|41
|
|t:|1665517734
|move|p1a: Hydreigon|Roost|p1a: Hydreigon
|-heal|p1a: Hydreigon|100/100
|-singleturn|p1a: Hydreigon|move: Roost
|move|p2a: Krookodile|Stealth Rock|p1a: Hydreigon
|-sidestart|p1: GryphonEx|move: Stealth Rock
|
|upkeep
|turn|42
|
|t:|1665517742
|switch|p2a: Amoonguss|Amoonguss, F|67/100 brn
|-damage|p2a: Amoonguss|54/100 brn|[from] Stealth Rock
|move|p1a: Hydreigon|Draco Meteor|p2a: Amoonguss
|-damage|p2a: Amoonguss|0 fnt
|-unboost|p1a: Hydreigon|spa|2
|faint|p2a: Amoonguss
|
|upkeep
|
|t:|1665517747
|switch|p2a: Gyarados|Gyarados, M|59/100
|-damage|p2a: Gyarados|34/100|[from] Stealth Rock
|turn|43
|
|t:|1665517750
|switch|p1a: Corsola|Corsola-Galar, M|100/100
|-damage|p1a: Corsola|88/100|[from] Stealth Rock
|move|p2a: Gyarados|Bounce||[still]
|-prepare|p2a: Gyarados|Bounce
|
|-heal|p2a: Gyarados|40/100|[from] item: Leftovers
|upkeep
|turn|44
|
|t:|1665517755
|move|p2a: Gyarados|Bounce|p1a: Corsola|[from]lockedmove
|-damage|p1a: Corsola|53/100
|move|p1a: Corsola|Will-O-Wisp|p2a: Gyarados
|-status|p2a: Gyarados|brn
|
|-heal|p2a: Gyarados|46/100 brn|[from] item: Leftovers
|-damage|p2a: Gyarados|40/100 brn|[from] brn
|upkeep
|turn|45
|
|t:|1665517761
|move|p2a: Gyarados|Waterfall|p1a: Corsola
|-damage|p1a: Corsola|38/100
|move|p1a: Corsola|Strength Sap|p2a: Gyarados
|-unboost|p2a: Gyarados|atk|1
|-heal|p1a: Corsola|100/100
|
|-heal|p2a: Gyarados|46/100 brn|[from] item: Leftovers
|-damage|p2a: Gyarados|40/100 brn|[from] brn
|upkeep
|turn|46
|
|t:|1665517766
|switch|p2a: Moltres|Moltres|87/100 par
|move|p1a: Corsola|Night Shade|p2a: Moltres
|-damage|p2a: Moltres|56/100 par
|
|upkeep
|turn|47
|
|t:|1665517769
|move|p2a: Moltres|Roost|p2a: Moltres
|-heal|p2a: Moltres|100/100 par
|-singleturn|p2a: Moltres|move: Roost
|move|p1a: Corsola|Night Shade|p2a: Moltres
|-damage|p2a: Moltres|69/100 par
|
|upkeep
|turn|48
|
|t:|1665517772
|switch|p1a: Chansey|Chansey, F|85/100
|-damage|p1a: Chansey|73/100|[from] Stealth Rock
|move|p2a: Moltres|Hurricane|p1a: Chansey
|-damage|p1a: Chansey|52/100
|
|upkeep
|turn|49
|
|t:|1665517780
|switch|p2a: Krookodile|Krookodile, F|71/100
|-damage|p2a: Krookodile|65/100|[from] Stealth Rock
|-ability|p2a: Krookodile|Intimidate|boost
|-unboost|p1a: Chansey|atk|1
|move|p1a: Chansey|Teleport|p1a: Chansey
|
|t:|1665517782
|switch|p1a: Hydreigon|Hydreigon, M|100/100|[from]move: Teleport
|-damage|p1a: Hydreigon|88/100|[from] Stealth Rock
|
|upkeep
|turn|50
|
|t:|1665517785
|move|p1a: Hydreigon|Draco Meteor|p2a: Krookodile
|-damage|p2a: Krookodile|0 fnt
|-unboost|p1a: Hydreigon|spa|2
|faint|p2a: Krookodile
|
|upkeep
|-message|PreschoolMoth forfeited.
|
|win|GryphonEx
|raw|GryphonEx's rating: 1424 &rarr; <strong>1444</strong><br />(+20 for winning)
|raw|PreschoolMoth's rating: 1432 &rarr; <strong>1412</strong><br />(-20 for losing)
|l|☆PreschoolMoth
|l| amogusroxyrrrr
