|j|☆motistrat
|j|☆HaxxLR
|t:|1664730076
|gametype|singles
|player|p1|motistrat|n|
|player|p2|HaxxLR|grimsley|
|teamsize|p1|6
|teamsize|p2|6
|gen|8
|tier|[Gen 8] UU
|rule|Sleep Clause Mod: Limit one foe put to sleep
|rule|Species Clause: Limit one of each Pokémon
|rule|OHKO Clause: OHKO moves are banned
|rule|Evasion Items Clause: Evasion items are banned
|rule|Evasion Moves Clause: Evasion moves are banned
|rule|Endless Battle Clause: Forcing endless battles is banned
|rule|HP Percentage Mod: HP is shown in percentages
|rule|Dynamax Clause: You cannot dynamax
|clearpoke
|poke|p1|Regidrago|
|poke|p1|Tangrowth, M|
|poke|p1|Moltres|
|poke|p1|Hippowdon, M|
|poke|p1|Slowking, F|
|poke|p1|Raikou|
|poke|p2|Starmie|
|poke|p2|Skarmory, M|
|poke|p2|Hippowdon, F|
|poke|p2|Dhelmise|
|poke|p2|Hydreigon, F|
|poke|p2|Thundurus-Therian, M|
|teampreview
|
|t:|1664730168
|start
|switch|p1a: Tangrowth|Tangrowth, M|100/100
|switch|p2a: Hydreigon|Hydreigon, F|100/100
|turn|1
|j| Nowelle
|
|t:|1664730177
|move|p2a: Hydreigon|U-turn|p1a: Tangrowth
|-supereffective|p1a: Tangrowth
|-damage|p1a: Tangrowth|82/100
|l| Nowelle
|
|t:|1664730182
|switch|p2a: Skarmory|Skarmory, M|100/100|[from]move: U-turn
|move|p1a: Tangrowth|Knock Off|p2a: Skarmory
|-damage|p2a: Skarmory|86/100
|-damage|p1a: Tangrowth|65/100|[from] item: Rocky Helmet|[of] p2a: Skarmory
|-enditem|p2a: Skarmory|Rocky Helmet|[from] move: Knock Off|[of] p1a: Tangrowth
|
|upkeep
|turn|2
|j| MEET THE WOOPER
|j| Foukrou
|
|t:|1664730221
|switch|p1a: Regidrago|Regidrago|100/100
|move|p2a: Skarmory|Spikes|p1a: Regidrago
|-sidestart|p1: motistrat|Spikes
|
|upkeep
|turn|3
|j| PyProd.
|
|t:|1664730233
|switch|p2a: Dhelmise|Dhelmise|100/100
|move|p1a: Regidrago|Dragon Energy|p2a: Dhelmise
|-damage|p2a: Dhelmise|0 fnt
|faint|p2a: Dhelmise
|
|upkeep
|
|t:|1664730239
|switch|p2a: Hydreigon|Hydreigon, F|100/100
|turn|4
|
|t:|1664730256
|switch|p1a: Slowking|Slowking, F|100/100
|move|p2a: Hydreigon|U-turn|p1a: Slowking
|-supereffective|p1a: Slowking
|-damage|p1a: Slowking|69/100
|j| La Piraterie
|
|t:|1664730262
|switch|p2a: Thundurus|Thundurus-Therian, M|100/100|[from]move: U-turn
|
|upkeep
|turn|5
|
|t:|1664730284
|switch|p1a: Raikou|Raikou|100/100
|move|p2a: Thundurus|Knock Off|p1a: Raikou
|-crit|p1a: Raikou
|-damage|p1a: Raikou|58/100
|-enditem|p1a: Raikou|Heavy-Duty Boots|[from] move: Knock Off|[of] p2a: Thundurus
|
|upkeep
|turn|6
|
|t:|1664730296
|move|p1a: Raikou|Scald|p2a: Thundurus
|-damage|p2a: Thundurus|65/100
|move|p2a: Thundurus|Volt Switch|p1a: Raikou
|-resisted|p1a: Raikou
|-damage|p1a: Raikou|35/100
|
|t:|1664730303
|switch|p2a: Hydreigon|Hydreigon, F|100/100|[from]move: Volt Switch
|
|upkeep
|turn|7
|
|t:|1664730325
|move|p2a: Hydreigon|Draco Meteor|p1a: Raikou
|-damage|p1a: Raikou|0 fnt
|-unboost|p2a: Hydreigon|spa|2
|faint|p1a: Raikou
|
|upkeep
|
|t:|1664730332
|switch|p1a: Moltres|Moltres|100/100
|turn|8
|
|t:|1664730352
|switch|p2a: Hippowdon|Hippowdon, F|100/100
|-weather|Sandstorm|[from] ability: Sand Stream|[of] p2a: Hippowdon
|move|p1a: Moltres|Defog|p2a: Hippowdon
|-unboost|p2a: Hippowdon|evasion|1
|-sideend|p1: motistrat|Spikes|[from] move: Defog|[of] p1a: Moltres
|
|-weather|Sandstorm|[upkeep]
|-damage|p1a: Moltres|94/100|[from] Sandstorm
|upkeep
|turn|9
|
|t:|1664730369
|switch|p1a: Regidrago|Regidrago|100/100
|move|p2a: Hippowdon|Toxic|p1a: Regidrago
|-status|p1a: Regidrago|tox
|
|-weather|Sandstorm|[upkeep]
|-damage|p1a: Regidrago|94/100 tox|[from] Sandstorm
|-damage|p1a: Regidrago|88/100 tox|[from] psn
|upkeep
|turn|10
|j| John1240
|l| John1240
|
|t:|1664730476
|switch|p2a: Thundurus|Thundurus-Therian, M|65/100
|move|p1a: Regidrago|Dragon Energy|p2a: Thundurus
|-damage|p2a: Thundurus|0 fnt
|faint|p2a: Thundurus
|
|-weather|Sandstorm|[upkeep]
|-damage|p1a: Regidrago|82/100 tox|[from] Sandstorm
|-damage|p1a: Regidrago|70/100 tox|[from] psn
|upkeep
|
|t:|1664730484
|switch|p2a: Hydreigon|Hydreigon, F|100/100
|turn|11
|
|t:|1664730489
|switch|p1a: Slowking|Slowking, F|100/100
|move|p2a: Hydreigon|U-turn|p1a: Slowking
|-supereffective|p1a: Slowking
|-damage|p1a: Slowking|70/100
|
|t:|1664730496
|switch|p2a: Starmie|Starmie|100/100|[from]move: U-turn
|
|-weather|Sandstorm|[upkeep]
|-damage|p2a: Starmie|94/100|[from] Sandstorm
|-damage|p1a: Slowking|64/100|[from] Sandstorm
|upkeep
|turn|12
|
|t:|1664730553
|move|p2a: Starmie|Ice Beam|p1a: Slowking
|-resisted|p1a: Slowking
|-damage|p1a: Slowking|54/100
|-damage|p2a: Starmie|84/100|[from] item: Life Orb
|move|p1a: Slowking|Teleport|p1a: Slowking
|
|t:|1664730563
|switch|p1a: Tangrowth|Tangrowth, M|98/100|[from]move: Teleport
|
|-weather|none
|upkeep
|turn|13
|
|t:|1664730606
|switch|p2a: Skarmory|Skarmory, M|86/100
|switch|p1a: Slowking|Slowking, F|87/100
|
|upkeep
|turn|14
|
|t:|1664730615
|switch|p1a: Regidrago|Regidrago|70/100 tox
|move|p2a: Skarmory|Spikes|p1a: Regidrago
|-sidestart|p1: motistrat|Spikes
|
|-damage|p1a: Regidrago|64/100 tox|[from] psn
|upkeep
|turn|15
|
|t:|1664730619
|move|p1a: Regidrago|Draco Meteor|p2a: Skarmory
|-resisted|p2a: Skarmory
|-damage|p2a: Skarmory|0 fnt
|-unboost|p1a: Regidrago|spa|2
|faint|p2a: Skarmory
|
|-damage|p1a: Regidrago|52/100 tox|[from] psn
|upkeep
|c| MEET THE WOOPER|ah ça tue
|c| MEET THE WOOPER|stylé
|
|t:|1664730645
|switch|p2a: Starmie|Starmie|84/100
|turn|16
|l| PyProd.
|
|t:|1664730672
|switch|p1a: Slowking|Slowking, F|100/100
|move|p2a: Starmie|Ice Beam|p1a: Slowking
|-resisted|p1a: Slowking
|-damage|p1a: Slowking|87/100
|-damage|p2a: Starmie|74/100|[from] item: Life Orb
|
|upkeep
|turn|17
|
|t:|1664730677
|move|p2a: Starmie|Thunderbolt|p1a: Slowking
|-supereffective|p1a: Slowking
|-damage|p1a: Slowking|47/100
|-damage|p2a: Starmie|64/100|[from] item: Life Orb
|move|p1a: Slowking|Slack Off|p1a: Slowking
|-heal|p1a: Slowking|97/100
|
|upkeep
|turn|18
|
|t:|1664730695
|switch|p2a: Hydreigon|Hydreigon, F|100/100
|move|p1a: Slowking|Teleport|p1a: Slowking
|
|t:|1664730700
|switch|p1a: Hippowdon|Hippowdon, M|100/100|[from]move: Teleport
|-damage|p1a: Hippowdon|88/100|[from] Spikes
|-weather|Sandstorm|[from] ability: Sand Stream|[of] p1a: Hippowdon
|
|-weather|Sandstorm|[upkeep]
|-damage|p2a: Hydreigon|94/100|[from] Sandstorm
|-heal|p1a: Hippowdon|94/100|[from] item: Leftovers
|upkeep
|turn|19
|
|t:|1664730707
|move|p2a: Hydreigon|U-turn|p1a: Hippowdon
|-damage|p1a: Hippowdon|85/100
|
|t:|1664730713
|switch|p2a: Hippowdon|Hippowdon, F|100/100|[from]move: U-turn
|move|p1a: Hippowdon|Slack Off|p1a: Hippowdon
|-heal|p1a: Hippowdon|100/100
|
|-weather|Sandstorm|[upkeep]
|upkeep
|turn|20
|
|t:|1664730724
|switch|p1a: Regidrago|Regidrago|52/100 tox
|-damage|p1a: Regidrago|39/100 tox|[from] Spikes
|move|p2a: Hippowdon|Stealth Rock|p1a: Regidrago
|-sidestart|p1: motistrat|move: Stealth Rock
|
|-weather|Sandstorm|[upkeep]
|-damage|p1a: Regidrago|33/100 tox|[from] Sandstorm
|-damage|p1a: Regidrago|27/100 tox|[from] psn
|upkeep
|turn|21
|
|t:|1664730733
|move|p1a: Regidrago|Draco Meteor|p2a: Hippowdon
|-damage|p2a: Hippowdon|0 fnt
|-unboost|p1a: Regidrago|spa|2
|faint|p2a: Hippowdon
|
|-weather|Sandstorm|[upkeep]
|-damage|p1a: Regidrago|21/100 tox|[from] Sandstorm
|-damage|p1a: Regidrago|9/100 tox|[from] psn
|upkeep
|
|t:|1664730743
|switch|p2a: Starmie|Starmie|64/100
|turn|22
|
|t:|1664730747
|move|p2a: Starmie|Ice Beam|p1a: Regidrago
|-supereffective|p1a: Regidrago
|-damage|p1a: Regidrago|0 fnt
|faint|p1a: Regidrago
|-damage|p2a: Starmie|55/100|[from] item: Life Orb
|
|-weather|none
|upkeep
|
|t:|1664730754
|switch|p1a: Slowking|Slowking, F|100/100
|turn|23
|
|t:|1664730777
|move|p2a: Starmie|Thunderbolt|p1a: Slowking
|-supereffective|p1a: Slowking
|-damage|p1a: Slowking|60/100
|-damage|p2a: Starmie|45/100|[from] item: Life Orb
|move|p1a: Slowking|Slack Off|p1a: Slowking
|-heal|p1a: Slowking|100/100
|
|upkeep
|turn|24
|
|t:|1664730784
|move|p2a: Starmie|Recover|p2a: Starmie
|-heal|p2a: Starmie|95/100
|move|p1a: Slowking|Teleport|p1a: Slowking
|
|t:|1664730786
|switch|p1a: Tangrowth|Tangrowth, M|100/100|[from]move: Teleport
|-damage|p1a: Tangrowth|88/100|[from] Spikes
|-damage|p1a: Tangrowth|76/100|[from] Stealth Rock
|
|upkeep
|turn|25
|
|t:|1664730841
|switch|p2a: Hydreigon|Hydreigon, F|94/100
|move|p1a: Tangrowth|Power Whip|p2a: Hydreigon
|-resisted|p2a: Hydreigon
|-damage|p2a: Hydreigon|71/100
|
|upkeep
|turn|26
|
|t:|1664730881
|move|p2a: Hydreigon|U-turn|p1a: Tangrowth
|-supereffective|p1a: Tangrowth
|-damage|p1a: Tangrowth|56/100
|
|t:|1664730885
|switch|p2a: Starmie|Starmie|95/100|[from]move: U-turn
|move|p1a: Tangrowth|Sludge Bomb|p2a: Starmie
|-damage|p2a: Starmie|58/100
|
|upkeep
|turn|27
|
|t:|1664730899
|switch|p2a: Hydreigon|Hydreigon, F|71/100
|switch|p1a: Slowking|Slowking, F|100/100
|
|upkeep
|turn|28
|
|t:|1664730942
|move|p2a: Hydreigon|Dark Pulse|p1a: Slowking
|-supereffective|p1a: Slowking
|-damage|p1a: Slowking|53/100
|move|p1a: Slowking|Teleport|p1a: Slowking
|
|t:|1664730948
|switch|p1a: Moltres|Moltres|94/100|[from]move: Teleport
|
|upkeep
|turn|29
|
|t:|1664730954
|move|p2a: Hydreigon|Dark Pulse|p1a: Moltres
|-damage|p1a: Moltres|51/100
|move|p1a: Moltres|Defog|p2a: Hydreigon
|-unboost|p2a: Hydreigon|evasion|1
|-sideend|p1: motistrat|Spikes|[from] move: Defog|[of] p1a: Moltres
|-sideend|p1: motistrat|Stealth Rock|[from] move: Defog|[of] p1a: Moltres
|
|upkeep
|turn|30
|
|t:|1664730971
|switch|p1a: Hippowdon|Hippowdon, M|100/100
|-weather|Sandstorm|[from] ability: Sand Stream|[of] p1a: Hippowdon
|move|p2a: Hydreigon|Dark Pulse|p1a: Hippowdon
|-damage|p1a: Hippowdon|69/100
|
|-weather|Sandstorm|[upkeep]
|-damage|p2a: Hydreigon|65/100|[from] Sandstorm
|-heal|p1a: Hippowdon|75/100|[from] item: Leftovers
|upkeep
|turn|31
|
|t:|1664730980
|move|p2a: Hydreigon|Dark Pulse|p1a: Hippowdon
|-damage|p1a: Hippowdon|39/100
|move|p1a: Hippowdon|Stealth Rock|p2a: Hydreigon
|-sidestart|p2: HaxxLR|move: Stealth Rock
|
|-weather|Sandstorm|[upkeep]
|-damage|p2a: Hydreigon|59/100|[from] Sandstorm
|-heal|p1a: Hippowdon|45/100|[from] item: Leftovers
|upkeep
|turn|32
|j| Banal enfer ★彡
|
|t:|1664730990
|switch|p2a: Starmie|Starmie|58/100
|-damage|p2a: Starmie|46/100|[from] Stealth Rock
|move|p1a: Hippowdon|Slack Off|p1a: Hippowdon
|-heal|p1a: Hippowdon|95/100
|
|-weather|Sandstorm|[upkeep]
|-damage|p2a: Starmie|40/100|[from] Sandstorm
|-heal|p1a: Hippowdon|100/100|[from] item: Leftovers
|upkeep
|turn|33
|
|t:|1664731005
|switch|p1a: Slowking|Slowking, F|87/100
|move|p2a: Starmie|Ice Beam|p1a: Slowking
|-resisted|p1a: Slowking
|-damage|p1a: Slowking|73/100
|-status|p1a: Slowking|frz
|-damage|p2a: Starmie|30/100|[from] item: Life Orb
|
|-weather|Sandstorm|[upkeep]
|-damage|p2a: Starmie|24/100|[from] Sandstorm
|-damage|p1a: Slowking|67/100 frz|[from] Sandstorm
|upkeep
|turn|34
|
|t:|1664731010
|move|p2a: Starmie|Recover|p2a: Starmie
|-heal|p2a: Starmie|74/100
|-curestatus|p1a: Slowking|frz|[from] move: Scald
|move|p1a: Slowking|Scald|p2a: Starmie
|-resisted|p2a: Starmie
|-damage|p2a: Starmie|53/100
|-status|p2a: Starmie|brn
|
|-weather|none
|-damage|p2a: Starmie|47/100 brn|[from] brn
|upkeep
|turn|35
|
|t:|1664731026
|move|p2a: Starmie|Thunderbolt|p1a: Slowking
|-supereffective|p1a: Slowking
|-damage|p1a: Slowking|24/100
|-damage|p2a: Starmie|37/100 brn|[from] item: Life Orb
|move|p1a: Slowking|Slack Off|p1a: Slowking
|-heal|p1a: Slowking|74/100
|
|-damage|p2a: Starmie|31/100 brn|[from] brn
|upkeep
|turn|36
|
|t:|1664731034
|move|p2a: Starmie|Recover|p2a: Starmie
|-heal|p2a: Starmie|81/100 brn
|move|p1a: Slowking|Teleport|p1a: Slowking
|
|t:|1664731035
|switch|p1a: Tangrowth|Tangrowth, M|89/100|[from]move: Teleport
|
|-damage|p2a: Starmie|75/100 brn|[from] brn
|upkeep
|turn|37
|
|t:|1664731042
|switch|p2a: Hydreigon|Hydreigon, F|59/100
|-damage|p2a: Hydreigon|46/100|[from] Stealth Rock
|move|p1a: Tangrowth|Knock Off|p2a: Hydreigon
|-resisted|p2a: Hydreigon
|-crit|p2a: Hydreigon
|-damage|p2a: Hydreigon|27/100
|-enditem|p2a: Hydreigon|Choice Scarf|[from] move: Knock Off|[of] p1a: Tangrowth
|
|upkeep
|turn|38
|
|t:|1664731056
|move|p2a: Hydreigon|Fire Blast|p1a: Tangrowth|[miss]
|-miss|p2a: Hydreigon|p1a: Tangrowth
|move|p1a: Tangrowth|Sludge Bomb|p2a: Hydreigon
|-damage|p2a: Hydreigon|2/100
|
|upkeep
|turn|39
|
|t:|1664731063
|switch|p1a: Hippowdon|Hippowdon, M|100/100
|-weather|Sandstorm|[from] ability: Sand Stream|[of] p1a: Hippowdon
|move|p2a: Hydreigon|Fire Blast|p1a: Hippowdon
|-damage|p1a: Hippowdon|72/100
|
|-weather|Sandstorm|[upkeep]
|-damage|p2a: Hydreigon|0 fnt|[from] Sandstorm
|faint|p2a: Hydreigon
|-heal|p1a: Hippowdon|78/100|[from] item: Leftovers
|upkeep
|
|t:|1664731065
|switch|p2a: Starmie|Starmie|75/100 brn
|-damage|p2a: Starmie|63/100 brn|[from] Stealth Rock
|turn|40
|
|t:|1664731074
|move|p2a: Starmie|Hydro Pump|p1a: Hippowdon|[miss]
|-miss|p2a: Starmie|p1a: Hippowdon
|move|p1a: Hippowdon|Earthquake|p2a: Starmie
|-damage|p2a: Starmie|9/100 brn
|
|-weather|Sandstorm|[upkeep]
|-damage|p2a: Starmie|2/100 brn|[from] Sandstorm
|-heal|p1a: Hippowdon|84/100|[from] item: Leftovers
|-damage|p2a: Starmie|0 fnt|[from] brn
|faint|p2a: Starmie
|
|win|motistrat
|upkeep
|c|☆HaxxLR|gg
|c| MEET THE WOOPER|suwi
|l| MEET THE WOOPER
|c|☆motistrat|gg
|l|☆HaxxLR
