|j|☆sponger man
|j|☆Fousfull
|t:|1664391597
|gametype|singles
|player|p1|sponger man|lance-gen2|1421
|player|p2|Fousfull|blackbelt-gen4|1601
|teamsize|p1|6
|teamsize|p2|6
|gen|8
|tier|[Gen 8] UU
|rated|
|rule|Sleep Clause Mod: Limit one foe put to sleep
|rule|Species Clause: Limit one of each Pokémon
|rule|OHKO Clause: OHKO moves are banned
|rule|Evasion Items Clause: Evasion items are banned
|rule|Evasion Moves Clause: Evasion moves are banned
|rule|Endless Battle Clause: Forcing endless battles is banned
|rule|HP Percentage Mod: HP is shown in percentages
|rule|Dynamax Clause: You cannot dynamax
|clearpoke
|poke|p1|Xatu, M|
|poke|p1|Hydreigon, F|
|poke|p1|Entei|
|poke|p1|Sylveon, M|
|poke|p1|Excadrill, M|
|poke|p1|Crawdaunt, F|
|poke|p2|Chansey, F|
|poke|p2|Chandelure, M|
|poke|p2|Scizor, M|
|poke|p2|Rotom-Wash|
|poke|p2|Salamence, F|
|poke|p2|Zygarde-10%|
|teampreview
|inactive|Battle timer is ON: inactive players will automatically lose when time's up. (requested by sponger man)
|j| t'es pas down
|inactive|Fousfull has 120 seconds left.
|
|t:|1664391650
|start
|switch|p1a: Xaturnatus|Xatu, M, shiny|100/100
|switch|p2a: Sciz or That|Scizor, M|100/100
|turn|1
|
|t:|1664391653
|switch|p2a: Megan the Eggin|Chansey, F|100/100
|move|p1a: Xaturnatus|Heat Wave|p2a: Megan the Eggin
|-damage|p2a: Megan the Eggin|94/100
|-status|p2a: Megan the Eggin|brn
|
|-damage|p2a: Megan the Eggin|88/100 brn|[from] brn
|upkeep
|turn|2
|
|t:|1664391656
|move|p1a: Xaturnatus|Teleport|p1a: Xaturnatus
|
|t:|1664391660
|switch|p1a: Entei|Entei|100/100|[from]move: Teleport
|move|p2a: Megan the Eggin|Teleport|p2a: Megan the Eggin
|
|t:|1664391662
|-curestatus|p2a: Megan the Eggin|brn|[from] ability: Natural Cure
|switch|p2a: Zog|Zygarde-10%|100/100|[from]move: Teleport
|-ability|p2a: Zog|Aura Break
|
|upkeep
|turn|3
|
|t:|1664391672
|switch|p1a: Hydreigon|Hydreigon, F|100/100
|move|p2a: Zog|Thousand Arrows|p1a: Hydreigon
|-damage|p1a: Hydreigon|32/100
|-start|p1a: Hydreigon|Smack Down
|
|upkeep
|turn|4
|inactive|Fousfull has 120 seconds left.
|
|t:|1664391712
|switch|p2a: Megan the Eggin|Chansey, F|88/100
|move|p1a: Hydreigon|U-turn|p2a: Megan the Eggin
|-damage|p2a: Megan the Eggin|78/100
|
|t:|1664391727
|switch|p1a: Sylveon|Sylveon, M|100/100|[from]move: U-turn
|
|upkeep
|turn|5
|inactive|Fousfull has 120 seconds left.
|
|t:|1664391740
|move|p1a: Sylveon|Wish|p1a: Sylveon
|move|p2a: Megan the Eggin|Stealth Rock|p1a: Sylveon
|-sidestart|p1: sponger man|move: Stealth Rock
|
|upkeep
|turn|6
|
|t:|1664391745
|switch|p1a: Hydreigon|Hydreigon, F|32/100
|-damage|p1a: Hydreigon|20/100|[from] Stealth Rock
|move|p2a: Megan the Eggin|Teleport|p2a: Megan the Eggin
|
|t:|1664391750
|switch|p2a: La Lavadora|Rotom-Wash|100/100|[from]move: Teleport
|
|-heal|p1a: Hydreigon|80/100|[from] move: Wish|[wisher] Sylveon
|upkeep
|turn|7
|
|t:|1664391765
|move|p1a: Hydreigon|U-turn|p2a: La Lavadora
|-damage|p2a: La Lavadora|88/100
|
|t:|1664391767
|switch|p1a: Sylveon|Sylveon, M|100/100|[from]move: U-turn
|-damage|p1a: Sylveon|88/100|[from] Stealth Rock
|move|p2a: La Lavadora|Will-O-Wisp|p1a: Sylveon
|-status|p1a: Sylveon|brn
|
|-heal|p2a: La Lavadora|94/100|[from] item: Leftovers
|-heal|p1a: Sylveon|94/100 brn|[from] item: Leftovers
|-damage|p1a: Sylveon|88/100 brn|[from] brn
|upkeep
|turn|8
|
|t:|1664391783
|move|p1a: Sylveon|Protect|p1a: Sylveon
|-singleturn|p1a: Sylveon|Protect
|move|p2a: La Lavadora|Volt Switch|p1a: Sylveon
|-activate|p1a: Sylveon|move: Protect
|
|-heal|p2a: La Lavadora|99/100|[from] item: Leftovers
|-heal|p1a: Sylveon|94/100 brn|[from] item: Leftovers
|-damage|p1a: Sylveon|88/100 brn|[from] brn
|upkeep
|turn|9
|
|t:|1664391786
|move|p2a: La Lavadora|Volt Switch|p1a: Sylveon
|-damage|p1a: Sylveon|73/100 brn
|
|t:|1664391789
|switch|p2a: Chandy Dandy|Chandelure, M|100/100|[from]move: Volt Switch
|move|p1a: Sylveon|Heal Bell|p1a: Sylveon
|-activate|p1a: Sylveon|move: Heal Bell
|-curestatus|p1a: Sylveon|brn|[msg]
|
|-heal|p1a: Sylveon|79/100|[from] item: Leftovers
|upkeep
|turn|10
|
|t:|1664391796
|move|p1a: Sylveon|Protect|p1a: Sylveon
|-singleturn|p1a: Sylveon|Protect
|move|p2a: Chandy Dandy|Taunt|p1a: Sylveon
|-activate|p1a: Sylveon|move: Protect
|
|-heal|p1a: Sylveon|86/100|[from] item: Leftovers
|upkeep
|turn|11
|
|t:|1664391806
|switch|p1a: Crawdaunt|Crawdaunt, F|100/100
|-damage|p1a: Crawdaunt|88/100|[from] Stealth Rock
|move|p2a: Chandy Dandy|Flamethrower|p1a: Crawdaunt
|-resisted|p1a: Crawdaunt
|-damage|p1a: Crawdaunt|39/100
|
|upkeep
|turn|12
|
|t:|1664391810
|switch|p2a: La Lavadora|Rotom-Wash|99/100
|move|p1a: Crawdaunt|Knock Off|p2a: La Lavadora
|-damage|p2a: La Lavadora|17/100
|-enditem|p2a: La Lavadora|Leftovers|[from] move: Knock Off|[of] p1a: Crawdaunt
|-damage|p1a: Crawdaunt|29/100|[from] item: Life Orb
|
|upkeep
|turn|13
|
|t:|1664391820
|switch|p1a: Excadrill|Excadrill, M|100/100
|-damage|p1a: Excadrill|97/100|[from] Stealth Rock
|-ability|p1a: Excadrill|Mold Breaker
|move|p2a: La Lavadora|Will-O-Wisp|p1a: Excadrill|[miss]
|-miss|p2a: La Lavadora|p1a: Excadrill
|
|-heal|p1a: Excadrill|100/100|[from] item: Leftovers
|upkeep
|turn|14
|
|t:|1664391846
|move|p1a: Excadrill|Rapid Spin|p2a: La Lavadora
|-damage|p2a: La Lavadora|0 fnt
|-boost|p1a: Excadrill|spe|1
|-sideend|p1: sponger man|Stealth Rock|[from] move: Rapid Spin|[of] p1a: Excadrill
|faint|p2a: La Lavadora
|
|upkeep
|
|t:|1664391853
|switch|p2a: Mencey Wencey|Salamence, F|100/100
|-ability|p2a: Mencey Wencey|Intimidate|boost
|-unboost|p1a: Excadrill|atk|1
|turn|15
|
|t:|1664391858
|switch|p1a: Sylveon|Sylveon, M|86/100
|move|p2a: Mencey Wencey|Flamethrower|p1a: Sylveon
|-damage|p1a: Sylveon|75/100
|
|-heal|p1a: Sylveon|81/100|[from] item: Leftovers
|upkeep
|turn|16
|inactive|Fousfull has 120 seconds left.
|
|t:|1664391888
|switch|p2a: Sciz or That|Scizor, M|100/100
|move|p1a: Sylveon|Wish|p1a: Sylveon
|
|-heal|p1a: Sylveon|87/100|[from] item: Leftovers
|upkeep
|turn|17
|inactive|Fousfull has 120 seconds left.
|
|t:|1664391904
|switch|p1a: Crawdaunt|Crawdaunt, F|29/100
|move|p2a: Sciz or That|Knock Off|p1a: Crawdaunt
|-resisted|p1a: Crawdaunt
|-damage|p1a: Crawdaunt|6/100
|-enditem|p1a: Crawdaunt|Life Orb|[from] move: Knock Off|[of] p2a: Sciz or That
|
|-heal|p1a: Crawdaunt|80/100|[from] move: Wish|[wisher] Sylveon
|upkeep
|turn|18
|inactive|Fousfull has 120 seconds left.
|
|t:|1664391918
|move|p1a: Crawdaunt|Knock Off|p2a: Sciz or That
|-damage|p2a: Sciz or That|35/100
|-damage|p1a: Crawdaunt|63/100|[from] item: Rocky Helmet|[of] p2a: Sciz or That
|-enditem|p2a: Sciz or That|Rocky Helmet|[from] move: Knock Off|[of] p1a: Crawdaunt
|move|p2a: Sciz or That|U-turn|p1a: Crawdaunt
|-supereffective|p1a: Crawdaunt
|-damage|p1a: Crawdaunt|0 fnt
|faint|p1a: Crawdaunt
|
|t:|1664391923
|switch|p2a: Zog|Zygarde-10%|100/100|[from]move: U-turn
|-ability|p2a: Zog|Aura Break
|
|upkeep
|
|t:|1664391946
|switch|p1a: Hydreigon|Hydreigon, F|80/100
|turn|19
|inactive|Fousfull has 120 seconds left.
|
|t:|1664391967
|switch|p2a: Megan the Eggin|Chansey, F|78/100
|move|p1a: Hydreigon|Draco Meteor|p2a: Megan the Eggin
|-damage|p2a: Megan the Eggin|58/100
|-unboost|p1a: Hydreigon|spa|2
|
|upkeep
|turn|20
|
|t:|1664391971
|switch|p1a: Xaturnatus|Xatu, M, shiny|100/100
|move|p2a: Megan the Eggin|Seismic Toss|p1a: Xaturnatus
|-damage|p1a: Xaturnatus|70/100
|-damage|p2a: Megan the Eggin|42/100|[from] item: Rocky Helmet|[of] p1a: Xaturnatus
|
|upkeep
|turn|21
|
|t:|1664391975
|move|p2a: Megan the Eggin|Soft-Boiled|p2a: Megan the Eggin
|-heal|p2a: Megan the Eggin|92/100
|move|p1a: Xaturnatus|Teleport|p1a: Xaturnatus
|
|t:|1664391982
|switch|p1a: Excadrill|Excadrill, M|100/100|[from]move: Teleport
|-ability|p1a: Excadrill|Mold Breaker
|
|upkeep
|turn|22
|
|t:|1664391986
|move|p1a: Excadrill|Stealth Rock|p2a: Megan the Eggin
|-sidestart|p2: Fousfull|move: Stealth Rock
|move|p2a: Megan the Eggin|Teleport|p2a: Megan the Eggin
|
|t:|1664391988
|switch|p2a: Zog|Zygarde-10%|100/100|[from]move: Teleport
|-damage|p2a: Zog|94/100|[from] Stealth Rock
|-ability|p2a: Zog|Aura Break
|
|upkeep
|turn|23
|
|t:|1664392001
|switch|p1a: Xaturnatus|Xatu, M, shiny|70/100
|move|p2a: Zog|Thousand Arrows|p1a: Xaturnatus
|-damage|p1a: Xaturnatus|15/100
|-start|p1a: Xaturnatus|Smack Down
|
|upkeep
|turn|24
|inactive|Fousfull has 120 seconds left.
|inactive|Fousfull has 90 seconds left.
|
|t:|1664392076
|move|p2a: Zog|Thousand Arrows|p1a: Xaturnatus
|-damage|p1a: Xaturnatus|0 fnt
|faint|p1a: Xaturnatus
|
|upkeep
|
|t:|1664392081
|switch|p1a: Hydreigon|Hydreigon, F|80/100
|turn|25
|
|t:|1664392097
|switch|p2a: Megan the Eggin|Chansey, F|92/100
|-damage|p2a: Megan the Eggin|79/100|[from] Stealth Rock
|move|p1a: Hydreigon|U-turn|p2a: Megan the Eggin
|-damage|p2a: Megan the Eggin|70/100
|
|t:|1664392103
|switch|p1a: Excadrill|Excadrill, M|100/100|[from]move: U-turn
|-ability|p1a: Excadrill|Mold Breaker
|
|upkeep
|turn|26
|
|t:|1664392105
|move|p1a: Excadrill|Rapid Spin|p2a: Megan the Eggin
|-damage|p2a: Megan the Eggin|58/100
|-boost|p1a: Excadrill|spe|1
|move|p2a: Megan the Eggin|Teleport|p2a: Megan the Eggin
|
|t:|1664392108
|switch|p2a: Mencey Wencey|Salamence, F|100/100|[from]move: Teleport
|-ability|p2a: Mencey Wencey|Intimidate|boost
|-unboost|p1a: Excadrill|atk|1
|
|upkeep
|turn|27
|
|t:|1664392113
|switch|p1a: Hydreigon|Hydreigon, F|80/100
|move|p2a: Mencey Wencey|Defog|p1a: Hydreigon
|-unboost|p1a: Hydreigon|evasion|1
|-sideend|p2: Fousfull|Stealth Rock|[from] move: Defog|[of] p2a: Mencey Wencey
|
|upkeep
|turn|28
|inactive|Fousfull has 90 seconds left.
|inactive|Fousfull has 60 seconds left.
|inactive|Fousfull has 30 seconds left.
|inactive|Fousfull has 20 seconds left.
|inactive|Fousfull has 15 seconds left.
|inactive|Fousfull has 10 seconds left.
|
|t:|1664392218
|switch|p2a: Megan the Eggin|Chansey, F|58/100
|move|p1a: Hydreigon|U-turn|p2a: Megan the Eggin
|-damage|p2a: Megan the Eggin|47/100
|inactive|Fousfull has 15 seconds left this turn.
|
|t:|1664392222
|switch|p1a: Entei|Entei|100/100|[from]move: U-turn
|
|upkeep
|turn|29
|inactive|Fousfull has 25 seconds left this turn.
|inactive|Fousfull has 20 seconds left.
|inactive|Fousfull has 15 seconds left.
|inactive|Fousfull has 10 seconds left.
|inactive|Fousfull has 5 seconds left.
|
|t:|1664392242
|switch|p2a: Mencey Wencey|Salamence, F|100/100
|-ability|p2a: Mencey Wencey|Intimidate|boost
|-fail|p1a: Entei|unboost|Attack|[from] ability: Inner Focus|[of] p1a: Entei
|move|p1a: Entei|Stone Edge|p2a: Mencey Wencey
|-supereffective|p2a: Mencey Wencey
|-damage|p2a: Mencey Wencey|9/100
|
|upkeep
|turn|30
|inactive|Fousfull has 15 seconds left this turn.
|
|t:|1664392247
|switch|p2a: Zog|Zygarde-10%|94/100
|-ability|p2a: Zog|Aura Break
|move|p1a: Entei|Stone Edge|p2a: Zog
|-resisted|p2a: Zog
|-damage|p2a: Zog|48/100
|
|upkeep
|turn|31
|inactive|Fousfull has 25 seconds left this turn.
|
|t:|1664392266
|switch|p1a: Hydreigon|Hydreigon, F|80/100
|move|p2a: Zog|Thousand Arrows|p1a: Hydreigon
|-damage|p1a: Hydreigon|17/100
|-start|p1a: Hydreigon|Smack Down
|
|upkeep
|turn|32
|inactive|Fousfull has 30 seconds left.
|inactive|Fousfull has 20 seconds left.
|
|t:|1664392282
|switch|p2a: Sciz or That|Scizor, M|35/100
|move|p1a: Hydreigon|Dark Pulse|p2a: Sciz or That
|-damage|p2a: Sciz or That|0 fnt
|faint|p2a: Sciz or That
|
|upkeep
|inactive|Fousfull has 25 seconds left this turn.
|inactive|Fousfull has 20 seconds left.
|
|t:|1664392290
|switch|p2a: Megan the Eggin|Chansey, F|47/100
|turn|33
|inactive|Fousfull has 30 seconds left this turn.
|
|t:|1664392304
|switch|p1a: Excadrill|Excadrill, M|100/100
|-ability|p1a: Excadrill|Mold Breaker
|move|p2a: Megan the Eggin|Seismic Toss|p1a: Excadrill
|-damage|p1a: Excadrill|73/100
|
|-heal|p1a: Excadrill|79/100|[from] item: Leftovers
|upkeep
|turn|34
|
|t:|1664392306
|move|p1a: Excadrill|Stealth Rock|p2a: Megan the Eggin
|-sidestart|p2: Fousfull|move: Stealth Rock
|move|p2a: Megan the Eggin|Soft-Boiled|p2a: Megan the Eggin
|-heal|p2a: Megan the Eggin|97/100
|
|-heal|p1a: Excadrill|85/100|[from] item: Leftovers
|upkeep
|turn|35
|
|t:|1664392312
|move|p1a: Excadrill|Rapid Spin|p2a: Megan the Eggin
|-damage|p2a: Megan the Eggin|87/100
|-boost|p1a: Excadrill|spe|1
|move|p2a: Megan the Eggin|Seismic Toss|p1a: Excadrill
|-damage|p1a: Excadrill|57/100
|
|-heal|p1a: Excadrill|63/100|[from] item: Leftovers
|upkeep
|turn|36
|
|t:|1664392315
|move|p1a: Excadrill|Iron Head|p2a: Megan the Eggin
|-damage|p2a: Megan the Eggin|58/100
|cant|p2a: Megan the Eggin|flinch
|
|-heal|p1a: Excadrill|69/100|[from] item: Leftovers
|upkeep
|turn|37
|
|t:|1664392320
|move|p1a: Excadrill|Iron Head|p2a: Megan the Eggin
|-damage|p2a: Megan the Eggin|30/100
|move|p2a: Megan the Eggin|Soft-Boiled|p2a: Megan the Eggin
|-heal|p2a: Megan the Eggin|80/100
|
|-heal|p1a: Excadrill|76/100|[from] item: Leftovers
|upkeep
|turn|38
|
|t:|1664392324
|move|p1a: Excadrill|Iron Head|p2a: Megan the Eggin
|-damage|p2a: Megan the Eggin|50/100
|move|p2a: Megan the Eggin|Teleport|p2a: Megan the Eggin
|
|t:|1664392326
|switch|p2a: Mencey Wencey|Salamence, F|9/100|[from]move: Teleport
|-ability|p2a: Mencey Wencey|Intimidate|boost
|-unboost|p1a: Excadrill|atk|1
|
|-heal|p1a: Excadrill|82/100|[from] item: Leftovers
|upkeep
|turn|39
|
|t:|1664392329
|switch|p2a: Megan the Eggin|Chansey, F|50/100
|-damage|p2a: Megan the Eggin|37/100|[from] Stealth Rock
|move|p1a: Excadrill|Iron Head|p2a: Megan the Eggin
|-damage|p2a: Megan the Eggin|19/100
|
|-heal|p1a: Excadrill|88/100|[from] item: Leftovers
|upkeep
|turn|40
|
|t:|1664392334
|move|p1a: Excadrill|Iron Head|p2a: Megan the Eggin
|-damage|p2a: Megan the Eggin|0 fnt
|faint|p2a: Megan the Eggin
|
|-heal|p1a: Excadrill|94/100|[from] item: Leftovers
|upkeep
|
|t:|1664392337
|switch|p2a: Zog|Zygarde-10%|48/100
|-damage|p2a: Zog|42/100|[from] Stealth Rock
|-ability|p2a: Zog|Aura Break
|turn|41
|-message|Fousfull forfeited.
|
|win|sponger man
|raw|sponger man's rating: 1421 &rarr; <strong>1448</strong><br />(+27 for winning)
|raw|Fousfull's rating: 1557 &rarr; <strong>1530</strong><br />(-27 for losing)
|l|☆Fousfull
||Ladder isn't responding, score probably updated but might not have (Request timeout).
