|j|☆joliemome
|j|☆tibetan bowlz
|t:|1641759976
|gametype|singles
|player|p1|joliemome|beauty-gen4dp|1431
|player|p2|tibetan bowlz|170|1616
|teamsize|p1|6
|teamsize|p2|6
|gen|8
|tier|[Gen 8] UU
|rated|
|rule|Sleep Clause Mod: Limit one foe put to sleep
|rule|Species Clause: Limit one of each Pokémon
|rule|OHKO Clause: OHKO moves are banned
|rule|Evasion Moves Clause: Evasion moves are banned
|rule|Endless Battle Clause: Forcing endless battles is banned
|rule|HP Percentage Mod: HP is shown in percentages
|rule|Dynamax Clause: You cannot dynamax
|clearpoke
|poke|p1|Obstagoon, M|
|poke|p1|Nihilego|
|poke|p1|Swampert, F|
|poke|p1|Darmanitan, F|
|poke|p1|Tapu Bulu|
|poke|p1|Skarmory, M|
|poke|p2|Krookodile, F|
|poke|p2|Jirachi|
|poke|p2|Amoonguss, M|
|poke|p2|Rotom-Wash|
|poke|p2|Chandelure, F|
|poke|p2|Conkeldurr, F|
|teampreview
|j| Danwithnoplan
|l| Danwithnoplan
|c|☆tibetan bowlz|hf
|c|☆joliemome|hf
|
|t:|1641760015
|start
|switch|p1a: Darmanitan|Darmanitan, F|100/100
|switch|p2a: Krookodile|Krookodile, F|100/100
|-ability|p2a: Krookodile|Intimidate|boost
|-unboost|p1a: Darmanitan|atk|1
|turn|1
|
|t:|1641760026
|move|p1a: Darmanitan|U-turn|p2a: Krookodile
|-supereffective|p2a: Krookodile
|-damage|p2a: Krookodile|67/100
|-damage|p1a: Darmanitan|84/100|[from] item: Rocky Helmet|[of] p2a: Krookodile
|
|t:|1641760034
|switch|p1a: Obstagoon|Obstagoon, M|100/100|[from]move: U-turn
|move|p2a: Krookodile|Stealth Rock|p1a: Obstagoon
|-sidestart|p1: joliemome|move: Stealth Rock
|
|-status|p1a: Obstagoon|brn|[from] item: Flame Orb
|upkeep
|turn|2
|
|t:|1641760044
|switch|p2a: Jirachi|Jirachi|100/100
|move|p1a: Obstagoon|Facade|p2a: Jirachi
|-resisted|p2a: Jirachi
|-crit|p2a: Jirachi
|-damage|p2a: Jirachi|30/100
|
|-damage|p1a: Obstagoon|94/100 brn|[from] brn
|upkeep
|turn|3
|
|t:|1641760057
|switch|p1a: Skarmory|Skarmory, M|100/100
|-damage|p1a: Skarmory|88/100|[from] Stealth Rock
|move|p2a: Jirachi|U-turn|p1a: Skarmory
|-resisted|p1a: Skarmory
|-damage|p1a: Skarmory|86/100
|
|t:|1641760065
|switch|p2a: Chandelure|Chandelure, F|100/100|[from]move: U-turn
|
|-heal|p1a: Skarmory|92/100|[from] item: Leftovers
|upkeep
|turn|4
|
|t:|1641760071
|switch|p1a: Nihilego|Nihilego|100/100
|-damage|p1a: Nihilego|88/100|[from] Stealth Rock
|move|p2a: Chandelure|Toxic|p1a: Nihilego
|-immune|p1a: Nihilego
|
|upkeep
|turn|5
|
|t:|1641760084
|switch|p2a: Rotom|Rotom-Wash|100/100
|move|p1a: Nihilego|Meteor Beam||[still]
|-prepare|p1a: Nihilego|Meteor Beam
|-boost|p1a: Nihilego|spa|1
|-enditem|p1a: Nihilego|Power Herb
|-anim|p1a: Nihilego|Meteor Beam|p2a: Rotom
|-damage|p2a: Rotom|14/100
|
|upkeep
|turn|6
|
|t:|1641760096
|move|p2a: Rotom|Trick|p1a: Nihilego
|-activate|p2a: Rotom|move: Trick|[of] p1a: Nihilego
|-item|p1a: Nihilego|Choice Scarf|[from] move: Trick
|-enditem|p2a: Rotom|Choice Scarf|[silent]|[from] move: Trick
|move|p1a: Nihilego|Sludge Wave|p2a: Rotom
|-damage|p2a: Rotom|0 fnt
|faint|p2a: Rotom
|-ability|p1a: Nihilego|Beast Boost|boost
|-boost|p1a: Nihilego|spe|1
|
|upkeep
|
|t:|1641760105
|switch|p2a: Jirachi|Jirachi|30/100
|turn|7
|
|t:|1641760111
|switch|p1a: Swampert|Swampert, F|100/100
|-damage|p1a: Swampert|94/100|[from] Stealth Rock
|move|p2a: Jirachi|Psychic|p1a: Swampert
|-damage|p1a: Swampert|67/100
|-unboost|p1a: Swampert|spd|1
|
|-heal|p1a: Swampert|73/100|[from] item: Leftovers
|upkeep
|turn|8
|
|t:|1641760122
|move|p2a: Jirachi|Psychic|p1a: Swampert
|-damage|p1a: Swampert|34/100
|move|p1a: Swampert|Flip Turn|p2a: Jirachi
|-crit|p2a: Jirachi
|-damage|p2a: Jirachi|0 fnt
|faint|p2a: Jirachi
|
|t:|1641760148
|switch|p1a: Nihilego|Nihilego|88/100|[from]move: Flip Turn
|-damage|p1a: Nihilego|76/100|[from] Stealth Rock
|
|upkeep
|
|t:|1641760163
|switch|p2a: Conkeldurr|Conkeldurr, F|100/100
|turn|9
|
|t:|1641760167
|switch|p1a: Tapu Bulu|Tapu Bulu|100/100
|-damage|p1a: Tapu Bulu|88/100|[from] Stealth Rock
|-fieldstart|move: Grassy Terrain|[from] ability: Grassy Surge|[of] p1a: Tapu Bulu
|switch|p2a: Krookodile|Krookodile, F|67/100
|-ability|p2a: Krookodile|Intimidate|boost
|-unboost|p1a: Tapu Bulu|atk|1
|
|-heal|p2a: Krookodile|74/100|[from] Grassy Terrain
|-heal|p1a: Tapu Bulu|94/100|[from] Grassy Terrain
|upkeep
|turn|10
|
|t:|1641760180
|switch|p2a: Amoonguss|Amoonguss, M|100/100
|switch|p1a: Skarmory|Skarmory, M|92/100
|-damage|p1a: Skarmory|79/100|[from] Stealth Rock
|
|-heal|p1a: Skarmory|85/100|[from] item: Leftovers
|upkeep
|turn|11
|
|t:|1641760189
|switch|p2a: Chandelure|Chandelure, F|100/100
|move|p1a: Skarmory|Defog|p2a: Chandelure
|-unboost|p2a: Chandelure|evasion|1
|-sideend|p1: joliemome|Stealth Rock|[from] move: Defog|[of] p1a: Skarmory
|-fieldend|move: Grassy Terrain
|
|-heal|p1a: Skarmory|91/100|[from] item: Leftovers
|upkeep
|turn|12
|
|t:|1641760199
|switch|p1a: Nihilego|Nihilego|76/100
|move|p2a: Chandelure|Hex|p1a: Nihilego
|-damage|p1a: Nihilego|49/100
|
|upkeep
|turn|13
|
|t:|1641760208
|switch|p2a: Amoonguss|Amoonguss, M|100/100
|move|p1a: Nihilego|Sludge Wave|p2a: Amoonguss
|-damage|p2a: Amoonguss|71/100
|
|upkeep
|turn|14
|
|t:|1641760219
|switch|p1a: Obstagoon|Obstagoon, M|94/100 brn
|move|p2a: Amoonguss|Giga Drain|p1a: Obstagoon
|-damage|p1a: Obstagoon|69/100 brn
|-heal|p2a: Amoonguss|80/100|[from] drain|[of] p1a: Obstagoon
|
|-damage|p1a: Obstagoon|63/100 brn|[from] brn
|upkeep
|turn|15
|
|t:|1641760228
|switch|p2a: Krookodile|Krookodile, F|74/100
|-ability|p2a: Krookodile|Intimidate|boost
|-unboost|p1a: Obstagoon|atk|1
|move|p1a: Obstagoon|Knock Off|p2a: Krookodile
|-resisted|p2a: Krookodile
|-crit|p2a: Krookodile
|-damage|p2a: Krookodile|28/100
|-damage|p1a: Obstagoon|46/100 brn|[from] item: Rocky Helmet|[of] p2a: Krookodile
|-enditem|p2a: Krookodile|Rocky Helmet|[from] move: Knock Off|[of] p1a: Obstagoon
|
|-damage|p1a: Obstagoon|40/100 brn|[from] brn
|upkeep
|turn|16
|
|t:|1641760239
|switch|p2a: Amoonguss|Amoonguss, M|100/100
|move|p1a: Obstagoon|Facade|p2a: Amoonguss
|-damage|p2a: Amoonguss|56/100
|
|-damage|p1a: Obstagoon|34/100 brn|[from] brn
|upkeep
|turn|17
|
|t:|1641760256
|move|p1a: Obstagoon|Knock Off|p2a: Amoonguss
|-damage|p2a: Amoonguss|26/100
|-enditem|p2a: Amoonguss|Assault Vest|[from] move: Knock Off|[of] p1a: Obstagoon
|move|p2a: Amoonguss|Giga Drain|p1a: Obstagoon
|-damage|p1a: Obstagoon|4/100 brn
|-heal|p2a: Amoonguss|38/100|[from] drain|[of] p1a: Obstagoon
|
|-damage|p1a: Obstagoon|0 fnt|[from] brn
|faint|p1a: Obstagoon
|upkeep
|
|t:|1641760267
|switch|p1a: Darmanitan|Darmanitan, F|84/100
|turn|18
|inactive|Battle timer is ON: inactive players will automatically lose when time's up. (requested by joliemome)
|
|t:|1641760298
|switch|p2a: Krookodile|Krookodile, F|28/100
|-ability|p2a: Krookodile|Intimidate|boost
|-unboost|p1a: Darmanitan|atk|1
|move|p1a: Darmanitan|Rock Slide|p2a: Krookodile
|-resisted|p2a: Krookodile
|-damage|p2a: Krookodile|14/100
|
|upkeep
|turn|19
|
|t:|1641760307
|switch|p2a: Chandelure|Chandelure, F|100/100
|move|p1a: Darmanitan|Rock Slide|p2a: Chandelure
|-supereffective|p2a: Chandelure
|-damage|p2a: Chandelure|30/100
|
|upkeep
|turn|20
|
|t:|1641760314
|switch|p2a: Conkeldurr|Conkeldurr, F|100/100
|move|p1a: Darmanitan|Rock Slide|p2a: Conkeldurr
|-resisted|p2a: Conkeldurr
|-damage|p2a: Conkeldurr|89/100
|
|-status|p2a: Conkeldurr|brn|[from] item: Flame Orb
|upkeep
|turn|21
|
|t:|1641760328
|switch|p1a: Tapu Bulu|Tapu Bulu|94/100
|-fieldstart|move: Grassy Terrain|[from] ability: Grassy Surge|[of] p1a: Tapu Bulu
|switch|p2a: Chandelure|Chandelure, F|30/100
|
|-heal|p2a: Chandelure|36/100|[from] Grassy Terrain
|-heal|p1a: Tapu Bulu|100/100|[from] Grassy Terrain
|upkeep
|turn|22
|
|t:|1641760339
|switch|p1a: Swampert|Swampert, F|34/100
|move|p2a: Chandelure|Hex|p1a: Swampert
|-damage|p1a: Swampert|6/100
|
|-heal|p2a: Chandelure|42/100|[from] Grassy Terrain
|-heal|p1a: Swampert|12/100|[from] Grassy Terrain
|-heal|p1a: Swampert|19/100|[from] item: Leftovers
|upkeep
|turn|23
|inactive|joliemome has 120 seconds left.
|
|t:|1641760374
|move|p2a: Chandelure|Hex|p1a: Swampert
|-damage|p1a: Swampert|0 fnt
|faint|p1a: Swampert
|
|-heal|p2a: Chandelure|48/100|[from] Grassy Terrain
|upkeep
|inactive|joliemome has 120 seconds left.
|
|t:|1641760382
|switch|p1a: Darmanitan|Darmanitan, F|84/100
|turn|24
|
|t:|1641760386
|switch|p2a: Krookodile|Krookodile, F|14/100
|-ability|p2a: Krookodile|Intimidate|boost
|-unboost|p1a: Darmanitan|atk|1
|move|p1a: Darmanitan|Flare Blitz|p2a: Krookodile
|-damage|p2a: Krookodile|0 fnt
|faint|p2a: Krookodile
|-damage|p1a: Darmanitan|79/100|[from] Recoil
|
|-heal|p1a: Darmanitan|85/100|[from] Grassy Terrain
|upkeep
|
|t:|1641760398
|switch|p2a: Conkeldurr|Conkeldurr, F|89/100 brn
|turn|25
|
|t:|1641760403
|switch|p1a: Tapu Bulu|Tapu Bulu|100/100
|move|p2a: Conkeldurr|Facade|p1a: Tapu Bulu
|-damage|p1a: Tapu Bulu|46/100
|-damage|p2a: Conkeldurr|72/100 brn|[from] item: Rocky Helmet|[of] p1a: Tapu Bulu
|
|-heal|p1a: Tapu Bulu|52/100|[from] Grassy Terrain
|-heal|p2a: Conkeldurr|78/100 brn|[from] Grassy Terrain
|-damage|p2a: Conkeldurr|72/100 brn|[from] brn
|-fieldend|move: Grassy Terrain
|upkeep
|turn|26
|
|t:|1641760414
|switch|p2a: Amoonguss|Amoonguss, M|71/100
|move|p1a: Tapu Bulu|Bulk Up|p1a: Tapu Bulu
|-boost|p1a: Tapu Bulu|atk|1
|-boost|p1a: Tapu Bulu|def|1
|
|upkeep
|turn|27
|
|t:|1641760422
|switch|p1a: Nihilego|Nihilego|49/100
|move|p2a: Amoonguss|Sludge Bomb|p1a: Nihilego
|-resisted|p1a: Nihilego
|-damage|p1a: Nihilego|44/100
|
|upkeep
|turn|28
|
|t:|1641760430
|move|p1a: Nihilego|Sludge Wave|p2a: Amoonguss
|-damage|p2a: Amoonguss|26/100
|move|p2a: Amoonguss|Giga Drain|p1a: Nihilego
|-damage|p1a: Nihilego|29/100
|-heal|p2a: Amoonguss|33/100|[from] drain|[of] p1a: Nihilego
|
|upkeep
|turn|29
|-message|tibetan bowlz forfeited.
|
|win|joliemome
|raw|joliemome's rating: 1431 &rarr; <strong>1461</strong><br />(+30 for winning)
|raw|tibetan bowlz's rating: 1616 &rarr; <strong>1586</strong><br />(-30 for losing)
|l|☆tibetan bowlz
|c|☆joliemome|ouah
||Ladder isn't responding, score probably updated but might not have (Request timeout).
