|j|☆roxas80
|j|☆Alpacapazzo
|t:|1666959061
|gametype|singles
|player|p1|roxas80|clerk|1436
|player|p2|Alpacapazzo|2|1507
|teamsize|p1|6
|teamsize|p2|6
|gen|8
|tier|[Gen 8] UU
|rated|
|rule|Sleep Clause Mod: Limit one foe put to sleep
|rule|Species Clause: Limit one of each Pokémon
|rule|OHKO Clause: OHKO moves are banned
|rule|Evasion Items Clause: Evasion items are banned
|rule|Evasion Moves Clause: Evasion moves are banned
|rule|Endless Battle Clause: Forcing endless battles is banned
|rule|HP Percentage Mod: HP is shown in percentages
|rule|Dynamax Clause: You cannot dynamax
|clearpoke
|poke|p1|Chansey, F|
|poke|p1|Salamence, F|
|poke|p1|Sirfetch’d, F|
|poke|p1|Azelf|
|poke|p1|Regieleki|
|poke|p1|Seismitoad, F|
|poke|p2|Skarmory, M|
|poke|p2|Mamoswine, F|
|poke|p2|Nihilego|
|poke|p2|Chansey, F|
|poke|p2|Tangrowth, F|
|poke|p2|Rotom-Wash|
|teampreview
|
|t:|1666959085
|start
|switch|p1a: Seismitoad|Seismitoad, F|100/100
|switch|p2a: Mamoswine|Mamoswine, F|100/100
|turn|1
|
|t:|1666959099
|move|p2a: Mamoswine|Earthquake|p1a: Seismitoad
|-damage|p1a: Seismitoad|49/100
|-damage|p2a: Mamoswine|91/100|[from] item: Life Orb
|move|p1a: Seismitoad|Stealth Rock|p2a: Mamoswine
|-sidestart|p2: Alpacapazzo|move: Stealth Rock
|
|-heal|p1a: Seismitoad|55/100|[from] item: Leftovers
|upkeep
|turn|2
|
|t:|1666959117
|switch|p2a: Tangrowth|Tangrowth, F|100/100
|-damage|p2a: Tangrowth|88/100|[from] Stealth Rock
|move|p1a: Seismitoad|Power Whip|p2a: Tangrowth
|-resisted|p2a: Tangrowth
|-damage|p2a: Tangrowth|82/100
|-damage|p1a: Seismitoad|38/100|[from] item: Rocky Helmet|[of] p2a: Tangrowth
|
|-heal|p1a: Seismitoad|44/100|[from] item: Leftovers
|upkeep
|turn|3
|
|t:|1666959146
|move|p1a: Seismitoad|Sludge Bomb|p2a: Tangrowth
|-supereffective|p2a: Tangrowth
|-damage|p2a: Tangrowth|34/100
|move|p2a: Tangrowth|Knock Off|p1a: Seismitoad
|-damage|p1a: Seismitoad|27/100
|-enditem|p1a: Seismitoad|Leftovers|[from] move: Knock Off|[of] p2a: Tangrowth
|
|upkeep
|turn|4
|
|t:|1666959161
|switch|p2a: Chansey|Chansey, F|100/100
|move|p1a: Seismitoad|Sludge Bomb|p2a: Chansey
|-damage|p2a: Chansey|94/100
|-status|p2a: Chansey|psn
|
|-damage|p2a: Chansey|81/100 psn|[from] psn
|upkeep
|turn|5
|
|t:|1666959174
|switch|p1a: Sirfetch’d|Sirfetch’d, F|100/100
|move|p2a: Chansey|Stealth Rock|p1a: Sirfetch’d
|-sidestart|p1: roxas80|move: Stealth Rock
|
|-damage|p2a: Chansey|69/100 psn|[from] psn
|upkeep
|turn|6
|
|t:|1666959183
|-curestatus|p2a: Chansey|psn|[from] ability: Natural Cure
|switch|p2a: Skarmory|Skarmory, M|100/100
|-damage|p2a: Skarmory|88/100|[from] Stealth Rock
|move|p1a: Sirfetch’d|Close Combat|p2a: Skarmory
|-damage|p2a: Skarmory|35/100
|-unboost|p1a: Sirfetch’d|def|1
|-unboost|p1a: Sirfetch’d|spd|1
|-damage|p1a: Sirfetch’d|91/100|[from] item: Life Orb
|
|-heal|p2a: Skarmory|41/100|[from] item: Leftovers
|upkeep
|turn|7
|
|t:|1666959198
|move|p1a: Sirfetch’d|Close Combat|p2a: Skarmory
|-damage|p2a: Skarmory|0 fnt
|-unboost|p1a: Sirfetch’d|def|1
|-unboost|p1a: Sirfetch’d|spd|1
|faint|p2a: Skarmory
|-damage|p1a: Sirfetch’d|81/100|[from] item: Life Orb
|
|upkeep
|
|t:|1666959208
|switch|p2a: Mamoswine|Mamoswine, F|91/100
|-damage|p2a: Mamoswine|78/100|[from] Stealth Rock
|turn|8
|
|t:|1666959220
|switch|p1a: Seismitoad|Seismitoad, F|27/100
|-damage|p1a: Seismitoad|21/100|[from] Stealth Rock
|move|p2a: Mamoswine|Icicle Crash|p1a: Seismitoad
|-damage|p1a: Seismitoad|0 fnt
|faint|p1a: Seismitoad
|-damage|p2a: Mamoswine|68/100|[from] item: Life Orb
|
|upkeep
|
|t:|1666959239
|switch|p1a: Azelf|Azelf|100/100
|-damage|p1a: Azelf|88/100|[from] Stealth Rock
|turn|9
|
|t:|1666959245
|switch|p2a: Chansey|Chansey, F|69/100
|move|p1a: Azelf|Psyshock|p2a: Chansey
|-damage|p2a: Chansey|28/100
|
|upkeep
|turn|10
|
|t:|1666959254
|move|p1a: Azelf|Psyshock|p2a: Chansey
|-damage|p2a: Chansey|0 fnt
|faint|p2a: Chansey
|
|upkeep
|-message|Alpacapazzo forfeited.
|
|win|roxas80
|raw|roxas80's rating: 1436 &rarr; <strong>1460</strong><br />(+24 for winning)
|raw|Alpacapazzo's rating: 1507 &rarr; <strong>1483</strong><br />(-24 for losing)
|l|☆Alpacapazzo
||Ladder isn't responding, score probably updated but might not have (Request timeout).
