|j|☆Rainbowater
|j|☆Rolerola
|t:|1665967306
|gametype|singles
|player|p1|Rainbowater|170|1069
|player|p2|Rolerola|iris|1220
|teamsize|p1|6
|teamsize|p2|6
|gen|8
|tier|[Gen 8] UU
|rated|
|rule|Sleep Clause Mod: Limit one foe put to sleep
|rule|Species Clause: Limit one of each Pokémon
|rule|OHKO Clause: OHKO moves are banned
|rule|Evasion Items Clause: Evasion items are banned
|rule|Evasion Moves Clause: Evasion moves are banned
|rule|Endless Battle Clause: Forcing endless battles is banned
|rule|HP Percentage Mod: HP is shown in percentages
|rule|Dynamax Clause: You cannot dynamax
|clearpoke
|poke|p1|Lurantis, M|
|poke|p1|Klefki, M|
|poke|p1|Malamar, M|
|poke|p1|Chandelure, F|
|poke|p1|Articuno|
|poke|p1|Scolipede, F|
|poke|p2|Keldeo-Resolute|
|poke|p2|Chansey, F|
|poke|p2|Nidoqueen, F|
|poke|p2|Scizor, F|
|poke|p2|Hatterene, F|
|poke|p2|Salamence, F|
|teampreview
|inactive|Battle timer is ON: inactive players will automatically lose when time's up. (requested by Rolerola)
|c|☆Rolerola|Cool team
|c|☆Rolerola|Glhf
|inactive|Rolerola has 120 seconds left.
|c|☆Rainbowater|You to g
|
|t:|1665967338
|start
|switch|p1a: Klefki|Klefki, M|100/100
|switch|p2a: Nidoqueen|Nidoqueen, F|100/100
|turn|1
|
|t:|1665967349
|switch|p1a: Articuno|Articuno|100/100
|-ability|p1a: Articuno|Pressure
|move|p2a: Nidoqueen|Earth Power|p1a: Articuno
|-immune|p1a: Articuno
|
|upkeep
|turn|2
|
|t:|1665967365
|switch|p1a: Malamar|Malamar, M|100/100
|switch|p2a: Chansey|Chansey, F|100/100
|
|upkeep
|turn|3
|
|t:|1665967373
|switch|p2a: Scizor|Scizor, F|100/100
|move|p1a: Malamar|Superpower|p2a: Scizor
|-damage|p2a: Scizor|64/100
|-boost|p1a: Malamar|atk|1
|-boost|p1a: Malamar|def|1
|
|upkeep
|turn|4
|
|t:|1665967383
|move|p1a: Malamar|Knock Off|p2a: Scizor
|-damage|p2a: Scizor|5/100
|-enditem|p2a: Scizor|Choice Band|[from] move: Knock Off|[of] p1a: Malamar
|move|p2a: Scizor|U-turn|p1a: Malamar
|-supereffective|p1a: Malamar
|-damage|p1a: Malamar|1/100
|
|t:|1665967391
|switch|p2a: Keldeo|Keldeo-Resolute|100/100|[from]move: U-turn
|
|upkeep
|turn|5
|
|t:|1665967396
|move|p2a: Keldeo|Flip Turn|p1a: Malamar
|-damage|p1a: Malamar|0 fnt
|faint|p1a: Malamar
|
|t:|1665967406
|switch|p2a: Nidoqueen|Nidoqueen, F|100/100|[from]move: Flip Turn
|
|upkeep
|
|t:|1665967417
|switch|p1a: Lurantis|Lurantis, M|100/100
|turn|6
|
|t:|1665967423
|move|p2a: Nidoqueen|Sludge Wave|p1a: Lurantis
|-supereffective|p1a: Lurantis
|-damage|p1a: Lurantis|0 fnt
|faint|p1a: Lurantis
|
|upkeep
|
|t:|1665967428
|switch|p1a: Scolipede|Scolipede, F, shiny|100/100
|turn|7
|
|t:|1665967435
|switch|p1a: Articuno|Articuno|100/100
|-ability|p1a: Articuno|Pressure
|switch|p2a: Salamence|Salamence, F|100/100
|-ability|p2a: Salamence|Intimidate|boost
|-unboost|p1a: Articuno|atk|1
|
|upkeep
|turn|8
|
|t:|1665967445
|switch|p2a: Chansey|Chansey, F|100/100
|move|p1a: Articuno|Substitute|p1a: Articuno
|-start|p1a: Articuno|Substitute
|-damage|p1a: Articuno|76/100
|
|-heal|p1a: Articuno|82/100|[from] item: Leftovers
|upkeep
|turn|9
|
|t:|1665967455
|move|p1a: Articuno|Freeze-Dry|p2a: Chansey
|-damage|p2a: Chansey|94/100
|-status|p2a: Chansey|frz
|cant|p2a: Chansey|frz
|
|-heal|p1a: Articuno|88/100|[from] item: Leftovers
|upkeep
|turn|10
|
|t:|1665967465
|switch|p1a: Scolipede|Scolipede, F, shiny|100/100
|-curestatus|p2a: Chansey|frz|[from] ability: Natural Cure
|switch|p2a: Keldeo|Keldeo-Resolute|100/100
|
|upkeep
|turn|11
|
|t:|1665967475
|move|p2a: Keldeo|Surf|p1a: Scolipede
|-damage|p1a: Scolipede|0 fnt
|faint|p1a: Scolipede
|
|upkeep
|
|t:|1665967482
|switch|p1a: Klefki|Klefki, M|100/100
|turn|12
|
|t:|1665967485
|switch|p2a: Nidoqueen|Nidoqueen, F|100/100
|move|p1a: Klefki|Thunder Wave|p2a: Nidoqueen
|-immune|p2a: Nidoqueen
|
|upkeep
|turn|13
|
|t:|1665967494
|move|p1a: Klefki|Swagger|p2a: Nidoqueen
|-boost|p2a: Nidoqueen|atk|2
|-start|p2a: Nidoqueen|confusion
|-activate|p2a: Nidoqueen|confusion
|move|p2a: Nidoqueen|Thunderbolt|p1a: Klefki
|-damage|p1a: Klefki|56/100
|
|upkeep
|turn|14
|inactive|Rolerola has 120 seconds left.
|c|☆Rolerola|Huh
|c|☆Rainbowater|What's up
|inactive|Rolerola has 90 seconds left.
|inactive|Rolerola has 60 seconds left.
|c|☆Rolerola|For some reason I thought that move was banned, did that change recently or am I remembering wrong?
|
|t:|1665967598
|switch|p1a: Chandelure|Chandelure, F|100/100
|-activate|p2a: Nidoqueen|confusion
|move|p2a: Nidoqueen|Thunderbolt|p1a: Chandelure
|-damage|p1a: Chandelure|39/100
|
|upkeep
|turn|15
|
|t:|1665967613
|switch|p2a: Chansey|Chansey, F|94/100
|move|p1a: Chandelure|Energy Ball|p2a: Chansey
|-damage|p2a: Chansey|85/100
|-unboost|p2a: Chansey|spd|1
|
|upkeep
|turn|16
|
|t:|1665967625
|switch|p1a: Klefki|Klefki, M|56/100
|move|p2a: Chansey|Seismic Toss|p1a: Klefki
|-damage|p1a: Klefki|24/100
|
|upkeep
|turn|17
|
|t:|1665967638
|switch|p2a: Hatterene|Hatterene, F|100/100
|move|p1a: Klefki|Thunder Wave|p2a: Hatterene
|move|p2a: Hatterene|Thunder Wave|p1a: Klefki|[from]ability: Magic Bounce
|-status|p1a: Klefki|par
|
|upkeep
|turn|18
|
|t:|1665967653
|move|p1a: Klefki|Switcheroo|p2a: Hatterene
|-activate|p1a: Klefki|move: Trick|[of] p2a: Hatterene
|-item|p2a: Hatterene|Focus Sash|[from] move: Switcheroo
|-item|p1a: Klefki|Leftovers|[from] move: Switcheroo
|move|p2a: Hatterene|Calm Mind|p2a: Hatterene
|-boost|p2a: Hatterene|spa|1
|-boost|p2a: Hatterene|spd|1
|
|-heal|p1a: Klefki|30/100 par|[from] item: Leftovers
|upkeep
|turn|19
|
|t:|1665967668
|move|p1a: Klefki|Swagger|p2a: Hatterene
|move|p2a: Hatterene|Swagger|p1a: Klefki|[from]ability: Magic Bounce|[miss]
|-miss|p2a: Hatterene|p1a: Klefki
|move|p2a: Hatterene|Calm Mind|p2a: Hatterene
|-boost|p2a: Hatterene|spa|1
|-boost|p2a: Hatterene|spd|1
|
|-heal|p1a: Klefki|36/100 par|[from] item: Leftovers
|upkeep
|turn|20
|
|t:|1665967679
|switch|p1a: Articuno|Articuno|88/100
|-ability|p1a: Articuno|Pressure
|move|p2a: Hatterene|Calm Mind|p2a: Hatterene
|-boost|p2a: Hatterene|spa|1
|-boost|p2a: Hatterene|spd|1
|
|-heal|p1a: Articuno|94/100|[from] item: Leftovers
|upkeep
|turn|21
|
|t:|1665967689
|move|p1a: Articuno|Haze|p1a: Articuno
|-clearallboost
|move|p2a: Hatterene|Mystical Fire|p1a: Articuno
|-supereffective|p1a: Articuno
|-damage|p1a: Articuno|67/100
|-unboost|p1a: Articuno|spa|1
|
|-heal|p1a: Articuno|73/100|[from] item: Leftovers
|upkeep
|turn|22
|
|t:|1665967703
|move|p1a: Articuno|Substitute|p1a: Articuno
|-start|p1a: Articuno|Substitute
|-damage|p1a: Articuno|48/100
|move|p2a: Hatterene|Nuzzle|p1a: Articuno
|-supereffective|p1a: Articuno
|-activate|p1a: Articuno|move: Substitute|[damage]
|
|-heal|p1a: Articuno|54/100|[from] item: Leftovers
|upkeep
|turn|23
|
|t:|1665967712
|move|p1a: Articuno|Roost|p1a: Articuno
|-heal|p1a: Articuno|100/100
|-singleturn|p1a: Articuno|move: Roost
|move|p2a: Hatterene|Mystical Fire|p1a: Articuno
|-supereffective|p1a: Articuno
|-end|p1a: Articuno|Substitute
|
|upkeep
|turn|24
|
|t:|1665967721
|move|p1a: Articuno|Substitute|p1a: Articuno
|-start|p1a: Articuno|Substitute
|-damage|p1a: Articuno|76/100
|move|p2a: Hatterene|Mystical Fire|p1a: Articuno
|-supereffective|p1a: Articuno
|-activate|p1a: Articuno|move: Substitute|[damage]
|
|-heal|p1a: Articuno|82/100|[from] item: Leftovers
|upkeep
|turn|25
|
|t:|1665967730
|switch|p2a: Chansey|Chansey, F|85/100
|move|p1a: Articuno|Freeze-Dry|p2a: Chansey
|-damage|p2a: Chansey|81/100
|
|-heal|p1a: Articuno|88/100|[from] item: Leftovers
|upkeep
|turn|26
|
|t:|1665967747
|move|p1a: Articuno|Freeze-Dry|p2a: Chansey
|-damage|p2a: Chansey|77/100
|move|p2a: Chansey|Seismic Toss|p1a: Articuno
|-end|p1a: Articuno|Substitute
|
|-heal|p1a: Articuno|94/100|[from] item: Leftovers
|upkeep
|turn|27
|
|t:|1665967761
|move|p1a: Articuno|Freeze-Dry|p2a: Chansey
|-damage|p2a: Chansey|73/100
|move|p2a: Chansey|Seismic Toss|p1a: Articuno
|-damage|p1a: Articuno|68/100
|
|-heal|p1a: Articuno|74/100|[from] item: Leftovers
|upkeep
|turn|28
|
|t:|1665967773
|move|p1a: Articuno|Haze|p1a: Articuno
|-clearallboost
|move|p2a: Chansey|Toxic|p1a: Articuno
|-status|p1a: Articuno|tox
|
|-heal|p1a: Articuno|80/100 tox|[from] item: Leftovers
|-damage|p1a: Articuno|74/100 tox|[from] psn
|upkeep
|turn|29
|
|t:|1665967787
|switch|p1a: Chandelure|Chandelure, F|39/100
|move|p2a: Chansey|Seismic Toss|p1a: Chandelure
|-immune|p1a: Chandelure
|
|upkeep
|turn|30
|
|t:|1665967799
|move|p1a: Chandelure|Flamethrower|p2a: Chansey
|-damage|p2a: Chansey|59/100
|move|p2a: Chansey|Toxic|p1a: Chandelure|[miss]
|-miss|p2a: Chansey|p1a: Chandelure
|
|upkeep
|turn|31
|
|t:|1665967811
|move|p1a: Chandelure|Flamethrower|p2a: Chansey
|-damage|p2a: Chansey|44/100
|move|p2a: Chansey|Soft-Boiled|p2a: Chansey
|-heal|p2a: Chansey|94/100
|
|upkeep
|turn|32
|
|t:|1665967818
|move|p1a: Chandelure|Flamethrower|p2a: Chansey
|-damage|p2a: Chansey|81/100
|move|p2a: Chansey|Toxic|p1a: Chandelure
|-status|p1a: Chandelure|tox
|
|-damage|p1a: Chandelure|33/100 tox|[from] psn
|upkeep
|turn|33
|c|☆Rainbowater|I'm sorry I don't know where the forfiet option is
|c|☆Rainbowater|You beat me I think
|
|t:|1665967846
|move|p1a: Chandelure|Will-O-Wisp|p2a: Chansey
|-status|p2a: Chansey|brn
|move|p2a: Chansey|Teleport|p2a: Chansey
|c|☆Rolerola|Type /forfeit
|c|☆Rolerola|Gg btw
|c|☆Rainbowater|Ty and GG
|inactive|Rolerola has 120 seconds left.
|c|☆Rainbowater|//forfiet
|c|☆Rainbowater|Did that work
|inactive|Rolerola has 90 seconds left.
|c|☆Rolerola|You spelled it wrong so it didn't
|c|☆Rainbowater|Oh shit dyslexic
|inactive|Rolerola has 60 seconds left.
|c|☆Rainbowater|//forfeit
|c|☆Rolerola|Okay I may be misinformed
|c|☆Rolerola|But
|inactive|Rolerola has 30 seconds left.
|c|☆Rainbowater|Or I don't know how to spell lmao
|inactive|Rolerola has 20 seconds left.
|inactive|Rolerola has 15 seconds left.
|c|☆Rolerola|Alternatively you can click on the X on the top left of the page
|inactive|Rolerola has 10 seconds left.
|inactive|Rolerola has 5 seconds left.
|-message|Rainbowater forfeited.
|
|win|Rolerola
|inactive|Rolerola has 10 seconds left this turn.
|raw|Rainbowater's rating: 1069 &rarr; <strong>1057</strong><br />(-12 for losing)
|raw|Rolerola's rating: 1220 &rarr; <strong>1235</strong><br />(+15 for winning)
|l|☆Rainbowater
|l|☆Rolerola
||Ladder isn't responding, score probably updated but might not have (Request timeout).
|j|☆Rolerola
|player|p2|Rolerola|iris
