|j|☆Gusbus
|j|☆St. 78
|t:|1596912351
|player|p1|Gusbus|184|1426
|player|p2|St. 78|101|1526
|teamsize|p1|6
|teamsize|p2|6
|gametype|singles
|gen|8
|tier|[Gen 8] UU
|rated|
|clearpoke
|poke|p1|Jirachi|
|poke|p1|Slowking, F|
|poke|p1|Kyurem|
|poke|p1|Rotom-Wash|
|poke|p1|Skarmory, M|
|poke|p1|Krookodile, M|
|poke|p2|Chandelure, F|
|poke|p2|Cobalion|
|poke|p2|Dragalge, M|
|poke|p2|Umbreon, F|
|poke|p2|Rotom-Wash|
|poke|p2|Krookodile, M|
|rule|Sleep Clause Mod: Limit one foe put to sleep
|rule|Species Clause: Limit one of each Pokémon
|rule|OHKO Clause: OHKO moves are banned
|rule|Evasion Moves Clause: Evasion moves are banned
|rule|Endless Battle Clause: Forcing endless battles is banned
|rule|HP Percentage Mod: HP is shown in percentages
|rule|Dynamax Clause: You cannot dynamax
|teampreview
|
|t:|1596912364
|start
|switch|p1a: Kyurem|Kyurem|100/100
|switch|p2a: John Elliot|Cobalion|100/100
|-ability|p1a: Kyurem|Pressure
|turn|1
|
|t:|1596912375
|switch|p1a: Rotom|Rotom-Wash|100/100
|move|p2a: John Elliot|Volt Switch|p1a: Rotom
|-damage|p1a: Rotom|85/100
|
|t:|1596912380
|switch|p2a: Fendi|Dragalge, M|100/100|[from]move: Volt Switch
|
|-heal|p1a: Rotom|92/100|[from] item: Leftovers
|upkeep
|turn|2
|
|t:|1596912386
|switch|p1a: Jirachi|Jirachi|100/100
|move|p2a: Fendi|Toxic Spikes|p1a: Jirachi
|-sidestart|p1: Gusbus|move: Toxic Spikes
|
|upkeep
|turn|3
|
|t:|1596912392
|switch|p2a: Uniqlo|Umbreon, F|100/100
|move|p1a: Jirachi|Calm Mind|p1a: Jirachi
|-boost|p1a: Jirachi|spa|1
|-boost|p1a: Jirachi|spd|1
|
|upkeep
|turn|4
|
|t:|1596912398
|move|p1a: Jirachi|Aura Sphere|p2a: Uniqlo
|-supereffective|p2a: Uniqlo
|-damage|p2a: Uniqlo|63/100
|move|p2a: Uniqlo|Foul Play|p1a: Jirachi
|-supereffective|p1a: Jirachi
|-damage|p1a: Jirachi|46/100
|
|-heal|p1a: Jirachi|52/100|[from] item: Leftovers
|-heal|p2a: Uniqlo|69/100|[from] item: Leftovers
|upkeep
|turn|5
|
|t:|1596912407
|move|p1a: Jirachi|Aura Sphere|p2a: Uniqlo
|-supereffective|p2a: Uniqlo
|-damage|p2a: Uniqlo|32/100
|move|p2a: Uniqlo|Wish|p2a: Uniqlo
|
|-heal|p1a: Jirachi|58/100|[from] item: Leftovers
|-heal|p2a: Uniqlo|38/100|[from] item: Leftovers
|upkeep
|turn|6
|
|t:|1596912422
|move|p2a: Uniqlo|Protect|p2a: Uniqlo
|-singleturn|p2a: Uniqlo|Protect
|move|p1a: Jirachi|Calm Mind|p1a: Jirachi
|-boost|p1a: Jirachi|spa|1
|-boost|p1a: Jirachi|spd|1
|
|-heal|p2a: Uniqlo|88/100|[from] move: Wish|[wisher] Uniqlo
|-heal|p1a: Jirachi|64/100|[from] item: Leftovers
|-heal|p2a: Uniqlo|94/100|[from] item: Leftovers
|upkeep
|turn|7
|
|t:|1596912431
|switch|p2a: Rhude|Chandelure, F|100/100
|move|p1a: Jirachi|Aura Sphere|p2a: Rhude
|-immune|p2a: Rhude
|
|-heal|p1a: Jirachi|71/100|[from] item: Leftovers
|upkeep
|turn|8
|
|t:|1596912441
|move|p2a: Rhude|Protect|p2a: Rhude
|-singleturn|p2a: Rhude|Protect
|move|p1a: Jirachi|Shadow Ball|p2a: Rhude
|-activate|p2a: Rhude|move: Protect
|
|-heal|p1a: Jirachi|77/100|[from] item: Leftovers
|upkeep
|turn|9
|
|t:|1596912450
|switch|p2a: Kholr|Rotom-Wash|100/100
|move|p1a: Jirachi|Shadow Ball|p2a: Kholr
|-damage|p2a: Kholr|50/100
|-unboost|p2a: Kholr|spd|1
|
|-heal|p1a: Jirachi|83/100|[from] item: Leftovers
|-heal|p2a: Kholr|56/100|[from] item: Leftovers
|upkeep
|turn|10
|
|t:|1596912465
|switch|p2a: Uniqlo|Umbreon, F|94/100
|move|p1a: Jirachi|Psyshock|p2a: Uniqlo
|-immune|p2a: Uniqlo
|
|-heal|p1a: Jirachi|89/100|[from] item: Leftovers
|-heal|p2a: Uniqlo|99/100|[from] item: Leftovers
|upkeep
|turn|11
|
|t:|1596912474
|switch|p2a: Rhude|Chandelure, F|100/100
|move|p1a: Jirachi|Aura Sphere|p2a: Rhude
|-immune|p2a: Rhude
|
|-heal|p1a: Jirachi|95/100|[from] item: Leftovers
|upkeep
|turn|12
|
|t:|1596912481
|switch|p2a: Dior|Krookodile, M|100/100
|-ability|p2a: Dior|Intimidate|boost
|-unboost|p1a: Jirachi|atk|1
|move|p1a: Jirachi|Shadow Ball|p2a: Dior
|-resisted|p2a: Dior
|-damage|p2a: Dior|68/100
|
|-heal|p1a: Jirachi|100/100|[from] item: Leftovers
|upkeep
|turn|13
|
|t:|1596912490
|switch|p1a: Skarmory|Skarmory, M|100/100
|move|p2a: Dior|Knock Off|p1a: Skarmory
|-damage|p1a: Skarmory|74/100
|-enditem|p1a: Skarmory|Leftovers|[from] move: Knock Off|[of] p2a: Dior
|
|upkeep
|turn|14
|
|t:|1596912497
|switch|p2a: Kholr|Rotom-Wash|56/100
|move|p1a: Skarmory|Stealth Rock|p2a: Kholr
|-sidestart|p2: St. 78|move: Stealth Rock
|
|-heal|p2a: Kholr|62/100|[from] item: Leftovers
|upkeep
|turn|15
|
|t:|1596912506
|switch|p1a: Jirachi|Jirachi|100/100
|move|p2a: Kholr|Volt Switch|p1a: Jirachi
|-damage|p1a: Jirachi|74/100
|
|t:|1596912512
|switch|p2a: Rhude|Chandelure, F|100/100|[from]move: Volt Switch
|
|-heal|p1a: Jirachi|80/100|[from] item: Leftovers
|upkeep
|turn|16
|
|t:|1596912523
|switch|p1a: Rotom|Rotom-Wash|92/100
|move|p2a: Rhude|Flamethrower|p1a: Rotom
|-resisted|p1a: Rotom
|-damage|p1a: Rotom|66/100
|
|-heal|p1a: Rotom|73/100|[from] item: Leftovers
|upkeep
|turn|17
|
|t:|1596912531
|switch|p2a: Fendi|Dragalge, M|100/100
|-damage|p2a: Fendi|88/100|[from] Stealth Rock
|move|p1a: Rotom|Hydro Pump|p2a: Fendi
|-resisted|p2a: Fendi
|-damage|p2a: Fendi|71/100
|
|-heal|p1a: Rotom|79/100|[from] item: Leftovers
|-heal|p2a: Fendi|77/100|[from] item: Leftovers
|upkeep
|turn|18
|
|t:|1596912540
|move|p1a: Rotom|Volt Switch|p2a: Fendi
|-resisted|p2a: Fendi
|-damage|p2a: Fendi|66/100
|
|t:|1596912546
|switch|p1a: Jirachi|Jirachi|80/100|[from]move: Volt Switch
|move|p2a: Fendi|Flip Turn|p1a: Jirachi
|-damage|p1a: Jirachi|70/100
|
|t:|1596912554
|switch|p2a: Rhude|Chandelure, F|100/100|[from]move: Flip Turn
|
|-heal|p1a: Jirachi|76/100|[from] item: Leftovers
|upkeep
|turn|19
|
|t:|1596912561
|switch|p1a: Rotom|Rotom-Wash|79/100
|move|p2a: Rhude|Flamethrower|p1a: Rotom
|-resisted|p1a: Rotom
|-damage|p1a: Rotom|54/100
|
|-heal|p1a: Rotom|60/100|[from] item: Leftovers
|upkeep
|turn|20
|
|t:|1596912573
|switch|p2a: Fendi|Dragalge, M|66/100
|-damage|p2a: Fendi|53/100|[from] Stealth Rock
|move|p1a: Rotom|Volt Switch|p2a: Fendi
|-resisted|p2a: Fendi
|-damage|p2a: Fendi|42/100
|
|t:|1596912583
|switch|p1a: Slowking|Slowking, F|100/100|[from]move: Volt Switch
|
|-heal|p2a: Fendi|48/100|[from] item: Leftovers
|upkeep
|turn|21
|
|t:|1596912597
|switch|p2a: Kholr|Rotom-Wash|62/100
|-damage|p2a: Kholr|50/100|[from] Stealth Rock
|move|p1a: Slowking|Teleport|p1a: Slowking
|
|t:|1596912610
|switch|p1a: Rotom|Rotom-Wash|60/100|[from]move: Teleport
|
|-heal|p1a: Rotom|67/100|[from] item: Leftovers
|-heal|p2a: Kholr|56/100|[from] item: Leftovers
|upkeep
|turn|22
|
|t:|1596912617
|move|p1a: Rotom|Volt Switch|p2a: Kholr
|-damage|p2a: Kholr|28/100
|
|t:|1596912620
|switch|p1a: Krookodile|Krookodile, M|100/100|[from]move: Volt Switch
|-status|p1a: Krookodile|psn
|move|p2a: Kholr|Volt Switch|p1a: Krookodile
|-immune|p1a: Krookodile
|
|-heal|p2a: Kholr|34/100|[from] item: Leftovers
|-damage|p1a: Krookodile|88/100 psn|[from] psn
|upkeep
|turn|23
|
|t:|1596912632
|switch|p2a: John Elliot|Cobalion|100/100
|-damage|p2a: John Elliot|97/100|[from] Stealth Rock
|move|p1a: Krookodile|Knock Off|p2a: John Elliot
|-resisted|p2a: John Elliot
|-damage|p2a: John Elliot|78/100
|-damage|p1a: Krookodile|71/100 psn|[from] item: Rocky Helmet|[of] p2a: John Elliot
|-ability|p2a: John Elliot|Justified|boost
|-boost|p2a: John Elliot|atk|1
|-enditem|p2a: John Elliot|Rocky Helmet|[from] move: Knock Off|[of] p1a: Krookodile
|
|-damage|p1a: Krookodile|59/100 psn|[from] psn
|upkeep
|turn|24
|
|t:|1596912643
|switch|p1a: Slowking|Slowking, F|100/100
|move|p2a: John Elliot|Stealth Rock|p1a: Slowking
|-sidestart|p1: Gusbus|move: Stealth Rock
|
|upkeep
|turn|25
|
|t:|1596912648
|move|p2a: John Elliot|Volt Switch|p1a: Slowking
|-supereffective|p1a: Slowking
|-damage|p1a: Slowking|78/100
|
|t:|1596912654
|switch|p2a: Uniqlo|Umbreon, F|99/100|[from]move: Volt Switch
|-damage|p2a: Uniqlo|88/100|[from] Stealth Rock
|move|p1a: Slowking|Teleport|p1a: Slowking
|
|t:|1596912658
|switch|p1a: Skarmory|Skarmory, M|74/100|[from]move: Teleport
|-damage|p1a: Skarmory|62/100|[from] Stealth Rock
|
|-heal|p2a: Uniqlo|94/100|[from] item: Leftovers
|upkeep
|turn|26
|
|t:|1596912671
|switch|p1a: Kyurem|Kyurem|100/100
|-status|p1a: Kyurem|psn
|-damage|p1a: Kyurem|76/100 psn|[from] Stealth Rock
|-ability|p1a: Kyurem|Pressure
|switch|p2a: Rhude|Chandelure, F|100/100
|
|-damage|p1a: Kyurem|63/100 psn|[from] psn
|upkeep
|turn|27
|
|t:|1596912680
|move|p2a: Rhude|Protect|p2a: Rhude
|-singleturn|p2a: Rhude|Protect
|move|p1a: Kyurem|Draco Meteor|p2a: Rhude
|-activate|p2a: Rhude|move: Protect
|
|-damage|p1a: Kyurem|51/100 psn|[from] psn
|upkeep
|turn|28
|
|t:|1596912688
|switch|p2a: Uniqlo|Umbreon, F|94/100
|-damage|p2a: Uniqlo|81/100|[from] Stealth Rock
|move|p1a: Kyurem|Draco Meteor|p2a: Uniqlo
|-damage|p2a: Uniqlo|27/100
|-unboost|p1a: Kyurem|spa|2
|
|-heal|p2a: Uniqlo|33/100|[from] item: Leftovers
|-damage|p1a: Kyurem|39/100 psn|[from] psn
|upkeep
|turn|29
|
|t:|1596912698
|move|p1a: Kyurem|Draco Meteor|p2a: Uniqlo
|-damage|p2a: Uniqlo|6/100
|-unboost|p1a: Kyurem|spa|2
|move|p2a: Uniqlo|Wish|p2a: Uniqlo
|
|-heal|p2a: Uniqlo|12/100|[from] item: Leftovers
|-damage|p1a: Kyurem|27/100 psn|[from] psn
|upkeep
|turn|30
|
|t:|1596912708
|switch|p1a: Jirachi|Jirachi|76/100
|-damage|p1a: Jirachi|70/100|[from] Stealth Rock
|move|p2a: Uniqlo|Protect||[still]
|-fail|p2a: Uniqlo
|
|-heal|p2a: Uniqlo|62/100|[from] move: Wish|[wisher] Uniqlo
|-heal|p1a: Jirachi|76/100|[from] item: Leftovers
|-heal|p2a: Uniqlo|68/100|[from] item: Leftovers
|upkeep
|turn|31
|
|t:|1596912722
|switch|p1a: Skarmory|Skarmory, M|62/100
|-damage|p1a: Skarmory|50/100|[from] Stealth Rock
|move|p2a: Uniqlo|Foul Play|p1a: Skarmory
|-crit|p1a: Skarmory
|-damage|p1a: Skarmory|24/100
|
|-heal|p2a: Uniqlo|74/100|[from] item: Leftovers
|upkeep
|turn|32
|-message|Gusbus forfeited.
|
|win|St. 78
|l|☆Gusbus
