|j|☆pif
|j|☆Huschl
|t:|1645834250
|gametype|singles
|player|p1|pif|#uutrio2ladder|1000
|player|p2|Huschl|170|1173
|teamsize|p1|6
|teamsize|p2|6
|gen|8
|tier|[Gen 8] UU
|rated|
|rule|Sleep Clause Mod: Limit one foe put to sleep
|rule|Species Clause: Limit one of each Pokémon
|rule|OHKO Clause: OHKO moves are banned
|rule|Evasion Moves Clause: Evasion moves are banned
|rule|Endless Battle Clause: Forcing endless battles is banned
|rule|HP Percentage Mod: HP is shown in percentages
|rule|Dynamax Clause: You cannot dynamax
|clearpoke
|poke|p1|Diggersby, M|
|poke|p1|Crobat, F|
|poke|p1|Amoonguss, F|
|poke|p1|Nihilego|
|poke|p1|Aegislash, F|
|poke|p1|Slowking, F|
|poke|p2|Tentacruel, M|
|poke|p2|Coalossal, F|
|poke|p2|Passimian, F|
|poke|p2|Claydol|
|poke|p2|Glastrier|
|poke|p2|Gyarados, M|
|teampreview
|j| CarbonLifeform456
|l| CarbonLifeform456
|
|t:|1645834321
|start
|switch|p1a: king of things|Slowking, F|100/100
|switch|p2a: Claydol|Claydol|100/100
|turn|1
|
|t:|1645834343
|switch|p2a: Tentacruel|Tentacruel, M|100/100
|move|p1a: king of things|Scald|p2a: Tentacruel
|-resisted|p2a: Tentacruel
|-damage|p2a: Tentacruel|90/100
|
|-heal|p2a: Tentacruel|96/100|[from] item: Black Sludge
|upkeep
|turn|2
|
|t:|1645834384
|move|p2a: Tentacruel|Knock Off|p1a: king of things
|-supereffective|p1a: king of things
|-damage|p1a: king of things|78/100
|-enditem|p1a: king of things|Heavy-Duty Boots|[from] move: Knock Off|[of] p2a: Tentacruel
|move|p1a: king of things|Future Sight|p2a: Tentacruel
|-start|p1a: king of things|move: Future Sight
|
|-heal|p2a: Tentacruel|100/100|[from] item: Black Sludge
|upkeep
|turn|3
|
|t:|1645834405
|move|p2a: Tentacruel|Sludge Bomb|p1a: king of things
|-damage|p1a: king of things|57/100
|move|p1a: king of things|Teleport|p1a: king of things
|
|t:|1645834459
|switch|p1a: shroom of DOOM|Amoonguss, F|100/100|[from]move: Teleport
|
|upkeep
|turn|4
|
|t:|1645834494
|move|p2a: Tentacruel|Knock Off|p1a: shroom of DOOM
|-damage|p1a: shroom of DOOM|88/100
|-damage|p2a: Tentacruel|84/100|[from] item: Rocky Helmet|[of] p1a: shroom of DOOM
|-enditem|p1a: shroom of DOOM|Rocky Helmet|[from] move: Knock Off|[of] p2a: Tentacruel
|move|p1a: shroom of DOOM|Spore|p2a: Tentacruel
|-status|p2a: Tentacruel|slp|[from] move: Spore
|
|-end|p2a: Tentacruel|move: Future Sight
|-supereffective|p2a: Tentacruel
|-damage|p2a: Tentacruel|23/100 slp
|-heal|p2a: Tentacruel|29/100 slp|[from] item: Black Sludge
|upkeep
|turn|5
|
|t:|1645834514
|switch|p1a: king of things|Slowking, F|90/100
|cant|p2a: Tentacruel|slp
|
|-heal|p2a: Tentacruel|35/100 slp|[from] item: Black Sludge
|upkeep
|turn|6
|
|t:|1645834530
|cant|p2a: Tentacruel|slp
|move|p1a: king of things|Future Sight|p2a: Tentacruel
|-start|p1a: king of things|move: Future Sight
|
|-heal|p2a: Tentacruel|41/100 slp|[from] item: Black Sludge
|upkeep
|turn|7
|
|t:|1645834543
|switch|p2a: Claydol|Claydol|100/100
|move|p1a: king of things|Teleport|p1a: king of things
|
|t:|1645834555
|switch|p1a: chungy wungy|Diggersby, M|100/100|[from]move: Teleport
|
|upkeep
|turn|8
|
|t:|1645834593
|move|p1a: chungy wungy|U-turn|p2a: Claydol
|-supereffective|p2a: Claydol
|-damage|p2a: Claydol|38/100
|
|t:|1645834602
|switch|p1a: king of things|Slowking, F|100/100|[from]move: U-turn
|move|p2a: Claydol|Earth Power|p1a: king of things
|-damage|p1a: king of things|83/100
|
|-end|p2a: Claydol|move: Future Sight
|-resisted|p2a: Claydol
|-damage|p2a: Claydol|21/100
|-heal|p2a: Claydol|27/100|[from] item: Leftovers
|upkeep
|turn|9
|
|t:|1645834613
|move|p2a: Claydol|Stealth Rock|p1a: king of things
|-sidestart|p1: pif|move: Stealth Rock
|move|p1a: king of things|Scald|p2a: Claydol
|-supereffective|p2a: Claydol
|-damage|p2a: Claydol|0 fnt
|faint|p2a: Claydol
|
|upkeep
|
|t:|1645834633
|switch|p2a: Gyarados|Gyarados, M|100/100
|turn|10
|
|t:|1645834665
|move|p2a: Gyarados|Dragon Dance|p2a: Gyarados
|-boost|p2a: Gyarados|atk|1
|-boost|p2a: Gyarados|spe|1
|move|p1a: king of things|Teleport|p1a: king of things
|
|t:|1645834676
|switch|p1a: slash and bash|Aegislash, F|100/100|[from]move: Teleport
|-damage|p1a: slash and bash|94/100|[from] Stealth Rock
|
|-heal|p1a: slash and bash|100/100|[from] item: Leftovers
|upkeep
|turn|11
|
|t:|1645834749
|move|p2a: Gyarados|Dragon Dance|p2a: Gyarados
|-boost|p2a: Gyarados|atk|1
|-boost|p2a: Gyarados|spe|1
|-formechange|p1a: slash and bash|Aegislash-Blade||[from] ability: Stance Change
|move|p1a: slash and bash|Shadow Ball|p2a: Gyarados
|-damage|p2a: Gyarados|52/100
|-unboost|p2a: Gyarados|spd|1
|
|upkeep
|turn|12
|
|t:|1645834762
|-formechange|p1a: slash and bash|Aegislash||[from] ability: Stance Change
|move|p1a: slash and bash|King's Shield|p1a: slash and bash
|-singleturn|p1a: slash and bash|Protect
|move|p2a: Gyarados|Earthquake|p1a: slash and bash
|-activate|p1a: slash and bash|move: Protect
|
|upkeep
|turn|13
|inactive|Battle timer is ON: inactive players will automatically lose when time's up. (requested by Huschl)
|j| QY_CS
|inactive|pif has 120 seconds left.
|inactive|pif has 90 seconds left.
|
|t:|1645834906
|move|p2a: Gyarados|Earthquake|p1a: slash and bash
|-supereffective|p1a: slash and bash
|-damage|p1a: slash and bash|0 fnt
|faint|p1a: slash and bash
|-ability|p2a: Gyarados|Moxie|boost
|-boost|p2a: Gyarados|atk|1
|
|upkeep
|inactive|pif has 120 seconds left.
|
|t:|1645834939
|switch|p1a: shroom of DOOM|Amoonguss, F|100/100
|-damage|p1a: shroom of DOOM|88/100|[from] Stealth Rock
|turn|14
|
|t:|1645834952
|move|p2a: Gyarados|Ice Fang|p1a: shroom of DOOM
|-supereffective|p1a: shroom of DOOM
|-damage|p1a: shroom of DOOM|0 fnt
|faint|p1a: shroom of DOOM
|-ability|p2a: Gyarados|Moxie|boost
|-boost|p2a: Gyarados|atk|1
|
|upkeep
|
|t:|1645834960
|switch|p1a: king of things|Slowking, F|100/100
|-damage|p1a: king of things|88/100|[from] Stealth Rock
|turn|15
|
|t:|1645834965
|move|p2a: Gyarados|Earthquake|p1a: king of things
|-damage|p1a: king of things|9/100
|move|p1a: king of things|Scald|p2a: Gyarados
|-resisted|p2a: Gyarados
|-damage|p2a: Gyarados|29/100
|
|upkeep
|turn|16
|inactive|pif has 120 seconds left.
|
|t:|1645834980
|switch|p1a: batsy watzy|Crobat, F|100/100
|move|p2a: Gyarados|Waterfall|p1a: batsy watzy
|-damage|p1a: batsy watzy|0 fnt
|faint|p1a: batsy watzy
|-ability|p2a: Gyarados|Moxie|boost
|-boost|p2a: Gyarados|atk|1
|
|upkeep
|inactive|pif has 120 seconds left.
|
|t:|1645834985
|switch|p1a: chungy wungy|Diggersby, M|100/100
|-damage|p1a: chungy wungy|94/100|[from] Stealth Rock
|turn|17
|
|t:|1645834992
|move|p1a: chungy wungy|Quick Attack|p2a: Gyarados
|-damage|p2a: Gyarados|0 fnt
|faint|p2a: Gyarados
|
|upkeep
|inactive|Huschl has 120 seconds left.
|
|t:|1645835051
|switch|p2a: Passimian|Passimian, F|100/100
|turn|18
|inactive|pif has 120 seconds left.
|
|t:|1645835075
|move|p1a: chungy wungy|Quick Attack|p2a: Passimian
|-damage|p2a: Passimian|60/100
|move|p2a: Passimian|Close Combat|p1a: chungy wungy
|-supereffective|p1a: chungy wungy
|-damage|p1a: chungy wungy|0 fnt
|-unboost|p2a: Passimian|def|1
|-unboost|p2a: Passimian|spd|1
|faint|p1a: chungy wungy
|
|upkeep
|inactive|pif has 120 seconds left.
|
|t:|1645835104
|switch|p1a: king of things|Slowking, F|42/100
|-damage|p1a: king of things|29/100|[from] Stealth Rock
|turn|19
|inactive|Huschl has 90 seconds left.
|
|t:|1645835144
|switch|p2a: Tentacruel|Tentacruel, M|41/100 slp
|move|p1a: king of things|Slack Off|p1a: king of things
|-heal|p1a: king of things|79/100
|
|-heal|p2a: Tentacruel|47/100 slp|[from] item: Black Sludge
|upkeep
|turn|20
|inactive|pif has 90 seconds left.
|
|t:|1645835171
|-curestatus|p2a: Tentacruel|slp|[msg]
|move|p2a: Tentacruel|Sludge Bomb|p1a: king of things
|-damage|p1a: king of things|60/100
|move|p1a: king of things|Future Sight|p2a: Tentacruel
|-start|p1a: king of things|move: Future Sight
|
|-heal|p2a: Tentacruel|53/100|[from] item: Black Sludge
|upkeep
|turn|21
|inactive|pif has 90 seconds left.
|
|t:|1645835192
|move|p2a: Tentacruel|Sludge Bomb|p1a: king of things
|-damage|p1a: king of things|39/100
|-status|p1a: king of things|psn
|move|p1a: king of things|Slack Off|p1a: king of things
|-heal|p1a: king of things|89/100 psn
|
|-heal|p2a: Tentacruel|59/100|[from] item: Black Sludge
|-damage|p1a: king of things|76/100 psn|[from] psn
|upkeep
|turn|22
|inactive|Huschl has 90 seconds left.
|
|t:|1645835210
|switch|p2a: Coalossal|Coalossal, F|100/100
|move|p1a: king of things|Slack Off|p1a: king of things
|-heal|p1a: king of things|100/100 psn
|
|-end|p2a: Coalossal|move: Future Sight
|-damage|p2a: Coalossal|63/100
|-damage|p1a: king of things|88/100 psn|[from] psn
|upkeep
|turn|23
|inactive|Huschl has 90 seconds left.
|
|t:|1645835227
|move|p2a: Coalossal|Rock Slide|p1a: king of things
|-damage|p1a: king of things|71/100 psn
|move|p1a: king of things|Future Sight|p2a: Coalossal
|-start|p1a: king of things|move: Future Sight
|
|-damage|p1a: king of things|59/100 psn|[from] psn
|upkeep
|turn|24
|inactive|Huschl has 90 seconds left.
|
|t:|1645835253
|move|p2a: Coalossal|Spikes|p1a: king of things
|-sidestart|p1: pif|Spikes
|move|p1a: king of things|Slack Off|p1a: king of things
|-heal|p1a: king of things|100/100 psn
|
|-damage|p1a: king of things|88/100 psn|[from] psn
|upkeep
|turn|25
|inactive|pif has 90 seconds left.
|
|t:|1645835271
|move|p2a: Coalossal|Rock Slide|p1a: king of things
|-damage|p1a: king of things|73/100 psn
|cant|p1a: king of things|flinch
|
|-end|p2a: Coalossal|move: Future Sight
|-damage|p2a: Coalossal|24/100
|-damage|p1a: king of things|60/100 psn|[from] psn
|upkeep
|turn|26
|
|t:|1645835283
|move|p2a: Coalossal|Rock Slide|p1a: king of things
|-damage|p1a: king of things|45/100 psn
|cant|p1a: king of things|flinch
|
|-damage|p1a: king of things|33/100 psn|[from] psn
|upkeep
|turn|27
|inactive|pif has 90 seconds left.
|
|t:|1645835298
|switch|p2a: Passimian|Passimian, F|60/100
|move|p1a: king of things|Slack Off|p1a: king of things
|-heal|p1a: king of things|83/100 psn
|
|-damage|p1a: king of things|71/100 psn|[from] psn
|upkeep
|turn|28
|
|t:|1645835304
|move|p2a: Passimian|U-turn|p1a: king of things
|-supereffective|p1a: king of things
|-damage|p1a: king of things|37/100 psn
|
|t:|1645835319
|switch|p2a: Glastrier|Glastrier|100/100|[from]move: U-turn
|move|p1a: king of things|Slack Off|p1a: king of things
|-heal|p1a: king of things|87/100 psn
|
|-damage|p1a: king of things|74/100 psn|[from] psn
|upkeep
|turn|29
|
|t:|1645835336
|move|p2a: Glastrier|High Horsepower|p1a: king of things
|-damage|p1a: king of things|45/100 psn
|move|p1a: king of things|Scald|p2a: Glastrier
|-damage|p2a: Glastrier|77/100
|
|-damage|p1a: king of things|33/100 psn|[from] psn
|upkeep
|turn|30
|
|t:|1645835351
|move|p2a: Glastrier|Icicle Crash|p1a: king of things
|-resisted|p1a: king of things
|-damage|p1a: king of things|14/100 psn
|move|p1a: king of things|Slack Off|p1a: king of things
|-heal|p1a: king of things|64/100 psn
|
|-damage|p1a: king of things|52/100 psn|[from] psn
|upkeep
|turn|31
|
|t:|1645835363
|move|p2a: Glastrier|Icicle Crash|p1a: king of things
|-resisted|p1a: king of things
|-damage|p1a: king of things|33/100 psn
|move|p1a: king of things|Slack Off|p1a: king of things
|-heal|p1a: king of things|83/100 psn
|
|-damage|p1a: king of things|71/100 psn|[from] psn
|upkeep
|turn|32
|
|t:|1645835380
|move|p2a: Glastrier|High Horsepower|p1a: king of things
|-damage|p1a: king of things|42/100 psn
|move|p1a: king of things|Slack Off|p1a: king of things
|-heal|p1a: king of things|92/100 psn
|
|-damage|p1a: king of things|79/100 psn|[from] psn
|upkeep
|turn|33
|inactive|Huschl has 60 seconds left.
|
|t:|1645835410
|move|p2a: Glastrier|High Horsepower|p1a: king of things
|-damage|p1a: king of things|53/100 psn
|move|p1a: king of things|Scald|p2a: Glastrier
|-damage|p2a: Glastrier|58/100
|
|-damage|p1a: king of things|40/100 psn|[from] psn
|upkeep
|turn|34
|inactive|pif has 120 seconds left.
|inactive|Huschl has 60 seconds left.
|
|t:|1645835419
|move|p2a: Glastrier|Icicle Crash|p1a: king of things|[miss]
|-miss|p2a: Glastrier|p1a: king of things
|move|p1a: king of things|Slack Off|p1a: king of things
|-heal|p1a: king of things|90/100 psn
|
|-damage|p1a: king of things|78/100 psn|[from] psn
|upkeep
|turn|35
|
|t:|1645835425
|switch|p2a: Tentacruel|Tentacruel, M|59/100
|move|p1a: king of things|Scald|p2a: Tentacruel
|-resisted|p2a: Tentacruel
|-damage|p2a: Tentacruel|49/100
|
|-heal|p2a: Tentacruel|55/100|[from] item: Black Sludge
|-damage|p1a: king of things|65/100 psn|[from] psn
|upkeep
|turn|36
|
|t:|1645835433
|switch|p2a: Passimian|Passimian, F|60/100
|move|p1a: king of things|Slack Off|p1a: king of things
|-heal|p1a: king of things|100/100 psn
|
|-damage|p1a: king of things|88/100 psn|[from] psn
|upkeep
|turn|37
|
|t:|1645835441
|move|p2a: Passimian|U-turn|p1a: king of things
|-supereffective|p1a: king of things
|-damage|p1a: king of things|51/100 psn
|
|t:|1645835446
|switch|p2a: Tentacruel|Tentacruel, M|55/100|[from]move: U-turn
|move|p1a: king of things|Future Sight|p2a: Tentacruel
|-start|p1a: king of things|move: Future Sight
|
|-heal|p2a: Tentacruel|61/100|[from] item: Black Sludge
|-damage|p1a: king of things|39/100 psn|[from] psn
|upkeep
|turn|38
|
|t:|1645835457
|move|p2a: Tentacruel|Sludge Bomb|p1a: king of things
|-damage|p1a: king of things|19/100 psn
|move|p1a: king of things|Slack Off|p1a: king of things
|-heal|p1a: king of things|69/100 psn
|
|-heal|p2a: Tentacruel|67/100|[from] item: Black Sludge
|-damage|p1a: king of things|56/100 psn|[from] psn
|upkeep
|turn|39
|
|t:|1645835474
|switch|p2a: Coalossal|Coalossal, F|24/100
|move|p1a: king of things|Slack Off|p1a: king of things
|-heal|p1a: king of things|100/100 psn
|
|-end|p2a: Coalossal|move: Future Sight
|-damage|p2a: Coalossal|0 fnt
|faint|p2a: Coalossal
|-damage|p1a: king of things|88/100 psn|[from] psn
|upkeep
|
|t:|1645835480
|switch|p2a: Passimian|Passimian, F|60/100
|turn|40
|
|t:|1645835502
|move|p2a: Passimian|U-turn|p1a: king of things
|-supereffective|p1a: king of things
|-damage|p1a: king of things|53/100 psn
|
|t:|1645835505
|switch|p2a: Tentacruel|Tentacruel, M|67/100|[from]move: U-turn
|move|p1a: king of things|Future Sight|p2a: Tentacruel
|-start|p1a: king of things|move: Future Sight
|
|-heal|p2a: Tentacruel|73/100|[from] item: Black Sludge
|-damage|p1a: king of things|41/100 psn|[from] psn
|upkeep
|turn|41
|inactive|Huschl has 90 seconds left.
|
|t:|1645835524
|move|p2a: Tentacruel|Sludge Bomb|p1a: king of things
|-damage|p1a: king of things|20/100 psn
|move|p1a: king of things|Slack Off|p1a: king of things
|-heal|p1a: king of things|70/100 psn
|
|-heal|p2a: Tentacruel|79/100|[from] item: Black Sludge
|-damage|p1a: king of things|58/100 psn|[from] psn
|upkeep
|turn|42
|inactive|Huschl has 90 seconds left.
|
|t:|1645835540
|move|p2a: Tentacruel|Sludge Bomb|p1a: king of things
|-damage|p1a: king of things|37/100 psn
|move|p1a: king of things|Slack Off|p1a: king of things
|-heal|p1a: king of things|87/100 psn
|
|-end|p2a: Tentacruel|move: Future Sight
|-supereffective|p2a: Tentacruel
|-damage|p2a: Tentacruel|19/100
|-heal|p2a: Tentacruel|25/100|[from] item: Black Sludge
|-damage|p1a: king of things|74/100 psn|[from] psn
|upkeep
|turn|43
|inactive|Huschl has 90 seconds left.
|inactive|pif has 120 seconds left.
|
|t:|1645835567
|move|p2a: Tentacruel|Sludge Bomb|p1a: king of things
|-damage|p1a: king of things|53/100 psn
|move|p1a: king of things|Teleport|p1a: king of things
|
|t:|1645835570
|switch|p1a: nihileggo my eggo|Nihilego|100/100|[from]move: Teleport
|-damage|p1a: nihileggo my eggo|88/100|[from] Spikes
|-damage|p1a: nihileggo my eggo|76/100|[from] Stealth Rock
|
|-heal|p1a: nihileggo my eggo|82/100|[from] item: Black Sludge
|-heal|p2a: Tentacruel|31/100|[from] item: Black Sludge
|upkeep
|turn|44
|inactive|pif has 120 seconds left.
|inactive|Huschl has 90 seconds left.
|
|t:|1645835594
|move|p1a: nihileggo my eggo|Knock Off|p2a: Tentacruel
|-damage|p2a: Tentacruel|14/100
|-enditem|p2a: Tentacruel|Black Sludge|[from] move: Knock Off|[of] p1a: nihileggo my eggo
|move|p2a: Tentacruel|Knock Off|p1a: nihileggo my eggo
|-damage|p1a: nihileggo my eggo|57/100
|-enditem|p1a: nihileggo my eggo|Black Sludge|[from] move: Knock Off|[of] p2a: Tentacruel
|
|upkeep
|turn|45
|inactive|pif has 120 seconds left.
|inactive|Huschl has 90 seconds left.
|
|t:|1645835608
|move|p1a: nihileggo my eggo|Stealth Rock|p2a: Tentacruel
|-sidestart|p2: Huschl|move: Stealth Rock
|move|p2a: Tentacruel|Scald|p1a: nihileggo my eggo
|-supereffective|p1a: nihileggo my eggo
|-damage|p1a: nihileggo my eggo|25/100
|
|upkeep
|turn|46
|inactive|pif has 120 seconds left.
|inactive|Huschl has 90 seconds left.
|
|t:|1645835617
|move|p1a: nihileggo my eggo|Sludge Bomb|p2a: Tentacruel
|-resisted|p2a: Tentacruel
|-damage|p2a: Tentacruel|0 fnt
|faint|p2a: Tentacruel
|-ability|p1a: nihileggo my eggo|Beast Boost|boost
|-boost|p1a: nihileggo my eggo|spa|1
|
|upkeep
|inactive|Huschl has 90 seconds left.
|
|t:|1645835624
|switch|p2a: Passimian|Passimian, F|60/100
|-damage|p2a: Passimian|54/100|[from] Stealth Rock
|turn|47
|inactive|Huschl has 90 seconds left.
|
|t:|1645835644
|move|p2a: Passimian|Close Combat|p1a: nihileggo my eggo
|-damage|p1a: nihileggo my eggo|0 fnt
|-unboost|p2a: Passimian|def|1
|-unboost|p2a: Passimian|spd|1
|faint|p1a: nihileggo my eggo
|
|upkeep
|
|t:|1645835655
|switch|p1a: king of things|Slowking, F|86/100 psn
|-damage|p1a: king of things|74/100 psn|[from] Spikes
|-damage|p1a: king of things|61/100 psn|[from] Stealth Rock
|turn|48
|inactive|pif has 120 seconds left.
|
|t:|1645835680
|switch|p2a: Glastrier|Glastrier|58/100
|-damage|p2a: Glastrier|33/100|[from] Stealth Rock
|move|p1a: king of things|Future Sight|p2a: Glastrier
|-start|p1a: king of things|move: Future Sight
|
|-damage|p1a: king of things|49/100 psn|[from] psn
|upkeep
|turn|49
|inactive|pif has 120 seconds left.
|
|t:|1645835692
|move|p2a: Glastrier|High Horsepower|p1a: king of things
|-damage|p1a: king of things|19/100 psn
|move|p1a: king of things|Slack Off|p1a: king of things
|-heal|p1a: king of things|69/100 psn
|
|-damage|p1a: king of things|56/100 psn|[from] psn
|upkeep
|turn|50
|inactive|pif has 120 seconds left.
|
|t:|1645835712
|move|p2a: Glastrier|Endure|p2a: Glastrier
|-singleturn|p2a: Glastrier|move: Endure
|move|p1a: king of things|Scald|p2a: Glastrier
|-damage|p2a: Glastrier|11/100
|
|-end|p2a: Glastrier|move: Future Sight
|-damage|p2a: Glastrier|0 fnt
|faint|p2a: Glastrier
|-damage|p1a: king of things|44/100 psn|[from] psn
|upkeep
|
|t:|1645835720
|switch|p2a: Passimian|Passimian, F|54/100
|-damage|p2a: Passimian|47/100|[from] Stealth Rock
|turn|51
|inactive|pif has 120 seconds left.
|inactive|pif has 90 seconds left.
|
|t:|1645835765
|move|p2a: Passimian|U-turn|p1a: king of things
|-supereffective|p1a: king of things
|-damage|p1a: king of things|4/100 psn
|move|p1a: king of things|Scald|p2a: Passimian
|-damage|p2a: Passimian|7/100
|
|-damage|p1a: king of things|0 fnt|[from] psn
|faint|p1a: king of things
|
|win|Huschl
|upkeep
|raw|pif's rating: 1757 &rarr; <strong>1718</strong><br />(-39 for losing)
|raw|Huschl's rating: 1173 &rarr; <strong>1221</strong><br />(+48 for winning)
|j| Crunchman
|c|☆pif|gg
||Ladder isn't responding, score probably updated but might not have (Request timeout).
