|raw|<div class="broadcast-blue"><strong>This battle is required to be public due to a player having a name starting with 'uult84z'.</div>
|j|☆Kla0Trixx
|j|☆UULT84z Drei
|t:|1623271390
|gametype|singles
|player|p1|Kla0Trixx|266|1607
|player|p2|UULT84z Drei|cynthia|1432
|teamsize|p1|6
|teamsize|p2|6
|gen|8
|tier|[Gen 8] UU
|rated|
|rule|Sleep Clause Mod: Limit one foe put to sleep
|rule|Species Clause: Limit one of each Pokémon
|rule|OHKO Clause: OHKO moves are banned
|rule|Evasion Moves Clause: Evasion moves are banned
|rule|Endless Battle Clause: Forcing endless battles is banned
|rule|HP Percentage Mod: HP is shown in percentages
|rule|Dynamax Clause: You cannot dynamax
|clearpoke
|poke|p1|Amoonguss, F|
|poke|p1|Rotom-Heat|
|poke|p1|Primarina, M|
|poke|p1|Jirachi|
|poke|p1|Mamoswine, F|
|poke|p1|Obstagoon, F|
|poke|p2|Salamence, M|
|poke|p2|Aegislash, F|
|poke|p2|Zarude|
|poke|p2|Nihilego|
|poke|p2|Lycanroc-Dusk, F|
|poke|p2|Buzzwole|
|teampreview
|j| Dunoks
|j| Totem skarm
|inactive|Battle timer is ON: inactive players will automatically lose when time's up. (requested by UULT84z Drei)
|
|t:|1623271434
|start
|switch|p1a: Jirachi|Jirachi|100/100
|switch|p2a: Nihilego|Nihilego|100/100
|turn|1
|j| Rocket9413
|
|t:|1623271441
|switch|p2a: Aegislash|Aegislash, F|100/100
|move|p1a: Jirachi|Stealth Rock|p2a: Aegislash
|-sidestart|p2: UULT84z Drei|move: Stealth Rock
|
|upkeep
|turn|2
|
|t:|1623271447
|switch|p1a: Obstagoon|Obstagoon, F|100/100
|-formechange|p2a: Aegislash|Aegislash-Blade||[from] ability: Stance Change
|move|p2a: Aegislash|Flash Cannon|p1a: Obstagoon
|-damage|p1a: Obstagoon|54/100
|
|-status|p1a: Obstagoon|brn|[from] item: Flame Orb
|upkeep
|turn|3
|
|t:|1623271457
|switch|p2a: Buzzwole|Buzzwole|100/100
|-damage|p2a: Buzzwole|88/100|[from] Stealth Rock
|move|p1a: Obstagoon|Switcheroo|p2a: Buzzwole
|-activate|p1a: Obstagoon|move: Trick|[of] p2a: Buzzwole
|-item|p2a: Buzzwole|Flame Orb|[from] move: Switcheroo
|-item|p1a: Obstagoon|Life Orb|[from] move: Switcheroo
|
|-damage|p1a: Obstagoon|48/100 brn|[from] brn
|-status|p2a: Buzzwole|brn|[from] item: Flame Orb
|upkeep
|turn|4
|
|t:|1623271471
|switch|p1a: Primarina|Primarina, M|100/100
|switch|p2a: Salamence|Salamence, M|100/100
|-ability|p2a: Salamence|Intimidate|boost
|-unboost|p1a: Primarina|atk|1
|
|upkeep
|turn|5
|
|t:|1623271476
|switch|p2a: Aegislash|Aegislash, F|100/100
|-damage|p2a: Aegislash|94/100|[from] Stealth Rock
|move|p1a: Primarina|Moonblast|p2a: Aegislash
|-resisted|p2a: Aegislash
|-damage|p2a: Aegislash|67/100
|
|-heal|p2a: Aegislash|73/100|[from] item: Leftovers
|upkeep
|turn|6
|
|t:|1623271484
|switch|p1a: Rotom|Rotom-Heat|100/100
|move|p2a: Aegislash|Toxic|p1a: Rotom
|-status|p1a: Rotom|tox
|
|-heal|p2a: Aegislash|79/100|[from] item: Leftovers
|-damage|p1a: Rotom|95/100 tox|[from] psn
|upkeep
|turn|7
|
|t:|1623271502
|switch|p1a: Primarina|Primarina, M|100/100
|move|p2a: Aegislash|King's Shield||[still]
|-fail|p2a: Aegislash
|
|-heal|p2a: Aegislash|85/100|[from] item: Leftovers
|upkeep
|turn|8
|
|t:|1623271506
|move|p2a: Aegislash|Toxic|p1a: Primarina
|-status|p1a: Primarina|tox
|move|p1a: Primarina|Scald|p2a: Aegislash
|-damage|p2a: Aegislash|44/100
|
|-heal|p2a: Aegislash|50/100|[from] item: Leftovers
|-damage|p1a: Primarina|94/100 tox|[from] psn
|upkeep
|turn|9
|
|t:|1623271514
|move|p2a: Aegislash|King's Shield|p2a: Aegislash
|-singleturn|p2a: Aegislash|Protect
|move|p1a: Primarina|Scald|p2a: Aegislash
|-activate|p2a: Aegislash|move: Protect
|
|-heal|p2a: Aegislash|57/100|[from] item: Leftovers
|-damage|p1a: Primarina|82/100 tox|[from] psn
|upkeep
|turn|10
|
|t:|1623271527
|switch|p2a: Salamence|Salamence, M|100/100
|-ability|p2a: Salamence|Intimidate|boost
|-unboost|p1a: Primarina|atk|1
|move|p1a: Primarina|Scald|p2a: Salamence
|-resisted|p2a: Salamence
|-damage|p2a: Salamence|69/100
|
|-damage|p1a: Primarina|64/100 tox|[from] psn
|upkeep
|turn|11
|j| bpewn
|l| bpewn
|
|t:|1623271536
|switch|p1a: Mamoswine|Mamoswine, F|100/100
|move|p2a: Salamence|Defog|p1a: Mamoswine
|-unboost|p1a: Mamoswine|evasion|1
|-sideend|p2: UULT84z Drei|Stealth Rock|[from] move: Defog|[of] p2a: Salamence
|
|upkeep
|turn|12
|
|t:|1623271548
|switch|p2a: Buzzwole|Buzzwole|88/100 brn
|move|p1a: Mamoswine|Earthquake|p2a: Buzzwole
|-resisted|p2a: Buzzwole
|-damage|p2a: Buzzwole|57/100 brn
|
|-damage|p2a: Buzzwole|51/100 brn|[from] brn
|upkeep
|turn|13
|
|t:|1623271558
|switch|p1a: Rotom|Rotom-Heat|95/100 tox
|move|p2a: Buzzwole|Roost|p2a: Buzzwole
|-heal|p2a: Buzzwole|100/100 brn
|-singleturn|p2a: Buzzwole|move: Roost
|
|-damage|p1a: Rotom|89/100 tox|[from] psn
|-damage|p2a: Buzzwole|94/100 brn|[from] brn
|upkeep
|turn|14
|
|t:|1623271562
|switch|p2a: Nihilego|Nihilego|100/100
|move|p1a: Rotom|Volt Switch|p2a: Nihilego
|-damage|p2a: Nihilego|80/100
|
|t:|1623271565
|switch|p1a: Jirachi|Jirachi|100/100|[from]move: Volt Switch
|
|-heal|p2a: Nihilego|86/100|[from] item: Black Sludge
|upkeep
|turn|15
|j| Ren Koha
|
|t:|1623271569
|switch|p2a: Aegislash|Aegislash, F|57/100
|move|p1a: Jirachi|Wish|p1a: Jirachi
|
|-heal|p2a: Aegislash|63/100|[from] item: Leftovers
|upkeep
|turn|16
|
|t:|1623271573
|switch|p1a: Obstagoon|Obstagoon, F|48/100 brn
|-formechange|p2a: Aegislash|Aegislash-Blade||[from] ability: Stance Change
|move|p2a: Aegislash|Flash Cannon|p1a: Obstagoon
|-damage|p1a: Obstagoon|0 fnt
|faint|p1a: Obstagoon
|
|-heal|p2a: Aegislash|69/100|[from] item: Leftovers
|upkeep
|
|t:|1623271592
|switch|p1a: Jirachi|Jirachi|100/100
|turn|17
|
|t:|1623271595
|-formechange|p2a: Aegislash|Aegislash||[from] ability: Stance Change
|move|p2a: Aegislash|King's Shield|p2a: Aegislash
|-singleturn|p2a: Aegislash|Protect
|move|p1a: Jirachi|Stealth Rock|p2a: Aegislash
|-sidestart|p2: UULT84z Drei|move: Stealth Rock
|
|-heal|p2a: Aegislash|75/100|[from] item: Leftovers
|upkeep
|turn|18
|
|t:|1623271598
|move|p1a: Jirachi|Iron Head|p2a: Aegislash
|-resisted|p2a: Aegislash
|-damage|p2a: Aegislash|65/100
|-formechange|p2a: Aegislash|Aegislash-Blade||[from] ability: Stance Change
|move|p2a: Aegislash|Shadow Ball|p1a: Jirachi
|-supereffective|p1a: Jirachi
|-damage|p1a: Jirachi|53/100
|
|-heal|p1a: Jirachi|59/100|[from] item: Leftovers
|-heal|p2a: Aegislash|71/100|[from] item: Leftovers
|upkeep
|turn|19
|
|t:|1623271604
|-formechange|p2a: Aegislash|Aegislash||[from] ability: Stance Change
|move|p2a: Aegislash|King's Shield|p2a: Aegislash
|-singleturn|p2a: Aegislash|Protect
|move|p1a: Jirachi|Wish|p1a: Jirachi
|
|-heal|p1a: Jirachi|65/100|[from] item: Leftovers
|-heal|p2a: Aegislash|77/100|[from] item: Leftovers
|upkeep
|turn|20
|
|t:|1623271610
|move|p1a: Jirachi|Iron Head|p2a: Aegislash
|-resisted|p2a: Aegislash
|-damage|p2a: Aegislash|66/100
|cant|p2a: Aegislash|flinch
|
|-heal|p1a: Jirachi|100/100|[from] move: Wish|[wisher] Jirachi
|-heal|p2a: Aegislash|72/100|[from] item: Leftovers
|upkeep
|turn|21
|
|t:|1623271617
|move|p1a: Jirachi|Iron Head|p2a: Aegislash
|-resisted|p2a: Aegislash
|-damage|p2a: Aegislash|62/100
|cant|p2a: Aegislash|flinch
|
|-heal|p2a: Aegislash|68/100|[from] item: Leftovers
|upkeep
|turn|22
|
|t:|1623271621
|move|p2a: Aegislash|King's Shield|p2a: Aegislash
|-singleturn|p2a: Aegislash|Protect
|move|p1a: Jirachi|Wish|p1a: Jirachi
|
|-heal|p2a: Aegislash|74/100|[from] item: Leftovers
|upkeep
|turn|23
|
|t:|1623271624
|switch|p1a: Primarina|Primarina, M|64/100 tox
|-formechange|p2a: Aegislash|Aegislash-Blade||[from] ability: Stance Change
|move|p2a: Aegislash|Shadow Ball|p1a: Primarina
|-damage|p1a: Primarina|31/100 tox
|
|-heal|p1a: Primarina|86/100 tox|[from] move: Wish|[wisher] Jirachi
|-heal|p2a: Aegislash|80/100|[from] item: Leftovers
|-damage|p1a: Primarina|80/100 tox|[from] psn
|upkeep
|turn|24
|
|t:|1623271632
|switch|p1a: Mamoswine|Mamoswine, F|100/100
|-formechange|p2a: Aegislash|Aegislash||[from] ability: Stance Change
|move|p2a: Aegislash|King's Shield||[still]
|-fail|p2a: Aegislash
|
|-heal|p2a: Aegislash|86/100|[from] item: Leftovers
|upkeep
|turn|25
|
|t:|1623271635
|switch|p2a: Buzzwole|Buzzwole|94/100 brn
|-damage|p2a: Buzzwole|82/100 brn|[from] Stealth Rock
|move|p1a: Mamoswine|Earthquake|p2a: Buzzwole
|-resisted|p2a: Buzzwole
|-damage|p2a: Buzzwole|51/100 brn
|
|-damage|p2a: Buzzwole|45/100 brn|[from] brn
|upkeep
|turn|26
|
|t:|1623271641
|switch|p1a: Rotom|Rotom-Heat|89/100 tox
|move|p2a: Buzzwole|Roost|p2a: Buzzwole
|-heal|p2a: Buzzwole|95/100 brn
|-singleturn|p2a: Buzzwole|move: Roost
|
|-damage|p1a: Rotom|83/100 tox|[from] psn
|-damage|p2a: Buzzwole|89/100 brn|[from] brn
|upkeep
|turn|27
|
|t:|1623271649
|switch|p2a: Nihilego|Nihilego|86/100
|-damage|p2a: Nihilego|74/100|[from] Stealth Rock
|move|p1a: Rotom|Volt Switch|p2a: Nihilego
|-crit|p2a: Nihilego
|-damage|p2a: Nihilego|45/100
|
|t:|1623271653
|switch|p1a: Mamoswine|Mamoswine, F|100/100|[from]move: Volt Switch
|
|-heal|p2a: Nihilego|51/100|[from] item: Black Sludge
|upkeep
|turn|28
|
|t:|1623271667
|switch|p2a: Buzzwole|Buzzwole|89/100 brn
|-damage|p2a: Buzzwole|76/100 brn|[from] Stealth Rock
|move|p1a: Mamoswine|Icicle Crash|p2a: Buzzwole
|-damage|p2a: Buzzwole|24/100 brn
|
|-damage|p2a: Buzzwole|17/100 brn|[from] brn
|upkeep
|turn|29
|
|t:|1623271674
|switch|p1a: Rotom|Rotom-Heat|83/100 tox
|move|p2a: Buzzwole|Close Combat|p1a: Rotom
|-damage|p1a: Rotom|56/100 tox
|-unboost|p2a: Buzzwole|def|1
|-unboost|p2a: Buzzwole|spd|1
|
|-damage|p1a: Rotom|50/100 tox|[from] psn
|-damage|p2a: Buzzwole|11/100 brn|[from] brn
|upkeep
|turn|30
|j| forestcave
|
|t:|1623271678
|move|p2a: Buzzwole|Stone Edge|p1a: Rotom
|-supereffective|p1a: Rotom
|-damage|p1a: Rotom|17/100 tox
|move|p1a: Rotom|Volt Switch|p2a: Buzzwole
|-damage|p2a: Buzzwole|0 fnt
|faint|p2a: Buzzwole
|l| forestcave
|
|t:|1623271688
|switch|p1a: Mamoswine|Mamoswine, F|100/100|[from]move: Volt Switch
|
|upkeep
|
|t:|1623271694
|switch|p2a: Zarude|Zarude|100/100
|turn|31
|
|t:|1623271699
|switch|p1a: Amoonguss|Amoonguss, F|100/100
|move|p2a: Zarude|Power Whip|p1a: Amoonguss
|-resisted|p1a: Amoonguss
|-damage|p1a: Amoonguss|90/100
|
|-heal|p1a: Amoonguss|96/100|[from] item: Black Sludge
|upkeep
|turn|32
|
|t:|1623271707
|move|p2a: Zarude|U-turn|p1a: Amoonguss
|-damage|p1a: Amoonguss|78/100
|
|t:|1623271709
|switch|p2a: Nihilego|Nihilego|51/100|[from]move: U-turn
|-damage|p2a: Nihilego|39/100|[from] Stealth Rock
|move|p1a: Amoonguss|Spore|p2a: Nihilego
|-status|p2a: Nihilego|slp|[from] move: Spore
|
|-heal|p2a: Nihilego|45/100 slp|[from] item: Black Sludge
|-heal|p1a: Amoonguss|84/100|[from] item: Black Sludge
|upkeep
|turn|33
|
|t:|1623271713
|switch|p1a: Mamoswine|Mamoswine, F|100/100
|cant|p2a: Nihilego|slp
|
|-heal|p2a: Nihilego|51/100 slp|[from] item: Black Sludge
|upkeep
|turn|34
|
|t:|1623271718
|switch|p2a: Aegislash|Aegislash, F|86/100
|-damage|p2a: Aegislash|80/100|[from] Stealth Rock
|move|p1a: Mamoswine|Icicle Crash|p2a: Aegislash
|-resisted|p2a: Aegislash
|-damage|p2a: Aegislash|54/100
|
|-heal|p2a: Aegislash|60/100|[from] item: Leftovers
|upkeep
|turn|35
|
|t:|1623271739
|switch|p1a: Jirachi|Jirachi|100/100
|-formechange|p2a: Aegislash|Aegislash-Blade||[from] ability: Stance Change
|move|p2a: Aegislash|Shadow Ball|p1a: Jirachi
|-supereffective|p1a: Jirachi
|-damage|p1a: Jirachi|54/100
|
|-heal|p1a: Jirachi|60/100|[from] item: Leftovers
|-heal|p2a: Aegislash|66/100|[from] item: Leftovers
|upkeep
|turn|36
|
|t:|1623271759
|move|p1a: Jirachi|Wish|p1a: Jirachi
|move|p2a: Aegislash|Shadow Ball|p1a: Jirachi
|-supereffective|p1a: Jirachi
|-damage|p1a: Jirachi|13/100
|
|-heal|p1a: Jirachi|20/100|[from] item: Leftovers
|-heal|p2a: Aegislash|72/100|[from] item: Leftovers
|upkeep
|turn|37
|
|t:|1623271764
|move|p1a: Jirachi|Protect|p1a: Jirachi
|-singleturn|p1a: Jirachi|Protect
|move|p2a: Aegislash|Shadow Ball|p1a: Jirachi
|-activate|p1a: Jirachi|move: Protect
|
|-heal|p1a: Jirachi|69/100|[from] move: Wish|[wisher] Jirachi
|-heal|p1a: Jirachi|76/100|[from] item: Leftovers
|-heal|p2a: Aegislash|79/100|[from] item: Leftovers
|upkeep
|turn|38
|
|t:|1623271770
|switch|p2a: Zarude|Zarude|100/100
|move|p1a: Jirachi|Wish|p1a: Jirachi
|
|-heal|p1a: Jirachi|82/100|[from] item: Leftovers
|upkeep
|turn|39
|
|t:|1623271786
|switch|p1a: Primarina|Primarina, M|80/100 tox
|move|p2a: Zarude|U-turn|p1a: Primarina
|-resisted|p1a: Primarina
|-damage|p1a: Primarina|67/100 tox
|
|t:|1623271802
|switch|p2a: Aegislash|Aegislash, F|79/100|[from]move: U-turn
|-damage|p2a: Aegislash|72/100|[from] Stealth Rock
|
|-heal|p1a: Primarina|100/100 tox|[from] move: Wish|[wisher] Jirachi
|-heal|p2a: Aegislash|79/100|[from] item: Leftovers
|-damage|p1a: Primarina|94/100 tox|[from] psn
|upkeep
|turn|40
|
|t:|1623271805
|move|p2a: Aegislash|King's Shield|p2a: Aegislash
|-singleturn|p2a: Aegislash|Protect
|move|p1a: Primarina|Scald|p2a: Aegislash
|-activate|p2a: Aegislash|move: Protect
|
|-heal|p2a: Aegislash|85/100|[from] item: Leftovers
|-damage|p1a: Primarina|82/100 tox|[from] psn
|upkeep
|turn|41
|
|t:|1623271810
|switch|p2a: Zarude|Zarude|100/100
|move|p1a: Primarina|Scald|p2a: Zarude
|-resisted|p2a: Zarude
|-damage|p2a: Zarude|64/100
|-status|p2a: Zarude|brn
|
|-damage|p1a: Primarina|64/100 tox|[from] psn
|-damage|p2a: Zarude|58/100 brn|[from] brn
|upkeep
|turn|42
|
|t:|1623271820
|switch|p1a: Amoonguss|Amoonguss, F|100/100
|move|p2a: Zarude|Jungle Healing|p2a: Zarude
|-heal|p2a: Zarude|83/100 brn
|-curestatus|p2a: Zarude|brn|[msg]
|
|upkeep
|turn|43
|
|t:|1623271829
|move|p2a: Zarude|U-turn|p1a: Amoonguss
|-damage|p1a: Amoonguss|83/100
|
|t:|1623271832
|switch|p2a: Nihilego|Nihilego|51/100 slp|[from]move: U-turn
|-damage|p2a: Nihilego|39/100 slp|[from] Stealth Rock
|move|p1a: Amoonguss|Giga Drain|p2a: Nihilego
|-damage|p2a: Nihilego|22/100 slp
|-heal|p1a: Amoonguss|90/100|[from] drain|[of] p2a: Nihilego
|
|-heal|p2a: Nihilego|28/100 slp|[from] item: Black Sludge
|-heal|p1a: Amoonguss|96/100|[from] item: Black Sludge
|upkeep
|turn|44
|
|t:|1623271836
|cant|p2a: Nihilego|slp
|move|p1a: Amoonguss|Giga Drain|p2a: Nihilego
|-damage|p2a: Nihilego|12/100 slp
|-heal|p1a: Amoonguss|100/100|[from] drain|[of] p2a: Nihilego
|
|-heal|p2a: Nihilego|18/100 slp|[from] item: Black Sludge
|upkeep
|turn|45
|j| Minuit215
|
|t:|1623271842
|cant|p2a: Nihilego|slp
|move|p1a: Amoonguss|Giga Drain|p2a: Nihilego
|-damage|p2a: Nihilego|1/100 slp
|
|-heal|p2a: Nihilego|7/100 slp|[from] item: Black Sludge
|upkeep
|turn|46
|
|t:|1623271845
|-curestatus|p2a: Nihilego|slp|[msg]
|move|p2a: Nihilego|Stealth Rock|p1a: Amoonguss
|-sidestart|p1: Kla0Trixx|move: Stealth Rock
|move|p1a: Amoonguss|Giga Drain|p2a: Nihilego
|-damage|p2a: Nihilego|0 fnt
|faint|p2a: Nihilego
|
|upkeep
|
|t:|1623271849
|switch|p2a: Salamence|Salamence, M|69/100
|-ability|p2a: Salamence|Intimidate|boost
|-unboost|p1a: Amoonguss|atk|1
|turn|47
|
|t:|1623271854
|move|p2a: Salamence|Flamethrower|p1a: Amoonguss
|-supereffective|p1a: Amoonguss
|-damage|p1a: Amoonguss|55/100
|move|p1a: Amoonguss|Spore|p2a: Salamence
|-status|p2a: Salamence|slp|[from] move: Spore
|
|-heal|p1a: Amoonguss|61/100|[from] item: Black Sludge
|upkeep
|turn|48
|
|t:|1623271864
|switch|p1a: Rotom|Rotom-Heat|17/100 tox
|cant|p2a: Salamence|slp
|
|-damage|p1a: Rotom|11/100 tox|[from] psn
|upkeep
|turn|49
|
|t:|1623271869
|cant|p2a: Salamence|slp
|move|p1a: Rotom|Pain Split|p2a: Salamence
|-sethp|p2a: Salamence|39/100 slp|[from] move: Pain Split|[silent]
|-sethp|p1a: Rotom|50/100 tox|[from] move: Pain Split
|
|-damage|p1a: Rotom|38/100 tox|[from] psn
|upkeep
|turn|50
|
|t:|1623271878
|-curestatus|p2a: Salamence|slp|[msg]
|move|p2a: Salamence|Roost|p2a: Salamence
|-heal|p2a: Salamence|89/100
|-singleturn|p2a: Salamence|move: Roost
|move|p1a: Rotom|Volt Switch|p2a: Salamence
|-resisted|p2a: Salamence
|-damage|p2a: Salamence|76/100
|
|t:|1623271882
|switch|p1a: Mamoswine|Mamoswine, F|100/100|[from]move: Volt Switch
|-damage|p1a: Mamoswine|88/100|[from] Stealth Rock
|
|upkeep
|turn|51
|
|t:|1623271897
|switch|p2a: Aegislash|Aegislash, F|85/100
|-damage|p2a: Aegislash|79/100|[from] Stealth Rock
|move|p1a: Mamoswine|Icicle Crash|p2a: Aegislash|[miss]
|-miss|p1a: Mamoswine|p2a: Aegislash
|
|-heal|p2a: Aegislash|85/100|[from] item: Leftovers
|upkeep
|turn|52
|
|t:|1623271904
|switch|p1a: Amoonguss|Amoonguss, F|94/100
|-damage|p1a: Amoonguss|81/100|[from] Stealth Rock
|-formechange|p2a: Aegislash|Aegislash-Blade||[from] ability: Stance Change
|move|p2a: Aegislash|Shadow Ball|p1a: Amoonguss
|-damage|p1a: Amoonguss|45/100
|-unboost|p1a: Amoonguss|spd|1
|
|-heal|p2a: Aegislash|91/100|[from] item: Leftovers
|-heal|p1a: Amoonguss|51/100|[from] item: Black Sludge
|upkeep
|turn|53
|
|t:|1623271921
|switch|p1a: Jirachi|Jirachi|82/100
|-damage|p1a: Jirachi|76/100|[from] Stealth Rock
|move|p2a: Aegislash|Shadow Ball|p1a: Jirachi
|-supereffective|p1a: Jirachi
|-damage|p1a: Jirachi|31/100
|
|-heal|p1a: Jirachi|37/100|[from] item: Leftovers
|-heal|p2a: Aegislash|97/100|[from] item: Leftovers
|upkeep
|turn|54
|l| Minuit215
|j| PLL02 Elodie
|inactive|UULT84z Drei has 120 seconds left.
|
|t:|1623271954
|move|p1a: Jirachi|Protect|p1a: Jirachi
|-singleturn|p1a: Jirachi|Protect
|move|p2a: Aegislash|Shadow Ball|p1a: Jirachi
|-activate|p1a: Jirachi|move: Protect
|
|-heal|p1a: Jirachi|43/100|[from] item: Leftovers
|-heal|p2a: Aegislash|100/100|[from] item: Leftovers
|upkeep
|turn|55
|
|t:|1623271978
|switch|p1a: Amoonguss|Amoonguss, F|84/100
|-damage|p1a: Amoonguss|72/100|[from] Stealth Rock
|move|p2a: Aegislash|Shadow Ball|p1a: Amoonguss
|-crit|p1a: Amoonguss
|-damage|p1a: Amoonguss|20/100
|
|-heal|p1a: Amoonguss|26/100|[from] item: Black Sludge
|upkeep
|turn|56
|inactive|UULT84z Drei has 120 seconds left.
|
|t:|1623272000
|switch|p1a: Rotom|Rotom-Heat|38/100 tox
|move|p2a: Aegislash|Shadow Ball|p1a: Rotom
|-damage|p1a: Rotom|2/100 tox
|
|-damage|p1a: Rotom|0 fnt|[from] psn
|faint|p1a: Rotom
|upkeep
|
|t:|1623272003
|switch|p1a: Amoonguss|Amoonguss, F|59/100
|-damage|p1a: Amoonguss|46/100|[from] Stealth Rock
|turn|57
|
|t:|1623272005
|move|p2a: Aegislash|Shadow Ball|p1a: Amoonguss
|-damage|p1a: Amoonguss|12/100
|move|p1a: Amoonguss|Synthesis|p1a: Amoonguss
|-heal|p1a: Amoonguss|62/100
|
|-heal|p1a: Amoonguss|68/100|[from] item: Black Sludge
|upkeep
|turn|58
|
|t:|1623272008
|move|p2a: Aegislash|Shadow Ball|p1a: Amoonguss
|-damage|p1a: Amoonguss|32/100
|move|p1a: Amoonguss|Synthesis|p1a: Amoonguss
|-heal|p1a: Amoonguss|81/100
|
|-heal|p1a: Amoonguss|88/100|[from] item: Black Sludge
|upkeep
|turn|59
|
|t:|1623272011
|switch|p2a: Salamence|Salamence, M|76/100
|-ability|p2a: Salamence|Intimidate|boost
|-unboost|p1a: Amoonguss|atk|1
|move|p1a: Amoonguss|Spore|p2a: Salamence
|-status|p2a: Salamence|slp|[from] move: Spore
|
|-heal|p1a: Amoonguss|94/100|[from] item: Black Sludge
|upkeep
|turn|60
|
|t:|1623272017
|switch|p1a: Mamoswine|Mamoswine, F|88/100
|-damage|p1a: Mamoswine|76/100|[from] Stealth Rock
|cant|p2a: Salamence|slp
|
|upkeep
|turn|61
|
|t:|1623272029
|switch|p2a: Zarude|Zarude|83/100
|move|p1a: Mamoswine|Earthquake|p2a: Zarude
|-resisted|p2a: Zarude
|-damage|p2a: Zarude|44/100
|
|upkeep
|turn|62
|
|t:|1623272035
|switch|p1a: Amoonguss|Amoonguss, F|100/100
|-damage|p1a: Amoonguss|88/100|[from] Stealth Rock
|move|p2a: Zarude|U-turn|p1a: Amoonguss
|-damage|p1a: Amoonguss|70/100
|
|t:|1623272038
|switch|p2a: Lycanroc|Lycanroc-Dusk, F|100/100|[from]move: U-turn
|-damage|p2a: Lycanroc|88/100|[from] Stealth Rock
|
|-heal|p1a: Amoonguss|76/100|[from] item: Black Sludge
|upkeep
|turn|63
|j| forestcave
|
|t:|1623272043
|move|p2a: Lycanroc|Psychic Fangs|p1a: Amoonguss
|-supereffective|p1a: Amoonguss
|-damage|p1a: Amoonguss|13/100
|-damage|p2a: Lycanroc|78/100|[from] item: Life Orb
|move|p1a: Amoonguss|Giga Drain|p2a: Lycanroc
|-supereffective|p2a: Lycanroc
|-damage|p2a: Lycanroc|7/100
|-heal|p1a: Amoonguss|37/100|[from] drain|[of] p2a: Lycanroc
|
|-heal|p1a: Amoonguss|43/100|[from] item: Black Sludge
|upkeep
|turn|64
|
|t:|1623272051
|switch|p1a: Jirachi|Jirachi|43/100
|-damage|p1a: Jirachi|37/100|[from] Stealth Rock
|move|p2a: Lycanroc|Close Combat|p1a: Jirachi
|-damage|p1a: Jirachi|0 fnt
|-unboost|p2a: Lycanroc|def|1
|-unboost|p2a: Lycanroc|spd|1
|faint|p1a: Jirachi
|-damage|p2a: Lycanroc|0 fnt|[from] item: Life Orb
|faint|p2a: Lycanroc
|
|upkeep
|
|t:|1623272059
|switch|p2a: Zarude|Zarude|44/100
|switch|p1a: Mamoswine|Mamoswine, F|76/100
|-damage|p1a: Mamoswine|63/100|[from] Stealth Rock
|turn|65
|
|t:|1623272063
|switch|p2a: Aegislash|Aegislash, F|100/100
|-damage|p2a: Aegislash|94/100|[from] Stealth Rock
|move|p1a: Mamoswine|Ice Shard|p2a: Aegislash
|-resisted|p2a: Aegislash
|-damage|p2a: Aegislash|81/100
|
|-heal|p2a: Aegislash|87/100|[from] item: Leftovers
|upkeep
|turn|66
|
|t:|1623272078
|switch|p1a: Amoonguss|Amoonguss, F|76/100
|-damage|p1a: Amoonguss|64/100|[from] Stealth Rock
|-formechange|p2a: Aegislash|Aegislash-Blade||[from] ability: Stance Change
|move|p2a: Aegislash|Shadow Ball|p1a: Amoonguss
|-damage|p1a: Amoonguss|29/100
|
|-heal|p2a: Aegislash|93/100|[from] item: Leftovers
|-heal|p1a: Amoonguss|35/100|[from] item: Black Sludge
|upkeep
|turn|67
|
|t:|1623272089
|switch|p1a: Primarina|Primarina, M|64/100 tox
|-damage|p1a: Primarina|52/100 tox|[from] Stealth Rock
|move|p2a: Aegislash|Shadow Ball|p1a: Primarina
|-damage|p1a: Primarina|22/100 tox
|-unboost|p1a: Primarina|spd|1
|
|-heal|p2a: Aegislash|99/100|[from] item: Leftovers
|-damage|p1a: Primarina|16/100 tox|[from] psn
|upkeep
|turn|68
|
|t:|1623272100
|-formechange|p2a: Aegislash|Aegislash||[from] ability: Stance Change
|move|p2a: Aegislash|King's Shield|p2a: Aegislash
|-singleturn|p2a: Aegislash|Protect
|move|p1a: Primarina|Flip Turn|p2a: Aegislash
|-activate|p2a: Aegislash|move: Protect
|-unboost|p1a: Primarina|atk|1
|
|-heal|p2a: Aegislash|100/100|[from] item: Leftovers
|-damage|p1a: Primarina|4/100 tox|[from] psn
|upkeep
|turn|69
|
|t:|1623272107
|-formechange|p2a: Aegislash|Aegislash-Blade||[from] ability: Stance Change
|move|p2a: Aegislash|Shadow Ball|p1a: Primarina
|-damage|p1a: Primarina|0 fnt
|faint|p1a: Primarina
|
|upkeep
|
|t:|1623272126
|switch|p1a: Mamoswine|Mamoswine, F|63/100
|-damage|p1a: Mamoswine|51/100|[from] Stealth Rock
|turn|70
|
|t:|1623272130
|-formechange|p2a: Aegislash|Aegislash||[from] ability: Stance Change
|move|p2a: Aegislash|King's Shield|p2a: Aegislash
|-singleturn|p2a: Aegislash|Protect
|move|p1a: Mamoswine|Earthquake|p2a: Aegislash
|-activate|p2a: Aegislash|move: Protect
|
|upkeep
|turn|71
|
|t:|1623272133
|switch|p1a: Amoonguss|Amoonguss, F|68/100
|-damage|p1a: Amoonguss|55/100|[from] Stealth Rock
|switch|p2a: Salamence|Salamence, M|76/100 slp
|-ability|p2a: Salamence|Intimidate|boost
|-unboost|p1a: Amoonguss|atk|1
|
|-heal|p1a: Amoonguss|62/100|[from] item: Black Sludge
|upkeep
|turn|72
|
|t:|1623272143
|switch|p1a: Mamoswine|Mamoswine, F|51/100
|-damage|p1a: Mamoswine|38/100|[from] Stealth Rock
|-curestatus|p2a: Salamence|slp|[msg]
|move|p2a: Salamence|Flamethrower|p1a: Mamoswine
|-supereffective|p1a: Mamoswine
|-damage|p1a: Mamoswine|7/100
|
|upkeep
|turn|73
|
|t:|1623272153
|switch|p2a: Zarude|Zarude|44/100
|move|p1a: Mamoswine|Icicle Crash|p2a: Zarude
|-supereffective|p2a: Zarude
|-damage|p2a: Zarude|0 fnt
|faint|p2a: Zarude
|
|upkeep
|
|t:|1623272160
|switch|p2a: Salamence|Salamence, M|76/100
|-ability|p2a: Salamence|Intimidate|boost
|-unboost|p1a: Mamoswine|atk|1
|turn|74
|
|t:|1623272163
|move|p2a: Salamence|Flamethrower|p1a: Mamoswine
|-supereffective|p1a: Mamoswine
|-damage|p1a: Mamoswine|0 fnt
|faint|p1a: Mamoswine
|
|upkeep
|
|t:|1623272165
|switch|p1a: Amoonguss|Amoonguss, F|95/100
|-damage|p1a: Amoonguss|82/100|[from] Stealth Rock
|turn|75
|l| Totem skarm
|
|t:|1623272171
|move|p2a: Salamence|Flamethrower|p1a: Amoonguss
|-supereffective|p1a: Amoonguss
|-damage|p1a: Amoonguss|38/100
|-status|p1a: Amoonguss|brn
|move|p1a: Amoonguss|Spore|p2a: Salamence
|-status|p2a: Salamence|slp|[from] move: Spore
|
|-heal|p1a: Amoonguss|44/100 brn|[from] item: Black Sludge
|-damage|p1a: Amoonguss|38/100 brn|[from] brn
|upkeep
|turn|76
|
|t:|1623272174
|cant|p2a: Salamence|slp
|move|p1a: Amoonguss|Synthesis|p1a: Amoonguss
|-heal|p1a: Amoonguss|88/100 brn
|
|-heal|p1a: Amoonguss|94/100 brn|[from] item: Black Sludge
|-damage|p1a: Amoonguss|88/100 brn|[from] brn
|upkeep
|turn|77
|
|t:|1623272181
|-curestatus|p2a: Salamence|slp|[msg]
|move|p2a: Salamence|Flamethrower|p1a: Amoonguss
|-supereffective|p1a: Amoonguss
|-damage|p1a: Amoonguss|43/100 brn
|move|p1a: Amoonguss|Sludge Bomb|p2a: Salamence
|-damage|p2a: Salamence|48/100
|
|-heal|p1a: Amoonguss|49/100 brn|[from] item: Black Sludge
|-damage|p1a: Amoonguss|43/100 brn|[from] brn
|upkeep
|turn|78
|l| Ren Koha
|
|t:|1623272187
|move|p2a: Salamence|Draco Meteor|p1a: Amoonguss
|-damage|p1a: Amoonguss|0 fnt
|-unboost|p2a: Salamence|spa|2
|faint|p1a: Amoonguss
|
|win|UULT84z Drei
|raw|Kla0Trixx's rating: 1607 &rarr; <strong>1578</strong><br />(-29 for losing)
|raw|UULT84z Drei's rating: 1432 &rarr; <strong>1461</strong><br />(+29 for winning)
|l|☆Kla0Trixx
|j| pif
