|j|☆EliotEnRetar
|j|☆z-trousselin
|t:|1607416107
|player|p1|EliotEnRetar|falkner|1446
|player|p2|z-trousselin|teacher-gen2|1444
|teamsize|p1|6
|teamsize|p2|6
|gametype|singles
|gen|8
|tier|[Gen 8] UU
|rated|
|clearpoke
|poke|p1|Rotom-Heat|
|poke|p1|Mamoswine, F|
|poke|p1|Gyarados, F|
|poke|p1|Jirachi|
|poke|p1|Roserade, F|
|poke|p1|Zeraora|
|poke|p2|Zygarde-10%|
|poke|p2|Celesteela|
|poke|p2|Terrakion|
|poke|p2|Latias, F|
|poke|p2|Azumarill, M|
|poke|p2|Amoonguss, M|
|rule|Sleep Clause Mod: Limit one foe put to sleep
|rule|Species Clause: Limit one of each Pokémon
|rule|OHKO Clause: OHKO moves are banned
|rule|Evasion Moves Clause: Evasion moves are banned
|rule|Endless Battle Clause: Forcing endless battles is banned
|rule|HP Percentage Mod: HP is shown in percentages
|rule|Dynamax Clause: You cannot dynamax
|teampreview
|
|t:|1607416134
|start
|switch|p1a: Schlaguetho|Zeraora|100/100
|switch|p2a: Terrakion|Terrakion|100/100
|turn|1
|
|t:|1607416148
|switch|p2a: Amoonguss|Amoonguss, M|100/100
|move|p1a: Schlaguetho|Play Rough|p2a: Amoonguss
|-resisted|p2a: Amoonguss
|-damage|p2a: Amoonguss|90/100
|-damage|p1a: Schlaguetho|84/100|[from] item: Rocky Helmet|[of] p2a: Amoonguss
|
|upkeep
|turn|2
|
|t:|1607416161
|move|p1a: Schlaguetho|Volt Switch|p2a: Amoonguss
|-resisted|p2a: Amoonguss
|-damage|p2a: Amoonguss|80/100
|j| Lich Wiz
|
|t:|1607416177
|switch|p1a: Don|Roserade, F|100/100|[from]move: Volt Switch
|move|p2a: Amoonguss|Sludge Bomb|p1a: Don
|-crit|p1a: Don
|-damage|p1a: Don|51/100
|
|upkeep
|turn|3
|
|t:|1607416195
|switch|p1a: Schlaguetho|Zeraora|84/100
|switch|p2a: Celesteela|Celesteela|100/100
|
|upkeep
|turn|4
|
|t:|1607416203
|switch|p2a: Zygarde|Zygarde-10%|100/100
|-ability|p2a: Zygarde|Aura Break
|move|p1a: Schlaguetho|Volt Switch|p2a: Zygarde
|-immune|p2a: Zygarde
|
|upkeep
|turn|5
|
|t:|1607416212
|switch|p2a: Amoonguss|Amoonguss, M|100/100
|move|p1a: Schlaguetho|Play Rough|p2a: Amoonguss
|-resisted|p2a: Amoonguss
|-damage|p2a: Amoonguss|91/100
|-damage|p1a: Schlaguetho|67/100|[from] item: Rocky Helmet|[of] p2a: Amoonguss
|
|upkeep
|turn|6
|
|t:|1607416220
|move|p1a: Schlaguetho|Volt Switch|p2a: Amoonguss
|-resisted|p2a: Amoonguss
|-damage|p2a: Amoonguss|80/100
|
|t:|1607416224
|switch|p1a: Boom|Mamoswine, F|100/100|[from]move: Volt Switch
|move|p2a: Amoonguss|Sludge Bomb|p1a: Boom
|-resisted|p1a: Boom
|-damage|p1a: Boom|80/100
|
|upkeep
|turn|7
|
|t:|1607416235
|switch|p2a: Azumarill|Azumarill, M|100/100
|move|p1a: Boom|Knock Off|p2a: Azumarill
|-resisted|p2a: Azumarill
|-damage|p2a: Azumarill|69/100
|-enditem|p2a: Azumarill|Mystic Water|[from] move: Knock Off|[of] p1a: Boom
|-damage|p1a: Boom|70/100|[from] item: Life Orb
|
|upkeep
|turn|8
|
|t:|1607416260
|switch|p1a: Jean-Crack|Gyarados, F|100/100
|move|p2a: Azumarill|Aqua Jet|p1a: Jean-Crack
|-resisted|p1a: Jean-Crack
|-damage|p1a: Jean-Crack|83/100
|
|upkeep
|turn|9
|
|t:|1607416280
|switch|p2a: Celesteela|Celesteela|100/100
|move|p1a: Jean-Crack|Dragon Dance|p1a: Jean-Crack
|-boost|p1a: Jean-Crack|atk|1
|-boost|p1a: Jean-Crack|spe|1
|
|upkeep
|turn|10
|
|t:|1607416290
|move|p1a: Jean-Crack|Dragon Dance|p1a: Jean-Crack
|-boost|p1a: Jean-Crack|atk|1
|-boost|p1a: Jean-Crack|spe|1
|move|p2a: Celesteela|Leech Seed|p1a: Jean-Crack
|-start|p1a: Jean-Crack|move: Leech Seed
|
|-damage|p1a: Jean-Crack|71/100|[from] Leech Seed|[of] p2a: Celesteela
|upkeep
|turn|11
|
|t:|1607416298
|switch|p2a: Amoonguss|Amoonguss, M|100/100
|move|p1a: Jean-Crack|Dragon Dance|p1a: Jean-Crack
|-boost|p1a: Jean-Crack|atk|1
|-boost|p1a: Jean-Crack|spe|1
|
|-damage|p1a: Jean-Crack|59/100|[from] Leech Seed|[of] p2a: Amoonguss
|upkeep
|turn|12
|
|t:|1607416308
|move|p1a: Jean-Crack|Bounce||[still]
|-prepare|p1a: Jean-Crack|Bounce
|move|p2a: Amoonguss|Giga Drain|p1a: Jean-Crack|[miss]
|-miss|p2a: Amoonguss|p1a: Jean-Crack
|
|-damage|p1a: Jean-Crack|46/100|[from] Leech Seed|[of] p2a: Amoonguss
|upkeep
|turn|13
|
|t:|1607416314
|switch|p2a: Celesteela|Celesteela|100/100
|move|p1a: Jean-Crack|Bounce|p2a: Celesteela|[from]lockedmove
|-resisted|p2a: Celesteela
|-damage|p2a: Celesteela|59/100
|
|-heal|p2a: Celesteela|65/100|[from] item: Leftovers
|-damage|p1a: Jean-Crack|34/100|[from] Leech Seed|[of] p2a: Celesteela
|-heal|p2a: Celesteela|76/100|[silent]
|upkeep
|turn|14
|
|t:|1607416324
|switch|p1a: CauetBurger|Rotom-Heat|100/100
|move|p2a: Celesteela|Protect||[still]
|-fail|p2a: Celesteela
|
|-heal|p2a: Celesteela|82/100|[from] item: Leftovers
|upkeep
|turn|15
|
|t:|1607416340
|move|p2a: Celesteela|Protect|p2a: Celesteela
|-singleturn|p2a: Celesteela|Protect
|move|p1a: CauetBurger|Overheat|p2a: Celesteela
|-activate|p2a: Celesteela|move: Protect
|
|-heal|p2a: Celesteela|88/100|[from] item: Leftovers
|upkeep
|turn|16
|
|t:|1607416350
|switch|p2a: Latias|Latias, F|100/100
|move|p1a: CauetBurger|Volt Switch|p2a: Latias
|-resisted|p2a: Latias
|-damage|p2a: Latias|88/100
|
|t:|1607416359
|switch|p1a: Roulette|Jirachi|100/100|[from]move: Volt Switch
|
|upkeep
|turn|17
|
|t:|1607416366
|switch|p2a: Amoonguss|Amoonguss, M|100/100
|move|p1a: Roulette|Thunder Wave|p2a: Amoonguss
|-status|p2a: Amoonguss|par
|
|upkeep
|turn|18
|
|t:|1607416374
|move|p1a: Roulette|Wish|p1a: Roulette
|move|p2a: Amoonguss|Spore|p1a: Roulette
|-status|p1a: Roulette|slp|[from] move: Spore
|
|upkeep
|turn|19
|
|t:|1607416388
|switch|p1a: Don|Roserade, F|51/100
|move|p2a: Amoonguss|Giga Drain|p1a: Don
|-resisted|p1a: Don
|-damage|p1a: Don|44/100
|
|-heal|p1a: Don|100/100|[from] move: Wish|[wisher] Roulette
|upkeep
|turn|20
|
|t:|1607416411
|switch|p2a: Celesteela|Celesteela|88/100
|move|p1a: Don|Shadow Ball|p2a: Celesteela
|-damage|p2a: Celesteela|62/100
|
|-heal|p2a: Celesteela|68/100|[from] item: Leftovers
|upkeep
|turn|21
|
|t:|1607416422
|switch|p1a: CauetBurger|Rotom-Heat|100/100
|move|p2a: Celesteela|Leech Seed|p1a: CauetBurger
|-start|p1a: CauetBurger|move: Leech Seed
|
|-heal|p2a: Celesteela|74/100|[from] item: Leftovers
|-damage|p1a: CauetBurger|88/100|[from] Leech Seed|[of] p2a: Celesteela
|-heal|p2a: Celesteela|84/100|[silent]
|upkeep
|turn|22
|
|t:|1607416430
|switch|p1a: Don|Roserade, F|100/100
|move|p2a: Celesteela|Protect||[still]
|-fail|p2a: Celesteela
|
|-heal|p2a: Celesteela|90/100|[from] item: Leftovers
|upkeep
|turn|23
|
|t:|1607416436
|move|p1a: Don|Shadow Ball|p2a: Celesteela
|-damage|p2a: Celesteela|64/100
|move|p2a: Celesteela|Heavy Slam|p1a: Don
|-damage|p1a: Don|18/100
|
|-heal|p2a: Celesteela|70/100|[from] item: Leftovers
|upkeep
|turn|24
|
|t:|1607416446
|move|p1a: Don|Shadow Ball|p2a: Celesteela
|-damage|p2a: Celesteela|45/100
|move|p2a: Celesteela|Heavy Slam|p1a: Don
|-damage|p1a: Don|0 fnt
|faint|p1a: Don
|-ability|p2a: Celesteela|Beast Boost|boost
|-boost|p2a: Celesteela|spd|1
|
|-heal|p2a: Celesteela|51/100|[from] item: Leftovers
|upkeep
|
|t:|1607416456
|switch|p1a: Schlaguetho|Zeraora|67/100
|turn|25
|
|t:|1607416460
|move|p2a: Celesteela|Protect|p2a: Celesteela
|-singleturn|p2a: Celesteela|Protect
|move|p1a: Schlaguetho|Volt Switch|p2a: Celesteela
|-activate|p2a: Celesteela|move: Protect
|
|-heal|p2a: Celesteela|57/100|[from] item: Leftovers
|upkeep
|turn|26
|
|t:|1607416473
|switch|p2a: Amoonguss|Amoonguss, M|100/100 par
|move|p1a: Schlaguetho|Volt Switch|p2a: Amoonguss
|-resisted|p2a: Amoonguss
|-damage|p2a: Amoonguss|91/100 par
|
|t:|1607416480
|switch|p1a: Roulette|Jirachi|100/100 slp|[from]move: Volt Switch
|
|upkeep
|turn|27
|
|t:|1607416487
|switch|p2a: Zygarde|Zygarde-10%|100/100
|-ability|p2a: Zygarde|Aura Break
|cant|p1a: Roulette|slp
|
|upkeep
|turn|28
|
|t:|1607416494
|move|p2a: Zygarde|Thousand Arrows|p1a: Roulette
|-supereffective|p1a: Roulette
|-damage|p1a: Roulette|5/100 slp
|cant|p1a: Roulette|slp
|
|-heal|p1a: Roulette|11/100 slp|[from] item: Leftovers
|upkeep
|turn|29
|j| Web-Ditto Explorer
|
|t:|1607416515
|move|p2a: Zygarde|Thousand Arrows|p1a: Roulette
|-supereffective|p1a: Roulette
|-damage|p1a: Roulette|0 fnt
|faint|p1a: Roulette
|
|upkeep
|
|t:|1607416520
|switch|p1a: Boom|Mamoswine, F|70/100
|turn|30
|
|t:|1607416533
|move|p2a: Zygarde|Thousand Arrows|p1a: Boom
|-crit|p1a: Boom
|-damage|p1a: Boom|0 fnt
|faint|p1a: Boom
|
|upkeep
|c|☆z-trousselin|t'es nul
|c|☆EliotEnRetar|ftg grosse merde
|c|☆z-trousselin|dsl
|-message|EliotEnRetar forfeited.
|
|win|z-trousselin
|l|☆EliotEnRetar
|raw|EliotEnRetar's rating: 1446 &rarr; <strong>1426</strong><br />(-20 for losing)
|raw|z-trousselin's rating: 1444 &rarr; <strong>1464</strong><br />(+20 for winning)
|l|☆z-trousselin
|l| Web-Ditto Explorer
