|j|☆esqimo589
|j|☆amogusroxyrrrr
|t:|1662914824
|gametype|singles
|player|p1|esqimo589|n|
|player|p2|amogusroxyrrrr|scientistf|
|teamsize|p1|6
|teamsize|p2|6
|gen|8
|tier|[Gen 8] UU
|rule|Sleep Clause Mod: Limit one foe put to sleep
|rule|Species Clause: Limit one of each Pokémon
|rule|OHKO Clause: OHKO moves are banned
|rule|Evasion Items Clause: Evasion items are banned
|rule|Evasion Moves Clause: Evasion moves are banned
|rule|Endless Battle Clause: Forcing endless battles is banned
|rule|HP Percentage Mod: HP is shown in percentages
|rule|Dynamax Clause: You cannot dynamax
|clearpoke
|poke|p1|Torkoal, M|
|poke|p1|Xatu, F|
|poke|p1|Slowking, M|
|poke|p1|Heliolisk, F|
|poke|p1|Darmanitan, M|
|poke|p1|Venusaur, F|
|poke|p2|Regice|
|poke|p2|Salamence, M|
|poke|p2|Jirachi|
|poke|p2|Hippowdon, F|
|poke|p2|Tangrowth, M|
|poke|p2|Diggersby, F|
|teampreview
|inactive|Battle timer is ON: inactive players will automatically lose when time's up. (requested by esqimo589)
|c|☆amogusroxyrrrr|"fuck rain im going sun"
|c|☆esqimo589|:)
|c|☆esqimo589|screw rain, sun is my new bset friend
|
|t:|1662914854
|start
|switch|p1a: s u n|Torkoal, M|100/100
|switch|p2a: merits a carrot?|Diggersby, F|100/100
|-weather|SunnyDay|[from] ability: Drought|[of] p1a: s u n
|turn|1
|
|t:|1662914865
|move|p2a: merits a carrot?|Body Slam|p1a: s u n
|-damage|p1a: s u n|71/100
|move|p1a: s u n|Yawn|p2a: merits a carrot?
|-start|p2a: merits a carrot?|move: Yawn|[of] p1a: s u n
|
|-weather|SunnyDay|[upkeep]
|upkeep
|turn|2
|
|t:|1662914880
|switch|p2a: hip(pos) dont lie|Hippowdon, F|100/100
|-weather|Sandstorm|[from] ability: Sand Stream|[of] p2a: hip(pos) dont lie
|switch|p1a: monke|Darmanitan, M|100/100
|
|-weather|Sandstorm|[upkeep]
|-damage|p1a: monke|95/100|[from] Sandstorm
|upkeep
|turn|3
|
|t:|1662914887
|switch|p1a: s u n|Torkoal, M|71/100
|-weather|SunnyDay|[from] ability: Drought|[of] p1a: s u n
|move|p2a: hip(pos) dont lie|Stealth Rock|p1a: s u n
|-sidestart|p1: esqimo589|move: Stealth Rock
|
|-weather|SunnyDay|[upkeep]
|upkeep
|turn|4
|
|t:|1662914896
|move|p2a: hip(pos) dont lie|Toxic|p1a: s u n
|-status|p1a: s u n|tox
|move|p1a: s u n|Rapid Spin|p2a: hip(pos) dont lie
|-damage|p2a: hip(pos) dont lie|94/100
|-boost|p1a: s u n|spe|1
|-sideend|p1: esqimo589|Stealth Rock|[from] move: Rapid Spin|[of] p1a: s u n
|
|-weather|SunnyDay|[upkeep]
|-heal|p2a: hip(pos) dont lie|100/100|[from] item: Leftovers
|-damage|p1a: s u n|65/100 tox|[from] psn
|upkeep
|turn|5
|
|t:|1662914902
|switch|p2a: airy scary|Salamence, M|100/100
|-ability|p2a: airy scary|Intimidate|boost
|-unboost|p1a: s u n|atk|1
|switch|p1a: right back at ya|Xatu, F|100/100
|
|-weather|SunnyDay|[upkeep]
|upkeep
|turn|6
|
|t:|1662914909
|switch|p2a: hip(pos) dont lie|Hippowdon, F|100/100
|-weather|Sandstorm|[from] ability: Sand Stream|[of] p2a: hip(pos) dont lie
|move|p1a: right back at ya|U-turn|p2a: hip(pos) dont lie
|-damage|p2a: hip(pos) dont lie|92/100
|
|t:|1662914915
|switch|p1a: AAAAAAAAAAAAAAA|Heliolisk, F|100/100|[from]move: U-turn
|
|-weather|Sandstorm|[upkeep]
|-damage|p1a: AAAAAAAAAAAAAAA|94/100|[from] Sandstorm
|-heal|p2a: hip(pos) dont lie|98/100|[from] item: Leftovers
|upkeep
|turn|7
|c|☆amogusroxyrrrr|genuine question
|c|☆amogusroxyrrrr|why u turn over teleport?
|c|☆esqimo589|uhhh
|c|☆esqimo589|i dont know i made this team ages ago
|c|☆amogusroxyrrrr|fair enough
|
|t:|1662914942
|switch|p2a: tang ur wang|Tangrowth, M|100/100
|move|p1a: AAAAAAAAAAAAAAA|Grass Knot|p2a: tang ur wang
|-resisted|p2a: tang ur wang
|-damage|p2a: tang ur wang|90/100
|
|-weather|Sandstorm|[upkeep]
|-damage|p1a: AAAAAAAAAAAAAAA|88/100|[from] Sandstorm
|-damage|p2a: tang ur wang|83/100|[from] Sandstorm
|upkeep
|turn|8
|
|t:|1662914953
|move|p1a: AAAAAAAAAAAAAAA|Volt Switch|p2a: tang ur wang
|-resisted|p2a: tang ur wang
|-damage|p2a: tang ur wang|71/100
|
|t:|1662914961
|switch|p1a: right back at ya|Xatu, F|100/100|[from]move: Volt Switch
|move|p2a: tang ur wang|Knock Off|p1a: right back at ya
|-supereffective|p1a: right back at ya
|-damage|p1a: right back at ya|57/100
|-enditem|p1a: right back at ya|Heavy-Duty Boots|[from] move: Knock Off|[of] p2a: tang ur wang
|
|-weather|Sandstorm|[upkeep]
|-damage|p1a: right back at ya|51/100|[from] Sandstorm
|-damage|p2a: tang ur wang|65/100|[from] Sandstorm
|upkeep
|turn|9
|
|t:|1662914974
|switch|p2a: flinch by inch|Jirachi|100/100
|move|p1a: right back at ya|Toxic|p2a: flinch by inch
|-immune|p2a: flinch by inch
|
|-weather|Sandstorm|[upkeep]
|-damage|p1a: right back at ya|45/100|[from] Sandstorm
|upkeep
|turn|10
|
|t:|1662914982
|move|p2a: flinch by inch|U-turn|p1a: right back at ya
|-damage|p1a: right back at ya|30/100
|
|t:|1662914986
|switch|p2a: jim|Regice, shiny|100/100|[from]move: U-turn
|move|p1a: right back at ya|U-turn|p2a: jim
|-damage|p2a: jim|91/100
|
|t:|1662914992
|switch|p1a: s u n|Torkoal, M|65/100 tox|[from]move: U-turn
|-weather|SunnyDay|[from] ability: Drought|[of] p1a: s u n
|
|-weather|SunnyDay|[upkeep]
|-damage|p1a: s u n|59/100 tox|[from] psn
|upkeep
|turn|11
|
|t:|1662915000
|switch|p2a: hip(pos) dont lie|Hippowdon, F|98/100
|-weather|Sandstorm|[from] ability: Sand Stream|[of] p2a: hip(pos) dont lie
|switch|p1a: monke|Darmanitan, M|95/100
|
|-weather|Sandstorm|[upkeep]
|-damage|p1a: monke|89/100|[from] Sandstorm
|-heal|p2a: hip(pos) dont lie|100/100|[from] item: Leftovers
|upkeep
|turn|12
|
|t:|1662915022
|move|p1a: monke|U-turn|p2a: hip(pos) dont lie
|-damage|p2a: hip(pos) dont lie|83/100
|
|t:|1662915025
|switch|p1a: s u n|Torkoal, M|59/100 tox|[from]move: U-turn
|-weather|SunnyDay|[from] ability: Drought|[of] p1a: s u n
|move|p2a: hip(pos) dont lie|Stealth Rock|p1a: s u n
|-sidestart|p1: esqimo589|move: Stealth Rock
|
|-weather|SunnyDay|[upkeep]
|-heal|p2a: hip(pos) dont lie|89/100|[from] item: Leftovers
|-damage|p1a: s u n|52/100 tox|[from] psn
|upkeep
|turn|13
|
|t:|1662915029
|switch|p1a: Slowking|Slowking, M|100/100
|move|p2a: hip(pos) dont lie|Earthquake|p1a: Slowking
|-damage|p1a: Slowking|59/100
|
|-weather|SunnyDay|[upkeep]
|-heal|p2a: hip(pos) dont lie|95/100|[from] item: Leftovers
|upkeep
|turn|14
|
|t:|1662915052
|switch|p2a: flinch by inch|Jirachi|100/100
|move|p1a: Slowking|Yawn|p2a: flinch by inch
|-start|p2a: flinch by inch|move: Yawn|[of] p1a: Slowking
|
|-weather|SunnyDay|[upkeep]
|upkeep
|turn|15
|c|☆amogusroxyrrrr|no name for king?
|
|t:|1662915061
|move|p2a: flinch by inch|U-turn|p1a: Slowking
|-supereffective|p1a: Slowking
|-damage|p1a: Slowking|24/100
|
|t:|1662915064
|switch|p2a: hip(pos) dont lie|Hippowdon, F|95/100|[from]move: U-turn
|-weather|Sandstorm|[from] ability: Sand Stream|[of] p2a: hip(pos) dont lie
|move|p1a: Slowking|Scald|p2a: hip(pos) dont lie
|-supereffective|p2a: hip(pos) dont lie
|-damage|p2a: hip(pos) dont lie|29/100
|
|-weather|Sandstorm|[upkeep]
|-damage|p1a: Slowking|18/100|[from] Sandstorm
|-heal|p2a: hip(pos) dont lie|35/100|[from] item: Leftovers
|upkeep
|turn|16
|c|☆esqimo589|i probably changed this from something else early on and forgot to nick it
|
|t:|1662915084
|switch|p2a: tang ur wang|Tangrowth, M|98/100
|switch|p1a: s u n|Torkoal, M|52/100 tox
|-damage|p1a: s u n|28/100 tox|[from] Stealth Rock
|-weather|SunnyDay|[from] ability: Drought|[of] p1a: s u n
|
|-weather|SunnyDay|[upkeep]
|-damage|p1a: s u n|21/100 tox|[from] psn
|upkeep
|turn|17
|
|t:|1662915092
|move|p2a: tang ur wang|Earthquake|p1a: s u n
|-supereffective|p1a: s u n
|-crit|p1a: s u n
|-damage|p1a: s u n|0 fnt
|faint|p1a: s u n
|
|-weather|SunnyDay|[upkeep]
|upkeep
|c|☆amogusroxyrrrr|spin'n't
|-message|esqimo589 forfeited.
|
|win|amogusroxyrrrr
|l|☆esqimo589
