|j|☆DanoneWasTaken
|j|☆GryphonEX
|t:|1662942210
|gametype|singles
|player|p1|DanoneWasTaken|102|1339
|player|p2|GryphonEX|gardenia|1439
|teamsize|p1|6
|teamsize|p2|6
|gen|8
|tier|[Gen 8] UU
|rated|
|rule|Sleep Clause Mod: Limit one foe put to sleep
|rule|Species Clause: Limit one of each Pokémon
|rule|OHKO Clause: OHKO moves are banned
|rule|Evasion Items Clause: Evasion items are banned
|rule|Evasion Moves Clause: Evasion moves are banned
|rule|Endless Battle Clause: Forcing endless battles is banned
|rule|HP Percentage Mod: HP is shown in percentages
|rule|Dynamax Clause: You cannot dynamax
|clearpoke
|poke|p1|Umbreon, F|
|poke|p1|Hippowdon, F|
|poke|p1|Chansey, F|
|poke|p1|Jellicent, M|
|poke|p1|Skarmory, M|
|poke|p1|Articuno|
|poke|p2|Hydreigon, F|
|poke|p2|Suicune|
|poke|p2|Zarude|
|poke|p2|Salamence, F|
|poke|p2|Chansey, F|
|poke|p2|Corsola-Galar, F|
|teampreview
|
|t:|1662942227
|start
|switch|p1a: Hippowdon|Hippowdon, F|100/100
|switch|p2a: Zarude|Zarude|100/100
|-weather|Sandstorm|[from] ability: Sand Stream|[of] p1a: Hippowdon
|turn|1
|inactive|Battle timer is ON: inactive players will automatically lose when time's up. (requested by GryphonEX)
|
|t:|1662942231
|switch|p1a: Skarmory|Skarmory, M|100/100
|move|p2a: Zarude|Drain Punch|p1a: Skarmory
|-damage|p1a: Skarmory|79/100
|-damage|p2a: Zarude|84/100|[from] item: Rocky Helmet|[of] p1a: Skarmory
|
|-weather|Sandstorm|[upkeep]
|-damage|p2a: Zarude|78/100|[from] Sandstorm
|upkeep
|turn|2
|
|t:|1662942242
|switch|p2a: Corsola|Corsola-Galar, F|100/100
|move|p1a: Skarmory|Spikes|p2a: Corsola
|-sidestart|p2: GryphonEX|Spikes
|
|-weather|Sandstorm|[upkeep]
|-damage|p2a: Corsola|94/100|[from] Sandstorm
|upkeep
|turn|3
|
|t:|1662942250
|switch|p1a: Chansey|Chansey, F|100/100
|move|p2a: Corsola|Will-O-Wisp|p1a: Chansey
|-status|p1a: Chansey|brn
|
|-weather|Sandstorm|[upkeep]
|-damage|p1a: Chansey|94/100 brn|[from] Sandstorm
|-damage|p2a: Corsola|88/100|[from] Sandstorm
|-damage|p1a: Chansey|88/100 brn|[from] brn
|upkeep
|turn|4
|
|t:|1662942253
|switch|p2a: Chansey|Chansey, F|100/100
|-damage|p2a: Chansey|88/100|[from] Spikes
|move|p1a: Chansey|Toxic|p2a: Chansey
|-status|p2a: Chansey|tox
|
|-weather|Sandstorm|[upkeep]
|-damage|p1a: Chansey|82/100 brn|[from] Sandstorm
|-damage|p2a: Chansey|82/100 tox|[from] Sandstorm
|-damage|p2a: Chansey|76/100 tox|[from] psn
|-damage|p1a: Chansey|76/100 brn|[from] brn
|upkeep
|turn|5
|
|t:|1662942258
|move|p1a: Chansey|Seismic Toss|p2a: Chansey
|-damage|p2a: Chansey|62/100 tox
|move|p2a: Chansey|Teleport|p2a: Chansey
|
|t:|1662942264
|-curestatus|p2a: Chansey|tox|[from] ability: Natural Cure
|switch|p2a: Suicune|Suicune|100/100|[from]move: Teleport
|-damage|p2a: Suicune|88/100|[from] Spikes
|-ability|p2a: Suicune|Pressure
|
|-weather|none
|-heal|p2a: Suicune|94/100|[from] item: Leftovers
|-damage|p1a: Chansey|70/100 brn|[from] brn
|upkeep
|turn|6
|
|t:|1662942274
|-curestatus|p1a: Chansey|brn|[from] ability: Natural Cure
|switch|p1a: Jellicent|Jellicent, M|100/100
|move|p2a: Suicune|Calm Mind|p2a: Suicune
|-boost|p2a: Suicune|spa|1
|-boost|p2a: Suicune|spd|1
|
|-heal|p2a: Suicune|100/100|[from] item: Leftovers
|upkeep
|turn|7
|
|t:|1662942286
|move|p1a: Jellicent|Taunt|p2a: Suicune
|-start|p2a: Suicune|move: Taunt
|cant|p2a: Suicune|move: Taunt|Calm Mind
|
|upkeep
|turn|8
|
|t:|1662942291
|move|p1a: Jellicent|Hex|p2a: Suicune
|-damage|p2a: Suicune|90/100
|move|p2a: Suicune|Scald|p1a: Jellicent
|-resisted|p1a: Jellicent
|-damage|p1a: Jellicent|85/100
|-status|p1a: Jellicent|brn
|
|-heal|p2a: Suicune|96/100|[from] item: Leftovers
|-damage|p1a: Jellicent|78/100 brn|[from] brn
|upkeep
|turn|9
|
|t:|1662942310
|switch|p1a: Chansey|Chansey, F|70/100
|switch|p2a: Zarude|Zarude|78/100
|-damage|p2a: Zarude|66/100|[from] Spikes
|
|upkeep
|turn|10
|
|t:|1662942317
|switch|p1a: Skarmory|Skarmory, M|79/100
|move|p2a: Zarude|U-turn|p1a: Skarmory
|-resisted|p1a: Skarmory
|-damage|p1a: Skarmory|74/100
|-damage|p2a: Zarude|49/100|[from] item: Rocky Helmet|[of] p1a: Skarmory
|
|t:|1662942328
|switch|p2a: Hydreigon|Hydreigon, F|100/100|[from]move: U-turn
|
|upkeep
|turn|11
|
|t:|1662942351
|switch|p1a: Chansey|Chansey, F|70/100
|move|p2a: Hydreigon|Flamethrower|p1a: Chansey
|-damage|p1a: Chansey|55/100
|-status|p1a: Chansey|brn
|
|-damage|p1a: Chansey|49/100 brn|[from] brn
|upkeep
|turn|12
|
|t:|1662942357
|switch|p2a: Chansey|Chansey, F|62/100
|-damage|p2a: Chansey|49/100|[from] Spikes
|move|p1a: Chansey|Soft-Boiled|p1a: Chansey
|-heal|p1a: Chansey|99/100 brn
|
|-damage|p1a: Chansey|93/100 brn|[from] brn
|upkeep
|turn|13
|
|t:|1662942364
|move|p1a: Chansey|Toxic|p2a: Chansey
|-status|p2a: Chansey|tox
|move|p2a: Chansey|Soft-Boiled|p2a: Chansey
|-heal|p2a: Chansey|99/100 tox
|
|-damage|p2a: Chansey|93/100 tox|[from] psn
|-damage|p1a: Chansey|87/100 brn|[from] brn
|upkeep
|turn|14
|
|t:|1662942385
|-curestatus|p1a: Chansey|brn|[from] ability: Natural Cure
|switch|p1a: Skarmory|Skarmory, M|74/100
|move|p2a: Chansey|Teleport|p2a: Chansey
|
|t:|1662942389
|-curestatus|p2a: Chansey|tox|[from] ability: Natural Cure
|switch|p2a: Hydreigon|Hydreigon, F|100/100|[from]move: Teleport
|
|upkeep
|turn|15
|
|t:|1662942396
|switch|p1a: Chansey|Chansey, F|87/100
|move|p2a: Hydreigon|Flamethrower|p1a: Chansey
|-damage|p1a: Chansey|73/100
|-status|p1a: Chansey|brn
|
|-damage|p1a: Chansey|67/100 brn|[from] brn
|upkeep
|turn|16
|
|t:|1662942399
|switch|p2a: Suicune|Suicune|96/100
|-damage|p2a: Suicune|84/100|[from] Spikes
|-ability|p2a: Suicune|Pressure
|move|p1a: Chansey|Toxic|p2a: Suicune
|-status|p2a: Suicune|tox
|
|-heal|p2a: Suicune|90/100 tox|[from] item: Leftovers
|-damage|p2a: Suicune|84/100 tox|[from] psn
|-damage|p1a: Chansey|61/100 brn|[from] brn
|upkeep
|turn|17
|
|t:|1662942404
|-curestatus|p1a: Chansey|brn|[from] ability: Natural Cure
|switch|p1a: Jellicent|Jellicent, M|78/100 brn
|move|p2a: Suicune|Rest|p2a: Suicune
|-status|p2a: Suicune|slp|[from] move: Rest
|-heal|p2a: Suicune|100/100 slp|[silent]
|
|-damage|p1a: Jellicent|72/100 brn|[from] brn
|upkeep
|turn|18
|
|t:|1662942409
|move|p1a: Jellicent|Taunt|p2a: Suicune
|-start|p2a: Suicune|move: Taunt
|cant|p2a: Suicune|slp
|
|-damage|p1a: Jellicent|66/100 brn|[from] brn
|upkeep
|turn|19
|
|t:|1662942423
|move|p1a: Jellicent|Hex|p2a: Suicune
|-damage|p2a: Suicune|72/100 slp
|cant|p2a: Suicune|slp
|
|-heal|p2a: Suicune|78/100 slp|[from] item: Leftovers
|-damage|p1a: Jellicent|60/100 brn|[from] brn
|upkeep
|turn|20
|
|t:|1662942428
|switch|p2a: Chansey|Chansey, F|93/100
|-damage|p2a: Chansey|81/100|[from] Spikes
|move|p1a: Jellicent|Hex|p2a: Chansey
|-immune|p2a: Chansey
|
|-damage|p1a: Jellicent|54/100 brn|[from] brn
|upkeep
|turn|21
|
|t:|1662942431
|move|p1a: Jellicent|Recover|p1a: Jellicent
|-heal|p1a: Jellicent|100/100 brn
|move|p2a: Chansey|Teleport|p2a: Chansey
|
|t:|1662942441
|switch|p2a: Salamence|Salamence, F|100/100|[from]move: Teleport
|-ability|p2a: Salamence|Intimidate|boost
|-unboost|p1a: Jellicent|atk|1
|
|-damage|p1a: Jellicent|94/100 brn|[from] brn
|upkeep
|turn|22
|
|t:|1662942461
|move|p2a: Salamence|Defog|p1a: Jellicent
|-unboost|p1a: Jellicent|evasion|1
|-sideend|p2: GryphonEX|Spikes|[from] move: Defog|[of] p2a: Salamence
|move|p1a: Jellicent|Taunt|p2a: Salamence
|-start|p2a: Salamence|move: Taunt
|
|-damage|p1a: Jellicent|88/100 brn|[from] brn
|upkeep
|turn|23
|
|t:|1662942467
|switch|p2a: Chansey|Chansey, F|81/100
|switch|p1a: Chansey|Chansey, F|61/100
|
|upkeep
|turn|24
|
|t:|1662942473
|move|p1a: Chansey|Seismic Toss|p2a: Chansey
|-damage|p2a: Chansey|67/100
|move|p2a: Chansey|Teleport|p2a: Chansey
|
|t:|1662942479
|switch|p2a: Suicune|Suicune|78/100 slp|[from]move: Teleport
|-ability|p2a: Suicune|Pressure
|
|-heal|p2a: Suicune|85/100 slp|[from] item: Leftovers
|upkeep
|turn|25
|
|t:|1662942485
|-curestatus|p2a: Suicune|slp|[msg]
|move|p2a: Suicune|Calm Mind|p2a: Suicune
|-boost|p2a: Suicune|spa|1
|-boost|p2a: Suicune|spd|1
|move|p1a: Chansey|Soft-Boiled|p1a: Chansey
|-heal|p1a: Chansey|100/100
|
|-heal|p2a: Suicune|91/100|[from] item: Leftovers
|upkeep
|turn|26
|
|t:|1662942510
|switch|p1a: Jellicent|Jellicent, M|88/100 brn
|move|p2a: Suicune|Calm Mind|p2a: Suicune
|-boost|p2a: Suicune|spa|1
|-boost|p2a: Suicune|spd|1
|
|-heal|p2a: Suicune|97/100|[from] item: Leftovers
|-damage|p1a: Jellicent|82/100 brn|[from] brn
|upkeep
|turn|27
|
|t:|1662942513
|move|p1a: Jellicent|Taunt|p2a: Suicune
|-start|p2a: Suicune|move: Taunt
|move|p2a: Suicune|Scald|p1a: Jellicent
|-resisted|p1a: Jellicent
|-damage|p1a: Jellicent|63/100 brn
|
|-heal|p2a: Suicune|100/100|[from] item: Leftovers
|-damage|p1a: Jellicent|56/100 brn|[from] brn
|upkeep
|turn|28
|
|t:|1662942519
|move|p1a: Jellicent|Recover|p1a: Jellicent
|-heal|p1a: Jellicent|100/100 brn
|move|p2a: Suicune|Scald|p1a: Jellicent
|-resisted|p1a: Jellicent
|-damage|p1a: Jellicent|80/100 brn
|-start|p2a: Suicune|Disable|Scald|[from] ability: Cursed Body|[of] p1a: Jellicent
|
|-damage|p1a: Jellicent|74/100 brn|[from] brn
|upkeep
|turn|29
|
|t:|1662942534
|switch|p1a: Hippowdon|Hippowdon, F|100/100
|-weather|Sandstorm|[from] ability: Sand Stream|[of] p1a: Hippowdon
|switch|p2a: Salamence|Salamence, F|100/100
|-ability|p2a: Salamence|Intimidate|boost
|-unboost|p1a: Hippowdon|atk|1
|
|-weather|Sandstorm|[upkeep]
|-damage|p2a: Salamence|94/100|[from] Sandstorm
|upkeep
|turn|30
|
|t:|1662942544
|switch|p2a: Suicune|Suicune|100/100
|-ability|p2a: Suicune|Pressure
|move|p1a: Hippowdon|Toxic|p2a: Suicune|[miss]
|-miss|p1a: Hippowdon|p2a: Suicune
|
|-weather|Sandstorm|[upkeep]
|-damage|p2a: Suicune|94/100|[from] Sandstorm
|-heal|p2a: Suicune|100/100|[from] item: Leftovers
|upkeep
|turn|31
|
|t:|1662942550
|switch|p1a: Jellicent|Jellicent, M|74/100 brn
|move|p2a: Suicune|Calm Mind|p2a: Suicune
|-boost|p2a: Suicune|spa|1
|-boost|p2a: Suicune|spd|1
|
|-weather|Sandstorm|[upkeep]
|-damage|p1a: Jellicent|67/100 brn|[from] Sandstorm
|-damage|p2a: Suicune|94/100|[from] Sandstorm
|-heal|p2a: Suicune|100/100|[from] item: Leftovers
|-damage|p1a: Jellicent|61/100 brn|[from] brn
|upkeep
|turn|32
|
|t:|1662942554
|move|p1a: Jellicent|Taunt|p2a: Suicune
|-start|p2a: Suicune|move: Taunt
|move|p2a: Suicune|Scald|p1a: Jellicent
|-resisted|p1a: Jellicent
|-damage|p1a: Jellicent|45/100 brn
|-start|p2a: Suicune|Disable|Scald|[from] ability: Cursed Body|[of] p1a: Jellicent
|
|-weather|Sandstorm|[upkeep]
|-damage|p1a: Jellicent|39/100 brn|[from] Sandstorm
|-damage|p2a: Suicune|94/100|[from] Sandstorm
|-heal|p2a: Suicune|100/100|[from] item: Leftovers
|-damage|p1a: Jellicent|33/100 brn|[from] brn
|upkeep
|turn|33
|
|t:|1662942561
|move|p1a: Jellicent|Recover|p1a: Jellicent
|-heal|p1a: Jellicent|83/100 brn
|move|p2a: Suicune|Ice Beam|p1a: Jellicent
|-resisted|p1a: Jellicent
|-damage|p1a: Jellicent|72/100 brn
|
|-weather|none
|-damage|p1a: Jellicent|66/100 brn|[from] brn
|upkeep
|turn|34
|
|t:|1662942577
|switch|p1a: Articuno|Articuno|100/100
|-ability|p1a: Articuno|Pressure
|move|p2a: Suicune|Ice Beam|p1a: Articuno
|-damage|p1a: Articuno|84/100
|
|-end|p2a: Suicune|move: Taunt
|upkeep
|turn|35
|
|t:|1662942583
|move|p1a: Articuno|Freeze-Dry|p2a: Suicune
|-supereffective|p2a: Suicune
|-damage|p2a: Suicune|76/100
|move|p2a: Suicune|Calm Mind|p2a: Suicune
|-boost|p2a: Suicune|spa|1
|-boost|p2a: Suicune|spd|1
|
|-heal|p2a: Suicune|82/100|[from] item: Leftovers
|-end|p2a: Suicune|Disable
|upkeep
|turn|36
|
|t:|1662942588
|move|p1a: Articuno|Freeze-Dry|p2a: Suicune
|-supereffective|p2a: Suicune
|-damage|p2a: Suicune|66/100
|move|p2a: Suicune|Calm Mind|p2a: Suicune
|-boost|p2a: Suicune|spa|1
|-boost|p2a: Suicune|spd|1
|
|-heal|p2a: Suicune|72/100|[from] item: Leftovers
|upkeep
|turn|37
|
|t:|1662942593
|move|p1a: Articuno|Freeze-Dry|p2a: Suicune
|-supereffective|p2a: Suicune
|-damage|p2a: Suicune|57/100
|move|p2a: Suicune|Scald|p1a: Articuno
|-damage|p1a: Articuno|47/100
|
|-heal|p2a: Suicune|63/100|[from] item: Leftovers
|upkeep
|turn|38
|
|t:|1662942599
|move|p1a: Articuno|Roost|p1a: Articuno
|-heal|p1a: Articuno|97/100
|-singleturn|p1a: Articuno|move: Roost
|move|p2a: Suicune|Calm Mind|p2a: Suicune
|-boost|p2a: Suicune|spa|1
|-boost|p2a: Suicune|spd|1
|
|-heal|p2a: Suicune|69/100|[from] item: Leftovers
|upkeep
|turn|39
|
|t:|1662942603
|switch|p1a: Jellicent|Jellicent, M|66/100 brn
|move|p2a: Suicune|Calm Mind|p2a: Suicune
|-boost|p2a: Suicune|spa|1
|-boost|p2a: Suicune|spd|1
|
|-heal|p2a: Suicune|75/100|[from] item: Leftovers
|-damage|p1a: Jellicent|60/100 brn|[from] brn
|upkeep
|turn|40
|
|t:|1662942609
|move|p1a: Jellicent|Will-O-Wisp|p2a: Suicune
|-status|p2a: Suicune|brn
|move|p2a: Suicune|Scald|p1a: Jellicent
|-resisted|p1a: Jellicent
|-damage|p1a: Jellicent|25/100 brn
|
|-heal|p2a: Suicune|82/100 brn|[from] item: Leftovers
|-damage|p1a: Jellicent|19/100 brn|[from] brn
|-damage|p2a: Suicune|75/100 brn|[from] brn
|upkeep
|turn|41
|
|t:|1662942612
|move|p1a: Jellicent|Recover|p1a: Jellicent
|-heal|p1a: Jellicent|69/100 brn
|move|p2a: Suicune|Scald|p1a: Jellicent
|-resisted|p1a: Jellicent
|-damage|p1a: Jellicent|35/100 brn
|
|-heal|p2a: Suicune|82/100 brn|[from] item: Leftovers
|-damage|p1a: Jellicent|29/100 brn|[from] brn
|-damage|p2a: Suicune|75/100 brn|[from] brn
|upkeep
|turn|42
|
|t:|1662942614
|move|p1a: Jellicent|Recover|p1a: Jellicent
|-heal|p1a: Jellicent|79/100 brn
|move|p2a: Suicune|Scald|p1a: Jellicent
|-resisted|p1a: Jellicent
|-damage|p1a: Jellicent|42/100 brn
|
|-heal|p2a: Suicune|82/100 brn|[from] item: Leftovers
|-damage|p1a: Jellicent|36/100 brn|[from] brn
|-damage|p2a: Suicune|75/100 brn|[from] brn
|upkeep
|turn|43
|
|t:|1662942620
|move|p1a: Jellicent|Recover|p1a: Jellicent
|-heal|p1a: Jellicent|86/100 brn
|move|p2a: Suicune|Calm Mind|p2a: Suicune
|-boost|p2a: Suicune|spa|1
|-boost|p2a: Suicune|spd|1
|
|-heal|p2a: Suicune|82/100 brn|[from] item: Leftovers
|-damage|p1a: Jellicent|80/100 brn|[from] brn
|-damage|p2a: Suicune|75/100 brn|[from] brn
|upkeep
|turn|44
|
|t:|1662942626
|move|p1a: Jellicent|Taunt|p2a: Suicune
|-start|p2a: Suicune|move: Taunt
|move|p2a: Suicune|Scald|p1a: Jellicent
|-resisted|p1a: Jellicent
|-damage|p1a: Jellicent|42/100 brn
|
|-heal|p2a: Suicune|82/100 brn|[from] item: Leftovers
|-damage|p1a: Jellicent|35/100 brn|[from] brn
|-damage|p2a: Suicune|75/100 brn|[from] brn
|upkeep
|turn|45
|
|t:|1662942630
|move|p1a: Jellicent|Recover|p1a: Jellicent
|-heal|p1a: Jellicent|86/100 brn
|move|p2a: Suicune|Ice Beam|p1a: Jellicent
|-resisted|p1a: Jellicent
|-damage|p1a: Jellicent|55/100 brn
|
|-heal|p2a: Suicune|82/100 brn|[from] item: Leftovers
|-damage|p1a: Jellicent|48/100 brn|[from] brn
|-damage|p2a: Suicune|75/100 brn|[from] brn
|upkeep
|turn|46
|
|t:|1662942636
|move|p1a: Jellicent|Recover|p1a: Jellicent
|-heal|p1a: Jellicent|99/100 brn
|move|p2a: Suicune|Ice Beam|p1a: Jellicent
|-resisted|p1a: Jellicent
|-damage|p1a: Jellicent|65/100 brn
|
|-heal|p2a: Suicune|82/100 brn|[from] item: Leftovers
|-damage|p1a: Jellicent|59/100 brn|[from] brn
|-damage|p2a: Suicune|75/100 brn|[from] brn
|-end|p2a: Suicune|move: Taunt
|upkeep
|turn|47
|
|t:|1662942643
|switch|p1a: Chansey|Chansey, F|100/100
|move|p2a: Suicune|Calm Mind|p2a: Suicune
|-boost|p2a: Suicune|spa|0
|-boost|p2a: Suicune|spd|0
|
|-heal|p2a: Suicune|82/100 brn|[from] item: Leftovers
|-damage|p2a: Suicune|75/100 brn|[from] brn
|upkeep
|turn|48
|
|t:|1662942650
|move|p2a: Suicune|Scald|p1a: Chansey
|-damage|p1a: Chansey|70/100
|move|p1a: Chansey|Seismic Toss|p2a: Suicune
|-damage|p2a: Suicune|51/100 brn
|
|-heal|p2a: Suicune|57/100 brn|[from] item: Leftovers
|-damage|p2a: Suicune|51/100 brn|[from] brn
|upkeep
|turn|49
|
|t:|1662942659
|move|p2a: Suicune|Calm Mind|p2a: Suicune
|-boost|p2a: Suicune|spa|0
|-boost|p2a: Suicune|spd|0
|move|p1a: Chansey|Seismic Toss|p2a: Suicune
|-damage|p2a: Suicune|26/100 brn
|
|-heal|p2a: Suicune|32/100 brn|[from] item: Leftovers
|-damage|p2a: Suicune|26/100 brn|[from] brn
|upkeep
|turn|50
|
|t:|1662942667
|move|p2a: Suicune|Rest|p2a: Suicune
|-status|p2a: Suicune|slp|[from] move: Rest
|-heal|p2a: Suicune|100/100 slp|[silent]
|move|p1a: Chansey|Covet|p2a: Suicune
|-damage|p2a: Suicune|98/100 slp
|
|-heal|p2a: Suicune|100/100 slp|[from] item: Leftovers
|upkeep
|turn|51
|
|t:|1662942672
|cant|p2a: Suicune|slp
|move|p1a: Chansey|Covet|p2a: Suicune
|-damage|p2a: Suicune|98/100 slp
|
|-heal|p2a: Suicune|100/100 slp|[from] item: Leftovers
|upkeep
|turn|52
|
|t:|1662942676
|cant|p2a: Suicune|slp
|move|p1a: Chansey|Covet|p2a: Suicune
|-damage|p2a: Suicune|98/100 slp
|
|-heal|p2a: Suicune|100/100 slp|[from] item: Leftovers
|upkeep
|turn|53
|
|t:|1662942679
|-curestatus|p2a: Suicune|slp|[msg]
|move|p2a: Suicune|Scald|p1a: Chansey
|-damage|p1a: Chansey|39/100
|move|p1a: Chansey|Covet|p2a: Suicune
|-damage|p2a: Suicune|98/100
|
|-heal|p2a: Suicune|100/100|[from] item: Leftovers
|upkeep
|turn|54
|
|t:|1662942690
|switch|p2a: Zarude|Zarude|49/100
|move|p1a: Chansey|Soft-Boiled|p1a: Chansey
|-heal|p1a: Chansey|89/100
|
|upkeep
|turn|55
|
|t:|1662942700
|switch|p1a: Skarmory|Skarmory, M|74/100
|move|p2a: Zarude|Darkest Lariat|p1a: Skarmory
|-damage|p1a: Skarmory|33/100
|-damage|p2a: Zarude|33/100|[from] item: Rocky Helmet|[of] p1a: Skarmory
|
|upkeep
|turn|56
|
|t:|1662942707
|switch|p1a: Umbreon|Umbreon, F, shiny|100/100
|move|p2a: Zarude|Darkest Lariat|p1a: Umbreon
|-resisted|p1a: Umbreon
|-damage|p1a: Umbreon|84/100
|
|-heal|p1a: Umbreon|90/100|[from] item: Leftovers
|upkeep
|turn|57
|
|t:|1662942710
|switch|p2a: Chansey|Chansey, F|67/100
|move|p1a: Umbreon|Wish|p1a: Umbreon
|
|-heal|p1a: Umbreon|96/100|[from] item: Leftovers
|upkeep
|turn|58
|
|t:|1662942716
|switch|p1a: Skarmory|Skarmory, M|33/100
|move|p2a: Chansey|Seismic Toss|p1a: Skarmory
|-damage|p1a: Skarmory|3/100
|-damage|p2a: Chansey|50/100|[from] item: Rocky Helmet|[of] p1a: Skarmory
|
|-heal|p1a: Skarmory|61/100|[from] move: Wish|[wisher] Umbreon
|upkeep
|turn|59
|
|t:|1662942723
|move|p1a: Skarmory|Body Press|p2a: Chansey
|-supereffective|p2a: Chansey
|-damage|p2a: Chansey|14/100
|move|p2a: Chansey|Soft-Boiled|p2a: Chansey
|-heal|p2a: Chansey|64/100
|
|upkeep
|turn|60
|
|t:|1662942729
|switch|p2a: Corsola|Corsola-Galar, F|88/100
|move|p1a: Skarmory|Spikes|p2a: Corsola
|-sidestart|p2: GryphonEX|Spikes
|
|upkeep
|turn|61
|
|t:|1662942734
|move|p1a: Skarmory|Spikes|p2a: Corsola
|-sidestart|p2: GryphonEX|Spikes
|move|p2a: Corsola|Will-O-Wisp|p1a: Skarmory
|-status|p1a: Skarmory|brn
|
|-damage|p1a: Skarmory|55/100 brn|[from] brn
|upkeep
|turn|62
|
|t:|1662942736
|switch|p2a: Salamence|Salamence, F|94/100
|-ability|p2a: Salamence|Intimidate|boost
|-unboost|p1a: Skarmory|atk|1
|move|p1a: Skarmory|Roost|p1a: Skarmory
|-heal|p1a: Skarmory|100/100 brn
|-singleturn|p1a: Skarmory|move: Roost
|
|-damage|p1a: Skarmory|94/100 brn|[from] brn
|upkeep
|turn|63
|
|t:|1662942748
|switch|p1a: Jellicent|Jellicent, M|59/100 brn
|move|p2a: Salamence|Defog|p1a: Jellicent
|-unboost|p1a: Jellicent|evasion|1
|-sideend|p2: GryphonEX|Spikes|[from] move: Defog|[of] p2a: Salamence
|
|-damage|p1a: Jellicent|53/100 brn|[from] brn
|upkeep
|turn|64
|
|t:|1662942758
|move|p2a: Salamence|Dual Wingbeat|p1a: Jellicent
|-damage|p1a: Jellicent|36/100 brn
|-start|p2a: Salamence|Disable|Dual Wingbeat|[from] ability: Cursed Body|[of] p1a: Jellicent
|-damage|p1a: Jellicent|20/100 brn
|-hitcount|p1a: Jellicent|2
|move|p1a: Jellicent|Recover|p1a: Jellicent
|-heal|p1a: Jellicent|70/100 brn
|
|-damage|p1a: Jellicent|64/100 brn|[from] brn
|upkeep
|turn|65
|
|t:|1662942775
|switch|p2a: Hydreigon|Hydreigon, F|100/100
|move|p1a: Jellicent|Taunt|p2a: Hydreigon
|-start|p2a: Hydreigon|move: Taunt
|
|-damage|p1a: Jellicent|58/100 brn|[from] brn
|upkeep
|turn|66
|
|t:|1662942792
|switch|p1a: Articuno|Articuno|97/100
|-ability|p1a: Articuno|Pressure
|move|p2a: Hydreigon|Dark Pulse|p1a: Articuno
|-damage|p1a: Articuno|62/100
|
|upkeep
|turn|67
|inactive|DanoneWasTaken has 120 seconds left.
|
|t:|1662942820
|switch|p2a: Chansey|Chansey, F|64/100
|move|p1a: Articuno|Roost|p1a: Articuno
|-heal|p1a: Articuno|100/100
|-singleturn|p1a: Articuno|move: Roost
|
|upkeep
|turn|68
|inactive|DanoneWasTaken has 120 seconds left.
|
|t:|1662942839
|switch|p1a: Jellicent|Jellicent, M|58/100 brn
|move|p2a: Chansey|Thunder Wave||[still]
|-fail|p2a: Chansey
|
|-damage|p1a: Jellicent|51/100 brn|[from] brn
|upkeep
|turn|69
|inactive|DanoneWasTaken has 120 seconds left.
|
|t:|1662942845
|switch|p2a: Hydreigon|Hydreigon, F|100/100
|move|p1a: Jellicent|Recover|p1a: Jellicent
|-heal|p1a: Jellicent|100/100 brn
|
|-damage|p1a: Jellicent|94/100 brn|[from] brn
|upkeep
|turn|70
|
|t:|1662942852
|switch|p1a: Chansey|Chansey, F|89/100
|move|p2a: Hydreigon|Draco Meteor|p1a: Chansey
|-damage|p1a: Chansey|60/100
|-unboost|p2a: Hydreigon|spa|2
|
|upkeep
|turn|71
|
|t:|1662942863
|switch|p2a: Suicune|Suicune|100/100
|-ability|p2a: Suicune|Pressure
|move|p1a: Chansey|Soft-Boiled|p1a: Chansey
|-heal|p1a: Chansey|100/100
|
|upkeep
|turn|72
|
|t:|1662942867
|move|p2a: Suicune|Calm Mind|p2a: Suicune
|-boost|p2a: Suicune|spa|1
|-boost|p2a: Suicune|spd|1
|move|p1a: Chansey|Toxic|p2a: Suicune|[miss]
|-miss|p1a: Chansey|p2a: Suicune
|
|upkeep
|turn|73
|
|t:|1662942871
|switch|p1a: Jellicent|Jellicent, M|94/100 brn
|move|p2a: Suicune|Calm Mind|p2a: Suicune
|-boost|p2a: Suicune|spa|1
|-boost|p2a: Suicune|spd|1
|
|-damage|p1a: Jellicent|88/100 brn|[from] brn
|upkeep
|turn|74
|
|t:|1662942876
|switch|p2a: Hydreigon|Hydreigon, F|100/100
|move|p1a: Jellicent|Taunt|p2a: Hydreigon
|-start|p2a: Hydreigon|move: Taunt
|
|-damage|p1a: Jellicent|82/100 brn|[from] brn
|upkeep
|turn|75
|
|t:|1662942899
|switch|p1a: Chansey|Chansey, F|100/100
|move|p2a: Hydreigon|Dark Pulse|p1a: Chansey
|-damage|p1a: Chansey|80/100
|
|upkeep
|turn|76
|
|t:|1662942911
|switch|p2a: Chansey|Chansey, F|64/100
|move|p1a: Chansey|Toxic|p2a: Chansey
|-status|p2a: Chansey|tox
|
|-damage|p2a: Chansey|58/100 tox|[from] psn
|upkeep
|turn|77
|
|t:|1662942915
|move|p1a: Chansey|Seismic Toss|p2a: Chansey
|-damage|p2a: Chansey|43/100 tox
|move|p2a: Chansey|Soft-Boiled|p2a: Chansey
|-heal|p2a: Chansey|93/100 tox
|
|-damage|p2a: Chansey|81/100 tox|[from] psn
|upkeep
|turn|78
|
|t:|1662942920
|move|p1a: Chansey|Covet|p2a: Chansey
|-damage|p2a: Chansey|78/100 tox
|move|p2a: Chansey|Teleport|p2a: Chansey
|
|t:|1662942923
|-curestatus|p2a: Chansey|tox|[from] ability: Natural Cure
|switch|p2a: Zarude|Zarude|33/100|[from]move: Teleport
|
|upkeep
|turn|79
|
|t:|1662942931
|switch|p2a: Salamence|Salamence, F|94/100
|-ability|p2a: Salamence|Intimidate|boost
|-unboost|p1a: Chansey|atk|1
|switch|p1a: Skarmory|Skarmory, M|94/100 brn
|
|-damage|p1a: Skarmory|88/100 brn|[from] brn
|upkeep
|turn|80
|
|t:|1662942936
|switch|p1a: Articuno|Articuno|100/100
|-ability|p1a: Articuno|Pressure
|move|p2a: Salamence|Fire Fang|p1a: Articuno
|-supereffective|p1a: Articuno
|-damage|p1a: Articuno|64/100
|
|upkeep
|turn|81
|
|t:|1662942942
|switch|p2a: Chansey|Chansey, F|78/100
|move|p1a: Articuno|Heal Bell|p1a: Articuno
|-activate|p1a: Articuno|move: Heal Bell
|-curestatus|p1: Jellicent|brn|[msg]
|-curestatus|p1: Skarmory|brn|[msg]
|
|upkeep
|turn|82
|
|t:|1662942965
|switch|p1a: Chansey|Chansey, F|80/100
|move|p2a: Chansey|Teleport|p2a: Chansey
|
|t:|1662942967
|switch|p2a: Zarude|Zarude|33/100|[from]move: Teleport
|
|upkeep
|turn|83
|
|t:|1662942984
|switch|p1a: Skarmory|Skarmory, M|88/100
|move|p2a: Zarude|Drain Punch|p1a: Skarmory
|-damage|p1a: Skarmory|67/100
|-heal|p2a: Zarude|43/100|[from] drain|[of] p1a: Skarmory
|-damage|p2a: Zarude|26/100|[from] item: Rocky Helmet|[of] p1a: Skarmory
|
|upkeep
|turn|84
|
|t:|1662942997
|switch|p2a: Salamence|Salamence, F|94/100
|-ability|p2a: Salamence|Intimidate|boost
|-unboost|p1a: Skarmory|atk|1
|move|p1a: Skarmory|Roost|p1a: Skarmory
|-heal|p1a: Skarmory|100/100
|-singleturn|p1a: Skarmory|move: Roost
|
|upkeep
|turn|85
|
|t:|1662943009
|switch|p2a: Suicune|Suicune|100/100
|-ability|p2a: Suicune|Pressure
|move|p1a: Skarmory|Iron Defense|p1a: Skarmory
|-boost|p1a: Skarmory|def|2
|
|upkeep
|turn|86
|
|t:|1662943017
|switch|p2a: Corsola|Corsola-Galar, F|88/100
|move|p1a: Skarmory|Spikes|p2a: Corsola
|-sidestart|p2: GryphonEX|Spikes
|
|upkeep
|turn|87
|
|t:|1662943031
|switch|p1a: Chansey|Chansey, F|80/100
|move|p2a: Corsola|Will-O-Wisp|p1a: Chansey
|-status|p1a: Chansey|brn
|
|-damage|p1a: Chansey|74/100 brn|[from] brn
|upkeep
|turn|88
|
|t:|1662943036
|switch|p2a: Chansey|Chansey, F|78/100
|-damage|p2a: Chansey|66/100|[from] Spikes
|move|p1a: Chansey|Covet|p2a: Chansey
|-damage|p2a: Chansey|65/100
|
|-damage|p1a: Chansey|68/100 brn|[from] brn
|upkeep
|turn|89
|
|t:|1662943048
|move|p1a: Chansey|Covet|p2a: Chansey
|-damage|p2a: Chansey|63/100
|move|p2a: Chansey|Soft-Boiled|p2a: Chansey
|-heal|p2a: Chansey|100/100
|
|-damage|p1a: Chansey|62/100 brn|[from] brn
|upkeep
|turn|90
|
|t:|1662943051
|move|p1a: Chansey|Soft-Boiled|p1a: Chansey
|-heal|p1a: Chansey|100/100 brn
|move|p2a: Chansey|Teleport|p2a: Chansey
|
|t:|1662943056
|switch|p2a: Suicune|Suicune|100/100|[from]move: Teleport
|-damage|p2a: Suicune|88/100|[from] Spikes
|-ability|p2a: Suicune|Pressure
|
|-heal|p2a: Suicune|94/100|[from] item: Leftovers
|-damage|p1a: Chansey|94/100 brn|[from] brn
|upkeep
|turn|91
|
|t:|1662943070
|-curestatus|p1a: Chansey|brn|[from] ability: Natural Cure
|switch|p1a: Jellicent|Jellicent, M|82/100
|move|p2a: Suicune|Calm Mind|p2a: Suicune
|-boost|p2a: Suicune|spa|1
|-boost|p2a: Suicune|spd|1
|
|-heal|p2a: Suicune|100/100|[from] item: Leftovers
|upkeep
|turn|92
|
|t:|1662943081
|switch|p2a: Hydreigon|Hydreigon, F|100/100
|move|p1a: Jellicent|Taunt|p2a: Hydreigon
|-start|p2a: Hydreigon|move: Taunt
|
|upkeep
|turn|93
|
|t:|1662943097
|switch|p1a: Chansey|Chansey, F|94/100
|move|p2a: Hydreigon|Dark Pulse|p1a: Chansey
|-damage|p1a: Chansey|75/100
|
|upkeep
|turn|94
|
|t:|1662943113
|switch|p2a: Chansey|Chansey, F|100/100
|-damage|p2a: Chansey|88/100|[from] Spikes
|move|p1a: Chansey|Seismic Toss|p2a: Chansey
|-damage|p2a: Chansey|74/100
|
|upkeep
|turn|95
|inactive|DanoneWasTaken has 120 seconds left.
|
|t:|1662943128
|switch|p1a: Skarmory|Skarmory, M|100/100
|move|p2a: Chansey|Teleport|p2a: Chansey
|
|t:|1662943131
|switch|p2a: Hydreigon|Hydreigon, F|100/100|[from]move: Teleport
|
|upkeep
|turn|96
|
|t:|1662943137
|switch|p1a: Chansey|Chansey, F|75/100
|move|p2a: Hydreigon|Flamethrower|p1a: Chansey
|-damage|p1a: Chansey|61/100
|
|upkeep
|turn|97
|inactive|DanoneWasTaken has 120 seconds left.
|
|t:|1662943148
|switch|p2a: Salamence|Salamence, F|94/100
|-ability|p2a: Salamence|Intimidate|boost
|-unboost|p1a: Chansey|atk|1
|switch|p1a: Umbreon|Umbreon, F, shiny|96/100
|
|-heal|p1a: Umbreon|100/100|[from] item: Leftovers
|upkeep
|turn|98
|
|t:|1662943152
|move|p2a: Salamence|Defog|p1a: Umbreon
|-unboost|p1a: Umbreon|evasion|1
|-sideend|p2: GryphonEX|Spikes|[from] move: Defog|[of] p2a: Salamence
|move|p1a: Umbreon|Toxic|p2a: Salamence
|-status|p2a: Salamence|tox
|
|-damage|p2a: Salamence|88/100 tox|[from] psn
|upkeep
|turn|99
|inactive|DanoneWasTaken has 120 seconds left.
|
|t:|1662943166
|switch|p2a: Zarude|Zarude|26/100
|move|p1a: Umbreon|Foul Play|p2a: Zarude
|-resisted|p2a: Zarude
|-damage|p2a: Zarude|5/100
|
|upkeep
|turn|100
|inactive|DanoneWasTaken has 120 seconds left.
|
|t:|1662943182
|switch|p2a: Hydreigon|Hydreigon, F|100/100
|switch|p1a: Skarmory|Skarmory, M|100/100
|
|upkeep
|turn|101
|inactive|DanoneWasTaken has 120 seconds left.
|
|t:|1662943215
|switch|p1a: Chansey|Chansey, F|61/100
|move|p2a: Hydreigon|Dark Pulse|p1a: Chansey
|-damage|p1a: Chansey|41/100
|
|upkeep
|turn|102
|
|t:|1662943232
|switch|p2a: Chansey|Chansey, F|74/100
|move|p1a: Chansey|Soft-Boiled|p1a: Chansey
|-heal|p1a: Chansey|91/100
|
|upkeep
|turn|103
|
|t:|1662943237
|move|p1a: Chansey|Covet|p2a: Chansey
|-damage|p2a: Chansey|71/100
|move|p2a: Chansey|Teleport|p2a: Chansey
|
|t:|1662943246
|switch|p2a: Suicune|Suicune|100/100|[from]move: Teleport
|-ability|p2a: Suicune|Pressure
|
|upkeep
|turn|104
|
|t:|1662943253
|switch|p1a: Jellicent|Jellicent, M|82/100
|move|p2a: Suicune|Calm Mind|p2a: Suicune
|-boost|p2a: Suicune|spa|1
|-boost|p2a: Suicune|spd|1
|
|upkeep
|turn|105
|
|t:|1662943257
|move|p1a: Jellicent|Taunt|p2a: Suicune
|-start|p2a: Suicune|move: Taunt
|cant|p2a: Suicune|move: Taunt|Calm Mind
|
|upkeep
|turn|106
|j| briandude
|
|t:|1662943263
|switch|p2a: Hydreigon|Hydreigon, F|100/100
|move|p1a: Jellicent|Will-O-Wisp|p2a: Hydreigon
|-status|p2a: Hydreigon|brn
|
|-damage|p2a: Hydreigon|94/100 brn|[from] brn
|upkeep
|turn|107
|
|t:|1662943272
|switch|p1a: Chansey|Chansey, F|91/100
|move|p2a: Hydreigon|Dark Pulse|p1a: Chansey
|-damage|p1a: Chansey|71/100
|
|-damage|p2a: Hydreigon|88/100 brn|[from] brn
|upkeep
|turn|108
|inactive|DanoneWasTaken has 120 seconds left.
|
|t:|1662943291
|move|p2a: Hydreigon|Dark Pulse|p1a: Chansey
|-damage|p1a: Chansey|51/100
|move|p1a: Chansey|Seismic Toss|p2a: Hydreigon
|-damage|p2a: Hydreigon|57/100 brn
|
|-damage|p2a: Hydreigon|51/100 brn|[from] brn
|upkeep
|turn|109
|l| briandude
|
|t:|1662943296
|move|p2a: Hydreigon|Dark Pulse|p1a: Chansey
|-damage|p1a: Chansey|32/100
|move|p1a: Chansey|Soft-Boiled|p1a: Chansey
|-heal|p1a: Chansey|82/100
|
|-damage|p2a: Hydreigon|45/100 brn|[from] brn
|upkeep
|turn|110
|
|t:|1662943305
|switch|p2a: Chansey|Chansey, F|71/100
|move|p1a: Chansey|Seismic Toss|p2a: Chansey
|-damage|p2a: Chansey|57/100
|
|upkeep
|turn|111
|
|t:|1662943311
|switch|p1a: Articuno|Articuno|64/100
|-ability|p1a: Articuno|Pressure
|move|p2a: Chansey|Soft-Boiled|p2a: Chansey
|-heal|p2a: Chansey|100/100
|
|upkeep
|turn|112
|
|t:|1662943316
|move|p1a: Articuno|Roost|p1a: Articuno
|-heal|p1a: Articuno|100/100
|-singleturn|p1a: Articuno|move: Roost
|move|p2a: Chansey|Thunder Wave|p1a: Articuno
|-status|p1a: Articuno|par
|
|upkeep
|turn|113
|
|t:|1662943319
|move|p2a: Chansey|Seismic Toss|p1a: Articuno
|-damage|p1a: Articuno|74/100 par
|cant|p1a: Articuno|par
|
|upkeep
|turn|114
|
|t:|1662943328
|move|p1a: Articuno|Roost|p1a: Articuno
|-heal|p1a: Articuno|100/100 par
|-singleturn|p1a: Articuno|move: Roost
|move|p2a: Chansey|Teleport|p2a: Chansey
|
|t:|1662943329
|switch|p2a: Corsola|Corsola-Galar, F|88/100|[from]move: Teleport
|
|upkeep
|turn|115
|
|t:|1662943336
|move|p1a: Articuno|Heal Bell|p1a: Articuno
|-activate|p1a: Articuno|move: Heal Bell
|-curestatus|p1a: Articuno|par|[msg]
|move|p2a: Corsola|Stealth Rock|p1a: Articuno
|-sidestart|p1: DanoneWasTaken|move: Stealth Rock
|
|upkeep
|turn|116
|j| TryOrDie
|
|t:|1662943341
|move|p1a: Articuno|Defog|p2a: Corsola
|-unboost|p2a: Corsola|evasion|1
|-sideend|p1: DanoneWasTaken|Stealth Rock|[from] move: Defog|[of] p1a: Articuno
|move|p2a: Corsola|Will-O-Wisp|p1a: Articuno
|-status|p1a: Articuno|brn
|
|-damage|p1a: Articuno|94/100 brn|[from] brn
|upkeep
|turn|117
|inactive|DanoneWasTaken has 120 seconds left.
|
|t:|1662943361
|switch|p1a: Hippowdon|Hippowdon, F|100/100
|-weather|Sandstorm|[from] ability: Sand Stream|[of] p1a: Hippowdon
|move|p2a: Corsola|Stealth Rock|p1a: Hippowdon
|-sidestart|p1: DanoneWasTaken|move: Stealth Rock
|
|-weather|Sandstorm|[upkeep]
|-damage|p2a: Corsola|82/100|[from] Sandstorm
|upkeep
|turn|118
|
|t:|1662943370
|switch|p2a: Hydreigon|Hydreigon, F|45/100 brn
|move|p1a: Hippowdon|Stealth Rock|p2a: Hydreigon
|-sidestart|p2: GryphonEX|move: Stealth Rock
|
|-weather|Sandstorm|[upkeep]
|-damage|p2a: Hydreigon|39/100 brn|[from] Sandstorm
|-damage|p2a: Hydreigon|33/100 brn|[from] brn
|upkeep
|turn|119
|
|t:|1662943379
|switch|p1a: Chansey|Chansey, F|82/100
|-damage|p1a: Chansey|69/100|[from] Stealth Rock
|move|p2a: Hydreigon|Roost|p2a: Hydreigon
|-heal|p2a: Hydreigon|83/100 brn
|-singleturn|p2a: Hydreigon|move: Roost
|
|-weather|Sandstorm|[upkeep]
|-damage|p2a: Hydreigon|77/100 brn|[from] Sandstorm
|-damage|p1a: Chansey|63/100|[from] Sandstorm
|-damage|p2a: Hydreigon|71/100 brn|[from] brn
|upkeep
|turn|120
|inactive|DanoneWasTaken has 120 seconds left.
|l| TryOrDie
|
|t:|1662943398
|move|p2a: Hydreigon|Roost|p2a: Hydreigon
|-heal|p2a: Hydreigon|100/100 brn
|-singleturn|p2a: Hydreigon|move: Roost
|move|p1a: Chansey|Soft-Boiled|p1a: Chansey
|-heal|p1a: Chansey|100/100
|
|-weather|Sandstorm|[upkeep]
|-damage|p2a: Hydreigon|94/100 brn|[from] Sandstorm
|-damage|p1a: Chansey|94/100|[from] Sandstorm
|-damage|p2a: Hydreigon|88/100 brn|[from] brn
|upkeep
|turn|121
|
|t:|1662943405
|switch|p2a: Chansey|Chansey, F|100/100
|-damage|p2a: Chansey|88/100|[from] Stealth Rock
|move|p1a: Chansey|Seismic Toss|p2a: Chansey
|-damage|p2a: Chansey|74/100
|
|-weather|none
|upkeep
|turn|122
|
|t:|1662943422
|switch|p1a: Hippowdon|Hippowdon, F|100/100
|-damage|p1a: Hippowdon|94/100|[from] Stealth Rock
|-weather|Sandstorm|[from] ability: Sand Stream|[of] p1a: Hippowdon
|move|p2a: Chansey|Teleport|p2a: Chansey
|
|t:|1662943427
|switch|p2a: Salamence|Salamence, F|88/100 tox|[from]move: Teleport
|-ability|p2a: Salamence|Intimidate|boost
|-unboost|p1a: Hippowdon|atk|1
|
|-weather|Sandstorm|[upkeep]
|-damage|p2a: Salamence|82/100 tox|[from] Sandstorm
|-damage|p2a: Salamence|76/100 tox|[from] psn
|upkeep
|turn|123
|inactive|DanoneWasTaken has 90 seconds left.
|
|t:|1662943456
|switch|p2a: Hydreigon|Hydreigon, F|88/100 brn
|-damage|p2a: Hydreigon|76/100 brn|[from] Stealth Rock
|move|p1a: Hippowdon|Stealth Rock||[still]
|-fail|p1a: Hippowdon
|
|-weather|Sandstorm|[upkeep]
|-damage|p2a: Hydreigon|70/100 brn|[from] Sandstorm
|-damage|p2a: Hydreigon|64/100 brn|[from] brn
|upkeep
|turn|124
|inactive|DanoneWasTaken has 90 seconds left.
|
|t:|1662943483
|switch|p1a: Chansey|Chansey, F|94/100
|-damage|p1a: Chansey|82/100|[from] Stealth Rock
|move|p2a: Hydreigon|Dark Pulse|p1a: Chansey
|-damage|p1a: Chansey|65/100
|
|-weather|Sandstorm|[upkeep]
|-damage|p2a: Hydreigon|57/100 brn|[from] Sandstorm
|-damage|p1a: Chansey|58/100|[from] Sandstorm
|-damage|p2a: Hydreigon|51/100 brn|[from] brn
|upkeep
|turn|125
|
|t:|1662943491
|switch|p2a: Chansey|Chansey, F|74/100
|-damage|p2a: Chansey|62/100|[from] Stealth Rock
|move|p1a: Chansey|Soft-Boiled|p1a: Chansey
|-heal|p1a: Chansey|100/100
|
|-weather|Sandstorm|[upkeep]
|-damage|p1a: Chansey|94/100|[from] Sandstorm
|-damage|p2a: Chansey|55/100|[from] Sandstorm
|upkeep
|turn|126
|
|t:|1662943500
|move|p1a: Chansey|Covet|p2a: Chansey
|-damage|p2a: Chansey|53/100
|move|p2a: Chansey|Soft-Boiled|p2a: Chansey
|-heal|p2a: Chansey|100/100
|
|-weather|none
|upkeep
|turn|127
|
|t:|1662943508
|move|p1a: Chansey|Covet|p2a: Chansey
|-damage|p2a: Chansey|98/100
|move|p2a: Chansey|Teleport|p2a: Chansey
|
|t:|1662943513
|switch|p2a: Hydreigon|Hydreigon, F|51/100 brn|[from]move: Teleport
|-damage|p2a: Hydreigon|39/100 brn|[from] Stealth Rock
|
|-damage|p2a: Hydreigon|33/100 brn|[from] brn
|upkeep
|turn|128
|
|t:|1662943517
|move|p2a: Hydreigon|Roost|p2a: Hydreigon
|-heal|p2a: Hydreigon|83/100 brn
|-singleturn|p2a: Hydreigon|move: Roost
|move|p1a: Chansey|Seismic Toss|p2a: Hydreigon
|-damage|p2a: Hydreigon|52/100 brn
|
|-damage|p2a: Hydreigon|46/100 brn|[from] brn
|upkeep
|turn|129
|
|t:|1662943523
|move|p2a: Hydreigon|Roost|p2a: Hydreigon
|-heal|p2a: Hydreigon|96/100 brn
|-singleturn|p2a: Hydreigon|move: Roost
|move|p1a: Chansey|Seismic Toss|p2a: Hydreigon
|-damage|p2a: Hydreigon|65/100 brn
|
|-damage|p2a: Hydreigon|59/100 brn|[from] brn
|upkeep
|turn|130
|
|t:|1662943534
|switch|p2a: Chansey|Chansey, F|98/100
|-damage|p2a: Chansey|85/100|[from] Stealth Rock
|move|p1a: Chansey|Seismic Toss|p2a: Chansey
|-damage|p2a: Chansey|71/100
|
|upkeep
|turn|131
|
|t:|1662943542
|switch|p1a: Hippowdon|Hippowdon, F|94/100
|-damage|p1a: Hippowdon|88/100|[from] Stealth Rock
|-weather|Sandstorm|[from] ability: Sand Stream|[of] p1a: Hippowdon
|move|p2a: Chansey|Thunder Wave|p1a: Hippowdon
|-immune|p1a: Hippowdon
|
|-weather|Sandstorm|[upkeep]
|-damage|p2a: Chansey|65/100|[from] Sandstorm
|upkeep
|turn|132
|
|t:|1662943550
|switch|p2a: Suicune|Suicune|100/100
|-damage|p2a: Suicune|88/100|[from] Stealth Rock
|-ability|p2a: Suicune|Pressure
|move|p1a: Hippowdon|Stealth Rock||[still]
|-fail|p1a: Hippowdon
|
|-weather|Sandstorm|[upkeep]
|-damage|p2a: Suicune|82/100|[from] Sandstorm
|-heal|p2a: Suicune|88/100|[from] item: Leftovers
|upkeep
|turn|133
|
|t:|1662943553
|switch|p1a: Jellicent|Jellicent, M|82/100
|move|p2a: Suicune|Calm Mind|p2a: Suicune
|-boost|p2a: Suicune|spa|1
|-boost|p2a: Suicune|spd|1
|
|-weather|Sandstorm|[upkeep]
|-damage|p1a: Jellicent|76/100|[from] Sandstorm
|-damage|p2a: Suicune|82/100|[from] Sandstorm
|-heal|p2a: Suicune|88/100|[from] item: Leftovers
|upkeep
|turn|134
|
|t:|1662943556
|move|p1a: Jellicent|Taunt|p2a: Suicune
|-start|p2a: Suicune|move: Taunt
|move|p2a: Suicune|Scald|p1a: Jellicent
|-resisted|p1a: Jellicent
|-damage|p1a: Jellicent|61/100
|-status|p1a: Jellicent|brn
|-start|p2a: Suicune|Disable|Scald|[from] ability: Cursed Body|[of] p1a: Jellicent
|
|-weather|Sandstorm|[upkeep]
|-damage|p1a: Jellicent|55/100 brn|[from] Sandstorm
|-damage|p2a: Suicune|82/100|[from] Sandstorm
|-heal|p2a: Suicune|88/100|[from] item: Leftovers
|-damage|p1a: Jellicent|48/100 brn|[from] brn
|upkeep
|turn|135
|
|t:|1662943563
|switch|p2a: Chansey|Chansey, F|65/100
|-damage|p2a: Chansey|52/100|[from] Stealth Rock
|move|p1a: Jellicent|Recover|p1a: Jellicent
|-heal|p1a: Jellicent|99/100 brn
|
|-weather|none
|-damage|p1a: Jellicent|92/100 brn|[from] brn
|upkeep
|turn|136
|
|t:|1662943572
|move|p1a: Jellicent|Taunt|p2a: Chansey
|-start|p2a: Chansey|move: Taunt
|cant|p2a: Chansey|move: Taunt|Soft-Boiled
|
|-damage|p1a: Jellicent|86/100 brn|[from] brn
|upkeep
|turn|137
|
|t:|1662943577
|switch|p2a: Salamence|Salamence, F|76/100 tox
|-ability|p2a: Salamence|Intimidate|boost
|-unboost|p1a: Jellicent|atk|1
|move|p1a: Jellicent|Will-O-Wisp||[still]
|-fail|p1a: Jellicent
|
|-damage|p2a: Salamence|70/100 tox|[from] psn
|-damage|p1a: Jellicent|80/100 brn|[from] brn
|upkeep
|turn|138
|
|t:|1662943580
|move|p2a: Salamence|Defog|p1a: Jellicent
|-unboost|p1a: Jellicent|evasion|1
|-sideend|p1: DanoneWasTaken|Stealth Rock|[from] move: Defog|[of] p2a: Salamence
|-sideend|p2: GryphonEX|Stealth Rock|[from] move: Defog|[of] p2a: Salamence
|move|p1a: Jellicent|Hex|p2a: Salamence
|-damage|p2a: Salamence|26/100 tox
|
|-damage|p2a: Salamence|14/100 tox|[from] psn
|-damage|p1a: Jellicent|74/100 brn|[from] brn
|upkeep
|turn|139
|inactive|DanoneWasTaken has 120 seconds left.
|
|t:|1662943590
|switch|p2a: Suicune|Suicune|88/100
|-ability|p2a: Suicune|Pressure
|move|p1a: Jellicent|Hex|p2a: Suicune
|-damage|p2a: Suicune|74/100
|
|-heal|p2a: Suicune|80/100|[from] item: Leftovers
|-damage|p1a: Jellicent|67/100 brn|[from] brn
|upkeep
|turn|140
|inactive|DanoneWasTaken has 120 seconds left.
|
|t:|1662943609
|move|p1a: Jellicent|Taunt|p2a: Suicune
|-start|p2a: Suicune|move: Taunt
|cant|p2a: Suicune|move: Taunt|Calm Mind
|
|-heal|p2a: Suicune|86/100|[from] item: Leftovers
|-damage|p1a: Jellicent|61/100 brn|[from] brn
|upkeep
|turn|141
|
|t:|1662943613
|switch|p2a: Chansey|Chansey, F|52/100
|move|p1a: Jellicent|Recover|p1a: Jellicent
|-heal|p1a: Jellicent|100/100 brn
|
|-damage|p1a: Jellicent|94/100 brn|[from] brn
|upkeep
|turn|142
|
|t:|1662943619
|switch|p1a: Articuno|Articuno|94/100 brn
|-ability|p1a: Articuno|Pressure
|move|p2a: Chansey|Teleport|p2a: Chansey
|
|t:|1662943623
|switch|p2a: Corsola|Corsola-Galar, F|82/100|[from]move: Teleport
|
|-damage|p1a: Articuno|88/100 brn|[from] brn
|upkeep
|turn|143
|inactive|DanoneWasTaken has 120 seconds left.
|
|t:|1662943642
|move|p1a: Articuno|Defog|p2a: Corsola
|-unboost|p2a: Corsola|evasion|1
|move|p2a: Corsola|Stealth Rock|p1a: Articuno
|-sidestart|p1: DanoneWasTaken|move: Stealth Rock
|
|-damage|p1a: Articuno|82/100 brn|[from] brn
|upkeep
|turn|144
|
|t:|1662943652
|move|p1a: Articuno|Defog|p2a: Corsola
|-unboost|p2a: Corsola|evasion|1
|-sideend|p1: DanoneWasTaken|Stealth Rock|[from] move: Defog|[of] p1a: Articuno
|move|p2a: Corsola|Night Shade|p1a: Articuno
|-damage|p1a: Articuno|56/100 brn
|
|-damage|p1a: Articuno|50/100 brn|[from] brn
|upkeep
|turn|145
|
|t:|1662943658
|move|p1a: Articuno|Roost|p1a: Articuno
|-heal|p1a: Articuno|100/100 brn
|-singleturn|p1a: Articuno|move: Roost
|move|p2a: Corsola|Night Shade|p1a: Articuno
|-damage|p1a: Articuno|74/100 brn
|
|-damage|p1a: Articuno|68/100 brn|[from] brn
|upkeep
|turn|146
|inactive|DanoneWasTaken has 120 seconds left.
|
|t:|1662943674
|move|p1a: Articuno|Freeze-Dry|p2a: Corsola
|-damage|p2a: Corsola|71/100
|move|p2a: Corsola|Stealth Rock|p1a: Articuno
|-sidestart|p1: DanoneWasTaken|move: Stealth Rock
|
|-damage|p1a: Articuno|62/100 brn|[from] brn
|upkeep
|turn|147
|
|t:|1662943680
|move|p1a: Articuno|Defog|p2a: Corsola
|-unboost|p2a: Corsola|evasion|1
|-sideend|p1: DanoneWasTaken|Stealth Rock|[from] move: Defog|[of] p1a: Articuno
|move|p2a: Corsola|Strength Sap|p1a: Articuno
|-unboost|p1a: Articuno|atk|1
|-heal|p2a: Corsola|100/100
|
|-damage|p1a: Articuno|56/100 brn|[from] brn
|upkeep
|turn|148
|
|t:|1662943682
|switch|p2a: Chansey|Chansey, F|52/100
|move|p1a: Articuno|Roost|p1a: Articuno
|-heal|p1a: Articuno|100/100 brn
|-singleturn|p1a: Articuno|move: Roost
|
|-damage|p1a: Articuno|94/100 brn|[from] brn
|upkeep
|turn|149
|inactive|DanoneWasTaken has 120 seconds left.
|
|t:|1662943702
|switch|p1a: Hippowdon|Hippowdon, F|88/100
|-weather|Sandstorm|[from] ability: Sand Stream|[of] p1a: Hippowdon
|move|p2a: Chansey|Soft-Boiled|p2a: Chansey
|-heal|p2a: Chansey|100/100
|
|-weather|Sandstorm|[upkeep]
|-damage|p2a: Chansey|94/100|[from] Sandstorm
|upkeep
|turn|150
|j| necroparanoid
|
|t:|1662943720
|switch|p2a: Hydreigon|Hydreigon, F|59/100 brn
|move|p1a: Hippowdon|Stealth Rock|p2a: Hydreigon
|-sidestart|p2: GryphonEX|move: Stealth Rock
|
|-weather|Sandstorm|[upkeep]
|-damage|p2a: Hydreigon|53/100 brn|[from] Sandstorm
|-damage|p2a: Hydreigon|47/100 brn|[from] brn
|upkeep
|turn|151
|inactive|DanoneWasTaken has 90 seconds left.
|
|t:|1662943750
|switch|p1a: Chansey|Chansey, F|94/100
|move|p2a: Hydreigon|Roost|p2a: Hydreigon
|-heal|p2a: Hydreigon|97/100 brn
|-singleturn|p2a: Hydreigon|move: Roost
|
|-weather|Sandstorm|[upkeep]
|-damage|p2a: Hydreigon|91/100 brn|[from] Sandstorm
|-damage|p1a: Chansey|88/100|[from] Sandstorm
|-damage|p2a: Hydreigon|85/100 brn|[from] brn
|upkeep
|turn|152
|
|t:|1662943755
|switch|p2a: Suicune|Suicune|86/100
|-damage|p2a: Suicune|74/100|[from] Stealth Rock
|-ability|p2a: Suicune|Pressure
|move|p1a: Chansey|Covet|p2a: Suicune
|-damage|p2a: Suicune|71/100
|
|-weather|Sandstorm|[upkeep]
|-damage|p2a: Suicune|65/100|[from] Sandstorm
|-damage|p1a: Chansey|82/100|[from] Sandstorm
|-heal|p2a: Suicune|71/100|[from] item: Leftovers
|upkeep
|turn|153
|
|t:|1662943765
|switch|p1a: Jellicent|Jellicent, M|94/100 brn
|move|p2a: Suicune|Calm Mind|p2a: Suicune
|-boost|p2a: Suicune|spa|1
|-boost|p2a: Suicune|spd|1
|
|-weather|none
|-heal|p2a: Suicune|77/100|[from] item: Leftovers
|-damage|p1a: Jellicent|88/100 brn|[from] brn
|upkeep
|turn|154
|
|t:|1662943771
|move|p1a: Jellicent|Will-O-Wisp|p2a: Suicune
|-status|p2a: Suicune|brn
|move|p2a: Suicune|Calm Mind|p2a: Suicune
|-boost|p2a: Suicune|spa|1
|-boost|p2a: Suicune|spd|1
|
|-heal|p2a: Suicune|83/100 brn|[from] item: Leftovers
|-damage|p1a: Jellicent|82/100 brn|[from] brn
|-damage|p2a: Suicune|77/100 brn|[from] brn
|upkeep
|turn|155
|
|t:|1662943777
|move|p1a: Jellicent|Hex|p2a: Suicune
|-damage|p2a: Suicune|62/100 brn
|move|p2a: Suicune|Calm Mind|p2a: Suicune
|-boost|p2a: Suicune|spa|1
|-boost|p2a: Suicune|spd|1
|
|-heal|p2a: Suicune|68/100 brn|[from] item: Leftovers
|-damage|p1a: Jellicent|76/100 brn|[from] brn
|-damage|p2a: Suicune|62/100 brn|[from] brn
|upkeep
|turn|156
|
|t:|1662943780
|move|p1a: Jellicent|Taunt|p2a: Suicune
|-start|p2a: Suicune|move: Taunt
|move|p2a: Suicune|Scald|p1a: Jellicent
|-resisted|p1a: Jellicent
|-damage|p1a: Jellicent|50/100 brn
|
|-heal|p2a: Suicune|68/100 brn|[from] item: Leftovers
|-damage|p1a: Jellicent|43/100 brn|[from] brn
|-damage|p2a: Suicune|62/100 brn|[from] brn
|upkeep
|turn|157
|
|t:|1662943796
|switch|p2a: Chansey|Chansey, F|94/100
|-damage|p2a: Chansey|82/100|[from] Stealth Rock
|move|p1a: Jellicent|Recover|p1a: Jellicent
|-heal|p1a: Jellicent|94/100 brn
|
|-damage|p1a: Jellicent|87/100 brn|[from] brn
|upkeep
|turn|158
|inactive|DanoneWasTaken has 90 seconds left.
|
|t:|1662943820
|move|p1a: Jellicent|Will-O-Wisp|p2a: Chansey
|-status|p2a: Chansey|brn
|move|p2a: Chansey|Teleport|p2a: Chansey
|
|t:|1662943828
|-curestatus|p2a: Chansey|brn|[from] ability: Natural Cure
|switch|p2a: Suicune|Suicune|62/100 brn|[from]move: Teleport
|-damage|p2a: Suicune|50/100 brn|[from] Stealth Rock
|-ability|p2a: Suicune|Pressure
|
|-heal|p2a: Suicune|56/100 brn|[from] item: Leftovers
|-damage|p1a: Jellicent|81/100 brn|[from] brn
|-damage|p2a: Suicune|50/100 brn|[from] brn
|upkeep
|turn|159
|
|t:|1662943832
|move|p1a: Jellicent|Hex|p2a: Suicune
|-damage|p2a: Suicune|23/100 brn
|move|p2a: Suicune|Rest|p2a: Suicune
|-status|p2a: Suicune|slp|[from] move: Rest
|-heal|p2a: Suicune|100/100 slp|[silent]
|
|-damage|p1a: Jellicent|75/100 brn|[from] brn
|upkeep
|turn|160
|
|t:|1662943847
|switch|p1a: Articuno|Articuno|94/100 brn
|-ability|p1a: Articuno|Pressure
|cant|p2a: Suicune|slp
|
|-damage|p1a: Articuno|88/100 brn|[from] brn
|upkeep
|turn|161
|
|t:|1662943853
|switch|p2a: Chansey|Chansey, F|82/100
|-damage|p2a: Chansey|70/100|[from] Stealth Rock
|move|p1a: Articuno|Freeze-Dry|p2a: Chansey
|-damage|p2a: Chansey|63/100
|
|-damage|p1a: Articuno|82/100 brn|[from] brn
|upkeep
|turn|162
|inactive|DanoneWasTaken has 90 seconds left.
|
|t:|1662943865
|switch|p1a: Hippowdon|Hippowdon, F|88/100
|-weather|Sandstorm|[from] ability: Sand Stream|[of] p1a: Hippowdon
|move|p2a: Chansey|Seismic Toss|p1a: Hippowdon
|-damage|p1a: Hippowdon|64/100
|-damage|p2a: Chansey|46/100|[from] item: Rocky Helmet|[of] p1a: Hippowdon
|
|-weather|Sandstorm|[upkeep]
|-damage|p2a: Chansey|40/100|[from] Sandstorm
|upkeep
|turn|163
|
|t:|1662943869
|move|p2a: Chansey|Soft-Boiled|p2a: Chansey
|-heal|p2a: Chansey|90/100
|move|p1a: Hippowdon|Earthquake|p2a: Chansey
|-damage|p2a: Chansey|64/100
|
|-weather|Sandstorm|[upkeep]
|-damage|p2a: Chansey|58/100|[from] Sandstorm
|upkeep
|turn|164
|
|t:|1662943875
|switch|p2a: Suicune|Suicune|100/100 slp
|-damage|p2a: Suicune|88/100 slp|[from] Stealth Rock
|-ability|p2a: Suicune|Pressure
|move|p1a: Hippowdon|Toxic||[still]
|-fail|p1a: Hippowdon
|
|-weather|Sandstorm|[upkeep]
|-damage|p2a: Suicune|82/100 slp|[from] Sandstorm
|-heal|p2a: Suicune|88/100 slp|[from] item: Leftovers
|upkeep
|turn|165
|
|t:|1662943881
|switch|p1a: Jellicent|Jellicent, M|75/100 brn
|cant|p2a: Suicune|slp
|
|-weather|Sandstorm|[upkeep]
|-damage|p1a: Jellicent|69/100 brn|[from] Sandstorm
|-damage|p2a: Suicune|82/100 slp|[from] Sandstorm
|-heal|p2a: Suicune|88/100 slp|[from] item: Leftovers
|-damage|p1a: Jellicent|63/100 brn|[from] brn
|upkeep
|turn|166
|
|t:|1662943889
|move|p1a: Jellicent|Hex|p2a: Suicune
|-crit|p2a: Suicune
|-damage|p2a: Suicune|44/100 slp
|-curestatus|p2a: Suicune|slp|[msg]
|move|p2a: Suicune|Calm Mind|p2a: Suicune
|-boost|p2a: Suicune|spa|1
|-boost|p2a: Suicune|spd|1
|
|-weather|none
|-heal|p2a: Suicune|50/100|[from] item: Leftovers
|-damage|p1a: Jellicent|56/100 brn|[from] brn
|upkeep
|turn|167
|
|t:|1662943895
|move|p1a: Jellicent|Taunt|p2a: Suicune
|-start|p2a: Suicune|move: Taunt
|cant|p2a: Suicune|move: Taunt|Rest
|
|-heal|p2a: Suicune|57/100|[from] item: Leftovers
|-damage|p1a: Jellicent|50/100 brn|[from] brn
|upkeep
|turn|168
|
|t:|1662943899
|switch|p2a: Chansey|Chansey, F|58/100
|-damage|p2a: Chansey|46/100|[from] Stealth Rock
|move|p1a: Jellicent|Recover|p1a: Jellicent
|-heal|p1a: Jellicent|99/100 brn
|
|-damage|p1a: Jellicent|94/100 brn|[from] brn
|upkeep
|turn|169
|
|t:|1662943907
|switch|p1a: Umbreon|Umbreon, F, shiny|100/100
|move|p2a: Chansey|Soft-Boiled|p2a: Chansey
|-heal|p2a: Chansey|96/100
|
|upkeep
|turn|170
|
|t:|1662943922
|move|p1a: Umbreon|Wish|p1a: Umbreon
|move|p2a: Chansey|Thunder Wave|p1a: Umbreon
|-status|p1a: Umbreon|par
|
|upkeep
|turn|171
|
|t:|1662943928
|switch|p1a: Articuno|Articuno|82/100 brn
|-ability|p1a: Articuno|Pressure
|move|p2a: Chansey|Seismic Toss|p1a: Articuno
|-damage|p1a: Articuno|56/100 brn
|
|-heal|p1a: Articuno|100/100 brn|[from] move: Wish|[wisher] Umbreon
|-damage|p1a: Articuno|94/100 brn|[from] brn
|upkeep
|turn|172
|
|t:|1662943936
|move|p1a: Articuno|Heal Bell|p1a: Articuno
|-activate|p1a: Articuno|move: Heal Bell
|-curestatus|p1a: Articuno|brn|[msg]
|-curestatus|p1: Umbreon|par|[msg]
|-curestatus|p1: Jellicent|brn|[msg]
|move|p2a: Chansey|Seismic Toss|p1a: Articuno
|-damage|p1a: Articuno|68/100
|
|upkeep
|turn|173
|l| necroparanoid
|
|t:|1662943951
|switch|p1a: Hippowdon|Hippowdon, F|64/100
|-weather|Sandstorm|[from] ability: Sand Stream|[of] p1a: Hippowdon
|move|p2a: Chansey|Thunder Wave|p1a: Hippowdon
|-immune|p1a: Hippowdon
|
|-weather|Sandstorm|[upkeep]
|-damage|p2a: Chansey|90/100|[from] Sandstorm
|upkeep
|turn|174
|
|t:|1662943959
|switch|p2a: Suicune|Suicune|57/100
|-damage|p2a: Suicune|44/100|[from] Stealth Rock
|-ability|p2a: Suicune|Pressure
|move|p1a: Hippowdon|Stealth Rock||[still]
|-fail|p1a: Hippowdon
|
|-weather|Sandstorm|[upkeep]
|-damage|p2a: Suicune|38/100|[from] Sandstorm
|-heal|p2a: Suicune|44/100|[from] item: Leftovers
|upkeep
|turn|175
|j| nicksackmac
|
|t:|1662943967
|move|p2a: Suicune|Rest|p2a: Suicune
|-status|p2a: Suicune|slp|[from] move: Rest
|-heal|p2a: Suicune|100/100 slp|[silent]
|move|p1a: Hippowdon|Earthquake|p2a: Suicune
|-damage|p2a: Suicune|80/100 slp
|
|-weather|Sandstorm|[upkeep]
|-damage|p2a: Suicune|74/100 slp|[from] Sandstorm
|-heal|p2a: Suicune|80/100 slp|[from] item: Leftovers
|upkeep
|turn|176
|inactive|DanoneWasTaken has 90 seconds left.
|
|t:|1662943982
|switch|p1a: Articuno|Articuno|68/100
|-ability|p1a: Articuno|Pressure
|cant|p2a: Suicune|slp
|
|-weather|Sandstorm|[upkeep]
|-damage|p1a: Articuno|62/100|[from] Sandstorm
|-damage|p2a: Suicune|74/100 slp|[from] Sandstorm
|-heal|p2a: Suicune|80/100 slp|[from] item: Leftovers
|upkeep
|turn|177
|inactive|DanoneWasTaken has 90 seconds left.
|
|t:|1662943988
|switch|p2a: Chansey|Chansey, F|90/100
|-damage|p2a: Chansey|77/100|[from] Stealth Rock
|move|p1a: Articuno|Freeze-Dry|p2a: Chansey
|-damage|p2a: Chansey|70/100
|
|-weather|none
|upkeep
|turn|178
|inactive|DanoneWasTaken has 90 seconds left.
|
|t:|1662944001
|switch|p1a: Chansey|Chansey, F|82/100
|move|p2a: Chansey|Thunder Wave|p1a: Chansey
|-status|p1a: Chansey|par
|
|upkeep
|turn|179
|
|t:|1662944006
|move|p1a: Chansey|Covet|p2a: Chansey
|-crit|p2a: Chansey
|-damage|p2a: Chansey|66/100
|move|p2a: Chansey|Teleport|p2a: Chansey
|
|t:|1662944011
|switch|p2a: Corsola|Corsola-Galar, F|100/100|[from]move: Teleport
|-damage|p2a: Corsola|88/100|[from] Stealth Rock
|
|upkeep
|turn|180
|inactive|DanoneWasTaken has 90 seconds left.
|
|t:|1662944023
|switch|p2a: Suicune|Suicune|80/100 slp
|-damage|p2a: Suicune|68/100 slp|[from] Stealth Rock
|-ability|p2a: Suicune|Pressure
|move|p1a: Chansey|Toxic||[still]
|-fail|p1a: Chansey
|
|-heal|p2a: Suicune|74/100 slp|[from] item: Leftovers
|upkeep
|turn|181
|
|t:|1662944029
|-curestatus|p1a: Chansey|par|[from] ability: Natural Cure
|switch|p1a: Umbreon|Umbreon, F, shiny|100/100
|cant|p2a: Suicune|slp
|
|-heal|p2a: Suicune|80/100 slp|[from] item: Leftovers
|upkeep
|turn|182
|
|t:|1662944037
|switch|p2a: Chansey|Chansey, F|66/100
|-damage|p2a: Chansey|53/100|[from] Stealth Rock
|move|p1a: Umbreon|Foul Play|p2a: Chansey
|-damage|p2a: Chansey|52/100
|
|upkeep
|turn|183
|inactive|DanoneWasTaken has 90 seconds left.
|
|t:|1662944062
|move|p1a: Umbreon|Foul Play|p2a: Chansey
|-damage|p2a: Chansey|51/100
|move|p2a: Chansey|Thunder Wave|p1a: Umbreon
|-status|p1a: Umbreon|par
|
|upkeep
|turn|184
|inactive|DanoneWasTaken has 60 seconds left.
|
|t:|1662944087
|switch|p1a: Hippowdon|Hippowdon, F|64/100
|-weather|Sandstorm|[from] ability: Sand Stream|[of] p1a: Hippowdon
|move|p2a: Chansey|Soft-Boiled|p2a: Chansey
|-heal|p2a: Chansey|100/100
|
|-weather|Sandstorm|[upkeep]
|-damage|p2a: Chansey|94/100|[from] Sandstorm
|upkeep
|turn|185
|
|t:|1662944095
|switch|p2a: Suicune|Suicune|80/100 slp
|-damage|p2a: Suicune|68/100 slp|[from] Stealth Rock
|-ability|p2a: Suicune|Pressure
|move|p1a: Hippowdon|Earthquake|p2a: Suicune
|-damage|p2a: Suicune|47/100 slp
|
|-weather|Sandstorm|[upkeep]
|-damage|p2a: Suicune|41/100 slp|[from] Sandstorm
|-heal|p2a: Suicune|47/100 slp|[from] item: Leftovers
|upkeep
|turn|186
|
|t:|1662944103
|switch|p1a: Articuno|Articuno|62/100
|-ability|p1a: Articuno|Pressure
|-curestatus|p2a: Suicune|slp|[msg]
|move|p2a: Suicune|Rest|p2a: Suicune
|-status|p2a: Suicune|slp|[from] move: Rest
|-heal|p2a: Suicune|100/100 slp|[silent]
|
|-weather|Sandstorm|[upkeep]
|-damage|p1a: Articuno|56/100|[from] Sandstorm
|-damage|p2a: Suicune|94/100 slp|[from] Sandstorm
|-heal|p2a: Suicune|100/100 slp|[from] item: Leftovers
|upkeep
|turn|187
|
|t:|1662944108
|switch|p2a: Corsola|Corsola-Galar, F|88/100
|-damage|p2a: Corsola|76/100|[from] Stealth Rock
|move|p1a: Articuno|Roost|p1a: Articuno
|-heal|p1a: Articuno|100/100
|-singleturn|p1a: Articuno|move: Roost
|
|-weather|Sandstorm|[upkeep]
|-damage|p1a: Articuno|94/100|[from] Sandstorm
|-damage|p2a: Corsola|70/100|[from] Sandstorm
|upkeep
|turn|188
|
|t:|1662944122
|switch|p1a: Umbreon|Umbreon, F, shiny|100/100 par
|move|p2a: Corsola|Stealth Rock|p1a: Umbreon
|-sidestart|p1: DanoneWasTaken|move: Stealth Rock
|
|-weather|none
|upkeep
|turn|189
|
|t:|1662944125
|switch|p2a: Suicune|Suicune|100/100 slp
|-damage|p2a: Suicune|88/100 slp|[from] Stealth Rock
|-ability|p2a: Suicune|Pressure
|move|p1a: Umbreon|Toxic||[still]
|-fail|p1a: Umbreon
|
|-heal|p2a: Suicune|94/100 slp|[from] item: Leftovers
|upkeep
|turn|190
|
|t:|1662944137
|cant|p2a: Suicune|slp
|move|p1a: Umbreon|Wish|p1a: Umbreon
|
|-heal|p2a: Suicune|100/100 slp|[from] item: Leftovers
|upkeep
|turn|191
|
|t:|1662944147
|switch|p1a: Articuno|Articuno|94/100
|-ability|p1a: Articuno|Pressure
|cant|p2a: Suicune|slp
|
|-heal|p1a: Articuno|100/100|[from] move: Wish|[wisher] Umbreon
|upkeep
|turn|192
|inactive|DanoneWasTaken has 30 seconds left.
|
|t:|1662944154
|switch|p2a: Corsola|Corsola-Galar, F|70/100
|-damage|p2a: Corsola|57/100|[from] Stealth Rock
|move|p1a: Articuno|Freeze-Dry|p2a: Corsola
|-damage|p2a: Corsola|45/100
|
|upkeep
|turn|193
|inactive|DanoneWasTaken has 30 seconds left.
|
|t:|1662944167
|switch|p1a: Jellicent|Jellicent, M|94/100
|move|p2a: Corsola|Strength Sap|p1a: Jellicent
|-unboost|p1a: Jellicent|atk|1
|-heal|p2a: Corsola|80/100
|
|upkeep
|turn|194
|inactive|DanoneWasTaken has 25 seconds left this turn.
|
|t:|1662944173
|switch|p2a: Suicune|Suicune|100/100 slp
|-damage|p2a: Suicune|88/100 slp|[from] Stealth Rock
|-ability|p2a: Suicune|Pressure
|move|p1a: Jellicent|Taunt|p2a: Suicune
|-start|p2a: Suicune|move: Taunt
|
|-heal|p2a: Suicune|94/100 slp|[from] item: Leftovers
|upkeep
|turn|195
|inactive|DanoneWasTaken has 30 seconds left this turn.
|
|t:|1662944183
|switch|p2a: Chansey|Chansey, F|94/100
|-damage|p2a: Chansey|82/100|[from] Stealth Rock
|move|p1a: Jellicent|Will-O-Wisp|p2a: Chansey
|-status|p2a: Chansey|brn
|
|-damage|p2a: Chansey|76/100 brn|[from] brn
|upkeep
|turn|196
|inactive|DanoneWasTaken has 25 seconds left this turn.
|
|t:|1662944186
|switch|p1a: Hippowdon|Hippowdon, F|64/100
|-damage|p1a: Hippowdon|58/100|[from] Stealth Rock
|-weather|Sandstorm|[from] ability: Sand Stream|[of] p1a: Hippowdon
|move|p2a: Chansey|Teleport|p2a: Chansey
|inactive|DanoneWasTaken has 30 seconds left this turn.
|
|t:|1662944190
|-curestatus|p2a: Chansey|brn|[from] ability: Natural Cure
|switch|p2a: Corsola|Corsola-Galar, F|80/100|[from]move: Teleport
|-damage|p2a: Corsola|67/100|[from] Stealth Rock
|
|-weather|Sandstorm|[upkeep]
|-damage|p2a: Corsola|61/100|[from] Sandstorm
|upkeep
|turn|197
|inactive|DanoneWasTaken has 30 seconds left this turn.
|
|t:|1662944197
|switch|p2a: Suicune|Suicune|94/100 slp
|-damage|p2a: Suicune|82/100 slp|[from] Stealth Rock
|-ability|p2a: Suicune|Pressure
|move|p1a: Hippowdon|Toxic||[still]
|-fail|p1a: Hippowdon
|
|-weather|Sandstorm|[upkeep]
|-damage|p2a: Suicune|76/100 slp|[from] Sandstorm
|-heal|p2a: Suicune|82/100 slp|[from] item: Leftovers
|upkeep
|turn|198
|inactive|DanoneWasTaken has 30 seconds left this turn.
|inactive|DanoneWasTaken has 20 seconds left.
|
|t:|1662944210
|switch|p1a: Articuno|Articuno|100/100
|-ability|p1a: Articuno|Pressure
|-curestatus|p2a: Suicune|slp|[msg]
|move|p2a: Suicune|Calm Mind|p2a: Suicune
|-boost|p2a: Suicune|spa|1
|-boost|p2a: Suicune|spd|1
|
|-weather|Sandstorm|[upkeep]
|-damage|p1a: Articuno|94/100|[from] Sandstorm
|-damage|p2a: Suicune|76/100|[from] Sandstorm
|-heal|p2a: Suicune|82/100|[from] item: Leftovers
|upkeep
|turn|199
|inactive|DanoneWasTaken has 20 seconds left this turn.
|inactive|DanoneWasTaken has 15 seconds left.
|
|t:|1662944217
|switch|p2a: Chansey|Chansey, F|76/100
|-damage|p2a: Chansey|64/100|[from] Stealth Rock
|move|p1a: Articuno|Freeze-Dry|p2a: Chansey
|-damage|p2a: Chansey|57/100
|
|-weather|Sandstorm|[upkeep]
|-damage|p1a: Articuno|88/100|[from] Sandstorm
|-damage|p2a: Chansey|51/100|[from] Sandstorm
|upkeep
|turn|200
|inactive|DanoneWasTaken has 20 seconds left this turn.
|
|t:|1662944220
|switch|p1a: Jellicent|Jellicent, M|94/100
|move|p2a: Chansey|Soft-Boiled|p2a: Chansey
|-heal|p2a: Chansey|100/100
|
|-weather|none
|upkeep
|turn|201
|inactive|DanoneWasTaken has 20 seconds left this turn.
|
|t:|1662944225
|switch|p2a: Suicune|Suicune|82/100
|-damage|p2a: Suicune|70/100|[from] Stealth Rock
|-ability|p2a: Suicune|Pressure
|move|p1a: Jellicent|Will-O-Wisp|p2a: Suicune
|-status|p2a: Suicune|brn
|
|-heal|p2a: Suicune|76/100 brn|[from] item: Leftovers
|-damage|p2a: Suicune|70/100 brn|[from] brn
|upkeep
|turn|202
|inactive|DanoneWasTaken has 25 seconds left this turn.
|inactive|DanoneWasTaken has 20 seconds left.
|
|t:|1662944234
|move|p1a: Jellicent|Hex|p2a: Suicune
|-damage|p2a: Suicune|43/100 brn
|move|p2a: Suicune|Rest|p2a: Suicune
|-status|p2a: Suicune|slp|[from] move: Rest
|-heal|p2a: Suicune|100/100 slp|[silent]
|
|upkeep
|turn|203
|inactive|DanoneWasTaken has 20 seconds left this turn.
|
|t:|1662944236
|switch|p1a: Hippowdon|Hippowdon, F|58/100
|-damage|p1a: Hippowdon|52/100|[from] Stealth Rock
|-weather|Sandstorm|[from] ability: Sand Stream|[of] p1a: Hippowdon
|cant|p2a: Suicune|slp
|
|-weather|Sandstorm|[upkeep]
|-damage|p2a: Suicune|94/100 slp|[from] Sandstorm
|-heal|p2a: Suicune|100/100 slp|[from] item: Leftovers
|upkeep
|turn|204
|inactive|DanoneWasTaken has 25 seconds left this turn.
|
|t:|1662944239
|cant|p2a: Suicune|slp
|move|p1a: Hippowdon|Slack Off|p1a: Hippowdon
|-heal|p1a: Hippowdon|100/100
|
|-weather|Sandstorm|[upkeep]
|-damage|p2a: Suicune|94/100 slp|[from] Sandstorm
|-heal|p2a: Suicune|100/100 slp|[from] item: Leftovers
|upkeep
|turn|205
|inactive|DanoneWasTaken has 25 seconds left this turn.
|
|t:|1662944243
|switch|p1a: Chansey|Chansey, F|82/100
|-damage|p1a: Chansey|70/100|[from] Stealth Rock
|-curestatus|p2a: Suicune|slp|[msg]
|move|p2a: Suicune|Calm Mind|p2a: Suicune
|-boost|p2a: Suicune|spa|1
|-boost|p2a: Suicune|spd|1
|
|-weather|Sandstorm|[upkeep]
|-damage|p2a: Suicune|94/100|[from] Sandstorm
|-damage|p1a: Chansey|64/100|[from] Sandstorm
|-heal|p2a: Suicune|100/100|[from] item: Leftovers
|upkeep
|turn|206
|inactive|DanoneWasTaken has 30 seconds left this turn.
|
|t:|1662944250
|switch|p2a: Chansey|Chansey, F|100/100
|-damage|p2a: Chansey|88/100|[from] Stealth Rock
|move|p1a: Chansey|Toxic|p2a: Chansey
|-status|p2a: Chansey|tox
|
|-weather|Sandstorm|[upkeep]
|-damage|p1a: Chansey|58/100|[from] Sandstorm
|-damage|p2a: Chansey|82/100 tox|[from] Sandstorm
|-damage|p2a: Chansey|76/100 tox|[from] psn
|upkeep
|turn|207
|inactive|DanoneWasTaken has 30 seconds left this turn.
|
|t:|1662944254
|move|p1a: Chansey|Soft-Boiled|p1a: Chansey
|-heal|p1a: Chansey|100/100
|move|p2a: Chansey|Teleport|p2a: Chansey
|
|t:|1662944257
|-curestatus|p2a: Chansey|tox|[from] ability: Natural Cure
|switch|p2a: Corsola|Corsola-Galar, F|61/100|[from]move: Teleport
|-damage|p2a: Corsola|49/100|[from] Stealth Rock
|
|-weather|none
|upkeep
|turn|208
|
|t:|1662944259
|switch|p2a: Suicune|Suicune|100/100
|-damage|p2a: Suicune|88/100|[from] Stealth Rock
|-ability|p2a: Suicune|Pressure
|move|p1a: Chansey|Toxic|p2a: Suicune
|-status|p2a: Suicune|tox
|
|-heal|p2a: Suicune|94/100 tox|[from] item: Leftovers
|-damage|p2a: Suicune|88/100 tox|[from] psn
|upkeep
|turn|209
|
|t:|1662944267
|switch|p2a: Chansey|Chansey, F|76/100
|-damage|p2a: Chansey|64/100|[from] Stealth Rock
|switch|p1a: Articuno|Articuno|88/100
|-ability|p1a: Articuno|Pressure
|
|upkeep
|turn|210
|inactive|DanoneWasTaken has 30 seconds left.
|
|t:|1662944273
|switch|p1a: Jellicent|Jellicent, M|94/100
|move|p2a: Chansey|Thunder Wave|p1a: Jellicent
|-status|p1a: Jellicent|par
|
|upkeep
|turn|211
|
|t:|1662944277
|move|p1a: Jellicent|Will-O-Wisp|p2a: Chansey
|-status|p2a: Chansey|brn
|move|p2a: Chansey|Teleport|p2a: Chansey
|
|t:|1662944279
|-curestatus|p2a: Chansey|brn|[from] ability: Natural Cure
|switch|p2a: Suicune|Suicune|88/100 tox|[from]move: Teleport
|-damage|p2a: Suicune|76/100 tox|[from] Stealth Rock
|-ability|p2a: Suicune|Pressure
|
|-heal|p2a: Suicune|82/100 tox|[from] item: Leftovers
|-damage|p2a: Suicune|76/100 tox|[from] psn
|upkeep
|turn|212
|
|t:|1662944286
|switch|p2a: Hydreigon|Hydreigon, F|85/100 brn
|-damage|p2a: Hydreigon|72/100 brn|[from] Stealth Rock
|move|p1a: Jellicent|Taunt|p2a: Hydreigon
|-start|p2a: Hydreigon|move: Taunt
|
|-damage|p2a: Hydreigon|66/100 brn|[from] brn
|upkeep
|turn|213
|
|t:|1662944295
|switch|p1a: Chansey|Chansey, F|100/100
|-damage|p1a: Chansey|88/100|[from] Stealth Rock
|move|p2a: Hydreigon|Draco Meteor|p1a: Chansey
|-damage|p1a: Chansey|58/100
|-unboost|p2a: Hydreigon|spa|2
|
|-damage|p2a: Hydreigon|60/100 brn|[from] brn
|upkeep
|turn|214
|
|t:|1662944300
|switch|p2a: Chansey|Chansey, F|64/100
|-damage|p2a: Chansey|51/100|[from] Stealth Rock
|move|p1a: Chansey|Soft-Boiled|p1a: Chansey
|-heal|p1a: Chansey|100/100
|
|upkeep
|turn|215
|
|t:|1662944313
|move|p1a: Chansey|Covet|p2a: Chansey
|-damage|p2a: Chansey|49/100
|move|p2a: Chansey|Soft-Boiled|p2a: Chansey
|-heal|p2a: Chansey|99/100
|
|upkeep
|turn|216
|
|t:|1662944319
|move|p1a: Chansey|Covet|p2a: Chansey
|-damage|p2a: Chansey|96/100
|move|p2a: Chansey|Teleport|p2a: Chansey
|
|t:|1662944323
|switch|p2a: Salamence|Salamence, F|14/100 tox|[from]move: Teleport
|-ability|p2a: Salamence|Intimidate|boost
|-unboost|p1a: Chansey|atk|1
|
|-damage|p2a: Salamence|8/100 tox|[from] psn
|upkeep
|turn|217
|
|t:|1662944329
|move|p2a: Salamence|Roost|p2a: Salamence
|-heal|p2a: Salamence|58/100 tox
|-singleturn|p2a: Salamence|move: Roost
|move|p1a: Chansey|Seismic Toss|p2a: Salamence
|-damage|p2a: Salamence|32/100 tox
|
|-damage|p2a: Salamence|20/100 tox|[from] psn
|upkeep
|turn|218
|
|t:|1662944339
|switch|p2a: Suicune|Suicune|76/100 tox
|-damage|p2a: Suicune|63/100 tox|[from] Stealth Rock
|-ability|p2a: Suicune|Pressure
|move|p1a: Chansey|Seismic Toss|p2a: Suicune
|-damage|p2a: Suicune|39/100 tox
|
|-heal|p2a: Suicune|45/100 tox|[from] item: Leftovers
|-damage|p2a: Suicune|39/100 tox|[from] psn
|upkeep
|turn|219
|
|t:|1662944351
|switch|p1a: Articuno|Articuno|88/100
|-ability|p1a: Articuno|Pressure
|move|p2a: Suicune|Rest|p2a: Suicune
|-status|p2a: Suicune|slp|[from] move: Rest
|-heal|p2a: Suicune|100/100 slp|[silent]
|
|upkeep
|turn|220
|
|t:|1662944356
|move|p1a: Articuno|Heal Bell|p1a: Articuno
|-activate|p1a: Articuno|move: Heal Bell
|-curestatus|p1: Umbreon|par|[msg]
|-curestatus|p1: Jellicent|par|[msg]
|cant|p2a: Suicune|slp
|
|upkeep
|turn|221
|
|t:|1662944362
|move|p1a: Articuno|Freeze-Dry|p2a: Suicune
|-supereffective|p2a: Suicune
|-damage|p2a: Suicune|63/100 slp
|cant|p2a: Suicune|slp
|
|-heal|p2a: Suicune|69/100 slp|[from] item: Leftovers
|upkeep
|turn|222
|inactive|GryphonEX has 120 seconds left.
|
|t:|1662944382
|switch|p2a: Chansey|Chansey, F|96/100
|-damage|p2a: Chansey|84/100|[from] Stealth Rock
|move|p1a: Articuno|Freeze-Dry|p2a: Chansey
|-damage|p2a: Chansey|76/100
|
|upkeep
|turn|223
|
|t:|1662944387
|switch|p1a: Hippowdon|Hippowdon, F|100/100
|-damage|p1a: Hippowdon|94/100|[from] Stealth Rock
|-weather|Sandstorm|[from] ability: Sand Stream|[of] p1a: Hippowdon
|move|p2a: Chansey|Teleport|p2a: Chansey
|
|t:|1662944389
|switch|p2a: Corsola|Corsola-Galar, F|49/100|[from]move: Teleport
|-damage|p2a: Corsola|37/100|[from] Stealth Rock
|
|-weather|Sandstorm|[upkeep]
|-damage|p2a: Corsola|30/100|[from] Sandstorm
|upkeep
|turn|224
|inactive|DanoneWasTaken has 60 seconds left.
|
|t:|1662944395
|move|p1a: Hippowdon|Earthquake|p2a: Corsola
|-damage|p2a: Corsola|5/100
|move|p2a: Corsola|Strength Sap|p1a: Hippowdon
|-unboost|p1a: Hippowdon|atk|1
|-heal|p2a: Corsola|85/100
|
|-weather|Sandstorm|[upkeep]
|-damage|p2a: Corsola|79/100|[from] Sandstorm
|upkeep
|turn|225
|
|t:|1662944399
|switch|p2a: Suicune|Suicune|69/100 slp
|-damage|p2a: Suicune|57/100 slp|[from] Stealth Rock
|-ability|p2a: Suicune|Pressure
|move|p1a: Hippowdon|Toxic||[still]
|-fail|p1a: Hippowdon
|
|-weather|Sandstorm|[upkeep]
|-damage|p2a: Suicune|50/100 slp|[from] Sandstorm
|-heal|p2a: Suicune|57/100 slp|[from] item: Leftovers
|upkeep
|turn|226
|
|t:|1662944413
|switch|p1a: Chansey|Chansey, F|100/100
|-damage|p1a: Chansey|88/100|[from] Stealth Rock
|-curestatus|p2a: Suicune|slp|[msg]
|move|p2a: Suicune|Rest|p2a: Suicune
|-status|p2a: Suicune|slp|[from] move: Rest
|-heal|p2a: Suicune|100/100 slp|[silent]
|
|-weather|Sandstorm|[upkeep]
|-damage|p2a: Suicune|94/100 slp|[from] Sandstorm
|-damage|p1a: Chansey|82/100|[from] Sandstorm
|-heal|p2a: Suicune|100/100 slp|[from] item: Leftovers
|upkeep
|turn|227
|
|t:|1662944417
|switch|p2a: Chansey|Chansey, F|76/100
|-damage|p2a: Chansey|64/100|[from] Stealth Rock
|move|p1a: Chansey|Covet|p2a: Chansey
|-damage|p2a: Chansey|61/100
|
|-weather|none
|upkeep
|turn|228
|
|t:|1662944424
|move|p1a: Chansey|Covet|p2a: Chansey
|-damage|p2a: Chansey|59/100
|move|p2a: Chansey|Seismic Toss|p1a: Chansey
|-damage|p1a: Chansey|68/100
|
|upkeep
|turn|229
|inactive|DanoneWasTaken has 60 seconds left.
|
|t:|1662944429
|switch|p1a: Hippowdon|Hippowdon, F|94/100
|-damage|p1a: Hippowdon|88/100|[from] Stealth Rock
|-weather|Sandstorm|[from] ability: Sand Stream|[of] p1a: Hippowdon
|move|p2a: Chansey|Seismic Toss|p1a: Hippowdon
|-damage|p1a: Hippowdon|64/100
|-damage|p2a: Chansey|42/100|[from] item: Rocky Helmet|[of] p1a: Hippowdon
|
|-weather|Sandstorm|[upkeep]
|-damage|p2a: Chansey|36/100|[from] Sandstorm
|upkeep
|turn|230
|
|t:|1662944433
|switch|p2a: Suicune|Suicune|100/100 slp
|-damage|p2a: Suicune|88/100 slp|[from] Stealth Rock
|-ability|p2a: Suicune|Pressure
|move|p1a: Hippowdon|Slack Off|p1a: Hippowdon
|-heal|p1a: Hippowdon|100/100
|
|-weather|Sandstorm|[upkeep]
|-damage|p2a: Suicune|82/100 slp|[from] Sandstorm
|-heal|p2a: Suicune|88/100 slp|[from] item: Leftovers
|upkeep
|turn|231
|inactive|DanoneWasTaken has 60 seconds left.
|
|t:|1662944439
|switch|p1a: Articuno|Articuno|88/100
|-ability|p1a: Articuno|Pressure
|cant|p2a: Suicune|slp
|
|-weather|Sandstorm|[upkeep]
|-damage|p1a: Articuno|82/100|[from] Sandstorm
|-damage|p2a: Suicune|82/100 slp|[from] Sandstorm
|-heal|p2a: Suicune|88/100 slp|[from] item: Leftovers
|upkeep
|turn|232
|
|t:|1662944442
|switch|p2a: Corsola|Corsola-Galar, F|79/100
|-damage|p2a: Corsola|67/100|[from] Stealth Rock
|move|p1a: Articuno|Freeze-Dry|p2a: Corsola
|-damage|p2a: Corsola|56/100
|
|-weather|Sandstorm|[upkeep]
|-damage|p1a: Articuno|76/100|[from] Sandstorm
|-damage|p2a: Corsola|50/100|[from] Sandstorm
|upkeep
|turn|233
|inactive|DanoneWasTaken has 60 seconds left.
|
|t:|1662944448
|move|p1a: Articuno|Freeze-Dry|p2a: Corsola
|-damage|p2a: Corsola|37/100
|move|p2a: Corsola|Strength Sap|p1a: Articuno
|-unboost|p1a: Articuno|atk|1
|-heal|p2a: Corsola|85/100
|
|-weather|none
|upkeep
|turn|234
|inactive|DanoneWasTaken has 60 seconds left.
|inactive|GryphonEX has 120 seconds left.
GryphonEX is offering a tie.
DanoneWasTaken rejected the tie.
|
|t:|1662944471
|switch|p1a: Skarmory|Skarmory, M|100/100
|-damage|p1a: Skarmory|88/100|[from] Stealth Rock
|move|p2a: Corsola|Will-O-Wisp|p1a: Skarmory
|-status|p1a: Skarmory|brn
|
|-damage|p1a: Skarmory|82/100 brn|[from] brn
|upkeep
|turn|235
|
|t:|1662944484
|switch|p2a: Salamence|Salamence, F|20/100 tox
|-ability|p2a: Salamence|Intimidate|boost
|-unboost|p1a: Skarmory|atk|1
|move|p1a: Skarmory|Spikes|p2a: Salamence
|-sidestart|p2: GryphonEX|Spikes
|
|-damage|p2a: Salamence|14/100 tox|[from] psn
|-damage|p1a: Skarmory|76/100 brn|[from] brn
|upkeep
|turn|236
|
|t:|1662944490
|move|p2a: Salamence|Roost|p2a: Salamence
|-heal|p2a: Salamence|64/100 tox
|-singleturn|p2a: Salamence|move: Roost
|move|p1a: Skarmory|Body Press|p2a: Salamence
|-damage|p2a: Salamence|53/100 tox
|
|-damage|p2a: Salamence|41/100 tox|[from] psn
|-damage|p1a: Skarmory|70/100 brn|[from] brn
|upkeep
|turn|237
|
|t:|1662944496
|move|p2a: Salamence|Defog|p1a: Skarmory
|-unboost|p1a: Skarmory|evasion|1
|-sideend|p1: DanoneWasTaken|Stealth Rock|[from] move: Defog|[of] p2a: Salamence
|-sideend|p2: GryphonEX|Spikes|[from] move: Defog|[of] p2a: Salamence
|-sideend|p2: GryphonEX|Stealth Rock|[from] move: Defog|[of] p2a: Salamence
|move|p1a: Skarmory|Iron Defense|p1a: Skarmory
|-boost|p1a: Skarmory|def|2
|
|-damage|p2a: Salamence|23/100 tox|[from] psn
|-damage|p1a: Skarmory|64/100 brn|[from] brn
|upkeep
|turn|238
|
|t:|1662944500
|switch|p2a: Corsola|Corsola-Galar, F|85/100
|move|p1a: Skarmory|Roost|p1a: Skarmory
|-heal|p1a: Skarmory|100/100 brn
|-singleturn|p1a: Skarmory|move: Roost
|
|-damage|p1a: Skarmory|94/100 brn|[from] brn
|upkeep
|turn|239
|inactive|GryphonEX has 90 seconds left.
|
|t:|1662944517
|move|p1a: Skarmory|Spikes|p2a: Corsola
|-sidestart|p2: GryphonEX|Spikes
|move|p2a: Corsola|Night Shade|p1a: Skarmory
|-damage|p1a: Skarmory|64/100 brn
|
|-damage|p1a: Skarmory|58/100 brn|[from] brn
|upkeep
|turn|240
|
|t:|1662944524
|move|p1a: Skarmory|Spikes|p2a: Corsola
|-sidestart|p2: GryphonEX|Spikes
|move|p2a: Corsola|Night Shade|p1a: Skarmory
|-damage|p1a: Skarmory|28/100 brn
|
|-damage|p1a: Skarmory|22/100 brn|[from] brn
|upkeep
|turn|241
|
|t:|1662944526
|move|p1a: Skarmory|Roost|p1a: Skarmory
|-heal|p1a: Skarmory|73/100 brn
|-singleturn|p1a: Skarmory|move: Roost
|move|p2a: Corsola|Night Shade|p1a: Skarmory
|-damage|p1a: Skarmory|43/100 brn
|
|-damage|p1a: Skarmory|37/100 brn|[from] brn
|upkeep
|turn|242
|
|t:|1662944528
|move|p1a: Skarmory|Roost|p1a: Skarmory
|-heal|p1a: Skarmory|87/100 brn
|-singleturn|p1a: Skarmory|move: Roost
|move|p2a: Corsola|Night Shade|p1a: Skarmory
|-damage|p1a: Skarmory|57/100 brn
|
|-damage|p1a: Skarmory|51/100 brn|[from] brn
|upkeep
|turn|243
|
|t:|1662944531
|move|p1a: Skarmory|Roost|p1a: Skarmory
|-heal|p1a: Skarmory|100/100 brn
|-singleturn|p1a: Skarmory|move: Roost
|move|p2a: Corsola|Night Shade|p1a: Skarmory
|-damage|p1a: Skarmory|70/100 brn
|
|-damage|p1a: Skarmory|64/100 brn|[from] brn
|upkeep
|turn|244
|
|t:|1662944543
|switch|p1a: Chansey|Chansey, F|68/100
|move|p2a: Corsola|Stealth Rock|p1a: Chansey
|-sidestart|p1: DanoneWasTaken|move: Stealth Rock
|
|upkeep
|turn|245
|
|t:|1662944549
|switch|p2a: Suicune|Suicune|88/100 slp
|-damage|p2a: Suicune|72/100 slp|[from] Spikes
|-ability|p2a: Suicune|Pressure
|move|p1a: Chansey|Toxic||[still]
|-fail|p1a: Chansey
|
|-heal|p2a: Suicune|78/100 slp|[from] item: Leftovers
|upkeep
|turn|246
|
|t:|1662944553
|cant|p2a: Suicune|slp
|move|p1a: Chansey|Covet|p2a: Suicune
|-crit|p2a: Suicune
|-damage|p2a: Suicune|74/100 slp
|
|-heal|p2a: Suicune|80/100 slp|[from] item: Leftovers
|upkeep
|turn|247
|inactive|GryphonEX has 90 seconds left.
|
|t:|1662944570
|switch|p2a: Corsola|Corsola-Galar, F|85/100
|-damage|p2a: Corsola|68/100|[from] Spikes
|switch|p1a: Articuno|Articuno|76/100
|-ability|p1a: Articuno|Pressure
|
|upkeep
|turn|248
|
|t:|1662944574
|move|p1a: Articuno|Defog|p2a: Corsola
|-unboost|p2a: Corsola|evasion|1
|-sideend|p2: GryphonEX|Spikes|[from] move: Defog|[of] p1a: Articuno
|-sideend|p1: DanoneWasTaken|Stealth Rock|[from] move: Defog|[of] p1a: Articuno
|move|p2a: Corsola|Strength Sap|p1a: Articuno
|-unboost|p1a: Articuno|atk|1
|-heal|p2a: Corsola|100/100
|
|upkeep
|turn|249
|
|t:|1662944585
|switch|p1a: Chansey|Chansey, F|68/100
|move|p2a: Corsola|Stealth Rock|p1a: Chansey
|-sidestart|p1: DanoneWasTaken|move: Stealth Rock
|
|upkeep
|turn|250
|
|t:|1662944589
|switch|p2a: Suicune|Suicune|80/100 slp
|-ability|p2a: Suicune|Pressure
|move|p1a: Chansey|Toxic||[still]
|-fail|p1a: Chansey
|
|-heal|p2a: Suicune|86/100 slp|[from] item: Leftovers
|upkeep
|turn|251
|inactive|GryphonEX has 90 seconds left.
|
|t:|1662944600
|switch|p2a: Chansey|Chansey, F|36/100
|move|p1a: Chansey|Covet|p2a: Chansey
|-damage|p2a: Chansey|33/100
|
|upkeep
|turn|252
|
|t:|1662944605
|switch|p1a: Skarmory|Skarmory, M|64/100 brn
|-damage|p1a: Skarmory|52/100 brn|[from] Stealth Rock
|move|p2a: Chansey|Soft-Boiled|p2a: Chansey
|-heal|p2a: Chansey|83/100
|
|-damage|p1a: Skarmory|46/100 brn|[from] brn
|upkeep
|turn|253
|
|t:|1662944609
|switch|p2a: Corsola|Corsola-Galar, F|100/100
|move|p1a: Skarmory|Roost|p1a: Skarmory
|-heal|p1a: Skarmory|96/100 brn
|-singleturn|p1a: Skarmory|move: Roost
|
|-damage|p1a: Skarmory|90/100 brn|[from] brn
|upkeep
|turn|254
|
|t:|1662944612
|switch|p1a: Articuno|Articuno|76/100
|-ability|p1a: Articuno|Pressure
|move|p2a: Corsola|Night Shade|p1a: Articuno
|-damage|p1a: Articuno|50/100
|
|upkeep
|turn|255
|
|t:|1662944617
|move|p1a: Articuno|Roost|p1a: Articuno
|-heal|p1a: Articuno|100/100
|-singleturn|p1a: Articuno|move: Roost
|move|p2a: Corsola|Will-O-Wisp|p1a: Articuno
|-status|p1a: Articuno|brn
|
|-damage|p1a: Articuno|94/100 brn|[from] brn
|upkeep
|turn|256
|inactive|GryphonEX has 90 seconds left.
|
|t:|1662944637
|switch|p2a: Hydreigon|Hydreigon, F|60/100 brn
|move|p1a: Articuno|Defog|p2a: Hydreigon
|-unboost|p2a: Hydreigon|evasion|1
|-sideend|p1: DanoneWasTaken|Stealth Rock|[from] move: Defog|[of] p1a: Articuno
|
|-damage|p2a: Hydreigon|54/100 brn|[from] brn
|-damage|p1a: Articuno|88/100 brn|[from] brn
|upkeep
|turn|257
|
|t:|1662944650
|switch|p1a: Chansey|Chansey, F|68/100
|move|p2a: Hydreigon|Flamethrower|p1a: Chansey
|-damage|p1a: Chansey|53/100
|
|-damage|p2a: Hydreigon|48/100 brn|[from] brn
|upkeep
|turn|258
|
|t:|1662944659
|move|p2a: Hydreigon|Flamethrower|p1a: Chansey
|-damage|p1a: Chansey|39/100
|-status|p1a: Chansey|brn
|move|p1a: Chansey|Soft-Boiled|p1a: Chansey
|-heal|p1a: Chansey|89/100 brn
|
|-damage|p2a: Hydreigon|42/100 brn|[from] brn
|-damage|p1a: Chansey|83/100 brn|[from] brn
|upkeep
|turn|259
|
|t:|1662944668
|switch|p2a: Chansey|Chansey, F|83/100
|-curestatus|p1a: Chansey|brn|[from] ability: Natural Cure
|switch|p1a: Jellicent|Jellicent, M|94/100
|
|upkeep
|turn|260
|
|t:|1662944673
|switch|p2a: Suicune|Suicune|86/100 slp
|-ability|p2a: Suicune|Pressure
|move|p1a: Jellicent|Will-O-Wisp|p2a: Suicune|[miss]
|-miss|p1a: Jellicent|p2a: Suicune
|
|-heal|p2a: Suicune|92/100 slp|[from] item: Leftovers
|upkeep
|turn|261
|inactive|DanoneWasTaken has 60 seconds left.
|inactive|GryphonEX has 60 seconds left.
|
|t:|1662944684
|switch|p1a: Articuno|Articuno|88/100 brn
|-ability|p1a: Articuno|Pressure
|-curestatus|p2a: Suicune|slp|[msg]
|move|p2a: Suicune|Calm Mind|p2a: Suicune
|-boost|p2a: Suicune|spa|1
|-boost|p2a: Suicune|spd|1
|
|-heal|p2a: Suicune|99/100|[from] item: Leftovers
|-damage|p1a: Articuno|82/100 brn|[from] brn
|upkeep
|turn|262
|inactive|DanoneWasTaken has 60 seconds left.
|inactive|GryphonEX has 60 seconds left.
|
|t:|1662944691
|switch|p2a: Chansey|Chansey, F|83/100
|move|p1a: Articuno|Freeze-Dry|p2a: Chansey
|-damage|p2a: Chansey|77/100
|
|-damage|p1a: Articuno|76/100 brn|[from] brn
|upkeep
|turn|263
|
|t:|1662944698
|switch|p1a: Hippowdon|Hippowdon, F|100/100
|-weather|Sandstorm|[from] ability: Sand Stream|[of] p1a: Hippowdon
|move|p2a: Chansey|Teleport|p2a: Chansey
|inactive|GryphonEX has 60 seconds left.
|
|t:|1662944705
|switch|p2a: Hydreigon|Hydreigon, F|42/100 brn|[from]move: Teleport
|
|-weather|Sandstorm|[upkeep]
|-damage|p2a: Hydreigon|36/100 brn|[from] Sandstorm
|-damage|p2a: Hydreigon|29/100 brn|[from] brn
|upkeep
|turn|264
|
|t:|1662944711
|move|p2a: Hydreigon|Roost|p2a: Hydreigon
|-heal|p2a: Hydreigon|80/100 brn
|-singleturn|p2a: Hydreigon|move: Roost
|move|p1a: Hippowdon|Stealth Rock|p2a: Hydreigon
|-sidestart|p2: GryphonEX|move: Stealth Rock
|
|-weather|Sandstorm|[upkeep]
|-damage|p2a: Hydreigon|73/100 brn|[from] Sandstorm
|-damage|p2a: Hydreigon|67/100 brn|[from] brn
|upkeep
|turn|265
|inactive|GryphonEX has 60 seconds left.
|
|t:|1662944716
|move|p2a: Hydreigon|Roost|p2a: Hydreigon
|-heal|p2a: Hydreigon|100/100 brn
|-singleturn|p2a: Hydreigon|move: Roost
|move|p1a: Hippowdon|Earthquake|p2a: Hydreigon
|-immune|p2a: Hydreigon|[from] ability: Levitate
|
|-weather|Sandstorm|[upkeep]
|-damage|p2a: Hydreigon|94/100 brn|[from] Sandstorm
|-damage|p2a: Hydreigon|88/100 brn|[from] brn
|upkeep
|turn|266
|
|t:|1662944723
|switch|p2a: Suicune|Suicune|99/100
|-damage|p2a: Suicune|86/100|[from] Stealth Rock
|-ability|p2a: Suicune|Pressure
|move|p1a: Hippowdon|Toxic|p2a: Suicune
|-status|p2a: Suicune|tox
|
|-weather|Sandstorm|[upkeep]
|-damage|p2a: Suicune|80/100 tox|[from] Sandstorm
|-heal|p2a: Suicune|86/100 tox|[from] item: Leftovers
|-damage|p2a: Suicune|80/100 tox|[from] psn
|upkeep
|turn|267
|
|t:|1662944751
|switch|p2a: Hydreigon|Hydreigon, F|88/100 brn
|-damage|p2a: Hydreigon|76/100 brn|[from] Stealth Rock
|switch|p1a: Articuno|Articuno|76/100 brn
|-ability|p1a: Articuno|Pressure
|
|-weather|none
|-damage|p2a: Hydreigon|70/100 brn|[from] brn
|-damage|p1a: Articuno|70/100 brn|[from] brn
|upkeep
|turn|268
|inactive|GryphonEX has 30 seconds left.
|
|t:|1662944771
|switch|p1a: Chansey|Chansey, F|83/100
|move|p2a: Hydreigon|Flamethrower|p1a: Chansey
|-damage|p1a: Chansey|69/100
|
|-damage|p2a: Hydreigon|64/100 brn|[from] brn
|upkeep
|turn|269
|
|t:|1662944776
|switch|p2a: Suicune|Suicune|80/100 tox
|-damage|p2a: Suicune|68/100 tox|[from] Stealth Rock
|-ability|p2a: Suicune|Pressure
|move|p1a: Chansey|Covet|p2a: Suicune
|-damage|p2a: Suicune|65/100 tox
|
|-heal|p2a: Suicune|71/100 tox|[from] item: Leftovers
|-damage|p2a: Suicune|65/100 tox|[from] psn
|upkeep
|turn|270
|
|t:|1662944783
|switch|p1a: Articuno|Articuno|70/100 brn
|-ability|p1a: Articuno|Pressure
|move|p2a: Suicune|Rest|p2a: Suicune
|-status|p2a: Suicune|slp|[from] move: Rest
|-heal|p2a: Suicune|100/100 slp|[silent]
|
|-damage|p1a: Articuno|64/100 brn|[from] brn
|upkeep
|turn|271
|
|t:|1662944797
|switch|p2a: Corsola|Corsola-Galar, F|100/100
|-damage|p2a: Corsola|88/100|[from] Stealth Rock
|move|p1a: Articuno|Freeze-Dry|p2a: Corsola
|-damage|p2a: Corsola|76/100
|
|-damage|p1a: Articuno|58/100 brn|[from] brn
|upkeep
|turn|272
|inactive|DanoneWasTaken has 30 seconds left.
|
|t:|1662944807
|move|p1a: Articuno|Roost|p1a: Articuno
|-heal|p1a: Articuno|100/100 brn
|-singleturn|p1a: Articuno|move: Roost
|move|p2a: Corsola|Stealth Rock|p1a: Articuno
|-sidestart|p1: DanoneWasTaken|move: Stealth Rock
|
|-damage|p1a: Articuno|94/100 brn|[from] brn
|upkeep
|turn|273
|
|t:|1662944810
|move|p1a: Articuno|Defog|p2a: Corsola
|-unboost|p2a: Corsola|evasion|1
|-sideend|p2: GryphonEX|Stealth Rock|[from] move: Defog|[of] p1a: Articuno
|-sideend|p1: DanoneWasTaken|Stealth Rock|[from] move: Defog|[of] p1a: Articuno
|move|p2a: Corsola|Night Shade|p1a: Articuno
|-damage|p1a: Articuno|68/100 brn
|
|-damage|p1a: Articuno|62/100 brn|[from] brn
|upkeep
|turn|274
|inactive|DanoneWasTaken has 30 seconds left.
|inactive|DanoneWasTaken has 20 seconds left.
|inactive|DanoneWasTaken has 15 seconds left.
|
|t:|1662944831
|switch|p1a: Skarmory|Skarmory, M|90/100 brn
|move|p2a: Corsola|Will-O-Wisp|p1a: Skarmory
|-fail|p1a: Skarmory|brn
|
|-damage|p1a: Skarmory|84/100 brn|[from] brn
|upkeep
|turn|275
|inactive|DanoneWasTaken has 20 seconds left this turn.
|
|t:|1662944836
|move|p1a: Skarmory|Iron Defense|p1a: Skarmory
|-boost|p1a: Skarmory|def|2
|move|p2a: Corsola|Night Shade|p1a: Skarmory
|-damage|p1a: Skarmory|54/100 brn
|
|-damage|p1a: Skarmory|48/100 brn|[from] brn
|upkeep
|turn|276
|inactive|DanoneWasTaken has 20 seconds left this turn.
|
|t:|1662944839
|move|p1a: Skarmory|Roost|p1a: Skarmory
|-heal|p1a: Skarmory|98/100 brn
|-singleturn|p1a: Skarmory|move: Roost
|move|p2a: Corsola|Night Shade|p1a: Skarmory
|-damage|p1a: Skarmory|68/100 brn
|
|-damage|p1a: Skarmory|62/100 brn|[from] brn
|upkeep
|turn|277
|inactive|DanoneWasTaken has 25 seconds left this turn.
|inactive|DanoneWasTaken has 20 seconds left.
|
|t:|1662944845
|switch|p1a: Umbreon|Umbreon, F, shiny|100/100
|move|p2a: Corsola|Night Shade|p1a: Umbreon
|-damage|p1a: Umbreon|75/100
|
|-heal|p1a: Umbreon|81/100|[from] item: Leftovers
|upkeep
|turn|278
|inactive|DanoneWasTaken has 20 seconds left this turn.
|
|t:|1662944849
|switch|p2a: Suicune|Suicune|100/100 slp
|-ability|p2a: Suicune|Pressure
|move|p1a: Umbreon|Wish|p1a: Umbreon
|
|-heal|p1a: Umbreon|87/100|[from] item: Leftovers
|upkeep
|turn|279
|inactive|DanoneWasTaken has 25 seconds left this turn.
|inactive|DanoneWasTaken has 20 seconds left.
|
|t:|1662944855
|switch|p1a: Skarmory|Skarmory, M|62/100 brn
|cant|p2a: Suicune|slp
|
|-heal|p1a: Skarmory|100/100 brn|[from] move: Wish|[wisher] Umbreon
|-damage|p1a: Skarmory|94/100 brn|[from] brn
|upkeep
|turn|280
|inactive|DanoneWasTaken has 20 seconds left this turn.
|inactive|DanoneWasTaken has 15 seconds left.
|
|t:|1662944861
|switch|p2a: Corsola|Corsola-Galar, F|76/100
|switch|p1a: Articuno|Articuno|62/100 brn
|-ability|p1a: Articuno|Pressure
|
|-damage|p1a: Articuno|56/100 brn|[from] brn
|upkeep
|turn|281
|inactive|DanoneWasTaken has 20 seconds left this turn.
|
|t:|1662944864
|move|p1a: Articuno|Roost|p1a: Articuno
|-heal|p1a: Articuno|100/100 brn
|-singleturn|p1a: Articuno|move: Roost
|move|p2a: Corsola|Stealth Rock|p1a: Articuno
|-sidestart|p1: DanoneWasTaken|move: Stealth Rock
|
|-damage|p1a: Articuno|94/100 brn|[from] brn
|upkeep
|turn|282
|inactive|DanoneWasTaken has 20 seconds left this turn.
|
|t:|1662944867
|move|p1a: Articuno|Defog|p2a: Corsola
|-unboost|p2a: Corsola|evasion|1
|-sideend|p1: DanoneWasTaken|Stealth Rock|[from] move: Defog|[of] p1a: Articuno
|move|p2a: Corsola|Night Shade|p1a: Articuno
|-damage|p1a: Articuno|68/100 brn
|
|-damage|p1a: Articuno|62/100 brn|[from] brn
|upkeep
|turn|283
|inactive|DanoneWasTaken has 25 seconds left this turn.
|
|t:|1662944870
|switch|p1a: Hippowdon|Hippowdon, F|100/100
|-weather|Sandstorm|[from] ability: Sand Stream|[of] p1a: Hippowdon
|move|p2a: Corsola|Strength Sap|p1a: Hippowdon
|-unboost|p1a: Hippowdon|atk|1
|-heal|p2a: Corsola|100/100
|
|-weather|Sandstorm|[upkeep]
|-damage|p2a: Corsola|94/100|[from] Sandstorm
|upkeep
|turn|284
|inactive|DanoneWasTaken has 25 seconds left this turn.
|
|t:|1662944875
|switch|p2a: Suicune|Suicune|100/100 slp
|-ability|p2a: Suicune|Pressure
|move|p1a: Hippowdon|Earthquake|p2a: Suicune
|-damage|p2a: Suicune|86/100 slp
|
|-weather|Sandstorm|[upkeep]
|-damage|p2a: Suicune|80/100 slp|[from] Sandstorm
|-heal|p2a: Suicune|86/100 slp|[from] item: Leftovers
|upkeep
|turn|285
|inactive|DanoneWasTaken has 30 seconds left this turn.
|
|t:|1662944881
|switch|p2a: Hydreigon|Hydreigon, F|64/100 brn
|move|p1a: Hippowdon|Stealth Rock|p2a: Hydreigon
|-sidestart|p2: GryphonEX|move: Stealth Rock
|
|-weather|Sandstorm|[upkeep]
|-damage|p2a: Hydreigon|57/100 brn|[from] Sandstorm
|-damage|p2a: Hydreigon|51/100 brn|[from] brn
|upkeep
|turn|286
|inactive|DanoneWasTaken has 30 seconds left this turn.
|
|t:|1662944887
|switch|p1a: Chansey|Chansey, F|69/100
|move|p2a: Hydreigon|Roost|p2a: Hydreigon
|-heal|p2a: Hydreigon|100/100 brn
|-singleturn|p2a: Hydreigon|move: Roost
|
|-weather|Sandstorm|[upkeep]
|-damage|p2a: Hydreigon|94/100 brn|[from] Sandstorm
|-damage|p1a: Chansey|63/100|[from] Sandstorm
|-damage|p2a: Hydreigon|88/100 brn|[from] brn
|upkeep
|turn|287
|inactive|DanoneWasTaken has 30 seconds left this turn.
|
|t:|1662944890
|switch|p2a: Chansey|Chansey, F|77/100
|-damage|p2a: Chansey|64/100|[from] Stealth Rock
|move|p1a: Chansey|Covet|p2a: Chansey
|-damage|p2a: Chansey|62/100
|
|-weather|none
|upkeep
|turn|288
|inactive|DanoneWasTaken has 30 seconds left this turn.
|
|t:|1662944893
|switch|p1a: Hippowdon|Hippowdon, F|100/100
|-weather|Sandstorm|[from] ability: Sand Stream|[of] p1a: Hippowdon
|move|p2a: Chansey|Seismic Toss|p1a: Hippowdon
|-damage|p1a: Hippowdon|77/100
|-damage|p2a: Chansey|45/100|[from] item: Rocky Helmet|[of] p1a: Hippowdon
|
|-weather|Sandstorm|[upkeep]
|-damage|p2a: Chansey|39/100|[from] Sandstorm
|upkeep
|turn|289
|
|t:|1662944899
|switch|p2a: Suicune|Suicune|86/100 slp
|-damage|p2a: Suicune|74/100 slp|[from] Stealth Rock
|-ability|p2a: Suicune|Pressure
|move|p1a: Hippowdon|Stealth Rock||[still]
|-fail|p1a: Hippowdon
|
|-weather|Sandstorm|[upkeep]
|-damage|p2a: Suicune|68/100 slp|[from] Sandstorm
|-heal|p2a: Suicune|74/100 slp|[from] item: Leftovers
|upkeep
|turn|290
|
|t:|1662944907
|switch|p1a: Chansey|Chansey, F|63/100
|cant|p2a: Suicune|slp
|
|-weather|Sandstorm|[upkeep]
|-damage|p2a: Suicune|68/100 slp|[from] Sandstorm
|-damage|p1a: Chansey|57/100|[from] Sandstorm
|-heal|p2a: Suicune|74/100 slp|[from] item: Leftovers
|upkeep
|turn|291
|
|t:|1662944912
|switch|p2a: Corsola|Corsola-Galar, F|94/100
|-damage|p2a: Corsola|82/100|[from] Stealth Rock
|move|p1a: Chansey|Covet|p2a: Corsola
|-immune|p2a: Corsola
|
|-weather|Sandstorm|[upkeep]
|-damage|p1a: Chansey|51/100|[from] Sandstorm
|-damage|p2a: Corsola|76/100|[from] Sandstorm
|upkeep
|turn|292
|
|t:|1662944917
|move|p1a: Chansey|Covet|p2a: Corsola
|-immune|p2a: Corsola
|move|p2a: Corsola|Will-O-Wisp|p1a: Chansey
|-status|p1a: Chansey|brn
|
|-weather|none
|-damage|p1a: Chansey|45/100 brn|[from] brn
|upkeep
|turn|293
|
|t:|1662944920
|move|p1a: Chansey|Soft-Boiled|p1a: Chansey
|-heal|p1a: Chansey|95/100 brn
|move|p2a: Corsola|Stealth Rock|p1a: Chansey
|-sidestart|p1: DanoneWasTaken|move: Stealth Rock
|
|-damage|p1a: Chansey|89/100 brn|[from] brn
|upkeep
|turn|294
|inactive|DanoneWasTaken has 30 seconds left.
|
|t:|1662944930
|-curestatus|p1a: Chansey|brn|[from] ability: Natural Cure
|switch|p1a: Umbreon|Umbreon, F, shiny|87/100
|-damage|p1a: Umbreon|75/100|[from] Stealth Rock
|move|p2a: Corsola|Will-O-Wisp|p1a: Umbreon
|-status|p1a: Umbreon|brn
|
|-heal|p1a: Umbreon|81/100 brn|[from] item: Leftovers
|-damage|p1a: Umbreon|75/100 brn|[from] brn
|upkeep
|turn|295
|
|t:|1662944936
|switch|p2a: Chansey|Chansey, F|39/100
|-damage|p2a: Chansey|27/100|[from] Stealth Rock
|move|p1a: Umbreon|Toxic|p2a: Chansey
|-status|p2a: Chansey|tox
|
|-heal|p1a: Umbreon|81/100 brn|[from] item: Leftovers
|-damage|p2a: Chansey|21/100 tox|[from] psn
|-damage|p1a: Umbreon|75/100 brn|[from] brn
|upkeep
|turn|296
|
|t:|1662944941
|move|p1a: Umbreon|Foul Play|p2a: Chansey
|-damage|p2a: Chansey|20/100 tox
|move|p2a: Chansey|Soft-Boiled|p2a: Chansey
|-heal|p2a: Chansey|70/100 tox
|
|-heal|p1a: Umbreon|81/100 brn|[from] item: Leftovers
|-damage|p2a: Chansey|58/100 tox|[from] psn
|-damage|p1a: Umbreon|75/100 brn|[from] brn
|upkeep
|turn|297
|
|t:|1662944946
|-curestatus|p2a: Chansey|tox|[from] ability: Natural Cure
|switch|p2a: Suicune|Suicune|74/100 slp
|-damage|p2a: Suicune|61/100 slp|[from] Stealth Rock
|-ability|p2a: Suicune|Pressure
|move|p1a: Umbreon|Wish|p1a: Umbreon
|
|-heal|p2a: Suicune|68/100 slp|[from] item: Leftovers
|-heal|p1a: Umbreon|81/100 brn|[from] item: Leftovers
|-damage|p1a: Umbreon|75/100 brn|[from] brn
|upkeep
|turn|298
|
|t:|1662944952
|switch|p1a: Articuno|Articuno|62/100 brn
|-ability|p1a: Articuno|Pressure
|-curestatus|p2a: Suicune|slp|[msg]
|move|p2a: Suicune|Calm Mind|p2a: Suicune
|-boost|p2a: Suicune|spa|1
|-boost|p2a: Suicune|spd|1
|
|-heal|p1a: Articuno|100/100 brn|[from] move: Wish|[wisher] Umbreon
|-heal|p2a: Suicune|74/100|[from] item: Leftovers
|-damage|p1a: Articuno|94/100 brn|[from] brn
|upkeep
|turn|299
|
|t:|1662944959
|switch|p1a: Jellicent|Jellicent, M|94/100
|switch|p2a: Corsola|Corsola-Galar, F|76/100
|-damage|p2a: Corsola|63/100|[from] Stealth Rock
|
|upkeep
|turn|300
|
|t:|1662944963
|switch|p2a: Suicune|Suicune|74/100
|-damage|p2a: Suicune|61/100|[from] Stealth Rock
|-ability|p2a: Suicune|Pressure
|move|p1a: Jellicent|Will-O-Wisp|p2a: Suicune
|-status|p2a: Suicune|brn
|
|-heal|p2a: Suicune|68/100 brn|[from] item: Leftovers
|-damage|p2a: Suicune|61/100 brn|[from] brn
|upkeep
|turn|301
|
|t:|1662944975
|switch|p2a: Chansey|Chansey, F|58/100
|-damage|p2a: Chansey|45/100|[from] Stealth Rock
|move|p1a: Jellicent|Taunt|p2a: Chansey
|-start|p2a: Chansey|move: Taunt
|
|upkeep
|turn|302
|inactive|DanoneWasTaken has 30 seconds left.
|
|t:|1662944987
|switch|p1a: Skarmory|Skarmory, M|94/100 brn
|-damage|p1a: Skarmory|82/100 brn|[from] Stealth Rock
|switch|p2a: Suicune|Suicune|61/100 brn
|-damage|p2a: Suicune|49/100 brn|[from] Stealth Rock
|-ability|p2a: Suicune|Pressure
|
|-heal|p2a: Suicune|55/100 brn|[from] item: Leftovers
|-damage|p2a: Suicune|49/100 brn|[from] brn
|-damage|p1a: Skarmory|76/100 brn|[from] brn
|upkeep
|turn|303
|inactive|DanoneWasTaken has 30 seconds left.
|
|t:|1662944995
|move|p2a: Suicune|Rest|p2a: Suicune
|-status|p2a: Suicune|slp|[from] move: Rest
|-heal|p2a: Suicune|100/100 slp|[silent]
|move|p1a: Skarmory|Body Press|p2a: Suicune
|-damage|p2a: Suicune|93/100 slp
|
|-heal|p2a: Suicune|99/100 slp|[from] item: Leftovers
|-damage|p1a: Skarmory|70/100 brn|[from] brn
|upkeep
|turn|304
|inactive|DanoneWasTaken has 30 seconds left this turn.
|inactive|GryphonEX has 60 seconds left.
|
|t:|1662945005
|switch|p2a: Corsola|Corsola-Galar, F|63/100
|-damage|p2a: Corsola|51/100|[from] Stealth Rock
|switch|p1a: Chansey|Chansey, F|89/100
|-damage|p1a: Chansey|77/100|[from] Stealth Rock
|
|upkeep
|turn|305
|inactive|DanoneWasTaken has 30 seconds left this turn.
|
|t:|1662945010
|move|p1a: Chansey|Covet|p2a: Corsola
|-immune|p2a: Corsola
|move|p2a: Corsola|Will-O-Wisp|p1a: Chansey
|-status|p1a: Chansey|brn
|
|-damage|p1a: Chansey|70/100 brn|[from] brn
|upkeep
|turn|306
|inactive|DanoneWasTaken has 30 seconds left this turn.
|
|t:|1662945015
|move|p1a: Chansey|Covet|p2a: Corsola
|-immune|p2a: Corsola
|move|p2a: Corsola|Strength Sap|p1a: Chansey
|-unboost|p1a: Chansey|atk|1
|-heal|p2a: Corsola|66/100
|
|-damage|p1a: Chansey|64/100 brn|[from] brn
|upkeep
|turn|307
|inactive|DanoneWasTaken has 30 seconds left.
|
|t:|1662945025
|-curestatus|p1a: Chansey|brn|[from] ability: Natural Cure
|switch|p1a: Hippowdon|Hippowdon, F|77/100
|-damage|p1a: Hippowdon|70/100|[from] Stealth Rock
|-weather|Sandstorm|[from] ability: Sand Stream|[of] p1a: Hippowdon
|switch|p2a: Hydreigon|Hydreigon, F|88/100 brn
|-damage|p2a: Hydreigon|76/100 brn|[from] Stealth Rock
|
|-weather|Sandstorm|[upkeep]
|-damage|p2a: Hydreigon|70/100 brn|[from] Sandstorm
|-damage|p2a: Hydreigon|64/100 brn|[from] brn
|upkeep
|turn|308
|inactive|DanoneWasTaken has 25 seconds left this turn.
|inactive|DanoneWasTaken has 20 seconds left.
|
|t:|1662945030
|move|p2a: Hydreigon|Roost|p2a: Hydreigon
|-heal|p2a: Hydreigon|100/100 brn
|-singleturn|p2a: Hydreigon|move: Roost
|move|p1a: Hippowdon|Slack Off|p1a: Hippowdon
|-heal|p1a: Hippowdon|100/100
|
|-weather|Sandstorm|[upkeep]
|-damage|p2a: Hydreigon|94/100 brn|[from] Sandstorm
|-damage|p2a: Hydreigon|88/100 brn|[from] brn
|upkeep
|turn|309
|inactive|DanoneWasTaken has 25 seconds left this turn.
|
|t:|1662945036
|switch|p2a: Suicune|Suicune|99/100 slp
|-damage|p2a: Suicune|86/100 slp|[from] Stealth Rock
|-ability|p2a: Suicune|Pressure
|switch|p1a: Chansey|Chansey, F|64/100
|-damage|p1a: Chansey|52/100|[from] Stealth Rock
|
|-weather|Sandstorm|[upkeep]
|-damage|p2a: Suicune|80/100 slp|[from] Sandstorm
|-damage|p1a: Chansey|46/100|[from] Sandstorm
|-heal|p2a: Suicune|86/100 slp|[from] item: Leftovers
|upkeep
|turn|310
|inactive|DanoneWasTaken has 25 seconds left this turn.
|
|t:|1662945040
|switch|p2a: Corsola|Corsola-Galar, F|66/100
|-damage|p2a: Corsola|54/100|[from] Stealth Rock
|move|p1a: Chansey|Soft-Boiled|p1a: Chansey
|-heal|p1a: Chansey|96/100
|
|-weather|Sandstorm|[upkeep]
|-damage|p1a: Chansey|90/100|[from] Sandstorm
|-damage|p2a: Corsola|47/100|[from] Sandstorm
|upkeep
|turn|311
|inactive|DanoneWasTaken has 30 seconds left this turn.
|
|t:|1662945049
|switch|p1a: Jellicent|Jellicent, M|94/100
|move|p2a: Corsola|Will-O-Wisp|p1a: Jellicent
|-status|p1a: Jellicent|brn
|
|-weather|none
|-damage|p1a: Jellicent|88/100 brn|[from] brn
|upkeep
|turn|312
|inactive|DanoneWasTaken has 25 seconds left this turn.
|inactive|DanoneWasTaken has 20 seconds left.
|
|t:|1662945056
|switch|p2a: Suicune|Suicune|86/100 slp
|-damage|p2a: Suicune|74/100 slp|[from] Stealth Rock
|-ability|p2a: Suicune|Pressure
|move|p1a: Jellicent|Will-O-Wisp||[still]
|-fail|p1a: Jellicent
|
|-heal|p2a: Suicune|80/100 slp|[from] item: Leftovers
|-damage|p1a: Jellicent|82/100 brn|[from] brn
|upkeep
|turn|313
|inactive|DanoneWasTaken has 25 seconds left this turn.
|
|t:|1662945064
|switch|p1a: Chansey|Chansey, F|90/100
|-damage|p1a: Chansey|77/100|[from] Stealth Rock
|cant|p2a: Suicune|slp
|
|-heal|p2a: Suicune|86/100 slp|[from] item: Leftovers
|upkeep
|turn|314
|inactive|DanoneWasTaken has 25 seconds left this turn.
|
|t:|1662945068
|switch|p2a: Corsola|Corsola-Galar, F|47/100
|-damage|p2a: Corsola|35/100|[from] Stealth Rock
|move|p1a: Chansey|Covet|p2a: Corsola
|-immune|p2a: Corsola
|
|upkeep
|turn|315
|inactive|DanoneWasTaken has 30 seconds left this turn.
|
|t:|1662945072
|switch|p1a: Umbreon|Umbreon, F, shiny|75/100 brn
|-damage|p1a: Umbreon|62/100 brn|[from] Stealth Rock
|move|p2a: Corsola|Strength Sap|p1a: Umbreon
|-unboost|p1a: Umbreon|atk|1
|-heal|p2a: Corsola|72/100
|
|-heal|p1a: Umbreon|68/100 brn|[from] item: Leftovers
|-damage|p1a: Umbreon|62/100 brn|[from] brn
|upkeep
|turn|316
|inactive|DanoneWasTaken has 30 seconds left this turn.
|
|t:|1662945076
|switch|p2a: Suicune|Suicune|86/100 slp
|-damage|p2a: Suicune|74/100 slp|[from] Stealth Rock
|-ability|p2a: Suicune|Pressure
|move|p1a: Umbreon|Wish|p1a: Umbreon
|
|-heal|p2a: Suicune|80/100 slp|[from] item: Leftovers
|-heal|p1a: Umbreon|68/100 brn|[from] item: Leftovers
|-damage|p1a: Umbreon|62/100 brn|[from] brn
|upkeep
|turn|317
|inactive|DanoneWasTaken has 30 seconds left.
|
|t:|1662945085
|switch|p2a: Hydreigon|Hydreigon, F|88/100 brn
|-damage|p2a: Hydreigon|76/100 brn|[from] Stealth Rock
|move|p1a: Umbreon|Foul Play|p2a: Hydreigon
|-resisted|p2a: Hydreigon
|-damage|p2a: Hydreigon|68/100 brn
|
|-heal|p1a: Umbreon|100/100 brn|[from] move: Wish|[wisher] Umbreon
|-damage|p2a: Hydreigon|61/100 brn|[from] brn
|-damage|p1a: Umbreon|94/100 brn|[from] brn
|upkeep
|turn|318
|inactive|DanoneWasTaken has 30 seconds left this turn.
|
|t:|1662945093
|switch|p2a: Suicune|Suicune|80/100 slp
|-damage|p2a: Suicune|68/100 slp|[from] Stealth Rock
|-ability|p2a: Suicune|Pressure
|move|p1a: Umbreon|Protect||[still]
|-fail|p1a: Umbreon
|
|-heal|p2a: Suicune|74/100 slp|[from] item: Leftovers
|-heal|p1a: Umbreon|100/100 brn|[from] item: Leftovers
|-damage|p1a: Umbreon|94/100 brn|[from] brn
|upkeep
|turn|319
|inactive|DanoneWasTaken has 30 seconds left this turn.
|inactive|DanoneWasTaken has 20 seconds left.
|
|t:|1662945104
|switch|p1a: Chansey|Chansey, F|77/100
|-damage|p1a: Chansey|65/100|[from] Stealth Rock
|cant|p2a: Suicune|slp
|
|-heal|p2a: Suicune|80/100 slp|[from] item: Leftovers
|upkeep
|turn|320
|inactive|DanoneWasTaken has 20 seconds left this turn.
|
|t:|1662945108
|switch|p2a: Corsola|Corsola-Galar, F|72/100
|-damage|p2a: Corsola|60/100|[from] Stealth Rock
|move|p1a: Chansey|Covet|p2a: Corsola
|-immune|p2a: Corsola
|
|upkeep
|turn|321
|inactive|DanoneWasTaken has 25 seconds left this turn.
|
|t:|1662945110
|switch|p1a: Umbreon|Umbreon, F, shiny|94/100 brn
|-damage|p1a: Umbreon|82/100 brn|[from] Stealth Rock
|move|p2a: Corsola|Strength Sap|p1a: Umbreon
|-unboost|p1a: Umbreon|atk|1
|-heal|p2a: Corsola|97/100
|
|-heal|p1a: Umbreon|88/100 brn|[from] item: Leftovers
|-damage|p1a: Umbreon|82/100 brn|[from] brn
|upkeep
|turn|322
|inactive|DanoneWasTaken has 25 seconds left this turn.
|
|t:|1662945117
|switch|p2a: Chansey|Chansey, F|45/100
|-damage|p2a: Chansey|33/100|[from] Stealth Rock
|move|p1a: Umbreon|Wish|p1a: Umbreon
|
|-heal|p1a: Umbreon|88/100 brn|[from] item: Leftovers
|-damage|p1a: Umbreon|82/100 brn|[from] brn
|upkeep
|turn|323
|inactive|DanoneWasTaken has 30 seconds left this turn.
|
|t:|1662945122
|switch|p1a: Chansey|Chansey, F|65/100
|-damage|p1a: Chansey|53/100|[from] Stealth Rock
|move|p2a: Chansey|Soft-Boiled|p2a: Chansey
|-heal|p2a: Chansey|83/100
|
|-heal|p1a: Chansey|81/100|[from] move: Wish|[wisher] Umbreon
|upkeep
|turn|324
|inactive|DanoneWasTaken has 30 seconds left this turn.
|inactive|DanoneWasTaken has 20 seconds left.
|
|t:|1662945134
|move|p1a: Chansey|Covet|p2a: Chansey
|-damage|p2a: Chansey|80/100
|move|p2a: Chansey|Seismic Toss|p1a: Chansey
|-damage|p1a: Chansey|66/100
|
|upkeep
|turn|325
|inactive|DanoneWasTaken has 25 seconds left this turn.
|inactive|DanoneWasTaken has 20 seconds left.
|
|t:|1662945139
|switch|p1a: Hippowdon|Hippowdon, F|100/100
|-damage|p1a: Hippowdon|94/100|[from] Stealth Rock
|-weather|Sandstorm|[from] ability: Sand Stream|[of] p1a: Hippowdon
|move|p2a: Chansey|Seismic Toss|p1a: Hippowdon
|-damage|p1a: Hippowdon|70/100
|-damage|p2a: Chansey|64/100|[from] item: Rocky Helmet|[of] p1a: Hippowdon
|
|-weather|Sandstorm|[upkeep]
|-damage|p2a: Chansey|57/100|[from] Sandstorm
|upkeep
|turn|326
|inactive|DanoneWasTaken has 20 seconds left this turn.
|inactive|DanoneWasTaken has 15 seconds left.
|
|t:|1662945145
|switch|p2a: Suicune|Suicune|80/100 slp
|-damage|p2a: Suicune|68/100 slp|[from] Stealth Rock
|-ability|p2a: Suicune|Pressure
|move|p1a: Hippowdon|Stealth Rock||[still]
|-fail|p1a: Hippowdon
|
|-weather|Sandstorm|[upkeep]
|-damage|p2a: Suicune|62/100 slp|[from] Sandstorm
|-heal|p2a: Suicune|68/100 slp|[from] item: Leftovers
|upkeep
|turn|327
|inactive|DanoneWasTaken has 20 seconds left this turn.
|inactive|DanoneWasTaken has 15 seconds left.
|
|t:|1662945154
|switch|p2a: Hydreigon|Hydreigon, F|61/100 brn
|-damage|p2a: Hydreigon|49/100 brn|[from] Stealth Rock
|switch|p1a: Articuno|Articuno|94/100 brn
|-ability|p1a: Articuno|Pressure
|
|-weather|Sandstorm|[upkeep]
|-damage|p2a: Hydreigon|43/100 brn|[from] Sandstorm
|-damage|p1a: Articuno|88/100 brn|[from] Sandstorm
|-damage|p2a: Hydreigon|37/100 brn|[from] brn
|-damage|p1a: Articuno|82/100 brn|[from] brn
|upkeep
|turn|328
|inactive|DanoneWasTaken has 15 seconds left this turn.
|inactive|DanoneWasTaken has 10 seconds left.
|
|t:|1662945162
|switch|p1a: Chansey|Chansey, F|66/100
|-damage|p1a: Chansey|54/100|[from] Stealth Rock
|move|p2a: Hydreigon|Flamethrower|p1a: Chansey
|-damage|p1a: Chansey|39/100
|
|-weather|Sandstorm|[upkeep]
|-damage|p2a: Hydreigon|31/100 brn|[from] Sandstorm
|-damage|p1a: Chansey|33/100|[from] Sandstorm
|-damage|p2a: Hydreigon|24/100 brn|[from] brn
|upkeep
|turn|329
|inactive|DanoneWasTaken has 15 seconds left this turn.
|
|t:|1662945167
|switch|p2a: Chansey|Chansey, F|57/100
|-damage|p2a: Chansey|45/100|[from] Stealth Rock
|move|p1a: Chansey|Soft-Boiled|p1a: Chansey
|-heal|p1a: Chansey|83/100
|
|-weather|none
|upkeep
|turn|330
|inactive|DanoneWasTaken has 15 seconds left this turn.
|
|t:|1662945172
|switch|p1a: Umbreon|Umbreon, F, shiny|82/100 brn
|-damage|p1a: Umbreon|69/100 brn|[from] Stealth Rock
|move|p2a: Chansey|Teleport|p2a: Chansey
|inactive|DanoneWasTaken has 20 seconds left this turn.
|
|t:|1662945176
|switch|p2a: Hydreigon|Hydreigon, F|24/100 brn|[from]move: Teleport
|-damage|p2a: Hydreigon|12/100 brn|[from] Stealth Rock
|
|-heal|p1a: Umbreon|76/100 brn|[from] item: Leftovers
|-damage|p2a: Hydreigon|6/100 brn|[from] brn
|-damage|p1a: Umbreon|69/100 brn|[from] brn
|upkeep
|turn|331
|inactive|DanoneWasTaken has 20 seconds left this turn.
|inactive|DanoneWasTaken has 15 seconds left.
|
|t:|1662945182
|move|p2a: Hydreigon|Roost|p2a: Hydreigon
|-heal|p2a: Hydreigon|56/100 brn
|-singleturn|p2a: Hydreigon|move: Roost
|move|p1a: Umbreon|Wish|p1a: Umbreon
|
|-heal|p1a: Umbreon|76/100 brn|[from] item: Leftovers
|-damage|p2a: Hydreigon|50/100 brn|[from] brn
|-damage|p1a: Umbreon|69/100 brn|[from] brn
|upkeep
|turn|332
|inactive|DanoneWasTaken has 20 seconds left this turn.
|
|t:|1662945187
|switch|p1a: Skarmory|Skarmory, M|70/100 brn
|-damage|p1a: Skarmory|58/100 brn|[from] Stealth Rock
|move|p2a: Hydreigon|Roost|p2a: Hydreigon
|-heal|p2a: Hydreigon|99/100 brn
|-singleturn|p2a: Hydreigon|move: Roost
|
|-heal|p1a: Skarmory|100/100 brn|[from] move: Wish|[wisher] Umbreon
|-damage|p2a: Hydreigon|94/100 brn|[from] brn
|-damage|p1a: Skarmory|94/100 brn|[from] brn
|upkeep
|turn|333
|inactive|DanoneWasTaken has 20 seconds left this turn.
|
|t:|1662945194
|switch|p2a: Corsola|Corsola-Galar, F|97/100
|-damage|p2a: Corsola|85/100|[from] Stealth Rock
|move|p1a: Skarmory|Spikes|p2a: Corsola
|-sidestart|p2: GryphonEX|Spikes
|
|-damage|p1a: Skarmory|88/100 brn|[from] brn
|upkeep
|turn|334
|inactive|DanoneWasTaken has 25 seconds left this turn.
|
|t:|1662945197
|move|p1a: Skarmory|Spikes|p2a: Corsola
|-sidestart|p2: GryphonEX|Spikes
|move|p2a: Corsola|Night Shade|p1a: Skarmory
|-damage|p1a: Skarmory|58/100 brn
|
|-damage|p1a: Skarmory|52/100 brn|[from] brn
|upkeep
|turn|335
|inactive|DanoneWasTaken has 25 seconds left this turn.
|
|t:|1662945202
|switch|p2a: Salamence|Salamence, F|23/100 tox
|-ability|p2a: Salamence|Intimidate|boost
|-unboost|p1a: Skarmory|atk|1
|move|p1a: Skarmory|Roost|p1a: Skarmory
|-heal|p1a: Skarmory|100/100 brn
|-singleturn|p1a: Skarmory|move: Roost
|
|-damage|p2a: Salamence|16/100 tox|[from] psn
|-damage|p1a: Skarmory|94/100 brn|[from] brn
|upkeep
|turn|336
|inactive|DanoneWasTaken has 30 seconds left this turn.
|inactive|GryphonEX has 90 seconds left.
|
|t:|1662945207
|move|p2a: Salamence|Roost|p2a: Salamence
|-heal|p2a: Salamence|66/100 tox
|-singleturn|p2a: Salamence|move: Roost
|move|p1a: Skarmory|Body Press|p2a: Salamence
|-damage|p2a: Salamence|56/100 tox
|
|-damage|p2a: Salamence|43/100 tox|[from] psn
|-damage|p1a: Skarmory|88/100 brn|[from] brn
|upkeep
|turn|337
|inactive|DanoneWasTaken has 30 seconds left this turn.
|
|t:|1662945213
|move|p2a: Salamence|Defog|p1a: Skarmory
|-unboost|p1a: Skarmory|evasion|1
|-sideend|p1: DanoneWasTaken|Stealth Rock|[from] move: Defog|[of] p2a: Salamence
|-sideend|p2: GryphonEX|Spikes|[from] move: Defog|[of] p2a: Salamence
|-sideend|p2: GryphonEX|Stealth Rock|[from] move: Defog|[of] p2a: Salamence
|move|p1a: Skarmory|Iron Defense|p1a: Skarmory
|-boost|p1a: Skarmory|def|2
|
|-damage|p2a: Salamence|25/100 tox|[from] psn
|-damage|p1a: Skarmory|82/100 brn|[from] brn
|upkeep
|turn|338
|inactive|DanoneWasTaken has 30 seconds left.
|
|t:|1662945219
|switch|p2a: Corsola|Corsola-Galar, F|85/100
|move|p1a: Skarmory|Spikes|p2a: Corsola
|-sidestart|p2: GryphonEX|Spikes
|
|-damage|p1a: Skarmory|76/100 brn|[from] brn
|upkeep
|turn|339
|inactive|DanoneWasTaken has 30 seconds left this turn.
|
|t:|1662945223
|move|p1a: Skarmory|Spikes|p2a: Corsola
|-sidestart|p2: GryphonEX|Spikes
|move|p2a: Corsola|Night Shade|p1a: Skarmory
|-damage|p1a: Skarmory|46/100 brn
|
|-damage|p1a: Skarmory|40/100 brn|[from] brn
|upkeep
|turn|340
|
|t:|1662945225
|move|p1a: Skarmory|Roost|p1a: Skarmory
|-heal|p1a: Skarmory|91/100 brn
|-singleturn|p1a: Skarmory|move: Roost
|move|p2a: Corsola|Night Shade|p1a: Skarmory
|-damage|p1a: Skarmory|61/100 brn
|
|-damage|p1a: Skarmory|55/100 brn|[from] brn
|upkeep
|turn|341
|inactive|DanoneWasTaken has 30 seconds left.
|
|t:|1662945231
|move|p1a: Skarmory|Roost|p1a: Skarmory
|-heal|p1a: Skarmory|100/100 brn
|-singleturn|p1a: Skarmory|move: Roost
|move|p2a: Corsola|Night Shade|p1a: Skarmory
|-damage|p1a: Skarmory|70/100 brn
|
|-damage|p1a: Skarmory|64/100 brn|[from] brn
|upkeep
|turn|342
|
|t:|1662945234
|move|p1a: Skarmory|Spikes|p2a: Corsola
|-sidestart|p2: GryphonEX|Spikes
|move|p2a: Corsola|Night Shade|p1a: Skarmory
|-damage|p1a: Skarmory|34/100 brn
|
|-damage|p1a: Skarmory|28/100 brn|[from] brn
|upkeep
|turn|343
|inactive|GryphonEX has 90 seconds left.
|
|t:|1662945240
|switch|p2a: Hydreigon|Hydreigon, F|94/100 brn
|move|p1a: Skarmory|Roost|p1a: Skarmory
|-heal|p1a: Skarmory|79/100 brn
|-singleturn|p1a: Skarmory|move: Roost
|
|-damage|p2a: Hydreigon|88/100 brn|[from] brn
|-damage|p1a: Skarmory|73/100 brn|[from] brn
|upkeep
|turn|344
|inactive|GryphonEX has 90 seconds left.
|
|t:|1662945248
|switch|p2a: Salamence|Salamence, F|25/100 tox
|-ability|p2a: Salamence|Intimidate|boost
|-unboost|p1a: Skarmory|atk|1
|switch|p1a: Chansey|Chansey, F|83/100
|
|-damage|p2a: Salamence|19/100 tox|[from] psn
|upkeep
|turn|345
|j| LocalMetagross
|
|t:|1662945256
|move|p2a: Salamence|Roost|p2a: Salamence
|-heal|p2a: Salamence|69/100 tox
|-singleturn|p2a: Salamence|move: Roost
|move|p1a: Chansey|Seismic Toss|p2a: Salamence
|-damage|p2a: Salamence|44/100 tox
|
|-damage|p2a: Salamence|31/100 tox|[from] psn
|upkeep
|turn|346
|c| LocalMetagross|what the fuck
|
|t:|1662945261
|move|p2a: Salamence|Defog|p1a: Chansey
|-unboost|p1a: Chansey|evasion|1
|-sideend|p2: GryphonEX|Spikes|[from] move: Defog|[of] p2a: Salamence
|move|p1a: Chansey|Seismic Toss|p2a: Salamence
|-damage|p2a: Salamence|6/100 tox
|
|-damage|p2a: Salamence|0 fnt|[from] psn
|faint|p2a: Salamence
|upkeep
|
|t:|1662945272
|switch|p2a: Hydreigon|Hydreigon, F|88/100 brn
|turn|347
|
|t:|1662945278
|move|p2a: Hydreigon|Draco Meteor|p1a: Chansey
|-damage|p1a: Chansey|55/100
|-unboost|p2a: Hydreigon|spa|2
|move|p1a: Chansey|Covet|p2a: Hydreigon
|-damage|p2a: Hydreigon|83/100 brn
|
|-damage|p2a: Hydreigon|77/100 brn|[from] brn
|upkeep
|turn|348
|
|t:|1662945285
|move|p2a: Hydreigon|Draco Meteor|p1a: Chansey
|-damage|p1a: Chansey|40/100
|-unboost|p2a: Hydreigon|spa|2
|move|p1a: Chansey|Soft-Boiled|p1a: Chansey
|-heal|p1a: Chansey|90/100
|
|-damage|p2a: Hydreigon|71/100 brn|[from] brn
|upkeep
|turn|349
|
|t:|1662945294
|switch|p2a: Corsola|Corsola-Galar, F|85/100
|switch|p1a: Articuno|Articuno|82/100 brn
|-ability|p1a: Articuno|Pressure
|
|-damage|p1a: Articuno|76/100 brn|[from] brn
|upkeep
|turn|350
|inactive|DanoneWasTaken has 30 seconds left.
|
|t:|1662945306
|move|p1a: Articuno|Defog|p2a: Corsola
|-unboost|p2a: Corsola|evasion|1
|move|p2a: Corsola|Stealth Rock|p1a: Articuno
|-sidestart|p1: DanoneWasTaken|move: Stealth Rock
|
|-damage|p1a: Articuno|70/100 brn|[from] brn
|upkeep
|turn|351
|
|t:|1662945319
|switch|p2a: Hydreigon|Hydreigon, F|71/100 brn
|move|p1a: Articuno|Defog|p2a: Hydreigon
|-unboost|p2a: Hydreigon|evasion|1
|-sideend|p1: DanoneWasTaken|Stealth Rock|[from] move: Defog|[of] p1a: Articuno
|
|-damage|p2a: Hydreigon|64/100 brn|[from] brn
|-damage|p1a: Articuno|64/100 brn|[from] brn
|upkeep
|turn|352
|inactive|DanoneWasTaken has 30 seconds left.
|inactive|GryphonEX has 60 seconds left.
|
|t:|1662945330
|switch|p1a: Chansey|Chansey, F|90/100
|move|p2a: Hydreigon|Flamethrower|p1a: Chansey
|-damage|p1a: Chansey|76/100
|
|-damage|p2a: Hydreigon|58/100 brn|[from] brn
|upkeep
|turn|353
|inactive|DanoneWasTaken has 30 seconds left.
|
|t:|1662945339
|switch|p2a: Suicune|Suicune|68/100 slp
|-ability|p2a: Suicune|Pressure
|switch|p1a: Umbreon|Umbreon, F, shiny|69/100 brn
|
|-heal|p2a: Suicune|74/100 slp|[from] item: Leftovers
|-heal|p1a: Umbreon|76/100 brn|[from] item: Leftovers
|-damage|p1a: Umbreon|69/100 brn|[from] brn
|upkeep
|turn|354
|inactive|DanoneWasTaken has 30 seconds left this turn.
|
|t:|1662945342
|-curestatus|p2a: Suicune|slp|[msg]
|move|p2a: Suicune|Calm Mind|p2a: Suicune
|-boost|p2a: Suicune|spa|1
|-boost|p2a: Suicune|spd|1
|move|p1a: Umbreon|Wish|p1a: Umbreon
|
|-heal|p2a: Suicune|80/100|[from] item: Leftovers
|-heal|p1a: Umbreon|76/100 brn|[from] item: Leftovers
|-damage|p1a: Umbreon|69/100 brn|[from] brn
|upkeep
|turn|355
|inactive|DanoneWasTaken has 30 seconds left.
|
|t:|1662945351
|move|p2a: Suicune|Calm Mind|p2a: Suicune
|-boost|p2a: Suicune|spa|1
|-boost|p2a: Suicune|spd|1
|move|p1a: Umbreon|Toxic|p2a: Suicune
|-status|p2a: Suicune|tox
|
|-heal|p1a: Umbreon|100/100 brn|[from] move: Wish|[wisher] Umbreon
|-heal|p2a: Suicune|86/100 tox|[from] item: Leftovers
|-damage|p2a: Suicune|80/100 tox|[from] psn
|-damage|p1a: Umbreon|94/100 brn|[from] brn
|upkeep
|turn|356
|inactive|DanoneWasTaken has 30 seconds left this turn.
|
|t:|1662945357
|move|p2a: Suicune|Calm Mind|p2a: Suicune
|-boost|p2a: Suicune|spa|1
|-boost|p2a: Suicune|spd|1
|move|p1a: Umbreon|Foul Play|p2a: Suicune
|-damage|p2a: Suicune|75/100 tox
|
|-heal|p2a: Suicune|81/100 tox|[from] item: Leftovers
|-heal|p1a: Umbreon|100/100 brn|[from] item: Leftovers
|-damage|p2a: Suicune|68/100 tox|[from] psn
|-damage|p1a: Umbreon|94/100 brn|[from] brn
|upkeep
|turn|357
|inactive|DanoneWasTaken has 30 seconds left this turn.
|
|t:|1662945367
|move|p2a: Suicune|Calm Mind|p2a: Suicune
|-boost|p2a: Suicune|spa|1
|-boost|p2a: Suicune|spd|1
|move|p1a: Umbreon|Wish|p1a: Umbreon
|
|-heal|p2a: Suicune|75/100 tox|[from] item: Leftovers
|-heal|p1a: Umbreon|100/100 brn|[from] item: Leftovers
|-damage|p2a: Suicune|56/100 tox|[from] psn
|-damage|p1a: Umbreon|94/100 brn|[from] brn
|upkeep
|turn|358
|inactive|DanoneWasTaken has 25 seconds left this turn.
|
|t:|1662945372
|switch|p1a: Articuno|Articuno|64/100 brn
|-ability|p1a: Articuno|Pressure
|move|p2a: Suicune|Scald|p1a: Articuno
|-damage|p1a: Articuno|22/100 brn
|
|-heal|p1a: Articuno|73/100 brn|[from] move: Wish|[wisher] Umbreon
|-heal|p2a: Suicune|62/100 tox|[from] item: Leftovers
|-damage|p2a: Suicune|37/100 tox|[from] psn
|-damage|p1a: Articuno|67/100 brn|[from] brn
|upkeep
|turn|359
|inactive|DanoneWasTaken has 30 seconds left this turn.
|
|t:|1662945380
|move|p1a: Articuno|Freeze-Dry|p2a: Suicune
|-supereffective|p2a: Suicune
|-damage|p2a: Suicune|25/100 tox
|move|p2a: Suicune|Rest|p2a: Suicune
|-status|p2a: Suicune|slp|[from] move: Rest
|-heal|p2a: Suicune|100/100 slp|[silent]
|
|-damage|p1a: Articuno|61/100 brn|[from] brn
|upkeep
|turn|360
|inactive|DanoneWasTaken has 25 seconds left this turn.
|
|t:|1662945384
|move|p1a: Articuno|Heal Bell|p1a: Articuno
|-activate|p1a: Articuno|move: Heal Bell
|-curestatus|p1a: Articuno|brn|[msg]
|-curestatus|p1: Jellicent|brn|[msg]
|-curestatus|p1: Skarmory|brn|[msg]
|-curestatus|p1: Umbreon|brn|[msg]
|cant|p2a: Suicune|slp
|
|upkeep
|turn|361
|inactive|DanoneWasTaken has 30 seconds left this turn.
|
|t:|1662945387
|move|p1a: Articuno|Roost|p1a: Articuno
|-heal|p1a: Articuno|100/100
|-singleturn|p1a: Articuno|move: Roost
|cant|p2a: Suicune|slp
|
|upkeep
|turn|362
|inactive|DanoneWasTaken has 30 seconds left this turn.
|
|t:|1662945391
|switch|p1a: Umbreon|Umbreon, F, shiny|94/100
|-curestatus|p2a: Suicune|slp|[msg]
|move|p2a: Suicune|Calm Mind|p2a: Suicune
|-boost|p2a: Suicune|spa|1
|-boost|p2a: Suicune|spd|1
|
|-heal|p1a: Umbreon|100/100|[from] item: Leftovers
|upkeep
|turn|363
|
|t:|1662945395
|move|p2a: Suicune|Calm Mind|p2a: Suicune
|-boost|p2a: Suicune|spa|1
|-boost|p2a: Suicune|spd|1
|move|p1a: Umbreon|Toxic|p2a: Suicune
|-status|p2a: Suicune|tox
|
|-damage|p2a: Suicune|94/100 tox|[from] psn
|upkeep
|turn|364
|
|t:|1662945400
|move|p2a: Suicune|Scald|p1a: Umbreon
|-damage|p1a: Umbreon|27/100
|move|p1a: Umbreon|Foul Play|p2a: Suicune
|-damage|p2a: Suicune|84/100 tox
|
|-heal|p2a: Suicune|90/100 tox|[from] item: Leftovers
|-heal|p1a: Umbreon|33/100|[from] item: Leftovers
|-damage|p2a: Suicune|78/100 tox|[from] psn
|upkeep
|turn|365
|
|t:|1662945406
|move|p1a: Umbreon|Protect|p1a: Umbreon
|-singleturn|p1a: Umbreon|Protect
|move|p2a: Suicune|Calm Mind|p2a: Suicune
|-boost|p2a: Suicune|spa|0
|-boost|p2a: Suicune|spd|0
|
|-heal|p2a: Suicune|84/100 tox|[from] item: Leftovers
|-heal|p1a: Umbreon|39/100|[from] item: Leftovers
|-damage|p2a: Suicune|65/100 tox|[from] psn
|upkeep
|turn|366
|inactive|DanoneWasTaken has 30 seconds left.
|
|t:|1662945414
|switch|p1a: Jellicent|Jellicent, M|82/100
|move|p2a: Suicune|Ice Beam|p1a: Jellicent
|-resisted|p1a: Jellicent
|-damage|p1a: Jellicent|53/100
|
|-heal|p2a: Suicune|72/100 tox|[from] item: Leftovers
|-damage|p2a: Suicune|47/100 tox|[from] psn
|upkeep
|turn|367
|
|t:|1662945418
|move|p1a: Jellicent|Recover|p1a: Jellicent
|-heal|p1a: Jellicent|100/100
|move|p2a: Suicune|Rest|p2a: Suicune
|-status|p2a: Suicune|slp|[from] move: Rest
|-heal|p2a: Suicune|100/100 slp|[silent]
|
|upkeep
|turn|368
|inactive|DanoneWasTaken has 30 seconds left.
|c|☆GryphonEX|He threw
|
|t:|1662945430
|switch|p1a: Chansey|Chansey, F|76/100
|cant|p2a: Suicune|slp
|
|upkeep
|turn|369
|inactive|DanoneWasTaken has 30 seconds left this turn.
|
|t:|1662945436
|cant|p2a: Suicune|slp
|move|p1a: Chansey|Covet|p2a: Suicune
|-damage|p2a: Suicune|98/100 slp
|
|-heal|p2a: Suicune|100/100 slp|[from] item: Leftovers
|upkeep
|turn|370
|inactive|DanoneWasTaken has 25 seconds left this turn.
|inactive|DanoneWasTaken has 20 seconds left.
|
|t:|1662945444
|-curestatus|p2a: Suicune|slp|[msg]
|move|p2a: Suicune|Scald|p1a: Chansey
|-damage|p1a: Chansey|44/100
|-status|p1a: Chansey|brn
|move|p1a: Chansey|Covet|p2a: Suicune
|-damage|p2a: Suicune|99/100
|
|-heal|p2a: Suicune|100/100|[from] item: Leftovers
|-damage|p1a: Chansey|38/100 brn|[from] brn
|upkeep
|turn|371
|inactive|DanoneWasTaken has 25 seconds left this turn.
|inactive|DanoneWasTaken has 20 seconds left.
|inactive|DanoneWasTaken has 15 seconds left.
|
|t:|1662945458
|-curestatus|p1a: Chansey|brn|[from] ability: Natural Cure
|switch|p1a: Jellicent|Jellicent, M|100/100
|move|p2a: Suicune|Ice Beam|p1a: Jellicent
|-resisted|p1a: Jellicent
|-damage|p1a: Jellicent|70/100
|
|upkeep
|turn|372
|inactive|DanoneWasTaken has 15 seconds left this turn.
|
|t:|1662945462
|move|p1a: Jellicent|Will-O-Wisp|p2a: Suicune
|-status|p2a: Suicune|brn
|move|p2a: Suicune|Scald|p1a: Jellicent
|-resisted|p1a: Jellicent
|-damage|p1a: Jellicent|33/100
|-start|p2a: Suicune|Disable|Scald|[from] ability: Cursed Body|[of] p1a: Jellicent
|
|-damage|p2a: Suicune|94/100 brn|[from] brn
|upkeep
|turn|373
|inactive|DanoneWasTaken has 20 seconds left this turn.
|inactive|DanoneWasTaken has 15 seconds left.
|l| LocalMetagross
|
|t:|1662945470
|switch|p1a: Chansey|Chansey, F|38/100
|move|p2a: Suicune|Ice Beam|p1a: Chansey
|-damage|p1a: Chansey|14/100
|
|-heal|p2a: Suicune|100/100 brn|[from] item: Leftovers
|-damage|p2a: Suicune|94/100 brn|[from] brn
|upkeep
|turn|374
|inactive|DanoneWasTaken has 15 seconds left this turn.
|
|t:|1662945474
|move|p2a: Suicune|Ice Beam|p1a: Chansey
|-crit|p1a: Chansey
|-damage|p1a: Chansey|0 fnt
|faint|p1a: Chansey
|
|-heal|p2a: Suicune|100/100 brn|[from] item: Leftovers
|-damage|p2a: Suicune|94/100 brn|[from] brn
|upkeep
|inactive|DanoneWasTaken has 20 seconds left this turn.
|
|t:|1662945479
|switch|p1a: Umbreon|Umbreon, F, shiny|39/100
|turn|375
|inactive|DanoneWasTaken has 20 seconds left this turn.
|
|t:|1662945482
|move|p2a: Suicune|Ice Beam|p1a: Umbreon
|-damage|p1a: Umbreon|0 fnt
|faint|p1a: Umbreon
|
|-heal|p2a: Suicune|100/100 brn|[from] item: Leftovers
|-damage|p2a: Suicune|94/100 brn|[from] brn
|-end|p2a: Suicune|Disable
|upkeep
|inactive|DanoneWasTaken has 25 seconds left this turn.
|j| LocalMetagross
|c|☆DanoneWasTaken|gg
|inactive|DanoneWasTaken has 20 seconds left.
|
|t:|1662945489
|switch|p1a: Articuno|Articuno|100/100
|-ability|p1a: Articuno|Pressure
|turn|376
|inactive|DanoneWasTaken has 20 seconds left this turn.
|
|t:|1662945495
|move|p1a: Articuno|Freeze-Dry|p2a: Suicune
|-supereffective|p2a: Suicune
|-damage|p2a: Suicune|85/100 brn
|move|p2a: Suicune|Scald|p1a: Articuno
|-damage|p1a: Articuno|38/100
|
|-heal|p2a: Suicune|91/100 brn|[from] item: Leftovers
|-damage|p2a: Suicune|85/100 brn|[from] brn
|upkeep
|turn|377
|inactive|DanoneWasTaken has 25 seconds left this turn.
|
|t:|1662945499
|move|p1a: Articuno|Roost|p1a: Articuno
|-heal|p1a: Articuno|88/100
|-singleturn|p1a: Articuno|move: Roost
|move|p2a: Suicune|Scald|p1a: Articuno
|-damage|p1a: Articuno|31/100
|-status|p1a: Articuno|brn
|
|-heal|p2a: Suicune|91/100 brn|[from] item: Leftovers
|-damage|p1a: Articuno|25/100 brn|[from] brn
|-damage|p2a: Suicune|85/100 brn|[from] brn
|upkeep
|turn|378
|inactive|DanoneWasTaken has 25 seconds left this turn.
|c|☆GryphonEX|gg
|
|t:|1662945513
|move|p1a: Articuno|Roost|p1a: Articuno
|-heal|p1a: Articuno|75/100 brn
|-singleturn|p1a: Articuno|move: Roost
|move|p2a: Suicune|Ice Beam|p1a: Articuno
|-resisted|p1a: Articuno
|-damage|p1a: Articuno|53/100 brn
|
|-heal|p2a: Suicune|91/100 brn|[from] item: Leftovers
|-damage|p1a: Articuno|47/100 brn|[from] brn
|-damage|p2a: Suicune|85/100 brn|[from] brn
|upkeep
|turn|379
|inactive|DanoneWasTaken has 30 seconds left this turn.
|
|t:|1662945518
|move|p1a: Articuno|Roost|p1a: Articuno
|-heal|p1a: Articuno|97/100 brn
|-singleturn|p1a: Articuno|move: Roost
|move|p2a: Suicune|Ice Beam|p1a: Articuno
|-resisted|p1a: Articuno
|-damage|p1a: Articuno|78/100 brn
|
|-heal|p2a: Suicune|91/100 brn|[from] item: Leftovers
|-damage|p1a: Articuno|72/100 brn|[from] brn
|-damage|p2a: Suicune|85/100 brn|[from] brn
|upkeep
|turn|380
|inactive|DanoneWasTaken has 30 seconds left this turn.
|inactive|DanoneWasTaken has 20 seconds left.
|
|t:|1662945534
|move|p1a: Articuno|Defog|p2a: Suicune
|-unboost|p2a: Suicune|evasion|1
|move|p2a: Suicune|Calm Mind|p2a: Suicune
|-boost|p2a: Suicune|spa|0
|-boost|p2a: Suicune|spd|0
|
|-heal|p2a: Suicune|91/100 brn|[from] item: Leftovers
|-damage|p1a: Articuno|66/100 brn|[from] brn
|-damage|p2a: Suicune|85/100 brn|[from] brn
|upkeep
|turn|381
|inactive|DanoneWasTaken has 25 seconds left this turn.
|
|t:|1662945538
|move|p1a: Articuno|Defog|p2a: Suicune
|-unboost|p2a: Suicune|evasion|1
|move|p2a: Suicune|Rest|p2a: Suicune
|-status|p2a: Suicune|slp|[from] move: Rest
|-heal|p2a: Suicune|100/100 slp|[silent]
|
|-damage|p1a: Articuno|60/100 brn|[from] brn
|upkeep
|turn|382
|inactive|DanoneWasTaken has 25 seconds left this turn.
|
|t:|1662945540
|move|p1a: Articuno|Defog|p2a: Suicune
|-unboost|p2a: Suicune|evasion|1
|cant|p2a: Suicune|slp
|
|-damage|p1a: Articuno|54/100 brn|[from] brn
|upkeep
|turn|383
|inactive|DanoneWasTaken has 30 seconds left this turn.
|
|t:|1662945543
|move|p1a: Articuno|Defog|p2a: Suicune
|-unboost|p2a: Suicune|evasion|1
|cant|p2a: Suicune|slp
|
|-damage|p1a: Articuno|47/100 brn|[from] brn
|upkeep
|turn|384
|inactive|DanoneWasTaken has 30 seconds left this turn.
|inactive|GryphonEX has 60 seconds left.
|
|t:|1662945564
|move|p1a: Articuno|Roost|p1a: Articuno
|-heal|p1a: Articuno|98/100 brn
|-singleturn|p1a: Articuno|move: Roost
|-curestatus|p2a: Suicune|slp|[msg]
|move|p2a: Suicune|Ice Beam|p1a: Articuno
|-resisted|p1a: Articuno
|-damage|p1a: Articuno|78/100 brn
|
|-damage|p1a: Articuno|72/100 brn|[from] brn
|upkeep
|turn|385
|inactive|GryphonEX has 60 seconds left.
|
|t:|1662945569
|move|p1a: Articuno|Heal Bell|p1a: Articuno
|-activate|p1a: Articuno|move: Heal Bell
|-curestatus|p1a: Articuno|brn|[msg]
|move|p2a: Suicune|Scald|p1a: Articuno
|-damage|p1a: Articuno|9/100
|
|upkeep
|turn|386
|
|t:|1662945578
|switch|p2a: Hydreigon|Hydreigon, F|58/100 brn
|move|p1a: Articuno|Roost|p1a: Articuno
|-heal|p1a: Articuno|60/100
|-singleturn|p1a: Articuno|move: Roost
|
|-damage|p2a: Hydreigon|52/100 brn|[from] brn
|upkeep
|turn|387
|
|t:|1662945584
|move|p2a: Hydreigon|Flamethrower|p1a: Articuno
|-supereffective|p1a: Articuno
|-damage|p1a: Articuno|11/100
|move|p1a: Articuno|Freeze-Dry|p2a: Hydreigon
|-supereffective|p2a: Hydreigon
|-damage|p2a: Hydreigon|2/100 brn
|
|-damage|p2a: Hydreigon|0 fnt|[from] brn
|faint|p2a: Hydreigon
|upkeep
|
|t:|1662945593
|switch|p2a: Chansey|Chansey, F|45/100
|turn|388
|inactive|DanoneWasTaken has 30 seconds left.
|
|t:|1662945606
|switch|p1a: Jellicent|Jellicent, M|33/100
|move|p2a: Chansey|Seismic Toss|p1a: Jellicent
|-immune|p1a: Jellicent
|
|upkeep
|turn|389
|inactive|DanoneWasTaken has 30 seconds left this turn.
|
|t:|1662945609
|switch|p2a: Suicune|Suicune|100/100
|-ability|p2a: Suicune|Pressure
|move|p1a: Jellicent|Will-O-Wisp|p2a: Suicune|[miss]
|-miss|p1a: Jellicent|p2a: Suicune
|
|upkeep
|turn|390
|
|t:|1662945619
|switch|p2a: Chansey|Chansey, F|45/100
|move|p1a: Jellicent|Taunt|p2a: Chansey
|-start|p2a: Chansey|move: Taunt
|
|upkeep
|turn|391
|inactive|DanoneWasTaken has 30 seconds left.
|
|t:|1662945627
|switch|p2a: Suicune|Suicune|100/100
|-ability|p2a: Suicune|Pressure
|move|p1a: Jellicent|Will-O-Wisp|p2a: Suicune
|-status|p2a: Suicune|brn
|
|-damage|p2a: Suicune|94/100 brn|[from] brn
|upkeep
|turn|392
|inactive|DanoneWasTaken has 30 seconds left.
|
|t:|1662945632
|switch|p2a: Chansey|Chansey, F|45/100
|move|p1a: Jellicent|Recover|p1a: Jellicent
|-heal|p1a: Jellicent|83/100
|
|upkeep
|turn|393
|inactive|DanoneWasTaken has 30 seconds left this turn.
|
|t:|1662945637
|switch|p1a: Hippowdon|Hippowdon, F|70/100
|-weather|Sandstorm|[from] ability: Sand Stream|[of] p1a: Hippowdon
|move|p2a: Chansey|Thunder Wave|p1a: Hippowdon
|-immune|p1a: Hippowdon
|
|-weather|Sandstorm|[upkeep]
|-damage|p2a: Chansey|39/100|[from] Sandstorm
|upkeep
|turn|394
|
|t:|1662945647
|switch|p2a: Corsola|Corsola-Galar, F|85/100
|move|p1a: Hippowdon|Stealth Rock|p2a: Corsola
|-sidestart|p2: GryphonEX|move: Stealth Rock
|
|-weather|Sandstorm|[upkeep]
|-damage|p2a: Corsola|79/100|[from] Sandstorm
|upkeep
|turn|395
|
|t:|1662945650
|switch|p2a: Suicune|Suicune|94/100 brn
|-damage|p2a: Suicune|82/100 brn|[from] Stealth Rock
|-ability|p2a: Suicune|Pressure
|move|p1a: Hippowdon|Toxic|p2a: Suicune|[miss]
|-miss|p1a: Hippowdon|p2a: Suicune
|
|-weather|Sandstorm|[upkeep]
|-damage|p2a: Suicune|76/100 brn|[from] Sandstorm
|-heal|p2a: Suicune|82/100 brn|[from] item: Leftovers
|-damage|p2a: Suicune|76/100 brn|[from] brn
|upkeep
|turn|396
|
|t:|1662945659
|move|p2a: Suicune|Rest|p2a: Suicune
|-status|p2a: Suicune|slp|[from] move: Rest
|-heal|p2a: Suicune|100/100 slp|[silent]
|move|p1a: Hippowdon|Earthquake|p2a: Suicune
|-damage|p2a: Suicune|81/100 slp
|
|-weather|Sandstorm|[upkeep]
|-damage|p2a: Suicune|75/100 slp|[from] Sandstorm
|-heal|p2a: Suicune|81/100 slp|[from] item: Leftovers
|upkeep
|turn|397
|inactive|DanoneWasTaken has 30 seconds left.
|
|t:|1662945667
|switch|p1a: Jellicent|Jellicent, M|83/100
|cant|p2a: Suicune|slp
|
|-weather|none
|-heal|p2a: Suicune|87/100 slp|[from] item: Leftovers
|upkeep
|turn|398
|inactive|DanoneWasTaken has 30 seconds left.
|
|t:|1662945674
|move|p1a: Jellicent|Taunt|p2a: Suicune
|-start|p2a: Suicune|move: Taunt
|cant|p2a: Suicune|slp
|
|-heal|p2a: Suicune|93/100 slp|[from] item: Leftovers
|upkeep
|turn|399
|inactive|DanoneWasTaken has 30 seconds left this turn.
|
|t:|1662945680
|switch|p2a: Corsola|Corsola-Galar, F|79/100
|-damage|p2a: Corsola|67/100|[from] Stealth Rock
|move|p1a: Jellicent|Will-O-Wisp|p2a: Corsola
|-status|p2a: Corsola|brn
|
|-damage|p2a: Corsola|60/100 brn|[from] brn
|upkeep
|turn|400
|inactive|DanoneWasTaken has 30 seconds left this turn.
|inactive|DanoneWasTaken has 20 seconds left.
|
|t:|1662945691
|switch|p1a: Hippowdon|Hippowdon, F|70/100
|-weather|Sandstorm|[from] ability: Sand Stream|[of] p1a: Hippowdon
|move|p2a: Corsola|Stealth Rock|p1a: Hippowdon
|-sidestart|p1: DanoneWasTaken|move: Stealth Rock
|
|-weather|Sandstorm|[upkeep]
|-damage|p2a: Corsola|54/100 brn|[from] Sandstorm
|-damage|p2a: Corsola|48/100 brn|[from] brn
|upkeep
|turn|401
|inactive|DanoneWasTaken has 20 seconds left this turn.
|inactive|DanoneWasTaken has 15 seconds left.
|
|t:|1662945700
|move|p1a: Hippowdon|Stealth Rock||[still]
|-fail|p1a: Hippowdon
|move|p2a: Corsola|Strength Sap|p1a: Hippowdon
|-unboost|p1a: Hippowdon|atk|1
|-heal|p2a: Corsola|100/100 brn
|
|-weather|Sandstorm|[upkeep]
|-damage|p2a: Corsola|94/100 brn|[from] Sandstorm
|-damage|p2a: Corsola|88/100 brn|[from] brn
|upkeep
|turn|402
|inactive|DanoneWasTaken has 20 seconds left this turn.
|
|t:|1662945709
|switch|p2a: Suicune|Suicune|93/100 slp
|-damage|p2a: Suicune|81/100 slp|[from] Stealth Rock
|-ability|p2a: Suicune|Pressure
|move|p1a: Hippowdon|Stealth Rock||[still]
|-fail|p1a: Hippowdon
|
|-weather|Sandstorm|[upkeep]
|-damage|p2a: Suicune|75/100 slp|[from] Sandstorm
|-heal|p2a: Suicune|81/100 slp|[from] item: Leftovers
|upkeep
|turn|403
|inactive|DanoneWasTaken has 20 seconds left this turn.
|
|t:|1662945716
|switch|p2a: Corsola|Corsola-Galar, F|88/100 brn
|-damage|p2a: Corsola|76/100 brn|[from] Stealth Rock
|move|p1a: Hippowdon|Stealth Rock||[still]
|-fail|p1a: Hippowdon
|
|-weather|Sandstorm|[upkeep]
|-damage|p2a: Corsola|70/100 brn|[from] Sandstorm
|-damage|p2a: Corsola|63/100 brn|[from] brn
|upkeep
|turn|404
|inactive|DanoneWasTaken has 25 seconds left this turn.
|inactive|DanoneWasTaken has 20 seconds left.
|
|t:|1662945726
|switch|p2a: Suicune|Suicune|81/100 slp
|-damage|p2a: Suicune|69/100 slp|[from] Stealth Rock
|-ability|p2a: Suicune|Pressure
|move|p1a: Hippowdon|Stealth Rock||[still]
|-fail|p1a: Hippowdon
|
|-weather|none
|-heal|p2a: Suicune|75/100 slp|[from] item: Leftovers
|upkeep
|turn|405
|inactive|DanoneWasTaken has 20 seconds left this turn.
|
|t:|1662945730
|switch|p2a: Corsola|Corsola-Galar, F|63/100 brn
|-damage|p2a: Corsola|51/100 brn|[from] Stealth Rock
|switch|p1a: Jellicent|Jellicent, M|83/100
|
|-damage|p2a: Corsola|45/100 brn|[from] brn
|upkeep
|turn|406
|inactive|DanoneWasTaken has 25 seconds left this turn.
|
|t:|1662945734
|switch|p1a: Hippowdon|Hippowdon, F|70/100
|-damage|p1a: Hippowdon|64/100|[from] Stealth Rock
|-weather|Sandstorm|[from] ability: Sand Stream|[of] p1a: Hippowdon
|move|p2a: Corsola|Will-O-Wisp|p1a: Hippowdon
|-status|p1a: Hippowdon|brn
|
|-weather|Sandstorm|[upkeep]
|-damage|p2a: Corsola|39/100 brn|[from] Sandstorm
|-damage|p1a: Hippowdon|58/100 brn|[from] brn
|-damage|p2a: Corsola|33/100 brn|[from] brn
|upkeep
|turn|407
|inactive|DanoneWasTaken has 25 seconds left this turn.
|
|t:|1662945738
|move|p1a: Hippowdon|Slack Off|p1a: Hippowdon
|-heal|p1a: Hippowdon|100/100 brn
|move|p2a: Corsola|Strength Sap|p1a: Hippowdon
|-unboost|p1a: Hippowdon|atk|1
|-heal|p2a: Corsola|100/100 brn
|
|-weather|Sandstorm|[upkeep]
|-damage|p2a: Corsola|94/100 brn|[from] Sandstorm
|-damage|p1a: Hippowdon|94/100 brn|[from] brn
|-damage|p2a: Corsola|88/100 brn|[from] brn
|upkeep
|turn|408
|inactive|DanoneWasTaken has 30 seconds left this turn.
|
|t:|1662945743
|switch|p1a: Skarmory|Skarmory, M|73/100
|-damage|p1a: Skarmory|60/100|[from] Stealth Rock
|switch|p2a: Suicune|Suicune|75/100 slp
|-damage|p2a: Suicune|62/100 slp|[from] Stealth Rock
|-ability|p2a: Suicune|Pressure
|
|-weather|Sandstorm|[upkeep]
|-damage|p2a: Suicune|56/100 slp|[from] Sandstorm
|-heal|p2a: Suicune|62/100 slp|[from] item: Leftovers
|upkeep
|turn|409
|inactive|DanoneWasTaken has 30 seconds left this turn.
|inactive|DanoneWasTaken has 20 seconds left.
|
|t:|1662945754
|switch|p2a: Corsola|Corsola-Galar, F|88/100 brn
|-damage|p2a: Corsola|76/100 brn|[from] Stealth Rock
|move|p1a: Skarmory|Body Press|p2a: Corsola
|-immune|p2a: Corsola
|
|-weather|Sandstorm|[upkeep]
|-damage|p2a: Corsola|70/100 brn|[from] Sandstorm
|-damage|p2a: Corsola|63/100 brn|[from] brn
|upkeep
|turn|410
|inactive|DanoneWasTaken has 25 seconds left this turn.
|inactive|DanoneWasTaken has 20 seconds left.
|
|t:|1662945759
|move|p1a: Skarmory|Iron Defense|p1a: Skarmory
|-boost|p1a: Skarmory|def|2
|move|p2a: Corsola|Will-O-Wisp|p1a: Skarmory
|-status|p1a: Skarmory|brn
|
|-weather|none
|-damage|p1a: Skarmory|54/100 brn|[from] brn
|-damage|p2a: Corsola|57/100 brn|[from] brn
|upkeep
|turn|411
|inactive|DanoneWasTaken has 20 seconds left this turn.
|inactive|DanoneWasTaken has 15 seconds left.
|
|t:|1662945764
|move|p1a: Skarmory|Iron Defense|p1a: Skarmory
|-boost|p1a: Skarmory|def|2
|move|p2a: Corsola|Will-O-Wisp|p1a: Skarmory|[miss]
|-miss|p2a: Corsola|p1a: Skarmory
|
|-damage|p1a: Skarmory|48/100 brn|[from] brn
|-damage|p2a: Corsola|51/100 brn|[from] brn
|upkeep
|turn|412
|inactive|DanoneWasTaken has 20 seconds left this turn.
|inactive|DanoneWasTaken has 15 seconds left.
|
|t:|1662945771
|move|p1a: Skarmory|Roost|p1a: Skarmory
|-heal|p1a: Skarmory|98/100 brn
|-singleturn|p1a: Skarmory|move: Roost
|move|p2a: Corsola|Stealth Rock||[still]
|-fail|p2a: Corsola
|
|-damage|p1a: Skarmory|92/100 brn|[from] brn
|-damage|p2a: Corsola|45/100 brn|[from] brn
|upkeep
|turn|413
|inactive|DanoneWasTaken has 15 seconds left this turn.
|l| nicksackmac
|
|t:|1662945773
|move|p1a: Skarmory|Iron Defense|p1a: Skarmory
|-boost|p1a: Skarmory|def|2
|move|p2a: Corsola|Strength Sap|p1a: Skarmory
|-unboost|p1a: Skarmory|atk|1
|-heal|p2a: Corsola|91/100 brn
|
|-damage|p1a: Skarmory|86/100 brn|[from] brn
|-damage|p2a: Corsola|84/100 brn|[from] brn
|upkeep
|turn|414
|inactive|DanoneWasTaken has 20 seconds left this turn.
|
|t:|1662945780
|switch|p2a: Suicune|Suicune|62/100 slp
|-damage|p2a: Suicune|50/100 slp|[from] Stealth Rock
|-ability|p2a: Suicune|Pressure
|move|p1a: Skarmory|Iron Defense|p1a: Skarmory
|-boost|p1a: Skarmory|def|0
|
|-heal|p2a: Suicune|56/100 slp|[from] item: Leftovers
|-damage|p1a: Skarmory|80/100 brn|[from] brn
|upkeep
|turn|415
|inactive|DanoneWasTaken has 20 seconds left this turn.
|
|t:|1662945786
|-curestatus|p2a: Suicune|slp|[msg]
|move|p2a: Suicune|Rest|p2a: Suicune
|-status|p2a: Suicune|slp|[from] move: Rest
|-heal|p2a: Suicune|100/100 slp|[silent]
|move|p1a: Skarmory|Spikes|p2a: Suicune
|-sidestart|p2: GryphonEX|Spikes
|
|-damage|p1a: Skarmory|74/100 brn|[from] brn
|upkeep
|turn|416
|inactive|DanoneWasTaken has 25 seconds left this turn.
|
|t:|1662945796
|switch|p2a: Corsola|Corsola-Galar, F|84/100 brn
|-damage|p2a: Corsola|72/100 brn|[from] Stealth Rock
|-damage|p2a: Corsola|60/100 brn|[from] Spikes
|move|p1a: Skarmory|Spikes|p2a: Corsola
|-sidestart|p2: GryphonEX|Spikes
|
|-damage|p1a: Skarmory|68/100 brn|[from] brn
|-damage|p2a: Corsola|54/100 brn|[from] brn
|upkeep
|turn|417
|inactive|DanoneWasTaken has 25 seconds left this turn.
|
|t:|1662945801
|move|p1a: Skarmory|Spikes|p2a: Corsola
|-sidestart|p2: GryphonEX|Spikes
|move|p2a: Corsola|Stealth Rock||[still]
|-fail|p2a: Corsola
|
|-damage|p1a: Skarmory|62/100 brn|[from] brn
|-damage|p2a: Corsola|47/100 brn|[from] brn
|upkeep
|turn|418
|inactive|DanoneWasTaken has 30 seconds left this turn.
|
|t:|1662945804
|move|p1a: Skarmory|Spikes||[still]
|-fail|p1a: Skarmory
|move|p2a: Corsola|Strength Sap|p1a: Skarmory
|-unboost|p1a: Skarmory|atk|1
|-heal|p2a: Corsola|78/100 brn
|
|-damage|p1a: Skarmory|56/100 brn|[from] brn
|-damage|p2a: Corsola|71/100 brn|[from] brn
|upkeep
|turn|419
|inactive|DanoneWasTaken has 30 seconds left this turn.
|
|t:|1662945807
|move|p1a: Skarmory|Spikes||[still]
|-fail|p1a: Skarmory
|move|p2a: Corsola|Stealth Rock||[still]
|-fail|p2a: Corsola
|
|-damage|p1a: Skarmory|50/100 brn|[from] brn
|-damage|p2a: Corsola|65/100 brn|[from] brn
|upkeep
|turn|420
|
|t:|1662945809
|move|p1a: Skarmory|Spikes||[still]
|-fail|p1a: Skarmory
|move|p2a: Corsola|Stealth Rock||[still]
|-fail|p2a: Corsola
|
|-damage|p1a: Skarmory|44/100 brn|[from] brn
|-damage|p2a: Corsola|59/100 brn|[from] brn
|upkeep
|turn|421
|
|t:|1662945813
|move|p1a: Skarmory|Roost|p1a: Skarmory
|-heal|p1a: Skarmory|94/100 brn
|-singleturn|p1a: Skarmory|move: Roost
|move|p2a: Corsola|Will-O-Wisp|p1a: Skarmory
|-fail|p1a: Skarmory|brn
|
|-damage|p1a: Skarmory|88/100 brn|[from] brn
|-damage|p2a: Corsola|53/100 brn|[from] brn
|upkeep
|turn|422
|
|t:|1662945815
|move|p1a: Skarmory|Spikes||[still]
|-fail|p1a: Skarmory
|move|p2a: Corsola|Stealth Rock||[still]
|-fail|p2a: Corsola
|
|-damage|p1a: Skarmory|82/100 brn|[from] brn
|-damage|p2a: Corsola|47/100 brn|[from] brn
|upkeep
|turn|423
|
|t:|1662945822
|move|p1a: Skarmory|Spikes||[still]
|-fail|p1a: Skarmory
|move|p2a: Corsola|Stealth Rock||[still]
|-fail|p2a: Corsola
|
|-damage|p1a: Skarmory|76/100 brn|[from] brn
|-damage|p2a: Corsola|41/100 brn|[from] brn
|upkeep
|turn|424
|
|t:|1662945824
|move|p1a: Skarmory|Spikes||[still]
|-fail|p1a: Skarmory
|move|p2a: Corsola|Night Shade|p1a: Skarmory
|-damage|p1a: Skarmory|46/100 brn
|
|-damage|p1a: Skarmory|40/100 brn|[from] brn
|-damage|p2a: Corsola|34/100 brn|[from] brn
|upkeep
|turn|425
|
|t:|1662945828
|switch|p2a: Suicune|Suicune|100/100 slp
|-damage|p2a: Suicune|88/100 slp|[from] Stealth Rock
|-damage|p2a: Suicune|63/100 slp|[from] Spikes
|-ability|p2a: Suicune|Pressure
|move|p1a: Skarmory|Roost|p1a: Skarmory
|-heal|p1a: Skarmory|91/100 brn
|-singleturn|p1a: Skarmory|move: Roost
|
|-heal|p2a: Suicune|69/100 slp|[from] item: Leftovers
|-damage|p1a: Skarmory|85/100 brn|[from] brn
|upkeep
|turn|426
|
|t:|1662945832
|cant|p2a: Suicune|slp
|move|p1a: Skarmory|Spikes||[still]
|-fail|p1a: Skarmory
|
|-heal|p2a: Suicune|75/100 slp|[from] item: Leftovers
|-damage|p1a: Skarmory|79/100 brn|[from] brn
|upkeep
|turn|427
|
|t:|1662945835
|cant|p2a: Suicune|slp
|move|p1a: Skarmory|Spikes||[still]
|-fail|p1a: Skarmory
|
|-heal|p2a: Suicune|82/100 slp|[from] item: Leftovers
|-damage|p1a: Skarmory|73/100 brn|[from] brn
|upkeep
|turn|428
|
|t:|1662945840
|switch|p2a: Corsola|Corsola-Galar, F|34/100 brn
|-damage|p2a: Corsola|22/100 brn|[from] Stealth Rock
|-damage|p2a: Corsola|0 fnt|[from] Spikes
|faint|p2a: Corsola
|move|p1a: Skarmory|Spikes||[still]
|-fail|p1a: Skarmory
|
|-damage|p1a: Skarmory|67/100 brn|[from] brn
|upkeep
|
|t:|1662945841
|switch|p2a: Chansey|Chansey, F|39/100
|-damage|p2a: Chansey|27/100|[from] Stealth Rock
|-damage|p2a: Chansey|2/100|[from] Spikes
|turn|429
|
|t:|1662945844
|move|p1a: Skarmory|Body Press|p2a: Chansey
|-supereffective|p2a: Chansey
|-damage|p2a: Chansey|0 fnt
|faint|p2a: Chansey
|
|-damage|p1a: Skarmory|61/100 brn|[from] brn
|upkeep
|
|t:|1662945845
|switch|p2a: Zarude|Zarude|5/100
|-damage|p2a: Zarude|0 fnt|[from] Stealth Rock
|faint|p2a: Zarude
|
|t:|1662945851
|switch|p2a: Suicune|Suicune|82/100 slp
|-damage|p2a: Suicune|69/100 slp|[from] Stealth Rock
|-damage|p2a: Suicune|44/100 slp|[from] Spikes
|-ability|p2a: Suicune|Pressure
|turn|430
|
|t:|1662945854
|-curestatus|p2a: Suicune|slp|[msg]
|move|p2a: Suicune|Rest|p2a: Suicune
|-status|p2a: Suicune|slp|[from] move: Rest
|-heal|p2a: Suicune|100/100 slp|[silent]
|move|p1a: Skarmory|Body Press|p2a: Suicune
|-damage|p2a: Suicune|66/100 slp
|
|-heal|p2a: Suicune|72/100 slp|[from] item: Leftovers
|-damage|p1a: Skarmory|55/100 brn|[from] brn
|upkeep
|turn|431
|
|t:|1662945859
|cant|p2a: Suicune|slp
|move|p1a: Skarmory|Spikes||[still]
|-fail|p1a: Skarmory
|
|-heal|p2a: Suicune|78/100 slp|[from] item: Leftovers
|-damage|p1a: Skarmory|49/100 brn|[from] brn
|upkeep
|turn|432
|
|t:|1662945861
|cant|p2a: Suicune|slp
|move|p1a: Skarmory|Roost|p1a: Skarmory
|-heal|p1a: Skarmory|99/100 brn
|-singleturn|p1a: Skarmory|move: Roost
|
|-heal|p2a: Suicune|85/100 slp|[from] item: Leftovers
|-damage|p1a: Skarmory|93/100 brn|[from] brn
|upkeep
|turn|433
|
|t:|1662945865
|-curestatus|p2a: Suicune|slp|[msg]
|-activate|p2a: Suicune|move: Struggle
|move|p2a: Suicune|Struggle|p1a: Skarmory
|-damage|p1a: Skarmory|91/100 brn
|-damage|p2a: Suicune|68/100|[from] item: Rocky Helmet|[of] p1a: Skarmory
|-damage|p2a: Suicune|43/100|[from] recoil
|move|p1a: Skarmory|Body Press|p2a: Suicune
|-damage|p2a: Suicune|11/100
|
|-heal|p2a: Suicune|17/100|[from] item: Leftovers
|-damage|p1a: Skarmory|85/100 brn|[from] brn
|upkeep
|turn|434
|
|t:|1662945868
|-activate|p2a: Suicune|move: Struggle
|move|p2a: Suicune|Struggle|p1a: Skarmory
|-damage|p1a: Skarmory|84/100 brn
|-damage|p2a: Suicune|0 fnt|[from] item: Rocky Helmet|[of] p1a: Skarmory
|faint|p2a: Suicune
|
|win|DanoneWasTaken
|raw|DanoneWasTaken's rating: 1339 &rarr; <strong>1365</strong><br />(+26 for winning)
|raw|GryphonEX's rating: 1439 &rarr; <strong>1413</strong><br />(-26 for losing)
|c|☆GryphonEX|That was a game
|c| LocalMetagross|i wanna use one of these teams
|c| LocalMetagross|and ruin someones day
|c|☆DanoneWasTaken|i enjoyed that
|c|☆DanoneWasTaken|gg
|c|☆GryphonEX|here let me get you my set
|c| LocalMetagross|tyt
|c|☆DanoneWasTaken|im usng a UU sample team
||Ladder isn't responding, score probably updated but might not have (Request timeout).
|c|☆DanoneWasTaken|you can find it in the UU chat room
