|j|☆KM
|j|☆Wahoo Taco
|t:|1638569926
|gametype|singles
|player|p1|KM|aromalady|
|player|p2|Wahoo Taco|flint|
|teamsize|p1|6
|teamsize|p2|6
|gen|8
|tier|[Gen 8] UU
|rated|Tournament battle
|rule|Sleep Clause Mod: Limit one foe put to sleep
|rule|Species Clause: Limit one of each Pokémon
|rule|OHKO Clause: OHKO moves are banned
|rule|Evasion Moves Clause: Evasion moves are banned
|rule|Endless Battle Clause: Forcing endless battles is banned
|rule|HP Percentage Mod: HP is shown in percentages
|rule|Dynamax Clause: You cannot dynamax
|clearpoke
|poke|p1|Zarude|
|poke|p1|Thundurus-Therian, M|
|poke|p1|Darmanitan, M|
|poke|p1|Swampert, F|
|poke|p1|Jirachi|
|poke|p1|Azumarill, M|
|poke|p2|Ribombee, F|
|poke|p2|Mienshao, M|
|poke|p2|Mamoswine, M|
|poke|p2|Gyarados, M|
|poke|p2|Thundurus-Therian, M|
|poke|p2|Celesteela|
|teampreview
|c|☆Wahoo Taco|hf
|c|☆KM|u2
|j| ptmandess
|j|+Aqua8Jet
|inactive|Battle timer is ON: inactive players will automatically lose when time's up. (requested by Wahoo Taco)
|j|+pokemonisfun
|j| Dunoks
|j| cileay
|c|+pokemonisfun|lets get it mr km
|
|t:|1638569952
|start
|switch|p1a: Swampert|Swampert, F|100/100
|switch|p2a: Ribombee|Ribombee, F|100/100
|turn|1
|
|t:|1638569956
|move|p2a: Ribombee|Sticky Web|p1a: Swampert
|-sidestart|p1: KM|move: Sticky Web
|move|p1a: Swampert|Stealth Rock|p2a: Ribombee
|-sidestart|p2: Wahoo Taco|move: Stealth Rock
|
|upkeep
|turn|2
|j| Alabacterie
|c| ptmandess|ribombee is so gross
|
|t:|1638569959
|move|p2a: Ribombee|Moonblast|p1a: Swampert
|-damage|p1a: Swampert|72/100
|move|p1a: Swampert|Mirror Coat|p2a: Ribombee
|-damage|p2a: Ribombee|13/100
|
|-heal|p1a: Swampert|78/100|[from] item: Leftovers
|upkeep
|turn|3
|j| Arxtric
|c|+pokemonisfun|time to use min spdef mirror coat
|
|t:|1638569981
|move|p2a: Ribombee|Stun Spore|p1a: Swampert|[miss]
|-miss|p2a: Ribombee|p1a: Swampert
|move|p1a: Swampert|Flip Turn|p2a: Ribombee
|-damage|p2a: Ribombee|0 fnt
|faint|p2a: Ribombee
|
|t:|1638569987
|switch|p1a: Thundurus|Thundurus-Therian, M|100/100|[from]move: Flip Turn
|
|upkeep
|c| ptmandess|justice!
|c| ptmandess|stupid fairy bee
|
|t:|1638569993
|switch|p2a: Mienshao|Mienshao, M|100/100
|-damage|p2a: Mienshao|95/100|[from] Stealth Rock
|turn|4
|
|t:|1638570000
|move|p2a: Mienshao|Stone Edge|p1a: Thundurus
|-supereffective|p1a: Thundurus
|-damage|p1a: Thundurus|0 fnt
|faint|p1a: Thundurus
|-damage|p2a: Mienshao|85/100|[from] item: Life Orb
|
|upkeep
|
|t:|1638570006
|switch|p1a: Azumarill|Azumarill, M|100/100
|-activate|p1a: Azumarill|move: Sticky Web
|-unboost|p1a: Azumarill|spe|1
|turn|5
|
|t:|1638570012
|switch|p2a: Celesteela|Celesteela|100/100
|-damage|p2a: Celesteela|88/100|[from] Stealth Rock
|move|p1a: Azumarill|Ice Punch|p2a: Celesteela
|-damage|p2a: Celesteela|56/100
|
|upkeep
|turn|6
|
|t:|1638570022
|switch|p1a: Swampert|Swampert, F|78/100
|-activate|p1a: Swampert|move: Sticky Web
|-unboost|p1a: Swampert|spe|1
|move|p2a: Celesteela|Meteor Beam||[still]
|-prepare|p2a: Celesteela|Meteor Beam
|-boost|p2a: Celesteela|spa|1
|-enditem|p2a: Celesteela|Power Herb
|-anim|p2a: Celesteela|Meteor Beam|p1a: Swampert
|-resisted|p1a: Swampert
|-damage|p1a: Swampert|59/100
|
|-heal|p1a: Swampert|65/100|[from] item: Leftovers
|upkeep
|turn|7
|
|t:|1638570025
|move|p2a: Celesteela|Autotomize|p2a: Celesteela
|-boost|p2a: Celesteela|spe|2
|-start|p2a: Celesteela|Autotomize
|move|p1a: Swampert|Flip Turn|p2a: Celesteela
|-damage|p2a: Celesteela|31/100
|
|t:|1638570034
|switch|p1a: Zarude|Zarude|100/100|[from]move: Flip Turn
|
|upkeep
|turn|8
|
|t:|1638570047
|switch|p1a: Jirachi|Jirachi|100/100
|-activate|p1a: Jirachi|move: Sticky Web
|-unboost|p1a: Jirachi|spe|1
|move|p2a: Celesteela|Air Slash|p1a: Jirachi
|-resisted|p1a: Jirachi
|-damage|p1a: Jirachi|73/100
|
|upkeep
|turn|9
|
|t:|1638570051
|switch|p1a: Swampert|Swampert, F|65/100
|-activate|p1a: Swampert|move: Sticky Web
|-unboost|p1a: Swampert|spe|1
|move|p2a: Celesteela|Flamethrower|p1a: Swampert
|-resisted|p1a: Swampert
|-damage|p1a: Swampert|50/100
|
|-heal|p1a: Swampert|56/100|[from] item: Leftovers
|upkeep
|turn|10
|
|t:|1638570054
|move|p2a: Celesteela|Air Slash|p1a: Swampert
|-damage|p1a: Swampert|17/100
|cant|p1a: Swampert|flinch
|
|-heal|p1a: Swampert|23/100|[from] item: Leftovers
|upkeep
|turn|11
|c|☆KM|naur
|
|t:|1638570058
|move|p2a: Celesteela|Air Slash|p1a: Swampert
|-damage|p1a: Swampert|0 fnt
|faint|p1a: Swampert
|-ability|p2a: Celesteela|Beast Boost|boost
|-boost|p2a: Celesteela|spa|1
|
|upkeep
|
|t:|1638570060
|switch|p1a: Azumarill|Azumarill, M|100/100
|-activate|p1a: Azumarill|move: Sticky Web
|-unboost|p1a: Azumarill|spe|1
|turn|12
|
|t:|1638570062
|move|p1a: Azumarill|Aqua Jet|p2a: Celesteela
|-damage|p2a: Celesteela|7/100
|move|p2a: Celesteela|Air Slash|p1a: Azumarill
|-damage|p1a: Azumarill|39/100
|
|upkeep
|turn|13
|
|t:|1638570067
|move|p1a: Azumarill|Aqua Jet|p2a: Celesteela
|-damage|p2a: Celesteela|0 fnt
|faint|p2a: Celesteela
|
|upkeep
|
|t:|1638570075
|switch|p2a: Gyarados|Gyarados, M|100/100
|-damage|p2a: Gyarados|76/100|[from] Stealth Rock
|turn|14
|
|t:|1638570085
|switch|p1a: Jirachi|Jirachi|73/100
|-activate|p1a: Jirachi|move: Sticky Web
|-unboost|p1a: Jirachi|spe|1
|move|p2a: Gyarados|Power Whip|p1a: Jirachi
|-resisted|p1a: Jirachi
|-damage|p1a: Jirachi|46/100
|-damage|p2a: Gyarados|66/100|[from] item: Life Orb
|
|upkeep
|turn|15
|
|t:|1638570089
|move|p1a: Jirachi|Thunder Punch|p2a: Gyarados
|-supereffective|p2a: Gyarados
|-damage|p2a: Gyarados|0 fnt
|faint|p2a: Gyarados
|
|upkeep
|j| Micciu20250
|
|t:|1638570097
|switch|p2a: Thundurus|Thundurus-Therian, M|100/100
|turn|16
|
|t:|1638570100
|switch|p1a: Zarude|Zarude|100/100
|move|p2a: Thundurus|Nasty Plot|p2a: Thundurus
|-boost|p2a: Thundurus|spa|2
|
|upkeep
|turn|17
|
|t:|1638570123
|move|p1a: Zarude|U-turn|p2a: Thundurus
|-resisted|p2a: Thundurus
|-damage|p2a: Thundurus|82/100
|
|t:|1638570124
|switch|p1a: Azumarill|Azumarill, M|39/100|[from]move: U-turn
|-activate|p1a: Azumarill|move: Sticky Web
|-unboost|p1a: Azumarill|spe|1
|move|p2a: Thundurus|Focus Blast|p1a: Azumarill
|-resisted|p1a: Azumarill
|-damage|p1a: Azumarill|4/100
|-unboost|p1a: Azumarill|spd|1
|
|upkeep
|turn|18
|
|t:|1638570128
|move|p1a: Azumarill|Aqua Jet|p2a: Thundurus
|-damage|p2a: Thundurus|45/100
|move|p2a: Thundurus|Psychic|p1a: Azumarill
|-damage|p1a: Azumarill|0 fnt
|faint|p1a: Azumarill
|
|upkeep
|
|t:|1638570131
|switch|p1a: Zarude|Zarude|100/100
|turn|19
|c| ptmandess|AV
|
|t:|1638570135
|move|p1a: Zarude|Darkest Lariat|p2a: Thundurus
|-damage|p2a: Thundurus|0 fnt
|faint|p2a: Thundurus
|
|upkeep
|
|t:|1638570138
|switch|p2a: Mienshao|Mienshao, M|85/100
|-damage|p2a: Mienshao|79/100|[from] Stealth Rock
|turn|20
|c|☆KM|well
|c|☆KM|here's the moment of truth
|c|☆KM|lol
|c|☆Wahoo Taco|yep
|
|t:|1638570155
|move|p1a: Zarude|Power Whip|p2a: Mienshao
|-damage|p2a: Mienshao|0 fnt
|faint|p2a: Mienshao
|
|upkeep
|
|t:|1638570159
|switch|p2a: Mamoswine|Mamoswine, M|100/100
|-damage|p2a: Mamoswine|88/100|[from] Stealth Rock
|turn|21
|
|t:|1638570164
|move|p2a: Mamoswine|Ice Shard|p1a: Zarude
|-supereffective|p1a: Zarude
|-damage|p1a: Zarude|44/100
|-damage|p2a: Mamoswine|78/100|[from] item: Life Orb
|move|p1a: Zarude|Darkest Lariat|p2a: Mamoswine
|-damage|p2a: Mamoswine|34/100
|
|upkeep
|turn|22
|
|t:|1638570168
|switch|p1a: Jirachi|Jirachi|46/100
|-activate|p1a: Jirachi|move: Sticky Web
|-unboost|p1a: Jirachi|spe|1
|move|p2a: Mamoswine|Ice Shard|p1a: Jirachi
|-resisted|p1a: Jirachi
|-damage|p1a: Jirachi|32/100
|-damage|p2a: Mamoswine|24/100|[from] item: Life Orb
|
|upkeep
|turn|23
|c| ptmandess|gg
|
|t:|1638570172
|switch|p1a: Zarude|Zarude|44/100
|move|p2a: Mamoswine|Knock Off|p1a: Zarude
|-resisted|p1a: Zarude
|-damage|p1a: Zarude|23/100
|-enditem|p1a: Zarude|Heavy-Duty Boots|[from] move: Knock Off|[of] p2a: Mamoswine
|-damage|p2a: Mamoswine|14/100|[from] item: Life Orb
|
|upkeep
|turn|24
|
|t:|1638570176
|move|p2a: Mamoswine|Ice Shard|p1a: Zarude
|-supereffective|p1a: Zarude
|-damage|p1a: Zarude|0 fnt
|faint|p1a: Zarude
|-damage|p2a: Mamoswine|4/100|[from] item: Life Orb
|
|upkeep
|
|t:|1638570178
|switch|p1a: Jirachi|Jirachi|32/100
|-activate|p1a: Jirachi|move: Sticky Web
|-unboost|p1a: Jirachi|spe|1
|turn|25
|c|☆KM|gg
|
|t:|1638570181
|move|p1a: Jirachi|U-turn|p2a: Mamoswine
|-damage|p2a: Mamoswine|0 fnt
|faint|p2a: Mamoswine
|
|win|KM
|n|☆KM|km
|n|☆Wahoo Taco|wahootaco
|n| ptmandess|ptmandess
|n| Aqua8Jet|aqua8jet
|n| pokemonisfun|pokemonisfun
|n| Dunoks|dunoks
|n| cileay|cileay
|n| Alabacterie|alabacterie
|n| Arxtric|arxtric
|n| Micciu20250|micciu20250
|l| cileay
|c|☆Wahoo Taco|gg
