|html|<div class="broadcast-blue"><strong>[Gen 8] UU is currently suspecting Thundurus-T! For information on how to participate check out the <a href="https://www.smogon.com/forums/threads/np-ss-uu-stage-11-boom-clap.3696000/">suspect thread</a>.</strong></div>
|j|☆Y1theking100
|j|☆SaberSeven
|t:|1642639020
|gametype|singles
|player|p1|Y1theking100|battlegirl-gen4|
|player|p2|SaberSeven|silver|
|teamsize|p1|6
|teamsize|p2|6
|gen|8
|tier|[Gen 8] UU
|rated|Tournament battle
|rule|Sleep Clause Mod: Limit one foe put to sleep
|rule|Species Clause: Limit one of each Pokémon
|rule|OHKO Clause: OHKO moves are banned
|rule|Evasion Moves Clause: Evasion moves are banned
|rule|Endless Battle Clause: Forcing endless battles is banned
|rule|HP Percentage Mod: HP is shown in percentages
|rule|Dynamax Clause: You cannot dynamax
|clearpoke
|poke|p1|Slowking, F|
|poke|p1|Nihilego|
|poke|p1|Weezing-Galar, M|
|poke|p1|Tangrowth, F|
|poke|p1|Vanilluxe, M|
|poke|p1|Excadrill, M|
|poke|p2|Thundurus-Therian, M|
|poke|p2|Excadrill, F|
|poke|p2|Amoonguss, F|
|poke|p2|Skarmory, F|
|poke|p2|Keldeo-Resolute|
|poke|p2|Mamoswine, F|
|teampreview
|j| Arxtric
|c|☆SaberSeven|The rematch from the other night
|j|+Aqua8Jet
|c|☆SaberSeven|Sorry about the salt from that night btw
|
|t:|1642639055
|start
|switch|p1a: Nihilego|Nihilego|100/100
|switch|p2a: Amoonguss|Amoonguss, F|100/100
|turn|1
|c|☆Y1theking100|it's cool
|c|☆Y1theking100|hf
|c|☆SaberSeven|u2
|
|t:|1642639072
|move|p1a: Nihilego|Knock Off|p2a: Amoonguss
|-damage|p2a: Amoonguss|92/100
|-damage|p1a: Nihilego|84/100|[from] item: Rocky Helmet|[of] p2a: Amoonguss
|-enditem|p2a: Amoonguss|Rocky Helmet|[from] move: Knock Off|[of] p1a: Nihilego
|move|p2a: Amoonguss|Spore|p1a: Nihilego
|-status|p1a: Nihilego|slp|[from] move: Spore
|
|-heal|p1a: Nihilego|90/100 slp|[from] item: Black Sludge
|upkeep
|turn|2
|
|t:|1642639091
|switch|p1a: Slowking|Slowking, F|100/100
|move|p2a: Amoonguss|Sludge Bomb|p1a: Slowking
|-damage|p1a: Slowking|77/100
|
|upkeep
|turn|3
|
|t:|1642639102
|switch|p2a: Thundurus|Thundurus-Therian, M|100/100
|move|p1a: Slowking|Scald|p2a: Thundurus
|-damage|p2a: Thundurus|62/100
|
|upkeep
|turn|4
|
|t:|1642639109
|switch|p1a: Tangrowth|Tangrowth, F|100/100
|move|p2a: Thundurus|Knock Off|p1a: Tangrowth
|-damage|p1a: Tangrowth|86/100
|-enditem|p1a: Tangrowth|Assault Vest|[from] move: Knock Off|[of] p2a: Thundurus
|
|upkeep
|turn|5
|j| Rotten Papaya
|
|t:|1642639119
|move|p2a: Thundurus|Volt Switch|p1a: Tangrowth
|-resisted|p1a: Tangrowth
|-damage|p1a: Tangrowth|65/100
|
|t:|1642639124
|switch|p2a: Amoonguss|Amoonguss, F|100/100|[from]move: Volt Switch
|move|p1a: Tangrowth|Knock Off|p2a: Amoonguss
|-damage|p2a: Amoonguss|90/100
|
|upkeep
|turn|6
|
|t:|1642639139
|switch|p1a: Weezing|Weezing-Galar, M|100/100
|-ability|p1a: Weezing|Neutralizing Gas
|switch|p2a: Thundurus|Thundurus-Therian, M|62/100
|
|upkeep
|turn|7
|
|t:|1642639149
|-end|p1a: Weezing|ability: Neutralizing Gas
|switch|p1a: Slowking|Slowking, F|100/100
|move|p2a: Thundurus|Psychic|p1a: Slowking
|-resisted|p1a: Slowking
|-damage|p1a: Slowking|88/100
|
|upkeep
|turn|8
|
|t:|1642639157
|switch|p1a: Tangrowth|Tangrowth, F|99/100
|move|p2a: Thundurus|Volt Switch|p1a: Tangrowth
|-resisted|p1a: Tangrowth
|-damage|p1a: Tangrowth|78/100
|
|t:|1642639163
|switch|p2a: Skarmory|Skarmory, F|100/100|[from]move: Volt Switch
|
|upkeep
|turn|9
|
|t:|1642639168
|switch|p1a: Vanilluxe|Vanilluxe, M|100/100
|-weather|Hail|[from] ability: Snow Warning|[of] p1a: Vanilluxe
|move|p2a: Skarmory|Spikes|p1a: Vanilluxe
|-sidestart|p1: Y1theking100|Spikes
|
|-weather|Hail|[upkeep]
|-damage|p2a: Skarmory|95/100|[from] Hail
|upkeep
|turn|10
|
|t:|1642639187
|move|p1a: Vanilluxe|Blizzard|p2a: Skarmory
|-damage|p2a: Skarmory|0 fnt
|faint|p2a: Skarmory
|
|-weather|Hail|[upkeep]
|upkeep
|
|t:|1642639226
|switch|p2a: Keldeo|Keldeo-Resolute|100/100
|turn|11
|
|t:|1642639232
|switch|p1a: Slowking|Slowking, F|100/100
|-damage|p1a: Slowking|88/100|[from] Spikes
|move|p2a: Keldeo|Flip Turn|p1a: Slowking
|-resisted|p1a: Slowking
|-damage|p1a: Slowking|83/100
|
|t:|1642639239
|switch|p2a: Thundurus|Thundurus-Therian, M|62/100|[from]move: Flip Turn
|
|-weather|Hail|[upkeep]
|-damage|p2a: Thundurus|56/100|[from] Hail
|-damage|p1a: Slowking|77/100|[from] Hail
|upkeep
|turn|12
|l| Arxtric
|
|t:|1642639258
|move|p2a: Thundurus|Volt Switch|p1a: Slowking
|-supereffective|p1a: Slowking
|-damage|p1a: Slowking|11/100
|
|t:|1642639263
|switch|p2a: Amoonguss|Amoonguss, F|90/100|[from]move: Volt Switch
|move|p1a: Slowking|Psychic|p2a: Amoonguss
|-supereffective|p2a: Amoonguss
|-damage|p2a: Amoonguss|34/100
|
|-weather|Hail|[upkeep]
|-damage|p2a: Amoonguss|28/100|[from] Hail
|-damage|p1a: Slowking|5/100|[from] Hail
|upkeep
|turn|13
|
|t:|1642639289
|switch|p2a: Excadrill|Excadrill, F|100/100
|-ability|p2a: Excadrill|Mold Breaker
|switch|p1a: Weezing|Weezing-Galar, M|100/100
|-ability|p1a: Weezing|Neutralizing Gas
|-damage|p1a: Weezing|88/100|[from] Spikes
|
|-weather|none
|-heal|p1a: Weezing|94/100|[from] item: Black Sludge
|upkeep
|turn|14
|
|t:|1642639302
|-end|p1a: Weezing|ability: Neutralizing Gas
|-ability|p2a: Excadrill|Mold Breaker
|switch|p1a: Tangrowth|Tangrowth, F|100/100
|-damage|p1a: Tangrowth|88/100|[from] Spikes
|move|p2a: Excadrill|Iron Head|p1a: Tangrowth
|-damage|p1a: Tangrowth|63/100
|
|upkeep
|turn|15
|l| Rotten Papaya
|
|t:|1642639312
|switch|p2a: Amoonguss|Amoonguss, F|61/100
|switch|p1a: Excadrill|Excadrill, M|100/100
|-damage|p1a: Excadrill|88/100|[from] Spikes
|-ability|p1a: Excadrill|Mold Breaker
|
|-heal|p1a: Excadrill|94/100|[from] item: Leftovers
|upkeep
|turn|16
|
|t:|1642639322
|move|p1a: Excadrill|Rapid Spin|p2a: Amoonguss
|-damage|p2a: Amoonguss|50/100
|-boost|p1a: Excadrill|spe|1
|-sideend|p1: Y1theking100|Spikes|[from] move: Rapid Spin|[of] p1a: Excadrill
|move|p2a: Amoonguss|Foul Play|p1a: Excadrill
|-damage|p1a: Excadrill|53/100
|
|-heal|p1a: Excadrill|59/100|[from] item: Leftovers
|upkeep
|turn|17
|
|t:|1642639333
|move|p1a: Excadrill|Earthquake|p2a: Amoonguss
|-damage|p2a: Amoonguss|16/100
|move|p2a: Amoonguss|Synthesis|p2a: Amoonguss
|-heal|p2a: Amoonguss|66/100
|
|-heal|p1a: Excadrill|65/100|[from] item: Leftovers
|upkeep
|turn|18
|
|t:|1642639346
|switch|p1a: Vanilluxe|Vanilluxe, M|100/100
|-weather|Hail|[from] ability: Snow Warning|[of] p1a: Vanilluxe
|move|p2a: Amoonguss|Foul Play|p1a: Vanilluxe
|-damage|p1a: Vanilluxe|80/100
|
|-weather|Hail|[upkeep]
|-damage|p2a: Amoonguss|60/100|[from] Hail
|upkeep
|turn|19
|
|t:|1642639408
|switch|p2a: Mamoswine|Mamoswine, F|100/100
|move|p1a: Vanilluxe|Blizzard|p2a: Mamoswine
|-damage|p2a: Mamoswine|37/100
|
|-weather|Hail|[upkeep]
|upkeep
|turn|20
|
|t:|1642639437
|switch|p1a: Weezing|Weezing-Galar, M|94/100
|-ability|p1a: Weezing|Neutralizing Gas
|move|p2a: Mamoswine|Earthquake|p1a: Weezing
|-supereffective|p1a: Weezing
|-damage|p1a: Weezing|25/100
|
|-weather|Hail|[upkeep]
|-damage|p1a: Weezing|19/100|[from] Hail
|-heal|p1a: Weezing|25/100|[from] item: Black Sludge
|upkeep
|turn|21
|
|t:|1642639447
|move|p2a: Mamoswine|Earthquake|p1a: Weezing
|-supereffective|p1a: Weezing
|-damage|p1a: Weezing|0 fnt
|faint|p1a: Weezing
|-end|p1a: Weezing|ability: Neutralizing Gas
|
|-weather|Hail|[upkeep]
|upkeep
|
|t:|1642639451
|switch|p1a: Excadrill|Excadrill, M|65/100
|-ability|p1a: Excadrill|Mold Breaker
|turn|22
|
|t:|1642639465
|switch|p2a: Amoonguss|Amoonguss, F|93/100
|move|p1a: Excadrill|Earthquake|p2a: Amoonguss
|-damage|p2a: Amoonguss|58/100
|
|-weather|none
|-heal|p1a: Excadrill|71/100|[from] item: Leftovers
|upkeep
|turn|23
|
|t:|1642639480
|switch|p2a: Thundurus|Thundurus-Therian, M|56/100
|move|p1a: Excadrill|Earthquake|p2a: Thundurus
|-immune|p2a: Thundurus
|
|-heal|p1a: Excadrill|77/100|[from] item: Leftovers
|upkeep
|turn|24
|
|t:|1642639489
|switch|p1a: Tangrowth|Tangrowth, F|96/100
|move|p2a: Thundurus|Focus Blast|p1a: Tangrowth
|-damage|p1a: Tangrowth|51/100
|-unboost|p1a: Tangrowth|spd|1
|
|upkeep
|turn|25
|
|t:|1642639497
|switch|p1a: Nihilego|Nihilego|90/100 slp
|move|p2a: Thundurus|Psychic|p1a: Nihilego
|-supereffective|p1a: Nihilego
|-damage|p1a: Nihilego|34/100 slp
|
|-heal|p1a: Nihilego|40/100 slp|[from] item: Black Sludge
|upkeep
|turn|26
|j| Arxtric
|
|t:|1642639513
|switch|p1a: Slowking|Slowking, F|38/100
|move|p2a: Thundurus|Psychic|p1a: Slowking
|-resisted|p1a: Slowking
|-damage|p1a: Slowking|25/100
|
|upkeep
|turn|27
|
|t:|1642639520
|switch|p1a: Tangrowth|Tangrowth, F|84/100
|move|p2a: Thundurus|Knock Off|p1a: Tangrowth
|-crit|p1a: Tangrowth
|-damage|p1a: Tangrowth|71/100
|
|upkeep
|turn|28
|
|t:|1642639527
|move|p2a: Thundurus|Volt Switch|p1a: Tangrowth
|-resisted|p1a: Tangrowth
|-damage|p1a: Tangrowth|52/100
|
|t:|1642639531
|switch|p2a: Amoonguss|Amoonguss, F|91/100|[from]move: Volt Switch
|move|p1a: Tangrowth|Rock Slide|p2a: Amoonguss
|-damage|p2a: Amoonguss|78/100
|
|upkeep
|turn|29
|
|t:|1642639552
|switch|p1a: Vanilluxe|Vanilluxe, M|80/100
|-weather|Hail|[from] ability: Snow Warning|[of] p1a: Vanilluxe
|switch|p2a: Excadrill|Excadrill, F|100/100
|-ability|p2a: Excadrill|Mold Breaker
|
|-weather|Hail|[upkeep]
|-damage|p2a: Excadrill|94/100|[from] Hail
|-heal|p2a: Excadrill|100/100|[from] item: Leftovers
|upkeep
|turn|30
|
|t:|1642639563
|switch|p1a: Tangrowth|Tangrowth, F|85/100
|move|p2a: Excadrill|Iron Head|p1a: Tangrowth
|-damage|p1a: Tangrowth|61/100
|
|-weather|Hail|[upkeep]
|-damage|p2a: Excadrill|94/100|[from] Hail
|-damage|p1a: Tangrowth|55/100|[from] Hail
|-heal|p2a: Excadrill|100/100|[from] item: Leftovers
|upkeep
|turn|31
|
|t:|1642639574
|switch|p2a: Amoonguss|Amoonguss, F|100/100
|move|p1a: Tangrowth|Knock Off|p2a: Amoonguss
|-damage|p2a: Amoonguss|89/100
|
|-weather|Hail|[upkeep]
|-damage|p1a: Tangrowth|49/100|[from] Hail
|-damage|p2a: Amoonguss|82/100|[from] Hail
|upkeep
|turn|32
|
|t:|1642639590
|switch|p1a: Vanilluxe|Vanilluxe, M|80/100
|switch|p2a: Excadrill|Excadrill, F|100/100
|-ability|p2a: Excadrill|Mold Breaker
|
|-weather|Hail|[upkeep]
|-damage|p2a: Excadrill|94/100|[from] Hail
|-heal|p2a: Excadrill|100/100|[from] item: Leftovers
|upkeep
|turn|33
|
|t:|1642639600
|switch|p1a: Tangrowth|Tangrowth, F|82/100
|move|p2a: Excadrill|Stealth Rock|p1a: Tangrowth
|-sidestart|p1: Y1theking100|move: Stealth Rock
|
|-weather|none
|upkeep
|turn|34
|
|t:|1642639615
|switch|p2a: Amoonguss|Amoonguss, F|100/100
|move|p1a: Tangrowth|Knock Off|p2a: Amoonguss
|-crit|p2a: Amoonguss
|-damage|p2a: Amoonguss|84/100
|
|upkeep
|turn|35
|
|t:|1642639622
|switch|p1a: Excadrill|Excadrill, M|77/100
|-damage|p1a: Excadrill|74/100|[from] Stealth Rock
|-ability|p1a: Excadrill|Mold Breaker
|switch|p2a: Thundurus|Thundurus-Therian, M|56/100
|
|-heal|p1a: Excadrill|80/100|[from] item: Leftovers
|upkeep
|turn|36
|
|t:|1642639632
|move|p2a: Thundurus|Focus Blast|p1a: Excadrill
|-supereffective|p1a: Excadrill
|-damage|p1a: Excadrill|0 fnt
|faint|p1a: Excadrill
|
|upkeep
|
|t:|1642639636
|switch|p1a: Tangrowth|Tangrowth, F|100/100
|-damage|p1a: Tangrowth|88/100|[from] Stealth Rock
|turn|37
|
|t:|1642639644
|move|p2a: Thundurus|Volt Switch|p1a: Tangrowth
|-resisted|p1a: Tangrowth
|-damage|p1a: Tangrowth|68/100
|
|t:|1642639651
|switch|p2a: Amoonguss|Amoonguss, F|100/100|[from]move: Volt Switch
|move|p1a: Tangrowth|Sludge Bomb|p2a: Amoonguss
|-damage|p2a: Amoonguss|80/100
|
|upkeep
|turn|38
|
|t:|1642639662
|switch|p2a: Excadrill|Excadrill, F|100/100
|-ability|p2a: Excadrill|Mold Breaker
|move|p1a: Tangrowth|Power Whip|p2a: Excadrill
|-damage|p2a: Excadrill|42/100
|
|-heal|p2a: Excadrill|48/100|[from] item: Leftovers
|upkeep
|turn|39
|
|t:|1642639673
|switch|p2a: Amoonguss|Amoonguss, F|100/100
|switch|p1a: Vanilluxe|Vanilluxe, M|80/100
|-damage|p1a: Vanilluxe|55/100|[from] Stealth Rock
|-weather|Hail|[from] ability: Snow Warning|[of] p1a: Vanilluxe
|
|-weather|Hail|[upkeep]
|-damage|p2a: Amoonguss|94/100|[from] Hail
|upkeep
|turn|40
|
|t:|1642639703
|switch|p2a: Keldeo|Keldeo-Resolute|100/100
|move|p1a: Vanilluxe|Blizzard|p2a: Keldeo
|-resisted|p2a: Keldeo
|-crit|p2a: Keldeo
|-damage|p2a: Keldeo|26/100
|-status|p2a: Keldeo|frz
|
|-weather|Hail|[upkeep]
|-damage|p2a: Keldeo|19/100 frz|[from] Hail
|upkeep
|turn|41
|c|☆Y1theking100|my bad
|
|t:|1642639714
|cant|p2a: Keldeo|frz
|move|p1a: Vanilluxe|Blizzard|p2a: Keldeo
|-resisted|p2a: Keldeo
|-damage|p2a: Keldeo|0 fnt
|faint|p2a: Keldeo
|
|-weather|Hail|[upkeep]
|upkeep
|
|t:|1642639723
|switch|p2a: Mamoswine|Mamoswine, F|37/100
|turn|42
|
|t:|1642639748
|switch|p1a: Slowking|Slowking, F|58/100
|-damage|p1a: Slowking|46/100|[from] Stealth Rock
|move|p2a: Mamoswine|Earthquake|p1a: Slowking
|-damage|p1a: Slowking|5/100
|
|-weather|Hail|[upkeep]
|-damage|p1a: Slowking|0 fnt|[from] Hail
|faint|p1a: Slowking
|upkeep
|
|t:|1642639751
|switch|p1a: Tangrowth|Tangrowth, F|100/100
|-damage|p1a: Tangrowth|88/100|[from] Stealth Rock
|turn|43
|
|t:|1642639762
|move|p2a: Mamoswine|Icicle Crash|p1a: Tangrowth
|-supereffective|p1a: Tangrowth
|-damage|p1a: Tangrowth|21/100
|cant|p1a: Tangrowth|flinch
|
|-weather|none
|upkeep
|turn|44
|c|☆SaberSeven|mb
|
|t:|1642639774
|move|p2a: Mamoswine|Icicle Crash|p1a: Tangrowth
|-supereffective|p1a: Tangrowth
|-crit|p1a: Tangrowth
|-damage|p1a: Tangrowth|0 fnt
|faint|p1a: Tangrowth
|
|upkeep
|
|t:|1642639777
|switch|p1a: Nihilego|Nihilego|40/100 slp
|-damage|p1a: Nihilego|28/100 slp|[from] Stealth Rock
|turn|45
|c|☆SaberSeven|gg
|c|☆Y1theking100|gg
|c| Arxtric|flinch was needed there
|c| Arxtric|gg
|c|☆SaberSeven|I think the flinch and freeze balanced things out
|j| Thefrokin
|inactive|Battle timer is ON: inactive players will automatically lose when time's up. (requested by SaberSeven)
|inactive|SaberSeven has 120 seconds left.
|
|t:|1642639966
|cant|p1a: Nihilego|slp
|move|p2a: Mamoswine|Earthquake|p1a: Nihilego
|-supereffective|p1a: Nihilego
|-damage|p1a: Nihilego|0 fnt
|faint|p1a: Nihilego
|
|upkeep
|
|t:|1642639973
|switch|p1a: Vanilluxe|Vanilluxe, M|55/100
|-damage|p1a: Vanilluxe|30/100|[from] Stealth Rock
|-weather|Hail|[from] ability: Snow Warning|[of] p1a: Vanilluxe
|turn|46
|
|t:|1642639978
|move|p2a: Mamoswine|Earthquake|p1a: Vanilluxe
|-damage|p1a: Vanilluxe|0 fnt
|faint|p1a: Vanilluxe
|
|win|SaberSeven
|n|☆Y1theking100|y1theking100
|n|☆SaberSeven|saberseven
|n| Aqua8Jet|aqua8jet
|n| Arxtric|arxtric
|n| Thefrokin|thefrokin
|l|☆Y1theking100
|l|☆SaberSeven
|l| Aqua8Jet
