|html|<div class="broadcast-blue"><strong>[Gen 8] UU is currently suspecting Thundurus! For information on how to participate check out the <a href="https://www.smogon.com/forums/threads/np-ss-uu-stage-9-1-king-of-the-clouds.3689570/">suspect thread</a>.</strong></div>
|j|☆OreitoImposter
|j|☆uu9t adem
|t:|1629887873
|gametype|singles
|player|p1|OreitoImposter|juggler|1187
|player|p2|uu9t adem|lady-gen4|1126
|teamsize|p1|6
|teamsize|p2|6
|gen|8
|tier|[Gen 8] UU
|rated|
|rule|Sleep Clause Mod: Limit one foe put to sleep
|rule|Species Clause: Limit one of each Pokémon
|rule|OHKO Clause: OHKO moves are banned
|rule|Evasion Moves Clause: Evasion moves are banned
|rule|Endless Battle Clause: Forcing endless battles is banned
|rule|HP Percentage Mod: HP is shown in percentages
|rule|Dynamax Clause: You cannot dynamax
|clearpoke
|poke|p1|Shedinja|
|poke|p1|Zoroark, M|
|poke|p1|Hatterene, F|
|poke|p1|Tentacruel, M|
|poke|p1|Chansey, F|
|poke|p1|Buzzwole|
|poke|p2|Pelipper, F|
|poke|p2|Omastar, F|
|poke|p2|Barraskewda, M|
|poke|p2|Amoonguss, M|
|poke|p2|Jirachi|
|poke|p2|Salamence, F|
|teampreview
|
|t:|1629887881
|start
|switch|p1a: OnePunchBug|Buzzwole|100/100
|switch|p2a: Pelipper|Pelipper, F|100/100
|-weather|RainDance|[from] ability: Drizzle|[of] p2a: Pelipper
|turn|1
|inactive|Battle timer is ON: inactive players will automatically lose when time's up. (requested by OreitoImposter)
|
|t:|1629887899
|move|p1a: OnePunchBug|Thunder Punch|p2a: Pelipper
|-supereffective|p2a: Pelipper
|-damage|p2a: Pelipper|0 fnt
|faint|p2a: Pelipper
|-ability|p1a: OnePunchBug|Beast Boost|boost
|-boost|p1a: OnePunchBug|atk|1
|
|-weather|RainDance|[upkeep]
|upkeep
|
|t:|1629887904
|switch|p2a: Salamence|Salamence, F|100/100
|-ability|p2a: Salamence|Intimidate|boost
|-unboost|p1a: OnePunchBug|atk|1
|turn|2
|
|t:|1629887909
|switch|p1a: Kirby|Chansey, F|100/100
|move|p2a: Salamence|Hurricane|p1a: Kirby
|-damage|p1a: Kirby|84/100
|-start|p1a: Kirby|confusion
|
|-weather|RainDance|[upkeep]
|upkeep
|turn|3
|
|t:|1629887934
|switch|p2a: Barraskewda|Barraskewda, M|100/100
|-activate|p1a: Kirby|confusion
|move|p1a: Kirby|Toxic|p2a: Barraskewda
|-status|p2a: Barraskewda|tox
|
|-weather|RainDance|[upkeep]
|-damage|p2a: Barraskewda|94/100 tox|[from] psn
|upkeep
|turn|4
|
|t:|1629887938
|switch|p1a: Immortal|Shedinja, shiny|100/100
|move|p2a: Barraskewda|Liquidation|p1a: Immortal
|-immune|p1a: Immortal|[from] ability: Wonder Guard
|
|-weather|RainDance|[upkeep]
|-damage|p2a: Barraskewda|82/100 tox|[from] psn
|upkeep
|turn|5
|
|t:|1629887958
|switch|p2a: Amoonguss|Amoonguss, M|100/100
|move|p1a: Immortal|Poltergeist|p2a: Amoonguss
|-activate|p2a: Amoonguss|move: Poltergeist|Assault Vest
|-damage|p2a: Amoonguss|52/100
|
|-weather|RainDance|[upkeep]
|upkeep
|turn|6
|
|t:|1629887967
|switch|p1a: Winx|Hatterene, F|100/100
|switch|p2a: Omastar|Omastar, F|100/100
|
|-weather|RainDance|[upkeep]
|upkeep
|turn|7
|
|t:|1629887982
|move|p2a: Omastar|Shell Smash|p2a: Omastar
|-unboost|p2a: Omastar|def|1
|-unboost|p2a: Omastar|spd|1
|-boost|p2a: Omastar|atk|2
|-boost|p2a: Omastar|spa|2
|-boost|p2a: Omastar|spe|2
|move|p1a: Winx|Calm Mind|p1a: Winx
|-boost|p1a: Winx|spa|1
|-boost|p1a: Winx|spd|1
|
|-weather|RainDance|[upkeep]
|upkeep
|turn|8
|
|t:|1629887985
|move|p1a: Winx|Protect|p1a: Winx
|-singleturn|p1a: Winx|Protect
|move|p2a: Omastar|Meteor Beam||[still]
|-prepare|p2a: Omastar|Meteor Beam
|-boost|p2a: Omastar|spa|1
|-enditem|p2a: Omastar|Power Herb
|-anim|p2a: Omastar|Meteor Beam|p1a: Winx
|-activate|p1a: Winx|move: Protect
|
|-weather|none
|upkeep
|turn|9
|
|t:|1629887991
|move|p2a: Omastar|Surf|p1a: Winx
|-damage|p1a: Winx|16/100
|move|p1a: Winx|Draining Kiss|p2a: Omastar
|-damage|p2a: Omastar|17/100
|-heal|p1a: Winx|72/100|[from] drain|[of] p2a: Omastar
|
|-heal|p1a: Winx|78/100|[from] item: Leftovers
|upkeep
|turn|10
|
|t:|1629888017
|switch|p1a: Immortal|Shedinja, shiny|100/100
|move|p2a: Omastar|Surf|p1a: Immortal
|-immune|p1a: Immortal|[from] ability: Wonder Guard
|
|upkeep
|turn|11
|
|t:|1629888019
|move|p1a: Immortal|Shadow Sneak|p2a: Omastar
|-damage|p2a: Omastar|0 fnt
|faint|p2a: Omastar
|
|upkeep
|
|t:|1629888027
|switch|p2a: Salamence|Salamence, F|100/100
|-ability|p2a: Salamence|Intimidate|boost
|-unboost|p1a: Immortal|atk|1
|turn|12
|
|t:|1629888031
|switch|p2a: Barraskewda|Barraskewda, M|82/100 tox
|switch|p1a: Kirby|Chansey, F|84/100
|
|-damage|p2a: Barraskewda|76/100 tox|[from] psn
|upkeep
|turn|13
|
|t:|1629888039
|switch|p1a: OnePunchBug|Buzzwole|100/100
|move|p2a: Barraskewda|Flip Turn|p1a: OnePunchBug
|-damage|p1a: OnePunchBug|62/100
|
|t:|1629888053
|switch|p2a: Salamence|Salamence, F|100/100|[from]move: Flip Turn
|-ability|p2a: Salamence|Intimidate|boost
|-unboost|p1a: OnePunchBug|atk|1
|
|upkeep
|turn|14
|
|t:|1629888055
|switch|p1a: Kirby|Chansey, F|84/100
|move|p2a: Salamence|Hurricane|p1a: Kirby
|-crit|p1a: Kirby
|-damage|p1a: Kirby|61/100
|
|upkeep
|turn|15
|
|t:|1629888069
|switch|p2a: Barraskewda|Barraskewda, M|76/100 tox
|move|p1a: Kirby|Stealth Rock|p2a: Barraskewda
|-sidestart|p2: uu9t adem|move: Stealth Rock
|
|-damage|p2a: Barraskewda|70/100 tox|[from] psn
|upkeep
|turn|16
|
|t:|1629888073
|switch|p1a: Immortal|Shedinja, shiny|100/100
|move|p2a: Barraskewda|Liquidation|p1a: Immortal
|-immune|p1a: Immortal|[from] ability: Wonder Guard
|
|-damage|p2a: Barraskewda|58/100 tox|[from] psn
|upkeep
|turn|17
|-message|uu9t adem forfeited.
|
|win|OreitoImposter
|raw|OreitoImposter's rating: 1187 &rarr; <strong>1209</strong><br />(+22 for winning)
|raw|uu9t adem's rating: 1142 &rarr; <strong>1120</strong><br />(-22 for losing)
|l|☆uu9t adem
