|j|☆Panorama Fiesta
|j|☆Edfggvc
|t:|1617188477
|player|p1|Panorama Fiesta|cyclist-gen4|
|player|p2|Edfggvc|2|
|teamsize|p1|6
|teamsize|p2|6
|gametype|singles
|gen|8
|tier|[Gen 8] UU
|rated|Tournament battle
|clearpoke
|poke|p1|Alakazam, M|
|poke|p1|Kommo-o, F|
|poke|p1|Primarina, F|
|poke|p1|Nihilego|
|poke|p1|Steelix, M|
|poke|p1|Rotom-Heat|
|poke|p2|Klefki, F|
|poke|p2|Azumarill, F|
|poke|p2|Jirachi|
|poke|p2|Salamence, F|
|poke|p2|Bisharp, M|
|poke|p2|Zeraora|
|rule|Sleep Clause Mod: Limit one foe put to sleep
|rule|Species Clause: Limit one of each Pokémon
|rule|OHKO Clause: OHKO moves are banned
|rule|Evasion Moves Clause: Evasion moves are banned
|rule|Endless Battle Clause: Forcing endless battles is banned
|rule|HP Percentage Mod: HP is shown in percentages
|rule|Dynamax Clause: You cannot dynamax
|teampreview
|j|*Lady Monita
|
|t:|1617188504
|start
|switch|p1a: Rotom|Rotom-Heat|100/100
|switch|p2a: Klefki|Klefki, F|100/100
|turn|1
|j| Cadia_proxy
|j| iRevali
|j| ScottOBrian
|
|t:|1617188520
|move|p2a: Klefki|Light Screen|p2a: Klefki
|-sidestart|p2: Edfggvc|move: Light Screen
|move|p1a: Rotom|Overheat|p2a: Klefki
|-supereffective|p2a: Klefki
|-damage|p2a: Klefki|42/100
|-unboost|p1a: Rotom|spa|2
|
|upkeep
|turn|2
|
|t:|1617188529
|move|p2a: Klefki|Toxic|p1a: Rotom
|-status|p1a: Rotom|tox
|move|p1a: Rotom|Defog|p2a: Klefki
|-unboost|p2a: Klefki|evasion|1
|-sideend|p2: Edfggvc|move: Light Screen
|
|-damage|p1a: Rotom|95/100 tox|[from] psn
|upkeep
|turn|3
|j| SimonBoi99
|l| SimonBoi99
|
|t:|1617188537
|move|p2a: Klefki|Spikes|p1a: Rotom
|-sidestart|p1: Panorama Fiesta|Spikes
|move|p1a: Rotom|Overheat|p2a: Klefki
|-supereffective|p2a: Klefki
|-damage|p2a: Klefki|0 fnt
|-unboost|p1a: Rotom|spa|2
|faint|p2a: Klefki
|
|-damage|p1a: Rotom|83/100 tox|[from] psn
|upkeep
|l| iRevali
|j| Breachingtrout
|j| Skrelpo
|l| Cadia_proxy
|
|t:|1617188552
|switch|p2a: Salamence|Salamence, F|100/100
|turn|4
|
|t:|1617188556
|move|p2a: Salamence|Dragon Dance|p2a: Salamence
|-boost|p2a: Salamence|atk|1
|-boost|p2a: Salamence|spe|1
|move|p1a: Rotom|Volt Switch|p2a: Salamence
|-damage|p2a: Salamence|90/100
|
|t:|1617188579
|switch|p1a: Nihilego|Nihilego|100/100|[from]move: Volt Switch
|-damage|p1a: Nihilego|88/100|[from] Spikes
|
|upkeep
|turn|5
|
|t:|1617188590
|move|p1a: Nihilego|Power Gem|p2a: Salamence
|-supereffective|p2a: Salamence
|-damage|p2a: Salamence|0 fnt
|faint|p2a: Salamence
|-ability|p1a: Nihilego|Beast Boost|boost
|-boost|p1a: Nihilego|spa|1
|
|upkeep
|j| GenFox
|
|t:|1617188594
|switch|p2a: Jirachi|Jirachi|100/100
|turn|6
|
|t:|1617188602
|switch|p1a: Steelix|Steelix, M|100/100
|-damage|p1a: Steelix|88/100|[from] Spikes
|move|p2a: Jirachi|Iron Head|p1a: Steelix
|-resisted|p1a: Steelix
|-damage|p1a: Steelix|80/100
|
|-heal|p1a: Steelix|86/100|[from] item: Leftovers
|upkeep
|turn|7
|j| Nout
|
|t:|1617188626
|switch|p2a: Bisharp|Bisharp, M|100/100
|move|p1a: Steelix|Iron Defense|p1a: Steelix
|-boost|p1a: Steelix|def|2
|
|-heal|p1a: Steelix|92/100|[from] item: Leftovers
|upkeep
|turn|8
|
|t:|1617188632
|move|p2a: Bisharp|Knock Off|p1a: Steelix
|-damage|p1a: Steelix|74/100
|-enditem|p1a: Steelix|Leftovers|[from] move: Knock Off|[of] p2a: Bisharp
|-damage|p2a: Bisharp|91/100|[from] item: Life Orb
|move|p1a: Steelix|Body Press|p2a: Bisharp
|-supereffective|p2a: Bisharp
|-damage|p2a: Bisharp|0 fnt
|faint|p2a: Bisharp
|
|upkeep
|j|@fabwooloousツ
|l| Skrelpo
|
|t:|1617188639
|switch|p2a: Azumarill|Azumarill, F|100/100
|turn|9
|
|t:|1617188649
|move|p2a: Azumarill|Belly Drum|p2a: Azumarill
|-damage|p2a: Azumarill|50/100
|-setboost|p2a: Azumarill|atk|6|[from] move: Belly Drum
|-enditem|p2a: Azumarill|Sitrus Berry|[eat]
|-heal|p2a: Azumarill|75/100|[from] item: Sitrus Berry
|move|p1a: Steelix|Body Press|p2a: Azumarill
|-resisted|p2a: Azumarill
|-damage|p2a: Azumarill|43/100
|
|upkeep
|turn|10
|
|t:|1617188668
|switch|p1a: Alakazam|Alakazam, M|100/100
|move|p2a: Azumarill|Aqua Jet|p1a: Alakazam
|-damage|p1a: Alakazam|0 fnt
|faint|p1a: Alakazam
|
|upkeep
|j| Waneeeer
|
|t:|1617188674
|switch|p1a: Kommo-o|Kommo-o, F|100/100
|-damage|p1a: Kommo-o|88/100|[from] Spikes
|turn|11
|
|t:|1617188679
|move|p1a: Kommo-o|Poison Jab|p2a: Azumarill
|-supereffective|p2a: Azumarill
|-damage|p2a: Azumarill|0 fnt
|faint|p2a: Azumarill
|
|upkeep
|
|t:|1617188683
|switch|p2a: Jirachi|Jirachi|100/100
|turn|12
|
|t:|1617188688
|move|p2a: Jirachi|U-turn|p1a: Kommo-o
|-resisted|p1a: Kommo-o
|-damage|p1a: Kommo-o|78/100
|
|t:|1617188691
|switch|p2a: Zeraora|Zeraora|100/100|[from]move: U-turn
|move|p1a: Kommo-o|Close Combat|p2a: Zeraora
|-damage|p2a: Zeraora|24/100
|-unboost|p1a: Kommo-o|def|1
|-unboost|p1a: Kommo-o|spd|1
|
|upkeep
|turn|13
|
|t:|1617188699
|switch|p1a: Rotom|Rotom-Heat|83/100 tox
|move|p2a: Zeraora|Drain Punch|p1a: Rotom
|-crit|p1a: Rotom
|-damage|p1a: Rotom|44/100 tox
|-heal|p2a: Zeraora|43/100|[from] drain|[of] p1a: Rotom
|-damage|p2a: Zeraora|33/100|[from] item: Life Orb
|
|-damage|p1a: Rotom|38/100 tox|[from] psn
|upkeep
|turn|14
|
|t:|1617188722
|move|p2a: Zeraora|Knock Off|p1a: Rotom
|-damage|p1a: Rotom|2/100 tox
|-enditem|p1a: Rotom|Heavy-Duty Boots|[from] move: Knock Off|[of] p2a: Zeraora
|-damage|p2a: Zeraora|24/100|[from] item: Life Orb
|move|p1a: Rotom|Overheat|p2a: Zeraora
|-damage|p2a: Zeraora|0 fnt
|-unboost|p1a: Rotom|spa|2
|faint|p2a: Zeraora
|
|-damage|p1a: Rotom|0 fnt|[from] psn
|faint|p1a: Rotom
|upkeep
|
|t:|1617188735
|switch|p2a: Jirachi|Jirachi|100/100
|switch|p1a: Steelix|Steelix, M|74/100
|-damage|p1a: Steelix|62/100|[from] Spikes
|turn|15
|j| Brother Eusein
|
|t:|1617188757
|move|p2a: Jirachi|Zen Headbutt|p1a: Steelix
|-resisted|p1a: Steelix
|-damage|p1a: Steelix|53/100
|move|p1a: Steelix|Earthquake|p2a: Jirachi
|-supereffective|p2a: Jirachi
|-damage|p2a: Jirachi|44/100
|
|upkeep
|turn|16
|
|t:|1617188777
|move|p2a: Jirachi|Zen Headbutt|p1a: Steelix|[miss]
|-miss|p2a: Jirachi|p1a: Steelix
|move|p1a: Steelix|Earthquake|p2a: Jirachi
|-supereffective|p2a: Jirachi
|-damage|p2a: Jirachi|0 fnt
|faint|p2a: Jirachi
|
|win|Panorama Fiesta
|n|☆Panorama Fiesta|panoramafiesta
|n|☆Edfggvc|edfggvc
|n|*Lady Monita|ladymonita
|n| ScottOBrian|scottobrian
|n| Breachingtrout|breachingtrout
|n| GenFox|genfox
|n| Nout|nout
|n| fabwooloousツ|fabwooloous
|n| Waneeeer|waneeeer
|n| Brother Eusein|brothereusein
