|j|☆GryphonEx
|j|☆The Gabagool King
|t:|1667832559
|gametype|singles
|player|p1|GryphonEx|gardenia|1484
|player|p2|The Gabagool King|1|1383
|teamsize|p1|6
|teamsize|p2|6
|gen|8
|tier|[Gen 8] UU
|rated|
|rule|Sleep Clause Mod: Limit one foe put to sleep
|rule|Species Clause: Limit one of each Pokémon
|rule|OHKO Clause: OHKO moves are banned
|rule|Evasion Items Clause: Evasion items are banned
|rule|Evasion Moves Clause: Evasion moves are banned
|rule|Endless Battle Clause: Forcing endless battles is banned
|rule|HP Percentage Mod: HP is shown in percentages
|rule|Dynamax Clause: You cannot dynamax
|clearpoke
|poke|p1|Hydreigon, F|
|poke|p1|Crawdaunt, M|
|poke|p1|Keldeo-Resolute|
|poke|p1|Salamence, M|
|poke|p1|Chansey, F|
|poke|p1|Corsola-Galar, F|
|poke|p2|Tapu Bulu|
|poke|p2|Chansey, F|
|poke|p2|Conkeldurr, F|
|poke|p2|Excadrill, F|
|poke|p2|Azelf|
|poke|p2|Salamence, F|
|teampreview
|
|t:|1667832572
|start
|switch|p1a: If you switch conk|Corsola-Galar, F|100/100
|switch|p2a: Conkeldurr|Conkeldurr, F|100/100
|turn|1
|
|t:|1667832576
|switch|p1a: r|Salamence, M|100/100
|-ability|p1a: r|Intimidate|boost
|-unboost|p2a: Conkeldurr|atk|1
|move|p2a: Conkeldurr|Knock Off|p1a: r
|-damage|p1a: r|82/100
|-enditem|p1a: r|Heavy-Duty Boots|[from] move: Knock Off|[of] p2a: Conkeldurr
|
|-status|p2a: Conkeldurr|brn|[from] item: Flame Orb
|upkeep
|turn|2
|
|t:|1667832581
|switch|p2a: Chansey|Chansey, F|100/100
|move|p1a: r|Flamethrower|p2a: Chansey
|-damage|p2a: Chansey|94/100
|
|upkeep
|turn|3
|
|t:|1667832583
|switch|p1a: Diggs W|Crawdaunt, M|100/100
|move|p2a: Chansey|Teleport|p2a: Chansey
|
|t:|1667832586
|switch|p2a: Tapu Bulu|Tapu Bulu|100/100|[from]move: Teleport
|-fieldstart|move: Grassy Terrain|[from] ability: Grassy Surge|[of] p2a: Tapu Bulu
|
|upkeep
|turn|4
|
|t:|1667832591
|switch|p2a: Conkeldurr|Conkeldurr, F|100/100 brn
|switch|p1a: If you switch conk|Corsola-Galar, F|100/100
|
|-damage|p2a: Conkeldurr|95/100 brn|[from] brn
|upkeep
|turn|5
|
|t:|1667832600
|switch|p1a: r|Salamence, M|82/100
|-ability|p1a: r|Intimidate|boost
|-unboost|p2a: Conkeldurr|atk|1
|move|p2a: Conkeldurr|Facade|p1a: r
|-damage|p1a: r|45/100
|
|-heal|p2a: Conkeldurr|100/100 brn|[from] Grassy Terrain
|-damage|p2a: Conkeldurr|95/100 brn|[from] brn
|upkeep
|turn|6
|
|t:|1667832607
|switch|p2a: Azelf|Azelf|100/100
|move|p1a: r|Roost|p1a: r
|-heal|p1a: r|95/100
|-singleturn|p1a: r|move: Roost
|
|-heal|p1a: r|100/100|[from] Grassy Terrain
|upkeep
|turn|7
|
|t:|1667832610
|move|p2a: Azelf|Nasty Plot|p2a: Azelf
|-boost|p2a: Azelf|spa|2
|move|p1a: r|Toxic|p2a: Azelf
|-status|p2a: Azelf|tox
|
|-damage|p2a: Azelf|94/100 tox|[from] psn
|-fieldend|move: Grassy Terrain
|upkeep
|turn|8
|
|t:|1667832613
|switch|p1a: Corsola-Kanye|Chansey, F|100/100
|move|p2a: Azelf|Psyshock|p1a: Corsola-Kanye
|-damage|p1a: Corsola-Kanye|48/100
|
|-damage|p2a: Azelf|82/100 tox|[from] psn
|upkeep
|turn|9
|
|t:|1667832618
|switch|p1a: Diggs W|Crawdaunt, M|100/100
|move|p2a: Azelf|U-turn|p1a: Diggs W
|-supereffective|p1a: Diggs W
|-damage|p1a: Diggs W|47/100
|
|t:|1667832631
|switch|p2a: Tapu Bulu|Tapu Bulu|100/100|[from]move: U-turn
|-fieldstart|move: Grassy Terrain|[from] ability: Grassy Surge|[of] p2a: Tapu Bulu
|
|-heal|p1a: Diggs W|53/100|[from] Grassy Terrain
|upkeep
|turn|10
|
|t:|1667832637
|switch|p1a: If you switch conk|Corsola-Galar, F|100/100
|move|p2a: Tapu Bulu|Horn Leech|p1a: If you switch conk
|-crit|p1a: If you switch conk
|-damage|p1a: If you switch conk|62/100
|
|-heal|p1a: If you switch conk|68/100|[from] Grassy Terrain
|upkeep
|turn|11
|
|t:|1667832641
|switch|p2a: Chansey|Chansey, F|94/100
|move|p1a: If you switch conk|Stealth Rock|p2a: Chansey
|-sidestart|p2: The Gabagool King|move: Stealth Rock
|
|-heal|p2a: Chansey|99/100|[from] Grassy Terrain
|-heal|p1a: If you switch conk|75/100|[from] Grassy Terrain
|upkeep
|turn|12
|
|t:|1667832646
|switch|p1a: Diggs W|Crawdaunt, M|53/100
|move|p2a: Chansey|Teleport|p2a: Chansey
|
|t:|1667832653
|switch|p2a: Tapu Bulu|Tapu Bulu|100/100|[from]move: Teleport
|-damage|p2a: Tapu Bulu|88/100|[from] Stealth Rock
|
|-heal|p2a: Tapu Bulu|94/100|[from] Grassy Terrain
|-heal|p1a: Diggs W|59/100|[from] Grassy Terrain
|upkeep
|turn|13
|
|t:|1667832657
|switch|p1a: If you switch conk|Corsola-Galar, F|75/100
|move|p2a: Tapu Bulu|Wood Hammer|p1a: If you switch conk
|-damage|p1a: If you switch conk|36/100
|-damage|p2a: Tapu Bulu|79/100|[from] Recoil
|
|-heal|p2a: Tapu Bulu|85/100|[from] Grassy Terrain
|-heal|p1a: If you switch conk|42/100|[from] Grassy Terrain
|-fieldend|move: Grassy Terrain
|upkeep
|turn|14
|
|t:|1667832668
|switch|p2a: Chansey|Chansey, F|99/100
|-damage|p2a: Chansey|88/100|[from] Stealth Rock
|switch|p1a: Diggs W|Crawdaunt, M|59/100
|
|upkeep
|turn|15
|
|t:|1667832677
|switch|p2a: Tapu Bulu|Tapu Bulu|85/100
|-damage|p2a: Tapu Bulu|73/100|[from] Stealth Rock
|-fieldstart|move: Grassy Terrain|[from] ability: Grassy Surge|[of] p2a: Tapu Bulu
|move|p1a: Diggs W|Knock Off|p2a: Tapu Bulu
|-resisted|p2a: Tapu Bulu
|-damage|p2a: Tapu Bulu|19/100
|-enditem|p2a: Tapu Bulu|Choice Scarf|[from] move: Knock Off|[of] p1a: Diggs W
|
|-heal|p2a: Tapu Bulu|25/100|[from] Grassy Terrain
|-heal|p1a: Diggs W|65/100|[from] Grassy Terrain
|upkeep
|turn|16
|
|t:|1667832687
|switch|p1a: r|Salamence, M|100/100
|-ability|p1a: r|Intimidate|boost
|-unboost|p2a: Tapu Bulu|atk|1
|move|p2a: Tapu Bulu|Horn Leech|p1a: r
|-resisted|p1a: r
|-damage|p1a: r|94/100
|-heal|p2a: Tapu Bulu|30/100|[from] drain|[of] p1a: r
|
|-heal|p2a: Tapu Bulu|36/100|[from] Grassy Terrain
|upkeep
|turn|17
|
|t:|1667832695
|switch|p2a: Chansey|Chansey, F|88/100
|-damage|p2a: Chansey|75/100|[from] Stealth Rock
|switch|p1a: If you switch conk|Corsola-Galar, F|42/100
|
|-heal|p2a: Chansey|81/100|[from] Grassy Terrain
|-heal|p1a: If you switch conk|48/100|[from] Grassy Terrain
|upkeep
|turn|18
|
|t:|1667832699
|switch|p1a: Ragna Blade|Keldeo-Resolute|100/100
|move|p2a: Chansey|Thunder Wave|p1a: Ragna Blade
|-status|p1a: Ragna Blade|par
|
|-heal|p2a: Chansey|88/100|[from] Grassy Terrain
|upkeep
|turn|19
|
|t:|1667832706
|switch|p2a: Tapu Bulu|Tapu Bulu|36/100
|-damage|p2a: Tapu Bulu|23/100|[from] Stealth Rock
|cant|p1a: Ragna Blade|par
|
|-heal|p2a: Tapu Bulu|29/100|[from] Grassy Terrain
|-fieldend|move: Grassy Terrain
|upkeep
|turn|20
|
|t:|1667832717
|switch|p1a: r|Salamence, M|94/100
|-ability|p1a: r|Intimidate|boost
|-unboost|p2a: Tapu Bulu|atk|1
|move|p2a: Tapu Bulu|Stone Edge|p1a: r
|-supereffective|p1a: r
|-damage|p1a: r|59/100
|
|upkeep
|turn|21
|
|t:|1667832726
|switch|p2a: Chansey|Chansey, F|88/100
|-damage|p2a: Chansey|75/100|[from] Stealth Rock
|move|p1a: r|Roost|p1a: r
|-heal|p1a: r|100/100
|-singleturn|p1a: r|move: Roost
|
|upkeep
|turn|22
|
|t:|1667832729
|switch|p1a: Ragna Blade|Keldeo-Resolute|100/100 par
|move|p2a: Chansey|Teleport|p2a: Chansey
|
|t:|1667832740
|switch|p2a: Azelf|Azelf|82/100 tox|[from]move: Teleport
|
|-damage|p2a: Azelf|76/100 tox|[from] psn
|upkeep
|turn|23
|
|t:|1667832749
|move|p2a: Azelf|Psyshock|p1a: Ragna Blade
|-supereffective|p1a: Ragna Blade
|-damage|p1a: Ragna Blade|2/100 par
|move|p1a: Ragna Blade|Flip Turn|p2a: Azelf
|-damage|p2a: Azelf|54/100 tox
|inactive|Battle timer is ON: inactive players will automatically lose when time's up. (requested by The Gabagool King)
|
|t:|1667832760
|switch|p1a: Diggs W|Crawdaunt, M|65/100|[from]move: Flip Turn
|
|-damage|p2a: Azelf|41/100 tox|[from] psn
|upkeep
|turn|24
|
|t:|1667832766
|switch|p2a: Salamence|Salamence, F|100/100
|-ability|p2a: Salamence|Intimidate|boost
|-unboost|p1a: Diggs W|atk|1
|move|p1a: Diggs W|Aqua Jet|p2a: Salamence
|-resisted|p2a: Salamence
|-crit|p2a: Salamence
|-damage|p2a: Salamence|75/100
|
|upkeep
|turn|25
|
|t:|1667832778
|switch|p2a: Excadrill|Excadrill, F|100/100
|-damage|p2a: Excadrill|97/100|[from] Stealth Rock
|-ability|p2a: Excadrill|Mold Breaker
|switch|p1a: If you switch conk|Corsola-Galar, F|48/100
|
|-heal|p2a: Excadrill|100/100|[from] item: Leftovers
|upkeep
|turn|26
|
|t:|1667832783
|switch|p2a: Conkeldurr|Conkeldurr, F|95/100 brn
|-damage|p2a: Conkeldurr|89/100 brn|[from] Stealth Rock
|move|p1a: If you switch conk|Strength Sap|p2a: Conkeldurr
|-unboost|p2a: Conkeldurr|atk|1
|-heal|p1a: If you switch conk|100/100
|
|-damage|p2a: Conkeldurr|83/100 brn|[from] brn
|upkeep
|turn|27
|
|t:|1667832786
|switch|p1a: r|Salamence, M|100/100
|-ability|p1a: r|Intimidate|boost
|-unboost|p2a: Conkeldurr|atk|1
|move|p2a: Conkeldurr|Knock Off|p1a: r
|-damage|p1a: r|87/100
|
|-damage|p2a: Conkeldurr|77/100 brn|[from] brn
|upkeep
|turn|28
|
|t:|1667832791
|switch|p1a: Diggs W|Crawdaunt, M|65/100
|switch|p2a: Chansey|Chansey, F|75/100
|-damage|p2a: Chansey|63/100|[from] Stealth Rock
|
|upkeep
|turn|29
|
|t:|1667832795
|switch|p2a: Tapu Bulu|Tapu Bulu|29/100
|-damage|p2a: Tapu Bulu|17/100|[from] Stealth Rock
|-fieldstart|move: Grassy Terrain|[from] ability: Grassy Surge|[of] p2a: Tapu Bulu
|move|p1a: Diggs W|Knock Off|p2a: Tapu Bulu
|-resisted|p2a: Tapu Bulu
|-damage|p2a: Tapu Bulu|0 fnt
|faint|p2a: Tapu Bulu
|
|-heal|p1a: Diggs W|71/100|[from] Grassy Terrain
|upkeep
|
|t:|1667832800
|switch|p2a: Excadrill|Excadrill, F|100/100
|-damage|p2a: Excadrill|97/100|[from] Stealth Rock
|-ability|p2a: Excadrill|Mold Breaker
|turn|30
|
|t:|1667832805
|move|p2a: Excadrill|Stealth Rock|p1a: Diggs W
|-sidestart|p1: GryphonEx|move: Stealth Rock
|move|p1a: Diggs W|Knock Off|p2a: Excadrill
|-damage|p2a: Excadrill|0 fnt
|-enditem|p2a: Excadrill|Leftovers|[from] move: Knock Off|[of] p1a: Diggs W
|faint|p2a: Excadrill
|
|-heal|p1a: Diggs W|77/100|[from] Grassy Terrain
|upkeep
|
|t:|1667832817
|switch|p2a: Azelf|Azelf|41/100 tox
|turn|31
|
|t:|1667832820
|switch|p1a: Ragna Blade|Keldeo-Resolute|2/100 par
|-damage|p1a: Ragna Blade|0 fnt|[from] Stealth Rock
|faint|p1a: Ragna Blade
|move|p2a: Azelf|U-turn|p1: Ragna Blade|[notarget]
|-fail|p2a: Azelf
|
|-damage|p2a: Azelf|35/100 tox|[from] psn
|upkeep
|
|t:|1667832832
|switch|p1a: r|Salamence, M|87/100
|-damage|p1a: r|62/100|[from] Stealth Rock
|-ability|p1a: r|Intimidate|boost
|-unboost|p2a: Azelf|atk|1
|turn|32
|
|t:|1667832841
|switch|p2a: Salamence|Salamence, F|75/100
|-ability|p2a: Salamence|Intimidate|boost
|-unboost|p1a: r|atk|1
|move|p1a: r|Defog|p2a: Salamence
|-unboost|p2a: Salamence|evasion|1
|-sideend|p2: The Gabagool King|Stealth Rock|[from] move: Defog|[of] p1a: r
|-sideend|p1: GryphonEx|Stealth Rock|[from] move: Defog|[of] p1a: r
|-fieldend|move: Grassy Terrain
|
|upkeep
|turn|33
|
|t:|1667832849
|switch|p1a: Corsola-Kanye|Chansey, F|48/100
|move|p2a: Salamence|Toxic|p1a: Corsola-Kanye
|-status|p1a: Corsola-Kanye|tox
|
|-damage|p1a: Corsola-Kanye|42/100 tox|[from] psn
|upkeep
|turn|34
|
|t:|1667832853
|switch|p2a: Chansey|Chansey, F|63/100
|move|p1a: Corsola-Kanye|Soft-Boiled|p1a: Corsola-Kanye
|-heal|p1a: Corsola-Kanye|92/100 tox
|
|-damage|p1a: Corsola-Kanye|80/100 tox|[from] psn
|upkeep
|turn|35
|
|t:|1667832855
|move|p2a: Chansey|Seismic Toss|p1a: Corsola-Kanye
|-damage|p1a: Corsola-Kanye|66/100 tox
|move|p1a: Corsola-Kanye|Teleport|p1a: Corsola-Kanye
|
|t:|1667832862
|-curestatus|p1a: Corsola-Kanye|tox|[from] ability: Natural Cure
|switch|p1a: Diggs W|Crawdaunt, M|77/100|[from]move: Teleport
|
|upkeep
|turn|36
|
|t:|1667832866
|switch|p2a: Salamence|Salamence, F|75/100
|-ability|p2a: Salamence|Intimidate|boost
|-unboost|p1a: Diggs W|atk|1
|move|p1a: Diggs W|Knock Off|p2a: Salamence
|-damage|p2a: Salamence|20/100
|-enditem|p2a: Salamence|Heavy-Duty Boots|[from] move: Knock Off|[of] p1a: Diggs W
|
|upkeep
|turn|37
|
|t:|1667832869
|switch|p1a: If you switch conk|Corsola-Galar, F|100/100
|move|p2a: Salamence|Roost|p2a: Salamence
|-heal|p2a: Salamence|70/100
|-singleturn|p2a: Salamence|move: Roost
|
|upkeep
|turn|38
|
|t:|1667832874
|move|p2a: Salamence|Toxic|p1a: If you switch conk
|-status|p1a: If you switch conk|tox
|move|p1a: If you switch conk|Stealth Rock|p2a: Salamence
|-sidestart|p2: The Gabagool King|move: Stealth Rock
|
|-damage|p1a: If you switch conk|94/100 tox|[from] psn
|upkeep
|turn|39
|
|t:|1667832881
|switch|p1a: Diggs W|Crawdaunt, M|77/100
|move|p2a: Salamence|Defog|p1a: Diggs W
|-unboost|p1a: Diggs W|evasion|1
|-sideend|p2: The Gabagool King|Stealth Rock|[from] move: Defog|[of] p2a: Salamence
|
|upkeep
|turn|40
|
|t:|1667832887
|switch|p1a: Corsola-Kanye|Chansey, F|66/100
|move|p2a: Salamence|Roost|p2a: Salamence
|-heal|p2a: Salamence|100/100
|-singleturn|p2a: Salamence|move: Roost
|
|upkeep
|turn|41
|
|t:|1667832901
|switch|p2a: Chansey|Chansey, F|63/100
|move|p1a: Corsola-Kanye|Teleport|p1a: Corsola-Kanye
|
|t:|1667832903
|switch|p1a: Diggs W|Crawdaunt, M|77/100|[from]move: Teleport
|
|upkeep
|turn|42
|
|t:|1667832911
|switch|p2a: Salamence|Salamence, F|100/100
|-ability|p2a: Salamence|Intimidate|boost
|-unboost|p1a: Diggs W|atk|1
|move|p1a: Diggs W|Knock Off|p2a: Salamence
|-damage|p2a: Salamence|66/100
|
|upkeep
|turn|43
|
|t:|1667832918
|switch|p2a: Conkeldurr|Conkeldurr, F|77/100 brn
|move|p1a: Diggs W|Knock Off|p2a: Conkeldurr
|-resisted|p2a: Conkeldurr
|-damage|p2a: Conkeldurr|44/100 brn
|-enditem|p2a: Conkeldurr|Flame Orb|[from] move: Knock Off|[of] p1a: Diggs W
|
|-damage|p2a: Conkeldurr|38/100 brn|[from] brn
|upkeep
|turn|44
|
|t:|1667832926
|switch|p1a: r|Salamence, M|62/100
|-ability|p1a: r|Intimidate|boost
|-unboost|p2a: Conkeldurr|atk|1
|move|p2a: Conkeldurr|Mach Punch|p1a: r
|-resisted|p1a: r
|-damage|p1a: r|53/100
|
|-damage|p2a: Conkeldurr|32/100 brn|[from] brn
|upkeep
|turn|45
|
|t:|1667832933
|move|p1a: r|Roost|p1a: r
|-heal|p1a: r|100/100
|-singleturn|p1a: r|move: Roost
|move|p2a: Conkeldurr|Facade|p1a: r
|-damage|p1a: r|62/100
|
|-damage|p2a: Conkeldurr|26/100 brn|[from] brn
|upkeep
|turn|46
|
|t:|1667832937
|switch|p2a: Chansey|Chansey, F|63/100
|move|p1a: r|Roost|p1a: r
|-heal|p1a: r|100/100
|-singleturn|p1a: r|move: Roost
|
|upkeep
|turn|47
|
|t:|1667832943
|switch|p1a: If you switch conk|Corsola-Galar, F|94/100 tox
|move|p2a: Chansey|Thunder Wave||[still]
|-fail|p2a: Chansey
|
|-damage|p1a: If you switch conk|88/100 tox|[from] psn
|upkeep
|turn|48
|
|t:|1667832945
|move|p1a: If you switch conk|Stealth Rock|p2a: Chansey
|-sidestart|p2: The Gabagool King|move: Stealth Rock
|move|p2a: Chansey|Teleport|p2a: Chansey
|
|t:|1667832948
|switch|p2a: Azelf|Azelf|35/100 tox|[from]move: Teleport
|
|-damage|p2a: Azelf|29/100 tox|[from] psn
|-damage|p1a: If you switch conk|76/100 tox|[from] psn
|upkeep
|turn|49
|
|t:|1667832953
|move|p2a: Azelf|Flamethrower|p1a: If you switch conk
|-damage|p1a: If you switch conk|54/100 tox
|move|p1a: If you switch conk|Strength Sap|p2a: Azelf
|-unboost|p2a: Azelf|atk|1
|-heal|p1a: If you switch conk|100/100 tox
|
|-damage|p2a: Azelf|17/100 tox|[from] psn
|-damage|p1a: If you switch conk|82/100 tox|[from] psn
|upkeep
|turn|50
|
|t:|1667832958
|switch|p1a: Corsola-Kanye|Chansey, F|66/100
|move|p2a: Azelf|Nasty Plot|p2a: Azelf
|-boost|p2a: Azelf|spa|2
|
|-damage|p2a: Azelf|0 fnt|[from] psn
|faint|p2a: Azelf
|upkeep
|
|t:|1667832960
|switch|p2a: Conkeldurr|Conkeldurr, F|26/100 brn
|-damage|p2a: Conkeldurr|20/100 brn|[from] Stealth Rock
|turn|51
|
|t:|1667832964
|switch|p1a: r|Salamence, M|100/100
|-ability|p1a: r|Intimidate|boost
|-unboost|p2a: Conkeldurr|atk|1
|move|p2a: Conkeldurr|Facade|p1a: r
|-damage|p1a: r|58/100
|
|-damage|p2a: Conkeldurr|14/100 brn|[from] brn
|upkeep
|turn|52
|-message|The Gabagool King forfeited.
|
|win|GryphonEx
|raw|GryphonEx's rating: 1484 &rarr; <strong>1498</strong><br />(+14 for winning)
|raw|The Gabagool King's rating: 1383 &rarr; <strong>1369</strong><br />(-14 for losing)
|l|☆The Gabagool King
||Ladder isn't responding, score probably updated but might not have (Request timeout).
