|j|☆luc ario power
|j|☆s4g3?
|t:|1609390040
|player|p1|luc ario power|gambler|1315
|player|p2|s4g3?|70|1250
|teamsize|p1|6
|teamsize|p2|6
|gametype|singles
|gen|8
|tier|[Gen 8] UU
|rated|
|clearpoke
|poke|p1|Azelf|
|poke|p1|Diggersby, M|
|poke|p1|Kommo-o, M|
|poke|p1|Bisharp, F|
|poke|p1|Weezing-Galar, M|
|poke|p1|Regieleki|
|poke|p2|Mienshao, F|
|poke|p2|Tsareena, F|
|poke|p2|Steelix, F|
|poke|p2|Vaporeon, F|
|poke|p2|Roserade, F|
|poke|p2|Hatterene, F|
|rule|Sleep Clause Mod: Limit one foe put to sleep
|rule|Species Clause: Limit one of each Pokémon
|rule|OHKO Clause: OHKO moves are banned
|rule|Evasion Moves Clause: Evasion moves are banned
|rule|Endless Battle Clause: Forcing endless battles is banned
|rule|HP Percentage Mod: HP is shown in percentages
|rule|Dynamax Clause: You cannot dynamax
|teampreview
|inactive|Battle timer is ON: inactive players will automatically lose when time's up. (requested by s4g3?)
|
|t:|1609390057
|start
|switch|p1a: farmboy|Diggersby, M|100/100
|switch|p2a: Mienshao|Mienshao, F|100/100
|turn|1
|
|t:|1609390064
|switch|p2a: Tsareena|Tsareena, F|100/100
|switch|p1a: doug dimma|Weezing-Galar, M|100/100
|
|upkeep
|turn|2
|
|t:|1609390071
|move|p2a: Tsareena|Knock Off|p1a: doug dimma
|-resisted|p1a: doug dimma
|-damage|p1a: doug dimma|87/100
|-enditem|p1a: doug dimma|Leftovers|[from] move: Knock Off|[of] p2a: Tsareena
|move|p1a: doug dimma|Flamethrower|p2a: Tsareena
|-supereffective|p2a: Tsareena
|-damage|p2a: Tsareena|77/100
|
|upkeep
|turn|3
|
|t:|1609390090
|switch|p2a: Vaporeon|Vaporeon, F|100/100
|move|p1a: doug dimma|Will-O-Wisp|p2a: Vaporeon
|-status|p2a: Vaporeon|brn
|
|-damage|p2a: Vaporeon|94/100 brn|[from] brn
|upkeep
|turn|4
|
|t:|1609390106
|move|p2a: Vaporeon|Scald|p1a: doug dimma
|-damage|p1a: doug dimma|56/100
|-status|p1a: doug dimma|brn
|move|p1a: doug dimma|Strange Steam|p2a: Vaporeon
|-damage|p2a: Vaporeon|73/100 brn
|
|-heal|p2a: Vaporeon|79/100 brn|[from] item: Leftovers
|-damage|p2a: Vaporeon|73/100 brn|[from] brn
|-damage|p1a: doug dimma|50/100 brn|[from] brn
|upkeep
|turn|5
|
|t:|1609390127
|switch|p2a: Roserade|Roserade, F|100/100
|move|p1a: doug dimma|Memento|p2a: Roserade
|-unboost|p2a: Roserade|atk|2
|-unboost|p2a: Roserade|spa|2
|faint|p1a: doug dimma
|
|upkeep
|inactive|luc ario power has 120 seconds left.
|
|t:|1609390139
|switch|p1a: gumbo|Azelf|100/100
|turn|6
|
|t:|1609390142
|switch|p2a: Hatterene|Hatterene, F|100/100
|move|p1a: gumbo|Nasty Plot|p1a: gumbo
|-boost|p1a: gumbo|spa|2
|
|upkeep
|turn|7
|
|t:|1609390147
|move|p1a: gumbo|Flamethrower|p2a: Hatterene
|-damage|p2a: Hatterene|24/100
|-status|p2a: Hatterene|brn
|-damage|p1a: gumbo|91/100|[from] item: Life Orb
|move|p2a: Hatterene|Calm Mind|p2a: Hatterene
|-boost|p2a: Hatterene|spa|1
|-boost|p2a: Hatterene|spd|1
|
|-heal|p2a: Hatterene|30/100 brn|[from] item: Leftovers
|-damage|p2a: Hatterene|24/100 brn|[from] brn
|upkeep
|turn|8
|
|t:|1609390151
|move|p1a: gumbo|Flamethrower|p2a: Hatterene
|-damage|p2a: Hatterene|0 fnt
|-damage|p1a: gumbo|81/100|[from] item: Life Orb
|faint|p2a: Hatterene
|
|upkeep
|
|t:|1609390154
|switch|p2a: Mienshao|Mienshao, F|100/100
|turn|9
|
|t:|1609390157
|move|p2a: Mienshao|Knock Off|p1a: gumbo
|-supereffective|p1a: gumbo
|-damage|p1a: gumbo|0 fnt
|-enditem|p1a: gumbo|Life Orb|[from] move: Knock Off|[of] p2a: Mienshao
|faint|p1a: gumbo
|
|upkeep
|
|t:|1609390179
|switch|p1a: Skreeee!|Kommo-o, M|100/100
|turn|10
|
|t:|1609390187
|switch|p2a: Vaporeon|Vaporeon, F|73/100 brn
|move|p1a: Skreeee!|Clangorous Soul|p1a: Skreeee!
|-boost|p1a: Skreeee!|atk|1
|-boost|p1a: Skreeee!|def|1
|-boost|p1a: Skreeee!|spa|1
|-boost|p1a: Skreeee!|spd|1
|-boost|p1a: Skreeee!|spe|1
|-damage|p1a: Skreeee!|68/100
|
|-heal|p2a: Vaporeon|79/100 brn|[from] item: Leftovers
|-damage|p2a: Vaporeon|73/100 brn|[from] brn
|upkeep
|turn|11
|
|t:|1609390192
|move|p1a: Skreeee!|Drain Punch|p2a: Vaporeon
|-damage|p2a: Vaporeon|32/100 brn
|-heal|p1a: Skreeee!|99/100|[from] drain|[of] p2a: Vaporeon
|move|p2a: Vaporeon|Haze|p2a: Vaporeon
|-clearallboost
|
|-heal|p2a: Vaporeon|38/100 brn|[from] item: Leftovers
|-damage|p2a: Vaporeon|32/100 brn|[from] brn
|upkeep
|turn|12
|
|t:|1609390198
|move|p1a: Skreeee!|Clangorous Soul|p1a: Skreeee!
|-boost|p1a: Skreeee!|atk|1
|-boost|p1a: Skreeee!|def|1
|-boost|p1a: Skreeee!|spa|1
|-boost|p1a: Skreeee!|spd|1
|-boost|p1a: Skreeee!|spe|1
|-damage|p1a: Skreeee!|67/100
|move|p2a: Vaporeon|Scald|p1a: Skreeee!
|-resisted|p1a: Skreeee!
|-damage|p1a: Skreeee!|56/100
|-status|p1a: Skreeee!|brn
|
|-heal|p2a: Vaporeon|38/100 brn|[from] item: Leftovers
|-damage|p1a: Skreeee!|50/100 brn|[from] brn
|-damage|p2a: Vaporeon|32/100 brn|[from] brn
|upkeep
|turn|13
|
|t:|1609390202
|move|p1a: Skreeee!|Drain Punch|p2a: Vaporeon
|-damage|p2a: Vaporeon|13/100 brn
|-heal|p1a: Skreeee!|65/100 brn|[from] drain|[of] p2a: Vaporeon
|move|p2a: Vaporeon|Haze|p2a: Vaporeon
|-clearallboost
|
|-heal|p2a: Vaporeon|19/100 brn|[from] item: Leftovers
|-damage|p1a: Skreeee!|59/100 brn|[from] brn
|-damage|p2a: Vaporeon|13/100 brn|[from] brn
|upkeep
|turn|14
|
|t:|1609390209
|switch|p2a: Roserade|Roserade, F|100/100
|move|p1a: Skreeee!|Clangorous Soul|p1a: Skreeee!
|-boost|p1a: Skreeee!|atk|1
|-boost|p1a: Skreeee!|def|1
|-boost|p1a: Skreeee!|spa|1
|-boost|p1a: Skreeee!|spd|1
|-boost|p1a: Skreeee!|spe|1
|-damage|p1a: Skreeee!|26/100 brn
|
|-damage|p1a: Skreeee!|19/100 brn|[from] brn
|upkeep
|-enditem|p1a: Skreeee!|Figy Berry|[eat]
|-heal|p1a: Skreeee!|52/100 brn|[from] item: Figy Berry
|turn|15
|
|t:|1609390214
|move|p1a: Skreeee!|Scale Shot|p2a: Roserade|[miss]
|-miss|p1a: Skreeee!|p2a: Roserade
|move|p2a: Roserade|Aromatherapy|p2a: Roserade
|-activate|p2a: Roserade|move: Aromatherapy
|-curestatus|p2: Vaporeon|brn|[msg]
|
|-damage|p1a: Skreeee!|46/100 brn|[from] brn
|upkeep
|turn|16
|
|t:|1609390218
|move|p1a: Skreeee!|Scale Shot|p2a: Roserade
|-damage|p2a: Roserade|88/100
|-damage|p2a: Roserade|74/100
|-damage|p2a: Roserade|61/100
|-hitcount|p2a: Roserade|3
|-unboost|p1a: Skreeee!|def|1
|-boost|p1a: Skreeee!|spe|1
|move|p2a: Roserade|Spikes|p1a: Skreeee!
|-sidestart|p1: luc ario power|Spikes
|
|-heal|p2a: Roserade|67/100|[from] item: Black Sludge
|-damage|p1a: Skreeee!|40/100 brn|[from] brn
|upkeep
|turn|17
|
|t:|1609390231
|move|p1a: Skreeee!|Drain Punch|p2a: Roserade
|-resisted|p2a: Roserade
|-damage|p2a: Roserade|47/100
|-heal|p1a: Skreeee!|51/100 brn|[from] drain|[of] p2a: Roserade
|move|p2a: Roserade|Spikes|p1a: Skreeee!
|-sidestart|p1: luc ario power|Spikes
|
|-heal|p2a: Roserade|53/100|[from] item: Black Sludge
|-damage|p1a: Skreeee!|45/100 brn|[from] brn
|upkeep
|turn|18
|
|t:|1609390238
|move|p1a: Skreeee!|Scale Shot|p2a: Roserade|[miss]
|-miss|p1a: Skreeee!|p2a: Roserade
|move|p2a: Roserade|Leaf Storm|p1a: Skreeee!
|-resisted|p1a: Skreeee!
|-damage|p1a: Skreeee!|24/100 brn
|-unboost|p2a: Roserade|spa|2
|
|-heal|p2a: Roserade|59/100|[from] item: Black Sludge
|-damage|p1a: Skreeee!|18/100 brn|[from] brn
|upkeep
|turn|19
|
|t:|1609390247
|move|p1a: Skreeee!|Drain Punch|p2a: Roserade
|-resisted|p2a: Roserade
|-damage|p2a: Roserade|40/100
|-heal|p1a: Skreeee!|29/100 brn|[from] drain|[of] p2a: Roserade
|move|p2a: Roserade|Spikes|p1a: Skreeee!
|-sidestart|p1: luc ario power|Spikes
|
|-heal|p2a: Roserade|46/100|[from] item: Black Sludge
|-damage|p1a: Skreeee!|22/100 brn|[from] brn
|upkeep
|turn|20
|
|t:|1609390269
|move|p1a: Skreeee!|Drain Punch|p2a: Roserade
|-resisted|p2a: Roserade
|-damage|p2a: Roserade|27/100
|-heal|p1a: Skreeee!|33/100 brn|[from] drain|[of] p2a: Roserade
|move|p2a: Roserade|Toxic||[still]
|-fail|p2a: Roserade
|
|-heal|p2a: Roserade|34/100|[from] item: Black Sludge
|-damage|p1a: Skreeee!|27/100 brn|[from] brn
|upkeep
|turn|21
|
|t:|1609390278
|switch|p2a: Vaporeon|Vaporeon, F|13/100
|move|p1a: Skreeee!|Drain Punch|p2a: Vaporeon
|-damage|p2a: Vaporeon|0 fnt
|-heal|p1a: Skreeee!|37/100 brn|[from] drain|[of] p2a: Vaporeon
|faint|p2a: Vaporeon
|
|-damage|p1a: Skreeee!|31/100 brn|[from] brn
|upkeep
|
|t:|1609390281
|switch|p2a: Mienshao|Mienshao, F|100/100
|turn|22
|
|t:|1609390296
|move|p1a: Skreeee!|Scale Shot|p2a: Mienshao|[miss]
|-miss|p1a: Skreeee!|p2a: Mienshao
|move|p2a: Mienshao|High Jump Kick|p1a: Skreeee!
|-damage|p1a: Skreeee!|0 fnt
|faint|p1a: Skreeee!
|
|upkeep
|inactive|luc ario power has 120 seconds left.
|
|t:|1609390321
|switch|p1a: how|Regieleki|100/100
|-damage|p1a: how|75/100|[from] Spikes
|turn|23
|c|☆luc ario power|bruh
|inactive|luc ario power has 120 seconds left.
|
|t:|1609390334
|move|p2a: Mienshao|High Jump Kick|p1a: how
|-crit|p1a: how
|-damage|p1a: how|0 fnt
|faint|p1a: how
|
|upkeep
|inactive|luc ario power has 120 seconds left.
|
|t:|1609390340
|switch|p1a: farmboy|Diggersby, M|100/100
|-damage|p1a: farmboy|76/100|[from] Spikes
|turn|24
|
|t:|1609390344
|switch|p2a: Tsareena|Tsareena, F|77/100
|move|p1a: farmboy|Quick Attack||[still]
|cant|p2a: Tsareena|ability: Queenly Majesty|Quick Attack|[of] p1a: farmboy
|
|-heal|p1a: farmboy|82/100|[from] item: Leftovers
|upkeep
|turn|25
|
|t:|1609390353
|switch|p1a: king me!|Bisharp, F|100/100
|-damage|p1a: king me!|76/100|[from] Spikes
|move|p2a: Tsareena|Power Whip|p1a: king me!
|-resisted|p1a: king me!
|-damage|p1a: king me!|45/100
|
|upkeep
|turn|26
|
|t:|1609390358
|move|p1a: king me!|Knock Off|p2a: Tsareena
|-crit|p2a: Tsareena
|-damage|p2a: Tsareena|0 fnt
|-enditem|p2a: Tsareena|Assault Vest|[from] move: Knock Off|[of] p1a: king me!
|-damage|p1a: king me!|35/100|[from] item: Life Orb
|faint|p2a: Tsareena
|
|upkeep
|
|t:|1609390360
|switch|p2a: Steelix|Steelix, F|100/100
|turn|27
|
|t:|1609390365
|switch|p1a: farmboy|Diggersby, M|82/100
|-damage|p1a: farmboy|57/100|[from] Spikes
|move|p2a: Steelix|Iron Defense|p2a: Steelix
|-boost|p2a: Steelix|def|2
|
|-heal|p1a: farmboy|63/100|[from] item: Leftovers
|upkeep
|turn|28
|
|t:|1609390367
|move|p1a: farmboy|Earthquake|p2a: Steelix
|-supereffective|p2a: Steelix
|-damage|p2a: Steelix|64/100
|move|p2a: Steelix|Body Press|p1a: farmboy
|-supereffective|p1a: farmboy
|-damage|p1a: farmboy|0 fnt
|faint|p1a: farmboy
|
|-heal|p2a: Steelix|71/100|[from] item: Leftovers
|upkeep
|
|t:|1609390371
|switch|p1a: king me!|Bisharp, F|35/100
|-damage|p1a: king me!|10/100|[from] Spikes
|turn|29
|
|t:|1609390373
|move|p1a: king me!|Knock Off|p2a: Steelix
|-damage|p2a: Steelix|51/100
|-enditem|p2a: Steelix|Leftovers|[from] move: Knock Off|[of] p1a: king me!
|-damage|p1a: king me!|0 fnt|[from] item: Life Orb
|faint|p1a: king me!
|
|win|s4g3?
|raw|luc ario power's rating: 1332 &rarr; <strong>1307</strong><br />(-25 for losing)
|raw|s4g3?'s rating: 1233 &rarr; <strong>1265</strong><br />(+32 for winning)
|l|☆luc ario power
