|j|☆sparrowjackal
|j|☆UUBF5 detour
|t:|1617453574
|gametype|singles
|player|p1|sparrowjackal|roxie|1169
|player|p2|UUBF5 detour|maid-gen4|1000
|teamsize|p1|6
|teamsize|p2|6
|gen|8
|tier|[Gen 8] UU
|rated|
|clearpoke
|poke|p1|Chansey, F|
|poke|p1|Rotom-Heat|
|poke|p1|Nihilego|
|poke|p1|Tangrowth, F|
|poke|p1|Vaporeon, M|
|poke|p1|Scizor, M|
|poke|p2|Weezing-Galar, F|
|poke|p2|Pyukumuku, M|
|poke|p2|Chansey, F|
|poke|p2|Mew|
|poke|p2|Salamence, M|
|poke|p2|Amoonguss, F|
|rule|Sleep Clause Mod: Limit one foe put to sleep
|rule|Species Clause: Limit one of each Pokémon
|rule|OHKO Clause: OHKO moves are banned
|rule|Evasion Moves Clause: Evasion moves are banned
|rule|Endless Battle Clause: Forcing endless battles is banned
|rule|HP Percentage Mod: HP is shown in percentages
|rule|Dynamax Clause: You cannot dynamax
|teampreview
|inactive|Battle timer is ON: inactive players will automatically lose when time's up. (requested by UUBF5 detour)
|
|t:|1617453601
|start
|switch|p1a: Tangrowth|Tangrowth, F|100/100
|switch|p2a: Chansey|Chansey, F|100/100
|turn|1
|
|t:|1617453610
|switch|p1a: Scizor|Scizor, M|100/100
|switch|p2a: Amoonguss|Amoonguss, F|100/100
|
|upkeep
|turn|2
|
|t:|1617453617
|switch|p2a: Salamence|Salamence, M|100/100
|-ability|p2a: Salamence|Intimidate|boost
|-unboost|p1a: Scizor|atk|1
|move|p1a: Scizor|U-turn|p2a: Salamence
|-resisted|p2a: Salamence
|-damage|p2a: Salamence|89/100
|-damage|p1a: Scizor|91/100|[from] item: Life Orb
|
|t:|1617453632
|switch|p1a: Vaporeon|Vaporeon, M|100/100|[from]move: U-turn
|
|upkeep
|turn|3
|
|t:|1617453638
|switch|p2a: Chansey|Chansey, F|100/100
|move|p1a: Vaporeon|Toxic|p2a: Chansey
|-status|p2a: Chansey|tox
|
|-damage|p2a: Chansey|94/100 tox|[from] psn
|upkeep
|turn|4
|
|t:|1617453645
|switch|p1a: Scizor|Scizor, M|91/100
|move|p2a: Chansey|Stealth Rock|p1a: Scizor
|-sidestart|p1: sparrowjackal|move: Stealth Rock
|
|-damage|p2a: Chansey|82/100 tox|[from] psn
|upkeep
|turn|5
|
|t:|1617453652
|switch|p2a: Salamence|Salamence, M|89/100
|-ability|p2a: Salamence|Intimidate|boost
|-unboost|p1a: Scizor|atk|1
|move|p1a: Scizor|Knock Off|p2a: Salamence
|-damage|p2a: Salamence|67/100
|-enditem|p2a: Salamence|Heavy-Duty Boots|[from] move: Knock Off|[of] p1a: Scizor
|-damage|p1a: Scizor|81/100|[from] item: Life Orb
|
|upkeep
|turn|6
|
|t:|1617453665
|switch|p1a: Vaporeon|Vaporeon, M|100/100
|-damage|p1a: Vaporeon|88/100|[from] Stealth Rock
|move|p2a: Salamence|Roost|p2a: Salamence
|-heal|p2a: Salamence|100/100
|-singleturn|p2a: Salamence|move: Roost
|
|-heal|p1a: Vaporeon|94/100|[from] item: Leftovers
|upkeep
|turn|7
|
|t:|1617453676
|switch|p2a: Amoonguss|Amoonguss, F|100/100
|move|p1a: Vaporeon|Toxic|p2a: Amoonguss
|-immune|p2a: Amoonguss
|
|-heal|p1a: Vaporeon|100/100|[from] item: Leftovers
|upkeep
|turn|8
|
|t:|1617453685
|move|p1a: Vaporeon|Wish|p1a: Vaporeon
|move|p2a: Amoonguss|Foul Play|p1a: Vaporeon
|-damage|p1a: Vaporeon|92/100
|
|-heal|p1a: Vaporeon|98/100|[from] item: Leftovers
|upkeep
|turn|9
|
|t:|1617453690
|switch|p1a: Scizor|Scizor, M|81/100
|-damage|p1a: Scizor|68/100|[from] Stealth Rock
|move|p2a: Amoonguss|Foul Play|p1a: Scizor
|-damage|p1a: Scizor|30/100
|
|-heal|p1a: Scizor|97/100|[from] move: Wish|[wisher] Vaporeon
|upkeep
|turn|10
|
|t:|1617453701
|move|p1a: Scizor|U-turn|p2a: Amoonguss
|-damage|p2a: Amoonguss|61/100
|-damage|p1a: Scizor|87/100|[from] item: Life Orb
|
|t:|1617453708
|switch|p1a: Vaporeon|Vaporeon, M|98/100|[from]move: U-turn
|-damage|p1a: Vaporeon|86/100|[from] Stealth Rock
|move|p2a: Amoonguss|Foul Play|p1a: Vaporeon
|-damage|p1a: Vaporeon|78/100
|
|-heal|p1a: Vaporeon|84/100|[from] item: Leftovers
|upkeep
|turn|11
|
|t:|1617453717
|move|p1a: Vaporeon|Scald|p2a: Amoonguss
|-resisted|p2a: Amoonguss
|-damage|p2a: Amoonguss|48/100
|move|p2a: Amoonguss|Giga Drain|p1a: Vaporeon
|-supereffective|p1a: Vaporeon
|-damage|p1a: Vaporeon|50/100
|-heal|p2a: Amoonguss|66/100|[from] drain|[of] p1a: Vaporeon
|
|-heal|p1a: Vaporeon|57/100|[from] item: Leftovers
|upkeep
|turn|12
|
|t:|1617453726
|move|p1a: Vaporeon|Wish|p1a: Vaporeon
|move|p2a: Amoonguss|Giga Drain|p1a: Vaporeon
|-supereffective|p1a: Vaporeon
|-damage|p1a: Vaporeon|20/100
|-heal|p2a: Amoonguss|86/100|[from] drain|[of] p1a: Vaporeon
|
|-heal|p1a: Vaporeon|26/100|[from] item: Leftovers
|upkeep
|turn|13
|
|t:|1617453733
|move|p1a: Vaporeon|Protect|p1a: Vaporeon
|-singleturn|p1a: Vaporeon|Protect
|move|p2a: Amoonguss|Giga Drain|p1a: Vaporeon
|-activate|p1a: Vaporeon|move: Protect
|
|-heal|p1a: Vaporeon|76/100|[from] move: Wish|[wisher] Vaporeon
|-heal|p1a: Vaporeon|82/100|[from] item: Leftovers
|upkeep
|turn|14
|
|t:|1617453743
|move|p1a: Vaporeon|Wish|p1a: Vaporeon
|move|p2a: Amoonguss|Giga Drain|p1a: Vaporeon
|-supereffective|p1a: Vaporeon
|-damage|p1a: Vaporeon|46/100
|-heal|p2a: Amoonguss|100/100|[from] drain|[of] p1a: Vaporeon
|
|-heal|p1a: Vaporeon|52/100|[from] item: Leftovers
|upkeep
|turn|15
|
|t:|1617453752
|move|p1a: Vaporeon|Protect|p1a: Vaporeon
|-singleturn|p1a: Vaporeon|Protect
|move|p2a: Amoonguss|Foul Play|p1a: Vaporeon
|-activate|p1a: Vaporeon|move: Protect
|
|-heal|p1a: Vaporeon|100/100|[from] move: Wish|[wisher] Vaporeon
|upkeep
|turn|16
|
|t:|1617453763
|switch|p2a: Mew|Mew|100/100
|move|p1a: Vaporeon|Scald|p2a: Mew
|-damage|p2a: Mew|76/100
|
|-heal|p2a: Mew|83/100|[from] item: Leftovers
|upkeep
|turn|17
|
|t:|1617453781
|switch|p1a: Scizor|Scizor, M|87/100
|-damage|p1a: Scizor|75/100|[from] Stealth Rock
|move|p2a: Mew|Spikes|p1a: Scizor
|-sidestart|p1: sparrowjackal|Spikes
|
|-heal|p2a: Mew|89/100|[from] item: Leftovers
|upkeep
|turn|18
|
|t:|1617453789
|move|p2a: Mew|Will-O-Wisp|p1a: Scizor
|-status|p1a: Scizor|brn
|move|p1a: Scizor|Knock Off|p2a: Mew
|-supereffective|p2a: Mew
|-damage|p2a: Mew|50/100
|-enditem|p2a: Mew|Leftovers|[from] move: Knock Off|[of] p1a: Scizor
|-damage|p1a: Scizor|65/100 brn|[from] item: Life Orb
|
|-damage|p1a: Scizor|59/100 brn|[from] brn
|upkeep
|turn|19
|
|t:|1617453799
|move|p2a: Mew|Soft-Boiled|p2a: Mew
|-heal|p2a: Mew|99/100
|move|p1a: Scizor|U-turn|p2a: Mew
|-supereffective|p2a: Mew
|-damage|p2a: Mew|58/100
|-damage|p1a: Scizor|49/100 brn|[from] item: Life Orb
|
|t:|1617453809
|switch|p1a: Tangrowth|Tangrowth, F|100/100|[from]move: U-turn
|-damage|p1a: Tangrowth|88/100|[from] Spikes
|-damage|p1a: Tangrowth|76/100|[from] Stealth Rock
|
|-heal|p1a: Tangrowth|82/100|[from] item: Leftovers
|upkeep
|turn|20
|
|t:|1617453817
|move|p2a: Mew|Soft-Boiled|p2a: Mew
|-heal|p2a: Mew|100/100
|move|p1a: Tangrowth|Leech Seed|p2a: Mew
|-start|p2a: Mew|move: Leech Seed
|
|-heal|p1a: Tangrowth|88/100|[from] item: Leftovers
|-damage|p2a: Mew|88/100|[from] Leech Seed|[of] p1a: Tangrowth
|-heal|p1a: Tangrowth|100/100|[silent]
|upkeep
|turn|21
|
|t:|1617453828
|switch|p2a: Amoonguss|Amoonguss, F|100/100
|move|p1a: Tangrowth|Ancient Power|p2a: Amoonguss
|-damage|p2a: Amoonguss|86/100
|
|upkeep
|turn|22
|
|t:|1617453841
|switch|p1a: Vaporeon|Vaporeon, M|100/100
|-damage|p1a: Vaporeon|88/100|[from] Spikes
|-damage|p1a: Vaporeon|75/100|[from] Stealth Rock
|move|p2a: Amoonguss|Sludge Bomb|p1a: Vaporeon
|-damage|p1a: Vaporeon|53/100
|-status|p1a: Vaporeon|psn
|
|-heal|p1a: Vaporeon|60/100 psn|[from] item: Leftovers
|-damage|p1a: Vaporeon|47/100 psn|[from] psn
|upkeep
|turn|23
|
|t:|1617453852
|move|p1a: Vaporeon|Wish|p1a: Vaporeon
|move|p2a: Amoonguss|Giga Drain|p1a: Vaporeon
|-supereffective|p1a: Vaporeon
|-damage|p1a: Vaporeon|10/100 psn
|-heal|p2a: Amoonguss|100/100|[from] drain|[of] p1a: Vaporeon
|
|-heal|p1a: Vaporeon|17/100 psn|[from] item: Leftovers
|-damage|p1a: Vaporeon|4/100 psn|[from] psn
|upkeep
|turn|24
|
|t:|1617453860
|move|p1a: Vaporeon|Protect|p1a: Vaporeon
|-singleturn|p1a: Vaporeon|Protect
|move|p2a: Amoonguss|Foul Play|p1a: Vaporeon
|-activate|p1a: Vaporeon|move: Protect
|
|-heal|p1a: Vaporeon|54/100 psn|[from] move: Wish|[wisher] Vaporeon
|-heal|p1a: Vaporeon|60/100 psn|[from] item: Leftovers
|-damage|p1a: Vaporeon|48/100 psn|[from] psn
|upkeep
|turn|25
|
|t:|1617453869
|move|p1a: Vaporeon|Wish|p1a: Vaporeon
|move|p2a: Amoonguss|Giga Drain|p1a: Vaporeon
|-supereffective|p1a: Vaporeon
|-damage|p1a: Vaporeon|12/100 psn
|
|-heal|p1a: Vaporeon|18/100 psn|[from] item: Leftovers
|-damage|p1a: Vaporeon|5/100 psn|[from] psn
|upkeep
|turn|26
|
|t:|1617453877
|move|p1a: Vaporeon|Protect|p1a: Vaporeon
|-singleturn|p1a: Vaporeon|Protect
|move|p2a: Amoonguss|Foul Play|p1a: Vaporeon
|-activate|p1a: Vaporeon|move: Protect
|
|-heal|p1a: Vaporeon|55/100 psn|[from] move: Wish|[wisher] Vaporeon
|-heal|p1a: Vaporeon|62/100 psn|[from] item: Leftovers
|-damage|p1a: Vaporeon|49/100 psn|[from] psn
|upkeep
|turn|27
|
|t:|1617453889
|move|p1a: Vaporeon|Wish|p1a: Vaporeon
|move|p2a: Amoonguss|Giga Drain|p1a: Vaporeon
|-supereffective|p1a: Vaporeon
|-damage|p1a: Vaporeon|13/100 psn
|
|-heal|p1a: Vaporeon|19/100 psn|[from] item: Leftovers
|-damage|p1a: Vaporeon|7/100 psn|[from] psn
|upkeep
|turn|28
|
|t:|1617453896
|move|p1a: Vaporeon|Protect|p1a: Vaporeon
|-singleturn|p1a: Vaporeon|Protect
|move|p2a: Amoonguss|Foul Play|p1a: Vaporeon
|-activate|p1a: Vaporeon|move: Protect
|
|-heal|p1a: Vaporeon|57/100 psn|[from] move: Wish|[wisher] Vaporeon
|-heal|p1a: Vaporeon|63/100 psn|[from] item: Leftovers
|-damage|p1a: Vaporeon|50/100 psn|[from] psn
|upkeep
|turn|29
|
|t:|1617453905
|move|p1a: Vaporeon|Wish|p1a: Vaporeon
|move|p2a: Amoonguss|Giga Drain|p1a: Vaporeon
|-supereffective|p1a: Vaporeon
|-damage|p1a: Vaporeon|14/100 psn
|
|-heal|p1a: Vaporeon|20/100 psn|[from] item: Leftovers
|-damage|p1a: Vaporeon|8/100 psn|[from] psn
|upkeep
|turn|30
|
|t:|1617453912
|move|p1a: Vaporeon|Protect|p1a: Vaporeon
|-singleturn|p1a: Vaporeon|Protect
|move|p2a: Amoonguss|Foul Play|p1a: Vaporeon
|-activate|p1a: Vaporeon|move: Protect
|
|-heal|p1a: Vaporeon|58/100 psn|[from] move: Wish|[wisher] Vaporeon
|-heal|p1a: Vaporeon|64/100 psn|[from] item: Leftovers
|-damage|p1a: Vaporeon|51/100 psn|[from] psn
|upkeep
|turn|31
|
|t:|1617453921
|switch|p2a: Mew|Mew|88/100
|move|p1a: Vaporeon|Wish|p1a: Vaporeon
|
|-heal|p1a: Vaporeon|58/100 psn|[from] item: Leftovers
|-damage|p1a: Vaporeon|45/100 psn|[from] psn
|upkeep
|turn|32
|
|t:|1617453934
|move|p2a: Mew|Knock Off|p1a: Vaporeon
|-damage|p1a: Vaporeon|29/100 psn
|-enditem|p1a: Vaporeon|Leftovers|[from] move: Knock Off|[of] p2a: Mew
|move|p1a: Vaporeon|Toxic||[still]
|-status|p2a: Mew|tox
|-activate|p2a: Mew|ability: Synchronize
|-fail|p2a: Mew
|
|-heal|p1a: Vaporeon|79/100 psn|[from] move: Wish|[wisher] Vaporeon
|-damage|p2a: Mew|82/100 tox|[from] psn
|-damage|p1a: Vaporeon|67/100 psn|[from] psn
|upkeep
|turn|33
|
|t:|1617453946
|move|p2a: Mew|Spikes|p1a: Vaporeon
|-sidestart|p1: sparrowjackal|Spikes
|move|p1a: Vaporeon|Wish|p1a: Vaporeon
|
|-damage|p2a: Mew|70/100 tox|[from] psn
|-damage|p1a: Vaporeon|54/100 psn|[from] psn
|upkeep
|turn|34
|
|t:|1617453951
|move|p2a: Mew|Knock Off|p1a: Vaporeon
|-damage|p1a: Vaporeon|44/100 psn
|move|p1a: Vaporeon|Scald|p2a: Mew
|-damage|p2a: Mew|43/100 tox
|
|-heal|p1a: Vaporeon|94/100 psn|[from] move: Wish|[wisher] Vaporeon
|-damage|p2a: Mew|25/100 tox|[from] psn
|-damage|p1a: Vaporeon|82/100 psn|[from] psn
|upkeep
|turn|35
|
|t:|1617453960
|switch|p2a: Amoonguss|Amoonguss, F|100/100
|move|p1a: Vaporeon|Scald|p2a: Amoonguss
|-resisted|p2a: Amoonguss
|-crit|p2a: Amoonguss
|-damage|p2a: Amoonguss|80/100
|
|-damage|p1a: Vaporeon|69/100 psn|[from] psn
|upkeep
|turn|36
|
|t:|1617453970
|switch|p2a: Chansey|Chansey, F|82/100
|move|p1a: Vaporeon|Wish|p1a: Vaporeon
|
|-damage|p1a: Vaporeon|57/100 psn|[from] psn
|upkeep
|turn|37
|
|t:|1617453975
|move|p1a: Vaporeon|Toxic|p2a: Chansey
|-status|p2a: Chansey|tox
|move|p2a: Chansey|Seismic Toss|p1a: Vaporeon
|-damage|p1a: Vaporeon|35/100 psn
|
|-heal|p1a: Vaporeon|85/100 psn|[from] move: Wish|[wisher] Vaporeon
|-damage|p1a: Vaporeon|72/100 psn|[from] psn
|-damage|p2a: Chansey|75/100 tox|[from] psn
|upkeep
|turn|38
|
|t:|1617453984
|-curestatus|p2a: Chansey|tox|[from] ability: Natural Cure
|switch|p2a: Amoonguss|Amoonguss, F|100/100
|move|p1a: Vaporeon|Wish|p1a: Vaporeon
|
|-damage|p1a: Vaporeon|60/100 psn|[from] psn
|upkeep
|turn|39
|
|t:|1617453992
|move|p1a: Vaporeon|Scald|p2a: Amoonguss
|-resisted|p2a: Amoonguss
|-damage|p2a: Amoonguss|86/100
|-status|p2a: Amoonguss|brn
|move|p2a: Amoonguss|Foul Play|p1a: Vaporeon
|-damage|p1a: Vaporeon|55/100 psn
|
|-heal|p1a: Vaporeon|100/100 psn|[from] move: Wish|[wisher] Vaporeon
|-damage|p1a: Vaporeon|88/100 psn|[from] psn
|-damage|p2a: Amoonguss|80/100 brn|[from] brn
|upkeep
|turn|40
|
|t:|1617454004
|switch|p2a: Chansey|Chansey, F|75/100
|move|p1a: Vaporeon|Scald|p2a: Chansey
|-damage|p2a: Chansey|67/100
|-status|p2a: Chansey|brn
|
|-damage|p1a: Vaporeon|75/100 psn|[from] psn
|-damage|p2a: Chansey|60/100 brn|[from] brn
|upkeep
|turn|41
|
|t:|1617454013
|move|p1a: Vaporeon|Wish|p1a: Vaporeon
|move|p2a: Chansey|Soft-Boiled|p2a: Chansey
|-heal|p2a: Chansey|100/100 brn
|
|-damage|p1a: Vaporeon|63/100 psn|[from] psn
|-damage|p2a: Chansey|94/100 brn|[from] brn
|upkeep
|turn|42
|
|t:|1617454024
|switch|p1a: Scizor|Scizor, M|49/100 brn
|-damage|p1a: Scizor|33/100 brn|[from] Spikes
|-damage|p1a: Scizor|20/100 brn|[from] Stealth Rock
|move|p2a: Chansey|Seismic Toss|p1a: Scizor
|-damage|p1a: Scizor|0 fnt
|faint|p1a: Scizor
|
|-damage|p2a: Chansey|88/100 brn|[from] brn
|upkeep
|
|t:|1617454034
|switch|p1a: Rotom|Rotom-Heat|100/100
|-damage|p1a: Rotom|76/100|[from] Stealth Rock
|turn|43
|
|t:|1617454038
|move|p1a: Rotom|Trick|p2a: Chansey
|-activate|p1a: Rotom|move: Trick|[of] p2a: Chansey
|-item|p2a: Chansey|Choice Specs|[from] move: Trick
|-item|p1a: Rotom|Eviolite|[from] move: Trick
|move|p2a: Chansey|Toxic|p1a: Rotom
|-status|p1a: Rotom|tox
|
|-damage|p1a: Rotom|69/100 tox|[from] psn
|-damage|p2a: Chansey|82/100 brn|[from] brn
|upkeep
|turn|44
|
|t:|1617454048
|-curestatus|p2a: Chansey|brn|[from] ability: Natural Cure
|switch|p2a: Salamence|Salamence, M|100/100
|-ability|p2a: Salamence|Intimidate|boost
|-unboost|p1a: Rotom|atk|1
|move|p1a: Rotom|Volt Switch|p2a: Salamence
|-crit|p2a: Salamence
|-damage|p2a: Salamence|52/100
|
|t:|1617454056
|switch|p1a: Nihilego|Nihilego|100/100|[from]move: Volt Switch
|-damage|p1a: Nihilego|88/100|[from] Stealth Rock
|-damage|p1a: Nihilego|72/100|[from] Spikes
|
|upkeep
|turn|45
|
|t:|1617454069
|switch|p2a: Chansey|Chansey, F|82/100
|move|p1a: Nihilego|Meteor Beam||[still]
|-prepare|p1a: Nihilego|Meteor Beam
|-boost|p1a: Nihilego|spa|1
|-enditem|p1a: Nihilego|Power Herb
|-anim|p1a: Nihilego|Meteor Beam|p2a: Chansey
|-damage|p2a: Chansey|37/100
|
|upkeep
|turn|46
|
|t:|1617454078
|move|p1a: Nihilego|Thunderbolt|p2a: Chansey
|-damage|p2a: Chansey|14/100
|move|p2a: Chansey|Seismic Toss|p1a: Nihilego
|-damage|p1a: Nihilego|44/100
|
|upkeep
|turn|47
|
|t:|1617454084
|move|p1a: Nihilego|Thunderbolt|p2a: Chansey
|-damage|p2a: Chansey|0 fnt
|faint|p2a: Chansey
|-ability|p1a: Nihilego|Beast Boost|boost
|-boost|p1a: Nihilego|spa|1
|
|upkeep
|
|t:|1617454087
|switch|p2a: Weezing|Weezing-Galar, F|100/100
|-fieldstart|move: Misty Terrain|[from] ability: Misty Surge|[of] p2a: Weezing
|turn|48
|
|t:|1617454094
|move|p2a: Weezing|Endure|p2a: Weezing
|-singleturn|p2a: Weezing|move: Endure
|move|p1a: Nihilego|Sludge Bomb|p2a: Weezing
|-activate|p2a: Weezing|move: Endure
|-damage|p2a: Weezing|1/100
|
|upkeep
|turn|49
|-enditem|p2a: Weezing|Custap Berry|[eat]
|-activate|p2a: Weezing|item: Custap Berry|[consumed]
|
|t:|1617454105
|move|p2a: Weezing|Explosion|p1a: Nihilego
|-resisted|p1a: Nihilego
|-damage|p1a: Nihilego|0 fnt
|faint|p2a: Weezing
|faint|p1a: Nihilego
|
|upkeep
|
|t:|1617454124
|switch|p1a: Rotom|Rotom-Heat|69/100 tox
|switch|p2a: Salamence|Salamence, M|52/100
|-damage|p1a: Rotom|44/100 tox|[from] Stealth Rock
|-ability|p2a: Salamence|Intimidate|boost
|-unboost|p1a: Rotom|atk|1
|turn|50
|
|t:|1617454131
|move|p1a: Rotom|Volt Switch|p2a: Salamence
|-damage|p2a: Salamence|17/100
|
|t:|1617454136
|switch|p1a: Vaporeon|Vaporeon, M|63/100 psn|[from]move: Volt Switch
|-damage|p1a: Vaporeon|50/100 psn|[from] Stealth Rock
|-damage|p1a: Vaporeon|34/100 psn|[from] Spikes
|move|p2a: Salamence|Roost|p2a: Salamence
|-heal|p2a: Salamence|67/100
|-singleturn|p2a: Salamence|move: Roost
|
|-damage|p1a: Vaporeon|21/100 psn|[from] psn
|upkeep
|turn|51
|
|t:|1617454147
|move|p2a: Salamence|Dual Wingbeat|p1a: Vaporeon
|-damage|p1a: Vaporeon|10/100 psn
|-damage|p1a: Vaporeon|0 fnt
|-hitcount|p1a: Vaporeon|2
|faint|p1a: Vaporeon
|
|upkeep
|
|t:|1617454155
|switch|p1a: Chansey|Chansey, F|100/100
|-damage|p1a: Chansey|84/100|[from] Spikes
|-damage|p1a: Chansey|71/100|[from] Stealth Rock
|turn|52
|
|t:|1617454166
|switch|p2a: Mew|Mew|25/100 tox
|move|p1a: Chansey|Toxic|p2a: Mew
|-fail|p2a: Mew|tox
|
|-damage|p2a: Mew|19/100 tox|[from] psn
|-fieldend|Misty Terrain
|upkeep
|turn|53
|
|t:|1617454185
|move|p2a: Mew|Soft-Boiled|p2a: Mew
|-heal|p2a: Mew|69/100 tox
|move|p1a: Chansey|Stealth Rock|p2a: Mew
|-sidestart|p2: UUBF5 detour|move: Stealth Rock
|
|-damage|p2a: Mew|56/100 tox|[from] psn
|upkeep
|turn|54
|
|t:|1617454196
|move|p2a: Mew|Knock Off|p1a: Chansey
|-damage|p1a: Chansey|57/100
|-enditem|p1a: Chansey|Eviolite|[from] move: Knock Off|[of] p2a: Mew
|move|p1a: Chansey|Seismic Toss|p2a: Mew
|-damage|p2a: Mew|31/100 tox
|
|-damage|p2a: Mew|13/100 tox|[from] psn
|upkeep
|turn|55
|
|t:|1617454205
|move|p2a: Mew|Soft-Boiled|p2a: Mew
|-heal|p2a: Mew|63/100 tox
|move|p1a: Chansey|Soft-Boiled|p1a: Chansey
|-heal|p1a: Chansey|100/100
|
|-damage|p2a: Mew|38/100 tox|[from] psn
|upkeep
|turn|56
|
|t:|1617454214
|switch|p2a: Amoonguss|Amoonguss, F|100/100 brn
|move|p1a: Chansey|Seismic Toss|p2a: Amoonguss
|-damage|p2a: Amoonguss|77/100 brn
|
|-damage|p2a: Amoonguss|71/100 brn|[from] brn
|upkeep
|turn|57
|
|t:|1617454223
|move|p1a: Chansey|Seismic Toss|p2a: Amoonguss
|-damage|p2a: Amoonguss|48/100 brn
|move|p2a: Amoonguss|Sludge Bomb|p1a: Chansey
|-damage|p1a: Chansey|88/100
|
|-damage|p2a: Amoonguss|42/100 brn|[from] brn
|upkeep
|turn|58
|
|t:|1617454230
|move|p1a: Chansey|Seismic Toss|p2a: Amoonguss
|-damage|p2a: Amoonguss|19/100 brn
|move|p2a: Amoonguss|Synthesis|p2a: Amoonguss
|-heal|p2a: Amoonguss|69/100 brn
|
|-damage|p2a: Amoonguss|62/100 brn|[from] brn
|upkeep
|turn|59
|
|t:|1617454237
|move|p1a: Chansey|Seismic Toss|p2a: Amoonguss
|-damage|p2a: Amoonguss|39/100 brn
|move|p2a: Amoonguss|Sludge Bomb|p1a: Chansey
|-damage|p1a: Chansey|76/100
|
|-damage|p2a: Amoonguss|33/100 brn|[from] brn
|upkeep
|turn|60
|
|t:|1617454244
|move|p1a: Chansey|Seismic Toss|p2a: Amoonguss
|-damage|p2a: Amoonguss|10/100 brn
|move|p2a: Amoonguss|Synthesis|p2a: Amoonguss
|-heal|p2a: Amoonguss|60/100 brn
|
|-damage|p2a: Amoonguss|54/100 brn|[from] brn
|upkeep
|turn|61
|
|t:|1617454251
|move|p1a: Chansey|Seismic Toss|p2a: Amoonguss
|-damage|p2a: Amoonguss|30/100 brn
|move|p2a: Amoonguss|Synthesis|p2a: Amoonguss
|-heal|p2a: Amoonguss|80/100 brn
|
|-damage|p2a: Amoonguss|74/100 brn|[from] brn
|upkeep
|turn|62
|
|t:|1617454258
|move|p1a: Chansey|Seismic Toss|p2a: Amoonguss
|-damage|p2a: Amoonguss|51/100 brn
|move|p2a: Amoonguss|Sludge Bomb|p1a: Chansey
|-damage|p1a: Chansey|64/100
|-status|p1a: Chansey|psn
|
|-damage|p1a: Chansey|52/100 psn|[from] psn
|-damage|p2a: Amoonguss|45/100 brn|[from] brn
|upkeep
|turn|63
|
|t:|1617454267
|move|p1a: Chansey|Seismic Toss|p2a: Amoonguss
|-damage|p2a: Amoonguss|22/100 brn
|move|p2a: Amoonguss|Synthesis|p2a: Amoonguss
|-heal|p2a: Amoonguss|72/100 brn
|
|-damage|p1a: Chansey|39/100 psn|[from] psn
|-damage|p2a: Amoonguss|65/100 brn|[from] brn
|upkeep
|turn|64
|
|t:|1617454275
|switch|p2a: Salamence|Salamence, M|67/100
|-damage|p2a: Salamence|42/100|[from] Stealth Rock
|-ability|p2a: Salamence|Intimidate|boost
|-unboost|p1a: Chansey|atk|1
|move|p1a: Chansey|Soft-Boiled|p1a: Chansey
|-heal|p1a: Chansey|89/100 psn
|
|-damage|p1a: Chansey|77/100 psn|[from] psn
|upkeep
|turn|65
|
|t:|1617454284
|move|p2a: Salamence|Dual Wingbeat|p1a: Chansey
|-damage|p1a: Chansey|59/100 psn
|-damage|p1a: Chansey|43/100 psn
|-hitcount|p1a: Chansey|2
|move|p1a: Chansey|Seismic Toss|p2a: Salamence
|-damage|p2a: Salamence|17/100
|
|-damage|p1a: Chansey|31/100 psn|[from] psn
|upkeep
|turn|66
|
|t:|1617454294
|move|p2a: Salamence|Dual Wingbeat|p1a: Chansey
|-damage|p1a: Chansey|15/100 psn
|-damage|p1a: Chansey|0 fnt
|-hitcount|p1a: Chansey|2
|faint|p1a: Chansey
|
|upkeep
|
|t:|1617454305
|switch|p1a: Rotom|Rotom-Heat|44/100 tox
|-damage|p1a: Rotom|20/100 tox|[from] Stealth Rock
|turn|67
|
|t:|1617454313
|move|p1a: Rotom|Overheat|p2a: Salamence
|-resisted|p2a: Salamence
|-damage|p2a: Salamence|0 fnt
|-unboost|p1a: Rotom|spa|2
|faint|p2a: Salamence
|
|-damage|p1a: Rotom|13/100 tox|[from] psn
|upkeep
|
|t:|1617454316
|switch|p2a: Pyukumuku|Pyukumuku, M|100/100
|turn|68
|
|t:|1617454325
|move|p1a: Rotom|Trick|p2a: Pyukumuku
|-activate|p1a: Rotom|move: Trick|[of] p2a: Pyukumuku
|-item|p2a: Pyukumuku|Eviolite|[from] move: Trick
|-item|p1a: Rotom|Heavy-Duty Boots|[from] move: Trick
|move|p2a: Pyukumuku|Recover||[still]
|-fail|p2a: Pyukumuku|heal
|
|-damage|p1a: Rotom|1/100 tox|[from] psn
|upkeep
|turn|69
|
|t:|1617454334
|move|p1a: Rotom|Volt Switch|p2a: Pyukumuku
|-supereffective|p2a: Pyukumuku
|-damage|p2a: Pyukumuku|42/100
|
|t:|1617454337
|switch|p1a: Tangrowth|Tangrowth, F|100/100|[from]move: Volt Switch
|-damage|p1a: Tangrowth|84/100|[from] Spikes
|-damage|p1a: Tangrowth|72/100|[from] Stealth Rock
|move|p2a: Pyukumuku|Recover|p2a: Pyukumuku
|-heal|p2a: Pyukumuku|93/100
|
|-heal|p1a: Tangrowth|78/100|[from] item: Leftovers
|upkeep
|turn|70
|
|t:|1617454351
|switch|p2a: Amoonguss|Amoonguss, F|99/100 brn
|move|p1a: Tangrowth|Ancient Power|p2a: Amoonguss
|-damage|p2a: Amoonguss|84/100 brn
|
|-heal|p1a: Tangrowth|84/100|[from] item: Leftovers
|-damage|p2a: Amoonguss|78/100 brn|[from] brn
|upkeep
|turn|71
|
|t:|1617454358
|move|p1a: Tangrowth|Ancient Power|p2a: Amoonguss
|-damage|p2a: Amoonguss|64/100 brn
|move|p2a: Amoonguss|Sludge Bomb|p1a: Tangrowth
|-supereffective|p1a: Tangrowth
|-damage|p1a: Tangrowth|0 fnt
|faint|p1a: Tangrowth
|
|-damage|p2a: Amoonguss|58/100 brn|[from] brn
|upkeep
|
|t:|1617454366
|switch|p1a: Rotom|Rotom-Heat|1/100 tox
|turn|72
|
|t:|1617454368
|switch|p2a: Mew|Mew|38/100 tox
|-damage|p2a: Mew|26/100 tox|[from] Stealth Rock
|move|p1a: Rotom|Overheat|p2a: Mew
|-damage|p2a: Mew|0 fnt
|-unboost|p1a: Rotom|spa|2
|faint|p2a: Mew
|
|-damage|p1a: Rotom|0 fnt|[from] psn
|faint|p1a: Rotom
|
|win|UUBF5 detour
|upkeep
|raw|sparrowjackal's rating: 1169 &rarr; <strong>1133</strong><br />(-36 for losing)
|raw|UUBF5 detour's rating: 1000 &rarr; <strong>1058</strong><br />(+58 for winning)
