|j|☆Hydreigon > Latias
|j|☆frontier UU
|t:|1667479943
|gametype|singles
|player|p1|Hydreigon > Latias|guitarist|1546
|player|p2|frontier UU|170|1562
|teamsize|p1|6
|teamsize|p2|6
|gen|8
|tier|[Gen 8] UU
|rated|
|rule|Sleep Clause Mod: Limit one foe put to sleep
|rule|Species Clause: Limit one of each Pokémon
|rule|OHKO Clause: OHKO moves are banned
|rule|Evasion Items Clause: Evasion items are banned
|rule|Evasion Moves Clause: Evasion moves are banned
|rule|Endless Battle Clause: Forcing endless battles is banned
|rule|HP Percentage Mod: HP is shown in percentages
|rule|Dynamax Clause: You cannot dynamax
|clearpoke
|poke|p1|Chansey, F|
|poke|p1|Dhelmise|
|poke|p1|Skarmory, M|
|poke|p1|Keldeo-Resolute|
|poke|p1|Mamoswine, M|
|poke|p1|Hydreigon, F|
|poke|p2|Heliolisk, F|
|poke|p2|Skarmory, F|
|poke|p2|Zygarde-10%|
|poke|p2|Weezing-Galar, F|
|poke|p2|Jirachi|
|poke|p2|Umbreon, F|
|teampreview
|
|t:|1667479959
|start
|switch|p1a: Chansey|Chansey, F|100/100
|switch|p2a: Jirachi|Jirachi|100/100
|turn|1
|
|t:|1667479983
|move|p2a: Jirachi|Trick|p1a: Chansey
|-activate|p2a: Jirachi|move: Trick|[of] p1a: Chansey
|-item|p1a: Chansey|Choice Scarf|[from] move: Trick
|-item|p2a: Jirachi|Eviolite|[from] move: Trick
|move|p1a: Chansey|Thunder Wave|p2a: Jirachi
|-status|p2a: Jirachi|par
|
|upkeep
|turn|2
|
|t:|1667479994
|switch|p1a: Dhelmise|Dhelmise|100/100
|cant|p2a: Jirachi|par
|
|upkeep
|turn|3
|
|t:|1667479999
|switch|p2a: Skarmory|Skarmory, F|100/100
|move|p1a: Dhelmise|Knock Off|p2a: Skarmory
|-damage|p2a: Skarmory|83/100
|-damage|p1a: Dhelmise|84/100|[from] item: Rocky Helmet|[of] p2a: Skarmory
|-enditem|p2a: Skarmory|Rocky Helmet|[from] move: Knock Off|[of] p1a: Dhelmise
|
|upkeep
|turn|4
|
|t:|1667480011
|switch|p1a: Skarmory|Skarmory, M|100/100
|move|p2a: Skarmory|Spikes|p1a: Skarmory
|-sidestart|p1: Hydreigon > Latias|Spikes
|
|upkeep
|turn|5
|
|t:|1667480025
|switch|p2a: Heliolisk|Heliolisk, F|100/100
|move|p1a: Skarmory|Spikes|p2a: Heliolisk
|-sidestart|p2: frontier UU|Spikes
|
|upkeep
|turn|6
|
|t:|1667480041
|switch|p1a: Dhelmise|Dhelmise|84/100
|move|p2a: Heliolisk|Volt Switch|p1a: Dhelmise
|-resisted|p1a: Dhelmise
|-damage|p1a: Dhelmise|62/100
|
|t:|1667480048
|switch|p2a: Skarmory|Skarmory, F|83/100|[from]move: Volt Switch
|
|upkeep
|turn|7
|
|t:|1667480054
|switch|p1a: Skarmory|Skarmory, M|100/100
|move|p2a: Skarmory|Toxic|p1a: Skarmory
|-immune|p1a: Skarmory
|
|upkeep
|turn|8
|
|t:|1667480062
|move|p1a: Skarmory|Spikes|p2a: Skarmory
|-sidestart|p2: frontier UU|Spikes
|move|p2a: Skarmory|Spikes|p1a: Skarmory
|-sidestart|p1: Hydreigon > Latias|Spikes
|
|upkeep
|turn|9
|inactive|Battle timer is ON: inactive players will automatically lose when time's up. (requested by frontier UU)
|
|t:|1667480070
|move|p1a: Skarmory|Spikes|p2a: Skarmory
|-sidestart|p2: frontier UU|Spikes
|move|p2a: Skarmory|Spikes|p1a: Skarmory
|-sidestart|p1: Hydreigon > Latias|Spikes
|
|upkeep
|turn|10
|
|t:|1667480075
|move|p1a: Skarmory|Body Press|p2a: Skarmory
|-damage|p2a: Skarmory|66/100
|move|p2a: Skarmory|Body Press|p1a: Skarmory
|-damage|p1a: Skarmory|80/100
|-damage|p2a: Skarmory|50/100|[from] item: Rocky Helmet|[of] p1a: Skarmory
|
|upkeep
|turn|11
|
|t:|1667480086
|move|p1a: Skarmory|Iron Defense|p1a: Skarmory
|-boost|p1a: Skarmory|def|2
|move|p2a: Skarmory|Roost|p2a: Skarmory
|-heal|p2a: Skarmory|99/100
|-singleturn|p2a: Skarmory|move: Roost
|
|upkeep
|turn|12
|
|t:|1667480088
|switch|p2a: Weezing|Weezing-Galar, F|100/100
|-ability|p2a: Weezing|Neutralizing Gas
|-damage|p2a: Weezing|76/100|[from] Spikes
|move|p1a: Skarmory|Body Press|p2a: Weezing
|-resisted|p2a: Weezing
|-damage|p2a: Weezing|66/100
|-damage|p1a: Skarmory|63/100|[from] item: Rocky Helmet|[of] p2a: Weezing
|
|upkeep
|turn|13
|
|t:|1667480107
|switch|p1a: Chansey|Chansey, F|100/100
|-damage|p1a: Chansey|75/100|[from] Spikes
|move|p2a: Weezing|Corrosive Gas|p1a: Chansey
|-enditem|p1a: Chansey|Choice Scarf|[from] move: Corrosive Gas|[of] p2a: Weezing
|
|upkeep
|turn|14
|
|t:|1667480118
|move|p2a: Weezing|Pain Split|p1a: Chansey
|-sethp|p1a: Chansey|53/100|[from] move: Pain Split|[silent]
|-sethp|p2a: Weezing|100/100|[from] move: Pain Split
|move|p1a: Chansey|Soft-Boiled|p1a: Chansey
|-heal|p1a: Chansey|100/100
|
|upkeep
|turn|15
|
|t:|1667480134
|-end|p2a: Weezing|ability: Neutralizing Gas
|switch|p2a: Heliolisk|Heliolisk, F|100/100
|-damage|p2a: Heliolisk|76/100|[from] Spikes
|move|p1a: Chansey|Thunder Wave|p2a: Heliolisk
|-immune|p2a: Heliolisk
|
|upkeep
|turn|16
|
|t:|1667480144
|move|p2a: Heliolisk|Volt Switch|p1a: Chansey
|-damage|p1a: Chansey|80/100
|
|t:|1667480147
|switch|p2a: Jirachi|Jirachi|100/100 par|[from]move: Volt Switch
|-damage|p2a: Jirachi|76/100 par|[from] Spikes
|move|p1a: Chansey|Thunder Wave|p2a: Jirachi
|-fail|p2a: Jirachi|par
|
|upkeep
|turn|17
|
|t:|1667480171
|move|p2a: Jirachi|Stealth Rock|p1a: Chansey
|-sidestart|p1: Hydreigon > Latias|move: Stealth Rock
|move|p1a: Chansey|Stealth Rock|p2a: Jirachi
|-sidestart|p2: frontier UU|move: Stealth Rock
|
|upkeep
|turn|18
|
|t:|1667480173
|switch|p1a: Skarmory|Skarmory, M|63/100
|-damage|p1a: Skarmory|51/100|[from] Stealth Rock
|move|p2a: Jirachi|Iron Head|p1a: Skarmory
|-resisted|p1a: Skarmory
|-damage|p1a: Skarmory|39/100
|-damage|p2a: Jirachi|59/100 par|[from] item: Rocky Helmet|[of] p1a: Skarmory
|
|upkeep
|turn|19
|
|t:|1667480177
|move|p1a: Skarmory|Roost|p1a: Skarmory
|-heal|p1a: Skarmory|89/100
|-singleturn|p1a: Skarmory|move: Roost
|move|p2a: Jirachi|Trick|p1a: Skarmory
|-activate|p2a: Jirachi|move: Trick|[of] p1a: Skarmory
|-item|p1a: Skarmory|Eviolite|[from] move: Trick
|-item|p2a: Jirachi|Rocky Helmet|[from] move: Trick
|
|upkeep
|turn|20
|
|t:|1667480183
|move|p1a: Skarmory|Roost|p1a: Skarmory
|-heal|p1a: Skarmory|100/100
|-singleturn|p1a: Skarmory|move: Roost
|move|p2a: Jirachi|U-turn|p1a: Skarmory
|-resisted|p1a: Skarmory
|-damage|p1a: Skarmory|94/100
|
|t:|1667480185
|switch|p2a: Weezing|Weezing-Galar, F|100/100|[from]move: U-turn
|-ability|p2a: Weezing|Neutralizing Gas
|-damage|p2a: Weezing|76/100|[from] Spikes
|-damage|p2a: Weezing|63/100|[from] Stealth Rock
|
|upkeep
|turn|21
|
|t:|1667480193
|switch|p1a: Chansey|Chansey, F|80/100
|-damage|p1a: Chansey|55/100|[from] Spikes
|-damage|p1a: Chansey|42/100|[from] Stealth Rock
|move|p2a: Weezing|Corrosive Gas|p1a: Chansey
|-fail|p1a: Chansey|move: Corrosive Gas
|
|upkeep
|turn|22
|
|t:|1667480197
|-end|p2a: Weezing|ability: Neutralizing Gas
|switch|p2a: Zygarde|Zygarde-10%|100/100
|-damage|p2a: Zygarde|76/100|[from] Spikes
|-damage|p2a: Zygarde|70/100|[from] Stealth Rock
|-ability|p2a: Zygarde|Aura Break
|move|p1a: Chansey|Soft-Boiled|p1a: Chansey
|-heal|p1a: Chansey|92/100
|
|upkeep
|turn|23
|
|t:|1667480201
|move|p2a: Zygarde|Thousand Arrows|p1a: Chansey
|-damage|p1a: Chansey|32/100
|move|p1a: Chansey|Soft-Boiled|p1a: Chansey
|-heal|p1a: Chansey|82/100
|
|upkeep
|turn|24
|
|t:|1667480206
|switch|p1a: Dhelmise|Dhelmise|62/100
|move|p2a: Zygarde|Thousand Arrows|p1a: Dhelmise
|-resisted|p1a: Dhelmise
|-damage|p1a: Dhelmise|32/100
|
|upkeep
|turn|25
|
|t:|1667480210
|move|p2a: Zygarde|Thousand Arrows|p1a: Dhelmise
|-resisted|p1a: Dhelmise
|-damage|p1a: Dhelmise|2/100
|move|p1a: Dhelmise|Synthesis|p1a: Dhelmise
|-heal|p1a: Dhelmise|52/100
|
|upkeep
|turn|26
|
|t:|1667480214
|switch|p2a: Skarmory|Skarmory, F|99/100
|-damage|p2a: Skarmory|88/100|[from] Stealth Rock
|move|p1a: Dhelmise|Synthesis|p1a: Dhelmise
|-heal|p1a: Dhelmise|100/100
|
|upkeep
|turn|27
|
|t:|1667480217
|switch|p1a: Skarmory|Skarmory, M|94/100
|-damage|p1a: Skarmory|81/100|[from] Stealth Rock
|move|p2a: Skarmory|Toxic|p1a: Skarmory|[miss]
|-miss|p2a: Skarmory|p1a: Skarmory
|
|upkeep
|turn|28
|-message|frontier UU forfeited.
|
|win|Hydreigon > Latias
|raw|Hydreigon &gt; Latias's rating: 1546 &rarr; <strong>1567</strong><br />(+21 for winning)
|raw|frontier UU's rating: 1569 &rarr; <strong>1548</strong><br />(-21 for losing)
|l|☆frontier UU
||Ladder isn't responding, score probably updated but might not have (Request timeout).
