|j|☆Aceslade
|j|☆5 pia to the top
|t:|1659875668
|gametype|singles
|player|p1|Aceslade|red|1339
|player|p2|5 pia to the top|#uutrio2ladder|1330
|teamsize|p1|6
|teamsize|p2|5
|gen|8
|tier|[Gen 8] UU
|rated|
|rule|Sleep Clause Mod: Limit one foe put to sleep
|rule|Species Clause: Limit one of each Pokémon
|rule|OHKO Clause: OHKO moves are banned
|rule|Evasion Items Clause: Evasion items are banned
|rule|Evasion Moves Clause: Evasion moves are banned
|rule|Endless Battle Clause: Forcing endless battles is banned
|rule|HP Percentage Mod: HP is shown in percentages
|rule|Dynamax Clause: You cannot dynamax
|clearpoke
|poke|p1|Lycanroc-Dusk, M|
|poke|p1|Salamence, M|
|poke|p1|Keldeo-Resolute|
|poke|p1|Necrozma|
|poke|p1|Excadrill, F|
|poke|p1|Azelf|
|poke|p2|Salamence, F|
|poke|p2|Chansey, F|
|poke|p2|Umbreon, M|
|poke|p2|Quagsire, M|
|poke|p2|Tangrowth, M|
|teampreview
|j|+Mengy ㋛
|
|t:|1659875692
|start
|switch|p1a: Necrozma|Necrozma|100/100
|switch|p2a: tang ur wang|Tangrowth, M|100/100
|turn|1
|
|t:|1659875697
|switch|p2a: megan the eggin|Chansey, F|100/100
|move|p1a: Necrozma|Toxic|p2a: megan the eggin|[miss]
|-miss|p1a: Necrozma|p2a: megan the eggin
|
|upkeep
|turn|2
|
|t:|1659875703
|move|p1a: Necrozma|Toxic|p2a: megan the eggin
|-status|p2a: megan the eggin|tox
|move|p2a: megan the eggin|Toxic|p1a: Necrozma
|-status|p1a: Necrozma|tox
|
|-damage|p1a: Necrozma|94/100 tox|[from] psn
|-damage|p2a: megan the eggin|94/100 tox|[from] psn
|upkeep
|turn|3
|
|t:|1659875707
|move|p1a: Necrozma|Stealth Rock|p2a: megan the eggin
|-sidestart|p2: 5 pia to the top|move: Stealth Rock
|move|p2a: megan the eggin|Stealth Rock|p1a: Necrozma
|-sidestart|p1: Aceslade|move: Stealth Rock
|
|-damage|p1a: Necrozma|82/100 tox|[from] psn
|-damage|p2a: megan the eggin|82/100 tox|[from] psn
|upkeep
|turn|4
|
|t:|1659875711
|-curestatus|p2a: megan the eggin|tox|[from] ability: Natural Cure
|switch|p2a: umby wumby|Umbreon, M|100/100
|-damage|p2a: umby wumby|88/100|[from] Stealth Rock
|move|p1a: Necrozma|Photon Geyser|p2a: umby wumby
|-immune|p2a: umby wumby
|
|-heal|p2a: umby wumby|94/100|[from] item: Leftovers
|-damage|p1a: Necrozma|64/100 tox|[from] psn
|upkeep
|turn|5
|
|t:|1659875720
|move|p1a: Necrozma|Toxic|p2a: umby wumby
|-status|p2a: umby wumby|tox
|-activate|p2a: umby wumby|ability: Synchronize
|-fail|p1a: Necrozma|tox
|move|p2a: umby wumby|Heal Bell|p2a: umby wumby
|-activate|p2a: umby wumby|move: Heal Bell
|-curestatus|p2a: umby wumby|tox|[msg]
|
|-heal|p2a: umby wumby|100/100|[from] item: Leftovers
|-damage|p1a: Necrozma|40/100 tox|[from] psn
|upkeep
|turn|6
|
|t:|1659875728
|move|p1a: Necrozma|Toxic|p2a: umby wumby
|-status|p2a: umby wumby|tox
|-activate|p2a: umby wumby|ability: Synchronize
|-fail|p1a: Necrozma|tox
|move|p2a: umby wumby|Wish|p2a: umby wumby
|
|-damage|p1a: Necrozma|10/100 tox|[from] psn
|-damage|p2a: umby wumby|94/100 tox|[from] psn
|upkeep
|turn|7
|
|t:|1659875730
|move|p1a: Necrozma|Heat Wave|p2a: umby wumby
|-damage|p2a: umby wumby|75/100 tox
|move|p2a: umby wumby|Heal Bell|p2a: umby wumby
|-activate|p2a: umby wumby|move: Heal Bell
|-curestatus|p2a: umby wumby|tox|[msg]
|
|-heal|p2a: umby wumby|100/100|[from] move: Wish|[wisher] umby wumby
|-damage|p1a: Necrozma|0 fnt|[from] psn
|faint|p1a: Necrozma
|upkeep
|j| ramoloST
|
|t:|1659875758
|switch|p1a: Keldeo|Keldeo-Resolute|100/100
|-damage|p1a: Keldeo|94/100|[from] Stealth Rock
|turn|8
|
|t:|1659875766
|switch|p2a: tang ur wang|Tangrowth, M|100/100
|-damage|p2a: tang ur wang|88/100|[from] Stealth Rock
|move|p1a: Keldeo|Secret Sword|p2a: tang ur wang
|-damage|p2a: tang ur wang|46/100
|-damage|p1a: Keldeo|84/100|[from] item: Life Orb
|
|upkeep
|turn|9
|
|t:|1659875782
|switch|p1a: Excadrill|Excadrill, F|100/100
|-damage|p1a: Excadrill|97/100|[from] Stealth Rock
|-ability|p1a: Excadrill|Mold Breaker
|move|p2a: tang ur wang|Power Whip|p1a: Excadrill|[miss]
|-miss|p2a: tang ur wang|p1a: Excadrill
|
|-heal|p1a: Excadrill|100/100|[from] item: Leftovers
|upkeep
|turn|10
|
|t:|1659875791
|move|p1a: Excadrill|Swords Dance|p1a: Excadrill
|-boost|p1a: Excadrill|atk|2
|move|p2a: tang ur wang|Earthquake|p1a: Excadrill
|-supereffective|p1a: Excadrill
|-damage|p1a: Excadrill|36/100
|
|-heal|p1a: Excadrill|42/100|[from] item: Leftovers
|upkeep
|turn|11
|
|t:|1659875804
|switch|p2a: scary airy|Salamence, F|100/100
|-ability|p2a: scary airy|Intimidate|boost
|-unboost|p1a: Excadrill|atk|1
|move|p1a: Excadrill|Iron Head|p2a: scary airy
|-damage|p2a: scary airy|47/100
|
|-heal|p1a: Excadrill|48/100|[from] item: Leftovers
|upkeep
|turn|12
|
|t:|1659875811
|switch|p2a: poggy froggy|Quagsire, M|100/100
|-damage|p2a: poggy froggy|94/100|[from] Stealth Rock
|move|p1a: Excadrill|Iron Head|p2a: poggy froggy
|-resisted|p2a: poggy froggy
|-damage|p2a: poggy froggy|65/100
|
|-heal|p1a: Excadrill|54/100|[from] item: Leftovers
|-heal|p2a: poggy froggy|72/100|[from] item: Leftovers
|upkeep
|turn|13
|
|t:|1659875819
|switch|p2a: scary airy|Salamence, F|47/100
|-ability|p2a: scary airy|Intimidate|boost
|-unboost|p1a: Excadrill|atk|1
|move|p1a: Excadrill|Swords Dance|p1a: Excadrill
|-boost|p1a: Excadrill|atk|2
|
|-heal|p1a: Excadrill|60/100|[from] item: Leftovers
|upkeep
|turn|14
|
|t:|1659875833
|move|p1a: Excadrill|Rapid Spin|p2a: scary airy
|-damage|p2a: scary airy|15/100
|-boost|p1a: Excadrill|spe|1
|-sideend|p1: Aceslade|Stealth Rock|[from] move: Rapid Spin|[of] p1a: Excadrill
|move|p2a: scary airy|Flamethrower|p1a: Excadrill
|-supereffective|p1a: Excadrill
|-damage|p1a: Excadrill|2/100
|
|-heal|p1a: Excadrill|8/100|[from] item: Leftovers
|upkeep
|turn|15
|
|t:|1659875846
|move|p1a: Excadrill|Iron Head|p2a: scary airy
|-damage|p2a: scary airy|0 fnt
|faint|p2a: scary airy
|
|-heal|p1a: Excadrill|14/100|[from] item: Leftovers
|upkeep
|
|t:|1659875850
|switch|p2a: umby wumby|Umbreon, M|100/100
|-damage|p2a: umby wumby|88/100|[from] Stealth Rock
|turn|16
|
|t:|1659875854
|move|p2a: umby wumby|Protect|p2a: umby wumby
|-singleturn|p2a: umby wumby|Protect
|move|p1a: Excadrill|Earthquake|p2a: umby wumby
|-activate|p2a: umby wumby|move: Protect
|
|-heal|p1a: Excadrill|20/100|[from] item: Leftovers
|-heal|p2a: umby wumby|94/100|[from] item: Leftovers
|upkeep
|turn|17
|
|t:|1659875857
|move|p1a: Excadrill|Earthquake|p2a: umby wumby
|-damage|p2a: umby wumby|29/100
|move|p2a: umby wumby|Foul Play|p1a: Excadrill
|-damage|p1a: Excadrill|0 fnt
|faint|p1a: Excadrill
|
|-heal|p2a: umby wumby|35/100|[from] item: Leftovers
|upkeep
|
|t:|1659875869
|switch|p1a: Lycanroc|Lycanroc-Dusk, M|100/100
|turn|18
|
|t:|1659875877
|move|p2a: umby wumby|Protect|p2a: umby wumby
|-singleturn|p2a: umby wumby|Protect
|move|p1a: Lycanroc|Close Combat|p2a: umby wumby
|-activate|p2a: umby wumby|move: Protect
|
|-heal|p2a: umby wumby|41/100|[from] item: Leftovers
|upkeep
|turn|19
|
|t:|1659875898
|move|p1a: Lycanroc|Stone Edge|p2a: umby wumby
|-damage|p2a: umby wumby|2/100
|-damage|p1a: Lycanroc|91/100|[from] item: Life Orb
|move|p2a: umby wumby|Foul Play|p1a: Lycanroc
|-damage|p1a: Lycanroc|11/100
|
|-heal|p2a: umby wumby|8/100|[from] item: Leftovers
|upkeep
|turn|20
|
|t:|1659875908
|switch|p1a: Azelf|Azelf|100/100
|move|p2a: umby wumby|Protect||[still]
|-fail|p2a: umby wumby
|
|-heal|p2a: umby wumby|14/100|[from] item: Leftovers
|upkeep
|turn|21
|
|t:|1659875923
|switch|p2a: megan the eggin|Chansey, F|82/100
|-damage|p2a: megan the eggin|70/100|[from] Stealth Rock
|move|p1a: Azelf|Grass Knot|p2a: megan the eggin
|-damage|p2a: megan the eggin|62/100
|
|upkeep
|turn|22
|
|t:|1659875934
|switch|p1a: Salamence|Salamence, M|100/100
|-ability|p1a: Salamence|Intimidate|boost
|-unboost|p2a: megan the eggin|atk|1
|move|p2a: megan the eggin|Toxic|p1a: Salamence
|-status|p1a: Salamence|tox
|-enditem|p1a: Salamence|Lum Berry|[eat]
|-curestatus|p1a: Salamence|tox|[msg]
|
|upkeep
|turn|23
|
|t:|1659875941
|move|p1a: Salamence|Dragon Dance|p1a: Salamence
|-boost|p1a: Salamence|atk|1
|-boost|p1a: Salamence|spe|1
|move|p2a: megan the eggin|Toxic|p1a: Salamence
|-status|p1a: Salamence|tox
|
|-damage|p1a: Salamence|94/100 tox|[from] psn
|upkeep
|turn|24
|
|t:|1659875948
|move|p1a: Salamence|Outrage|p2a: megan the eggin
|-damage|p2a: megan the eggin|0 fnt
|faint|p2a: megan the eggin
|
|-damage|p1a: Salamence|82/100 tox|[from] psn
|upkeep
|
|t:|1659875958
|switch|p2a: poggy froggy|Quagsire, M|72/100
|-damage|p2a: poggy froggy|65/100|[from] Stealth Rock
|turn|25
|
|t:|1659875961
|move|p1a: Salamence|Outrage|p2a: poggy froggy|[from]lockedmove
|-damage|p2a: poggy froggy|0 fnt
|faint|p2a: poggy froggy
|-start|p1a: Salamence|confusion|[fatigue]
|
|-damage|p1a: Salamence|64/100 tox|[from] psn
|upkeep
|
|t:|1659875966
|switch|p2a: umby wumby|Umbreon, M|14/100
|-damage|p2a: umby wumby|2/100|[from] Stealth Rock
|turn|26
|
|t:|1659875972
|-activate|p1a: Salamence|confusion
|-damage|p1a: Salamence|37/100 tox|[from] confusion
|move|p2a: umby wumby|Wish|p2a: umby wumby
|
|-heal|p2a: umby wumby|8/100|[from] item: Leftovers
|-damage|p1a: Salamence|13/100 tox|[from] psn
|upkeep
|turn|27
|
|t:|1659875983
|move|p2a: umby wumby|Protect|p2a: umby wumby
|-singleturn|p2a: umby wumby|Protect
|-activate|p1a: Salamence|confusion
|-damage|p1a: Salamence|0 fnt|[from] confusion
|faint|p1a: Salamence
|
|-heal|p2a: umby wumby|58/100|[from] move: Wish|[wisher] umby wumby
|-heal|p2a: umby wumby|64/100|[from] item: Leftovers
|upkeep
|
|t:|1659875990
|switch|p1a: Keldeo|Keldeo-Resolute|84/100
|turn|28
|
|t:|1659876008
|move|p1a: Keldeo|Secret Sword|p2a: umby wumby
|-supereffective|p2a: umby wumby
|-damage|p2a: umby wumby|2/100
|-damage|p1a: Keldeo|74/100|[from] item: Life Orb
|move|p2a: umby wumby|Wish|p2a: umby wumby
|
|-heal|p2a: umby wumby|8/100|[from] item: Leftovers
|upkeep
|turn|29
|
|t:|1659876014
|switch|p2a: tang ur wang|Tangrowth, M|79/100
|-damage|p2a: tang ur wang|67/100|[from] Stealth Rock
|move|p1a: Keldeo|Secret Sword|p2a: tang ur wang
|-damage|p2a: tang ur wang|24/100
|-damage|p1a: Keldeo|65/100|[from] item: Life Orb
|
|-heal|p2a: tang ur wang|72/100|[from] move: Wish|[wisher] umby wumby
|upkeep
|turn|30
|
|t:|1659876023
|move|p1a: Keldeo|Icy Wind|p2a: tang ur wang
|-supereffective|p2a: tang ur wang
|-damage|p2a: tang ur wang|39/100
|-unboost|p2a: tang ur wang|spe|1
|-damage|p1a: Keldeo|55/100|[from] item: Life Orb
|move|p2a: tang ur wang|Power Whip|p1a: Keldeo|[miss]
|-miss|p2a: tang ur wang|p1a: Keldeo
|
|upkeep
|turn|31
|
|t:|1659876031
|switch|p1a: Azelf|Azelf|100/100
|move|p2a: tang ur wang|Power Whip|p1a: Azelf
|-damage|p1a: Azelf|39/100
|
|upkeep
|turn|32
|
|t:|1659876039
|move|p1a: Azelf|Fire Blast|p2a: tang ur wang|[miss]
|-miss|p1a: Azelf|p2a: tang ur wang
|move|p2a: tang ur wang|Knock Off|p1a: Azelf
|-supereffective|p1a: Azelf
|-damage|p1a: Azelf|0 fnt
|-enditem|p1a: Azelf|Choice Scarf|[from] move: Knock Off|[of] p2a: tang ur wang
|faint|p1a: Azelf
|
|upkeep
|
|t:|1659876044
|switch|p1a: Lycanroc|Lycanroc-Dusk, M|11/100
|turn|33
|
|t:|1659876048
|switch|p2a: umby wumby|Umbreon, M|8/100
|-damage|p2a: umby wumby|0 fnt|[from] Stealth Rock
|faint|p2a: umby wumby
|move|p1a: Lycanroc|Psychic Fangs|p2: umby wumby|[notarget]
|-fail|p1a: Lycanroc
|
|upkeep
|
|t:|1659876051
|switch|p2a: tang ur wang|Tangrowth, M|72/100
|-damage|p2a: tang ur wang|60/100|[from] Stealth Rock
|turn|34
|
|t:|1659876054
|move|p1a: Lycanroc|Close Combat|p2a: tang ur wang
|-damage|p2a: tang ur wang|10/100
|-unboost|p1a: Lycanroc|def|1
|-unboost|p1a: Lycanroc|spd|1
|-damage|p1a: Lycanroc|1/100|[from] item: Life Orb
|move|p2a: tang ur wang|Earthquake|p1a: Lycanroc
|-supereffective|p1a: Lycanroc
|-damage|p1a: Lycanroc|0 fnt
|faint|p1a: Lycanroc
|
|upkeep
|
|t:|1659876057
|switch|p1a: Keldeo|Keldeo-Resolute|55/100
|turn|35
|
|t:|1659876060
|move|p1a: Keldeo|Secret Sword|p2a: tang ur wang
|-damage|p2a: tang ur wang|0 fnt
|faint|p2a: tang ur wang
|-damage|p1a: Keldeo|45/100|[from] item: Life Orb
|
|win|Aceslade
|raw|Aceslade's rating: 1339 &rarr; <strong>1358</strong><br />(+19 for winning)
|raw|5 pia to the top's rating: 1330 &rarr; <strong>1311</strong><br />(-19 for losing)
|c|☆5 pia to the top|gg
