|j|☆Oudatoma
|j|☆GryphonEX
|t:|1662873070
|gametype|singles
|player|p1|Oudatoma|lucas-gen4pt|1262
|player|p2|GryphonEX|gardenia|1491
|teamsize|p1|6
|teamsize|p2|6
|gen|8
|tier|[Gen 8] UU
|rated|
|rule|Sleep Clause Mod: Limit one foe put to sleep
|rule|Species Clause: Limit one of each Pokémon
|rule|OHKO Clause: OHKO moves are banned
|rule|Evasion Items Clause: Evasion items are banned
|rule|Evasion Moves Clause: Evasion moves are banned
|rule|Endless Battle Clause: Forcing endless battles is banned
|rule|HP Percentage Mod: HP is shown in percentages
|rule|Dynamax Clause: You cannot dynamax
|clearpoke
|poke|p1|Primarina, M|
|poke|p1|Hydreigon, F|
|poke|p1|Scizor, M|
|poke|p1|Hippowdon, M|
|poke|p1|Tangrowth, M|
|poke|p1|Moltres|
|poke|p2|Hydreigon, F|
|poke|p2|Suicune|
|poke|p2|Zarude|
|poke|p2|Salamence, F|
|poke|p2|Chansey, F|
|poke|p2|Corsola-Galar, M|
|teampreview
|inactive|Battle timer is ON: inactive players will automatically lose when time's up. (requested by GryphonEX)
|c|☆GryphonEX|Good luck
|
|t:|1662873096
|start
|switch|p1a: Primarina|Primarina, M, shiny|100/100
|switch|p2a: Corsola|Corsola-Galar, M|100/100
|turn|1
|
|t:|1662873108
|move|p1a: Primarina|Hydro Pump|p2a: Corsola
|-damage|p2a: Corsola|51/100
|move|p2a: Corsola|Stealth Rock|p1a: Primarina
|-sidestart|p1: Oudatoma|move: Stealth Rock
|
|upkeep
|turn|2
|
|t:|1662873118
|switch|p1a: Hippowdon|Hippowdon, M|100/100
|-damage|p1a: Hippowdon|94/100|[from] Stealth Rock
|-weather|Sandstorm|[from] ability: Sand Stream|[of] p1a: Hippowdon
|move|p2a: Corsola|Strength Sap|p1a: Hippowdon
|-unboost|p1a: Hippowdon|atk|1
|-heal|p2a: Corsola|100/100
|
|-weather|Sandstorm|[upkeep]
|-damage|p2a: Corsola|94/100|[from] Sandstorm
|-heal|p1a: Hippowdon|100/100|[from] item: Leftovers
|upkeep
|turn|3
|
|t:|1662873126
|switch|p2a: Chansey|Chansey, F|100/100
|move|p1a: Hippowdon|Toxic|p2a: Chansey
|-status|p2a: Chansey|tox
|
|-weather|Sandstorm|[upkeep]
|-damage|p2a: Chansey|94/100 tox|[from] Sandstorm
|-damage|p2a: Chansey|88/100 tox|[from] psn
|upkeep
|turn|4
|
|t:|1662873129
|move|p1a: Hippowdon|Stealth Rock|p2a: Chansey
|-sidestart|p2: GryphonEX|move: Stealth Rock
|move|p2a: Chansey|Teleport|p2a: Chansey
|
|t:|1662873135
|-curestatus|p2a: Chansey|tox|[from] ability: Natural Cure
|switch|p2a: Zarude|Zarude|100/100|[from]move: Teleport
|-damage|p2a: Zarude|88/100|[from] Stealth Rock
|
|-weather|Sandstorm|[upkeep]
|-damage|p2a: Zarude|82/100|[from] Sandstorm
|upkeep
|turn|5
|
|t:|1662873140
|switch|p1a: Moltres|Moltres|100/100
|move|p2a: Zarude|Darkest Lariat|p1a: Moltres
|-damage|p1a: Moltres|42/100
|
|-weather|Sandstorm|[upkeep]
|-damage|p2a: Zarude|76/100|[from] Sandstorm
|-damage|p1a: Moltres|36/100|[from] Sandstorm
|upkeep
|turn|6
|
|t:|1662873162
|switch|p1a: Hydreigon|Hydreigon, F|100/100
|-damage|p1a: Hydreigon|88/100|[from] Stealth Rock
|move|p2a: Zarude|Darkest Lariat|p1a: Hydreigon
|-resisted|p1a: Hydreigon
|-damage|p1a: Hydreigon|52/100
|
|-weather|none
|upkeep
|turn|7
|
|t:|1662873171
|switch|p2a: Chansey|Chansey, F|88/100
|-damage|p2a: Chansey|76/100|[from] Stealth Rock
|move|p1a: Hydreigon|U-turn|p2a: Chansey
|-damage|p2a: Chansey|66/100
|
|t:|1662873182
|switch|p1a: Tangrowth|Tangrowth, M|100/100|[from]move: U-turn
|-damage|p1a: Tangrowth|88/100|[from] Stealth Rock
|
|upkeep
|turn|8
|
|t:|1662873200
|switch|p2a: Hydreigon|Hydreigon, F|100/100
|-damage|p2a: Hydreigon|88/100|[from] Stealth Rock
|move|p1a: Tangrowth|Knock Off|p2a: Hydreigon
|-resisted|p2a: Hydreigon
|-damage|p2a: Hydreigon|74/100
|-enditem|p2a: Hydreigon|Choice Specs|[from] move: Knock Off|[of] p1a: Tangrowth
|
|upkeep
|turn|9
|
|t:|1662873223
|switch|p1a: Primarina|Primarina, M, shiny|100/100
|-damage|p1a: Primarina|88/100|[from] Stealth Rock
|move|p2a: Hydreigon|Flamethrower|p1a: Primarina
|-resisted|p1a: Primarina
|-damage|p1a: Primarina|74/100
|
|upkeep
|turn|10
|
|t:|1662873232
|switch|p2a: Chansey|Chansey, F|66/100
|-damage|p2a: Chansey|54/100|[from] Stealth Rock
|move|p1a: Primarina|Flip Turn|p2a: Chansey
|-damage|p2a: Chansey|43/100
|
|t:|1662873244
|switch|p1a: Scizor|Scizor, M|100/100|[from]move: Flip Turn
|
|upkeep
|turn|11
|
|t:|1662873247
|switch|p2a: Salamence|Salamence, F|100/100
|-ability|p2a: Salamence|Intimidate|boost
|-unboost|p1a: Scizor|atk|1
|move|p1a: Scizor|Knock Off|p2a: Salamence
|-damage|p2a: Salamence|85/100
|-enditem|p2a: Salamence|Heavy-Duty Boots|[from] move: Knock Off|[of] p1a: Scizor
|
|upkeep
|turn|12
|
|t:|1662873271
|switch|p1a: Moltres|Moltres|36/100
|move|p2a: Salamence|Defog|p1a: Moltres
|-unboost|p1a: Moltres|evasion|1
|-sideend|p1: Oudatoma|Stealth Rock|[from] move: Defog|[of] p2a: Salamence
|-sideend|p2: GryphonEX|Stealth Rock|[from] move: Defog|[of] p2a: Salamence
|
|upkeep
|turn|13
|
|t:|1662873277
|switch|p2a: Suicune|Suicune|100/100
|-ability|p2a: Suicune|Pressure
|move|p1a: Moltres|Roost|p1a: Moltres
|-heal|p1a: Moltres|86/100
|-singleturn|p1a: Moltres|move: Roost
|
|upkeep
|turn|14
|
|t:|1662873286
|switch|p1a: Tangrowth|Tangrowth, M|100/100
|move|p2a: Suicune|Calm Mind|p2a: Suicune
|-boost|p2a: Suicune|spa|1
|-boost|p2a: Suicune|spd|1
|
|upkeep
|turn|15
|
|t:|1662873292
|move|p2a: Suicune|Calm Mind|p2a: Suicune
|-boost|p2a: Suicune|spa|1
|-boost|p2a: Suicune|spd|1
|move|p1a: Tangrowth|Power Whip|p2a: Suicune
|-supereffective|p2a: Suicune
|-damage|p2a: Suicune|51/100
|
|-heal|p2a: Suicune|58/100|[from] item: Leftovers
|upkeep
|turn|16
|
|t:|1662873302
|move|p2a: Suicune|Ice Beam|p1a: Tangrowth
|-supereffective|p1a: Tangrowth
|-damage|p1a: Tangrowth|49/100
|move|p1a: Tangrowth|Knock Off|p2a: Suicune
|-damage|p2a: Suicune|45/100
|-enditem|p2a: Suicune|Leftovers|[from] move: Knock Off|[of] p1a: Tangrowth
|
|upkeep
|turn|17
|
|t:|1662873319
|switch|p1a: Primarina|Primarina, M, shiny|74/100
|move|p2a: Suicune|Calm Mind|p2a: Suicune
|-boost|p2a: Suicune|spa|1
|-boost|p2a: Suicune|spd|1
|
|upkeep
|turn|18
|
|t:|1662873340
|move|p1a: Primarina|Moonblast|p2a: Suicune
|-damage|p2a: Suicune|21/100
|move|p2a: Suicune|Calm Mind|p2a: Suicune
|-boost|p2a: Suicune|spa|1
|-boost|p2a: Suicune|spd|1
|
|upkeep
|turn|19
|
|t:|1662873345
|move|p1a: Primarina|Moonblast|p2a: Suicune
|-damage|p2a: Suicune|1/100
|move|p2a: Suicune|Rest|p2a: Suicune
|-status|p2a: Suicune|slp|[from] move: Rest
|-heal|p2a: Suicune|100/100 slp|[silent]
|
|upkeep
|turn|20
|
|t:|1662873363
|switch|p1a: Tangrowth|Tangrowth, M|82/100
|cant|p2a: Suicune|slp
|
|upkeep
|turn|21
|
|t:|1662873368
|cant|p2a: Suicune|slp
|move|p1a: Tangrowth|Power Whip|p2a: Suicune
|-supereffective|p2a: Suicune
|-damage|p2a: Suicune|51/100 slp
|
|upkeep
|turn|22
|
|t:|1662873378
|-curestatus|p2a: Suicune|slp|[msg]
|move|p2a: Suicune|Ice Beam|p1a: Tangrowth
|-supereffective|p1a: Tangrowth
|-damage|p1a: Tangrowth|0 fnt
|faint|p1a: Tangrowth
|
|upkeep
|
|t:|1662873396
|switch|p1a: Scizor|Scizor, M|100/100
|turn|23
|
|t:|1662873399
|move|p2a: Suicune|Scald|p1a: Scizor
|-damage|p1a: Scizor|22/100
|move|p1a: Scizor|U-turn|p2a: Suicune
|-damage|p2a: Suicune|33/100
|
|t:|1662873423
|switch|p1a: Moltres|Moltres|86/100|[from]move: U-turn
|
|upkeep
|turn|24
|
|t:|1662873425
|move|p1a: Moltres|Hurricane|p2a: Suicune|[miss]
|-miss|p1a: Moltres|p2a: Suicune
|move|p2a: Suicune|Rest|p2a: Suicune
|-status|p2a: Suicune|slp|[from] move: Rest
|-heal|p2a: Suicune|100/100 slp|[silent]
|
|upkeep
|turn|25
|
|t:|1662873435
|switch|p1a: Primarina|Primarina, M, shiny|74/100
|cant|p2a: Suicune|slp
|
|upkeep
|turn|26
|
|t:|1662873438
|move|p1a: Primarina|Moonblast|p2a: Suicune
|-damage|p2a: Suicune|80/100 slp
|-unboost|p2a: Suicune|spa|1
|cant|p2a: Suicune|slp
|
|upkeep
|turn|27
|
|t:|1662873441
|move|p1a: Primarina|Moonblast|p2a: Suicune
|-damage|p2a: Suicune|59/100 slp
|-curestatus|p2a: Suicune|slp|[msg]
|move|p2a: Suicune|Calm Mind|p2a: Suicune
|-boost|p2a: Suicune|spa|1
|-boost|p2a: Suicune|spd|1
|
|upkeep
|turn|28
|
|t:|1662873450
|switch|p1a: Moltres|Moltres|86/100
|move|p2a: Suicune|Calm Mind|p2a: Suicune
|-boost|p2a: Suicune|spa|1
|-boost|p2a: Suicune|spd|1
|
|upkeep
|turn|29
|
|t:|1662873453
|move|p1a: Moltres|Hurricane|p2a: Suicune
|-damage|p2a: Suicune|50/100
|-start|p2a: Suicune|confusion
|-activate|p2a: Suicune|confusion
|move|p2a: Suicune|Scald|p1a: Moltres
|-supereffective|p1a: Moltres
|-damage|p1a: Moltres|0 fnt
|faint|p1a: Moltres
|
|upkeep
|
|t:|1662873466
|switch|p1a: Scizor|Scizor, M|22/100
|turn|30
|
|t:|1662873467
|-activate|p2a: Suicune|confusion
|-damage|p2a: Suicune|47/100|[from] confusion
|move|p1a: Scizor|U-turn|p2a: Suicune
|-damage|p2a: Suicune|28/100
|
|t:|1662873478
|switch|p1a: Hydreigon|Hydreigon, F|52/100|[from]move: U-turn
|
|upkeep
|turn|31
|
|t:|1662873482
|move|p1a: Hydreigon|Draco Meteor|p2a: Suicune
|-damage|p2a: Suicune|16/100
|-unboost|p1a: Hydreigon|spa|2
|-activate|p2a: Suicune|confusion
|-damage|p2a: Suicune|13/100|[from] confusion
|
|upkeep
|turn|32
|
|t:|1662873491
|move|p1a: Hydreigon|Draco Meteor|p2a: Suicune
|-damage|p2a: Suicune|7/100
|-unboost|p1a: Hydreigon|spa|2
|-end|p2a: Suicune|confusion
|move|p2a: Suicune|Rest|p2a: Suicune
|-status|p2a: Suicune|slp|[from] move: Rest
|-heal|p2a: Suicune|100/100 slp|[silent]
|
|upkeep
|turn|33
|c|☆Oudatoma|Gg
|-message|Oudatoma forfeited.
|
|win|GryphonEX
|raw|Oudatoma's rating: 1243 &rarr; <strong>1233</strong><br />(-10 for losing)
|raw|GryphonEX's rating: 1491 &rarr; <strong>1499</strong><br />(+8 for winning)
|l|☆Oudatoma
||Ladder isn't responding, score probably updated but might not have (Request timeout).
