|html|<div class="broadcast-blue"><strong>[Gen 8] UU is currently suspecting Mienshao! For information on how to participate check out the <a href="https://www.smogon.com/forums/threads/np-ss-uu-stage-10-3-pumped-up-kicks.3694543/">suspect thread</a>.</strong></div>
|j|☆bioche80
|j|☆UU11M 4rd
|t:|1639957188
|gametype|singles
|player|p1|bioche80|265|1372
|player|p2|UU11M 4rd|cyclist|1497
|teamsize|p1|6
|teamsize|p2|6
|gen|8
|tier|[Gen 8] UU
|rated|
|rule|Sleep Clause Mod: Limit one foe put to sleep
|rule|Species Clause: Limit one of each Pokémon
|rule|OHKO Clause: OHKO moves are banned
|rule|Evasion Moves Clause: Evasion moves are banned
|rule|Endless Battle Clause: Forcing endless battles is banned
|rule|HP Percentage Mod: HP is shown in percentages
|rule|Dynamax Clause: You cannot dynamax
|clearpoke
|poke|p1|Sneasel, F|
|poke|p1|Darmanitan, F|
|poke|p1|Tapu Bulu|
|poke|p1|Swampert, F|
|poke|p1|Conkeldurr, M|
|poke|p1|Jirachi|
|poke|p2|Thundurus-Therian, M|
|poke|p2|Zarude|
|poke|p2|Slowking, M|
|poke|p2|Rhyperior, F|
|poke|p2|Skarmory, F|
|poke|p2|Mienshao, M|
|teampreview
|inactive|Battle timer is ON: inactive players will automatically lose when time's up. (requested by bioche80)
|
|t:|1639957263
|start
|switch|p1a: Conkeldurr|Conkeldurr, M|100/100
|switch|p2a: Mienshao|Mienshao, M|100/100
|turn|1
|
|t:|1639957282
|move|p2a: Mienshao|Knock Off|p1a: Conkeldurr
|-resisted|p1a: Conkeldurr
|-damage|p1a: Conkeldurr|90/100
|-enditem|p1a: Conkeldurr|Flame Orb|[from] move: Knock Off|[of] p2a: Mienshao
|move|p1a: Conkeldurr|Close Combat|p2a: Mienshao
|-damage|p2a: Mienshao|0 fnt
|-unboost|p1a: Conkeldurr|def|1
|-unboost|p1a: Conkeldurr|spd|1
|faint|p2a: Mienshao
|
|upkeep
|
|t:|1639957305
|switch|p2a: Thundurus|Thundurus-Therian, M|100/100
|turn|2
|
|t:|1639957313
|switch|p1a: Swampert|Swampert, F|100/100
|move|p2a: Thundurus|Psychic|p1a: Swampert
|-damage|p1a: Swampert|80/100
|
|-heal|p1a: Swampert|86/100|[from] item: Leftovers
|upkeep
|turn|3
|
|t:|1639957320
|switch|p1a: Jirachi|Jirachi|100/100
|move|p2a: Thundurus|Grass Knot|p1a: Jirachi
|-resisted|p1a: Jirachi
|-damage|p1a: Jirachi|97/100
|
|upkeep
|turn|4
|
|t:|1639957334
|move|p2a: Thundurus|Knock Off|p1a: Jirachi
|-supereffective|p1a: Jirachi
|-damage|p1a: Jirachi|61/100
|-enditem|p1a: Jirachi|Weakness Policy
|-boost|p1a: Jirachi|atk|2|[from] item: Weakness Policy
|-boost|p1a: Jirachi|spa|2|[from] item: Weakness Policy
|move|p1a: Jirachi|Wish|p1a: Jirachi
|
|upkeep
|turn|5
|
|t:|1639957342
|move|p2a: Thundurus|Volt Switch|p1a: Jirachi
|-damage|p1a: Jirachi|26/100
|
|t:|1639957346
|switch|p2a: Zarude|Zarude|100/100|[from]move: Volt Switch
|move|p1a: Jirachi|Cosmic Power|p1a: Jirachi
|-boost|p1a: Jirachi|def|1
|-boost|p1a: Jirachi|spd|1
|
|-heal|p1a: Jirachi|76/100|[from] move: Wish|[wisher] Jirachi
|upkeep
|turn|6
|
|t:|1639957355
|move|p2a: Zarude|Darkest Lariat|p1a: Jirachi
|-supereffective|p1a: Jirachi
|-damage|p1a: Jirachi|10/100
|move|p1a: Jirachi|Iron Head|p2a: Zarude
|-damage|p2a: Zarude|52/100
|
|upkeep
|turn|7
|
|t:|1639957364
|switch|p1a: Sneasel|Sneasel, F|100/100
|move|p2a: Zarude|Darkest Lariat|p1a: Sneasel
|-resisted|p1a: Sneasel
|-damage|p1a: Sneasel|53/100
|
|upkeep
|turn|8
|
|t:|1639957372
|switch|p2a: Skarmory|Skarmory, F|100/100
|move|p1a: Sneasel|Knock Off|p2a: Skarmory
|-damage|p2a: Skarmory|68/100
|-enditem|p2a: Skarmory|Safety Goggles|[from] move: Knock Off|[of] p1a: Sneasel
|
|upkeep
|turn|9
|
|t:|1639957379
|switch|p1a: Darmanitan|Darmanitan, F|100/100
|move|p2a: Skarmory|Spikes|p1a: Darmanitan
|-sidestart|p1: bioche80|Spikes
|
|upkeep
|turn|10
|
|t:|1639957385
|move|p1a: Darmanitan|Trick|p2a: Skarmory
|-activate|p1a: Darmanitan|move: Trick|[of] p2a: Skarmory
|-item|p2a: Skarmory|Choice Scarf|[from] move: Trick
|-enditem|p1a: Darmanitan|Choice Scarf|[silent]|[from] move: Trick
|move|p2a: Skarmory|Spikes|p1a: Darmanitan
|-sidestart|p1: bioche80|Spikes
|
|upkeep
|turn|11
|
|t:|1639957390
|move|p1a: Darmanitan|Flare Blitz|p2a: Skarmory
|-supereffective|p2a: Skarmory
|-damage|p2a: Skarmory|0 fnt
|faint|p2a: Skarmory
|-damage|p1a: Darmanitan|80/100|[from] Recoil
|
|upkeep
|
|t:|1639957412
|switch|p2a: Rhyperior|Rhyperior, F|100/100
|turn|12
|
|t:|1639957428
|switch|p1a: Jirachi|Jirachi|10/100
|-damage|p1a: Jirachi|0 fnt|[from] Spikes
|faint|p1a: Jirachi
|move|p2a: Rhyperior|Stone Edge|p1: Jirachi|[notarget]
|-fail|p2a: Rhyperior
|
|upkeep
|
|t:|1639957435
|switch|p1a: Tapu Bulu|Tapu Bulu|100/100
|-damage|p1a: Tapu Bulu|84/100|[from] Spikes
|-fieldstart|move: Grassy Terrain|[from] ability: Grassy Surge|[of] p1a: Tapu Bulu
|turn|13
|
|t:|1639957441
|switch|p2a: Thundurus|Thundurus-Therian, M|100/100
|move|p1a: Tapu Bulu|Bulk Up|p1a: Tapu Bulu
|-boost|p1a: Tapu Bulu|atk|1
|-boost|p1a: Tapu Bulu|def|1
|
|-heal|p1a: Tapu Bulu|90/100|[from] Grassy Terrain
|upkeep
|turn|14
|
|t:|1639957449
|move|p2a: Thundurus|Psychic|p1a: Tapu Bulu
|-damage|p1a: Tapu Bulu|57/100
|move|p1a: Tapu Bulu|Horn Leech|p2a: Thundurus
|-resisted|p2a: Thundurus
|-damage|p2a: Thundurus|51/100
|-heal|p1a: Tapu Bulu|79/100|[from] drain|[of] p2a: Thundurus
|
|-heal|p1a: Tapu Bulu|85/100|[from] Grassy Terrain
|upkeep
|turn|15
|
|t:|1639957458
|move|p2a: Thundurus|Psychic|p1a: Tapu Bulu
|-damage|p1a: Tapu Bulu|53/100
|move|p1a: Tapu Bulu|Horn Leech|p2a: Thundurus
|-resisted|p2a: Thundurus
|-damage|p2a: Thundurus|4/100
|-heal|p1a: Tapu Bulu|73/100|[from] drain|[of] p2a: Thundurus
|
|-heal|p1a: Tapu Bulu|79/100|[from] Grassy Terrain
|upkeep
|turn|16
|
|t:|1639957469
|switch|p1a: Sneasel|Sneasel, F|53/100
|-damage|p1a: Sneasel|36/100|[from] Spikes
|move|p2a: Thundurus|Psychic|p1a: Sneasel
|-immune|p1a: Sneasel
|
|-heal|p1a: Sneasel|42/100|[from] Grassy Terrain
|upkeep
|turn|17
|
|t:|1639957481
|switch|p2a: Rhyperior|Rhyperior, F|100/100
|move|p1a: Sneasel|Knock Off|p2a: Rhyperior
|-damage|p2a: Rhyperior|64/100
|-enditem|p2a: Rhyperior|Leftovers|[from] move: Knock Off|[of] p1a: Sneasel
|
|-heal|p1a: Sneasel|48/100|[from] Grassy Terrain
|-heal|p2a: Rhyperior|71/100|[from] Grassy Terrain
|-fieldend|move: Grassy Terrain
|upkeep
|turn|18
|
|t:|1639957496
|switch|p1a: Conkeldurr|Conkeldurr, M|90/100
|-damage|p1a: Conkeldurr|73/100|[from] Spikes
|move|p2a: Rhyperior|Earthquake|p1a: Conkeldurr
|-crit|p1a: Conkeldurr
|-damage|p1a: Conkeldurr|16/100
|
|upkeep
|turn|19
|
|t:|1639957503
|move|p1a: Conkeldurr|Defog|p2a: Rhyperior
|-unboost|p2a: Rhyperior|evasion|1
|-sideend|p1: bioche80|Spikes|[from] move: Defog|[of] p1a: Conkeldurr
|move|p2a: Rhyperior|Earthquake|p1a: Conkeldurr
|-damage|p1a: Conkeldurr|0 fnt
|faint|p1a: Conkeldurr
|
|upkeep
|
|t:|1639957510
|switch|p1a: Tapu Bulu|Tapu Bulu|79/100
|-fieldstart|move: Grassy Terrain|[from] ability: Grassy Surge|[of] p1a: Tapu Bulu
|turn|20
|
|t:|1639957515
|move|p1a: Tapu Bulu|Horn Leech|p2a: Rhyperior
|-supereffective|p2a: Rhyperior
|-damage|p2a: Rhyperior|0 fnt
|-heal|p1a: Tapu Bulu|100/100|[from] drain|[of] p2a: Rhyperior
|faint|p2a: Rhyperior
|
|upkeep
|-message|UU11M 4rd forfeited.
|
|win|bioche80
|raw|bioche80's rating: 1372 &rarr; <strong>1399</strong><br />(+27 for winning)
|raw|UU11M 4rd's rating: 1497 &rarr; <strong>1470</strong><br />(-27 for losing)
|l|☆UU11M 4rd
|c|☆bioche80|gg
