|j|☆Gifwater
|j|☆Appleking123
|t:|1653859317
|gametype|singles
|player|p1|Gifwater|sanqua|
|player|p2|Appleking123|hiker-gen4|
|teamsize|p1|6
|teamsize|p2|6
|gen|8
|tier|[Gen 8] UU
|rule|Sleep Clause Mod: Limit one foe put to sleep
|rule|Species Clause: Limit one of each Pokémon
|rule|OHKO Clause: OHKO moves are banned
|rule|Evasion Moves Clause: Evasion moves are banned
|rule|Endless Battle Clause: Forcing endless battles is banned
|rule|HP Percentage Mod: HP is shown in percentages
|rule|Dynamax Clause: You cannot dynamax
|clearpoke
|poke|p1|Hippowdon, M|
|poke|p1|Excadrill, M|
|poke|p1|Tangrowth, M|
|poke|p1|Rotom-Wash|
|poke|p1|Salamence, M|
|poke|p1|Keldeo-Resolute|
|poke|p2|Keldeo-Resolute|
|poke|p2|Moltres|
|poke|p2|Zarude|
|poke|p2|Slowking, M|
|poke|p2|Chansey, F|
|poke|p2|Scizor, M|
|teampreview
|c|☆Gifwater|hf
|c|☆Appleking123|i have no ides if this team is any good lol
|c|☆Gifwater|neither do I lol
|c|☆Gifwater|you got a keld counter, that's something!
|
|t:|1653859357
|start
|switch|p1a: Fractal Dreamers|Rotom-Wash|100/100
|switch|p2a: Monke|Zarude|100/100
|turn|1
|c|☆Appleking123|at least no one was lame and used aegislash yet
|c|☆Gifwater|tru
|
|t:|1653859410
|switch|p1a: Clarum Somnium|Tangrowth, M|100/100
|move|p2a: Monke|U-turn|p1a: Clarum Somnium
|-supereffective|p1a: Clarum Somnium
|-damage|p1a: Clarum Somnium|72/100
|
|t:|1653859420
|switch|p2a: Flamin' Hot|Moltres|100/100|[from]move: U-turn
|
|upkeep
|turn|2
|
|t:|1653859436
|switch|p1a: Monolithia|Hippowdon, M|100/100
|-weather|Sandstorm|[from] ability: Sand Stream|[of] p1a: Monolithia
|move|p2a: Flamin' Hot|U-turn|p1a: Monolithia
|-damage|p1a: Monolithia|92/100
|-damage|p2a: Flamin' Hot|84/100|[from] item: Rocky Helmet|[of] p1a: Monolithia
|
|t:|1653859439
|switch|p2a: HONSE|Keldeo-Resolute|100/100|[from]move: U-turn
|
|-weather|Sandstorm|[upkeep]
|-damage|p2a: HONSE|94/100|[from] Sandstorm
|upkeep
|turn|3
|
|t:|1653859451
|switch|p1a: Clarum Somnium|Tangrowth, M|100/100
|move|p2a: HONSE|Hydro Pump|p1a: Clarum Somnium
|-resisted|p1a: Clarum Somnium
|-damage|p1a: Clarum Somnium|72/100
|
|-weather|Sandstorm|[upkeep]
|-damage|p2a: HONSE|88/100|[from] Sandstorm
|-damage|p1a: Clarum Somnium|66/100|[from] Sandstorm
|upkeep
|turn|4
|
|t:|1653859455
|switch|p2a: Egg|Chansey, F|100/100
|move|p1a: Clarum Somnium|Knock Off|p2a: Egg
|-damage|p2a: Egg|87/100
|-enditem|p2a: Egg|Eviolite|[from] move: Knock Off|[of] p1a: Clarum Somnium
|
|-weather|Sandstorm|[upkeep]
|-damage|p2a: Egg|81/100|[from] Sandstorm
|-damage|p1a: Clarum Somnium|60/100|[from] Sandstorm
|upkeep
|turn|5
|
|t:|1653859466
|switch|p1a: Infinity Chasers|Keldeo-Resolute|100/100
|move|p2a: Egg|Teleport|p2a: Egg
|
|t:|1653859470
|switch|p2a: Bruh Moment|Slowking, M|100/100|[from]move: Teleport
|
|-weather|Sandstorm|[upkeep]
|-damage|p1a: Infinity Chasers|94/100|[from] Sandstorm
|-damage|p2a: Bruh Moment|94/100|[from] Sandstorm
|upkeep
|turn|6
|
|t:|1653859477
|switch|p1a: Fractal Dreamers|Rotom-Wash|100/100
|move|p2a: Bruh Moment|Teleport|p2a: Bruh Moment
|
|t:|1653859480
|switch|p2a: Monke|Zarude|100/100|[from]move: Teleport
|
|-weather|none
|upkeep
|turn|7
|
|t:|1653859484
|move|p2a: Monke|Power Whip|p1a: Fractal Dreamers
|-supereffective|p1a: Fractal Dreamers
|-damage|p1a: Fractal Dreamers|0 fnt
|faint|p1a: Fractal Dreamers
|
|upkeep
|
|t:|1653859488
|switch|p1a: Fortuna Redux|Salamence, M|100/100
|-ability|p1a: Fortuna Redux|Intimidate|boost
|-unboost|p2a: Monke|atk|1
|turn|8
|
|t:|1653859494
|switch|p2a: Bruh Moment|Slowking, M|100/100
|switch|p1a: Monolithia|Hippowdon, M|92/100
|-weather|Sandstorm|[from] ability: Sand Stream|[of] p1a: Monolithia
|
|-weather|Sandstorm|[upkeep]
|-damage|p2a: Bruh Moment|94/100|[from] Sandstorm
|upkeep
|turn|9
|
|t:|1653859498
|move|p1a: Monolithia|Toxic|p2a: Bruh Moment
|-status|p2a: Bruh Moment|tox
|move|p2a: Bruh Moment|Scald|p1a: Monolithia
|-supereffective|p1a: Monolithia
|-damage|p1a: Monolithia|43/100
|
|-weather|Sandstorm|[upkeep]
|-damage|p2a: Bruh Moment|88/100 tox|[from] Sandstorm
|-damage|p2a: Bruh Moment|82/100 tox|[from] psn
|upkeep
|turn|10
|
|t:|1653859503
|switch|p1a: Clarum Somnium|Tangrowth, M|93/100
|move|p2a: Bruh Moment|Teleport|p2a: Bruh Moment
|
|t:|1653859507
|switch|p2a: Flamin' Hot|Moltres|84/100|[from]move: Teleport
|
|-weather|Sandstorm|[upkeep]
|-damage|p2a: Flamin' Hot|78/100|[from] Sandstorm
|-damage|p1a: Clarum Somnium|87/100|[from] Sandstorm
|upkeep
|turn|11
|
|t:|1653859520
|switch|p1a: Fortuna Redux|Salamence, M|100/100
|-ability|p1a: Fortuna Redux|Intimidate|boost
|-unboost|p2a: Flamin' Hot|atk|1
|move|p2a: Flamin' Hot|Flamethrower|p1a: Fortuna Redux
|-resisted|p1a: Fortuna Redux
|-damage|p1a: Fortuna Redux|75/100
|
|-weather|Sandstorm|[upkeep]
|-damage|p1a: Fortuna Redux|69/100|[from] Sandstorm
|-damage|p2a: Flamin' Hot|72/100|[from] Sandstorm
|upkeep
|turn|12
|
|t:|1653859526
|switch|p1a: Paradigm Shift|Excadrill, M|100/100
|move|p2a: Flamin' Hot|Hurricane|p1a: Paradigm Shift|[miss]
|-miss|p2a: Flamin' Hot|p1a: Paradigm Shift
|
|-weather|none
|upkeep
|turn|13
|
|t:|1653859534
|switch|p1a: Infinity Chasers|Keldeo-Resolute|94/100
|move|p2a: Flamin' Hot|Flamethrower|p1a: Infinity Chasers
|-resisted|p1a: Infinity Chasers
|-damage|p1a: Infinity Chasers|71/100
|
|upkeep
|turn|14
|
|t:|1653859543
|switch|p1a: Clarum Somnium|Tangrowth, M|100/100
|switch|p2a: Bruh Moment|Slowking, M|100/100 tox
|
|-damage|p2a: Bruh Moment|94/100 tox|[from] psn
|upkeep
|turn|15
|
|t:|1653859548
|move|p1a: Clarum Somnium|Knock Off|p2a: Bruh Moment
|-supereffective|p2a: Bruh Moment
|-enditem|p2a: Bruh Moment|Colbur Berry|[eat]
|-enditem|p2a: Bruh Moment|Colbur Berry|[weaken]
|-damage|p2a: Bruh Moment|80/100 tox
|move|p2a: Bruh Moment|Teleport|p2a: Bruh Moment
|
|t:|1653859553
|switch|p2a: Flamin' Hot|Moltres|72/100|[from]move: Teleport
|
|upkeep
|turn|16
|
|t:|1653859556
|switch|p1a: Fortuna Redux|Salamence, M|69/100
|-ability|p1a: Fortuna Redux|Intimidate|boost
|-unboost|p2a: Flamin' Hot|atk|1
|move|p2a: Flamin' Hot|Hurricane|p1a: Fortuna Redux
|-damage|p1a: Fortuna Redux|2/100
|
|upkeep
|turn|17
|c|☆Gifwater|66
|c|☆Gifwater|dang brother
|
|t:|1653859574
|move|p1a: Fortuna Redux|Draco Meteor|p2a: Flamin' Hot
|-damage|p2a: Flamin' Hot|2/100
|-unboost|p1a: Fortuna Redux|spa|2
|move|p2a: Flamin' Hot|U-turn|p1a: Fortuna Redux
|-resisted|p1a: Fortuna Redux
|-damage|p1a: Fortuna Redux|0 fnt
|faint|p1a: Fortuna Redux
|c|☆Appleking123|owie
|
|t:|1653859585
|switch|p2a: Snippit|Scizor, M|100/100|[from]move: U-turn
|
|upkeep
|
|t:|1653859589
|switch|p1a: Infinity Chasers|Keldeo-Resolute|71/100
|turn|18
|
|t:|1653859598
|switch|p2a: Bruh Moment|Slowking, M|100/100 tox
|move|p1a: Infinity Chasers|Scald|p2a: Bruh Moment
|-resisted|p2a: Bruh Moment
|-damage|p2a: Bruh Moment|77/100 tox
|
|-damage|p2a: Bruh Moment|71/100 tox|[from] psn
|upkeep
|turn|19
|
|t:|1653859622
|move|p1a: Infinity Chasers|Scald|p2a: Bruh Moment
|-resisted|p2a: Bruh Moment
|-damage|p2a: Bruh Moment|46/100 tox
|move|p2a: Bruh Moment|Teleport|p2a: Bruh Moment
|
|t:|1653859626
|switch|p2a: Monke|Zarude|100/100|[from]move: Teleport
|
|upkeep
|turn|20
|
|t:|1653859630
|switch|p1a: Clarum Somnium|Tangrowth, M|100/100
|move|p2a: Monke|U-turn|p1a: Clarum Somnium
|-supereffective|p1a: Clarum Somnium
|-damage|p1a: Clarum Somnium|74/100
|
|t:|1653859632
|switch|p2a: Flamin' Hot|Moltres|2/100|[from]move: U-turn
|
|upkeep
|turn|21
|
|t:|1653859661
|switch|p2a: HONSE|Keldeo-Resolute|88/100
|move|p1a: Clarum Somnium|Knock Off|p2a: HONSE
|-resisted|p2a: HONSE
|-damage|p2a: HONSE|75/100
|-ability|p2a: HONSE|Justified|boost
|-boost|p2a: HONSE|atk|1
|-enditem|p2a: HONSE|Choice Specs|[from] move: Knock Off|[of] p1a: Clarum Somnium
|
|upkeep
|turn|22
|c|☆Gifwater|yolo
|
|t:|1653859669
|move|p2a: HONSE|Flip Turn|p1a: Clarum Somnium
|-resisted|p1a: Clarum Somnium
|-damage|p1a: Clarum Somnium|67/100
|
|t:|1653859673
|switch|p2a: Egg|Chansey, F|81/100|[from]move: Flip Turn
|move|p1a: Clarum Somnium|Power Whip|p2a: Egg
|-damage|p2a: Egg|39/100
|
|upkeep
|turn|23
|
|t:|1653859686
|switch|p2a: Snippit|Scizor, M|100/100
|switch|p1a: Monolithia|Hippowdon, M|43/100
|-weather|Sandstorm|[from] ability: Sand Stream|[of] p1a: Monolithia
|
|-weather|Sandstorm|[upkeep]
|upkeep
|turn|24
|
|t:|1653859693
|move|p2a: Snippit|Swords Dance|p2a: Snippit
|-boost|p2a: Snippit|atk|2
|move|p1a: Monolithia|Slack Off|p1a: Monolithia
|-heal|p1a: Monolithia|93/100
|
|-weather|Sandstorm|[upkeep]
|upkeep
|turn|25
|
|t:|1653859701
|switch|p1a: Infinity Chasers|Keldeo-Resolute|71/100
|move|p2a: Snippit|Swords Dance|p2a: Snippit
|-boost|p2a: Snippit|atk|2
|
|-weather|Sandstorm|[upkeep]
|-damage|p1a: Infinity Chasers|65/100|[from] Sandstorm
|upkeep
|turn|26
|
|t:|1653859707
|move|p2a: Snippit|Bullet Punch|p1a: Infinity Chasers
|-resisted|p1a: Infinity Chasers
|-damage|p1a: Infinity Chasers|12/100
|move|p1a: Infinity Chasers|Scald|p2a: Snippit
|-damage|p2a: Snippit|38/100
|
|-weather|Sandstorm|[upkeep]
|-damage|p1a: Infinity Chasers|6/100|[from] Sandstorm
|upkeep
|turn|27
|c|☆Appleking123|yolo
|
|t:|1653859714
|switch|p1a: Monolithia|Hippowdon, M|93/100
|move|p2a: Snippit|Bullet Punch|p1a: Monolithia
|-damage|p1a: Monolithia|36/100
|-damage|p2a: Snippit|21/100|[from] item: Rocky Helmet|[of] p1a: Monolithia
|
|-weather|none
|upkeep
|turn|28
|
|t:|1653859720
|move|p2a: Snippit|Knock Off|p1a: Monolithia
|-damage|p1a: Monolithia|0 fnt
|-damage|p2a: Snippit|4/100|[from] item: Rocky Helmet|[of] p1a: Monolithia
|-enditem|p1a: Monolithia|Rocky Helmet|[from] move: Knock Off|[of] p2a: Snippit
|faint|p1a: Monolithia
|
|upkeep
|
|t:|1653859726
|switch|p1a: Paradigm Shift|Excadrill, M|100/100
|turn|29
|
|t:|1653859730
|move|p2a: Snippit|Bullet Punch|p1a: Paradigm Shift
|-resisted|p1a: Paradigm Shift
|-damage|p1a: Paradigm Shift|34/100
|move|p1a: Paradigm Shift|Rapid Spin|p2a: Snippit
|-resisted|p2a: Snippit
|-damage|p2a: Snippit|0 fnt
|-boost|p1a: Paradigm Shift|spe|1
|faint|p2a: Snippit
|
|-heal|p1a: Paradigm Shift|40/100|[from] item: Leftovers
|upkeep
|
|t:|1653859734
|switch|p2a: Monke|Zarude|100/100
|turn|30
|c|☆Gifwater|flinch for game
|
|t:|1653859749
|move|p1a: Paradigm Shift|Iron Head|p2a: Monke
|-damage|p2a: Monke|59/100
|move|p2a: Monke|Power Whip|p1a: Paradigm Shift
|-damage|p1a: Paradigm Shift|0 fnt
|faint|p1a: Paradigm Shift
|
|upkeep
|c|☆Appleking123|no
|
|t:|1653859766
|switch|p1a: Infinity Chasers|Keldeo-Resolute|6/100
|turn|31
|
|t:|1653859779
|switch|p2a: Bruh Moment|Slowking, M|80/100 tox
|move|p1a: Infinity Chasers|Secret Sword|p2a: Bruh Moment
|-resisted|p2a: Bruh Moment
|-damage|p2a: Bruh Moment|55/100 tox
|
|-damage|p2a: Bruh Moment|49/100 tox|[from] psn
|upkeep
|turn|32
|
|t:|1653859782
|switch|p1a: Clarum Somnium|Tangrowth, M|99/100
|move|p2a: Bruh Moment|Teleport|p2a: Bruh Moment
|
|t:|1653859785
|switch|p2a: Flamin' Hot|Moltres|2/100|[from]move: Teleport
|
|upkeep
|turn|33
|
|t:|1653859800
|move|p2a: Flamin' Hot|Hurricane|p1a: Clarum Somnium
|-supereffective|p1a: Clarum Somnium
|-damage|p1a: Clarum Somnium|28/100
|move|p1a: Clarum Somnium|Knock Off|p2a: Flamin' Hot
|-damage|p2a: Flamin' Hot|0 fnt
|-enditem|p2a: Flamin' Hot|Heavy-Duty Boots|[from] move: Knock Off|[of] p1a: Clarum Somnium
|faint|p2a: Flamin' Hot
|
|upkeep
|
|t:|1653859805
|switch|p2a: Monke|Zarude|59/100
|turn|34
|
|t:|1653859823
|switch|p1a: Infinity Chasers|Keldeo-Resolute|6/100
|move|p2a: Monke|U-turn|p1a: Infinity Chasers
|-resisted|p1a: Infinity Chasers
|-damage|p1a: Infinity Chasers|0 fnt
|faint|p1a: Infinity Chasers
|
|t:|1653859835
|switch|p2a: HONSE|Keldeo-Resolute|75/100|[from]move: U-turn
|
|upkeep
|
|t:|1653859838
|switch|p1a: Clarum Somnium|Tangrowth, M|61/100
|turn|35
|
|t:|1653859844
|move|p2a: HONSE|Icy Wind|p1a: Clarum Somnium
|-supereffective|p1a: Clarum Somnium
|-damage|p1a: Clarum Somnium|35/100
|-unboost|p1a: Clarum Somnium|spe|1
|move|p1a: Clarum Somnium|Power Whip|p2a: HONSE
|-supereffective|p2a: HONSE
|-damage|p2a: HONSE|0 fnt
|faint|p2a: HONSE
|
|upkeep
|
|t:|1653859848
|switch|p2a: Monke|Zarude|59/100
|turn|36
|
|t:|1653859851
|move|p2a: Monke|U-turn|p1a: Clarum Somnium
|-supereffective|p1a: Clarum Somnium
|-damage|p1a: Clarum Somnium|6/100
|
|t:|1653859853
|switch|p2a: Egg|Chansey, F|39/100|[from]move: U-turn
|move|p1a: Clarum Somnium|Sludge Bomb|p2a: Egg
|-damage|p2a: Egg|27/100
|
|upkeep
|turn|37
|c|☆Appleking123|gg
|
|t:|1653859857
|move|p2a: Egg|Seismic Toss|p1a: Clarum Somnium
|-damage|p1a: Clarum Somnium|0 fnt
|faint|p1a: Clarum Somnium
|
|win|Appleking123
|c|☆Gifwater|gg
