|j|☆CHO KING 3
|j|☆DDD951
|t:|1656115274
|gametype|singles
|player|p1|CHO KING 3|giovanni|1306
|player|p2|DDD951|101|1515
|teamsize|p1|6
|teamsize|p2|6
|gen|8
|tier|[Gen 8] UU
|rated|
|rule|Sleep Clause Mod: Limit one foe put to sleep
|rule|Species Clause: Limit one of each Pokémon
|rule|OHKO Clause: OHKO moves are banned
|rule|Evasion Moves Clause: Evasion moves are banned
|rule|Endless Battle Clause: Forcing endless battles is banned
|rule|HP Percentage Mod: HP is shown in percentages
|rule|Dynamax Clause: You cannot dynamax
|clearpoke
|poke|p1|Haxorus, M|
|poke|p1|Xatu, F|
|poke|p1|Darmanitan, M|
|poke|p1|Regice|
|poke|p1|Xurkitree|
|poke|p1|Azumarill, F|
|poke|p2|Scizor, M|
|poke|p2|Gyarados, F|
|poke|p2|Starmie|
|poke|p2|Nihilego|
|poke|p2|Tangrowth, M|
|poke|p2|Darmanitan, F|
|teampreview
|
|t:|1656115281
|start
|switch|p1a: Azumarill|Azumarill, F|100/100
|switch|p2a: Darmanitan|Darmanitan, F|100/100
|turn|1
|
|t:|1656115289
|move|p2a: Darmanitan|U-turn|p1a: Azumarill
|-resisted|p1a: Azumarill
|-damage|p1a: Azumarill|88/100
|
|t:|1656115292
|switch|p2a: Tangrowth|Tangrowth, M|100/100|[from]move: U-turn
|move|p1a: Azumarill|Knock Off|p2a: Tangrowth
|-damage|p2a: Tangrowth|70/100
|-enditem|p2a: Tangrowth|Assault Vest|[from] move: Knock Off|[of] p1a: Azumarill
|
|-heal|p1a: Azumarill|95/100|[from] item: Leftovers
|upkeep
|turn|2
|
|t:|1656115300
|switch|p1a: Regice|Regice|100/100
|move|p2a: Tangrowth|Knock Off|p1a: Regice
|-damage|p1a: Regice|79/100
|-enditem|p1a: Regice|Assault Vest|[from] move: Knock Off|[of] p2a: Tangrowth
|
|upkeep
|turn|3
|
|t:|1656115310
|switch|p2a: Nihilego|Nihilego|100/100
|move|p1a: Regice|Ice Beam|p2a: Nihilego
|-damage|p2a: Nihilego|70/100
|
|-heal|p2a: Nihilego|76/100|[from] item: Black Sludge
|upkeep
|turn|4
|
|t:|1656115322
|move|p2a: Nihilego|Power Gem|p1a: Regice
|-supereffective|p1a: Regice
|-damage|p1a: Regice|36/100
|move|p1a: Regice|Flash Cannon|p2a: Nihilego
|-supereffective|p2a: Nihilego
|-damage|p2a: Nihilego|40/100
|
|-heal|p2a: Nihilego|46/100|[from] item: Black Sludge
|upkeep
|turn|5
|
|t:|1656115330
|switch|p1a: Azumarill|Azumarill, F|95/100
|move|p2a: Nihilego|Power Gem|p1a: Azumarill
|-damage|p1a: Azumarill|52/100
|
|-heal|p2a: Nihilego|52/100|[from] item: Black Sludge
|-heal|p1a: Azumarill|58/100|[from] item: Leftovers
|upkeep
|turn|6
|
|t:|1656115338
|switch|p2a: Tangrowth|Tangrowth, M|100/100
|move|p1a: Azumarill|Aqua Jet|p2a: Tangrowth
|-resisted|p2a: Tangrowth
|-damage|p2a: Tangrowth|92/100
|
|-heal|p1a: Azumarill|64/100|[from] item: Leftovers
|upkeep
|turn|7
|
|t:|1656115349
|switch|p1a: Regice|Regice|36/100
|move|p2a: Tangrowth|Sludge Bomb|p1a: Regice
|-damage|p1a: Regice|25/100
|
|upkeep
|turn|8
|
|t:|1656115358
|switch|p2a: Starmie|Starmie|100/100
|move|p1a: Regice|Ice Beam|p2a: Starmie
|-resisted|p2a: Starmie
|-damage|p2a: Starmie|69/100
|
|upkeep
|turn|9
|
|t:|1656115364
|move|p2a: Starmie|Hydro Pump|p1a: Regice
|-damage|p1a: Regice|0 fnt
|faint|p1a: Regice
|-damage|p2a: Starmie|59/100|[from] item: Life Orb
|
|upkeep
|
|t:|1656115377
|switch|p1a: Darmanitan|Darmanitan, M|100/100
|turn|10
|
|t:|1656115381
|switch|p2a: Scizor|Scizor, M|100/100
|move|p1a: Darmanitan|U-turn|p2a: Scizor
|-resisted|p2a: Scizor
|-damage|p2a: Scizor|91/100
|
|t:|1656115388
|switch|p1a: Haxorus|Haxorus, M|100/100|[from]move: U-turn
|-ability|p1a: Haxorus|Mold Breaker
|
|-heal|p2a: Scizor|97/100|[from] item: Leftovers
|upkeep
|turn|11
|
|t:|1656115397
|move|p1a: Haxorus|Dragon Dance|p1a: Haxorus
|-boost|p1a: Haxorus|atk|1
|-boost|p1a: Haxorus|spe|1
|move|p2a: Scizor|Swords Dance|p2a: Scizor
|-boost|p2a: Scizor|atk|2
|
|-heal|p2a: Scizor|100/100|[from] item: Leftovers
|upkeep
|turn|12
|
|t:|1656115404
|move|p1a: Haxorus|Earthquake|p2a: Scizor
|-damage|p2a: Scizor|42/100
|-damage|p1a: Haxorus|91/100|[from] item: Life Orb
|move|p2a: Scizor|U-turn|p1a: Haxorus
|-damage|p1a: Haxorus|19/100
|
|t:|1656115413
|switch|p2a: Gyarados|Gyarados, F|100/100|[from]move: U-turn
|-ability|p2a: Gyarados|Intimidate|boost
|-unboost|p1a: Haxorus|atk|1
|
|upkeep
|turn|13
|
|t:|1656115422
|switch|p2a: Tangrowth|Tangrowth, M|100/100
|move|p1a: Haxorus|Outrage|p2a: Tangrowth
|-damage|p2a: Tangrowth|35/100
|-damage|p1a: Haxorus|9/100|[from] item: Life Orb
|
|upkeep
|turn|14
|
|t:|1656115430
|switch|p2a: Scizor|Scizor, M|42/100
|move|p1a: Haxorus|Outrage|p2a: Scizor|[from]lockedmove
|-resisted|p2a: Scizor
|-damage|p2a: Scizor|6/100
|-damage|p1a: Haxorus|0 fnt|[from] item: Life Orb
|faint|p1a: Haxorus
|
|-heal|p2a: Scizor|12/100|[from] item: Leftovers
|upkeep
|
|t:|1656115440
|switch|p1a: Xurkitree|Xurkitree|100/100
|turn|15
|
|t:|1656115447
|switch|p2a: Tangrowth|Tangrowth, M|69/100
|move|p1a: Xurkitree|Volt Switch|p2a: Tangrowth
|-resisted|p2a: Tangrowth
|-damage|p2a: Tangrowth|42/100
|-damage|p1a: Xurkitree|91/100|[from] item: Life Orb
|
|t:|1656115454
|switch|p1a: Darmanitan|Darmanitan, M|100/100|[from]move: Volt Switch
|
|upkeep
|turn|16
|
|t:|1656115469
|switch|p2a: Scizor|Scizor, M|12/100
|move|p1a: Darmanitan|U-turn|p2a: Scizor
|-resisted|p2a: Scizor
|-damage|p2a: Scizor|2/100
|
|t:|1656115474
|switch|p1a: Xatu|Xatu, F|100/100|[from]move: U-turn
|
|-heal|p2a: Scizor|8/100|[from] item: Leftovers
|upkeep
|turn|17
|
|t:|1656115479
|move|p2a: Scizor|Bullet Punch|p1a: Xatu
|-damage|p1a: Xatu|76/100
|-damage|p2a: Scizor|0 fnt|[from] item: Rocky Helmet|[of] p1a: Xatu
|faint|p2a: Scizor
|move|p1a: Xatu|Night Shade|p2: Scizor|[notarget]
|-fail|p1a: Xatu
|
|upkeep
|
|t:|1656115486
|switch|p2a: Nihilego|Nihilego|52/100
|turn|18
|
|t:|1656115492
|switch|p1a: Azumarill|Azumarill, F|64/100
|move|p2a: Nihilego|Power Gem|p1a: Azumarill
|-damage|p1a: Azumarill|21/100
|
|-heal|p2a: Nihilego|59/100|[from] item: Black Sludge
|-heal|p1a: Azumarill|27/100|[from] item: Leftovers
|upkeep
|turn|19
|
|t:|1656115502
|switch|p2a: Tangrowth|Tangrowth, M|75/100
|move|p1a: Azumarill|Aqua Jet|p2a: Tangrowth
|-resisted|p2a: Tangrowth
|-damage|p2a: Tangrowth|66/100
|
|-heal|p1a: Azumarill|33/100|[from] item: Leftovers
|upkeep
|turn|20
|
|t:|1656115510
|switch|p1a: Xatu|Xatu, F|76/100
|move|p2a: Tangrowth|Knock Off|p1a: Xatu
|-supereffective|p1a: Xatu
|-damage|p1a: Xatu|36/100
|-damage|p2a: Tangrowth|49/100|[from] item: Rocky Helmet|[of] p1a: Xatu
|-enditem|p1a: Xatu|Rocky Helmet|[from] move: Knock Off|[of] p2a: Tangrowth
|
|upkeep
|turn|21
|
|t:|1656115520
|move|p1a: Xatu|Night Shade|p2a: Tangrowth
|-damage|p2a: Tangrowth|24/100
|move|p2a: Tangrowth|Sludge Bomb|p1a: Xatu
|-damage|p1a: Xatu|5/100
|
|upkeep
|turn|22
|
|t:|1656115526
|switch|p2a: Nihilego|Nihilego|59/100
|move|p1a: Xatu|Night Shade|p2a: Nihilego
|-damage|p2a: Nihilego|31/100
|
|-heal|p2a: Nihilego|37/100|[from] item: Black Sludge
|upkeep
|turn|23
|
|t:|1656115533
|move|p2a: Nihilego|Power Gem|p1a: Xatu
|-supereffective|p1a: Xatu
|-damage|p1a: Xatu|0 fnt
|faint|p1a: Xatu
|-ability|p2a: Nihilego|Beast Boost|boost
|-boost|p2a: Nihilego|spa|1
|
|-heal|p2a: Nihilego|43/100|[from] item: Black Sludge
|upkeep
|
|t:|1656115542
|switch|p1a: Darmanitan|Darmanitan, M|100/100
|turn|24
|
|t:|1656115547
|switch|p2a: Darmanitan|Darmanitan, F|100/100
|move|p1a: Darmanitan|Earthquake|p2a: Darmanitan
|-supereffective|p2a: Darmanitan
|-damage|p2a: Darmanitan|0 fnt
|faint|p2a: Darmanitan
|
|upkeep
|
|t:|1656115556
|switch|p2a: Tangrowth|Tangrowth, M|57/100
|turn|25
|
|t:|1656115561
|switch|p1a: Xurkitree|Xurkitree|91/100
|move|p2a: Tangrowth|Knock Off|p1a: Xurkitree
|-damage|p1a: Xurkitree|58/100
|-enditem|p1a: Xurkitree|Life Orb|[from] move: Knock Off|[of] p2a: Tangrowth
|
|upkeep
|turn|26
|
|t:|1656115568
|move|p1a: Xurkitree|Dazzling Gleam|p2a: Tangrowth
|-damage|p2a: Tangrowth|28/100
|move|p2a: Tangrowth|Earthquake|p1a: Xurkitree
|-supereffective|p1a: Xurkitree
|-damage|p1a: Xurkitree|0 fnt
|faint|p1a: Xurkitree
|
|upkeep
|
|t:|1656115577
|switch|p1a: Darmanitan|Darmanitan, M|100/100
|turn|27
|
|t:|1656115580
|switch|p2a: Nihilego|Nihilego|43/100
|move|p1a: Darmanitan|Flare Blitz|p2a: Nihilego
|-resisted|p2a: Nihilego
|-damage|p2a: Nihilego|0 fnt
|faint|p2a: Nihilego
|-damage|p1a: Darmanitan|86/100|[from] Recoil
|
|upkeep
|
|t:|1656115588
|switch|p2a: Gyarados|Gyarados, F|100/100
|-ability|p2a: Gyarados|Intimidate|boost
|-unboost|p1a: Darmanitan|atk|1
|turn|28
|
|t:|1656115594
|move|p1a: Darmanitan|Flare Blitz|p2a: Gyarados
|-resisted|p2a: Gyarados
|-damage|p2a: Gyarados|71/100
|-damage|p1a: Darmanitan|75/100|[from] Recoil
|move|p2a: Gyarados|Dragon Dance|p2a: Gyarados
|-boost|p2a: Gyarados|atk|1
|-boost|p2a: Gyarados|spe|1
|
|-heal|p2a: Gyarados|78/100|[from] item: Leftovers
|upkeep
|turn|29
|
|t:|1656115602
|switch|p1a: Azumarill|Azumarill, F|33/100
|move|p2a: Gyarados|Dragon Dance|p2a: Gyarados
|-boost|p2a: Gyarados|atk|1
|-boost|p2a: Gyarados|spe|1
|
|-heal|p2a: Gyarados|84/100|[from] item: Leftovers
|-heal|p1a: Azumarill|40/100|[from] item: Leftovers
|upkeep
|turn|30
|
|t:|1656115616
|move|p2a: Gyarados|Waterfall|p1a: Azumarill
|-resisted|p1a: Azumarill
|-damage|p1a: Azumarill|3/100
|move|p1a: Azumarill|Play Rough|p2a: Gyarados
|-damage|p2a: Gyarados|19/100
|
|-heal|p2a: Gyarados|25/100|[from] item: Leftovers
|-heal|p1a: Azumarill|9/100|[from] item: Leftovers
|upkeep
|turn|31
|
|t:|1656115624
|move|p1a: Azumarill|Aqua Jet|p2a: Gyarados
|-resisted|p2a: Gyarados
|-damage|p2a: Gyarados|12/100
|move|p2a: Gyarados|Waterfall|p1a: Azumarill
|-resisted|p1a: Azumarill
|-damage|p1a: Azumarill|0 fnt
|faint|p1a: Azumarill
|
|-heal|p2a: Gyarados|18/100|[from] item: Leftovers
|upkeep
|
|t:|1656115632
|switch|p1a: Darmanitan|Darmanitan, M|75/100
|turn|32
|
|t:|1656115635
|move|p2a: Gyarados|Waterfall|p1a: Darmanitan
|-supereffective|p1a: Darmanitan
|-damage|p1a: Darmanitan|0 fnt
|faint|p1a: Darmanitan
|
|win|DDD951
|raw|CHO KING 3's rating: 1306 &rarr; <strong>1297</strong><br />(-9 for losing)
|raw|DDD951's rating: 1515 &rarr; <strong>1524</strong><br />(+9 for winning)
|l|☆CHO KING 3
||Ladder isn't responding, score probably updated but might not have (Request timeout).
