|html|<div class="broadcast-blue"><strong>[Gen 8] UU is currently suspecting Thundurus-T! For information on how to participate check out the <a href="https://www.smogon.com/forums/threads/np-ss-uu-stage-11-boom-clap.3696000/">suspect thread</a>.</strong></div>
|j|☆sevi333
|j|☆joliemome
|t:|1641992935
|gametype|singles
|player|p1|sevi333|170|1375
|player|p2|joliemome|beauty-gen4dp|1426
|teamsize|p1|6
|teamsize|p2|6
|gen|8
|tier|[Gen 8] UU
|rated|
|rule|Sleep Clause Mod: Limit one foe put to sleep
|rule|Species Clause: Limit one of each Pokémon
|rule|OHKO Clause: OHKO moves are banned
|rule|Evasion Moves Clause: Evasion moves are banned
|rule|Endless Battle Clause: Forcing endless battles is banned
|rule|HP Percentage Mod: HP is shown in percentages
|rule|Dynamax Clause: You cannot dynamax
|clearpoke
|poke|p1|Conkeldurr, M|
|poke|p1|Tangrowth, F|
|poke|p1|Nihilego|
|poke|p1|Krookodile, F|
|poke|p1|Tentacruel, M|
|poke|p1|Thundurus-Therian, M|
|poke|p2|Obstagoon, M|
|poke|p2|Nihilego|
|poke|p2|Swampert, M|
|poke|p2|Darmanitan, F|
|poke|p2|Tapu Bulu|
|poke|p2|Skarmory, F|
|teampreview
|
|t:|1641992953
|start
|switch|p1a: Thundurus|Thundurus-Therian, M|100/100
|switch|p2a: Darmanitan|Darmanitan, F|100/100
|turn|1
|inactive|Battle timer is ON: inactive players will automatically lose when time's up. (requested by joliemome)
|
|t:|1641992977
|move|p2a: Darmanitan|Flare Blitz|p1a: Thundurus
|-enditem|p1a: Thundurus|Focus Sash
|-damage|p1a: Thundurus|1/100
|-damage|p2a: Darmanitan|73/100|[from] Recoil
|move|p1a: Thundurus|Thunderbolt|p2a: Darmanitan
|-damage|p2a: Darmanitan|0 fnt
|faint|p2a: Darmanitan
|
|upkeep
|
|t:|1641992987
|switch|p2a: Nihilego|Nihilego|100/100
|turn|2
|
|t:|1641993000
|switch|p1a: Tentacruel|Tentacruel, M|100/100
|move|p2a: Nihilego|Power Gem|p1a: Tentacruel
|-damage|p1a: Tentacruel|72/100
|
|-heal|p1a: Tentacruel|78/100|[from] item: Black Sludge
|upkeep
|turn|3
|
|t:|1641993008
|move|p2a: Nihilego|Meteor Beam||[still]
|-prepare|p2a: Nihilego|Meteor Beam
|-boost|p2a: Nihilego|spa|1
|-enditem|p2a: Nihilego|Power Herb
|-anim|p2a: Nihilego|Meteor Beam|p1a: Tentacruel
|-crit|p1a: Tentacruel
|-damage|p1a: Tentacruel|0 fnt
|faint|p1a: Tentacruel
|-ability|p2a: Nihilego|Beast Boost|boost
|-boost|p2a: Nihilego|spe|1
|
|upkeep
|
|t:|1641993036
|switch|p1a: Krookodile|Krookodile, F|100/100
|-ability|p1a: Krookodile|Intimidate|boost
|-unboost|p2a: Nihilego|atk|1
|turn|4
|
|t:|1641993040
|move|p2a: Nihilego|Grass Knot|p1a: Krookodile
|-supereffective|p1a: Krookodile
|-damage|p1a: Krookodile|0 fnt
|faint|p1a: Krookodile
|-ability|p2a: Nihilego|Beast Boost|boost
|-boost|p2a: Nihilego|spe|1
|
|upkeep
|
|t:|1641993046
|switch|p1a: Nihilego|Nihilego|100/100
|turn|5
|
|t:|1641993052
|move|p2a: Nihilego|Power Gem|p1a: Nihilego
|-damage|p1a: Nihilego|54/100
|move|p1a: Nihilego|Power Gem|p2a: Nihilego
|-damage|p2a: Nihilego|71/100
|
|-heal|p1a: Nihilego|60/100|[from] item: Black Sludge
|upkeep
|turn|6
|
|t:|1641993062
|move|p1a: Nihilego|Protect|p1a: Nihilego
|-singleturn|p1a: Nihilego|Protect
|move|p2a: Nihilego|Power Gem|p1a: Nihilego
|-activate|p1a: Nihilego|move: Protect
|
|-heal|p1a: Nihilego|66/100|[from] item: Black Sludge
|upkeep
|turn|7
|
|t:|1641993069
|move|p2a: Nihilego|Power Gem|p1a: Nihilego
|-damage|p1a: Nihilego|22/100
|move|p1a: Nihilego|Power Gem|p2a: Nihilego
|-damage|p2a: Nihilego|42/100
|
|-heal|p1a: Nihilego|28/100|[from] item: Black Sludge
|upkeep
|turn|8
|
|t:|1641993076
|move|p1a: Nihilego|Protect|p1a: Nihilego
|-singleturn|p1a: Nihilego|Protect
|move|p2a: Nihilego|Power Gem|p1a: Nihilego
|-activate|p1a: Nihilego|move: Protect
|
|-heal|p1a: Nihilego|34/100|[from] item: Black Sludge
|upkeep
|turn|9
|
|t:|1641993083
|move|p2a: Nihilego|Power Gem|p1a: Nihilego
|-damage|p1a: Nihilego|0 fnt
|faint|p1a: Nihilego
|-ability|p2a: Nihilego|Beast Boost|boost
|-boost|p2a: Nihilego|spe|1
|
|upkeep
|
|t:|1641993088
|switch|p1a: Conkeldurr|Conkeldurr, M|100/100
|turn|10
|c|☆sevi333|gg
|
|t:|1641993094
|move|p1a: Conkeldurr|Mach Punch|p2a: Nihilego
|-damage|p2a: Nihilego|4/100
|move|p2a: Nihilego|Sludge Wave|p1a: Conkeldurr
|-damage|p1a: Conkeldurr|2/100
|
|-status|p1a: Conkeldurr|brn|[from] item: Flame Orb
|upkeep
|turn|11
|
|t:|1641993108
|switch|p2a: Tapu Bulu|Tapu Bulu|100/100
|-fieldstart|move: Grassy Terrain|[from] ability: Grassy Surge|[of] p2a: Tapu Bulu
|move|p1a: Conkeldurr|Mach Punch|p2a: Tapu Bulu
|-resisted|p2a: Tapu Bulu
|-damage|p2a: Tapu Bulu|89/100
|-damage|p1a: Conkeldurr|0 fnt|[from] item: Rocky Helmet|[of] p2a: Tapu Bulu
|faint|p1a: Conkeldurr
|
|-heal|p2a: Tapu Bulu|95/100|[from] Grassy Terrain
|upkeep
|
|t:|1641993114
|switch|p1a: Tangrowth|Tangrowth, F|100/100
|turn|12
|
|t:|1641993121
|move|p2a: Tapu Bulu|Toxic|p1a: Tangrowth|[miss]
|-miss|p2a: Tapu Bulu|p1a: Tangrowth
|move|p1a: Tangrowth|Knock Off|p2a: Tapu Bulu
|-resisted|p2a: Tapu Bulu
|-damage|p2a: Tapu Bulu|87/100
|-damage|p1a: Tangrowth|84/100|[from] item: Rocky Helmet|[of] p2a: Tapu Bulu
|-enditem|p2a: Tapu Bulu|Rocky Helmet|[from] move: Knock Off|[of] p1a: Tangrowth
|
|-heal|p2a: Tapu Bulu|93/100|[from] Grassy Terrain
|-heal|p1a: Tangrowth|90/100|[from] Grassy Terrain
|upkeep
|turn|13
|
|t:|1641993131
|move|p2a: Tapu Bulu|Toxic|p1a: Tangrowth
|-status|p1a: Tangrowth|tox
|move|p1a: Tangrowth|Sludge Bomb|p2a: Tapu Bulu
|-supereffective|p2a: Tapu Bulu
|-damage|p2a: Tapu Bulu|0 fnt
|faint|p2a: Tapu Bulu
|
|-heal|p1a: Tangrowth|96/100 tox|[from] Grassy Terrain
|-damage|p1a: Tangrowth|90/100 tox|[from] psn
|upkeep
|
|t:|1641993140
|switch|p2a: Nihilego|Nihilego|4/100
|turn|14
|
|t:|1641993143
|move|p2a: Nihilego|Sludge Wave|p1a: Tangrowth
|-supereffective|p1a: Tangrowth
|-damage|p1a: Tangrowth|0 fnt
|faint|p1a: Tangrowth
|-ability|p2a: Nihilego|Beast Boost|boost
|-boost|p2a: Nihilego|spe|1
|
|-heal|p2a: Nihilego|11/100|[from] Grassy Terrain
|upkeep
|
|t:|1641993150
|switch|p1a: Thundurus|Thundurus-Therian, M|1/100
|turn|15
|c|☆joliemome|gg
|
|t:|1641993160
|move|p2a: Nihilego|Power Gem|p1a: Thundurus
|-supereffective|p1a: Thundurus
|-damage|p1a: Thundurus|0 fnt
|faint|p1a: Thundurus
|
|win|joliemome
|raw|sevi333's rating: 1375 &rarr; <strong>1358</strong><br />(-17 for losing)
|raw|joliemome's rating: 1426 &rarr; <strong>1443</strong><br />(+17 for winning)
|l|☆sevi333
