|j|☆Corporate Donkey
|j|☆heliazzle
|t:|1666631770
|gametype|singles
|player|p1|Corporate Donkey|ingo|1405
|player|p2|heliazzle|wattson|1436
|teamsize|p1|6
|teamsize|p2|6
|gen|8
|tier|[Gen 8] UU
|rated|
|rule|Sleep Clause Mod: Limit one foe put to sleep
|rule|Species Clause: Limit one of each Pokémon
|rule|OHKO Clause: OHKO moves are banned
|rule|Evasion Items Clause: Evasion items are banned
|rule|Evasion Moves Clause: Evasion moves are banned
|rule|Endless Battle Clause: Forcing endless battles is banned
|rule|HP Percentage Mod: HP is shown in percentages
|rule|Dynamax Clause: You cannot dynamax
|clearpoke
|poke|p1|Hippowdon, M|
|poke|p1|Salamence, F|
|poke|p1|Hydreigon, M|
|poke|p1|Scizor, M|
|poke|p1|Slowking, L99, F|
|poke|p1|Tangrowth, M|
|poke|p2|Durant, F|
|poke|p2|Krookodile, M|
|poke|p2|Rotom-Wash|
|poke|p2|Skarmory, M|
|poke|p2|Slowking, F|
|poke|p2|Nihilego|
|teampreview
|inactive|Battle timer is ON: inactive players will automatically lose when time's up. (requested by heliazzle)
|c|☆heliazzle|gl hf :D
|c|☆Corporate Donkey|thanks you too
|
|t:|1666631795
|start
|switch|p1a: Scizor|Scizor, M|100/100
|switch|p2a: Krookodile|Krookodile, M|100/100
|-ability|p2a: Krookodile|Intimidate|boost
|-unboost|p1a: Scizor|atk|1
|turn|1
|
|t:|1666631802
|switch|p2a: Skarmory|Skarmory, M|100/100
|move|p1a: Scizor|U-turn|p2a: Skarmory
|-resisted|p2a: Skarmory
|-damage|p2a: Skarmory|97/100
|-damage|p1a: Scizor|84/100|[from] item: Rocky Helmet|[of] p2a: Skarmory
|
|t:|1666631810
|switch|p1a: Hydreigon|Hydreigon, M|100/100|[from]move: U-turn
|
|upkeep
|turn|2
|
|t:|1666631821
|switch|p2a: Slowking|Slowking, F|100/100
|move|p1a: Hydreigon|U-turn|p2a: Slowking
|-supereffective|p2a: Slowking
|-damage|p2a: Slowking|66/100
|
|t:|1666631826
|switch|p1a: Scizor|Scizor, M|84/100|[from]move: U-turn
|
|upkeep
|turn|3
|
|t:|1666631830
|switch|p2a: Skarmory|Skarmory, M|97/100
|move|p1a: Scizor|Knock Off|p2a: Skarmory
|-damage|p2a: Skarmory|79/100
|-damage|p1a: Scizor|67/100|[from] item: Rocky Helmet|[of] p2a: Skarmory
|-enditem|p2a: Skarmory|Rocky Helmet|[from] move: Knock Off|[of] p1a: Scizor
|
|upkeep
|turn|4
|
|t:|1666631839
|move|p2a: Skarmory|Body Press|p1a: Scizor
|-damage|p1a: Scizor|40/100
|move|p1a: Scizor|U-turn|p2a: Skarmory
|-resisted|p2a: Skarmory
|-damage|p2a: Skarmory|74/100
|
|t:|1666631843
|switch|p1a: Slowking|Slowking, L99, F|100/100|[from]move: U-turn
|
|upkeep
|turn|5
|
|t:|1666631848
|switch|p2a: Rotom|Rotom-Wash|100/100
|move|p1a: Slowking|Scald|p2a: Rotom
|-resisted|p2a: Rotom
|-damage|p2a: Rotom|83/100
|-status|p2a: Rotom|brn
|
|-damage|p2a: Rotom|77/100 brn|[from] brn
|upkeep
|turn|6
|
|t:|1666631857
|move|p2a: Rotom|Volt Switch|p1a: Slowking
|-supereffective|p1a: Slowking
|-damage|p1a: Slowking|46/100
|
|t:|1666631871
|switch|p2a: Nihilego|Nihilego|100/100|[from]move: Volt Switch
|move|p1a: Slowking|Future Sight|p2a: Nihilego
|-start|p1a: Slowking|move: Future Sight
|
|upkeep
|turn|7
|inactive|Corporate Donkey has 120 seconds left.
|
|t:|1666631908
|switch|p1a: Hippowdon|Hippowdon, M|100/100
|-weather|Sandstorm|[from] ability: Sand Stream|[of] p1a: Hippowdon
|move|p2a: Nihilego|Knock Off|p1a: Hippowdon
|-damage|p1a: Hippowdon|92/100
|-enditem|p1a: Hippowdon|Leftovers|[from] move: Knock Off|[of] p2a: Nihilego
|
|-weather|Sandstorm|[upkeep]
|upkeep
|turn|8
|inactive|Corporate Donkey has 120 seconds left.
|
|t:|1666631930
|switch|p2a: Krookodile|Krookodile, M|100/100
|-ability|p2a: Krookodile|Intimidate|boost
|-unboost|p1a: Hippowdon|atk|1
|move|p1a: Hippowdon|Stealth Rock|p2a: Krookodile
|-sidestart|p2: heliazzle|move: Stealth Rock
|
|-weather|Sandstorm|[upkeep]
|-end|p2a: Krookodile|move: Future Sight
|-immune|p2a: Krookodile
|upkeep
|turn|9
|inactive|Corporate Donkey has 120 seconds left.
|
|t:|1666631939
|switch|p1a: Scizor|Scizor, M|40/100
|move|p2a: Krookodile|Stealth Rock|p1a: Scizor
|-sidestart|p1: Corporate Donkey|move: Stealth Rock
|
|-weather|Sandstorm|[upkeep]
|upkeep
|turn|10
|inactive|heliazzle has 120 seconds left.
|
|t:|1666631984
|move|p2a: Krookodile|Earthquake|p1a: Scizor
|-damage|p1a: Scizor|0 fnt
|faint|p1a: Scizor
|
|-weather|Sandstorm|[upkeep]
|upkeep
|
|t:|1666631996
|switch|p1a: Tangrowth|Tangrowth, M|100/100
|-damage|p1a: Tangrowth|88/100|[from] Stealth Rock
|turn|11
|
|t:|1666632001
|move|p2a: Krookodile|Knock Off|p1a: Tangrowth
|-damage|p1a: Tangrowth|58/100
|-enditem|p1a: Tangrowth|Assault Vest|[from] move: Knock Off|[of] p2a: Krookodile
|move|p1a: Tangrowth|Focus Blast|p2a: Krookodile
|-supereffective|p2a: Krookodile
|-damage|p2a: Krookodile|17/100
|
|-weather|none
|-heal|p2a: Krookodile|23/100|[from] item: Leftovers
|upkeep
|turn|12
|
|t:|1666632019
|switch|p2a: Slowking|Slowking, F|99/100
|switch|p1a: Slowking|Slowking, L99, F|79/100
|-damage|p1a: Slowking|67/100|[from] Stealth Rock
|
|upkeep
|turn|13
|
|t:|1666632027
|move|p1a: Slowking|Slack Off|p1a: Slowking
|-heal|p1a: Slowking|100/100
|move|p2a: Slowking|Teleport|p2a: Slowking
|
|t:|1666632033
|switch|p2a: Krookodile|Krookodile, M|23/100|[from]move: Teleport
|-damage|p2a: Krookodile|17/100|[from] Stealth Rock
|-ability|p2a: Krookodile|Intimidate|boost
|-unboost|p1a: Slowking|atk|1
|
|-heal|p2a: Krookodile|23/100|[from] item: Leftovers
|upkeep
|turn|14
|
|t:|1666632044
|switch|p2a: Slowking|Slowking, F|100/100
|move|p1a: Slowking|Scald|p2a: Slowking
|-resisted|p2a: Slowking
|-damage|p2a: Slowking|93/100
|-status|p2a: Slowking|brn
|
|-damage|p2a: Slowking|87/100 brn|[from] brn
|upkeep
|turn|15
|c|☆heliazzle|lol bought krrok in
|c|☆heliazzle|then remembered just before i clikced knock off what item this
|
|t:|1666632071
|move|p2a: Slowking|Future Sight|p1a: Slowking
|-start|p2a: Slowking|move: Future Sight
|move|p1a: Slowking|Future Sight|p2a: Slowking
|-start|p1a: Slowking|move: Future Sight
|
|-damage|p2a: Slowking|81/100 brn|[from] brn
|upkeep
|turn|16
|
|t:|1666632077
|move|p2a: Slowking|Scald|p1a: Slowking
|-resisted|p1a: Slowking
|-damage|p1a: Slowking|90/100
|move|p1a: Slowking|Teleport|p1a: Slowking
|c|☆Corporate Donkey|lmao
|
|t:|1666632094
|switch|p1a: Hydreigon|Hydreigon, M|100/100|[from]move: Teleport
|-damage|p1a: Hydreigon|88/100|[from] Stealth Rock
|
|-damage|p2a: Slowking|75/100 brn|[from] brn
|upkeep
|turn|17
|
|t:|1666632099
|move|p1a: Hydreigon|Dark Pulse|p2a: Slowking
|-supereffective|p2a: Slowking
|-damage|p2a: Slowking|27/100 brn
|move|p2a: Slowking|Teleport|p2a: Slowking
|
|t:|1666632108
|switch|p2a: Nihilego|Nihilego|100/100|[from]move: Teleport
|-damage|p2a: Nihilego|88/100|[from] Stealth Rock
|
|-end|p2a: Nihilego|move: Future Sight
|-supereffective|p2a: Nihilego
|-damage|p2a: Nihilego|28/100
|-end|p1a: Hydreigon|move: Future Sight
|-immune|p1a: Hydreigon
|upkeep
|turn|18
|c|☆heliazzle|oops
|c|☆heliazzle|fuck sake
|c|☆heliazzle|my memort
|c|☆heliazzle|thought it was next turn
|c|☆heliazzle|fuck me
|
|t:|1666632138
|switch|p2a: Krookodile|Krookodile, M|23/100
|-damage|p2a: Krookodile|17/100|[from] Stealth Rock
|-ability|p2a: Krookodile|Intimidate|boost
|-unboost|p1a: Hydreigon|atk|1
|move|p1a: Hydreigon|Dark Pulse|p2a: Krookodile
|-resisted|p2a: Krookodile
|-damage|p2a: Krookodile|0 fnt
|faint|p2a: Krookodile
|
|upkeep
|inactive|heliazzle has 90 seconds left.
|
|t:|1666632153
|switch|p2a: Rotom|Rotom-Wash|77/100 brn
|-damage|p2a: Rotom|64/100 brn|[from] Stealth Rock
|turn|19
|
|t:|1666632160
|move|p1a: Hydreigon|Dark Pulse|p2a: Rotom
|-damage|p2a: Rotom|10/100 brn
|cant|p2a: Rotom|flinch
|
|-damage|p2a: Rotom|4/100 brn|[from] brn
|upkeep
|turn|20
|c|☆Corporate Donkey|sorry
|
|t:|1666632171
|move|p1a: Hydreigon|Dark Pulse|p2a: Rotom
|-crit|p2a: Rotom
|-damage|p2a: Rotom|0 fnt
|faint|p2a: Rotom
|
|upkeep
|c|☆heliazzle|nah happens dw
|inactive|heliazzle has 90 seconds left.
|c|☆heliazzle|ive thrown this by screwing up nihelgo cant lie
|
|t:|1666632200
|switch|p2a: Skarmory|Skarmory, M|74/100
|-damage|p2a: Skarmory|61/100|[from] Stealth Rock
|turn|21
|
|t:|1666632204
|move|p1a: Hydreigon|Dark Pulse|p2a: Skarmory
|-damage|p2a: Skarmory|3/100
|move|p2a: Skarmory|Body Press|p1a: Hydreigon
|-supereffective|p1a: Hydreigon
|-damage|p1a: Hydreigon|19/100
|
|upkeep
|turn|22
|inactive|heliazzle has 90 seconds left.
|
|t:|1666632216
|move|p1a: Hydreigon|Dark Pulse|p2a: Skarmory
|-damage|p2a: Skarmory|0 fnt
|faint|p2a: Skarmory
|
|upkeep
|
|t:|1666632220
|switch|p2a: Slowking|Slowking, F|60/100 brn
|turn|23
|
|t:|1666632224
|move|p1a: Hydreigon|Dark Pulse|p2a: Slowking
|-supereffective|p2a: Slowking
|-damage|p2a: Slowking|8/100 brn
|move|p2a: Slowking|Scald|p1a: Hydreigon
|-resisted|p1a: Hydreigon
|-damage|p1a: Hydreigon|3/100
|
|-damage|p2a: Slowking|2/100 brn|[from] brn
|upkeep
|turn|24
|c|☆heliazzle|rip
|c|☆Corporate Donkey|is that spdef king?
|c|☆heliazzle|yeah max sp def
|c|☆Corporate Donkey|ah
|inactive|heliazzle has 90 seconds left.
|c|☆heliazzle|its a bit odd ik but is actually pretty he,pful quite often
|
|t:|1666632266
|move|p1a: Hydreigon|Dark Pulse|p2a: Slowking
|-supereffective|p2a: Slowking
|-damage|p2a: Slowking|0 fnt
|faint|p2a: Slowking
|
|upkeep
|
|t:|1666632270
|switch|p2a: Durant|Durant, F|100/100
|-damage|p2a: Durant|88/100|[from] Stealth Rock
|turn|25
|c|☆Corporate Donkey|yeah, spdef slowking isn't bad
|
|t:|1666632279
|move|p1a: Hydreigon|Dark Pulse|p2a: Durant
|-damage|p2a: Durant|0 fnt
|faint|p2a: Durant
|
|upkeep
|inactive|heliazzle has 90 seconds left.
|c|☆heliazzle|good for this team anyway
|
|t:|1666632293
|switch|p2a: Nihilego|Nihilego|28/100
|-damage|p2a: Nihilego|16/100|[from] Stealth Rock
|turn|26
|c|☆Corporate Donkey|yeah
|inactive|heliazzle has 90 seconds left.
|c|☆Corporate Donkey|gg
|c|☆heliazzle|anyway gg wp
|
|t:|1666632303
|move|p1a: Hydreigon|Dark Pulse|p2a: Nihilego
|-crit|p2a: Nihilego
|-damage|p2a: Nihilego|0 fnt
|faint|p2a: Nihilego
|
|win|Corporate Donkey
|raw|Corporate Donkey's rating: 1405 &rarr; <strong>1427</strong><br />(+22 for winning)
|raw|heliazzle's rating: 1436 &rarr; <strong>1414</strong><br />(-22 for losing)
|c|☆Corporate Donkey|thanks, you too
