|j|☆Lilburr
|j|☆big baz
|player|p1|Lilburr|selene|1650
|player|p2|big baz|ltsurge|1550
|teamsize|p1|6
|teamsize|p2|6
|gametype|singles
|gen|8
|tier|[Gen 8] UU
|rated|
|clearpoke
|poke|p1|Togedemaru, F|
|poke|p1|Weezing-Galar, M|
|poke|p1|Milotic, F|
|poke|p1|Noivern, M|
|poke|p1|Celebi|
|poke|p1|Primarina, F|
|poke|p2|Bronzong|
|poke|p2|Rotom-Mow|
|poke|p2|Necrozma|
|poke|p2|Pangoro, F|
|poke|p2|Haxorus, M|
|poke|p2|Claydol|
|rule|Sleep Clause Mod: Limit one foe put to sleep
|rule|Species Clause: Limit one of each Pokémon
|rule|OHKO Clause: OHKO moves are banned
|rule|Evasion Moves Clause: Evasion moves are banned
|rule|Endless Battle Clause: Forcing endless battles is banned
|rule|HP Percentage Mod: HP is shown in percentages
|rule|Dynamax Clause: You cannot dynamax
|teampreview
|inactive|Battle timer is ON: inactive players will automatically lose when time's up. (requested by Lilburr)
|
|start
|switch|p1a: Nightmare|Celebi|100/100
|switch|p2a: Necrozma|Necrozma|100/100
|turn|1
|
|move|p1a: Nightmare|Stealth Rock|p2a: Necrozma
|-sidestart|p2: big baz|move: Stealth Rock
|move|p2a: Necrozma|Dark Pulse|p1a: Nightmare
|-supereffective|p1a: Nightmare
|-damage|p1a: Nightmare|30/100
|
|-heal|p1a: Nightmare|36/100|[from] item: Leftovers
|upkeep
|turn|2
|
|move|p1a: Nightmare|U-turn|p2a: Necrozma
|-supereffective|p2a: Necrozma
|-damage|p2a: Necrozma|76/100
|
|switch|p1a: Eggstatic|Togedemaru, F|100/100|[from]move: U-turn
|move|p2a: Necrozma|Dark Pulse|p1a: Eggstatic
|-damage|p1a: Eggstatic|61/100
|
|-heal|p1a: Eggstatic|67/100|[from] item: Leftovers
|upkeep
|turn|3
|
|switch|p2a: Claydol|Claydol|100/100
|-damage|p2a: Claydol|94/100|[from] Stealth Rock
|move|p1a: Eggstatic|Wish|p1a: Eggstatic
|
|-heal|p1a: Eggstatic|73/100|[from] item: Leftovers
|-heal|p2a: Claydol|100/100|[from] item: Leftovers
|upkeep
|turn|4
|
|move|p1a: Eggstatic|U-turn|p2a: Claydol
|-supereffective|p2a: Claydol
|-damage|p2a: Claydol|78/100
|
|switch|p1a: Orcastra|Primarina, F|100/100|[from]move: U-turn
|move|p2a: Claydol|Rapid Spin|p1a: Orcastra
|-damage|p1a: Orcastra|93/100
|-boost|p2a: Claydol|spe|1
|-sideend|p2: big baz|Stealth Rock|[from] move: Rapid Spin|[of] p2a: Claydol
|
|-heal|p1a: Orcastra|100/100|[from] move: Wish|[wisher] Eggstatic
|-heal|p2a: Claydol|84/100|[from] item: Leftovers
|upkeep
|turn|5
|
|switch|p2a: Rotom|Rotom-Mow|100/100
|move|p1a: Orcastra|Calm Mind|p1a: Orcastra
|-boost|p1a: Orcastra|spa|1
|-boost|p1a: Orcastra|spd|1
|
|upkeep
|turn|6
|
|move|p2a: Rotom|Thunderbolt|p1a: Orcastra
|-supereffective|p1a: Orcastra
|-damage|p1a: Orcastra|53/100
|move|p1a: Orcastra|Moonblast|p2a: Rotom
|-damage|p2a: Rotom|22/100
|-unboost|p2a: Rotom|spa|1
|
|-heal|p1a: Orcastra|59/100|[from] item: Leftovers
|upkeep
|turn|7
|
|move|p2a: Rotom|Thunderbolt|p1a: Orcastra
|-supereffective|p1a: Orcastra
|-damage|p1a: Orcastra|27/100
|move|p1a: Orcastra|Rest|p1a: Orcastra
|-status|p1a: Orcastra|slp|[from] move: Rest
|-heal|p1a: Orcastra|100/100 slp|[silent]
|
|upkeep
|turn|8
|
|switch|p2a: Haxorus|Haxorus, M|100/100
|-ability|p2a: Haxorus|Mold Breaker
|cant|p1a: Orcastra|slp
|move|p1a: Orcastra|Snore|p2a: Haxorus
|-resisted|p2a: Haxorus
|-damage|p2a: Haxorus|76/100
|
|upkeep
|turn|9
|
|switch|p1a: Unholy|Milotic, F|100/100
|move|p2a: Haxorus|Poison Jab|p1a: Unholy
|-damage|p1a: Unholy|69/100
|-status|p1a: Unholy|psn
|-damage|p2a: Haxorus|66/100|[from] item: Life Orb
|
|-heal|p1a: Unholy|75/100 psn|[from] item: Leftovers
|-damage|p1a: Unholy|63/100 psn|[from] psn
|upkeep
|turn|10
|
|move|p2a: Haxorus|Outrage|p1a: Unholy
|-damage|p1a: Unholy|0 fnt
|-damage|p2a: Haxorus|56/100|[from] item: Life Orb
|faint|p1a: Unholy
|
|upkeep
|
|switch|p1a: Purity|Weezing-Galar, M|100/100
|turn|11
|
|move|p2a: Haxorus|Outrage|p1a: Purity|[from]lockedmove
|-immune|p1a: Purity
|-start|p2a: Haxorus|confusion|[fatigue]
|move|p1a: Purity|Strange Steam|p2a: Haxorus
|-supereffective|p2a: Haxorus
|-damage|p2a: Haxorus|0 fnt
|faint|p2a: Haxorus
|
|upkeep
|
|switch|p2a: Necrozma|Necrozma|76/100
|turn|12
|
|switch|p1a: Nightmare|Celebi|36/100
|move|p2a: Necrozma|Photon Geyser|p1a: Nightmare
|-resisted|p1a: Nightmare
|-damage|p1a: Nightmare|0 fnt
|faint|p1a: Nightmare
|
|upkeep
|
|switch|p1a: Eggstatic|Togedemaru, F|73/100
|turn|13
|
|switch|p2a: Claydol|Claydol|84/100
|move|p1a: Eggstatic|Wish|p1a: Eggstatic
|
|-heal|p1a: Eggstatic|79/100|[from] item: Leftovers
|-heal|p2a: Claydol|91/100|[from] item: Leftovers
|upkeep
|turn|14
|
|move|p1a: Eggstatic|U-turn|p2a: Claydol
|-supereffective|p2a: Claydol
|-damage|p2a: Claydol|66/100
|
|switch|p1a: Orcastra|Primarina, F|100/100 slp|[from]move: U-turn
|move|p2a: Claydol|Stealth Rock|p1a: Orcastra
|-sidestart|p1: Lilburr|move: Stealth Rock
|
|-heal|p2a: Claydol|72/100|[from] item: Leftovers
|upkeep
|turn|15
|
|switch|p2a: Necrozma|Necrozma|76/100
|cant|p1a: Orcastra|slp
|move|p1a: Orcastra|Snore|p2a: Necrozma
|-damage|p2a: Necrozma|52/100
|
|upkeep
|turn|16
|
|switch|p1a: Eggstatic|Togedemaru, F|79/100
|-damage|p1a: Eggstatic|73/100|[from] Stealth Rock
|move|p2a: Necrozma|Photon Geyser|p1a: Eggstatic
|-resisted|p1a: Eggstatic
|-damage|p1a: Eggstatic|34/100
|
|-heal|p1a: Eggstatic|40/100|[from] item: Leftovers
|upkeep
|turn|17
|
|move|p2a: Necrozma|Photon Geyser|p1a: Eggstatic
|-resisted|p1a: Eggstatic
|-damage|p1a: Eggstatic|0 fnt
|faint|p1a: Eggstatic
|
|upkeep
|
|switch|p1a: Echo|Noivern, M|100/100
|turn|18
|
|switch|p2a: Bronzong|Bronzong|100/100
|move|p1a: Echo|Hurricane|p2a: Bronzong
|-resisted|p2a: Bronzong
|-damage|p2a: Bronzong|89/100
|
|-heal|p2a: Bronzong|95/100|[from] item: Leftovers
|upkeep
|turn|19
|
|switch|p1a: Orcastra|Primarina, F|100/100 slp
|-damage|p1a: Orcastra|88/100 slp|[from] Stealth Rock
|move|p2a: Bronzong|Gyro Ball|p1a: Orcastra
|-damage|p1a: Orcastra|73/100 slp
|
|-heal|p1a: Orcastra|79/100 slp|[from] item: Leftovers
|-heal|p2a: Bronzong|100/100|[from] item: Leftovers
|upkeep
|turn|20
|j| Luna Rox
|
|switch|p2a: Rotom|Rotom-Mow|22/100
|-curestatus|p1a: Orcastra|slp|[msg]
|move|p1a: Orcastra|Calm Mind|p1a: Orcastra
|-boost|p1a: Orcastra|spa|1
|-boost|p1a: Orcastra|spd|1
|
|-heal|p1a: Orcastra|85/100|[from] item: Leftovers
|upkeep
|turn|21
|
|move|p2a: Rotom|Volt Switch|p1a: Orcastra
|-supereffective|p1a: Orcastra
|-damage|p1a: Orcastra|50/100
|
|switch|p2a: Claydol|Claydol|72/100|[from]move: Volt Switch
|move|p1a: Orcastra|Calm Mind|p1a: Orcastra
|-boost|p1a: Orcastra|spa|1
|-boost|p1a: Orcastra|spd|1
|
|-heal|p2a: Claydol|78/100|[from] item: Leftovers
|-heal|p1a: Orcastra|56/100|[from] item: Leftovers
|upkeep
|turn|22
|
|switch|p2a: Rotom|Rotom-Mow|22/100
|move|p1a: Orcastra|Rest|p1a: Orcastra
|-status|p1a: Orcastra|slp|[from] move: Rest
|-heal|p1a: Orcastra|100/100 slp|[silent]
|
|upkeep
|turn|23
|
|move|p2a: Rotom|Trick|p1a: Orcastra
|-activate|p2a: Rotom|move: Trick|[of] p1a: Orcastra
|-item|p1a: Orcastra|Choice Scarf|[from] move: Trick
|-item|p2a: Rotom|Leftovers|[from] move: Trick
|cant|p1a: Orcastra|slp
|move|p1a: Orcastra|Snore|p2a: Rotom
|-resisted|p2a: Rotom
|-damage|p2a: Rotom|0 fnt
|faint|p2a: Rotom
|
|upkeep
|
|switch|p2a: Bronzong|Bronzong|100/100
|turn|24
|
|move|p2a: Bronzong|Protect|p2a: Bronzong
|-singleturn|p2a: Bronzong|Protect
|cant|p1a: Orcastra|slp
|move|p1a: Orcastra|Snore|p2a: Bronzong
|-activate|p2a: Bronzong|move: Protect
|
|upkeep
|turn|25
|
|switch|p1a: Purity|Weezing-Galar, M|100/100
|-damage|p1a: Purity|88/100|[from] Stealth Rock
|switch|p2a: Claydol|Claydol|78/100
|
|-heal|p1a: Purity|94/100|[from] item: Black Sludge
|-heal|p2a: Claydol|84/100|[from] item: Leftovers
|upkeep
|turn|26
|
|move|p2a: Claydol|Psychic|p1a: Purity
|-supereffective|p1a: Purity
|-damage|p1a: Purity|35/100
|move|p1a: Purity|Toxic Spikes|p2a: Claydol
|-sidestart|p2: big baz|move: Toxic Spikes
|
|-heal|p1a: Purity|41/100|[from] item: Black Sludge
|-heal|p2a: Claydol|91/100|[from] item: Leftovers
|upkeep
|turn|27
|
|move|p1a: Purity|Pain Split|p2a: Claydol
|-sethp|p2a: Claydol|66/100|[from] move: Pain Split|[silent]
|-sethp|p1a: Purity|64/100|[from] move: Pain Split
|move|p2a: Claydol|Psychic|p1a: Purity
|-supereffective|p1a: Purity
|-damage|p1a: Purity|1/100
|
|-heal|p1a: Purity|7/100|[from] item: Black Sludge
|-heal|p2a: Claydol|72/100|[from] item: Leftovers
|upkeep
|turn|28
|
|move|p1a: Purity|Pain Split|p2a: Claydol
|-sethp|p2a: Claydol|40/100|[from] move: Pain Split|[silent]
|-sethp|p1a: Purity|39/100|[from] move: Pain Split
|move|p2a: Claydol|Rapid Spin|p1a: Purity
|-damage|p1a: Purity|33/100
|-boost|p2a: Claydol|spe|1
|-sideend|p2: big baz|Toxic Spikes|[from] move: Rapid Spin|[of] p2a: Claydol
|
|-heal|p2a: Claydol|46/100|[from] item: Leftovers
|-heal|p1a: Purity|39/100|[from] item: Black Sludge
|upkeep
|turn|29
|
|move|p2a: Claydol|Psychic|p1a: Purity
|-supereffective|p1a: Purity
|-damage|p1a: Purity|0 fnt
|faint|p1a: Purity
|
|-heal|p2a: Claydol|52/100|[from] item: Leftovers
|upkeep
|
|switch|p1a: Orcastra|Primarina, F|100/100 slp
|-damage|p1a: Orcastra|88/100 slp|[from] Stealth Rock
|turn|30
|j| tiplou
|
|move|p2a: Claydol|Earthquake|p1a: Orcastra
|-damage|p1a: Orcastra|67/100 slp
|-curestatus|p1a: Orcastra|slp|[msg]
|move|p1a: Orcastra|Moonblast|p2a: Claydol
|-damage|p2a: Claydol|19/100
|-unboost|p2a: Claydol|spa|1
|
|-heal|p2a: Claydol|25/100|[from] item: Leftovers
|upkeep
|turn|31
|
|move|p2a: Claydol|Earthquake|p1a: Orcastra
|-damage|p1a: Orcastra|44/100
|move|p1a: Orcastra|Moonblast|p2a: Claydol
|-damage|p2a: Claydol|0 fnt
|faint|p2a: Claydol
|
|upkeep
|
|switch|p2a: Bronzong|Bronzong|100/100
|turn|32
|
|switch|p1a: Echo|Noivern, M|100/100
|move|p2a: Bronzong|Gyro Ball|p1a: Echo
|-damage|p1a: Echo|53/100
|
|upkeep
|turn|33
|
|move|p1a: Echo|Roost|p1a: Echo
|-heal|p1a: Echo|100/100
|-singleturn|p1a: Echo|move: Roost
|move|p2a: Bronzong|Gyro Ball|p1a: Echo
|-damage|p1a: Echo|51/100
|
|upkeep
|turn|34
|
|move|p1a: Echo|Roost|p1a: Echo
|-heal|p1a: Echo|100/100
|-singleturn|p1a: Echo|move: Roost
|move|p2a: Bronzong|Toxic|p1a: Echo
|-status|p1a: Echo|tox
|
|-damage|p1a: Echo|94/100 tox|[from] psn
|upkeep
|turn|35
|-message|Lilburr forfeited.
|
|win|big baz
|l|☆Lilburr
|raw|Lilburr's rating: 1629 &rarr; <strong>1605</strong><br />(-24 for losing)
|raw|big baz's rating: 1551 &rarr; <strong>1575</strong><br />(+24 for winning)
