|raw|<div class="broadcast-blue"><strong>This battle is required to be public due to a player having a name starting with 'UULT82n'.</div>
|j|☆Kla0Trixx
|j|☆UULT82n btf
|t:|1622296659
|gametype|singles
|player|p1|Kla0Trixx|265|1371
|player|p2|UULT82n btf|hiker-gen4|1436
|teamsize|p1|6
|teamsize|p2|6
|gen|8
|tier|[Gen 8] UU
|rated|
|rule|Sleep Clause Mod: Limit one foe put to sleep
|rule|Species Clause: Limit one of each Pokémon
|rule|OHKO Clause: OHKO moves are banned
|rule|Evasion Moves Clause: Evasion moves are banned
|rule|Endless Battle Clause: Forcing endless battles is banned
|rule|HP Percentage Mod: HP is shown in percentages
|rule|Dynamax Clause: You cannot dynamax
|clearpoke
|poke|p1|Mamoswine, M|
|poke|p1|Rotom-Heat|
|poke|p1|Obstagoon, M|
|poke|p1|Amoonguss, F|
|poke|p1|Jirachi|
|poke|p1|Primarina, F|
|poke|p2|Ribombee, M|
|poke|p2|Mew|
|poke|p2|Lycanroc-Dusk, F|
|poke|p2|Gyarados, M|
|poke|p2|Celesteela|
|poke|p2|Krookodile, M|
|teampreview
|
|t:|1622296678
|start
|switch|p1a: Mamoswine|Mamoswine, M|100/100
|switch|p2a: Ribombee|Ribombee, M|100/100
|turn|1
|
|t:|1622296688
|move|p2a: Ribombee|Sticky Web|p1a: Mamoswine
|-sidestart|p1: Kla0Trixx|move: Sticky Web
|move|p1a: Mamoswine|Icicle Crash|p2a: Ribombee|[miss]
|-miss|p1a: Mamoswine|p2a: Ribombee
|
|upkeep
|turn|2
|
|t:|1622296693
|move|p2a: Ribombee|Moonblast|p1a: Mamoswine
|-damage|p1a: Mamoswine|42/100
|move|p1a: Mamoswine|Icicle Crash|p2a: Ribombee
|-enditem|p2a: Ribombee|Focus Sash
|-damage|p2a: Ribombee|1/100
|
|upkeep
|turn|3
|
|t:|1622296705
|switch|p1a: Rotom|Rotom-Heat|100/100
|move|p2a: Ribombee|Moonblast|p1a: Rotom
|-resisted|p1a: Rotom
|-damage|p1a: Rotom|78/100
|
|upkeep
|turn|4
|
|t:|1622296711
|move|p2a: Ribombee|Moonblast|p1a: Rotom
|-resisted|p1a: Rotom
|-damage|p1a: Rotom|55/100
|move|p1a: Rotom|Defog|p2a: Ribombee
|-unboost|p2a: Ribombee|evasion|1
|-sideend|p1: Kla0Trixx|Sticky Web|[from] move: Defog|[of] p1a: Rotom
|
|upkeep
|turn|5
|
|t:|1622296715
|switch|p1a: Jirachi|Jirachi|100/100
|move|p2a: Ribombee|Sticky Web|p1a: Jirachi
|-sidestart|p1: Kla0Trixx|move: Sticky Web
|
|upkeep
|turn|6
|
|t:|1622296718
|move|p2a: Ribombee|Stun Spore|p1a: Jirachi
|-status|p1a: Jirachi|par
|move|p1a: Jirachi|Stealth Rock|p2a: Ribombee
|-sidestart|p2: UULT82n btf|move: Stealth Rock
|
|upkeep
|turn|7
|
|t:|1622296722
|move|p2a: Ribombee|Moonblast|p1a: Jirachi
|-resisted|p1a: Jirachi
|-damage|p1a: Jirachi|86/100 par
|-unboost|p1a: Jirachi|spa|1
|cant|p1a: Jirachi|par
|
|-heal|p1a: Jirachi|92/100 par|[from] item: Leftovers
|upkeep
|turn|8
|
|t:|1622296726
|switch|p2a: Krookodile|Krookodile, M|100/100
|-damage|p2a: Krookodile|94/100|[from] Stealth Rock
|-ability|p2a: Krookodile|Intimidate|boost
|-unboost|p1a: Jirachi|atk|1
|move|p1a: Jirachi|Protect||[still]
|-fail|p1a: Jirachi
|
|-heal|p1a: Jirachi|99/100 par|[from] item: Leftovers
|upkeep
|turn|9
|
|t:|1622296732
|switch|p1a: Amoonguss|Amoonguss, F|100/100
|-activate|p1a: Amoonguss|move: Sticky Web
|-unboost|p1a: Amoonguss|spe|1
|move|p2a: Krookodile|Stealth Rock|p1a: Amoonguss
|-sidestart|p1: Kla0Trixx|move: Stealth Rock
|
|upkeep
|turn|10
|
|t:|1622296739
|switch|p2a: Ribombee|Ribombee, M|1/100
|-damage|p2a: Ribombee|0 fnt|[from] Stealth Rock
|faint|p2a: Ribombee
|move|p1a: Amoonguss|Giga Drain|p2: Ribombee|[notarget]
|-fail|p1a: Amoonguss
|
|upkeep
|
|t:|1622296743
|switch|p2a: Gyarados|Gyarados, M|100/100
|-damage|p2a: Gyarados|76/100|[from] Stealth Rock
|turn|11
|
|t:|1622296794
|move|p2a: Gyarados|Dragon Dance|p2a: Gyarados
|-boost|p2a: Gyarados|atk|1
|-boost|p2a: Gyarados|spe|1
|move|p1a: Amoonguss|Spore|p2a: Gyarados
|-status|p2a: Gyarados|slp|[from] move: Spore
|
|upkeep
|turn|12
|
|t:|1622296804
|cant|p2a: Gyarados|slp
|move|p1a: Amoonguss|Sludge Bomb|p2a: Gyarados
|-damage|p2a: Gyarados|50/100 slp
|
|upkeep
|turn|13
|
|t:|1622296809
|-curestatus|p2a: Gyarados|slp|[msg]
|move|p2a: Gyarados|Bounce||[still]
|-prepare|p2a: Gyarados|Bounce
|-enditem|p2a: Gyarados|Power Herb
|-anim|p2a: Gyarados|Bounce|p1a: Amoonguss
|-supereffective|p1a: Amoonguss
|-damage|p1a: Amoonguss|0 fnt
|faint|p1a: Amoonguss
|-ability|p2a: Gyarados|Moxie|boost
|-boost|p2a: Gyarados|atk|1
|
|upkeep
|
|t:|1622296831
|switch|p1a: Primarina|Primarina, F|100/100
|-activate|p1a: Primarina|move: Sticky Web
|-unboost|p1a: Primarina|spe|1
|-damage|p1a: Primarina|88/100|[from] Stealth Rock
|turn|14
|
|t:|1622296855
|move|p2a: Gyarados|Power Whip|p1a: Primarina
|-supereffective|p1a: Primarina
|-damage|p1a: Primarina|0 fnt
|faint|p1a: Primarina
|-ability|p2a: Gyarados|Moxie|boost
|-boost|p2a: Gyarados|atk|1
|
|upkeep
|
|t:|1622296865
|switch|p1a: Mamoswine|Mamoswine, M|42/100
|-activate|p1a: Mamoswine|move: Sticky Web
|-unboost|p1a: Mamoswine|spe|1
|-damage|p1a: Mamoswine|30/100|[from] Stealth Rock
|turn|15
|
|t:|1622296868
|move|p1a: Mamoswine|Ice Shard|p2a: Gyarados
|-damage|p2a: Gyarados|5/100
|move|p2a: Gyarados|Bounce||[still]
|-prepare|p2a: Gyarados|Bounce
|
|upkeep
|turn|16
|c|☆UULT82n btf|Missclik
|
|t:|1622296877
|switch|p1a: Jirachi|Jirachi|99/100 par
|-damage|p1a: Jirachi|92/100 par|[from] Stealth Rock
|-activate|p1a: Jirachi|move: Sticky Web
|-unboost|p1a: Jirachi|spe|1
|move|p2a: Gyarados|Bounce|p1a: Jirachi|[from]lockedmove
|-resisted|p1a: Jirachi
|-damage|p1a: Jirachi|41/100 par
|
|-heal|p1a: Jirachi|47/100 par|[from] item: Leftovers
|upkeep
|turn|17
|c|☆UULT82n btf|Fuckkk
|
|t:|1622296881
|move|p2a: Gyarados|Waterfall|p1a: Jirachi
|-damage|p1a: Jirachi|0 fnt
|faint|p1a: Jirachi
|-ability|p2a: Gyarados|Moxie|boost
|-boost|p2a: Gyarados|atk|1
|
|upkeep
|
|t:|1622296884
|switch|p1a: Mamoswine|Mamoswine, M|30/100
|-damage|p1a: Mamoswine|17/100|[from] Stealth Rock
|-activate|p1a: Mamoswine|move: Sticky Web
|-unboost|p1a: Mamoswine|spe|1
|turn|18
|
|t:|1622296887
|move|p1a: Mamoswine|Ice Shard|p2a: Gyarados
|-damage|p2a: Gyarados|0 fnt
|faint|p2a: Gyarados
|
|upkeep
|
|t:|1622296890
|switch|p2a: Mew|Mew|100/100
|-damage|p2a: Mew|88/100|[from] Stealth Rock
|turn|19
|
|t:|1622296897
|move|p1a: Mamoswine|Ice Shard|p2a: Mew
|-damage|p2a: Mew|52/100
|move|p2a: Mew|Swords Dance|p2a: Mew
|-boost|p2a: Mew|atk|2
|
|upkeep
|turn|20
|
|t:|1622296901
|move|p2a: Mew|Sucker Punch|p1a: Mamoswine
|-damage|p1a: Mamoswine|0 fnt
|faint|p1a: Mamoswine
|
|upkeep
|
|t:|1622296905
|switch|p1a: Obstagoon|Obstagoon, M|100/100
|-damage|p1a: Obstagoon|88/100|[from] Stealth Rock
|-activate|p1a: Obstagoon|move: Sticky Web
|-unboost|p1a: Obstagoon|spe|1
|turn|21
|
|t:|1622296908
|move|p2a: Mew|Close Combat|p1a: Obstagoon
|-supereffective|p1a: Obstagoon
|-damage|p1a: Obstagoon|0 fnt
|-unboost|p2a: Mew|def|1
|-unboost|p2a: Mew|spd|1
|faint|p1a: Obstagoon
|
|upkeep
|
|t:|1622296910
|switch|p1a: Rotom|Rotom-Heat|55/100
|turn|22
|
|t:|1622296913
|move|p2a: Mew|Psychic Fangs|p1a: Rotom
|-damage|p1a: Rotom|0 fnt
|faint|p1a: Rotom
|
|win|UULT82n btf
|raw|Kla0Trixx's rating: 1371 &rarr; <strong>1355</strong><br />(-16 for losing)
|raw|UULT82n btf's rating: 1436 &rarr; <strong>1452</strong><br />(+16 for winning)
|l|☆Kla0Trixx
|l|☆UULT82n btf
