|j|☆catmasterballs
|j|☆HaxxLR
|t:|1667258427
|gametype|singles
|player|p1|catmasterballs|shauntal|1305
|player|p2|HaxxLR|grimsley|1532
|teamsize|p1|6
|teamsize|p2|6
|gen|8
|tier|[Gen 8] UU
|rated|
|rule|Sleep Clause Mod: Limit one foe put to sleep
|rule|Species Clause: Limit one of each Pokémon
|rule|OHKO Clause: OHKO moves are banned
|rule|Evasion Items Clause: Evasion items are banned
|rule|Evasion Moves Clause: Evasion moves are banned
|rule|Endless Battle Clause: Forcing endless battles is banned
|rule|HP Percentage Mod: HP is shown in percentages
|rule|Dynamax Clause: You cannot dynamax
|clearpoke
|poke|p1|Umbreon, F|
|poke|p1|Hippowdon, F|
|poke|p1|Chansey, F|
|poke|p1|Jellicent, M|
|poke|p1|Skarmory, F|
|poke|p1|Articuno|
|poke|p2|Hippowdon, F|
|poke|p2|Excadrill, F|
|poke|p2|Skarmory, F|
|poke|p2|Rotom-Wash|
|poke|p2|Nihilego|
|poke|p2|Tangrowth, M|
|teampreview
|c|☆catmasterballs|gl hf
|
|t:|1667258507
|start
|switch|p1a: Umbreon|Umbreon, F, shiny|100/100
|switch|p2a: Tangrowth|Tangrowth, M|100/100
|turn|1
|
|t:|1667258546
|switch|p2a: Nihilego|Nihilego|100/100
|move|p1a: Umbreon|Toxic|p2a: Nihilego
|-immune|p2a: Nihilego
|
|upkeep
|turn|2
|
|t:|1667258588
|move|p2a: Nihilego|Sludge Bomb|p1a: Umbreon
|-damage|p1a: Umbreon|73/100
|-status|p1a: Umbreon|psn
|move|p1a: Umbreon|Wish|p1a: Umbreon
|
|-heal|p1a: Umbreon|79/100 psn|[from] item: Leftovers
|-damage|p1a: Umbreon|66/100 psn|[from] psn
|upkeep
|turn|3
|
|t:|1667258608
|switch|p1a: Hippowdon|Hippowdon, F|100/100
|-weather|Sandstorm|[from] ability: Sand Stream|[of] p1a: Hippowdon
|move|p2a: Nihilego|Sludge Bomb|p1a: Hippowdon
|-resisted|p1a: Hippowdon
|-damage|p1a: Hippowdon|82/100
|-status|p1a: Hippowdon|psn
|
|-weather|Sandstorm|[upkeep]
|-heal|p1a: Hippowdon|100/100 psn|[from] move: Wish|[wisher] Umbreon
|-damage|p1a: Hippowdon|88/100 psn|[from] psn
|upkeep
|turn|4
|
|t:|1667258683
|switch|p2a: Skarmory|Skarmory, F|100/100
|move|p1a: Hippowdon|Stealth Rock|p2a: Skarmory
|-sidestart|p2: HaxxLR|move: Stealth Rock
|
|-weather|Sandstorm|[upkeep]
|-damage|p1a: Hippowdon|76/100 psn|[from] psn
|upkeep
|turn|5
|
|t:|1667258705
|switch|p1a: Jellicent|Jellicent, M, shiny|100/100
|move|p2a: Skarmory|Spikes|p1a: Jellicent
|-sidestart|p1: catmasterballs|Spikes
|
|-weather|Sandstorm|[upkeep]
|-damage|p1a: Jellicent|94/100|[from] Sandstorm
|upkeep
|turn|6
|
|t:|1667258716
|switch|p2a: Rotom|Rotom-Wash|100/100
|-damage|p2a: Rotom|88/100|[from] Stealth Rock
|move|p1a: Jellicent|Will-O-Wisp|p2a: Rotom
|-status|p2a: Rotom|brn
|
|-weather|Sandstorm|[upkeep]
|-damage|p2a: Rotom|82/100 brn|[from] Sandstorm
|-damage|p1a: Jellicent|88/100|[from] Sandstorm
|-heal|p2a: Rotom|88/100 brn|[from] item: Leftovers
|-damage|p2a: Rotom|82/100 brn|[from] brn
|upkeep
|turn|7
|
|t:|1667258729
|switch|p1a: Chansey|Chansey, F|100/100
|-damage|p1a: Chansey|88/100|[from] Spikes
|move|p2a: Rotom|Volt Switch|p1a: Chansey
|-damage|p1a: Chansey|80/100
|
|t:|1667258798
|switch|p2a: Skarmory|Skarmory, F|100/100|[from]move: Volt Switch
|-damage|p2a: Skarmory|88/100|[from] Stealth Rock
|
|-weather|none
|upkeep
|turn|8
|
|t:|1667258806
|switch|p1a: Articuno|Articuno|100/100
|-ability|p1a: Articuno|Pressure
|move|p2a: Skarmory|Spikes|p1a: Articuno
|-sidestart|p1: catmasterballs|Spikes
|
|upkeep
|turn|9
|
|t:|1667258816
|switch|p2a: Nihilego|Nihilego|100/100
|-damage|p2a: Nihilego|88/100|[from] Stealth Rock
|move|p1a: Articuno|Defog|p2a: Nihilego
|-unboost|p2a: Nihilego|evasion|1
|-sideend|p2: HaxxLR|Stealth Rock|[from] move: Defog|[of] p1a: Articuno
|-sideend|p1: catmasterballs|Spikes|[from] move: Defog|[of] p1a: Articuno
|
|-heal|p2a: Nihilego|94/100|[from] item: Black Sludge
|upkeep
|turn|10
|
|t:|1667258853
|switch|p1a: Chansey|Chansey, F|80/100
|move|p2a: Nihilego|Sludge Bomb|p1a: Chansey
|-damage|p1a: Chansey|66/100
|
|-heal|p2a: Nihilego|99/100|[from] item: Black Sludge
|upkeep
|turn|11
|
|t:|1667258878
|switch|p2a: Hippowdon|Hippowdon, F|100/100
|-weather|Sandstorm|[from] ability: Sand Stream|[of] p2a: Hippowdon
|move|p1a: Chansey|Thunder Wave|p2a: Hippowdon
|-immune|p2a: Hippowdon
|
|-weather|Sandstorm|[upkeep]
|-damage|p1a: Chansey|59/100|[from] Sandstorm
|upkeep
|turn|12
|
|t:|1667258901
|move|p1a: Chansey|Toxic|p2a: Hippowdon
|-status|p2a: Hippowdon|tox
|move|p2a: Hippowdon|Stealth Rock|p1a: Chansey
|-sidestart|p1: catmasterballs|move: Stealth Rock
|
|-weather|Sandstorm|[upkeep]
|-damage|p1a: Chansey|53/100|[from] Sandstorm
|-damage|p2a: Hippowdon|94/100 tox|[from] psn
|upkeep
|turn|13
|
|t:|1667258922
|switch|p2a: Skarmory|Skarmory, F|88/100
|move|p1a: Chansey|Soft-Boiled|p1a: Chansey
|-heal|p1a: Chansey|100/100
|
|-weather|Sandstorm|[upkeep]
|-damage|p1a: Chansey|94/100|[from] Sandstorm
|upkeep
|turn|14
|
|t:|1667258950
|switch|p2a: Nihilego|Nihilego|99/100
|switch|p1a: Articuno|Articuno|100/100
|-ability|p1a: Articuno|Pressure
|
|-weather|Sandstorm|[upkeep]
|-damage|p1a: Articuno|94/100|[from] Sandstorm
|-heal|p2a: Nihilego|100/100|[from] item: Black Sludge
|upkeep
|turn|15
|
|t:|1667258983
|switch|p2a: Excadrill|Excadrill, F|100/100
|-item|p2a: Excadrill|Air Balloon
|switch|p1a: Hippowdon|Hippowdon, F|76/100 psn
|-damage|p1a: Hippowdon|70/100 psn|[from] Stealth Rock
|
|-weather|Sandstorm|[upkeep]
|-damage|p1a: Hippowdon|57/100 psn|[from] psn
|upkeep
|turn|16
|
|t:|1667259002
|switch|p2a: Rotom|Rotom-Wash|82/100 brn
|switch|p1a: Skarmory|Skarmory, F|100/100
|-damage|p1a: Skarmory|88/100|[from] Stealth Rock
|
|-weather|Sandstorm|[upkeep]
|-damage|p2a: Rotom|75/100 brn|[from] Sandstorm
|-heal|p2a: Rotom|82/100 brn|[from] item: Leftovers
|-damage|p2a: Rotom|75/100 brn|[from] brn
|upkeep
|turn|17
|
|t:|1667259014
|switch|p1a: Chansey|Chansey, F|94/100
|-damage|p1a: Chansey|82/100|[from] Stealth Rock
|move|p2a: Rotom|Volt Switch|p1a: Chansey
|-damage|p1a: Chansey|75/100
|
|t:|1667259069
|switch|p2a: Excadrill|Excadrill, F|100/100|[from]move: Volt Switch
|-item|p2a: Excadrill|Air Balloon
|
|-weather|Sandstorm|[upkeep]
|-damage|p1a: Chansey|68/100|[from] Sandstorm
|upkeep
|turn|18
|
|t:|1667259084
|switch|p2a: Rotom|Rotom-Wash|75/100 brn
|switch|p1a: Skarmory|Skarmory, F|88/100
|-damage|p1a: Skarmory|76/100|[from] Stealth Rock
|
|-weather|none
|-heal|p2a: Rotom|82/100 brn|[from] item: Leftovers
|-damage|p2a: Rotom|75/100 brn|[from] brn
|upkeep
|turn|19
|
|t:|1667259102
|switch|p1a: Articuno|Articuno|94/100
|-ability|p1a: Articuno|Pressure
|move|p2a: Rotom|Volt Switch|p1a: Articuno
|-supereffective|p1a: Articuno
|-damage|p1a: Articuno|62/100
|
|t:|1667259111
|switch|p2a: Nihilego|Nihilego|100/100|[from]move: Volt Switch
|
|upkeep
|turn|20
|
|t:|1667259154
|switch|p2a: Excadrill|Excadrill, F|100/100
|-item|p2a: Excadrill|Air Balloon
|move|p1a: Articuno|Roost|p1a: Articuno
|-heal|p1a: Articuno|100/100
|-singleturn|p1a: Articuno|move: Roost
|
|upkeep
|turn|21
|inactive|Battle timer is ON: inactive players will automatically lose when time's up. (requested by catmasterballs)
|
|t:|1667259203
|switch|p2a: Rotom|Rotom-Wash|75/100 brn
|switch|p1a: Skarmory|Skarmory, F|76/100
|-damage|p1a: Skarmory|64/100|[from] Stealth Rock
|
|-heal|p2a: Rotom|82/100 brn|[from] item: Leftovers
|-damage|p2a: Rotom|75/100 brn|[from] brn
|upkeep
|turn|22
|
|t:|1667259213
|switch|p1a: Chansey|Chansey, F|68/100
|-damage|p1a: Chansey|56/100|[from] Stealth Rock
|move|p2a: Rotom|Volt Switch|p1a: Chansey
|-damage|p1a: Chansey|49/100
|
|t:|1667259221
|switch|p2a: Excadrill|Excadrill, F|100/100|[from]move: Volt Switch
|-item|p2a: Excadrill|Air Balloon
|
|upkeep
|turn|23
|
|t:|1667259238
|move|p2a: Excadrill|Swords Dance|p2a: Excadrill
|-boost|p2a: Excadrill|atk|2
|move|p1a: Chansey|Soft-Boiled|p1a: Chansey
|-heal|p1a: Chansey|99/100
|
|upkeep
|turn|24
|
|t:|1667259246
|switch|p1a: Skarmory|Skarmory, F|64/100
|-damage|p1a: Skarmory|51/100|[from] Stealth Rock
|move|p2a: Excadrill|Rock Slide|p1a: Skarmory
|-damage|p1a: Skarmory|15/100
|
|upkeep
|turn|25
|
|t:|1667259270
|switch|p1a: Hippowdon|Hippowdon, F|57/100 psn
|-damage|p1a: Hippowdon|51/100 psn|[from] Stealth Rock
|-weather|Sandstorm|[from] ability: Sand Stream|[of] p1a: Hippowdon
|move|p2a: Excadrill|Rock Slide|p1a: Hippowdon
|-resisted|p1a: Hippowdon
|-damage|p1a: Hippowdon|32/100 psn
|
|-weather|Sandstorm|[upkeep]
|-damage|p1a: Hippowdon|19/100 psn|[from] psn
|upkeep
|turn|26
|
|t:|1667259281
|move|p2a: Excadrill|Earthquake|p1a: Hippowdon
|-damage|p1a: Hippowdon|0 fnt
|faint|p1a: Hippowdon
|
|-weather|Sandstorm|[upkeep]
|upkeep
|
|t:|1667259289
|switch|p1a: Jellicent|Jellicent, M, shiny|88/100
|turn|27
|
|t:|1667259294
|move|p2a: Excadrill|Earthquake|p1a: Jellicent
|-damage|p1a: Jellicent|0 fnt
|faint|p1a: Jellicent
|
|-weather|Sandstorm|[upkeep]
|upkeep
|
|t:|1667259300
|switch|p1a: Umbreon|Umbreon, F, shiny|66/100 psn
|-damage|p1a: Umbreon|54/100 psn|[from] Stealth Rock
|turn|28
|
|t:|1667259305
|move|p2a: Excadrill|Earthquake|p1a: Umbreon
|-damage|p1a: Umbreon|0 fnt
|faint|p1a: Umbreon
|
|-weather|Sandstorm|[upkeep]
|upkeep
|c|☆HaxxLR|gg
|
|t:|1667259310
|switch|p1a: Articuno|Articuno|100/100
|-ability|p1a: Articuno|Pressure
|turn|29
|
|t:|1667259315
|move|p2a: Excadrill|Rock Slide|p1a: Articuno
|-supereffective|p1a: Articuno
|-damage|p1a: Articuno|0 fnt
|faint|p1a: Articuno
|
|-weather|none
|upkeep
|
|t:|1667259320
|switch|p1a: Chansey|Chansey, F|99/100
|-damage|p1a: Chansey|87/100|[from] Stealth Rock
|turn|30
|
|t:|1667259323
|move|p2a: Excadrill|Earthquake|p1a: Chansey
|-damage|p1a: Chansey|12/100
|move|p1a: Chansey|Seismic Toss|p2a: Excadrill
|-damage|p2a: Excadrill|73/100
|-enditem|p2a: Excadrill|Air Balloon
|
|upkeep
|turn|31
|
|t:|1667259331
|move|p2a: Excadrill|Earthquake|p1a: Chansey
|-damage|p1a: Chansey|0 fnt
|faint|p1a: Chansey
|
|upkeep
|
|t:|1667259333
|switch|p1a: Skarmory|Skarmory, F|15/100
|-damage|p1a: Skarmory|3/100|[from] Stealth Rock
|turn|32
|
|t:|1667259336
|move|p2a: Excadrill|Rapid Spin|p1a: Skarmory
|-resisted|p1a: Skarmory
|-damage|p1a: Skarmory|0 fnt
|-boost|p2a: Excadrill|spe|1
|-damage|p2a: Excadrill|56/100|[from] item: Rocky Helmet|[of] p1a: Skarmory
|faint|p1a: Skarmory
|
|win|HaxxLR
|raw|catmasterballs's rating: 1305 &rarr; <strong>1296</strong><br />(-9 for losing)
|raw|HaxxLR's rating: 1532 &rarr; <strong>1541</strong><br />(+9 for winning)
|l|☆catmasterballs
||Ladder isn't responding, score probably updated but might not have (Request timeout).
