|j|☆gogole2021
|j|☆tibetan bowlz
|t:|1637535505
|gametype|singles
|player|p1|gogole2021|reporter|1449
|player|p2|tibetan bowlz|102|1533
|teamsize|p1|6
|teamsize|p2|6
|gen|8
|tier|[Gen 8] UU
|rated|
|rule|Sleep Clause Mod: Limit one foe put to sleep
|rule|Species Clause: Limit one of each Pokémon
|rule|OHKO Clause: OHKO moves are banned
|rule|Evasion Moves Clause: Evasion moves are banned
|rule|Endless Battle Clause: Forcing endless battles is banned
|rule|HP Percentage Mod: HP is shown in percentages
|rule|Dynamax Clause: You cannot dynamax
|clearpoke
|poke|p1|Sneasel, F|
|poke|p1|Tapu Bulu|
|poke|p1|Darmanitan, M|
|poke|p1|Jirachi|
|poke|p1|Swampert, F|
|poke|p1|Conkeldurr, F|
|poke|p2|Jirachi|
|poke|p2|Golisopod, F|
|poke|p2|Amoonguss, M|
|poke|p2|Togekiss, M|
|poke|p2|Krookodile, M|
|poke|p2|Rotom-Heat|
|teampreview
|
|t:|1637535522
|start
|switch|p1a: Sneasel|Sneasel, F|100/100
|switch|p2a: Krookodile|Krookodile, M|100/100
|-ability|p2a: Krookodile|Intimidate|boost
|-fail|p1a: Sneasel|unboost|Attack|[from] ability: Inner Focus|[of] p1a: Sneasel
|turn|1
|
|t:|1637535532
|move|p2a: Krookodile|Stone Edge|p1a: Sneasel|[miss]
|-miss|p2a: Krookodile|p1a: Sneasel
|move|p1a: Sneasel|Icicle Crash|p2a: Krookodile
|-supereffective|p2a: Krookodile
|-damage|p2a: Krookodile|0 fnt
|faint|p2a: Krookodile
|
|upkeep
|
|t:|1637535542
|switch|p2a: Golisopod|Golisopod, F|100/100
|turn|2
|c|☆gogole2021|ouf
|
|t:|1637535550
|switch|p1a: Tapu Bulu|Tapu Bulu|100/100
|-fieldstart|move: Grassy Terrain|[from] ability: Grassy Surge|[of] p1a: Tapu Bulu
|move|p2a: Golisopod|Poison Jab|p1a: Tapu Bulu
|-supereffective|p1a: Tapu Bulu
|-damage|p1a: Tapu Bulu|0 fnt
|-damage|p2a: Golisopod|84/100|[from] item: Rocky Helmet|[of] p1a: Tapu Bulu
|faint|p1a: Tapu Bulu
|
|-heal|p2a: Golisopod|90/100|[from] Grassy Terrain
|upkeep
|
|t:|1637535563
|switch|p1a: Darmanitan|Darmanitan, M|100/100
|turn|3
|
|t:|1637535567
|switch|p2a: Rotom|Rotom-Heat|100/100
|move|p1a: Darmanitan|Flare Blitz|p2a: Rotom
|-resisted|p2a: Rotom
|-damage|p2a: Rotom|52/100
|-damage|p1a: Darmanitan|87/100|[from] Recoil
|
|-heal|p1a: Darmanitan|93/100|[from] Grassy Terrain
|upkeep
|turn|4
|
|t:|1637535585
|move|p1a: Darmanitan|Flare Blitz|p2a: Rotom
|-resisted|p2a: Rotom
|-damage|p2a: Rotom|2/100
|-damage|p1a: Darmanitan|79/100|[from] Recoil
|move|p2a: Rotom|Toxic|p1a: Darmanitan
|-status|p1a: Darmanitan|tox
|
|-heal|p1a: Darmanitan|85/100 tox|[from] Grassy Terrain
|-damage|p1a: Darmanitan|79/100 tox|[from] psn
|upkeep
|turn|5
|
|t:|1637535594
|switch|p2a: Amoonguss|Amoonguss, M|100/100
|move|p1a: Darmanitan|Flare Blitz|p2a: Amoonguss
|-supereffective|p2a: Amoonguss
|-damage|p2a: Amoonguss|0 fnt
|-damage|p1a: Darmanitan|62/100 tox|[from] item: Rocky Helmet|[of] p2a: Amoonguss
|faint|p2a: Amoonguss
|-damage|p1a: Darmanitan|22/100 tox|[from] Recoil
|
|-heal|p1a: Darmanitan|28/100 tox|[from] Grassy Terrain
|-damage|p1a: Darmanitan|16/100 tox|[from] psn
|upkeep
|
|t:|1637535610
|switch|p2a: Golisopod|Golisopod, F|90/100
|turn|6
|
|t:|1637535617
|switch|p1a: Swampert|Swampert, F|100/100
|move|p2a: Golisopod|First Impression|p1a: Swampert
|-damage|p1a: Swampert|27/100
|
|-heal|p2a: Golisopod|96/100|[from] Grassy Terrain
|-heal|p1a: Swampert|33/100|[from] Grassy Terrain
|-heal|p1a: Swampert|39/100|[from] item: Leftovers
|-fieldend|move: Grassy Terrain
|upkeep
|turn|7
|
|t:|1637535631
|switch|p2a: Rotom|Rotom-Heat|2/100
|move|p1a: Swampert|Stealth Rock|p2a: Rotom
|-sidestart|p2: tibetan bowlz|move: Stealth Rock
|
|-heal|p1a: Swampert|46/100|[from] item: Leftovers
|upkeep
|turn|8
|
|t:|1637535638
|move|p2a: Rotom|Defog|p1a: Swampert
|-unboost|p1a: Swampert|evasion|1
|-sideend|p2: tibetan bowlz|Stealth Rock|[from] move: Defog|[of] p2a: Rotom
|move|p1a: Swampert|Flip Turn|p2a: Rotom
|-supereffective|p2a: Rotom
|-damage|p2a: Rotom|0 fnt
|faint|p2a: Rotom
|
|t:|1637535651
|switch|p1a: Conkeldurr|Conkeldurr, F|100/100|[from]move: Flip Turn
|
|-status|p1a: Conkeldurr|brn|[from] item: Flame Orb
|upkeep
|
|t:|1637535666
|switch|p2a: Togekiss|Togekiss, M|100/100
|turn|9
|
|t:|1637535677
|switch|p1a: Jirachi|Jirachi|100/100
|move|p2a: Togekiss|Air Slash|p1a: Jirachi
|-resisted|p1a: Jirachi
|-damage|p1a: Jirachi|87/100
|
|upkeep
|turn|10
|
|t:|1637535690
|move|p1a: Jirachi|Cosmic Power|p1a: Jirachi
|-boost|p1a: Jirachi|def|1
|-boost|p1a: Jirachi|spd|1
|move|p2a: Togekiss|Air Slash|p1a: Jirachi
|-resisted|p1a: Jirachi
|-damage|p1a: Jirachi|79/100
|
|upkeep
|turn|11
|
|t:|1637535702
|move|p1a: Jirachi|Iron Head|p2a: Togekiss
|-supereffective|p2a: Togekiss
|-damage|p2a: Togekiss|57/100
|cant|p2a: Togekiss|flinch
|
|upkeep
|turn|12
|
|t:|1637535707
|move|p1a: Jirachi|Iron Head|p2a: Togekiss
|-supereffective|p2a: Togekiss
|-crit|p2a: Togekiss
|-damage|p2a: Togekiss|0 fnt
|faint|p2a: Togekiss
|
|upkeep
|
|t:|1637535711
|switch|p2a: Golisopod|Golisopod, F|96/100
|turn|13
|
|t:|1637535716
|move|p2a: Golisopod|First Impression|p1a: Jirachi
|-damage|p1a: Jirachi|40/100
|move|p1a: Jirachi|Wish|p1a: Jirachi
|
|upkeep
|turn|14
|-message|tibetan bowlz forfeited.
|
|win|gogole2021
|raw|gogole2021's rating: 1449 &rarr; <strong>1474</strong><br />(+25 for winning)
|raw|tibetan bowlz's rating: 1533 &rarr; <strong>1508</strong><br />(-25 for losing)
|l|☆tibetan bowlz
|c|☆gogole2021|gg
