|j|☆galactest bro !
|j|☆senjou body pillow
|t:|1645963384
|gametype|singles
|player|p1|galactest bro !|sage|1537
|player|p2|senjou body pillow|beauty-gen3rs|1465
|teamsize|p1|6
|teamsize|p2|6
|gen|8
|tier|[Gen 8] UU
|rated|
|rule|Sleep Clause Mod: Limit one foe put to sleep
|rule|Species Clause: Limit one of each Pokémon
|rule|OHKO Clause: OHKO moves are banned
|rule|Evasion Moves Clause: Evasion moves are banned
|rule|Endless Battle Clause: Forcing endless battles is banned
|rule|HP Percentage Mod: HP is shown in percentages
|rule|Dynamax Clause: You cannot dynamax
|clearpoke
|poke|p1|Diggersby, F|
|poke|p1|Slowking, M|
|poke|p1|Aegislash, M|
|poke|p1|Nihilego|
|poke|p1|Amoonguss, F|
|poke|p1|Crobat, F|
|poke|p2|Zygarde-10%|
|poke|p2|Entei|
|poke|p2|Slowking, M|
|poke|p2|Crobat, M|
|poke|p2|Excadrill, M|
|poke|p2|Tangrowth, M|
|teampreview
|
|t:|1645963423
|start
|switch|p1a: Slowking|Slowking, M|100/100
|switch|p2a: Crobat|Crobat, M|100/100
|turn|1
|
|t:|1645963435
|move|p2a: Crobat|Brave Bird|p1a: Slowking
|-damage|p1a: Slowking|65/100
|-damage|p2a: Crobat|87/100|[from] Recoil
|move|p1a: Slowking|Future Sight|p2a: Crobat
|-start|p1a: Slowking|move: Future Sight
|
|upkeep
|turn|2
|
|t:|1645963458
|move|p2a: Crobat|U-turn|p1a: Slowking
|-supereffective|p1a: Slowking
|-damage|p1a: Slowking|35/100
|
|t:|1645963459
|switch|p2a: Slowking|Slowking, M|100/100|[from]move: U-turn
|move|p1a: Slowking|Teleport|p1a: Slowking
|
|t:|1645963465
|switch|p1a: Aegislash|Aegislash, M|100/100|[from]move: Teleport
|
|upkeep
|turn|3
|
|t:|1645963488
|move|p1a: Aegislash|Substitute|p1a: Aegislash
|-start|p1a: Aegislash|Substitute
|-damage|p1a: Aegislash|75/100
|move|p2a: Slowking|Scald|p1a: Aegislash
|-activate|p1a: Aegislash|move: Substitute|[damage]
|
|-end|p2a: Slowking|move: Future Sight
|-resisted|p2a: Slowking
|-damage|p2a: Slowking|83/100
|-heal|p1a: Aegislash|82/100|[from] item: Leftovers
|upkeep
|turn|4
|
|t:|1645963504
|-formechange|p1a: Aegislash|Aegislash-Blade||[from] ability: Stance Change
|move|p1a: Aegislash|Shadow Ball|p2a: Slowking
|-supereffective|p2a: Slowking
|-damage|p2a: Slowking|22/100
|move|p2a: Slowking|Scald|p1a: Aegislash
|-end|p1a: Aegislash|Substitute
|
|-heal|p1a: Aegislash|88/100|[from] item: Leftovers
|upkeep
|turn|5
|
|t:|1645963514
|switch|p2a: Tangrowth|Tangrowth, M|100/100
|move|p1a: Aegislash|Shadow Ball|p2a: Tangrowth
|-damage|p2a: Tangrowth|78/100
|
|-heal|p1a: Aegislash|94/100|[from] item: Leftovers
|upkeep
|turn|6
|
|t:|1645963530
|-formechange|p1a: Aegislash|Aegislash||[from] ability: Stance Change
|move|p1a: Aegislash|King's Shield|p1a: Aegislash
|-singleturn|p1a: Aegislash|Protect
|move|p2a: Tangrowth|Knock Off|p1a: Aegislash
|-activate|p1a: Aegislash|move: Protect
|-unboost|p2a: Tangrowth|atk|1
|
|-heal|p1a: Aegislash|99/100|[from] item: Leftovers
|upkeep
|turn|7
|
|t:|1645963539
|move|p1a: Aegislash|Substitute|p1a: Aegislash
|-start|p1a: Aegislash|Substitute
|-damage|p1a: Aegislash|75/100
|move|p2a: Tangrowth|Knock Off|p1a: Aegislash
|-supereffective|p1a: Aegislash
|-activate|p1a: Aegislash|move: Substitute|[damage]
|
|-heal|p1a: Aegislash|81/100|[from] item: Leftovers
|upkeep
|turn|8
|
|t:|1645963547
|switch|p2a: Crobat|Crobat, M|87/100
|move|p1a: Aegislash|Toxic|p2a: Crobat
|-immune|p2a: Crobat
|
|-heal|p1a: Aegislash|88/100|[from] item: Leftovers
|upkeep
|turn|9
|
|t:|1645963554
|move|p1a: Aegislash|King's Shield|p1a: Aegislash
|-singleturn|p1a: Aegislash|Protect
|move|p2a: Crobat|Brave Bird|p1a: Aegislash
|-activate|p1a: Aegislash|move: Protect
|-unboost|p2a: Crobat|atk|1
|
|-heal|p1a: Aegislash|94/100|[from] item: Leftovers
|upkeep
|turn|10
|
|t:|1645963562
|move|p2a: Crobat|Brave Bird|p1a: Aegislash
|-resisted|p1a: Aegislash
|-end|p1a: Aegislash|Substitute
|-damage|p2a: Crobat|87/100|[from] Recoil|[of] p1a: Aegislash
|-formechange|p1a: Aegislash|Aegislash-Blade||[from] ability: Stance Change
|move|p1a: Aegislash|Shadow Ball|p2a: Crobat
|-damage|p2a: Crobat|40/100
|
|-heal|p1a: Aegislash|99/100|[from] item: Leftovers
|upkeep
|turn|11
|
|t:|1645963574
|move|p2a: Crobat|Roost|p2a: Crobat
|-heal|p2a: Crobat|90/100
|-singleturn|p2a: Crobat|move: Roost
|move|p1a: Aegislash|Substitute|p1a: Aegislash
|-start|p1a: Aegislash|Substitute
|-damage|p1a: Aegislash|75/100
|
|-heal|p1a: Aegislash|81/100|[from] item: Leftovers
|upkeep
|turn|12
|
|t:|1645963593
|-formechange|p1a: Aegislash|Aegislash||[from] ability: Stance Change
|move|p1a: Aegislash|King's Shield|p1a: Aegislash
|-singleturn|p1a: Aegislash|Protect
|move|p2a: Crobat|Brave Bird|p1a: Aegislash
|-activate|p1a: Aegislash|move: Protect
|-unboost|p2a: Crobat|atk|1
|
|-heal|p1a: Aegislash|87/100|[from] item: Leftovers
|upkeep
|turn|13
|
|t:|1645963604
|move|p2a: Crobat|U-turn|p1a: Aegislash
|-resisted|p1a: Aegislash
|-activate|p1a: Aegislash|move: Substitute|[damage]
|
|t:|1645963605
|switch|p2a: Tangrowth|Tangrowth, M|100/100|[from]move: U-turn
|-formechange|p1a: Aegislash|Aegislash-Blade||[from] ability: Stance Change
|move|p1a: Aegislash|Shadow Ball|p2a: Tangrowth
|-damage|p2a: Tangrowth|79/100
|
|-heal|p1a: Aegislash|93/100|[from] item: Leftovers
|upkeep
|turn|14
|
|t:|1645963615
|switch|p2a: Crobat|Crobat, M|90/100
|move|p1a: Aegislash|Toxic|p2a: Crobat
|-immune|p2a: Crobat
|
|-heal|p1a: Aegislash|99/100|[from] item: Leftovers
|upkeep
|turn|15
|inactive|Battle timer is ON: inactive players will automatically lose when time's up. (requested by galactest bro !)
|
|t:|1645963636
|switch|p2a: Excadrill|Excadrill, M|100/100
|-ability|p2a: Excadrill|Mold Breaker
|-formechange|p1a: Aegislash|Aegislash||[from] ability: Stance Change
|move|p1a: Aegislash|King's Shield||[still]
|-fail|p1a: Aegislash
|
|-heal|p1a: Aegislash|100/100|[from] item: Leftovers
|upkeep
|turn|16
|
|t:|1645963645
|move|p2a: Excadrill|Earthquake|p1a: Aegislash
|-supereffective|p1a: Aegislash
|-end|p1a: Aegislash|Substitute
|-formechange|p1a: Aegislash|Aegislash-Blade||[from] ability: Stance Change
|move|p1a: Aegislash|Shadow Ball|p2a: Excadrill
|-damage|p2a: Excadrill|50/100
|
|-heal|p2a: Excadrill|56/100|[from] item: Leftovers
|upkeep
|turn|17
|
|t:|1645963665
|switch|p1a: Amoonguss|Amoonguss, F|100/100
|move|p2a: Excadrill|Stealth Rock|p1a: Amoonguss
|-sidestart|p1: galactest bro !|move: Stealth Rock
|
|-heal|p2a: Excadrill|63/100|[from] item: Leftovers
|upkeep
|turn|18
|
|t:|1645963672
|switch|p2a: Tangrowth|Tangrowth, M|100/100
|move|p1a: Amoonguss|Spore|p2a: Tangrowth
|-immune|p2a: Tangrowth
|
|upkeep
|turn|19
|
|t:|1645963678
|move|p2a: Tangrowth|Knock Off|p1a: Amoonguss
|-damage|p1a: Amoonguss|85/100
|-damage|p2a: Tangrowth|84/100|[from] item: Rocky Helmet|[of] p1a: Amoonguss
|-enditem|p1a: Amoonguss|Rocky Helmet|[from] move: Knock Off|[of] p2a: Tangrowth
|move|p1a: Amoonguss|Sludge Bomb|p2a: Tangrowth
|-supereffective|p2a: Tangrowth
|-damage|p2a: Tangrowth|49/100
|
|upkeep
|turn|20
|
|t:|1645963688
|switch|p2a: Crobat|Crobat, M|90/100
|move|p1a: Amoonguss|Spore|p2a: Crobat
|-status|p2a: Crobat|slp|[from] move: Spore
|
|upkeep
|turn|21
|
|t:|1645963718
|switch|p2a: Tangrowth|Tangrowth, M|82/100
|switch|p1a: Nihilego|Nihilego|100/100
|-damage|p1a: Nihilego|88/100|[from] Stealth Rock
|
|-heal|p1a: Nihilego|94/100|[from] item: Black Sludge
|upkeep
|turn|22
|
|t:|1645963737
|switch|p1a: Amoonguss|Amoonguss, F|100/100
|-damage|p1a: Amoonguss|88/100|[from] Stealth Rock
|move|p2a: Tangrowth|Earthquake|p1a: Amoonguss
|-damage|p1a: Amoonguss|70/100
|
|upkeep
|turn|23
|
|t:|1645963748
|switch|p2a: Excadrill|Excadrill, M|63/100
|-ability|p2a: Excadrill|Mold Breaker
|switch|p1a: Diggersby|Diggersby, F|100/100
|-damage|p1a: Diggersby|94/100|[from] Stealth Rock
|
|-heal|p2a: Excadrill|69/100|[from] item: Leftovers
|upkeep
|turn|24
|
|t:|1645963768
|switch|p2a: Tangrowth|Tangrowth, M|100/100
|move|p1a: Diggersby|Body Slam|p2a: Tangrowth
|-damage|p2a: Tangrowth|44/100
|-status|p2a: Tangrowth|par
|
|upkeep
|turn|25
|
|t:|1645963787
|switch|p2a: Slowking|Slowking, M|55/100
|move|p1a: Diggersby|Body Slam|p2a: Slowking
|-damage|p2a: Slowking|0 fnt
|faint|p2a: Slowking
|
|upkeep
|
|t:|1645963789
|switch|p2a: Excadrill|Excadrill, M|69/100
|-ability|p2a: Excadrill|Mold Breaker
|turn|26
|
|t:|1645963798
|switch|p1a: Amoonguss|Amoonguss, F|100/100
|-damage|p1a: Amoonguss|88/100|[from] Stealth Rock
|move|p2a: Excadrill|Iron Head|p1a: Amoonguss
|-damage|p1a: Amoonguss|55/100
|
|-heal|p2a: Excadrill|75/100|[from] item: Leftovers
|upkeep
|turn|27
|
|t:|1645963806
|move|p2a: Excadrill|Iron Head|p1a: Amoonguss
|-damage|p1a: Amoonguss|21/100
|move|p1a: Amoonguss|Giga Drain|p2a: Excadrill
|-damage|p2a: Excadrill|42/100
|-heal|p1a: Amoonguss|35/100|[from] drain|[of] p2a: Excadrill
|
|-heal|p2a: Excadrill|48/100|[from] item: Leftovers
|upkeep
|turn|28
|
|t:|1645963820
|switch|p1a: Crobat|Crobat, F|100/100
|move|p2a: Excadrill|Earthquake|p1a: Crobat
|-immune|p1a: Crobat
|
|-heal|p2a: Excadrill|54/100|[from] item: Leftovers
|upkeep
|turn|29
|
|t:|1645963829
|move|p1a: Crobat|U-turn|p2a: Excadrill
|-resisted|p2a: Excadrill
|-damage|p2a: Excadrill|40/100
|
|t:|1645963834
|switch|p1a: Slowking|Slowking, M|69/100|[from]move: U-turn
|-damage|p1a: Slowking|56/100|[from] Stealth Rock
|move|p2a: Excadrill|Iron Head|p1a: Slowking
|-resisted|p1a: Slowking
|-damage|p1a: Slowking|41/100
|
|-heal|p2a: Excadrill|46/100|[from] item: Leftovers
|upkeep
|turn|30
|inactive|galactest bro ! has 120 seconds left.
|inactive|senjou body pillow has 120 seconds left.
|
|t:|1645963879
|move|p2a: Excadrill|Earthquake|p1a: Slowking
|-damage|p1a: Slowking|2/100
|move|p1a: Slowking|Scald|p2a: Excadrill
|-supereffective|p2a: Excadrill
|-damage|p2a: Excadrill|0 fnt
|faint|p2a: Excadrill
|
|upkeep
|inactive|senjou body pillow has 120 seconds left.
|
|t:|1645963885
|switch|p2a: Zygarde|Zygarde-10%|100/100
|-ability|p2a: Zygarde|Aura Break
|turn|31
|inactive|galactest bro ! has 120 seconds left.
|inactive|galactest bro ! has 90 seconds left.
|
|t:|1645963920
|switch|p1a: Amoonguss|Amoonguss, F|68/100
|-damage|p1a: Amoonguss|56/100|[from] Stealth Rock
|move|p2a: Zygarde|Thousand Arrows|p1a: Amoonguss
|-damage|p1a: Amoonguss|14/100
|
|upkeep
|turn|32
|inactive|galactest bro ! has 90 seconds left.
|
|t:|1645963945
|move|p2a: Zygarde|Thousand Arrows|p1a: Amoonguss
|-damage|p1a: Amoonguss|0 fnt
|faint|p1a: Amoonguss
|
|upkeep
|
|t:|1645963949
|switch|p1a: Diggersby|Diggersby, F|94/100
|-damage|p1a: Diggersby|88/100|[from] Stealth Rock
|turn|33
|
|t:|1645963956
|switch|p2a: Entei|Entei|100/100
|move|p1a: Diggersby|Body Slam|p2a: Entei
|-damage|p2a: Entei|13/100
|-status|p2a: Entei|par
|
|upkeep
|turn|34
|inactive|galactest bro ! has 90 seconds left.
|
|t:|1645963985
|switch|p1a: Nihilego|Nihilego|94/100
|-damage|p1a: Nihilego|82/100|[from] Stealth Rock
|cant|p2a: Entei|par
|
|-heal|p1a: Nihilego|88/100|[from] item: Black Sludge
|upkeep
|turn|35
|
|t:|1645963997
|switch|p2a: Zygarde|Zygarde-10%|100/100
|-ability|p2a: Zygarde|Aura Break
|move|p1a: Nihilego|Power Gem|p2a: Zygarde
|-resisted|p2a: Zygarde
|-damage|p2a: Zygarde|67/100
|
|-heal|p1a: Nihilego|94/100|[from] item: Black Sludge
|upkeep
|turn|36
|
|t:|1645964017
|switch|p1a: Slowking|Slowking, M|35/100
|-damage|p1a: Slowking|23/100|[from] Stealth Rock
|move|p2a: Zygarde|Thousand Arrows|p1a: Slowking
|-damage|p1a: Slowking|0 fnt
|faint|p1a: Slowking
|
|upkeep
|
|t:|1645964027
|switch|p1a: Crobat|Crobat, F|100/100
|turn|37
|
|t:|1645964033
|switch|p2a: Tangrowth|Tangrowth, M|77/100 par
|move|p1a: Crobat|Brave Bird|p2a: Tangrowth
|-supereffective|p2a: Tangrowth
|-damage|p2a: Tangrowth|5/100 par
|-damage|p1a: Crobat|70/100|[from] Recoil
|
|upkeep
|turn|38
|
|t:|1645964048
|move|p1a: Crobat|Brave Bird|p2a: Tangrowth
|-supereffective|p2a: Tangrowth
|-damage|p2a: Tangrowth|0 fnt
|faint|p2a: Tangrowth
|-damage|p1a: Crobat|67/100|[from] Recoil
|
|upkeep
|
|t:|1645964054
|switch|p2a: Crobat|Crobat, M|90/100 slp
|turn|39
|inactive|galactest bro ! has 90 seconds left.
|
|t:|1645964065
|move|p1a: Crobat|U-turn|p2a: Crobat
|-resisted|p2a: Crobat
|-damage|p2a: Crobat|85/100 slp
|
|t:|1645964068
|switch|p1a: Aegislash|Aegislash, M|100/100|[from]move: U-turn
|-damage|p1a: Aegislash|94/100|[from] Stealth Rock
|cant|p2a: Crobat|slp
|
|-heal|p1a: Aegislash|100/100|[from] item: Leftovers
|upkeep
|turn|40
|
|t:|1645964077
|-curestatus|p2a: Crobat|slp|[msg]
|move|p2a: Crobat|Brave Bird|p1a: Aegislash
|-resisted|p1a: Aegislash
|-damage|p1a: Aegislash|82/100
|-damage|p2a: Crobat|79/100|[from] Recoil
|move|p1a: Aegislash|Substitute|p1a: Aegislash
|-start|p1a: Aegislash|Substitute
|-damage|p1a: Aegislash|57/100
|
|-heal|p1a: Aegislash|63/100|[from] item: Leftovers
|upkeep
|turn|41
|
|t:|1645964089
|move|p2a: Crobat|Brave Bird|p1a: Aegislash
|-resisted|p1a: Aegislash
|-activate|p1a: Aegislash|move: Substitute|[damage]
|-damage|p2a: Crobat|72/100|[from] Recoil|[of] p1a: Aegislash
|-formechange|p1a: Aegislash|Aegislash-Blade||[from] ability: Stance Change
|move|p1a: Aegislash|Shadow Ball|p2a: Crobat
|-damage|p2a: Crobat|27/100
|
|-heal|p1a: Aegislash|69/100|[from] item: Leftovers
|upkeep
|turn|42
|
|t:|1645964099
|move|p2a: Crobat|Roost|p2a: Crobat
|-heal|p2a: Crobat|78/100
|-singleturn|p2a: Crobat|move: Roost
|move|p1a: Aegislash|Shadow Ball|p2a: Crobat
|-damage|p2a: Crobat|29/100
|
|-heal|p1a: Aegislash|75/100|[from] item: Leftovers
|upkeep
|turn|43
|
|t:|1645964108
|move|p2a: Crobat|Roost|p2a: Crobat
|-heal|p2a: Crobat|79/100
|-singleturn|p2a: Crobat|move: Roost
|move|p1a: Aegislash|Shadow Ball|p2a: Crobat
|-damage|p2a: Crobat|32/100
|
|-heal|p1a: Aegislash|82/100|[from] item: Leftovers
|upkeep
|turn|44
|
|t:|1645964116
|move|p2a: Crobat|Roost|p2a: Crobat
|-heal|p2a: Crobat|83/100
|-singleturn|p2a: Crobat|move: Roost
|move|p1a: Aegislash|Shadow Ball|p2a: Crobat
|-damage|p2a: Crobat|37/100
|
|-heal|p1a: Aegislash|88/100|[from] item: Leftovers
|upkeep
|turn|45
|
|t:|1645964125
|move|p2a: Crobat|Roost|p2a: Crobat
|-heal|p2a: Crobat|87/100
|-singleturn|p2a: Crobat|move: Roost
|move|p1a: Aegislash|Shadow Ball|p2a: Crobat
|-damage|p2a: Crobat|46/100
|
|-heal|p1a: Aegislash|94/100|[from] item: Leftovers
|upkeep
|turn|46
|inactive|galactest bro ! has 120 seconds left.
|
|t:|1645964134
|-formechange|p1a: Aegislash|Aegislash||[from] ability: Stance Change
|move|p1a: Aegislash|King's Shield|p1a: Aegislash
|-singleturn|p1a: Aegislash|Protect
|move|p2a: Crobat|Roost|p2a: Crobat
|-heal|p2a: Crobat|96/100
|-singleturn|p2a: Crobat|move: Roost
|
|-heal|p1a: Aegislash|99/100|[from] item: Leftovers
|upkeep
|turn|47
|
|t:|1645964143
|move|p2a: Crobat|Brave Bird|p1a: Aegislash
|-resisted|p1a: Aegislash
|-end|p1a: Aegislash|Substitute
|-damage|p2a: Crobat|94/100|[from] Recoil|[of] p1a: Aegislash
|-formechange|p1a: Aegislash|Aegislash-Blade||[from] ability: Stance Change
|move|p1a: Aegislash|Shadow Ball|p2a: Crobat
|-damage|p2a: Crobat|50/100
|
|-heal|p1a: Aegislash|100/100|[from] item: Leftovers
|upkeep
|turn|48
|
|t:|1645964156
|move|p2a: Crobat|Roost|p2a: Crobat
|-heal|p2a: Crobat|100/100
|-singleturn|p2a: Crobat|move: Roost
|move|p1a: Aegislash|Substitute|p1a: Aegislash
|-start|p1a: Aegislash|Substitute
|-damage|p1a: Aegislash|75/100
|
|-heal|p1a: Aegislash|82/100|[from] item: Leftovers
|upkeep
|turn|49
|
|t:|1645964169
|-formechange|p1a: Aegislash|Aegislash||[from] ability: Stance Change
|move|p1a: Aegislash|King's Shield|p1a: Aegislash
|-singleturn|p1a: Aegislash|Protect
|move|p2a: Crobat|Defog|p1a: Aegislash
|-sideend|p1: galactest bro !|Stealth Rock|[from] move: Defog|[of] p2a: Crobat
|
|-heal|p1a: Aegislash|88/100|[from] item: Leftovers
|upkeep
|turn|50
|
|t:|1645964180
|move|p2a: Crobat|Brave Bird|p1a: Aegislash
|-resisted|p1a: Aegislash
|-activate|p1a: Aegislash|move: Substitute|[damage]
|-damage|p2a: Crobat|94/100|[from] Recoil|[of] p1a: Aegislash
|-formechange|p1a: Aegislash|Aegislash-Blade||[from] ability: Stance Change
|move|p1a: Aegislash|Shadow Ball|p2a: Crobat
|-damage|p2a: Crobat|48/100
|
|-heal|p1a: Aegislash|94/100|[from] item: Leftovers
|upkeep
|turn|51
|
|t:|1645964197
|move|p2a: Crobat|U-turn|p1a: Aegislash
|-resisted|p1a: Aegislash
|-end|p1a: Aegislash|Substitute
|
|t:|1645964200
|switch|p2a: Entei|Entei|13/100 par|[from]move: U-turn
|move|p1a: Aegislash|Shadow Ball|p2a: Entei
|-damage|p2a: Entei|0 fnt
|faint|p2a: Entei
|
|-heal|p1a: Aegislash|99/100|[from] item: Leftovers
|upkeep
|
|t:|1645964202
|switch|p2a: Zygarde|Zygarde-10%|67/100
|-ability|p2a: Zygarde|Aura Break
|turn|52
|
|t:|1645964223
|switch|p1a: Nihilego|Nihilego|94/100
|move|p2a: Zygarde|Thousand Arrows|p1a: Nihilego
|-supereffective|p1a: Nihilego
|-damage|p1a: Nihilego|0 fnt
|faint|p1a: Nihilego
|
|upkeep
|inactive|galactest bro ! has 120 seconds left.
|
|t:|1645964254
|switch|p1a: Crobat|Crobat, F|67/100
|turn|53
|
|t:|1645964257
|move|p1a: Crobat|Brave Bird|p2a: Zygarde
|-damage|p2a: Zygarde|0 fnt
|faint|p2a: Zygarde
|-damage|p1a: Crobat|50/100|[from] Recoil
|
|upkeep
|-message|senjou body pillow forfeited.
|
|win|galactest bro !
|raw|galactest bro !'s rating: 1537 &rarr; <strong>1553</strong><br />(+16 for winning)
|raw|senjou body pillow's rating: 1465 &rarr; <strong>1449</strong><br />(-16 for losing)
|l|☆senjou body pillow
|c|☆galactest bro !|gg
