|html|<div class="broadcast-blue"><strong>[Gen 8] UU is currently suspecting Mienshao! For information on how to participate check out the <a href="https://www.smogon.com/forums/threads/np-ss-uu-stage-10-3-pumped-up-kicks.3694543/">suspect thread</a>.</strong></div>
|j|☆CaptainShlag
|j|☆PlasticPinnochio
|t:|1638951634
|gametype|singles
|player|p1|CaptainShlag|blue|1354
|player|p2|PlasticPinnochio|policeman|1229
|teamsize|p1|6
|teamsize|p2|6
|gen|8
|tier|[Gen 8] UU
|rated|
|rule|Sleep Clause Mod: Limit one foe put to sleep
|rule|Species Clause: Limit one of each Pokémon
|rule|OHKO Clause: OHKO moves are banned
|rule|Evasion Moves Clause: Evasion moves are banned
|rule|Endless Battle Clause: Forcing endless battles is banned
|rule|HP Percentage Mod: HP is shown in percentages
|rule|Dynamax Clause: You cannot dynamax
|clearpoke
|poke|p1|Excadrill, M|
|poke|p1|Tangrowth, F|
|poke|p1|Conkeldurr, F|
|poke|p1|Chansey, F|
|poke|p1|Rotom-Wash|
|poke|p1|Moltres|
|poke|p2|Excadrill, F|
|poke|p2|Hatterene, F|
|poke|p2|Zarude-Dada|
|poke|p2|Skarmory, F|
|poke|p2|Swampert, F|
|poke|p2|Zygarde-10%|
|teampreview
|inactive|Battle timer is ON: inactive players will automatically lose when time's up. (requested by PlasticPinnochio)
|j| GizmoDaCat
|
|t:|1638951665
|start
|switch|p1a: Moltres|Moltres|100/100
|switch|p2a: Swampert|Swampert, F|100/100
|turn|1
|
|t:|1638951672
|move|p1a: Moltres|U-turn|p2a: Swampert
|-damage|p2a: Swampert|88/100
|
|t:|1638951680
|switch|p1a: Chansey|Chansey, F|100/100|[from]move: U-turn
|move|p2a: Swampert|Yawn|p1a: Chansey
|-start|p1a: Chansey|move: Yawn|[of] p2a: Swampert
|
|-heal|p2a: Swampert|94/100|[from] item: Leftovers
|upkeep
|turn|2
|
|t:|1638951687
|move|p2a: Swampert|Stealth Rock|p1a: Chansey
|-sidestart|p1: CaptainShlag|move: Stealth Rock
|move|p1a: Chansey|Toxic|p2a: Swampert
|-status|p2a: Swampert|tox
|
|-heal|p2a: Swampert|100/100 tox|[from] item: Leftovers
|-damage|p2a: Swampert|94/100 tox|[from] psn
|-end|p1a: Chansey|move: Yawn|[silent]
|-status|p1a: Chansey|slp
|upkeep
|turn|3
|
|t:|1638951702
|-curestatus|p1a: Chansey|slp|[from] ability: Natural Cure
|switch|p1a: Tangrowth|Tangrowth, F|100/100
|-damage|p1a: Tangrowth|88/100|[from] Stealth Rock
|move|p2a: Swampert|Flip Turn|p1a: Tangrowth
|-resisted|p1a: Tangrowth
|-damage|p1a: Tangrowth|82/100
|-damage|p2a: Swampert|78/100 tox|[from] item: Rocky Helmet|[of] p1a: Tangrowth
|j| part time janitor
|l| part time janitor
|
|t:|1638951709
|switch|p2a: Skarmory|Skarmory, F|100/100|[from]move: Flip Turn
|
|upkeep
|turn|4
|
|t:|1638951715
|move|p2a: Skarmory|Brave Bird|p1a: Tangrowth
|-supereffective|p1a: Tangrowth
|-damage|p1a: Tangrowth|46/100
|-damage|p2a: Skarmory|84/100|[from] item: Rocky Helmet|[of] p1a: Tangrowth
|-damage|p2a: Skarmory|70/100|[from] Recoil
|move|p1a: Tangrowth|Leech Seed|p2a: Skarmory
|-start|p2a: Skarmory|move: Leech Seed
|
|-damage|p2a: Skarmory|57/100|[from] Leech Seed|[of] p1a: Tangrowth
|-heal|p1a: Tangrowth|56/100|[silent]
|upkeep
|turn|5
|
|t:|1638951723
|switch|p1a: Excadrill|Excadrill, M|100/100
|-damage|p1a: Excadrill|97/100|[from] Stealth Rock
|-ability|p1a: Excadrill|Mold Breaker
|move|p2a: Skarmory|Roost|p2a: Skarmory
|-heal|p2a: Skarmory|100/100
|-singleturn|p2a: Skarmory|move: Roost
|
|-heal|p1a: Excadrill|100/100|[from] item: Leftovers
|-damage|p2a: Skarmory|88/100|[from] Leech Seed|[of] p1a: Excadrill
|upkeep
|turn|6
|
|t:|1638951738
|switch|p2a: Swampert|Swampert, F|78/100 tox
|move|p1a: Excadrill|Rapid Spin|p2a: Swampert
|-damage|p2a: Swampert|62/100 tox
|-boost|p1a: Excadrill|spe|1
|-sideend|p1: CaptainShlag|Stealth Rock|[from] move: Rapid Spin|[of] p1a: Excadrill
|
|-heal|p2a: Swampert|68/100 tox|[from] item: Leftovers
|-damage|p2a: Swampert|62/100 tox|[from] psn
|upkeep
|turn|7
|
|t:|1638951746
|switch|p1a: Chansey|Chansey, F|100/100
|move|p2a: Swampert|Yawn|p1a: Chansey
|-start|p1a: Chansey|move: Yawn|[of] p2a: Swampert
|
|-heal|p2a: Swampert|68/100 tox|[from] item: Leftovers
|-damage|p2a: Swampert|56/100 tox|[from] psn
|upkeep
|turn|8
|
|t:|1638951753
|switch|p2a: Hatterene|Hatterene, F|100/100
|move|p1a: Chansey|Stealth Rock|p2a: Hatterene
|move|p2a: Hatterene|Stealth Rock|p1a: Chansey|[from]ability: Magic Bounce
|-sidestart|p1: CaptainShlag|move: Stealth Rock
|
|-end|p1a: Chansey|move: Yawn|[silent]
|-status|p1a: Chansey|slp
|upkeep
|turn|9
|
|t:|1638951766
|-curestatus|p1a: Chansey|slp|[from] ability: Natural Cure
|switch|p1a: Rotom|Rotom-Wash|100/100
|-damage|p1a: Rotom|88/100|[from] Stealth Rock
|move|p2a: Hatterene|Calm Mind|p2a: Hatterene
|-boost|p2a: Hatterene|spa|1
|-boost|p2a: Hatterene|spd|1
|
|-heal|p1a: Rotom|94/100|[from] item: Leftovers
|upkeep
|turn|10
|
|t:|1638951779
|move|p1a: Rotom|Volt Switch|p2a: Hatterene
|-damage|p2a: Hatterene|84/100
|
|t:|1638951782
|switch|p1a: Excadrill|Excadrill, M|100/100|[from]move: Volt Switch
|-damage|p1a: Excadrill|97/100|[from] Stealth Rock
|-ability|p1a: Excadrill|Mold Breaker
|move|p2a: Hatterene|Psyshock|p1a: Excadrill
|-resisted|p1a: Excadrill
|-damage|p1a: Excadrill|58/100
|
|-heal|p1a: Excadrill|64/100|[from] item: Leftovers
|-heal|p2a: Hatterene|89/100|[from] item: Leftovers
|upkeep
|turn|11
|
|t:|1638951792
|switch|p2a: Skarmory|Skarmory, F|88/100
|move|p1a: Excadrill|Iron Head|p2a: Skarmory
|-resisted|p2a: Skarmory
|-damage|p2a: Skarmory|75/100
|-damage|p1a: Excadrill|48/100|[from] item: Rocky Helmet|[of] p2a: Skarmory
|
|-heal|p1a: Excadrill|54/100|[from] item: Leftovers
|upkeep
|turn|12
|
|t:|1638951812
|switch|p1a: Moltres|Moltres|100/100
|move|p2a: Skarmory|Spikes|p1a: Moltres
|-sidestart|p1: CaptainShlag|Spikes
|
|upkeep
|turn|13
|
|t:|1638951825
|switch|p2a: Zygarde|Zygarde-10%|100/100
|-ability|p2a: Zygarde|Aura Break
|move|p1a: Moltres|Hurricane|p2a: Zygarde
|-damage|p2a: Zygarde|19/100
|
|upkeep
|turn|14
|
|t:|1638951833
|move|p2a: Zygarde|Thousand Arrows|p1a: Moltres
|-damage|p1a: Moltres|34/100
|-start|p1a: Moltres|Smack Down
|move|p1a: Moltres|Flamethrower|p2a: Zygarde
|-resisted|p2a: Zygarde
|-damage|p2a: Zygarde|0 fnt
|faint|p2a: Zygarde
|
|upkeep
|
|t:|1638951841
|switch|p2a: Zarude|Zarude-Dada|100/100
|turn|15
|
|t:|1638951849
|switch|p1a: Tangrowth|Tangrowth, F|90/100
|-damage|p1a: Tangrowth|77/100|[from] Stealth Rock
|-damage|p1a: Tangrowth|65/100|[from] Spikes
|move|p2a: Zarude|Darkest Lariat|p1a: Tangrowth
|-damage|p1a: Tangrowth|45/100
|-damage|p2a: Zarude|84/100|[from] item: Rocky Helmet|[of] p1a: Tangrowth
|
|upkeep
|turn|16
|
|t:|1638951862
|switch|p2a: Skarmory|Skarmory, F|75/100
|move|p1a: Tangrowth|Sludge Bomb|p2a: Skarmory
|-immune|p2a: Skarmory
|
|upkeep
|turn|17
|
|t:|1638951868
|move|p2a: Skarmory|Brave Bird|p1a: Tangrowth
|-supereffective|p1a: Tangrowth
|-damage|p1a: Tangrowth|5/100
|-damage|p2a: Skarmory|59/100|[from] item: Rocky Helmet|[of] p1a: Tangrowth
|-damage|p2a: Skarmory|43/100|[from] Recoil
|move|p1a: Tangrowth|Leech Seed|p2a: Skarmory
|-start|p2a: Skarmory|move: Leech Seed
|
|-damage|p2a: Skarmory|31/100|[from] Leech Seed|[of] p1a: Tangrowth
|-heal|p1a: Tangrowth|16/100|[silent]
|upkeep
|turn|18
|
|t:|1638951880
|switch|p1a: Excadrill|Excadrill, M|54/100
|-damage|p1a: Excadrill|41/100|[from] Spikes
|-damage|p1a: Excadrill|38/100|[from] Stealth Rock
|-ability|p1a: Excadrill|Mold Breaker
|move|p2a: Skarmory|Roost|p2a: Skarmory
|-heal|p2a: Skarmory|81/100
|-singleturn|p2a: Skarmory|move: Roost
|
|-heal|p1a: Excadrill|44/100|[from] item: Leftovers
|-damage|p2a: Skarmory|68/100|[from] Leech Seed|[of] p1a: Excadrill
|-heal|p1a: Excadrill|56/100|[silent]
|upkeep
|turn|19
|
|t:|1638951888
|switch|p2a: Zarude|Zarude-Dada|84/100
|move|p1a: Excadrill|Rapid Spin|p2a: Zarude
|-damage|p2a: Zarude|68/100
|-boost|p1a: Excadrill|spe|1
|-sideend|p1: CaptainShlag|Spikes|[from] move: Rapid Spin|[of] p1a: Excadrill
|-sideend|p1: CaptainShlag|Stealth Rock|[from] move: Rapid Spin|[of] p1a: Excadrill
|
|-heal|p1a: Excadrill|62/100|[from] item: Leftovers
|upkeep
|turn|20
|
|t:|1638951894
|switch|p1a: Tangrowth|Tangrowth, F|49/100
|move|p2a: Zarude|U-turn|p1a: Tangrowth
|-supereffective|p1a: Tangrowth
|-damage|p1a: Tangrowth|24/100
|-damage|p2a: Zarude|52/100|[from] item: Rocky Helmet|[of] p1a: Tangrowth
|
|t:|1638951897
|switch|p2a: Skarmory|Skarmory, F|68/100|[from]move: U-turn
|
|upkeep
|turn|21
|
|t:|1638951903
|switch|p1a: Moltres|Moltres|34/100
|move|p2a: Skarmory|Spikes|p1a: Moltres
|-sidestart|p1: CaptainShlag|Spikes
|
|upkeep
|turn|22
|
|t:|1638951907
|switch|p2a: Swampert|Swampert, F|56/100 tox
|move|p1a: Moltres|Roost|p1a: Moltres
|-heal|p1a: Moltres|84/100
|-singleturn|p1a: Moltres|move: Roost
|
|-heal|p2a: Swampert|62/100 tox|[from] item: Leftovers
|-damage|p2a: Swampert|56/100 tox|[from] psn
|upkeep
|turn|23
|
|t:|1638951912
|move|p1a: Moltres|U-turn|p2a: Swampert
|-damage|p2a: Swampert|41/100 tox
|
|t:|1638951914
|switch|p1a: Tangrowth|Tangrowth, F|57/100|[from]move: U-turn
|-damage|p1a: Tangrowth|44/100|[from] Spikes
|move|p2a: Swampert|Flip Turn|p1a: Tangrowth
|-resisted|p1a: Tangrowth
|-damage|p1a: Tangrowth|38/100
|-damage|p2a: Swampert|25/100 tox|[from] item: Rocky Helmet|[of] p1a: Tangrowth
|
|t:|1638951918
|switch|p2a: Hatterene|Hatterene, F|89/100|[from]move: Flip Turn
|
|-heal|p2a: Hatterene|95/100|[from] item: Leftovers
|upkeep
|turn|24
|
|t:|1638951922
|switch|p1a: Chansey|Chansey, F|100/100
|-damage|p1a: Chansey|88/100|[from] Spikes
|move|p2a: Hatterene|Mystical Fire|p1a: Chansey
|-damage|p1a: Chansey|81/100
|-unboost|p1a: Chansey|spa|1
|
|-heal|p2a: Hatterene|100/100|[from] item: Leftovers
|upkeep
|turn|25
|
|t:|1638951933
|move|p1a: Chansey|Seismic Toss|p2a: Hatterene
|-damage|p2a: Hatterene|69/100
|move|p2a: Hatterene|Calm Mind|p2a: Hatterene
|-boost|p2a: Hatterene|spa|1
|-boost|p2a: Hatterene|spd|1
|
|-heal|p2a: Hatterene|75/100|[from] item: Leftovers
|upkeep
|turn|26
|
|t:|1638951940
|move|p1a: Chansey|Seismic Toss|p2a: Hatterene
|-damage|p2a: Hatterene|44/100
|move|p2a: Hatterene|Draining Kiss|p1a: Chansey
|-damage|p1a: Chansey|71/100
|-heal|p2a: Hatterene|61/100|[from] drain|[of] p1a: Chansey
|
|-heal|p2a: Hatterene|67/100|[from] item: Leftovers
|upkeep
|turn|27
|
|t:|1638951944
|move|p1a: Chansey|Seismic Toss|p2a: Hatterene
|-damage|p2a: Hatterene|35/100
|move|p2a: Hatterene|Calm Mind|p2a: Hatterene
|-boost|p2a: Hatterene|spa|1
|-boost|p2a: Hatterene|spd|1
|
|-heal|p2a: Hatterene|41/100|[from] item: Leftovers
|upkeep
|turn|28
|
|t:|1638951949
|move|p1a: Chansey|Seismic Toss|p2a: Hatterene
|-damage|p2a: Hatterene|10/100
|move|p2a: Hatterene|Draining Kiss|p1a: Chansey
|-damage|p1a: Chansey|56/100
|-heal|p2a: Hatterene|34/100|[from] drain|[of] p1a: Chansey
|
|-heal|p2a: Hatterene|40/100|[from] item: Leftovers
|upkeep
|turn|29
|
|t:|1638951956
|move|p1a: Chansey|Seismic Toss|p2a: Hatterene
|-damage|p2a: Hatterene|9/100
|move|p2a: Hatterene|Draining Kiss|p1a: Chansey
|-damage|p1a: Chansey|41/100
|-heal|p2a: Hatterene|34/100|[from] drain|[of] p1a: Chansey
|
|-heal|p2a: Hatterene|40/100|[from] item: Leftovers
|upkeep
|turn|30
|
|t:|1638951964
|move|p1a: Chansey|Seismic Toss|p2a: Hatterene
|-damage|p2a: Hatterene|8/100
|move|p2a: Hatterene|Draining Kiss|p1a: Chansey
|-damage|p1a: Chansey|28/100
|-heal|p2a: Hatterene|30/100|[from] drain|[of] p1a: Chansey
|
|-heal|p2a: Hatterene|36/100|[from] item: Leftovers
|upkeep
|turn|31
|
|t:|1638951971
|move|p1a: Chansey|Seismic Toss|p2a: Hatterene
|-damage|p2a: Hatterene|4/100
|move|p2a: Hatterene|Draining Kiss|p1a: Chansey
|-crit|p1a: Chansey
|-damage|p1a: Chansey|9/100
|-heal|p2a: Hatterene|36/100|[from] drain|[of] p1a: Chansey
|
|-heal|p2a: Hatterene|42/100|[from] item: Leftovers
|upkeep
|turn|32
|c|☆CaptainShlag|of course
|
|t:|1638951980
|switch|p1a: Excadrill|Excadrill, M|62/100
|-damage|p1a: Excadrill|49/100|[from] Spikes
|-ability|p1a: Excadrill|Mold Breaker
|switch|p2a: Skarmory|Skarmory, F|68/100
|
|-heal|p1a: Excadrill|55/100|[from] item: Leftovers
|upkeep
|turn|33
|
|t:|1638951986
|switch|p1a: Moltres|Moltres|84/100
|move|p2a: Skarmory|Roost|p2a: Skarmory
|-heal|p2a: Skarmory|100/100
|-singleturn|p2a: Skarmory|move: Roost
|
|upkeep
|turn|34
|
|t:|1638952002
|move|p1a: Moltres|Flamethrower|p2a: Skarmory
|-supereffective|p2a: Skarmory
|-ability|p2a: Skarmory|Sturdy
|-damage|p2a: Skarmory|1/100
|move|p2a: Skarmory|Whirlwind|p1a: Moltres
|drag|p1a: Chansey|Chansey, F|9/100
|-damage|p1a: Chansey|0 fnt|[from] Spikes
|faint|p1a: Chansey
|
|upkeep
|c|☆CaptainShlag|zzzzzzzzzz
|
|t:|1638952012
|switch|p1a: Moltres|Moltres|84/100
|turn|35
|
|t:|1638952022
|switch|p2a: Excadrill|Excadrill, F|100/100
|-ability|p2a: Excadrill|Mold Breaker
|move|p1a: Moltres|U-turn|p2a: Excadrill
|-resisted|p2a: Excadrill
|-damage|p2a: Excadrill|90/100
|
|t:|1638952026
|switch|p1a: Conkeldurr|Conkeldurr, F|100/100|[from]move: U-turn
|-damage|p1a: Conkeldurr|88/100|[from] Spikes
|
|-heal|p2a: Excadrill|96/100|[from] item: Leftovers
|-status|p1a: Conkeldurr|brn|[from] item: Flame Orb
|upkeep
|turn|36
|
|t:|1638952030
|move|p2a: Excadrill|Iron Head|p1a: Conkeldurr
|-damage|p1a: Conkeldurr|43/100 brn
|cant|p1a: Conkeldurr|flinch
|
|-heal|p2a: Excadrill|100/100|[from] item: Leftovers
|-damage|p1a: Conkeldurr|37/100 brn|[from] brn
|upkeep
|turn|37
|c|☆CaptainShlag|fuck off
|c|☆CaptainShlag|i m done
|c|☆CaptainShlag|it's insane
|-message|CaptainShlag forfeited.
|
|win|PlasticPinnochio
|raw|CaptainShlag's rating: 1354 &rarr; <strong>1327</strong><br />(-27 for losing)
|raw|PlasticPinnochio's rating: 1229 &rarr; <strong>1263</strong><br />(+34 for winning)
|l|☆CaptainShlag
|c|☆PlasticPinnochio|stop complaining bruh
|c| GizmoDaCat|this sounds like a fun battle to watch lol
|c|☆PlasticPinnochio|still dont get why he forfeited
|c|☆PlasticPinnochio|that moltres still wins like 100%
|c| GizmoDaCat|did he forfeit
|c| GizmoDaCat|im now at turn 11
|c|☆PlasticPinnochio|o you have about 20 more turns lol
|c| GizmoDaCat|ahahahaha
|c| GizmoDaCat|u have a pretty nice team i might say
|c|☆PlasticPinnochio|yeah but moltres+tang is a pretty tough core to beat for me
|c|☆PlasticPinnochio|esp when pert is toxic'ed
|c| GizmoDaCat|jup
|c| GizmoDaCat|so he had a fair chance aggainst u
|c| GizmoDaCat|throughout the battle
|c|☆PlasticPinnochio|lol nothing on my team beat moltres at that point
|c|☆PlasticPinnochio|neither zarude or drill had rock slide
|c| GizmoDaCat|i see
|c|☆PlasticPinnochio|which tbh I might consider after this battle
|c| GizmoDaCat|that whirlwind tho
|c|☆PlasticPinnochio|well I had no other play here
|c| GizmoDaCat|jup
|c| GizmoDaCat|idk why he ragequited
|c|☆PlasticPinnochio|like my only chance of beating moltres was praying he miss hurricane while I flipturn out with pert
|c| GizmoDaCat|it seemed like a pretty ez win on his part
|c| GizmoDaCat|yeah thats pretty much it
|c| GizmoDaCat|well great job on not rage quiting
|c| GizmoDaCat|with this much o an disadvantage
|c|☆PlasticPinnochio|lol I mean after missing 4 power whips in a game
|c| GizmoDaCat|jup
|c|☆PlasticPinnochio|and losing like 200-300 ELO
|c| GizmoDaCat|oof that must hurt
|c|☆PlasticPinnochio|I kinda dont get too mad at this game anymore lol
|c| GizmoDaCat|i mean like
|c| GizmoDaCat|i stopped playing with legit decks made of meta a long time ago
|c| GizmoDaCat|now i do fake gym leaders and pokemon i just love
|c|☆PlasticPinnochio|for sure its frusfrating when hax happens
|c| GizmoDaCat|jup it sure is
|c|☆PlasticPinnochio|but I dont see red bc of it anymore
|c| GizmoDaCat|thats good for you
|c|☆PlasticPinnochio|good talking with you
|c|☆PlasticPinnochio|have a nice day
|c| GizmoDaCat|thank you to
