|j|☆notily
|j|☆udongirl
|t:|1662855118
|gametype|singles
|player|p1|notily|tate|
|player|p2|udongirl|#bltviiiturtwigs|
|teamsize|p1|6
|teamsize|p2|6
|gen|8
|tier|[Gen 8] UU
|rule|Sleep Clause Mod: Limit one foe put to sleep
|rule|Species Clause: Limit one of each Pokémon
|rule|OHKO Clause: OHKO moves are banned
|rule|Evasion Items Clause: Evasion items are banned
|rule|Evasion Moves Clause: Evasion moves are banned
|rule|Endless Battle Clause: Forcing endless battles is banned
|rule|HP Percentage Mod: HP is shown in percentages
|rule|Dynamax Clause: You cannot dynamax
|clearpoke
|poke|p1|Chandelure, F|
|poke|p1|Excadrill, F|
|poke|p1|Tangrowth, M|
|poke|p1|Cobalion|
|poke|p1|Noivern, M|
|poke|p1|Slowking, M|
|poke|p2|Zygarde-10%|
|poke|p2|Hippowdon, F|
|poke|p2|Primarina, M|
|poke|p2|Moltres|
|poke|p2|Zarude|
|poke|p2|Registeel|
|teampreview
|c|☆notily|hf
|c|☆udongirl|hf
|
|t:|1662855158
|start
|switch|p1a: Slowking|Slowking, M|100/100
|switch|p2a: Zygarde|Zygarde-10%|100/100
|-ability|p2a: Zygarde|Aura Break
|turn|1
|
|t:|1662855173
|switch|p2a: Zarude|Zarude|100/100
|move|p1a: Slowking|Teleport|p1a: Slowking
|
|t:|1662855180
|switch|p1a: Noivern|Noivern, M|100/100|[from]move: Teleport
|-item|p2a: Zarude|Heavy-Duty Boots|[from] ability: Frisk|[of] p1a: Noivern|[identify]
|
|upkeep
|turn|2
|
|t:|1662855192
|switch|p2a: Hippowdon|Hippowdon, F|100/100
|-weather|Sandstorm|[from] ability: Sand Stream|[of] p2a: Hippowdon
|move|p1a: Noivern|U-turn|p2a: Hippowdon
|-damage|p2a: Hippowdon|94/100
|-damage|p1a: Noivern|84/100|[from] item: Rocky Helmet|[of] p2a: Hippowdon
|j| JustFranco‽
|
|t:|1662855225
|switch|p1a: Tangrowth|Tangrowth, M|100/100|[from]move: U-turn
|
|-weather|Sandstorm|[upkeep]
|-damage|p1a: Tangrowth|94/100|[from] Sandstorm
|upkeep
|turn|3
|
|t:|1662855240
|move|p2a: Hippowdon|Stealth Rock|p1a: Tangrowth
|-sidestart|p1: notily|move: Stealth Rock
|move|p1a: Tangrowth|Knock Off|p2a: Hippowdon
|-damage|p2a: Hippowdon|82/100
|-damage|p1a: Tangrowth|78/100|[from] item: Rocky Helmet|[of] p2a: Hippowdon
|-enditem|p2a: Hippowdon|Rocky Helmet|[from] move: Knock Off|[of] p1a: Tangrowth
|
|-weather|Sandstorm|[upkeep]
|-damage|p1a: Tangrowth|72/100|[from] Sandstorm
|upkeep
|turn|4
|
|t:|1662855248
|switch|p2a: Moltres|Moltres|100/100
|switch|p1a: Slowking|Slowking, M|100/100
|-damage|p1a: Slowking|88/100|[from] Stealth Rock
|
|-weather|Sandstorm|[upkeep]
|-damage|p2a: Moltres|94/100|[from] Sandstorm
|-damage|p1a: Slowking|82/100|[from] Sandstorm
|upkeep
|turn|5
|
|t:|1662855259
|move|p2a: Moltres|Toxic|p1a: Slowking
|-status|p1a: Slowking|tox
|move|p1a: Slowking|Teleport|p1a: Slowking
|
|t:|1662855262
|switch|p1a: Cobalion|Cobalion|100/100|[from]move: Teleport
|-damage|p1a: Cobalion|97/100|[from] Stealth Rock
|
|-weather|Sandstorm|[upkeep]
|-damage|p2a: Moltres|88/100|[from] Sandstorm
|upkeep
|turn|6
|
|t:|1662855271
|switch|p2a: Hippowdon|Hippowdon, F|82/100
|move|p1a: Cobalion|Stealth Rock|p2a: Hippowdon
|-sidestart|p2: udongirl|move: Stealth Rock
|
|-weather|none
|upkeep
|turn|7
|
|t:|1662855286
|switch|p1a: Slowking|Slowking, M|100/100 tox
|-damage|p1a: Slowking|88/100 tox|[from] Stealth Rock
|move|p2a: Hippowdon|Toxic|p1a: Slowking|[miss]
|-miss|p2a: Hippowdon|p1a: Slowking
|
|-damage|p1a: Slowking|82/100 tox|[from] psn
|upkeep
|turn|8
|
|t:|1662855302
|move|p2a: Hippowdon|Earthquake|p1a: Slowking
|-damage|p1a: Slowking|55/100 tox
|move|p1a: Slowking|Teleport|p1a: Slowking
|
|t:|1662855305
|switch|p1a: Tangrowth|Tangrowth, M|100/100|[from]move: Teleport
|-damage|p1a: Tangrowth|88/100|[from] Stealth Rock
|
|upkeep
|turn|9
|
|t:|1662855308
|switch|p1a: Slowking|Slowking, M|89/100 tox
|-damage|p1a: Slowking|76/100 tox|[from] Stealth Rock
|move|p2a: Hippowdon|Toxic|p1a: Slowking
|-fail|p1a: Slowking|tox
|
|-damage|p1a: Slowking|70/100 tox|[from] psn
|upkeep
|turn|10
|
|t:|1662855317
|move|p2a: Hippowdon|Earthquake|p1a: Slowking
|-damage|p1a: Slowking|44/100 tox
|move|p1a: Slowking|Teleport|p1a: Slowking
|
|t:|1662855323
|switch|p1a: Excadrill|Excadrill, F|100/100|[from]move: Teleport
|-damage|p1a: Excadrill|97/100|[from] Stealth Rock
|-ability|p1a: Excadrill|Mold Breaker
|
|-heal|p1a: Excadrill|100/100|[from] item: Leftovers
|upkeep
|turn|11
|
|t:|1662855326
|move|p1a: Excadrill|Magnet Rise|p1a: Excadrill
|-start|p1a: Excadrill|Magnet Rise
|move|p2a: Hippowdon|Earthquake|p1a: Excadrill
|-immune|p1a: Excadrill
|
|upkeep
|turn|12
|
|t:|1662855338
|switch|p2a: Zygarde|Zygarde-10%|100/100
|-damage|p2a: Zygarde|94/100|[from] Stealth Rock
|-ability|p2a: Zygarde|Aura Break
|move|p1a: Excadrill|Rapid Spin|p2a: Zygarde
|-damage|p2a: Zygarde|62/100
|-boost|p1a: Excadrill|spe|1
|-sideend|p1: notily|Stealth Rock|[from] move: Rapid Spin|[of] p1a: Excadrill
|
|upkeep
|turn|13
|
|t:|1662855350
|switch|p2a: Moltres|Moltres|88/100
|move|p1a: Excadrill|Toxic|p2a: Moltres
|-status|p2a: Moltres|tox
|
|-damage|p2a: Moltres|82/100 tox|[from] psn
|upkeep
|turn|14
|
|t:|1662855356
|switch|p1a: Slowking|Slowking, M|77/100 tox
|move|p2a: Moltres|Defog|p1a: Slowking
|-unboost|p1a: Slowking|evasion|1
|-sideend|p2: udongirl|Stealth Rock|[from] move: Defog|[of] p2a: Moltres
|
|-damage|p2a: Moltres|70/100 tox|[from] psn
|-damage|p1a: Slowking|71/100 tox|[from] psn
|upkeep
|turn|15
|
|t:|1662855363
|switch|p2a: Zarude|Zarude|100/100
|move|p1a: Slowking|Teleport|p1a: Slowking
|
|t:|1662855380
|switch|p1a: Cobalion|Cobalion|97/100|[from]move: Teleport
|
|upkeep
|turn|16
|
|t:|1662855386
|switch|p2a: Hippowdon|Hippowdon, F|82/100
|-weather|Sandstorm|[from] ability: Sand Stream|[of] p2a: Hippowdon
|move|p1a: Cobalion|Stealth Rock|p2a: Hippowdon
|-sidestart|p2: udongirl|move: Stealth Rock
|
|-weather|Sandstorm|[upkeep]
|upkeep
|turn|17
|
|t:|1662855394
|switch|p1a: Excadrill|Excadrill, F|100/100
|-ability|p1a: Excadrill|Mold Breaker
|move|p2a: Hippowdon|Stealth Rock|p1a: Excadrill
|-sidestart|p1: notily|move: Stealth Rock
|
|-weather|Sandstorm|[upkeep]
|upkeep
|turn|18
|
|t:|1662855401
|switch|p2a: Zarude|Zarude|100/100
|move|p1a: Excadrill|Rapid Spin|p2a: Zarude
|-damage|p2a: Zarude|84/100
|-boost|p1a: Excadrill|spe|1
|-sideend|p1: notily|Stealth Rock|[from] move: Rapid Spin|[of] p1a: Excadrill
|
|-weather|Sandstorm|[upkeep]
|-damage|p2a: Zarude|78/100|[from] Sandstorm
|upkeep
|turn|19
|
|t:|1662855407
|switch|p1a: Cobalion|Cobalion|97/100
|move|p2a: Zarude|U-turn|p1a: Cobalion
|-resisted|p1a: Cobalion
|-damage|p1a: Cobalion|93/100
|-damage|p2a: Zarude|61/100|[from] item: Rocky Helmet|[of] p1a: Cobalion
|
|t:|1662855409
|switch|p2a: Hippowdon|Hippowdon, F|82/100|[from]move: U-turn
|-damage|p2a: Hippowdon|76/100|[from] Stealth Rock
|
|-weather|Sandstorm|[upkeep]
|upkeep
|turn|20
|
|t:|1662855431
|switch|p1a: Chandelure|Chandelure, F|100/100
|move|p2a: Hippowdon|Stealth Rock|p1a: Chandelure
|-sidestart|p1: notily|move: Stealth Rock
|
|-weather|none
|upkeep
|turn|21
|
|t:|1662855439
|switch|p2a: Primarina|Primarina, M|100/100
|-damage|p2a: Primarina|88/100|[from] Stealth Rock
|move|p1a: Chandelure|Fire Blast|p2a: Primarina
|-resisted|p2a: Primarina
|-damage|p2a: Primarina|50/100
|-status|p2a: Primarina|brn
|
|-heal|p2a: Primarina|57/100 brn|[from] item: Leftovers
|-damage|p2a: Primarina|50/100 brn|[from] brn
|upkeep
|turn|22
|
|t:|1662855449
|switch|p1a: Tangrowth|Tangrowth, M|100/100
|-damage|p1a: Tangrowth|88/100|[from] Stealth Rock
|move|p2a: Primarina|Rest|p2a: Primarina
|-status|p2a: Primarina|slp|[from] move: Rest
|-heal|p2a: Primarina|100/100 slp|[silent]
|
|upkeep
|turn|23
|
|t:|1662855508
|switch|p2a: Moltres|Moltres|70/100 tox
|move|p1a: Tangrowth|Knock Off|p2a: Moltres
|-damage|p2a: Moltres|48/100 tox
|-enditem|p2a: Moltres|Heavy-Duty Boots|[from] move: Knock Off|[of] p1a: Tangrowth
|
|-damage|p2a: Moltres|42/100 tox|[from] psn
|upkeep
|turn|24
|
|t:|1662855513
|switch|p1a: Slowking|Slowking, M|100/100 tox
|-damage|p1a: Slowking|88/100 tox|[from] Stealth Rock
|move|p2a: Moltres|Roost|p2a: Moltres
|-heal|p2a: Moltres|92/100 tox
|-singleturn|p2a: Moltres|move: Roost
|
|-damage|p2a: Moltres|80/100 tox|[from] psn
|-damage|p1a: Slowking|82/100 tox|[from] psn
|upkeep
|turn|25
|
|t:|1662855525
|switch|p2a: Zarude|Zarude|61/100
|move|p1a: Slowking|Scald|p2a: Zarude
|-resisted|p2a: Zarude
|-damage|p2a: Zarude|48/100
|
|-damage|p1a: Slowking|70/100 tox|[from] psn
|upkeep
|turn|26
|
|t:|1662855559
|switch|p2a: Zygarde|Zygarde-10%|62/100
|-damage|p2a: Zygarde|56/100|[from] Stealth Rock
|-ability|p2a: Zygarde|Aura Break
|switch|p1a: Cobalion|Cobalion|93/100
|-damage|p1a: Cobalion|90/100|[from] Stealth Rock
|
|upkeep
|turn|27
|
|t:|1662855567
|switch|p1a: Tangrowth|Tangrowth, M|100/100
|-damage|p1a: Tangrowth|88/100|[from] Stealth Rock
|move|p2a: Zygarde|Toxic|p1a: Tangrowth
|-status|p1a: Tangrowth|tox
|
|-damage|p1a: Tangrowth|82/100 tox|[from] psn
|upkeep
|turn|28
|inactive|Battle timer is ON: inactive players will automatically lose when time's up. (requested by udongirl)
|
|t:|1662855610
|switch|p2a: Moltres|Moltres|80/100 tox
|-damage|p2a: Moltres|30/100 tox|[from] Stealth Rock
|switch|p1a: Chandelure|Chandelure, F|100/100
|-damage|p1a: Chandelure|76/100|[from] Stealth Rock
|
|-damage|p2a: Moltres|24/100 tox|[from] psn
|upkeep
|turn|29
|inactive|notily has 270 seconds left.
|
|t:|1662855649
|move|p2a: Moltres|Toxic|p1a: Chandelure
|-status|p1a: Chandelure|tox
|move|p1a: Chandelure|Shadow Ball|p2a: Moltres
|-damage|p2a: Moltres|0 fnt
|faint|p2a: Moltres
|
|-damage|p1a: Chandelure|69/100 tox|[from] psn
|upkeep
|
|t:|1662855653
|switch|p2a: Zarude|Zarude|48/100
|turn|30
|
|t:|1662855658
|switch|p1a: Cobalion|Cobalion|90/100
|-damage|p1a: Cobalion|87/100|[from] Stealth Rock
|move|p2a: Zarude|Jungle Healing|p2a: Zarude
|-heal|p2a: Zarude|73/100
|
|upkeep
|turn|31
|
|t:|1662855676
|switch|p2a: Hippowdon|Hippowdon, F|76/100
|-damage|p2a: Hippowdon|70/100|[from] Stealth Rock
|-weather|Sandstorm|[from] ability: Sand Stream|[of] p2a: Hippowdon
|move|p1a: Cobalion|Close Combat|p2a: Hippowdon
|-damage|p2a: Hippowdon|43/100
|-unboost|p1a: Cobalion|def|1
|-unboost|p1a: Cobalion|spd|1
|
|-weather|Sandstorm|[upkeep]
|upkeep
|turn|32
|
|t:|1662855685
|switch|p1a: Excadrill|Excadrill, F|100/100
|-damage|p1a: Excadrill|97/100|[from] Stealth Rock
|-ability|p1a: Excadrill|Mold Breaker
|move|p2a: Hippowdon|Slack Off|p2a: Hippowdon
|-heal|p2a: Hippowdon|93/100
|
|-weather|Sandstorm|[upkeep]
|-heal|p1a: Excadrill|100/100|[from] item: Leftovers
|upkeep
|turn|33
|
|t:|1662855709
|switch|p2a: Zarude|Zarude|73/100
|move|p1a: Excadrill|Rapid Spin|p2a: Zarude
|-damage|p2a: Zarude|57/100
|-boost|p1a: Excadrill|spe|1
|-sideend|p1: notily|Stealth Rock|[from] move: Rapid Spin|[of] p1a: Excadrill
|
|-weather|Sandstorm|[upkeep]
|-damage|p2a: Zarude|51/100|[from] Sandstorm
|upkeep
|turn|34
|
|t:|1662855718
|switch|p1a: Cobalion|Cobalion|87/100
|move|p2a: Zarude|U-turn|p1a: Cobalion
|-resisted|p1a: Cobalion
|-damage|p1a: Cobalion|82/100
|-damage|p2a: Zarude|34/100|[from] item: Rocky Helmet|[of] p1a: Cobalion
|
|t:|1662855723
|switch|p2a: Hippowdon|Hippowdon, F|93/100|[from]move: U-turn
|-damage|p2a: Hippowdon|86/100|[from] Stealth Rock
|
|-weather|Sandstorm|[upkeep]
|upkeep
|turn|35
|c|☆notily|im gonna get regi'd
|c|☆notily|fug
|inactive|notily has 270 seconds left.
|c|☆notily|whyd i let chand eat tox
|inactive|notily has 240 seconds left.
|
|t:|1662855788
|switch|p1a: Slowking|Slowking, M|100/100 tox
|move|p2a: Hippowdon|Stealth Rock|p1a: Slowking
|-sidestart|p1: notily|move: Stealth Rock
|
|-weather|none
|-damage|p1a: Slowking|94/100 tox|[from] psn
|upkeep
|turn|36
|inactive|notily has 240 seconds left.
|
|t:|1662855797
|switch|p2a: Zarude|Zarude|34/100
|move|p1a: Slowking|Teleport|p1a: Slowking
|inactive|notily has 240 seconds left.
|
|t:|1662855813
|switch|p1a: Tangrowth|Tangrowth, M|100/100 tox|[from]move: Teleport
|-damage|p1a: Tangrowth|88/100 tox|[from] Stealth Rock
|
|-damage|p1a: Tangrowth|82/100 tox|[from] psn
|upkeep
|turn|37
|
|t:|1662855823
|move|p2a: Zarude|U-turn|p1a: Tangrowth
|-supereffective|p1a: Tangrowth
|-damage|p1a: Tangrowth|56/100 tox
|
|t:|1662855832
|switch|p2a: Hippowdon|Hippowdon, F|86/100|[from]move: U-turn
|-damage|p2a: Hippowdon|80/100|[from] Stealth Rock
|-weather|Sandstorm|[from] ability: Sand Stream|[of] p2a: Hippowdon
|move|p1a: Tangrowth|Knock Off|p2a: Hippowdon
|-damage|p2a: Hippowdon|71/100
|
|-weather|Sandstorm|[upkeep]
|-damage|p1a: Tangrowth|50/100 tox|[from] Sandstorm
|-damage|p1a: Tangrowth|38/100 tox|[from] psn
|upkeep
|turn|38
|
|t:|1662855838
|switch|p1a: Slowking|Slowking, M|100/100 tox
|-damage|p1a: Slowking|88/100 tox|[from] Stealth Rock
|move|p2a: Hippowdon|Slack Off|p2a: Hippowdon
|-heal|p2a: Hippowdon|100/100
|
|-weather|Sandstorm|[upkeep]
|-damage|p1a: Slowking|82/100 tox|[from] Sandstorm
|-damage|p1a: Slowking|76/100 tox|[from] psn
|upkeep
|turn|39
|
|t:|1662855845
|move|p2a: Hippowdon|Earthquake|p1a: Slowking
|-damage|p1a: Slowking|48/100 tox
|move|p1a: Slowking|Scald|p2a: Hippowdon
|-supereffective|p2a: Hippowdon
|-damage|p2a: Hippowdon|49/100
|
|-weather|Sandstorm|[upkeep]
|-damage|p1a: Slowking|42/100 tox|[from] Sandstorm
|-damage|p1a: Slowking|30/100 tox|[from] psn
|upkeep
|turn|40
|
|t:|1662855859
|move|p2a: Hippowdon|Slack Off|p2a: Hippowdon
|-heal|p2a: Hippowdon|99/100
|move|p1a: Slowking|Slack Off|p1a: Slowking
|-heal|p1a: Slowking|80/100 tox
|
|-weather|Sandstorm|[upkeep]
|-damage|p1a: Slowking|74/100 tox|[from] Sandstorm
|-damage|p1a: Slowking|55/100 tox|[from] psn
|upkeep
|turn|41
|
|t:|1662855864
|switch|p1a: Tangrowth|Tangrowth, M|71/100 tox
|-damage|p1a: Tangrowth|58/100 tox|[from] Stealth Rock
|move|p2a: Hippowdon|Earthquake|p1a: Tangrowth
|-resisted|p1a: Tangrowth
|-damage|p1a: Tangrowth|47/100 tox
|
|-weather|none
|-damage|p1a: Tangrowth|41/100 tox|[from] psn
|upkeep
|turn|42
|
|t:|1662855882
|switch|p1a: Slowking|Slowking, M|89/100 tox
|-damage|p1a: Slowking|76/100 tox|[from] Stealth Rock
|move|p2a: Hippowdon|Slack Off|p2a: Hippowdon
|-heal|p2a: Hippowdon|100/100
|
|-damage|p1a: Slowking|70/100 tox|[from] psn
|upkeep
|turn|43
|
|t:|1662855887
|move|p2a: Hippowdon|Earthquake|p1a: Slowking
|-damage|p1a: Slowking|42/100 tox
|move|p1a: Slowking|Scald|p2a: Hippowdon
|-supereffective|p2a: Hippowdon
|-damage|p2a: Hippowdon|50/100
|
|-damage|p1a: Slowking|30/100 tox|[from] psn
|upkeep
|turn|44
|
|t:|1662855896
|move|p2a: Hippowdon|Slack Off|p2a: Hippowdon
|-heal|p2a: Hippowdon|100/100
|move|p1a: Slowking|Slack Off|p1a: Slowking
|-heal|p1a: Slowking|80/100 tox
|
|-damage|p1a: Slowking|61/100 tox|[from] psn
|upkeep
|turn|45
|
|t:|1662855904
|switch|p2a: Zarude|Zarude|34/100
|switch|p1a: Tangrowth|Tangrowth, M|74/100 tox
|-damage|p1a: Tangrowth|62/100 tox|[from] Stealth Rock
|
|-damage|p1a: Tangrowth|56/100 tox|[from] psn
|upkeep
|turn|46
|
|t:|1662855911
|switch|p1a: Cobalion|Cobalion|82/100
|-damage|p1a: Cobalion|79/100|[from] Stealth Rock
|move|p2a: Zarude|U-turn|p1a: Cobalion
|-resisted|p1a: Cobalion
|-damage|p1a: Cobalion|74/100
|-damage|p2a: Zarude|18/100|[from] item: Rocky Helmet|[of] p1a: Cobalion
|
|t:|1662855914
|switch|p2a: Zygarde|Zygarde-10%|56/100|[from]move: U-turn
|-damage|p2a: Zygarde|49/100|[from] Stealth Rock
|-ability|p2a: Zygarde|Aura Break
|
|upkeep
|turn|47
|inactive|notily has 270 seconds left.
|
|t:|1662855951
|switch|p1a: Tangrowth|Tangrowth, M|89/100 tox
|-damage|p1a: Tangrowth|76/100 tox|[from] Stealth Rock
|move|p2a: Zygarde|Thousand Arrows|p1a: Tangrowth
|-resisted|p1a: Tangrowth
|-damage|p1a: Tangrowth|59/100 tox
|
|-damage|p1a: Tangrowth|53/100 tox|[from] psn
|upkeep
|turn|48
|inactive|notily has 270 seconds left.
|
|t:|1662855973
|switch|p2a: Hippowdon|Hippowdon, F|100/100
|-damage|p2a: Hippowdon|94/100|[from] Stealth Rock
|-weather|Sandstorm|[from] ability: Sand Stream|[of] p2a: Hippowdon
|switch|p1a: Slowking|Slowking, M|95/100 tox
|-damage|p1a: Slowking|82/100 tox|[from] Stealth Rock
|
|-weather|Sandstorm|[upkeep]
|-damage|p1a: Slowking|76/100 tox|[from] Sandstorm
|-damage|p1a: Slowking|70/100 tox|[from] psn
|upkeep
|turn|49
|
|t:|1662855987
|switch|p2a: Registeel|Registeel|100/100
|-damage|p2a: Registeel|94/100|[from] Stealth Rock
|move|p1a: Slowking|Scald|p2a: Registeel
|-damage|p2a: Registeel|75/100
|
|-weather|Sandstorm|[upkeep]
|-damage|p1a: Slowking|64/100 tox|[from] Sandstorm
|-damage|p1a: Slowking|52/100 tox|[from] psn
|upkeep
|turn|50
|
|t:|1662855996
|move|p2a: Registeel|Amnesia|p2a: Registeel
|-boost|p2a: Registeel|spd|2
|move|p1a: Slowking|Teleport|p1a: Slowking
|
|t:|1662856000
|switch|p1a: Chandelure|Chandelure, F|69/100 tox|[from]move: Teleport
|-damage|p1a: Chandelure|45/100 tox|[from] Stealth Rock
|
|-weather|Sandstorm|[upkeep]
|-damage|p1a: Chandelure|38/100 tox|[from] Sandstorm
|-damage|p1a: Chandelure|32/100 tox|[from] psn
|upkeep
|turn|51
|
|t:|1662856009
|switch|p1a: Excadrill|Excadrill, F|100/100
|-damage|p1a: Excadrill|97/100|[from] Stealth Rock
|-ability|p1a: Excadrill|Mold Breaker
|switch|p2a: Primarina|Primarina, M|100/100 slp
|-damage|p2a: Primarina|88/100 slp|[from] Stealth Rock
|
|-weather|Sandstorm|[upkeep]
|-damage|p2a: Primarina|82/100 slp|[from] Sandstorm
|-heal|p1a: Excadrill|100/100|[from] item: Leftovers
|-heal|p2a: Primarina|88/100 slp|[from] item: Leftovers
|upkeep
|turn|52
|
|t:|1662856012
|move|p1a: Excadrill|Rapid Spin|p2a: Primarina
|-damage|p2a: Primarina|74/100 slp
|-boost|p1a: Excadrill|spe|1
|-sideend|p1: notily|Stealth Rock|[from] move: Rapid Spin|[of] p1a: Excadrill
|cant|p2a: Primarina|slp
|move|p2a: Primarina|Snore|p1a: Excadrill
|-supereffective|p1a: Excadrill
|-damage|p1a: Excadrill|41/100
|
|-weather|none
|-heal|p1a: Excadrill|47/100|[from] item: Leftovers
|-heal|p2a: Primarina|80/100 slp|[from] item: Leftovers
|upkeep
|turn|53
|
|t:|1662856025
|move|p1a: Excadrill|Earthquake|p2a: Primarina
|-damage|p2a: Primarina|31/100 slp
|cant|p2a: Primarina|slp
|move|p2a: Primarina|Snore|p1a: Excadrill
|-supereffective|p1a: Excadrill
|-damage|p1a: Excadrill|0 fnt
|faint|p1a: Excadrill
|
|-heal|p2a: Primarina|37/100 slp|[from] item: Leftovers
|upkeep
|
|t:|1662856036
|switch|p1a: Chandelure|Chandelure, F|32/100 tox
|turn|54
|
|t:|1662856045
|move|p1a: Chandelure|Shadow Ball|p2a: Primarina
|-damage|p2a: Primarina|0 fnt
|faint|p2a: Primarina
|
|-damage|p1a: Chandelure|26/100 tox|[from] psn
|upkeep
|
|t:|1662856049
|switch|p2a: Hippowdon|Hippowdon, F|94/100
|-damage|p2a: Hippowdon|88/100|[from] Stealth Rock
|-weather|Sandstorm|[from] ability: Sand Stream|[of] p2a: Hippowdon
|turn|55
|
|t:|1662856058
|move|p1a: Chandelure|Shadow Ball|p2a: Hippowdon
|-damage|p2a: Hippowdon|24/100
|move|p2a: Hippowdon|Stealth Rock|p1a: Chandelure
|-sidestart|p1: notily|move: Stealth Rock
|
|-weather|Sandstorm|[upkeep]
|-damage|p1a: Chandelure|20/100 tox|[from] Sandstorm
|-damage|p1a: Chandelure|8/100 tox|[from] psn
|upkeep
|turn|56
|
|t:|1662856064
|move|p1a: Chandelure|Shadow Ball|p2a: Hippowdon
|-damage|p2a: Hippowdon|0 fnt
|faint|p2a: Hippowdon
|
|-weather|Sandstorm|[upkeep]
|-damage|p1a: Chandelure|2/100 tox|[from] Sandstorm
|-damage|p1a: Chandelure|0 fnt|[from] psn
|faint|p1a: Chandelure
|upkeep
|inactive|notily has 270 seconds left.
|
|t:|1662856118
|switch|p1a: Cobalion|Cobalion|74/100
|switch|p2a: Zygarde|Zygarde-10%|49/100
|-damage|p2a: Zygarde|43/100|[from] Stealth Rock
|-ability|p2a: Zygarde|Aura Break
|-damage|p1a: Cobalion|71/100|[from] Stealth Rock
|turn|57
|inactive|notily has 240 seconds left.
|
|t:|1662856150
|switch|p1a: Slowking|Slowking, M|85/100 tox
|-damage|p1a: Slowking|73/100 tox|[from] Stealth Rock
|move|p2a: Zygarde|Thousand Arrows|p1a: Slowking
|-damage|p1a: Slowking|28/100 tox
|
|-weather|Sandstorm|[upkeep]
|-damage|p1a: Slowking|22/100 tox|[from] Sandstorm
|-damage|p1a: Slowking|16/100 tox|[from] psn
|upkeep
|turn|58
|
|t:|1662856159
|move|p2a: Zygarde|Thousand Arrows|p1a: Slowking
|-damage|p1a: Slowking|0 fnt
|faint|p1a: Slowking
|
|-weather|Sandstorm|[upkeep]
|upkeep
|
|t:|1662856177
|switch|p1a: Noivern|Noivern, M|84/100
|-item|p2a: Zygarde|Choice Band|[from] ability: Frisk|[of] p1a: Noivern|[identify]
|turn|59
|inactive|notily has 210 seconds left.
|
|t:|1662856205
|move|p1a: Noivern|Flamethrower|p2a: Zygarde
|-resisted|p2a: Zygarde
|-crit|p2a: Zygarde
|-damage|p2a: Zygarde|15/100
|move|p2a: Zygarde|Thousand Arrows|p1a: Noivern
|-damage|p1a: Noivern|1/100
|-start|p1a: Noivern|Smack Down
|
|-weather|none
|upkeep
|turn|60
|
|t:|1662856218
|move|p1a: Noivern|U-turn|p2a: Zygarde
|-damage|p2a: Zygarde|0 fnt
|faint|p2a: Zygarde
|
|t:|1662856221
|switch|p1a: Cobalion|Cobalion|71/100|[from]move: U-turn
|-damage|p1a: Cobalion|68/100|[from] Stealth Rock
|
|upkeep
|
|t:|1662856225
|switch|p2a: Registeel|Registeel|75/100
|-damage|p2a: Registeel|69/100|[from] Stealth Rock
|turn|61
|inactive|udongirl has 270 seconds left.
|
|t:|1662856265
|move|p1a: Cobalion|Close Combat|p2a: Registeel
|-supereffective|p2a: Registeel
|-damage|p2a: Registeel|19/100
|-unboost|p1a: Cobalion|def|1
|-unboost|p1a: Cobalion|spd|1
|move|p2a: Registeel|Rest|p2a: Registeel
|-status|p2a: Registeel|slp|[from] move: Rest
|-heal|p2a: Registeel|100/100 slp|[silent]
|-enditem|p2a: Registeel|Chesto Berry|[eat]
|-curestatus|p2a: Registeel|slp|[msg]
|
|upkeep
|turn|62
|
|t:|1662856272
|move|p1a: Cobalion|Close Combat|p2a: Registeel
|-supereffective|p2a: Registeel
|-damage|p2a: Registeel|49/100
|-unboost|p1a: Cobalion|def|1
|-unboost|p1a: Cobalion|spd|1
|move|p2a: Registeel|Iron Defense|p2a: Registeel
|-boost|p2a: Registeel|def|2
|
|upkeep
|turn|63
|inactive|udongirl has 270 seconds left.
|inactive|notily has 240 seconds left.
|inactive|udongirl has 240 seconds left.
|inactive|notily has 210 seconds left.
|
|t:|1662856352
|switch|p1a: Noivern|Noivern, M|1/100
|move|p2a: Registeel|Rest|p2a: Registeel
|-status|p2a: Registeel|slp|[from] move: Rest
|-heal|p2a: Registeel|100/100 slp|[silent]
|
|upkeep
|turn|64
|
|t:|1662856359
|move|p1a: Noivern|Flamethrower|p2a: Registeel
|-supereffective|p2a: Registeel
|-damage|p2a: Registeel|66/100 slp
|cant|p2a: Registeel|slp
|
|upkeep
|turn|65
|
|t:|1662856362
|move|p1a: Noivern|Flamethrower|p2a: Registeel
|-supereffective|p2a: Registeel
|-damage|p2a: Registeel|31/100 slp
|cant|p2a: Registeel|slp
|
|upkeep
|turn|66
|
|t:|1662856365
|move|p1a: Noivern|Flamethrower|p2a: Registeel
|-supereffective|p2a: Registeel
|-damage|p2a: Registeel|0 fnt
|faint|p2a: Registeel
|
|upkeep
|
|t:|1662856367
|switch|p2a: Zarude|Zarude|18/100
|turn|67
|
|t:|1662856369
|move|p1a: Noivern|Flamethrower|p2a: Zarude
|-supereffective|p2a: Zarude
|-damage|p2a: Zarude|0 fnt
|faint|p2a: Zarude
|
|win|notily
|c|☆udongirl|gg
