|j|☆Fairlumbo
|j|☆Synilis
|t:|1595525846
|player|p1|Fairlumbo|209|1490
|player|p2|Synilis|101|1368
|teamsize|p1|6
|teamsize|p2|6
|gametype|singles
|gen|8
|tier|[Gen 8] UU
|rated|
|clearpoke
|poke|p1|Jirachi|
|poke|p1|Weezing-Galar, M|
|poke|p1|Lycanroc-Dusk, F|
|poke|p1|Krookodile, F|
|poke|p1|Skarmory, F|
|poke|p1|Slowking, F|
|poke|p2|Indeedee, M|
|poke|p2|Hatterene, F|
|poke|p2|Mimikyu, M|
|poke|p2|Dhelmise|
|poke|p2|Sirfetch’d, F|
|poke|p2|Drampa, M|
|rule|Sleep Clause Mod: Limit one foe put to sleep
|rule|Species Clause: Limit one of each Pokémon
|rule|OHKO Clause: OHKO moves are banned
|rule|Evasion Moves Clause: Evasion moves are banned
|rule|Endless Battle Clause: Forcing endless battles is banned
|rule|HP Percentage Mod: HP is shown in percentages
|rule|Dynamax Clause: You cannot dynamax
|teampreview
|inactive|Battle timer is ON: inactive players will automatically lose when time's up. (requested by Synilis)
|
|t:|1595525858
|start
|switch|p1a: Krookodile|Krookodile, F|100/100
|switch|p2a: Indeedee|Indeedee, M|100/100
|-ability|p1a: Krookodile|Intimidate|boost
|-unboost|p2a: Indeedee|atk|1
|-fieldstart|move: Psychic Terrain|[from] ability: Psychic Surge|[of] p2a: Indeedee
|turn|1
|
|t:|1595525867
|switch|p1a: Jirachi|Jirachi, shiny|100/100
|move|p2a: Indeedee|Trick Room|p2a: Indeedee
|-fieldstart|move: Trick Room|[of] p2a: Indeedee
|
|upkeep
|turn|2
|
|t:|1595525877
|move|p2a: Indeedee|Mystical Fire|p1a: Jirachi
|-supereffective|p1a: Jirachi
|-damage|p1a: Jirachi|48/100
|-unboost|p1a: Jirachi|spa|1
|move|p1a: Jirachi|Thunderbolt|p2a: Indeedee
|-damage|p2a: Indeedee|81/100
|
|-heal|p1a: Jirachi|54/100|[from] item: Leftovers
|upkeep
|turn|3
|
|t:|1595525887
|switch|p1a: Slowking|Slowking, F|100/100
|move|p2a: Indeedee|Mystical Fire|p1a: Slowking
|-resisted|p1a: Slowking
|-damage|p1a: Slowking|91/100
|-unboost|p1a: Slowking|spa|1
|
|upkeep
|turn|4
|
|t:|1595525895
|move|p1a: Slowking|Future Sight|p2a: Indeedee
|-start|p1a: Slowking|move: Future Sight
|move|p2a: Indeedee|Tri Attack|p1a: Slowking
|-damage|p1a: Slowking|58/100
|-status|p1a: Slowking|brn
|
|-damage|p1a: Slowking|52/100 brn|[from] brn
|upkeep
|turn|5
|
|t:|1595525904
|move|p1a: Slowking|Slack Off|p1a: Slowking
|-heal|p1a: Slowking|100/100 brn
|move|p2a: Indeedee|Tri Attack|p1a: Slowking
|-damage|p1a: Slowking|69/100 brn
|
|-damage|p1a: Slowking|63/100 brn|[from] brn
|-fieldend|move: Psychic Terrain
|-fieldend|move: Trick Room
|upkeep
|turn|6
|
|t:|1595525914
|move|p1a: Slowking|Scald|p2a: Indeedee
|-damage|p2a: Indeedee|60/100
|-status|p2a: Indeedee|brn
|move|p2a: Indeedee|Trick Room|p2a: Indeedee
|-fieldstart|move: Trick Room|[of] p2a: Indeedee
|
|-end|p2a: Indeedee|move: Future Sight
|-resisted|p2a: Indeedee
|-damage|p2a: Indeedee|44/100 brn
|-damage|p1a: Slowking|57/100 brn|[from] brn
|-damage|p2a: Indeedee|38/100 brn|[from] brn
|upkeep
|turn|7
|
|t:|1595525925
|switch|p2a: Dhelmise|Dhelmise|100/100
|move|p1a: Slowking|Slack Off|p1a: Slowking
|-heal|p1a: Slowking|100/100 brn
|
|-damage|p1a: Slowking|94/100 brn|[from] brn
|upkeep
|turn|8
|
|t:|1595525935
|switch|p1a: Skarmory|Skarmory, F|100/100
|move|p2a: Dhelmise|Poltergeist|p1a: Skarmory
|-activate|p1a: Skarmory|move: Poltergeist|Leftovers
|-damage|p1a: Skarmory|46/100
|
|-heal|p1a: Skarmory|52/100|[from] item: Leftovers
|upkeep
|turn|9
|
|t:|1595525944
|switch|p1a: Krookodile|Krookodile, F|100/100
|-ability|p1a: Krookodile|Intimidate|boost
|-unboost|p2a: Dhelmise|atk|1
|move|p2a: Dhelmise|Poltergeist|p1a: Krookodile
|-activate|p1a: Krookodile|move: Poltergeist|Chople Berry
|-resisted|p1a: Krookodile
|-damage|p1a: Krookodile|59/100
|
|upkeep
|turn|10
|
|t:|1595525962
|switch|p2a: Sirfetch’d|Sirfetch’d, F|100/100
|switch|p1a: Weezing|Weezing-Galar, M|100/100
|
|-fieldend|move: Trick Room
|upkeep
|turn|11
|
|t:|1595525975
|switch|p2a: Indeedee|Indeedee, M|38/100 brn
|-fieldstart|move: Psychic Terrain|[from] ability: Psychic Surge|[of] p2a: Indeedee
|move|p1a: Weezing|Toxic Spikes|p2a: Indeedee
|-sidestart|p2: Synilis|move: Toxic Spikes
|
|-damage|p2a: Indeedee|32/100 brn|[from] brn
|upkeep
|turn|12
|
|t:|1595525984
|switch|p1a: Slowking|Slowking, F|100/100 brn
|move|p2a: Indeedee|Trick Room|p2a: Indeedee
|-fieldstart|move: Trick Room|[of] p2a: Indeedee
|
|-damage|p1a: Slowking|94/100 brn|[from] brn
|-damage|p2a: Indeedee|26/100 brn|[from] brn
|upkeep
|turn|13
|
|t:|1595525994
|switch|p2a: Sirfetch’d|Sirfetch’d, F|100/100
|-status|p2a: Sirfetch’d|psn
|move|p1a: Slowking|Future Sight|p2a: Sirfetch’d
|-start|p1a: Slowking|move: Future Sight
|
|-damage|p1a: Slowking|88/100 brn|[from] brn
|-damage|p2a: Sirfetch’d|88/100 psn|[from] psn
|upkeep
|turn|14
|
|t:|1595526003
|switch|p1a: Weezing|Weezing-Galar, M|100/100
|move|p2a: Sirfetch’d|Throat Chop|p1a: Weezing
|-resisted|p1a: Weezing
|-damage|p1a: Weezing|84/100
|-start|p1a: Weezing|Throat Chop|[silent]
|
|-heal|p1a: Weezing|90/100|[from] item: Black Sludge
|-damage|p2a: Sirfetch’d|76/100 psn|[from] psn
|upkeep
|turn|15
|
|t:|1595526014
|move|p2a: Sirfetch’d|Brave Bird|p1a: Weezing
|-damage|p1a: Weezing|47/100
|-damage|p2a: Sirfetch’d|63/100 psn|[from] Recoil
|move|p1a: Weezing|Strange Steam|p2a: Sirfetch’d
|-supereffective|p2a: Sirfetch’d
|-damage|p2a: Sirfetch’d|0 fnt
|faint|p2a: Sirfetch’d
|
|-hint|Future Sight did not hit because the target is the user.
|-heal|p1a: Weezing|53/100|[from] item: Black Sludge
|-fieldend|move: Psychic Terrain
|-end|p1a: Weezing|Throat Chop|[silent]
|upkeep
|
|t:|1595526030
|switch|p2a: Indeedee|Indeedee, M|26/100 brn
|-fieldstart|move: Psychic Terrain|[from] ability: Psychic Surge|[of] p2a: Indeedee
|turn|16
|
|t:|1595526049
|switch|p1a: Slowking|Slowking, F|100/100 brn
|move|p2a: Indeedee|Expanding Force|p1a: Slowking
|-resisted|p1a: Slowking
|-damage|p1a: Slowking|72/100 brn
|
|-damage|p1a: Slowking|66/100 brn|[from] brn
|-damage|p2a: Indeedee|20/100 brn|[from] brn
|-fieldend|move: Trick Room
|upkeep
|turn|17
|
|t:|1595526059
|move|p1a: Slowking|Teleport|p1a: Slowking
|
|t:|1595526066
|switch|p1a: Lycanroc|Lycanroc-Dusk, F, shiny|100/100|[from]move: Teleport
|move|p2a: Indeedee|Trick Room|p2a: Indeedee
|-fieldstart|move: Trick Room|[of] p2a: Indeedee
|
|-damage|p2a: Indeedee|13/100 brn|[from] brn
|upkeep
|turn|18
|
|t:|1595526075
|move|p1a: Lycanroc|Accelerock|p2a: Indeedee
|-activate|p2a: Indeedee|move: Psychic Terrain
|move|p2a: Indeedee|Expanding Force|p1a: Lycanroc
|-damage|p1a: Lycanroc|0 fnt
|faint|p1a: Lycanroc
|
|-damage|p2a: Indeedee|7/100 brn|[from] brn
|upkeep
|
|t:|1595526080
|switch|p1a: Slowking|Slowking, F|99/100 brn
|turn|19
|
|t:|1595526087
|move|p1a: Slowking|Scald|p2a: Indeedee
|-damage|p2a: Indeedee|0 fnt
|faint|p2a: Indeedee
|
|-damage|p1a: Slowking|93/100 brn|[from] brn
|upkeep
|
|t:|1595526094
|switch|p2a: Dhelmise|Dhelmise|100/100
|-status|p2a: Dhelmise|psn
|turn|20
|
|t:|1595526099
|switch|p1a: Skarmory|Skarmory, F|52/100
|move|p2a: Dhelmise|Poltergeist|p1a: Skarmory
|-activate|p1a: Skarmory|move: Poltergeist|Leftovers
|-damage|p1a: Skarmory|0 fnt
|faint|p1a: Skarmory
|
|-damage|p2a: Dhelmise|88/100 psn|[from] psn
|-fieldend|move: Psychic Terrain
|upkeep
|
|t:|1595526108
|switch|p1a: Krookodile|Krookodile, F|59/100
|-ability|p1a: Krookodile|Intimidate|boost
|-unboost|p2a: Dhelmise|atk|1
|turn|21
|
|t:|1595526119
|switch|p2a: Drampa|Drampa, M|100/100
|-status|p2a: Drampa|psn
|move|p1a: Krookodile|Knock Off|p2a: Drampa
|-damage|p2a: Drampa|53/100 psn
|-enditem|p2a: Drampa|Choice Specs|[from] move: Knock Off|[of] p1a: Krookodile
|
|-damage|p2a: Drampa|40/100 psn|[from] psn
|-fieldend|move: Trick Room
|upkeep
|turn|22
|
|t:|1595526130
|move|p1a: Krookodile|Earthquake|p2a: Drampa
|-damage|p2a: Drampa|0 fnt
|faint|p2a: Drampa
|
|upkeep
|
|t:|1595526135
|switch|p2a: Hatterene|Hatterene, F|100/100
|-status|p2a: Hatterene|psn
|turn|23
|
|t:|1595526143
|switch|p1a: Slowking|Slowking, F|100/100 brn
|move|p2a: Hatterene|Trick Room|p2a: Hatterene
|-fieldstart|move: Trick Room|[of] p2a: Hatterene
|
|-damage|p2a: Hatterene|88/100 psn|[from] psn
|-damage|p1a: Slowking|94/100 brn|[from] brn
|upkeep
|turn|24
|
|t:|1595526151
|switch|p2a: Dhelmise|Dhelmise|88/100 psn
|move|p1a: Slowking|Scald|p2a: Dhelmise
|-resisted|p2a: Dhelmise
|-damage|p2a: Dhelmise|73/100 psn
|
|-damage|p2a: Dhelmise|61/100 psn|[from] psn
|-damage|p1a: Slowking|88/100 brn|[from] brn
|upkeep
|turn|25
|
|t:|1595526161
|move|p2a: Dhelmise|Poltergeist|p1a: Slowking
|-activate|p1a: Slowking|move: Poltergeist|Heavy-Duty Boots
|-supereffective|p1a: Slowking
|-damage|p1a: Slowking|0 fnt
|faint|p1a: Slowking
|
|-damage|p2a: Dhelmise|49/100 psn|[from] psn
|upkeep
|
|t:|1595526167
|switch|p1a: Weezing|Weezing-Galar, M|53/100
|turn|26
|
|t:|1595526172
|move|p2a: Dhelmise|Poltergeist|p1a: Weezing
|-activate|p1a: Weezing|move: Poltergeist|Black Sludge
|-damage|p1a: Weezing|0 fnt
|faint|p1a: Weezing
|
|-damage|p2a: Dhelmise|37/100 psn|[from] psn
|upkeep
|
|t:|1595526178
|switch|p1a: Krookodile|Krookodile, F|59/100
|-ability|p1a: Krookodile|Intimidate|boost
|-unboost|p2a: Dhelmise|atk|1
|turn|27
|
|t:|1595526183
|move|p2a: Dhelmise|Poltergeist|p1a: Krookodile
|-activate|p1a: Krookodile|move: Poltergeist|Chople Berry
|-resisted|p1a: Krookodile
|-damage|p1a: Krookodile|22/100
|move|p1a: Krookodile|Knock Off|p2a: Dhelmise
|-supereffective|p2a: Dhelmise
|-damage|p2a: Dhelmise|0 fnt
|-enditem|p2a: Dhelmise|Choice Band|[from] move: Knock Off|[of] p1a: Krookodile
|faint|p2a: Dhelmise
|
|-fieldend|move: Trick Room
|upkeep
|
|t:|1595526194
|switch|p2a: Mimikyu|Mimikyu, M|100/100
|-status|p2a: Mimikyu|psn
|turn|28
|
|t:|1595526199
|move|p1a: Krookodile|Knock Off|p2a: Mimikyu
|-activate|p2a: Mimikyu|ability: Disguise
|-damage|p2a: Mimikyu|100/100 psn
|-enditem|p2a: Mimikyu|Room Service|[from] move: Knock Off|[of] p1a: Krookodile
|detailschange|p2a: Mimikyu|Mimikyu-Busted, M
|-damage|p2a: Mimikyu|88/100 psn|[from] pokemon: Mimikyu-Busted
|move|p2a: Mimikyu|Trick Room|p2a: Mimikyu
|-fieldstart|move: Trick Room|[of] p2a: Mimikyu
|
|-damage|p2a: Mimikyu|76/100 psn|[from] psn
|upkeep
|turn|29
|
|t:|1595526212
|move|p2a: Mimikyu|Drain Punch|p1a: Krookodile
|-supereffective|p1a: Krookodile
|-enditem|p1a: Krookodile|Chople Berry|[eat]
|-enditem|p1a: Krookodile|Chople Berry|[weaken]
|-damage|p1a: Krookodile|0 fnt
|-heal|p2a: Mimikyu|87/100 psn|[from] drain|[of] p1a: Krookodile
|faint|p1a: Krookodile
|
|-damage|p2a: Mimikyu|74/100 psn|[from] psn
|upkeep
|
|t:|1595526217
|switch|p1a: Jirachi|Jirachi, shiny|54/100
|turn|30
|
|t:|1595526224
|move|p2a: Mimikyu|Shadow Claw|p1a: Jirachi
|-supereffective|p1a: Jirachi
|-damage|p1a: Jirachi|0 fnt
|faint|p1a: Jirachi
|
|win|Synilis
|l|☆Fairlumbo
|c|☆Synilis|Gg
||Ladder (probably) updated, but score could not be retrieved (Request timeout).
