|j|☆rulky
|j|☆pokemonisfun
|t:|1667574503
|gametype|singles
|player|p1|rulky|maid|1502
|player|p2|pokemonisfun|#uutrio2ladder|1741
|teamsize|p1|6
|teamsize|p2|6
|gen|8
|tier|[Gen 8] UU
|rated|
|rule|Sleep Clause Mod: Limit one foe put to sleep
|rule|Species Clause: Limit one of each Pokémon
|rule|OHKO Clause: OHKO moves are banned
|rule|Evasion Items Clause: Evasion items are banned
|rule|Evasion Moves Clause: Evasion moves are banned
|rule|Endless Battle Clause: Forcing endless battles is banned
|rule|HP Percentage Mod: HP is shown in percentages
|rule|Dynamax Clause: You cannot dynamax
|clearpoke
|poke|p1|Hydreigon, M|
|poke|p1|Keldeo-Resolute|
|poke|p1|Scizor, M|
|poke|p1|Hippowdon, F|
|poke|p1|Tangrowth, F|
|poke|p1|Skarmory, F|
|poke|p2|Toxtricity, M|
|poke|p2|Sylveon, M|
|poke|p2|Scizor, M|
|poke|p2|Hippowdon, M|
|poke|p2|Rotom-Wash|
|poke|p2|Milotic, F|
|teampreview
|c|☆rulky|Oh it you
|c|☆rulky|Gross
|
|t:|1667574542
|start
|switch|p1a: Hydreigon|Hydreigon, M|100/100
|switch|p2a: punchy wunchy|Scizor, M|100/100
|turn|1
|c|☆pokemonisfun|suck
|c|☆pokemonisfun|you
|
|t:|1667574547
|switch|p2a: kitty katty|Sylveon, M|100/100
|move|p1a: Hydreigon|U-turn|p2a: kitty katty
|-resisted|p2a: kitty katty
|-damage|p2a: kitty katty|93/100
|c|☆rulky|Wow not even the f word
|
|t:|1667574567
|switch|p1a: Tangrowth|Tangrowth, F|100/100|[from]move: U-turn
|
|-heal|p2a: kitty katty|99/100|[from] item: Leftovers
|upkeep
|turn|2
|
|t:|1667574575
|switch|p2a: punchy wunchy|Scizor, M|100/100
|move|p1a: Tangrowth|Knock Off|p2a: punchy wunchy
|-damage|p2a: punchy wunchy|83/100
|-enditem|p2a: punchy wunchy|Heavy-Duty Boots|[from] move: Knock Off|[of] p1a: Tangrowth
|
|upkeep
|turn|3
|
|t:|1667574580
|switch|p1a: Skarmory|Skarmory, F|100/100
|move|p2a: punchy wunchy|Knock Off|p1a: Skarmory
|-damage|p1a: Skarmory|82/100
|-damage|p2a: punchy wunchy|67/100|[from] item: Rocky Helmet|[of] p1a: Skarmory
|-enditem|p1a: Skarmory|Rocky Helmet|[from] move: Knock Off|[of] p2a: punchy wunchy
|
|upkeep
|turn|4
|
|t:|1667574585
|move|p1a: Skarmory|Spikes|p2a: punchy wunchy
|-sidestart|p2: pokemonisfun|Spikes
|move|p2a: punchy wunchy|U-turn|p1a: Skarmory
|-resisted|p1a: Skarmory
|-damage|p1a: Skarmory|77/100
|
|t:|1667574587
|switch|p2a: funky punky|Toxtricity, M|100/100|[from]move: U-turn
|-damage|p2a: funky punky|88/100|[from] Spikes
|
|upkeep
|turn|5
|
|t:|1667574590
|move|p2a: funky punky|Boomburst|p1a: Skarmory
|-resisted|p1a: Skarmory
|-damage|p1a: Skarmory|13/100
|move|p1a: Skarmory|Spikes|p2a: funky punky
|-sidestart|p2: pokemonisfun|Spikes
|
|upkeep
|turn|6
|
|t:|1667574598
|move|p2a: funky punky|Boomburst|p1a: Skarmory
|-resisted|p1a: Skarmory
|-damage|p1a: Skarmory|0 fnt
|faint|p1a: Skarmory
|
|upkeep
|
|t:|1667574600
|switch|p1a: Hydreigon|Hydreigon, M|100/100
|turn|7
|
|t:|1667574603
|switch|p2a: kitty katty|Sylveon, M|99/100
|-damage|p2a: kitty katty|83/100|[from] Spikes
|move|p1a: Hydreigon|Dark Pulse|p2a: kitty katty
|-resisted|p2a: kitty katty
|-damage|p2a: kitty katty|65/100
|
|-heal|p2a: kitty katty|71/100|[from] item: Leftovers
|upkeep
|turn|8
|
|t:|1667574607
|switch|p1a: Scizor|Scizor, M|100/100
|move|p2a: kitty katty|Wish|p2a: kitty katty
|
|-heal|p2a: kitty katty|77/100|[from] item: Leftovers
|upkeep
|turn|9
|
|t:|1667574614
|switch|p2a: wishy washy|Rotom-Wash|100/100
|move|p1a: Scizor|U-turn|p2a: wishy washy
|-damage|p2a: wishy washy|31/100
|
|t:|1667574617
|switch|p1a: Hydreigon|Hydreigon, M|100/100|[from]move: U-turn
|
|-heal|p2a: wishy washy|100/100|[from] move: Wish|[wisher] kitty katty
|upkeep
|turn|10
|
|t:|1667574622
|move|p2a: wishy washy|Defog|p1a: Hydreigon
|-unboost|p1a: Hydreigon|evasion|1
|-sideend|p2: pokemonisfun|Spikes|[from] move: Defog|[of] p2a: wishy washy
|move|p1a: Hydreigon|Draco Meteor|p2a: wishy washy
|-damage|p2a: wishy washy|0 fnt
|-unboost|p1a: Hydreigon|spa|2
|faint|p2a: wishy washy
|
|upkeep
|c|☆pokemonisfun|max roll
|
|t:|1667574635
|switch|p2a: hip(pos) dont lie|Hippowdon, M|100/100
|-weather|Sandstorm|[from] ability: Sand Stream|[of] p2a: hip(pos) dont lie
|turn|11
|c|☆rulky|Nah you just ass
|
|t:|1667574642
|switch|p1a: Hippowdon|Hippowdon, F|100/100
|move|p2a: hip(pos) dont lie|Stealth Rock|p1a: Hippowdon
|-sidestart|p1: rulky|move: Stealth Rock
|
|-weather|Sandstorm|[upkeep]
|upkeep
|turn|12
|
|t:|1667574647
|move|p2a: hip(pos) dont lie|Toxic|p1a: Hippowdon
|-status|p1a: Hippowdon|tox
|move|p1a: Hippowdon|Toxic|p2a: hip(pos) dont lie
|-status|p2a: hip(pos) dont lie|tox
|
|-weather|Sandstorm|[upkeep]
|-damage|p2a: hip(pos) dont lie|94/100 tox|[from] psn
|-damage|p1a: Hippowdon|94/100 tox|[from] psn
|upkeep
|turn|13
|
|t:|1667574652
|switch|p2a: punchy wunchy|Scizor, M|67/100
|move|p1a: Hippowdon|Stealth Rock|p2a: punchy wunchy
|-sidestart|p2: pokemonisfun|move: Stealth Rock
|
|-weather|Sandstorm|[upkeep]
|-heal|p1a: Hippowdon|100/100 tox|[from] item: Leftovers
|-damage|p1a: Hippowdon|88/100 tox|[from] psn
|upkeep
|turn|14
|
|t:|1667574656
|switch|p1a: Keldeo|Keldeo-Resolute|100/100
|-damage|p1a: Keldeo|94/100|[from] Stealth Rock
|move|p2a: punchy wunchy|Knock Off|p1a: Keldeo
|-resisted|p1a: Keldeo
|-damage|p1a: Keldeo|77/100
|-ability|p1a: Keldeo|Justified|boost
|-boost|p1a: Keldeo|atk|1
|-enditem|p1a: Keldeo|Choice Specs|[from] move: Knock Off|[of] p2a: punchy wunchy
|
|-weather|Sandstorm|[upkeep]
|-damage|p1a: Keldeo|70/100|[from] Sandstorm
|upkeep
|turn|15
|
|t:|1667574660
|switch|p2a: kitty katty|Sylveon, M|77/100
|-damage|p2a: kitty katty|64/100|[from] Stealth Rock
|move|p1a: Keldeo|Secret Sword|p2a: kitty katty
|-resisted|p2a: kitty katty
|-damage|p2a: kitty katty|42/100
|
|-weather|none
|-heal|p2a: kitty katty|48/100|[from] item: Leftovers
|upkeep
|turn|16
|
|t:|1667574665
|move|p1a: Keldeo|Hydro Pump|p2a: kitty katty
|-damage|p2a: kitty katty|17/100
|move|p2a: kitty katty|Wish|p2a: kitty katty
|
|-heal|p2a: kitty katty|23/100|[from] item: Leftovers
|upkeep
|turn|17
|
|t:|1667574668
|switch|p1a: Scizor|Scizor, M|100/100
|-damage|p1a: Scizor|88/100|[from] Stealth Rock
|move|p2a: kitty katty|Protect||[still]
|-fail|p2a: kitty katty
|
|-heal|p2a: kitty katty|73/100|[from] move: Wish|[wisher] kitty katty
|-heal|p2a: kitty katty|79/100|[from] item: Leftovers
|upkeep
|turn|18
|
|t:|1667574672
|move|p2a: kitty katty|Protect|p2a: kitty katty
|-singleturn|p2a: kitty katty|Protect
|move|p1a: Scizor|Bullet Punch|p2a: kitty katty
|-activate|p2a: kitty katty|move: Protect
|
|-heal|p2a: kitty katty|85/100|[from] item: Leftovers
|upkeep
|turn|19
|
|t:|1667574675
|switch|p1a: Keldeo|Keldeo-Resolute|70/100
|-damage|p1a: Keldeo|64/100|[from] Stealth Rock
|switch|p2a: smekky snek|Milotic, F|100/100
|
|upkeep
|turn|20
|
|t:|1667574678
|move|p1a: Keldeo|Secret Sword|p2a: smekky snek
|-damage|p2a: smekky snek|63/100
|move|p2a: smekky snek|Toxic|p1a: Keldeo
|-status|p1a: Keldeo|tox
|
|-damage|p1a: Keldeo|58/100 tox|[from] psn
|upkeep
|turn|21
|
|t:|1667574682
|switch|p1a: Tangrowth|Tangrowth, F|100/100
|-damage|p1a: Tangrowth|88/100|[from] Stealth Rock
|move|p2a: smekky snek|Recover|p2a: smekky snek
|-heal|p2a: smekky snek|100/100
|
|upkeep
|turn|22
|c|☆pokemonisfun|gg
|c|☆pokemonisfun|i win
|
|t:|1667574686
|switch|p2a: punchy wunchy|Scizor, M|67/100
|-damage|p2a: punchy wunchy|54/100|[from] Stealth Rock
|move|p1a: Tangrowth|Focus Blast|p2a: punchy wunchy
|-crit|p2a: punchy wunchy
|-damage|p2a: punchy wunchy|2/100
|
|upkeep
|turn|23
|
|t:|1667574692
|switch|p1a: Scizor|Scizor, M|88/100
|-damage|p1a: Scizor|75/100|[from] Stealth Rock
|move|p2a: punchy wunchy|Roost|p2a: punchy wunchy
|-heal|p2a: punchy wunchy|52/100
|-singleturn|p2a: punchy wunchy|move: Roost
|
|upkeep
|turn|24
|
|t:|1667574722
|switch|p2a: hip(pos) dont lie|Hippowdon, M|94/100 tox
|-damage|p2a: hip(pos) dont lie|88/100 tox|[from] Stealth Rock
|-weather|Sandstorm|[from] ability: Sand Stream|[of] p2a: hip(pos) dont lie
|move|p1a: Scizor|Dual Wingbeat|p2a: hip(pos) dont lie
|-damage|p2a: hip(pos) dont lie|69/100 tox
|-damage|p1a: Scizor|59/100|[from] item: Rocky Helmet|[of] p2a: hip(pos) dont lie
|-damage|p2a: hip(pos) dont lie|49/100 tox
|-damage|p1a: Scizor|42/100|[from] item: Rocky Helmet|[of] p2a: hip(pos) dont lie
|-hitcount|p2a: hip(pos) dont lie|2
|
|-weather|Sandstorm|[upkeep]
|-damage|p2a: hip(pos) dont lie|43/100 tox|[from] psn
|upkeep
|turn|25
|
|t:|1667574728
|switch|p1a: Hydreigon|Hydreigon, M|100/100
|-damage|p1a: Hydreigon|88/100|[from] Stealth Rock
|move|p2a: hip(pos) dont lie|Slack Off|p2a: hip(pos) dont lie
|-heal|p2a: hip(pos) dont lie|93/100 tox
|
|-weather|Sandstorm|[upkeep]
|-damage|p1a: Hydreigon|82/100|[from] Sandstorm
|-damage|p2a: hip(pos) dont lie|80/100 tox|[from] psn
|upkeep
|turn|26
|
|t:|1667574738
|move|p1a: Hydreigon|Fire Blast|p2a: hip(pos) dont lie
|-damage|p2a: hip(pos) dont lie|32/100 tox
|move|p2a: hip(pos) dont lie|Slack Off|p2a: hip(pos) dont lie
|-heal|p2a: hip(pos) dont lie|82/100 tox
|
|-weather|Sandstorm|[upkeep]
|-damage|p1a: Hydreigon|76/100|[from] Sandstorm
|-damage|p2a: hip(pos) dont lie|63/100 tox|[from] psn
|upkeep
|turn|27
|
|t:|1667574743
|switch|p1a: Keldeo|Keldeo-Resolute|58/100 tox
|-damage|p1a: Keldeo|52/100 tox|[from] Stealth Rock
|switch|p2a: smekky snek|Milotic, F|100/100
|
|-weather|Sandstorm|[upkeep]
|-damage|p1a: Keldeo|46/100 tox|[from] Sandstorm
|-damage|p2a: smekky snek|94/100|[from] Sandstorm
|-damage|p1a: Keldeo|40/100 tox|[from] psn
|upkeep
|turn|28
|
|t:|1667574757
|move|p1a: Keldeo|Secret Sword|p2a: smekky snek
|-crit|p2a: smekky snek
|-damage|p2a: smekky snek|37/100
|move|p2a: smekky snek|Scald|p1a: Keldeo
|-resisted|p1a: Keldeo
|-damage|p1a: Keldeo|24/100 tox
|
|-weather|none
|-damage|p1a: Keldeo|11/100 tox|[from] psn
|upkeep
|turn|29
|
|t:|1667574761
|move|p1a: Keldeo|Secret Sword|p2a: smekky snek
|-damage|p2a: smekky snek|0 fnt
|faint|p2a: smekky snek
|
|-damage|p1a: Keldeo|0 fnt|[from] psn
|faint|p1a: Keldeo
|upkeep
|
|t:|1667574770
|switch|p1a: Tangrowth|Tangrowth, F|100/100
|switch|p2a: kitty katty|Sylveon, M|85/100
|-damage|p2a: kitty katty|72/100|[from] Stealth Rock
|-damage|p1a: Tangrowth|88/100|[from] Stealth Rock
|turn|30
|
|t:|1667574773
|move|p2a: kitty katty|Protect|p2a: kitty katty
|-singleturn|p2a: kitty katty|Protect
|move|p1a: Tangrowth|Knock Off|p2a: kitty katty
|-activate|p2a: kitty katty|move: Protect
|
|-heal|p2a: kitty katty|78/100|[from] item: Leftovers
|upkeep
|turn|31
|
|t:|1667574776
|switch|p2a: punchy wunchy|Scizor, M|52/100
|-damage|p2a: punchy wunchy|40/100|[from] Stealth Rock
|move|p1a: Tangrowth|Sludge Bomb|p2a: punchy wunchy
|-immune|p2a: punchy wunchy
|
|upkeep
|turn|32
|
|t:|1667574779
|switch|p1a: Hydreigon|Hydreigon, M|76/100
|-damage|p1a: Hydreigon|64/100|[from] Stealth Rock
|move|p2a: punchy wunchy|Roost|p2a: punchy wunchy
|-heal|p2a: punchy wunchy|90/100
|-singleturn|p2a: punchy wunchy|move: Roost
|
|upkeep
|turn|33
|
|t:|1667574790
|switch|p2a: kitty katty|Sylveon, M|78/100
|-damage|p2a: kitty katty|66/100|[from] Stealth Rock
|move|p1a: Hydreigon|Fire Blast|p2a: kitty katty
|-damage|p2a: kitty katty|35/100
|
|-heal|p2a: kitty katty|41/100|[from] item: Leftovers
|upkeep
|turn|34
|c|☆rulky|Crit
|
|t:|1667574798
|move|p1a: Hydreigon|Fire Blast|p2a: kitty katty
|-damage|p2a: kitty katty|7/100
|move|p2a: kitty katty|Wish|p2a: kitty katty
|
|-heal|p2a: kitty katty|13/100|[from] item: Leftovers
|upkeep
|turn|35
|
|t:|1667574802
|switch|p1a: Hippowdon|Hippowdon, F|88/100 tox
|-damage|p1a: Hippowdon|82/100 tox|[from] Stealth Rock
|-weather|Sandstorm|[from] ability: Sand Stream|[of] p1a: Hippowdon
|move|p2a: kitty katty|Protect||[still]
|-fail|p2a: kitty katty
|
|-weather|Sandstorm|[upkeep]
|-damage|p2a: kitty katty|7/100|[from] Sandstorm
|-heal|p2a: kitty katty|57/100|[from] move: Wish|[wisher] kitty katty
|-heal|p2a: kitty katty|63/100|[from] item: Leftovers
|-heal|p1a: Hippowdon|88/100 tox|[from] item: Leftovers
|-damage|p1a: Hippowdon|82/100 tox|[from] psn
|upkeep
|turn|36
|
|t:|1667574808
|move|p2a: kitty katty|Protect|p2a: kitty katty
|-singleturn|p2a: kitty katty|Protect
|move|p1a: Hippowdon|Toxic|p2a: kitty katty
|-activate|p2a: kitty katty|move: Protect
|
|-weather|Sandstorm|[upkeep]
|-damage|p2a: kitty katty|57/100|[from] Sandstorm
|-heal|p2a: kitty katty|63/100|[from] item: Leftovers
|-heal|p1a: Hippowdon|88/100 tox|[from] item: Leftovers
|-damage|p1a: Hippowdon|76/100 tox|[from] psn
|upkeep
|turn|37
|
|t:|1667574810
|switch|p2a: punchy wunchy|Scizor, M|90/100
|-damage|p2a: punchy wunchy|77/100|[from] Stealth Rock
|move|p1a: Hippowdon|Toxic|p2a: punchy wunchy
|-immune|p2a: punchy wunchy
|
|-weather|Sandstorm|[upkeep]
|-heal|p1a: Hippowdon|82/100 tox|[from] item: Leftovers
|-damage|p1a: Hippowdon|63/100 tox|[from] psn
|upkeep
|turn|38
|
|t:|1667574814
|move|p2a: punchy wunchy|Knock Off|p1a: Hippowdon
|-damage|p1a: Hippowdon|42/100 tox
|-enditem|p1a: Hippowdon|Leftovers|[from] move: Knock Off|[of] p2a: punchy wunchy
|move|p1a: Hippowdon|Earthquake|p2a: punchy wunchy
|-damage|p2a: punchy wunchy|46/100
|
|-weather|Sandstorm|[upkeep]
|-damage|p1a: Hippowdon|18/100 tox|[from] psn
|upkeep
|turn|39
|
|t:|1667574817
|switch|p1a: Hydreigon|Hydreigon, M|64/100
|-damage|p1a: Hydreigon|51/100|[from] Stealth Rock
|move|p2a: punchy wunchy|Roost|p2a: punchy wunchy
|-heal|p2a: punchy wunchy|96/100
|-singleturn|p2a: punchy wunchy|move: Roost
|
|-weather|none
|upkeep
|turn|40
|
|t:|1667574825
|switch|p2a: hip(pos) dont lie|Hippowdon, M|63/100 tox
|-damage|p2a: hip(pos) dont lie|57/100 tox|[from] Stealth Rock
|-weather|Sandstorm|[from] ability: Sand Stream|[of] p2a: hip(pos) dont lie
|move|p1a: Hydreigon|Fire Blast|p2a: hip(pos) dont lie
|-damage|p2a: hip(pos) dont lie|8/100 tox
|
|-weather|Sandstorm|[upkeep]
|-damage|p1a: Hydreigon|45/100|[from] Sandstorm
|-damage|p2a: hip(pos) dont lie|2/100 tox|[from] psn
|upkeep
|turn|41
|
|t:|1667574827
|move|p1a: Hydreigon|Fire Blast|p2a: hip(pos) dont lie
|-damage|p2a: hip(pos) dont lie|0 fnt
|faint|p2a: hip(pos) dont lie
|
|-weather|Sandstorm|[upkeep]
|-damage|p1a: Hydreigon|39/100|[from] Sandstorm
|upkeep
|
|t:|1667574829
|switch|p2a: kitty katty|Sylveon, M|63/100
|-damage|p2a: kitty katty|51/100|[from] Stealth Rock
|turn|42
|
|t:|1667574832
|switch|p1a: Scizor|Scizor, M|42/100
|-damage|p1a: Scizor|30/100|[from] Stealth Rock
|move|p2a: kitty katty|Wish|p2a: kitty katty
|
|-weather|Sandstorm|[upkeep]
|-damage|p2a: kitty katty|45/100|[from] Sandstorm
|-heal|p2a: kitty katty|51/100|[from] item: Leftovers
|upkeep
|turn|43
|
|t:|1667574838
|switch|p2a: punchy wunchy|Scizor, M|96/100
|-damage|p2a: punchy wunchy|83/100|[from] Stealth Rock
|move|p1a: Scizor|Dual Wingbeat|p2a: punchy wunchy
|-damage|p2a: punchy wunchy|53/100
|-damage|p2a: punchy wunchy|23/100
|-hitcount|p2a: punchy wunchy|2
|
|-weather|Sandstorm|[upkeep]
|-heal|p2a: punchy wunchy|80/100|[from] move: Wish|[wisher] kitty katty
|upkeep
|turn|44
|
|t:|1667574845
|move|p1a: Scizor|Dual Wingbeat|p2a: punchy wunchy
|-damage|p2a: punchy wunchy|51/100
|-damage|p2a: punchy wunchy|21/100
|-hitcount|p2a: punchy wunchy|2
|move|p2a: punchy wunchy|Knock Off|p1a: Scizor
|-damage|p1a: Scizor|1/100
|-enditem|p1a: Scizor|Choice Band|[from] move: Knock Off|[of] p2a: punchy wunchy
|
|-weather|none
|upkeep
|turn|45
|
|t:|1667574854
|switch|p2a: funky punky|Toxtricity, M|88/100
|-damage|p2a: funky punky|76/100|[from] Stealth Rock
|move|p1a: Scizor|Bullet Punch|p2a: funky punky
|-resisted|p2a: funky punky
|-damage|p2a: funky punky|50/100
|
|upkeep
|turn|46
|
|t:|1667574858
|move|p1a: Scizor|Bullet Punch|p2a: funky punky
|-resisted|p2a: funky punky
|-damage|p2a: funky punky|21/100
|move|p2a: funky punky|Boomburst|p1a: Scizor
|-resisted|p1a: Scizor
|-damage|p1a: Scizor|0 fnt
|faint|p1a: Scizor
|
|upkeep
|
|t:|1667574862
|switch|p1a: Hydreigon|Hydreigon, M|39/100
|-damage|p1a: Hydreigon|27/100|[from] Stealth Rock
|turn|47
|
|t:|1667574864
|move|p1a: Hydreigon|Fire Blast|p2a: funky punky
|-damage|p2a: funky punky|0 fnt
|faint|p2a: funky punky
|
|upkeep
|
|t:|1667574869
|switch|p2a: kitty katty|Sylveon, M|51/100
|-damage|p2a: kitty katty|38/100|[from] Stealth Rock
|turn|48
|
|t:|1667574872
|move|p1a: Hydreigon|Fire Blast|p2a: kitty katty
|-damage|p2a: kitty katty|8/100
|move|p2a: kitty katty|Wish|p2a: kitty katty
|
|-heal|p2a: kitty katty|14/100|[from] item: Leftovers
|upkeep
|turn|49
|
|t:|1667574877
|switch|p1a: Tangrowth|Tangrowth, F|100/100
|-damage|p1a: Tangrowth|88/100|[from] Stealth Rock
|move|p2a: kitty katty|Protect||[still]
|-fail|p2a: kitty katty
|
|-heal|p2a: kitty katty|64/100|[from] move: Wish|[wisher] kitty katty
|-heal|p2a: kitty katty|70/100|[from] item: Leftovers
|upkeep
|turn|50
|
|t:|1667574881
|move|p2a: kitty katty|Protect|p2a: kitty katty
|-singleturn|p2a: kitty katty|Protect
|move|p1a: Tangrowth|Focus Blast|p2a: kitty katty
|-activate|p2a: kitty katty|move: Protect
|
|-heal|p2a: kitty katty|76/100|[from] item: Leftovers
|upkeep
|turn|51
|
|t:|1667574882
|move|p2a: kitty katty|Wish|p2a: kitty katty
|move|p1a: Tangrowth|Knock Off|p2a: kitty katty
|-resisted|p2a: kitty katty
|-damage|p2a: kitty katty|64/100
|-enditem|p2a: kitty katty|Leftovers|[from] move: Knock Off|[of] p1a: Tangrowth
|
|upkeep
|turn|52
|
|t:|1667574884
|move|p2a: kitty katty|Hyper Voice|p1a: Tangrowth
|-damage|p1a: Tangrowth|62/100
|move|p1a: Tangrowth|Knock Off|p2a: kitty katty
|-resisted|p2a: kitty katty
|-damage|p2a: kitty katty|56/100
|
|-heal|p2a: kitty katty|100/100|[from] move: Wish|[wisher] kitty katty
|upkeep
|turn|53
|
|t:|1667574887
|move|p2a: kitty katty|Wish|p2a: kitty katty
|move|p1a: Tangrowth|Sludge Bomb|p2a: kitty katty
|-supereffective|p2a: kitty katty
|-damage|p2a: kitty katty|75/100
|
|upkeep
|turn|54
|
|t:|1667574889
|move|p2a: kitty katty|Hyper Voice|p1a: Tangrowth
|-damage|p1a: Tangrowth|36/100
|move|p1a: Tangrowth|Knock Off|p2a: kitty katty
|-resisted|p2a: kitty katty
|-damage|p2a: kitty katty|66/100
|
|-heal|p2a: kitty katty|100/100|[from] move: Wish|[wisher] kitty katty
|upkeep
|turn|55
|
|t:|1667574892
|move|p2a: kitty katty|Wish|p2a: kitty katty
|move|p1a: Tangrowth|Sludge Bomb|p2a: kitty katty
|-supereffective|p2a: kitty katty
|-damage|p2a: kitty katty|74/100
|
|upkeep
|turn|56
|
|t:|1667574895
|move|p2a: kitty katty|Hyper Voice|p1a: Tangrowth
|-damage|p1a: Tangrowth|10/100
|move|p1a: Tangrowth|Sludge Bomb|p2a: kitty katty
|-supereffective|p2a: kitty katty
|-damage|p2a: kitty katty|47/100
|
|-heal|p2a: kitty katty|97/100|[from] move: Wish|[wisher] kitty katty
|upkeep
|turn|57
|
|t:|1667574898
|move|p2a: kitty katty|Wish|p2a: kitty katty
|move|p1a: Tangrowth|Sludge Bomb|p2a: kitty katty
|-supereffective|p2a: kitty katty
|-damage|p2a: kitty katty|70/100
|
|upkeep
|turn|58
|
|t:|1667574900
|move|p2a: kitty katty|Hyper Voice|p1a: Tangrowth
|-damage|p1a: Tangrowth|0 fnt
|faint|p1a: Tangrowth
|
|-heal|p2a: kitty katty|100/100|[from] move: Wish|[wisher] kitty katty
|upkeep
|c|☆rulky|I will simply blame this on jax
|c|☆rulky|Hax
|
|t:|1667574920
|switch|p1a: Hydreigon|Hydreigon, M|27/100
|-damage|p1a: Hydreigon|14/100|[from] Stealth Rock
|turn|59
|
|t:|1667574976
|move|p1a: Hydreigon|Fire Blast|p2a: kitty katty
|-damage|p2a: kitty katty|68/100
|move|p2a: kitty katty|Hyper Voice|p1a: Hydreigon
|-supereffective|p1a: Hydreigon
|-damage|p1a: Hydreigon|0 fnt
|faint|p1a: Hydreigon
|
|upkeep
|c|☆rulky|+ ur fat
|c|☆pokemonisfun|gg ez
|
|t:|1667574982
|switch|p1a: Hippowdon|Hippowdon, F|18/100 tox
|-damage|p1a: Hippowdon|11/100 tox|[from] Stealth Rock
|-weather|Sandstorm|[from] ability: Sand Stream|[of] p1a: Hippowdon
|turn|60
|
|t:|1667574984
|move|p2a: kitty katty|Hyper Voice|p1a: Hippowdon
|-damage|p1a: Hippowdon|0 fnt
|faint|p1a: Hippowdon
|
|win|pokemonisfun
|raw|rulky's rating: 1502 &rarr; <strong>1494</strong><br />(-8 for losing)
|raw|pokemonisfun's rating: 1741 &rarr; <strong>1749</strong><br />(+8 for winning)
|c|☆pokemonisfun|gg ez
|c|☆rulky|Nice haw kid
|c|☆pokemonisfun|replay saved
