|j|☆DarkHorse344
|j|☆bigtimebrownie
|t:|1668093836
|gametype|singles
|player|p1|DarkHorse344|brendan-gen3rs|1576
|player|p2|bigtimebrownie|1|1423
|teamsize|p1|6
|teamsize|p2|6
|gen|8
|tier|[Gen 8] UU
|rated|
|rule|Sleep Clause Mod: Limit one foe put to sleep
|rule|Species Clause: Limit one of each Pokémon
|rule|OHKO Clause: OHKO moves are banned
|rule|Evasion Items Clause: Evasion items are banned
|rule|Evasion Moves Clause: Evasion moves are banned
|rule|Endless Battle Clause: Forcing endless battles is banned
|rule|HP Percentage Mod: HP is shown in percentages
|rule|Dynamax Clause: You cannot dynamax
|clearpoke
|poke|p1|Politoed, F|
|poke|p1|Kingdra, M|
|poke|p1|Salamence, F|
|poke|p1|Amoonguss, M|
|poke|p1|Kabutops, M|
|poke|p1|Tornadus, M|
|poke|p2|Diggersby, M|
|poke|p2|Scolipede, F|
|poke|p2|Milotic, F|
|poke|p2|Darmanitan, M|
|poke|p2|Necrozma|
|poke|p2|Tangrowth, F|
|teampreview
|
|t:|1668093851
|start
|switch|p1a: Politoed|Politoed, F|100/100
|switch|p2a: Scolipede|Scolipede, F|100/100
|-weather|RainDance|[from] ability: Drizzle|[of] p1a: Politoed
|turn|1
|
|t:|1668093858
|move|p2a: Scolipede|Spikes|p1a: Politoed
|-sidestart|p1: DarkHorse344|Spikes
|move|p1a: Politoed|Scald|p2a: Scolipede
|-damage|p2a: Scolipede|35/100
|
|-weather|RainDance|[upkeep]
|-ability|p2a: Scolipede|Speed Boost|boost
|-boost|p2a: Scolipede|spe|1
|upkeep
|turn|2
|
|t:|1668093862
|move|p2a: Scolipede|Endeavor|p1a: Politoed
|-damage|p1a: Politoed|24/100
|move|p1a: Politoed|Scald|p2a: Scolipede
|-damage|p2a: Scolipede|0 fnt
|faint|p2a: Scolipede
|
|-weather|RainDance|[upkeep]
|upkeep
|
|t:|1668093865
|switch|p2a: Darmanitan|Darmanitan, M|100/100
|turn|3
|
|t:|1668093872
|switch|p1a: Amoonguss|Amoonguss, M|100/100
|-damage|p1a: Amoonguss|88/100|[from] Spikes
|move|p2a: Darmanitan|Rock Slide|p1a: Amoonguss
|-damage|p1a: Amoonguss|61/100
|
|-weather|RainDance|[upkeep]
|upkeep
|turn|4
|
|t:|1668093881
|switch|p2a: Tangrowth|Tangrowth, F|100/100
|move|p1a: Amoonguss|Sludge Bomb|p2a: Tangrowth
|-supereffective|p2a: Tangrowth
|-damage|p2a: Tangrowth|66/100
|
|-weather|RainDance|[upkeep]
|upkeep
|turn|5
|
|t:|1668093889
|switch|p1a: Salamence|Salamence, F|100/100
|-ability|p1a: Salamence|Intimidate|boost
|-unboost|p2a: Tangrowth|atk|1
|move|p2a: Tangrowth|Knock Off|p1a: Salamence
|-damage|p1a: Salamence|85/100
|-enditem|p1a: Salamence|Heavy-Duty Boots|[from] move: Knock Off|[of] p2a: Tangrowth
|
|-weather|RainDance|[upkeep]
|upkeep
|turn|6
|
|t:|1668093899
|switch|p2a: Milotic|Milotic, F|100/100
|move|p1a: Salamence|Defog|p2a: Milotic
|-unboost|p2a: Milotic|evasion|1
|-sideend|p1: DarkHorse344|Spikes|[from] move: Defog|[of] p1a: Salamence
|
|-weather|RainDance|[upkeep]
|upkeep
|turn|7
|
|t:|1668093909
|switch|p1a: Amoonguss|Amoonguss, M|94/100
|move|p2a: Milotic|Toxic|p1a: Amoonguss
|-immune|p1a: Amoonguss
|
|-weather|RainDance|[upkeep]
|upkeep
|turn|8
|j| ptsmt
|
|t:|1668093917
|switch|p2a: Necrozma|Necrozma|100/100
|move|p1a: Amoonguss|Spore|p2a: Necrozma
|-status|p2a: Necrozma|slp|[from] move: Spore
|
|-weather|none
|upkeep
|turn|9
|
|t:|1668093924
|cant|p2a: Necrozma|slp
|move|p1a: Amoonguss|Foul Play|p2a: Necrozma
|-supereffective|p2a: Necrozma
|-damage|p2a: Necrozma|72/100 slp
|
|-heal|p2a: Necrozma|78/100 slp|[from] item: Leftovers
|upkeep
|turn|10
|
|t:|1668093929
|switch|p1a: Politoed|Politoed, F|24/100
|-weather|RainDance|[from] ability: Drizzle|[of] p1a: Politoed
|cant|p2a: Necrozma|slp
|
|-weather|RainDance|[upkeep]
|-heal|p2a: Necrozma|84/100 slp|[from] item: Leftovers
|upkeep
|turn|11
|j| Oudatoma
|
|t:|1668093948
|switch|p1a: Kingdra|Kingdra, M|100/100
|-curestatus|p2a: Necrozma|slp|[msg]
|move|p2a: Necrozma|Stealth Rock|p1a: Kingdra
|-sidestart|p1: DarkHorse344|move: Stealth Rock
|
|-weather|RainDance|[upkeep]
|-heal|p2a: Necrozma|90/100|[from] item: Leftovers
|upkeep
|turn|12
|
|t:|1668093963
|move|p1a: Kingdra|Surf|p2a: Necrozma
|-damage|p2a: Necrozma|29/100
|move|p2a: Necrozma|Photon Geyser|p1a: Kingdra
|-damage|p1a: Kingdra|50/100
|
|-weather|RainDance|[upkeep]
|-heal|p2a: Necrozma|35/100|[from] item: Leftovers
|upkeep
|turn|13
|
|t:|1668093971
|switch|p2a: Milotic|Milotic, F|100/100
|move|p1a: Kingdra|Surf|p2a: Milotic
|-resisted|p2a: Milotic
|-damage|p2a: Milotic|66/100
|
|-weather|RainDance|[upkeep]
|-heal|p2a: Milotic|72/100|[from] item: Leftovers
|upkeep
|turn|14
|
|t:|1668093975
|switch|p1a: Amoonguss|Amoonguss, M|100/100
|-damage|p1a: Amoonguss|88/100|[from] Stealth Rock
|move|p2a: Milotic|Toxic|p1a: Amoonguss
|-immune|p1a: Amoonguss
|
|-weather|RainDance|[upkeep]
|-heal|p2a: Milotic|78/100|[from] item: Leftovers
|upkeep
|turn|15
|
|t:|1668093981
|switch|p2a: Tangrowth|Tangrowth, F|99/100
|move|p1a: Amoonguss|Sludge Bomb|p2a: Tangrowth
|-supereffective|p2a: Tangrowth
|-damage|p2a: Tangrowth|65/100
|-status|p2a: Tangrowth|psn
|
|-weather|RainDance|[upkeep]
|-damage|p2a: Tangrowth|53/100 psn|[from] psn
|upkeep
|turn|16
|
|t:|1668093986
|move|p2a: Tangrowth|Sludge Bomb|p1a: Amoonguss
|-damage|p1a: Amoonguss|66/100
|-enditem|p1a: Amoonguss|Eject Button
|
|t:|1668093992
|switch|p1a: Salamence|Salamence, F|85/100
|-damage|p1a: Salamence|60/100|[from] Stealth Rock
|-ability|p1a: Salamence|Intimidate|boost
|-unboost|p2a: Tangrowth|atk|1
|
|-weather|RainDance|[upkeep]
|-damage|p2a: Tangrowth|40/100 psn|[from] psn
|upkeep
|turn|17
|
|t:|1668093998
|move|p1a: Salamence|Defog|p2a: Tangrowth
|-unboost|p2a: Tangrowth|evasion|1
|-sideend|p1: DarkHorse344|Stealth Rock|[from] move: Defog|[of] p1a: Salamence
|move|p2a: Tangrowth|Sludge Bomb|p1a: Salamence
|-damage|p1a: Salamence|37/100
|
|-weather|none
|-damage|p2a: Tangrowth|28/100 psn|[from] psn
|upkeep
|turn|18
|
|t:|1668094005
|switch|p2a: Diggersby|Diggersby, M|100/100
|move|p1a: Salamence|Roost|p1a: Salamence
|-heal|p1a: Salamence|88/100
|-singleturn|p1a: Salamence|move: Roost
|
|upkeep
|turn|19
|
|t:|1668094018
|move|p1a: Salamence|Draco Meteor|p2a: Diggersby
|-damage|p2a: Diggersby|35/100
|-unboost|p1a: Salamence|spa|2
|move|p2a: Diggersby|Mega Kick|p1a: Salamence
|-damage|p1a: Salamence|0 fnt
|faint|p1a: Salamence
|
|upkeep
|
|t:|1668094029
|switch|p1a: Tornadus|Tornadus, M|100/100
|turn|20
|
|t:|1668094034
|switch|p2a: Darmanitan|Darmanitan, M|100/100
|move|p1a: Tornadus|Dark Pulse|p2a: Darmanitan
|-damage|p2a: Darmanitan|42/100
|
|upkeep
|turn|21
|
|t:|1668094039
|switch|p1a: Politoed|Politoed, F|24/100
|-weather|RainDance|[from] ability: Drizzle|[of] p1a: Politoed
|move|p2a: Darmanitan|U-turn|p1a: Politoed
|-crit|p1a: Politoed
|-damage|p1a: Politoed|0 fnt
|faint|p1a: Politoed
|
|t:|1668094047
|switch|p2a: Tangrowth|Tangrowth, F|61/100 psn|[from]move: U-turn
|
|-weather|RainDance|[upkeep]
|-damage|p2a: Tangrowth|49/100 psn|[from] psn
|upkeep
|
|t:|1668094058
|switch|p1a: Tornadus|Tornadus, M|100/100
|turn|22
|
|t:|1668094064
|switch|p2a: Necrozma|Necrozma|35/100
|move|p1a: Tornadus|Hurricane|p2a: Necrozma
|-damage|p2a: Necrozma|0 fnt
|faint|p2a: Necrozma
|
|-weather|RainDance|[upkeep]
|upkeep
|
|t:|1668094068
|switch|p2a: Darmanitan|Darmanitan, M|42/100
|turn|23
|
|t:|1668094078
|switch|p1a: Amoonguss|Amoonguss, M|99/100
|move|p2a: Darmanitan|Rock Slide|p1a: Amoonguss
|-damage|p1a: Amoonguss|73/100
|
|-weather|RainDance|[upkeep]
|upkeep
|turn|24
|
|t:|1668094084
|switch|p1a: Tornadus|Tornadus, M|100/100
|move|p2a: Darmanitan|Rock Slide|p1a: Tornadus
|-supereffective|p1a: Tornadus
|-damage|p1a: Tornadus|0 fnt
|faint|p1a: Tornadus
|
|-weather|RainDance|[upkeep]
|upkeep
|
|t:|1668094087
|switch|p1a: Kingdra|Kingdra, M|50/100
|turn|25
|
|t:|1668094092
|move|p1a: Kingdra|Hurricane|p2a: Darmanitan
|-damage|p2a: Darmanitan|0 fnt
|faint|p2a: Darmanitan
|
|-weather|RainDance|[upkeep]
|upkeep
|
|t:|1668094095
|switch|p2a: Milotic|Milotic, F|78/100
|turn|26
|
|t:|1668094098
|move|p1a: Kingdra|Hurricane|p2a: Milotic
|-damage|p2a: Milotic|40/100
|move|p2a: Milotic|Recover|p2a: Milotic
|-heal|p2a: Milotic|90/100
|
|-weather|RainDance|[upkeep]
|-heal|p2a: Milotic|96/100|[from] item: Leftovers
|upkeep
|turn|27
|
|t:|1668094104
|switch|p1a: Amoonguss|Amoonguss, M|100/100
|switch|p2a: Diggersby|Diggersby, M|35/100
|
|-weather|RainDance|[upkeep]
|upkeep
|turn|28
|
|t:|1668094109
|move|p2a: Diggersby|Earthquake|p1a: Amoonguss
|-damage|p1a: Amoonguss|26/100
|move|p1a: Amoonguss|Giga Drain|p2a: Diggersby
|-supereffective|p2a: Diggersby
|-damage|p2a: Diggersby|0 fnt
|-heal|p1a: Amoonguss|38/100|[from] drain|[of] p2a: Diggersby
|faint|p2a: Diggersby
|
|-weather|none
|upkeep
|
|t:|1668094112
|switch|p2a: Tangrowth|Tangrowth, F|82/100 psn
|turn|29
|
|t:|1668094118
|switch|p1a: Kabutops|Kabutops, M|100/100
|move|p2a: Tangrowth|Sludge Bomb|p1a: Kabutops
|-resisted|p1a: Kabutops
|-damage|p1a: Kabutops|80/100
|
|-damage|p2a: Tangrowth|70/100 psn|[from] psn
|upkeep
|turn|30
|
|t:|1668094124
|switch|p1a: Amoonguss|Amoonguss, M|72/100
|move|p2a: Tangrowth|Sludge Bomb|p1a: Amoonguss
|-damage|p1a: Amoonguss|52/100
|
|-damage|p2a: Tangrowth|57/100 psn|[from] psn
|upkeep
|turn|31
|l| ptsmt
|-message|bigtimebrownie forfeited.
|
|win|DarkHorse344
|raw|DarkHorse344's rating: 1576 &rarr; <strong>1588</strong><br />(+12 for winning)
|raw|bigtimebrownie's rating: 1423 &rarr; <strong>1411</strong><br />(-12 for losing)
|l|☆bigtimebrownie
