|j|☆Ekelbart
|j|☆pif
|t:|1645625893
|gametype|singles
|player|p1|Ekelbart|liza|1648
|player|p2|pif|2|1704
|teamsize|p1|6
|teamsize|p2|6
|gen|8
|tier|[Gen 8] UU
|rated|
|rule|Sleep Clause Mod: Limit one foe put to sleep
|rule|Species Clause: Limit one of each Pokémon
|rule|OHKO Clause: OHKO moves are banned
|rule|Evasion Moves Clause: Evasion moves are banned
|rule|Endless Battle Clause: Forcing endless battles is banned
|rule|HP Percentage Mod: HP is shown in percentages
|rule|Dynamax Clause: You cannot dynamax
|clearpoke
|poke|p1|Mamoswine, F|
|poke|p1|Keldeo-Resolute|
|poke|p1|Moltres|
|poke|p1|Registeel|
|poke|p1|Cursola, M|
|poke|p1|Amoonguss, M|
|poke|p2|Registeel|
|poke|p2|Tapu Bulu|
|poke|p2|Chansey, F|
|poke|p2|Seismitoad, M|
|poke|p2|Salamence, F|
|poke|p2|Hatterene, F|
|teampreview
|inactive|Battle timer is ON: inactive players will automatically lose when time's up. (requested by Ekelbart)
|j| night dawn
|inactive|Ekelbart has 120 seconds left.
|inactive|pif has 120 seconds left.
|inactive|pif has 90 seconds left.
|inactive|pif has 60 seconds left.
|l| night dawn
|inactive|pif has 30 seconds left.
|
|t:|1645626033
|start
|switch|p1a: Cursola|Cursola, M|100/100
|switch|p2a: soggy froggy|Seismitoad, M|100/100
|turn|1
|
|t:|1645626040
|switch|p2a: beggin 4 an eggin|Chansey, F|100/100
|move|p1a: Cursola|Giga Drain|p2a: beggin 4 an eggin
|-damage|p2a: beggin 4 an eggin|92/100
|
|upkeep
|turn|2
|
|t:|1645626048
|move|p1a: Cursola|Stealth Rock|p2a: beggin 4 an eggin
|-sidestart|p2: pif|move: Stealth Rock
|move|p2a: beggin 4 an eggin|Toxic|p1a: Cursola
|-status|p1a: Cursola|tox
|
|-damage|p1a: Cursola|94/100 tox|[from] psn
|upkeep
|turn|3
|
|t:|1645626055
|switch|p1a: Registeel|Registeel|100/100
|move|p2a: beggin 4 an eggin|Toxic|p1a: Registeel
|-immune|p1a: Registeel
|
|upkeep
|turn|4
|
|t:|1645626064
|switch|p2a: tit for hat|Hatterene, F|100/100
|-damage|p2a: tit for hat|88/100|[from] Stealth Rock
|switch|p1a: Mamoswine|Mamoswine, F|100/100
|
|-heal|p2a: tit for hat|94/100|[from] item: Leftovers
|upkeep
|turn|5
|inactive|pif has 120 seconds left.
|
|t:|1645626076
|switch|p2a: edgy veggie|Tapu Bulu|100/100
|-damage|p2a: edgy veggie|88/100|[from] Stealth Rock
|-fieldstart|move: Grassy Terrain|[from] ability: Grassy Surge|[of] p2a: edgy veggie
|move|p1a: Mamoswine|Knock Off|p2a: edgy veggie
|-resisted|p2a: edgy veggie
|-damage|p2a: edgy veggie|69/100
|-enditem|p2a: edgy veggie|Leftovers|[from] move: Knock Off|[of] p1a: Mamoswine
|-damage|p1a: Mamoswine|91/100|[from] item: Life Orb
|
|-heal|p1a: Mamoswine|97/100|[from] Grassy Terrain
|-heal|p2a: edgy veggie|75/100|[from] Grassy Terrain
|upkeep
|turn|6
|
|t:|1645626091
|switch|p2a: stanky clanky|Registeel|100/100
|-damage|p2a: stanky clanky|94/100|[from] Stealth Rock
|move|p1a: Mamoswine|Knock Off|p2a: stanky clanky
|-damage|p2a: stanky clanky|72/100
|-enditem|p2a: stanky clanky|Chesto Berry|[from] move: Knock Off|[of] p1a: Mamoswine
|-damage|p1a: Mamoswine|87/100|[from] item: Life Orb
|
|-heal|p1a: Mamoswine|93/100|[from] Grassy Terrain
|-heal|p2a: stanky clanky|78/100|[from] Grassy Terrain
|upkeep
|turn|7
|
|t:|1645626104
|switch|p1a: Moltres|Moltres|100/100
|switch|p2a: soggy froggy|Seismitoad, M|100/100
|-damage|p2a: soggy froggy|94/100|[from] Stealth Rock
|
|-heal|p2a: soggy froggy|100/100|[from] Grassy Terrain
|upkeep
|turn|8
|
|t:|1645626111
|move|p1a: Moltres|Toxic|p2a: soggy froggy
|-status|p2a: soggy froggy|tox
|move|p2a: soggy froggy|Stealth Rock|p1a: Moltres
|-sidestart|p1: Ekelbart|move: Stealth Rock
|
|-damage|p2a: soggy froggy|94/100 tox|[from] psn
|upkeep
|turn|9
|
|t:|1645626141
|switch|p1a: Amoonguss|Amoonguss, M|100/100
|-damage|p1a: Amoonguss|88/100|[from] Stealth Rock
|move|p2a: soggy froggy|Knock Off|p1a: Amoonguss
|-damage|p1a: Amoonguss|71/100
|-enditem|p1a: Amoonguss|Black Sludge|[from] move: Knock Off|[of] p2a: soggy froggy
|
|-heal|p2a: soggy froggy|100/100 tox|[from] Grassy Terrain
|-heal|p1a: Amoonguss|77/100|[from] Grassy Terrain
|-damage|p2a: soggy froggy|88/100 tox|[from] psn
|-fieldend|move: Grassy Terrain
|upkeep
|turn|10
|inactive|Ekelbart has 120 seconds left.
|inactive|pif has 120 seconds left.
|inactive|pif has 90 seconds left.
|inactive|pif has 60 seconds left.
|
|t:|1645626248
|switch|p2a: stanky clanky|Registeel|78/100
|-damage|p2a: stanky clanky|72/100|[from] Stealth Rock
|move|p1a: Amoonguss|Seed Bomb|p2a: stanky clanky
|-resisted|p2a: stanky clanky
|-damage|p2a: stanky clanky|65/100
|
|upkeep
|turn|11
|j| night dawn
|inactive|Ekelbart has 120 seconds left.
|
|t:|1645626261
|move|p2a: stanky clanky|Iron Defense|p2a: stanky clanky
|-boost|p2a: stanky clanky|def|2
|move|p1a: Amoonguss|Spore|p2a: stanky clanky
|-status|p2a: stanky clanky|slp|[from] move: Spore
|
|upkeep
|turn|12
|
|t:|1645626271
|switch|p1a: Mamoswine|Mamoswine, F|93/100
|-damage|p1a: Mamoswine|80/100|[from] Stealth Rock
|cant|p2a: stanky clanky|slp
|
|upkeep
|turn|13
|
|t:|1645626280
|move|p1a: Mamoswine|Icicle Crash|p2a: stanky clanky
|-resisted|p2a: stanky clanky
|-damage|p2a: stanky clanky|56/100 slp
|-damage|p1a: Mamoswine|70/100|[from] item: Life Orb
|-curestatus|p2a: stanky clanky|slp|[msg]
|move|p2a: stanky clanky|Body Press|p1a: Mamoswine
|-supereffective|p1a: Mamoswine
|-damage|p1a: Mamoswine|0 fnt
|faint|p1a: Mamoswine
|
|upkeep
|
|t:|1645626291
|switch|p1a: Moltres|Moltres|100/100
|turn|14
|
|t:|1645626300
|switch|p2a: beggin 4 an eggin|Chansey, F|92/100
|-damage|p2a: beggin 4 an eggin|80/100|[from] Stealth Rock
|move|p1a: Moltres|Toxic|p2a: beggin 4 an eggin|[miss]
|-miss|p1a: Moltres|p2a: beggin 4 an eggin
|
|upkeep
|turn|15
|
|t:|1645626307
|switch|p1a: Keldeo|Keldeo-Resolute|100/100
|-damage|p1a: Keldeo|94/100|[from] Stealth Rock
|move|p2a: beggin 4 an eggin|Aromatherapy|p2a: beggin 4 an eggin
|-activate|p2a: beggin 4 an eggin|move: Aromatherapy
|-curestatus|p2: soggy froggy|tox|[msg]
|
|-heal|p1a: Keldeo|100/100|[from] item: Leftovers
|upkeep
|turn|16
|
|t:|1645626316
|switch|p2a: edgy veggie|Tapu Bulu|75/100
|-damage|p2a: edgy veggie|63/100|[from] Stealth Rock
|-fieldstart|move: Grassy Terrain|[from] ability: Grassy Surge|[of] p2a: edgy veggie
|move|p1a: Keldeo|Substitute|p1a: Keldeo
|-start|p1a: Keldeo|Substitute
|-damage|p1a: Keldeo|76/100
|
|-heal|p1a: Keldeo|82/100|[from] Grassy Terrain
|-heal|p1a: Keldeo|88/100|[from] item: Leftovers
|-heal|p2a: edgy veggie|69/100|[from] Grassy Terrain
|upkeep
|turn|17
|
|t:|1645626320
|move|p1a: Keldeo|Scald|p2a: edgy veggie
|-resisted|p2a: edgy veggie
|-damage|p2a: edgy veggie|47/100
|move|p2a: edgy veggie|Horn Leech|p1a: Keldeo
|-supereffective|p1a: Keldeo
|-end|p1a: Keldeo|Substitute
|-heal|p2a: edgy veggie|59/100|[from] drain|[of] p1a: Keldeo
|
|-heal|p1a: Keldeo|94/100|[from] Grassy Terrain
|-heal|p1a: Keldeo|100/100|[from] item: Leftovers
|-heal|p2a: edgy veggie|65/100|[from] Grassy Terrain
|upkeep
|turn|18
|inactive|pif has 90 seconds left.
|
|t:|1645626342
|move|p1a: Keldeo|Substitute|p1a: Keldeo
|-start|p1a: Keldeo|Substitute
|-damage|p1a: Keldeo|76/100
|move|p2a: edgy veggie|Synthesis|p2a: edgy veggie
|-heal|p2a: edgy veggie|100/100
|
|-heal|p1a: Keldeo|82/100|[from] Grassy Terrain
|-heal|p1a: Keldeo|88/100|[from] item: Leftovers
|upkeep
|turn|19
|
|t:|1645626347
|move|p1a: Keldeo|Scald|p2a: edgy veggie
|-resisted|p2a: edgy veggie
|-damage|p2a: edgy veggie|79/100
|move|p2a: edgy veggie|Horn Leech|p1a: Keldeo
|-supereffective|p1a: Keldeo
|-end|p1a: Keldeo|Substitute
|-heal|p2a: edgy veggie|91/100|[from] drain|[of] p1a: Keldeo
|
|-heal|p1a: Keldeo|94/100|[from] Grassy Terrain
|-heal|p1a: Keldeo|100/100|[from] item: Leftovers
|-heal|p2a: edgy veggie|97/100|[from] Grassy Terrain
|upkeep
|turn|20
|
|t:|1645626352
|switch|p1a: Moltres|Moltres|100/100
|move|p2a: edgy veggie|Horn Leech|p1a: Moltres
|-resisted|p1a: Moltres
|-damage|p1a: Moltres|88/100
|-heal|p2a: edgy veggie|100/100|[from] drain|[of] p1a: Moltres
|-status|p2a: edgy veggie|brn|[from] ability: Flame Body|[of] p1a: Moltres
|
|-damage|p2a: edgy veggie|94/100 brn|[from] brn
|-fieldend|move: Grassy Terrain
|upkeep
|turn|21
|
|t:|1645626361
|switch|p1a: Keldeo|Keldeo-Resolute|100/100
|-damage|p1a: Keldeo|94/100|[from] Stealth Rock
|switch|p2a: beggin 4 an eggin|Chansey, F|80/100
|-damage|p2a: beggin 4 an eggin|67/100|[from] Stealth Rock
|
|-heal|p1a: Keldeo|100/100|[from] item: Leftovers
|upkeep
|turn|22
|
|t:|1645626370
|switch|p2a: mr mencey wencey|Salamence, F|100/100
|-ability|p2a: mr mencey wencey|Intimidate|boost
|-unboost|p1a: Keldeo|atk|1
|move|p1a: Keldeo|Substitute|p1a: Keldeo
|-start|p1a: Keldeo|Substitute
|-damage|p1a: Keldeo|76/100
|
|-heal|p1a: Keldeo|82/100|[from] item: Leftovers
|upkeep
|turn|23
|inactive|pif has 120 seconds left.
|
|t:|1645626380
|switch|p1a: Moltres|Moltres|88/100
|move|p2a: mr mencey wencey|Dual Wingbeat|p1a: Moltres
|-damage|p1a: Moltres|70/100
|-status|p2a: mr mencey wencey|brn|[from] ability: Flame Body|[of] p1a: Moltres
|-damage|p1a: Moltres|60/100
|-hitcount|p1a: Moltres|2
|
|-damage|p2a: mr mencey wencey|94/100 brn|[from] brn
|upkeep
|turn|24
|inactive|pif has 120 seconds left.
|
|t:|1645626391
|switch|p1a: Keldeo|Keldeo-Resolute|82/100
|-damage|p1a: Keldeo|76/100|[from] Stealth Rock
|move|p2a: mr mencey wencey|Defog|p1a: Keldeo
|-unboost|p1a: Keldeo|evasion|1
|-sideend|p1: Ekelbart|Stealth Rock|[from] move: Defog|[of] p2a: mr mencey wencey
|-sideend|p2: pif|Stealth Rock|[from] move: Defog|[of] p2a: mr mencey wencey
|
|-heal|p1a: Keldeo|82/100|[from] item: Leftovers
|-damage|p2a: mr mencey wencey|88/100 brn|[from] brn
|upkeep
|turn|25
|inactive|pif has 120 seconds left.
|
|t:|1645626401
|move|p1a: Keldeo|Substitute|p1a: Keldeo
|-start|p1a: Keldeo|Substitute
|-damage|p1a: Keldeo|57/100
|move|p2a: mr mencey wencey|Dual Wingbeat|p1a: Keldeo
|-supereffective|p1a: Keldeo
|-activate|p1a: Keldeo|move: Substitute|[damage]
|-supereffective|p1a: Keldeo
|-end|p1a: Keldeo|Substitute
|-hitcount|p1a: Keldeo|2
|
|-heal|p1a: Keldeo|63/100|[from] item: Leftovers
|-damage|p2a: mr mencey wencey|82/100 brn|[from] brn
|upkeep
|turn|26
|
|t:|1645626412
|switch|p1a: Registeel|Registeel|100/100
|move|p2a: mr mencey wencey|Roost|p2a: mr mencey wencey
|-heal|p2a: mr mencey wencey|100/100 brn
|-singleturn|p2a: mr mencey wencey|move: Roost
|
|-damage|p2a: mr mencey wencey|94/100 brn|[from] brn
|upkeep
|turn|27
|
|t:|1645626432
|switch|p2a: tit for hat|Hatterene, F|94/100
|move|p1a: Registeel|Amnesia|p1a: Registeel
|-boost|p1a: Registeel|spd|2
|
|-heal|p2a: tit for hat|99/100|[from] item: Leftovers
|upkeep
|turn|28
|
|t:|1645626446
|move|p1a: Registeel|Amnesia|p1a: Registeel
|-boost|p1a: Registeel|spd|2
|move|p2a: tit for hat|Calm Mind|p2a: tit for hat
|-boost|p2a: tit for hat|spa|1
|-boost|p2a: tit for hat|spd|1
|
|-heal|p2a: tit for hat|100/100|[from] item: Leftovers
|upkeep
|turn|29
|
|t:|1645626448
|move|p1a: Registeel|Amnesia|p1a: Registeel
|-boost|p1a: Registeel|spd|2
|move|p2a: tit for hat|Calm Mind|p2a: tit for hat
|-boost|p2a: tit for hat|spa|1
|-boost|p2a: tit for hat|spd|1
|
|upkeep
|turn|30
|
|t:|1645626451
|move|p1a: Registeel|Iron Defense|p1a: Registeel
|-boost|p1a: Registeel|def|2
|move|p2a: tit for hat|Calm Mind|p2a: tit for hat
|-boost|p2a: tit for hat|spa|1
|-boost|p2a: tit for hat|spd|1
|
|upkeep
|turn|31
|
|t:|1645626453
|move|p1a: Registeel|Iron Defense|p1a: Registeel
|-boost|p1a: Registeel|def|2
|move|p2a: tit for hat|Calm Mind|p2a: tit for hat
|-boost|p2a: tit for hat|spa|1
|-boost|p2a: tit for hat|spd|1
|
|upkeep
|turn|32
|
|t:|1645626457
|move|p1a: Registeel|Iron Defense|p1a: Registeel
|-boost|p1a: Registeel|def|2
|move|p2a: tit for hat|Calm Mind|p2a: tit for hat
|-boost|p2a: tit for hat|spa|1
|-boost|p2a: tit for hat|spd|1
|
|upkeep
|turn|33
|inactive|pif has 120 seconds left.
|
|t:|1645626491
|move|p1a: Registeel|Body Press|p2a: tit for hat
|-resisted|p2a: tit for hat
|-damage|p2a: tit for hat|74/100
|move|p2a: tit for hat|Calm Mind|p2a: tit for hat
|-boost|p2a: tit for hat|spa|1
|-boost|p2a: tit for hat|spd|1
|
|-heal|p2a: tit for hat|80/100|[from] item: Leftovers
|upkeep
|turn|34
|
|t:|1645626495
|move|p1a: Registeel|Body Press|p2a: tit for hat
|-resisted|p2a: tit for hat
|-damage|p2a: tit for hat|53/100
|move|p2a: tit for hat|Mystical Fire|p1a: Registeel
|-supereffective|p1a: Registeel
|-damage|p1a: Registeel|70/100
|
|-heal|p2a: tit for hat|59/100|[from] item: Leftovers
|upkeep
|turn|35
|
|t:|1645626499
|move|p1a: Registeel|Body Press|p2a: tit for hat
|-resisted|p2a: tit for hat
|-crit|p2a: tit for hat
|-damage|p2a: tit for hat|16/100
|move|p2a: tit for hat|Mystical Fire|p1a: Registeel
|-supereffective|p1a: Registeel
|-damage|p1a: Registeel|40/100
|
|-heal|p2a: tit for hat|22/100|[from] item: Leftovers
|upkeep
|turn|36
|inactive|pif has 120 seconds left.
|j| TheBrightRising
|
|t:|1645626538
|move|p1a: Registeel|Body Press|p2a: tit for hat
|-resisted|p2a: tit for hat
|-damage|p2a: tit for hat|0 fnt
|faint|p2a: tit for hat
|
|upkeep
|
|t:|1645626542
|switch|p2a: soggy froggy|Seismitoad, M|88/100
|turn|37
|
|t:|1645626549
|move|p2a: soggy froggy|Knock Off|p1a: Registeel
|-damage|p1a: Registeel|36/100
|-enditem|p1a: Registeel|Chesto Berry|[from] move: Knock Off|[of] p2a: soggy froggy
|move|p1a: Registeel|Body Press|p2a: soggy froggy
|-damage|p2a: soggy froggy|0 fnt
|faint|p2a: soggy froggy
|
|upkeep
|
|t:|1645626557
|switch|p2a: beggin 4 an eggin|Chansey, F|67/100
|turn|38
|
|t:|1645626561
|move|p2a: beggin 4 an eggin|Seismic Toss|p1a: Registeel
|-damage|p1a: Registeel|9/100
|move|p1a: Registeel|Body Press|p2a: beggin 4 an eggin
|-supereffective|p2a: beggin 4 an eggin
|-crit|p2a: beggin 4 an eggin
|-damage|p2a: beggin 4 an eggin|0 fnt
|faint|p2a: beggin 4 an eggin
|
|upkeep
|
|t:|1645626567
|switch|p2a: stanky clanky|Registeel|56/100
|turn|39
|
|t:|1645626571
|move|p1a: Registeel|Body Press|p2a: stanky clanky
|-supereffective|p2a: stanky clanky
|-damage|p2a: stanky clanky|0 fnt
|faint|p2a: stanky clanky
|
|upkeep
|-message|pif forfeited.
|
|win|Ekelbart
|raw|Ekelbart's rating: 1648 &rarr; <strong>1671</strong><br />(+23 for winning)
|raw|pif's rating: 1704 &rarr; <strong>1681</strong><br />(-23 for losing)
|c|☆pif|gg
|c|☆Ekelbart|gg
|l|☆pif
|l| TheBrightRising
