|raw|<div class="broadcast-blue"><strong>This battle is required to be public due to a player having a name starting with 'uult92q'.</div>
|j|☆UULT92Q TT
|j|☆Sir Fresh
|t:|1652204824
|gametype|singles
|player|p1|UULT92Q TT|madame-gen4|1535
|player|p2|Sir Fresh|palmer|1495
|teamsize|p1|6
|teamsize|p2|6
|gen|8
|tier|[Gen 8] UU
|rated|
|rule|Sleep Clause Mod: Limit one foe put to sleep
|rule|Species Clause: Limit one of each Pokémon
|rule|OHKO Clause: OHKO moves are banned
|rule|Evasion Moves Clause: Evasion moves are banned
|rule|Endless Battle Clause: Forcing endless battles is banned
|rule|HP Percentage Mod: HP is shown in percentages
|rule|Dynamax Clause: You cannot dynamax
|clearpoke
|poke|p1|Gyarados, M|
|poke|p1|Scizor, F|
|poke|p1|Excadrill, F|
|poke|p1|Slowbro-Galar, M|
|poke|p1|Thundurus-Therian, M|
|poke|p1|Azelf|
|poke|p2|Zarude|
|poke|p2|Gardevoir, F|
|poke|p2|Porygon-Z|
|poke|p2|Skarmory, M|
|poke|p2|Swampert, M|
|poke|p2|Aegislash, M|
|teampreview
|inactive|Battle timer is ON: inactive players will automatically lose when time's up. (requested by Sir Fresh)
|
|t:|1652204840
|start
|switch|p1a: Excadrill|Excadrill, F|100/100
|switch|p2a: Swampert|Swampert, M|100/100
|-ability|p1a: Excadrill|Mold Breaker
|turn|1
|
|t:|1652204846
|move|p1a: Excadrill|Stealth Rock|p2a: Swampert
|-sidestart|p2: Sir Fresh|move: Stealth Rock
|move|p2a: Swampert|Earthquake|p1a: Excadrill
|-supereffective|p1a: Excadrill
|-enditem|p1a: Excadrill|Focus Sash
|-damage|p1a: Excadrill|1/100
|
|upkeep
|turn|2
|
|t:|1652204854
|move|p1a: Excadrill|Earthquake|p2a: Swampert
|-damage|p2a: Swampert|50/100
|move|p2a: Swampert|Stealth Rock|p1a: Excadrill
|-sidestart|p1: UULT92Q TT|move: Stealth Rock
|
|-heal|p2a: Swampert|56/100|[from] item: Leftovers
|upkeep
|turn|3
|
|t:|1652204864
|switch|p2a: Skarmory|Skarmory, M|100/100
|-damage|p2a: Skarmory|88/100|[from] Stealth Rock
|move|p1a: Excadrill|Rock Tomb|p2a: Skarmory
|-damage|p2a: Skarmory|75/100
|-unboost|p2a: Skarmory|spe|1
|
|upkeep
|turn|4
|
|t:|1652204873
|switch|p1a: Azelf|Azelf|100/100
|-damage|p1a: Azelf|88/100|[from] Stealth Rock
|move|p2a: Skarmory|Spikes|p1a: Azelf
|-sidestart|p1: UULT92Q TT|Spikes
|
|upkeep
|turn|5
|
|t:|1652204884
|switch|p2a: Swampert|Swampert, M|56/100
|-damage|p2a: Swampert|50/100|[from] Stealth Rock
|move|p1a: Azelf|Fire Blast|p2a: Swampert
|-resisted|p2a: Swampert
|-damage|p2a: Swampert|35/100
|-damage|p1a: Azelf|78/100|[from] item: Life Orb
|
|-heal|p2a: Swampert|41/100|[from] item: Leftovers
|upkeep
|turn|6
|
|t:|1652204904
|move|p1a: Azelf|Energy Ball|p2a: Swampert
|-supereffective|p2a: Swampert
|-damage|p2a: Swampert|0 fnt
|faint|p2a: Swampert
|-damage|p1a: Azelf|68/100|[from] item: Life Orb
|
|upkeep
|
|t:|1652204909
|switch|p2a: Gardevoir|Gardevoir, F|100/100
|-damage|p2a: Gardevoir|88/100|[from] Stealth Rock
|-ability|p2a: Gardevoir|Levitate|[from] ability: Trace|[of] p1a: Azelf
|turn|7
|
|t:|1652204920
|switch|p1a: Excadrill|Excadrill, F|1/100
|-damage|p1a: Excadrill|0 fnt|[from] Spikes
|faint|p1a: Excadrill
|move|p2a: Gardevoir|Moonblast|p1: Excadrill|[notarget]
|-fail|p2a: Gardevoir
|
|upkeep
|
|t:|1652204922
|switch|p1a: Slowbro|Slowbro-Galar, M|100/100
|-damage|p1a: Slowbro|88/100|[from] Stealth Rock
|-damage|p1a: Slowbro|76/100|[from] Spikes
|turn|8
|
|t:|1652204928
|switch|p2a: Porygon-Z|Porygon-Z|100/100
|-damage|p2a: Porygon-Z|88/100|[from] Stealth Rock
|move|p1a: Slowbro|Fire Blast|p2a: Porygon-Z
|-damage|p2a: Porygon-Z|41/100
|
|upkeep
|turn|9
|
|t:|1652204934
|move|p2a: Porygon-Z|Tri Attack|p1a: Slowbro
|-damage|p1a: Slowbro|0 fnt
|faint|p1a: Slowbro
|
|upkeep
|
|t:|1652204939
|switch|p1a: Thundurus|Thundurus-Therian, M|100/100
|turn|10
|
|t:|1652204946
|move|p1a: Thundurus|Thunderbolt|p2a: Porygon-Z
|-damage|p2a: Porygon-Z|0 fnt
|faint|p2a: Porygon-Z
|
|upkeep
|
|t:|1652204949
|switch|p2a: Gardevoir|Gardevoir, F|88/100
|-damage|p2a: Gardevoir|76/100|[from] Stealth Rock
|-ability|p2a: Gardevoir|Volt Absorb|[from] ability: Trace|[of] p1a: Thundurus
|turn|11
|
|t:|1652204954
|switch|p1a: Azelf|Azelf|68/100
|-damage|p1a: Azelf|56/100|[from] Stealth Rock
|move|p2a: Gardevoir|Moonblast|p1a: Azelf
|-crit|p1a: Azelf
|-damage|p1a: Azelf|0 fnt
|faint|p1a: Azelf
|
|upkeep
|
|t:|1652204957
|switch|p1a: Scizor|Scizor, F|100/100
|-damage|p1a: Scizor|88/100|[from] Spikes
|-damage|p1a: Scizor|76/100|[from] Stealth Rock
|turn|12
|
|t:|1652204962
|switch|p2a: Skarmory|Skarmory, M|75/100
|-damage|p2a: Skarmory|63/100|[from] Stealth Rock
|switch|p1a: Thundurus|Thundurus-Therian, M|100/100
|
|upkeep
|turn|13
|
|t:|1652204965
|switch|p2a: Gardevoir|Gardevoir, F|76/100
|-damage|p2a: Gardevoir|64/100|[from] Stealth Rock
|-ability|p2a: Gardevoir|Volt Absorb|[from] ability: Trace|[of] p1a: Thundurus
|move|p1a: Thundurus|Focus Blast|p2a: Gardevoir|[miss]
|-miss|p1a: Thundurus|p2a: Gardevoir
|
|upkeep
|turn|14
|
|t:|1652204971
|move|p2a: Gardevoir|Moonblast|p1a: Thundurus
|-damage|p1a: Thundurus|33/100
|move|p1a: Thundurus|Psychic|p2a: Gardevoir
|-resisted|p2a: Gardevoir
|-damage|p2a: Gardevoir|47/100
|
|upkeep
|turn|15
|
|t:|1652204975
|move|p2a: Gardevoir|Moonblast|p1a: Thundurus
|-damage|p1a: Thundurus|0 fnt
|faint|p1a: Thundurus
|
|upkeep
|
|t:|1652204978
|switch|p1a: Scizor|Scizor, F|76/100
|-damage|p1a: Scizor|63/100|[from] Stealth Rock
|-damage|p1a: Scizor|51/100|[from] Spikes
|turn|16
|
|t:|1652204983
|switch|p2a: Skarmory|Skarmory, M|63/100
|-damage|p2a: Skarmory|51/100|[from] Stealth Rock
|move|p1a: Scizor|Bullet Punch|p2a: Skarmory
|-resisted|p2a: Skarmory
|-damage|p2a: Skarmory|36/100
|-damage|p1a: Scizor|34/100|[from] item: Rocky Helmet|[of] p2a: Skarmory
|-damage|p1a: Scizor|24/100|[from] item: Life Orb
|
|upkeep
|turn|17
|
|t:|1652204987
|move|p1a: Scizor|Knock Off|p2a: Skarmory
|-damage|p2a: Skarmory|5/100
|-damage|p1a: Scizor|8/100|[from] item: Rocky Helmet|[of] p2a: Skarmory
|-enditem|p2a: Skarmory|Rocky Helmet|[from] move: Knock Off|[of] p1a: Scizor
|-damage|p1a: Scizor|0 fnt|[from] item: Life Orb
|faint|p1a: Scizor
|move|p2a: Skarmory|Roost|p2a: Skarmory
|-heal|p2a: Skarmory|55/100
|-singleturn|p2a: Skarmory|move: Roost
|
|upkeep
|
|t:|1652204989
|switch|p1a: Gyarados|Gyarados, M|100/100
|-damage|p1a: Gyarados|76/100|[from] Stealth Rock
|turn|18
|
|t:|1652204994
|switch|p2a: Gardevoir|Gardevoir, F|47/100
|-damage|p2a: Gardevoir|34/100|[from] Stealth Rock
|-ability|p2a: Gardevoir|Moxie|[from] ability: Trace|[of] p1a: Gyarados
|move|p1a: Gyarados|Dragon Dance|p1a: Gyarados
|-boost|p1a: Gyarados|atk|1
|-boost|p1a: Gyarados|spe|1
|
|upkeep
|turn|19
|
|t:|1652205002
|move|p2a: Gardevoir|Trick|p1a: Gyarados
|-activate|p2a: Gardevoir|move: Trick|[of] p1a: Gyarados
|-item|p1a: Gyarados|Choice Scarf|[from] move: Trick
|-item|p2a: Gardevoir|Lum Berry|[from] move: Trick
|move|p1a: Gyarados|Dragon Dance|p1a: Gyarados
|-boost|p1a: Gyarados|atk|1
|-boost|p1a: Gyarados|spe|1
|
|upkeep
|turn|20
|c|☆Sir Fresh|Gg
|-message|UULT92Q TT forfeited.
|
|win|Sir Fresh
|raw|UULT92Q TT's rating: 1535 &rarr; <strong>1513</strong><br />(-22 for losing)
|raw|Sir Fresh's rating: 1495 &rarr; <strong>1517</strong><br />(+22 for winning)
|l|☆UULT92Q TT
