|j|☆huangxiaomj
|j|☆Dayyyyyy
|t:|1655032133
|gametype|singles
|player|p1|huangxiaomj|cheren-gen5bw2|1336
|player|p2|Dayyyyyy|ingo|1170
|teamsize|p1|6
|teamsize|p2|6
|gen|8
|tier|[Gen 8] UU
|rated|
|rule|Sleep Clause Mod: Limit one foe put to sleep
|rule|Species Clause: Limit one of each Pokémon
|rule|OHKO Clause: OHKO moves are banned
|rule|Evasion Moves Clause: Evasion moves are banned
|rule|Endless Battle Clause: Forcing endless battles is banned
|rule|HP Percentage Mod: HP is shown in percentages
|rule|Dynamax Clause: You cannot dynamax
|clearpoke
|poke|p1|Rotom-Wash|
|poke|p1|Jirachi|
|poke|p1|Zarude-Dada|
|poke|p1|Keldeo-Resolute|
|poke|p1|Azumarill, F|
|poke|p1|Skarmory, F|
|poke|p2|Hippowdon, F|
|poke|p2|Excadrill, F|
|poke|p2|Tangrowth, F|
|poke|p2|Rotom-Wash|
|poke|p2|Salamence, F|
|poke|p2|Keldeo-Resolute|
|teampreview
|c|☆Dayyyyyy|gl
|
|t:|1655032147
|start
|switch|p1a: Keldeo|Keldeo-Resolute|100/100
|switch|p2a: Monolithia|Hippowdon, F|100/100
|-weather|Sandstorm|[from] ability: Sand Stream|[of] p2a: Monolithia
|turn|1
|
|t:|1655032156
|move|p1a: Keldeo|Flip Turn|p2a: Monolithia
|-supereffective|p2a: Monolithia
|-damage|p2a: Monolithia|83/100
|-damage|p1a: Keldeo|84/100|[from] item: Rocky Helmet|[of] p2a: Monolithia
|
|t:|1655032161
|switch|p1a: Skarmory|Skarmory, F|100/100|[from]move: Flip Turn
|move|p2a: Monolithia|Stealth Rock|p1a: Skarmory
|-sidestart|p1: huangxiaomj|move: Stealth Rock
|
|-weather|Sandstorm|[upkeep]
|upkeep
|turn|2
|
|t:|1655032177
|switch|p2a: Fractal Dreamers|Rotom-Wash|100/100
|move|p1a: Skarmory|Stealth Rock|p2a: Fractal Dreamers
|-sidestart|p2: Dayyyyyy|move: Stealth Rock
|
|-weather|Sandstorm|[upkeep]
|-damage|p2a: Fractal Dreamers|94/100|[from] Sandstorm
|-heal|p2a: Fractal Dreamers|100/100|[from] item: Leftovers
|upkeep
|turn|3
|
|t:|1655032187
|move|p2a: Fractal Dreamers|Volt Switch|p1a: Skarmory
|-supereffective|p1a: Skarmory
|-damage|p1a: Skarmory|54/100
|
|t:|1655032194
|switch|p2a: Fortuna Redux|Salamence, F|100/100|[from]move: Volt Switch
|-ability|p2a: Fortuna Redux|Intimidate|boost
|-unboost|p1a: Skarmory|atk|1
|move|p1a: Skarmory|Roost|p1a: Skarmory
|-heal|p1a: Skarmory|100/100
|-singleturn|p1a: Skarmory|move: Roost
|
|-weather|Sandstorm|[upkeep]
|-damage|p2a: Fortuna Redux|94/100|[from] Sandstorm
|upkeep
|turn|4
|
|t:|1655032221
|switch|p1a: Jirachi|Jirachi|100/100
|-damage|p1a: Jirachi|94/100|[from] Stealth Rock
|move|p2a: Fortuna Redux|Flamethrower|p1a: Jirachi
|-supereffective|p1a: Jirachi
|-damage|p1a: Jirachi|39/100
|
|-weather|Sandstorm|[upkeep]
|-damage|p2a: Fortuna Redux|88/100|[from] Sandstorm
|upkeep
|turn|5
|
|t:|1655032234
|move|p1a: Jirachi|U-turn|p2a: Fortuna Redux
|-resisted|p2a: Fortuna Redux
|-damage|p2a: Fortuna Redux|76/100
|
|t:|1655032239
|switch|p1a: Azumarill|Azumarill, F|100/100|[from]move: U-turn
|-damage|p1a: Azumarill|88/100|[from] Stealth Rock
|move|p2a: Fortuna Redux|Flamethrower|p1a: Azumarill
|-resisted|p1a: Azumarill
|-crit|p1a: Azumarill
|-damage|p1a: Azumarill|67/100
|
|-weather|none
|upkeep
|turn|6
|
|t:|1655032255
|switch|p2a: Clarum Somnium|Tangrowth, F|100/100
|-damage|p2a: Clarum Somnium|88/100|[from] Stealth Rock
|move|p1a: Azumarill|Belly Drum|p1a: Azumarill
|-damage|p1a: Azumarill|17/100
|-setboost|p1a: Azumarill|atk|6|[from] move: Belly Drum
|-enditem|p1a: Azumarill|Sitrus Berry|[eat]
|-heal|p1a: Azumarill|42/100|[from] item: Sitrus Berry
|
|upkeep
|turn|7
|
|t:|1655032265
|move|p1a: Azumarill|Play Rough|p2a: Clarum Somnium|[miss]
|-miss|p1a: Azumarill|p2a: Clarum Somnium
|move|p2a: Clarum Somnium|Sludge Bomb|p1a: Azumarill
|-supereffective|p1a: Azumarill
|-damage|p1a: Azumarill|0 fnt
|faint|p1a: Azumarill
|
|upkeep
|
|t:|1655032279
|switch|p1a: Keldeo|Keldeo-Resolute|84/100
|-damage|p1a: Keldeo|78/100|[from] Stealth Rock
|turn|8
|
|t:|1655032286
|move|p1a: Keldeo|Air Slash|p2a: Clarum Somnium
|-supereffective|p2a: Clarum Somnium
|-damage|p2a: Clarum Somnium|32/100
|move|p2a: Clarum Somnium|Power Whip|p1a: Keldeo
|-supereffective|p1a: Keldeo
|-damage|p1a: Keldeo|0 fnt
|faint|p1a: Keldeo
|
|upkeep
|-message|huangxiaomj forfeited.
|
|win|Dayyyyyy
|raw|huangxiaomj's rating: 1336 &rarr; <strong>1307</strong><br />(-29 for losing)
|raw|Dayyyyyy's rating: 1170 &rarr; <strong>1206</strong><br />(+36 for winning)
|l|☆huangxiaomj
