|j|☆Fudarus
|j|☆Hyaikho
|t:|1665326601
|gametype|singles
|player|p1|Fudarus|blackbelt-gen4|1428
|player|p2|Hyaikho|supernerd|1353
|teamsize|p1|6
|teamsize|p2|6
|gen|8
|tier|[Gen 8] UU
|rated|
|rule|Sleep Clause Mod: Limit one foe put to sleep
|rule|Species Clause: Limit one of each Pokémon
|rule|OHKO Clause: OHKO moves are banned
|rule|Evasion Items Clause: Evasion items are banned
|rule|Evasion Moves Clause: Evasion moves are banned
|rule|Endless Battle Clause: Forcing endless battles is banned
|rule|HP Percentage Mod: HP is shown in percentages
|rule|Dynamax Clause: You cannot dynamax
|clearpoke
|poke|p1|Scizor, M|
|poke|p1|Chansey, F|
|poke|p1|Zarude-Dada|
|poke|p1|Conkeldurr, F|
|poke|p1|Salamence, F|
|poke|p1|Nidoqueen, F|
|poke|p2|Krookodile, M|
|poke|p2|Haxorus, M|
|poke|p2|Conkeldurr, M|
|poke|p2|Darmanitan, M|
|poke|p2|Sirfetch’d, F|
|poke|p2|Tapu Bulu|
|teampreview
|inactive|Battle timer is ON: inactive players will automatically lose when time's up. (requested by Hyaikho)
|
|t:|1665326626
|start
|switch|p1a: Scizor|Scizor, M|100/100
|switch|p2a: Darmanitan|Darmanitan, M|100/100
|turn|1
|
|t:|1665326631
|switch|p1a: Salamence|Salamence, F|100/100
|-ability|p1a: Salamence|Intimidate|boost
|-unboost|p2a: Darmanitan|atk|1
|move|p2a: Darmanitan|Flare Blitz|p1a: Salamence
|-resisted|p1a: Salamence
|-damage|p1a: Salamence|67/100
|-damage|p2a: Darmanitan|88/100|[from] Recoil
|
|upkeep
|turn|2
|
|t:|1665326635
|switch|p2a: Haxorus|Haxorus, M|100/100
|-ability|p2a: Haxorus|Mold Breaker
|move|p1a: Salamence|Roost|p1a: Salamence
|-heal|p1a: Salamence|100/100
|-singleturn|p1a: Salamence|move: Roost
|
|upkeep
|turn|3
|
|t:|1665326639
|switch|p1a: Scizor|Scizor, M|100/100
|move|p2a: Haxorus|Outrage|p1a: Scizor
|-resisted|p1a: Scizor
|-damage|p1a: Scizor|69/100
|
|upkeep
|turn|4
|
|t:|1665326651
|move|p2a: Haxorus|Outrage|p1a: Scizor|[from]lockedmove
|-resisted|p1a: Scizor
|-damage|p1a: Scizor|39/100
|-start|p2a: Haxorus|confusion|[fatigue]
|move|p1a: Scizor|Knock Off|p2a: Haxorus
|-damage|p2a: Haxorus|58/100
|-enditem|p2a: Haxorus|Choice Scarf|[from] move: Knock Off|[of] p1a: Scizor
|
|upkeep
|turn|5
|
|t:|1665326665
|-activate|p2a: Haxorus|confusion
|-damage|p2a: Haxorus|37/100|[from] confusion
|move|p1a: Scizor|Roost|p1a: Scizor
|-heal|p1a: Scizor|89/100
|-singleturn|p1a: Scizor|move: Roost
|
|upkeep
|turn|6
|
|t:|1665326669
|switch|p2a: Darmanitan|Darmanitan, M|88/100
|move|p1a: Scizor|Bullet Punch|p2a: Darmanitan
|-resisted|p2a: Darmanitan
|-damage|p2a: Darmanitan|68/100
|
|upkeep
|turn|7
|
|t:|1665326686
|switch|p1a: Salamence|Salamence, F|100/100
|-ability|p1a: Salamence|Intimidate|boost
|-unboost|p2a: Darmanitan|atk|1
|move|p2a: Darmanitan|Rock Slide|p1a: Salamence
|-supereffective|p1a: Salamence
|-damage|p1a: Salamence|41/100
|
|upkeep
|turn|8
|
|t:|1665326691
|switch|p1a: Nidoqueen|Nidoqueen, F|100/100
|move|p2a: Darmanitan|Rock Slide|p1a: Nidoqueen
|-resisted|p1a: Nidoqueen
|-damage|p1a: Nidoqueen|82/100
|
|upkeep
|turn|9
|
|t:|1665326694
|switch|p2a: Tapu Bulu|Tapu Bulu|100/100
|-fieldstart|move: Grassy Terrain|[from] ability: Grassy Surge|[of] p2a: Tapu Bulu
|move|p1a: Nidoqueen|Stealth Rock|p2a: Tapu Bulu
|-sidestart|p2: Hyaikho|move: Stealth Rock
|
|-heal|p1a: Nidoqueen|88/100|[from] Grassy Terrain
|upkeep
|turn|10
|
|t:|1665326700
|switch|p1a: Scizor|Scizor, M|89/100
|move|p2a: Tapu Bulu|Horn Leech|p1a: Scizor
|-resisted|p1a: Scizor
|-damage|p1a: Scizor|70/100
|
|-heal|p1a: Scizor|76/100|[from] Grassy Terrain
|upkeep
|turn|11
|
|t:|1665326703
|switch|p2a: Haxorus|Haxorus, M|37/100
|-damage|p2a: Haxorus|25/100|[from] Stealth Rock
|-ability|p2a: Haxorus|Mold Breaker
|move|p1a: Scizor|Bullet Punch|p2a: Haxorus
|-damage|p2a: Haxorus|0 fnt
|faint|p2a: Haxorus
|
|-heal|p1a: Scizor|82/100|[from] Grassy Terrain
|upkeep
|
|t:|1665326706
|switch|p2a: Darmanitan|Darmanitan, M|68/100
|-damage|p2a: Darmanitan|43/100|[from] Stealth Rock
|turn|12
|
|t:|1665326710
|switch|p1a: Salamence|Salamence, F|41/100
|-ability|p1a: Salamence|Intimidate|boost
|-unboost|p2a: Darmanitan|atk|1
|move|p2a: Darmanitan|Flare Blitz|p1a: Salamence
|-resisted|p1a: Salamence
|-damage|p1a: Salamence|6/100
|-damage|p2a: Darmanitan|30/100|[from] Recoil
|
|-heal|p2a: Darmanitan|36/100|[from] Grassy Terrain
|upkeep
|turn|13
|
|t:|1665326715
|switch|p1a: Chansey|Chansey, F|100/100
|move|p2a: Darmanitan|Flare Blitz|p1a: Chansey
|-damage|p1a: Chansey|46/100
|-damage|p2a: Darmanitan|0 fnt|[from] Recoil
|faint|p2a: Darmanitan
|
|-heal|p1a: Chansey|52/100|[from] Grassy Terrain
|-fieldend|move: Grassy Terrain
|upkeep
|
|t:|1665326726
|switch|p2a: Krookodile|Krookodile, M|100/100
|-damage|p2a: Krookodile|94/100|[from] Stealth Rock
|turn|14
|
|t:|1665326729
|move|p2a: Krookodile|Beat Up|p1a: Chansey
|-damage|p1a: Chansey|47/100
|-damage|p1a: Chansey|41/100
|-damage|p1a: Chansey|36/100
|-damage|p1a: Chansey|30/100
|-hitcount|p1a: Chansey|4
|move|p1a: Chansey|Wish|p1a: Chansey
|
|upkeep
|turn|15
|-message|Hyaikho forfeited.
|
|win|Fudarus
|raw|Fudarus's rating: 1458 &rarr; <strong>1471</strong><br />(+13 for winning)
|raw|Hyaikho's rating: 1338 &rarr; <strong>1325</strong><br />(-13 for losing)
|l|☆Hyaikho
