|j|☆kerorek
|j|☆bioche80
|t:|1640800961
|gametype|singles
|player|p1|kerorek|lass-gen4dp|1519
|player|p2|bioche80|hugh|1436
|teamsize|p1|6
|teamsize|p2|6
|gen|8
|tier|[Gen 8] UU
|rated|
|rule|Sleep Clause Mod: Limit one foe put to sleep
|rule|Species Clause: Limit one of each Pokémon
|rule|OHKO Clause: OHKO moves are banned
|rule|Evasion Moves Clause: Evasion moves are banned
|rule|Endless Battle Clause: Forcing endless battles is banned
|rule|HP Percentage Mod: HP is shown in percentages
|rule|Dynamax Clause: You cannot dynamax
|clearpoke
|poke|p1|Crobat, F|
|poke|p1|Heliolisk, F|
|poke|p1|Hitmontop, M|
|poke|p1|Seaking, M|
|poke|p1|Avalugg, F|
|poke|p1|Mr. Mime-Galar, M|
|poke|p2|Swampert, M|
|poke|p2|Darmanitan, F|
|poke|p2|Tapu Bulu|
|poke|p2|Hydreigon, F|
|poke|p2|Nihilego|
|poke|p2|Aegislash, M|
|teampreview
|c|☆bioche80|woah top ladd with you team
|
|t:|1640800993
|start
|switch|p1a: Seaking|Seaking, M|100/100
|switch|p2a: Nihilego|Nihilego|100/100
|turn|1
|
|t:|1640800999
|move|p2a: Nihilego|Sludge Wave|p1a: Seaking
|-damage|p1a: Seaking|41/100
|move|p1a: Seaking|Flip Turn|p2a: Nihilego
|-supereffective|p2a: Nihilego
|-damage|p2a: Nihilego|28/100
|
|t:|1640801002
|switch|p1a: Hitmontop|Hitmontop, M|100/100|[from]move: Flip Turn
|
|upkeep
|turn|2
|
|t:|1640801007
|move|p1a: Hitmontop|Mach Punch|p2a: Nihilego
|-damage|p2a: Nihilego|0 fnt
|faint|p2a: Nihilego
|
|upkeep
|
|t:|1640801020
|switch|p2a: Swampert|Swampert, M|100/100
|turn|3
|
|t:|1640801024
|switch|p1a: Crobat|Crobat, F|100/100
|move|p2a: Swampert|Flip Turn|p1a: Crobat
|-damage|p1a: Crobat|80/100
|
|t:|1640801030
|switch|p2a: Darmanitan|Darmanitan, F|100/100|[from]move: Flip Turn
|
|upkeep
|turn|4
|
|t:|1640801035
|switch|p1a: Seaking|Seaking, M|41/100
|move|p2a: Darmanitan|Flare Blitz|p1a: Seaking
|-resisted|p1a: Seaking
|-damage|p1a: Seaking|0 fnt
|faint|p1a: Seaking
|-damage|p2a: Darmanitan|87/100|[from] Recoil
|
|upkeep
|
|t:|1640801045
|switch|p1a: Avalugg|Avalugg, F|100/100
|turn|5
|
|t:|1640801082
|switch|p2a: Swampert|Swampert, M|100/100
|move|p1a: Avalugg|Body Press|p2a: Swampert
|-damage|p2a: Swampert|62/100
|
|-heal|p2a: Swampert|68/100|[from] item: Leftovers
|upkeep
|turn|6
|
|t:|1640801090
|switch|p1a: Mr. Mime|Mr. Mime-Galar, M, shiny|100/100
|move|p2a: Swampert|Toxic|p1a: Mr. Mime
|-status|p1a: Mr. Mime|tox
|
|-heal|p2a: Swampert|74/100|[from] item: Leftovers
|-damage|p1a: Mr. Mime|94/100 tox|[from] psn
|upkeep
|turn|7
|
|t:|1640801101
|switch|p2a: Aegislash|Aegislash, M|100/100
|move|p1a: Mr. Mime|Freeze-Dry|p2a: Aegislash
|-resisted|p2a: Aegislash
|-crit|p2a: Aegislash
|-damage|p2a: Aegislash|77/100
|
|-heal|p2a: Aegislash|83/100|[from] item: Leftovers
|-damage|p1a: Mr. Mime|82/100 tox|[from] psn
|upkeep
|turn|8
|
|t:|1640801112
|switch|p1a: Heliolisk|Heliolisk, F|100/100
|-formechange|p2a: Aegislash|Aegislash-Blade||[from] ability: Stance Change
|move|p2a: Aegislash|Shadow Ball|p1a: Heliolisk
|-immune|p1a: Heliolisk
|
|-heal|p2a: Aegislash|89/100|[from] item: Leftovers
|upkeep
|turn|9
|
|t:|1640801124
|switch|p2a: Swampert|Swampert, M|74/100
|move|p1a: Heliolisk|Grass Knot|p2a: Swampert
|-supereffective|p2a: Swampert
|-damage|p2a: Swampert|0 fnt
|faint|p2a: Swampert
|
|upkeep
|
|t:|1640801132
|switch|p2a: Darmanitan|Darmanitan, F|87/100
|turn|10
|
|t:|1640801151
|switch|p1a: Avalugg|Avalugg, F|100/100
|move|p2a: Darmanitan|Flare Blitz|p1a: Avalugg
|-supereffective|p1a: Avalugg
|-damage|p1a: Avalugg|27/100
|-damage|p2a: Darmanitan|60/100|[from] Recoil
|
|upkeep
|turn|11
|
|t:|1640801161
|move|p2a: Darmanitan|Flare Blitz|p1a: Avalugg
|-supereffective|p1a: Avalugg
|-damage|p1a: Avalugg|0 fnt
|faint|p1a: Avalugg
|-damage|p2a: Darmanitan|50/100|[from] Recoil
|
|upkeep
|
|t:|1640801167
|switch|p1a: Hitmontop|Hitmontop, M|100/100
|turn|12
|
|t:|1640801171
|switch|p2a: Tapu Bulu|Tapu Bulu|100/100
|-fieldstart|move: Grassy Terrain|[from] ability: Grassy Surge|[of] p2a: Tapu Bulu
|move|p1a: Hitmontop|Mach Punch|p2a: Tapu Bulu
|-resisted|p2a: Tapu Bulu
|-damage|p2a: Tapu Bulu|87/100
|-damage|p1a: Hitmontop|84/100|[from] item: Rocky Helmet|[of] p2a: Tapu Bulu
|
|-heal|p1a: Hitmontop|90/100|[from] Grassy Terrain
|-heal|p2a: Tapu Bulu|93/100|[from] Grassy Terrain
|upkeep
|turn|13
|
|t:|1640801183
|switch|p1a: Crobat|Crobat, F|80/100
|switch|p2a: Darmanitan|Darmanitan, F|50/100
|
|-heal|p2a: Darmanitan|56/100|[from] Grassy Terrain
|upkeep
|turn|14
|
|t:|1640801189
|move|p2a: Darmanitan|Flare Blitz|p1a: Crobat
|-damage|p1a: Crobat|10/100
|-damage|p2a: Darmanitan|32/100|[from] Recoil
|move|p1a: Crobat|Brave Bird|p2a: Darmanitan
|-damage|p2a: Darmanitan|0 fnt
|faint|p2a: Darmanitan
|-damage|p1a: Crobat|0 fnt|[from] Recoil
|faint|p1a: Crobat
|
|upkeep
|c|☆bioche80|gg
|c|☆kerorek|gg
|
|t:|1640801207
|switch|p1a: Mr. Mime|Mr. Mime-Galar, M, shiny|82/100 tox
|switch|p2a: Hydreigon|Hydreigon, F|100/100
|turn|15
|
|t:|1640801214
|move|p1a: Mr. Mime|Ice Beam|p2a: Hydreigon
|-supereffective|p2a: Hydreigon
|-damage|p2a: Hydreigon|0 fnt
|faint|p2a: Hydreigon
|
|-heal|p1a: Mr. Mime|88/100 tox|[from] Grassy Terrain
|-damage|p1a: Mr. Mime|82/100 tox|[from] psn
|upkeep
|
|t:|1640801222
|switch|p2a: Aegislash|Aegislash, M|89/100
|turn|16
|
|t:|1640801229
|switch|p1a: Hitmontop|Hitmontop, M|90/100
|-formechange|p2a: Aegislash|Aegislash-Blade||[from] ability: Stance Change
|move|p2a: Aegislash|Close Combat|p1a: Hitmontop
|-damage|p1a: Hitmontop|37/100
|-unboost|p2a: Aegislash|def|1
|-unboost|p2a: Aegislash|spd|1
|
|-heal|p1a: Hitmontop|43/100|[from] Grassy Terrain
|-heal|p2a: Aegislash|96/100|[from] Grassy Terrain
|-heal|p2a: Aegislash|100/100|[from] item: Leftovers
|-fieldend|move: Grassy Terrain
|upkeep
|turn|17
|
|t:|1640801242
|switch|p2a: Tapu Bulu|Tapu Bulu|93/100
|-fieldstart|move: Grassy Terrain|[from] ability: Grassy Surge|[of] p2a: Tapu Bulu
|move|p1a: Hitmontop|Earthquake|p2a: Tapu Bulu
|-resisted|p2a: Tapu Bulu
|-damage|p2a: Tapu Bulu|85/100
|
|-heal|p1a: Hitmontop|49/100|[from] Grassy Terrain
|-heal|p2a: Tapu Bulu|91/100|[from] Grassy Terrain
|upkeep
|turn|18
|
|t:|1640801251
|move|p1a: Hitmontop|Earthquake|p2a: Tapu Bulu
|-resisted|p2a: Tapu Bulu
|-damage|p2a: Tapu Bulu|83/100
|move|p2a: Tapu Bulu|Horn Leech|p1a: Hitmontop
|-damage|p1a: Hitmontop|0 fnt
|-heal|p2a: Tapu Bulu|100/100|[from] drain|[of] p1a: Hitmontop
|faint|p1a: Hitmontop
|
|upkeep
|
|t:|1640801257
|switch|p1a: Mr. Mime|Mr. Mime-Galar, M, shiny|82/100 tox
|turn|19
|
|t:|1640801261
|switch|p2a: Aegislash|Aegislash, M|100/100
|move|p1a: Mr. Mime|Shadow Ball|p2a: Aegislash
|-supereffective|p2a: Aegislash
|-damage|p2a: Aegislash|53/100
|
|-heal|p1a: Mr. Mime|88/100 tox|[from] Grassy Terrain
|-heal|p2a: Aegislash|59/100|[from] Grassy Terrain
|-heal|p2a: Aegislash|65/100|[from] item: Leftovers
|-damage|p1a: Mr. Mime|82/100 tox|[from] psn
|upkeep
|turn|20
|
|t:|1640801272
|switch|p1a: Heliolisk|Heliolisk, F|100/100
|-formechange|p2a: Aegislash|Aegislash-Blade||[from] ability: Stance Change
|move|p2a: Aegislash|Close Combat|p1a: Heliolisk
|-supereffective|p1a: Heliolisk
|-damage|p1a: Heliolisk|0 fnt
|-unboost|p2a: Aegislash|def|1
|-unboost|p2a: Aegislash|spd|1
|faint|p1a: Heliolisk
|
|-heal|p2a: Aegislash|71/100|[from] Grassy Terrain
|-heal|p2a: Aegislash|78/100|[from] item: Leftovers
|upkeep
|
|t:|1640801276
|switch|p1a: Mr. Mime|Mr. Mime-Galar, M, shiny|82/100 tox
|turn|21
|
|t:|1640801287
|-formechange|p2a: Aegislash|Aegislash||[from] ability: Stance Change
|move|p2a: Aegislash|King's Shield|p2a: Aegislash
|-singleturn|p2a: Aegislash|Protect
|move|p1a: Mr. Mime|Ice Beam|p2a: Aegislash
|-activate|p2a: Aegislash|move: Protect
|
|-heal|p1a: Mr. Mime|88/100 tox|[from] Grassy Terrain
|-heal|p2a: Aegislash|84/100|[from] Grassy Terrain
|-heal|p2a: Aegislash|90/100|[from] item: Leftovers
|-damage|p1a: Mr. Mime|82/100 tox|[from] psn
|-fieldend|move: Grassy Terrain
|upkeep
|turn|22
|
|t:|1640801300
|switch|p2a: Tapu Bulu|Tapu Bulu|100/100
|-fieldstart|move: Grassy Terrain|[from] ability: Grassy Surge|[of] p2a: Tapu Bulu
|move|p1a: Mr. Mime|Ice Beam|p2a: Tapu Bulu
|-supereffective|p2a: Tapu Bulu
|-damage|p2a: Tapu Bulu|0 fnt
|faint|p2a: Tapu Bulu
|
|-heal|p1a: Mr. Mime|88/100 tox|[from] Grassy Terrain
|-damage|p1a: Mr. Mime|76/100 tox|[from] psn
|upkeep
|
|t:|1640801311
|switch|p2a: Aegislash|Aegislash, M|90/100
|turn|23
|
|t:|1640801315
|move|p1a: Mr. Mime|Ice Beam|p2a: Aegislash
|-resisted|p2a: Aegislash
|-damage|p2a: Aegislash|68/100
|-formechange|p2a: Aegislash|Aegislash-Blade||[from] ability: Stance Change
|move|p2a: Aegislash|Shadow Ball|p1a: Mr. Mime
|-supereffective|p1a: Mr. Mime
|-damage|p1a: Mr. Mime|0 fnt
|faint|p1a: Mr. Mime
|
|win|bioche80
|raw|kerorek's rating: 1519 &rarr; <strong>1494</strong><br />(-25 for losing)
|raw|bioche80's rating: 1436 &rarr; <strong>1461</strong><br />(+25 for winning)
|c|☆bioche80|gg
|l|☆kerorek
|c|☆bioche80|incroyable
||Ladder isn't responding, score probably updated but might not have (Request timeout).
