|j|☆Zephyyyr
|j|☆Flarelda
|t:|1662897832
|gametype|singles
|player|p1|Zephyyyr|richboy|1459
|player|p2|Flarelda|hilda|1353
|teamsize|p1|6
|teamsize|p2|6
|gen|8
|tier|[Gen 8] UU
|rated|
|rule|Sleep Clause Mod: Limit one foe put to sleep
|rule|Species Clause: Limit one of each Pokémon
|rule|OHKO Clause: OHKO moves are banned
|rule|Evasion Items Clause: Evasion items are banned
|rule|Evasion Moves Clause: Evasion moves are banned
|rule|Endless Battle Clause: Forcing endless battles is banned
|rule|HP Percentage Mod: HP is shown in percentages
|rule|Dynamax Clause: You cannot dynamax
|clearpoke
|poke|p1|Aerodactyl, M|
|poke|p1|Whimsicott, F|
|poke|p1|Marowak-Alola, M|
|poke|p1|Tornadus, M|
|poke|p1|Pangoro, F|
|poke|p1|Indeedee, M|
|poke|p2|Scizor, F|
|poke|p2|Azelf|
|poke|p2|Keldeo-Resolute|
|poke|p2|Primarina, F|
|poke|p2|Krookodile, M|
|poke|p2|Rotom-Heat|
|teampreview
|inactive|Battle timer is ON: inactive players will automatically lose when time's up. (requested by Flarelda)
|
|t:|1662897840
|start
|switch|p1a: Whimsicott|Whimsicott, F, shiny|100/100
|switch|p2a: Scizor|Scizor, F|100/100
|turn|1
|
|t:|1662897846
|move|p1a: Whimsicott|Tailwind|p1a: Whimsicott
|-sidestart|p1: Zephyyyr|move: Tailwind
|move|p2a: Scizor|U-turn|p1a: Whimsicott
|-damage|p1a: Whimsicott|72/100
|
|t:|1662897851
|switch|p2a: Rotom|Rotom-Heat|100/100|[from]move: U-turn
|
|upkeep
|turn|2
|
|t:|1662897855
|switch|p1a: Marowak|Marowak-Alola, M, shiny|100/100
|move|p2a: Rotom|Overheat|p1a: Marowak
|-resisted|p1a: Marowak
|-damage|p1a: Marowak|52/100
|-unboost|p2a: Rotom|spa|2
|
|upkeep
|turn|3
|
|t:|1662897865
|switch|p2a: Azelf|Azelf, shiny|100/100
|move|p1a: Marowak|Substitute|p1a: Marowak
|-start|p1a: Marowak|Substitute
|-damage|p1a: Marowak|27/100
|
|upkeep
|turn|4
|
|t:|1662897870
|move|p1a: Marowak|Flare Blitz|p2a: Azelf
|-enditem|p2a: Azelf|Focus Sash
|-damage|p2a: Azelf|1/100
|move|p2a: Azelf|Psychic|p1a: Marowak
|-end|p1a: Marowak|Substitute
|
|-sideend|p1: Zephyyyr|move: Tailwind
|upkeep
|turn|5
|
|t:|1662897875
|switch|p1a: Aerodactyl|Aerodactyl, M, shiny|100/100
|-ability|p1a: Aerodactyl|Unnerve
|move|p2a: Azelf|Stealth Rock|p1a: Aerodactyl
|-sidestart|p1: Zephyyyr|move: Stealth Rock
|
|upkeep
|turn|6
|
|t:|1662897882
|move|p1a: Aerodactyl|Stealth Rock|p2a: Azelf
|-sidestart|p2: Flarelda|move: Stealth Rock
|move|p2a: Azelf|Psychic|p1a: Aerodactyl
|-damage|p1a: Aerodactyl|46/100
|
|upkeep
|turn|7
|
|t:|1662897887
|move|p1a: Aerodactyl|Tailwind|p1a: Aerodactyl
|-sidestart|p1: Zephyyyr|move: Tailwind
|move|p2a: Azelf|Psychic|p1a: Aerodactyl
|-damage|p1a: Aerodactyl|0 fnt
|faint|p1a: Aerodactyl
|
|upkeep
|
|t:|1662897895
|switch|p1a: Indeedee|Indeedee, M|100/100
|-damage|p1a: Indeedee|88/100|[from] Stealth Rock
|-fieldstart|move: Psychic Terrain|[from] ability: Psychic Surge|[of] p1a: Indeedee
|turn|8
|
|t:|1662897907
|move|p1a: Indeedee|Dazzling Gleam|p2a: Azelf
|-damage|p2a: Azelf|0 fnt
|faint|p2a: Azelf
|-damage|p1a: Indeedee|78/100|[from] item: Life Orb
|
|upkeep
|
|t:|1662897912
|switch|p2a: Rotom|Rotom-Heat|100/100
|-damage|p2a: Rotom|76/100|[from] Stealth Rock
|turn|9
|
|t:|1662897917
|move|p1a: Indeedee|Psyshock|p2a: Rotom
|-crit|p2a: Rotom
|-damage|p2a: Rotom|0 fnt
|faint|p2a: Rotom
|-damage|p1a: Indeedee|68/100|[from] item: Life Orb
|
|upkeep
|
|t:|1662897921
|switch|p2a: Scizor|Scizor, F|100/100
|-damage|p2a: Scizor|88/100|[from] Stealth Rock
|turn|10
|
|t:|1662897924
|switch|p2a: Keldeo|Keldeo-Resolute|100/100
|-damage|p2a: Keldeo|94/100|[from] Stealth Rock
|move|p1a: Indeedee|Mystical Fire|p2a: Keldeo
|-resisted|p2a: Keldeo
|-damage|p2a: Keldeo|77/100
|-unboost|p2a: Keldeo|spa|1
|-damage|p1a: Indeedee|58/100|[from] item: Life Orb
|
|-sideend|p1: Zephyyyr|move: Tailwind
|upkeep
|turn|11
|
|t:|1662897936
|switch|p1a: Whimsicott|Whimsicott, F, shiny|72/100
|-damage|p1a: Whimsicott|59/100|[from] Stealth Rock
|move|p2a: Keldeo|Flip Turn|p1a: Whimsicott
|-resisted|p1a: Whimsicott
|-damage|p1a: Whimsicott|53/100
|
|t:|1662897949
|switch|p2a: Scizor|Scizor, F|88/100|[from]move: Flip Turn
|-damage|p2a: Scizor|75/100|[from] Stealth Rock
|
|-heal|p2a: Scizor|82/100|[from] item: Leftovers
|upkeep
|turn|12
|
|t:|1662897956
|move|p1a: Whimsicott|Tailwind|p1a: Whimsicott
|-sidestart|p1: Zephyyyr|move: Tailwind
|move|p2a: Scizor|Swords Dance|p2a: Scizor
|-boost|p2a: Scizor|atk|2
|
|-heal|p2a: Scizor|88/100|[from] item: Leftovers
|-fieldend|move: Psychic Terrain
|upkeep
|turn|13
|
|t:|1662897963
|switch|p1a: Indeedee|Indeedee, M|58/100
|-damage|p1a: Indeedee|46/100|[from] Stealth Rock
|-fieldstart|move: Psychic Terrain|[from] ability: Psychic Surge|[of] p1a: Indeedee
|move|p2a: Scizor|U-turn|p1a: Indeedee
|-supereffective|p1a: Indeedee
|-damage|p1a: Indeedee|0 fnt
|faint|p1a: Indeedee
|
|t:|1662897968
|switch|p2a: Keldeo|Keldeo-Resolute|77/100|[from]move: U-turn
|-damage|p2a: Keldeo|71/100|[from] Stealth Rock
|
|upkeep
|
|t:|1662897973
|switch|p1a: Tornadus|Tornadus, M, shiny|100/100
|-damage|p1a: Tornadus|76/100|[from] Stealth Rock
|turn|14
|
|t:|1662897977
|switch|p2a: Marine|Primarina, F, shiny|100/100
|-damage|p2a: Marine|88/100|[from] Stealth Rock
|move|p1a: Tornadus|Hurricane|p2a: Marine
|-damage|p2a: Marine|30/100
|-damage|p1a: Tornadus|66/100|[from] item: Life Orb
|
|-heal|p2a: Marine|36/100|[from] item: Leftovers
|upkeep
|turn|15
|
|t:|1662897983
|move|p1a: Tornadus|Hurricane|p2a: Marine|[miss]
|-miss|p1a: Tornadus|p2a: Marine
|move|p2a: Marine|Moonblast|p1a: Tornadus
|-damage|p1a: Tornadus|5/100
|
|-heal|p2a: Marine|42/100|[from] item: Leftovers
|-sideend|p1: Zephyyyr|move: Tailwind
|upkeep
|turn|16
|
|t:|1662897992
|move|p1a: Tornadus|Tailwind|p1a: Tornadus
|-sidestart|p1: Zephyyyr|move: Tailwind
|move|p2a: Marine|Moonblast|p1a: Tornadus
|-damage|p1a: Tornadus|0 fnt
|faint|p1a: Tornadus
|
|-heal|p2a: Marine|48/100|[from] item: Leftovers
|upkeep
|
|t:|1662897996
|switch|p1a: Pangoro|Pangoro, F|100/100
|-damage|p1a: Pangoro|94/100|[from] Stealth Rock
|-ability|p1a: Pangoro|Mold Breaker
|turn|17
|
|t:|1662898000
|move|p1a: Pangoro|Close Combat|p2a: Marine
|-resisted|p2a: Marine
|-damage|p2a: Marine|5/100
|-unboost|p1a: Pangoro|def|1
|-unboost|p1a: Pangoro|spd|1
|move|p2a: Marine|Moonblast|p1a: Pangoro
|-supereffective|p1a: Pangoro
|-crit|p1a: Pangoro
|-damage|p1a: Pangoro|0 fnt
|faint|p1a: Pangoro
|
|-heal|p2a: Marine|11/100|[from] item: Leftovers
|-fieldend|move: Psychic Terrain
|upkeep
|-message|Zephyyyr forfeited.
|
|win|Flarelda
|raw|Zephyyyr's rating: 1459 &rarr; <strong>1433</strong><br />(-26 for losing)
|raw|Flarelda's rating: 1353 &rarr; <strong>1379</strong><br />(+26 for winning)
|l|☆Zephyyyr
