|j|☆RIZ LA VIE
|j|☆Aridame
|player|p1|RIZ LA VIE|candice|1637
|player|p2|Aridame|266|1521
|teamsize|p1|6
|teamsize|p2|6
|gametype|singles
|gen|8
|tier|[Gen 8] UU
|rated|
|clearpoke
|poke|p1|Grimmsnarl, M|
|poke|p1|Hatterene, F|
|poke|p1|Scolipede, M|
|poke|p1|Keldeo-Resolute|
|poke|p1|Terrakion|
|poke|p1|Incineroar, M|
|poke|p2|Hatterene, F|
|poke|p2|Cloyster, M|
|poke|p2|Skarmory, M|
|poke|p2|Krookodile, F|
|poke|p2|Rotom-Wash|
|poke|p2|Shedinja|
|rule|Sleep Clause Mod: Limit one foe put to sleep
|rule|Species Clause: Limit one of each Pokémon
|rule|OHKO Clause: OHKO moves are banned
|rule|Evasion Moves Clause: Evasion moves are banned
|rule|Endless Battle Clause: Forcing endless battles is banned
|rule|HP Percentage Mod: HP is shown in percentages
|rule|Dynamax Clause: You cannot dynamax
|teampreview
|
|start
|switch|p1a: Terrakion|Terrakion|100/100
|switch|p2a: Rotom|Rotom-Wash|100/100
|turn|1
|
|move|p1a: Terrakion|Stone Edge|p2a: Rotom
|-damage|p2a: Rotom|36/100
|move|p2a: Rotom|Hydro Pump|p1a: Terrakion|[miss]
|-miss|p2a: Rotom|p1a: Terrakion
|
|-heal|p2a: Rotom|42/100|[from] item: Leftovers
|upkeep
|turn|2
|
|switch|p2a: Skarmory|Skarmory, M|100/100
|move|p1a: Terrakion|Close Combat|p2a: Skarmory
|-damage|p2a: Skarmory|65/100
|-unboost|p1a: Terrakion|def|1
|-unboost|p1a: Terrakion|spd|1
|
|-heal|p2a: Skarmory|71/100|[from] item: Leftovers
|upkeep
|turn|3
|
|move|p1a: Terrakion|Taunt|p2a: Skarmory
|-start|p2a: Skarmory|move: Taunt
|cant|p2a: Skarmory|move: Taunt|Stealth Rock
|
|-heal|p2a: Skarmory|77/100|[from] item: Leftovers
|upkeep
|turn|4
|
|move|p1a: Terrakion|Stone Edge|p2a: Skarmory
|-damage|p2a: Skarmory|45/100
|move|p2a: Skarmory|Brave Bird|p1a: Terrakion
|-damage|p1a: Terrakion|41/100
|-damage|p2a: Skarmory|26/100|[from] Recoil
|
|-heal|p2a: Skarmory|32/100|[from] item: Leftovers
|upkeep
|turn|5
|
|move|p1a: Terrakion|Stealth Rock|p2a: Skarmory
|-sidestart|p2: Aridame|move: Stealth Rock
|move|p2a: Skarmory|Brave Bird|p1a: Terrakion
|-damage|p1a: Terrakion|0 fnt
|-damage|p2a: Skarmory|19/100|[from] Recoil
|faint|p1a: Terrakion
|
|-heal|p2a: Skarmory|25/100|[from] item: Leftovers
|-end|p2a: Skarmory|move: Taunt
|upkeep
|
|switch|p1a: Incineroar|Incineroar, M|100/100
|-ability|p1a: Incineroar|Intimidate|boost
|-unboost|p2a: Skarmory|atk|1
|turn|6
|
|switch|p2a: Rotom|Rotom-Wash|42/100
|-damage|p2a: Rotom|30/100|[from] Stealth Rock
|move|p1a: Incineroar|Flame Charge|p2a: Rotom
|-resisted|p2a: Rotom
|-damage|p2a: Rotom|14/100
|-boost|p1a: Incineroar|spe|1
|
|-heal|p2a: Rotom|20/100|[from] item: Leftovers
|upkeep
|turn|7
|
|move|p1a: Incineroar|Knock Off|p2a: Rotom
|-damage|p2a: Rotom|0 fnt
|-enditem|p2a: Rotom|Leftovers|[from] move: Knock Off|[of] p1a: Incineroar
|faint|p2a: Rotom
|
|upkeep
|
|switch|p2a: Krookodile|Krookodile, F|100/100
|-damage|p2a: Krookodile|94/100|[from] Stealth Rock
|turn|8
|
|move|p2a: Krookodile|Earthquake|p1a: Incineroar
|-supereffective|p1a: Incineroar
|-damage|p1a: Incineroar|0 fnt
|faint|p1a: Incineroar
|-ability|p2a: Krookodile|Moxie|boost
|-boost|p2a: Krookodile|atk|1
|
|upkeep
|j| vaboh
|
|switch|p1a: Grimmsnarl|Grimmsnarl, M|100/100
|turn|9
|
|move|p1a: Grimmsnarl|Reflect|p1a: Grimmsnarl
|-sidestart|p1: RIZ LA VIE|Reflect
|move|p2a: Krookodile|Earthquake|p1a: Grimmsnarl
|-damage|p1a: Grimmsnarl|54/100
|
|upkeep
|turn|10
|
|switch|p2a: Skarmory|Skarmory, M|25/100
|-damage|p2a: Skarmory|13/100|[from] Stealth Rock
|move|p1a: Grimmsnarl|Spirit Break|p2a: Skarmory
|-resisted|p2a: Skarmory
|-damage|p2a: Skarmory|1/100
|-unboost|p2a: Skarmory|spa|1
|
|-heal|p2a: Skarmory|7/100|[from] item: Leftovers
|upkeep
|turn|11
|
|move|p1a: Grimmsnarl|Taunt|p2a: Skarmory
|-start|p2a: Skarmory|move: Taunt
|cant|p2a: Skarmory|move: Taunt|Defog
|
|-heal|p2a: Skarmory|13/100|[from] item: Leftovers
|upkeep
|turn|12
|j| Hockey1
|
|move|p2a: Skarmory|Brave Bird|p1a: Grimmsnarl
|-crit|p1a: Grimmsnarl
|-damage|p1a: Grimmsnarl|0 fnt
|-damage|p2a: Skarmory|0 fnt|[from] Recoil
|faint|p1a: Grimmsnarl
|faint|p2a: Skarmory
|
|upkeep
|
|switch|p2a: Hatterene|Hatterene, F|100/100
|switch|p1a: Hatterene|Hatterene, F|100/100
|-damage|p2a: Hatterene|88/100|[from] Stealth Rock
|turn|13
|
|move|p1a: Hatterene|Calm Mind|p1a: Hatterene
|-boost|p1a: Hatterene|spa|1
|-boost|p1a: Hatterene|spd|1
|move|p2a: Hatterene|Calm Mind|p2a: Hatterene
|-boost|p2a: Hatterene|spa|1
|-boost|p2a: Hatterene|spd|1
|
|-heal|p2a: Hatterene|94/100|[from] item: Leftovers
|upkeep
|turn|14
|
|move|p2a: Hatterene|Calm Mind|p2a: Hatterene
|-boost|p2a: Hatterene|spa|1
|-boost|p2a: Hatterene|spd|1
|move|p1a: Hatterene|Calm Mind|p1a: Hatterene
|-boost|p1a: Hatterene|spa|1
|-boost|p1a: Hatterene|spd|1
|
|-heal|p2a: Hatterene|99/100|[from] item: Leftovers
|upkeep
|turn|15
|
|move|p1a: Hatterene|Calm Mind|p1a: Hatterene
|-boost|p1a: Hatterene|spa|1
|-boost|p1a: Hatterene|spd|1
|move|p2a: Hatterene|Calm Mind|p2a: Hatterene
|-boost|p2a: Hatterene|spa|1
|-boost|p2a: Hatterene|spd|1
|
|-heal|p2a: Hatterene|100/100|[from] item: Leftovers
|upkeep
|turn|16
|
|move|p1a: Hatterene|Calm Mind|p1a: Hatterene
|-boost|p1a: Hatterene|spa|1
|-boost|p1a: Hatterene|spd|1
|move|p2a: Hatterene|Calm Mind|p2a: Hatterene
|-boost|p2a: Hatterene|spa|1
|-boost|p2a: Hatterene|spd|1
|
|-sideend|p1: RIZ LA VIE|Reflect
|upkeep
|turn|17
|inactive|Battle timer is ON: inactive players will automatically lose when time's up. (requested by RIZ LA VIE)
|
|move|p2a: Hatterene|Calm Mind|p2a: Hatterene
|-boost|p2a: Hatterene|spa|1
|-boost|p2a: Hatterene|spd|1
|move|p1a: Hatterene|Calm Mind|p1a: Hatterene
|-boost|p1a: Hatterene|spa|1
|-boost|p1a: Hatterene|spd|1
|
|upkeep
|turn|18
|
|move|p1a: Hatterene|Calm Mind|p1a: Hatterene
|-boost|p1a: Hatterene|spa|1
|-boost|p1a: Hatterene|spd|1
|move|p2a: Hatterene|Calm Mind|p2a: Hatterene
|-boost|p2a: Hatterene|spa|1
|-boost|p2a: Hatterene|spd|1
|
|upkeep
|turn|19
|
|move|p1a: Hatterene|Psyshock|p2a: Hatterene
|-resisted|p2a: Hatterene
|-damage|p2a: Hatterene|17/100
|move|p2a: Hatterene|Psyshock|p1a: Hatterene
|-resisted|p1a: Hatterene
|-damage|p1a: Hatterene|27/100
|
|-heal|p2a: Hatterene|23/100|[from] item: Leftovers
|-heal|p1a: Hatterene|33/100|[from] item: Leftovers
|upkeep
|turn|20
|j| joeyhoey69
|
|move|p1a: Hatterene|Draining Kiss|p2a: Hatterene
|-damage|p2a: Hatterene|0 fnt
|-heal|p1a: Hatterene|50/100|[from] drain|[of] p2a: Hatterene
|faint|p2a: Hatterene
|
|-heal|p1a: Hatterene|56/100|[from] item: Leftovers
|upkeep
|
|switch|p2a: Krookodile|Krookodile, F|94/100
|-damage|p2a: Krookodile|88/100|[from] Stealth Rock
|turn|21
|l| vaboh
|
|move|p2a: Krookodile|Earthquake|p1a: Hatterene
|-damage|p1a: Hatterene|17/100
|move|p1a: Hatterene|Draining Kiss|p2a: Krookodile
|-supereffective|p2a: Krookodile
|-damage|p2a: Krookodile|0 fnt
|-heal|p1a: Hatterene|85/100|[from] drain|[of] p2a: Krookodile
|faint|p2a: Krookodile
|
|-heal|p1a: Hatterene|91/100|[from] item: Leftovers
|upkeep
|-message|Aridame forfeited.
|
|win|RIZ LA VIE
|l|☆Aridame
||Ladder (probably) updated, but score could not be retrieved (Request timeout).
