|j|☆thunderdog_32
|j|☆HaxxLR
|t:|1649464661
|gametype|singles
|player|p1|thunderdog_32|170|1272
|player|p2|HaxxLR|grimsley|1416
|teamsize|p1|6
|teamsize|p2|6
|gen|8
|tier|[Gen 8] UU
|rated|
|rule|Sleep Clause Mod: Limit one foe put to sleep
|rule|Species Clause: Limit one of each Pokémon
|rule|OHKO Clause: OHKO moves are banned
|rule|Evasion Moves Clause: Evasion moves are banned
|rule|Endless Battle Clause: Forcing endless battles is banned
|rule|HP Percentage Mod: HP is shown in percentages
|rule|Dynamax Clause: You cannot dynamax
|clearpoke
|poke|p1|Excadrill, M|
|poke|p1|Thundurus-Therian, M|
|poke|p1|Tangrowth, F|
|poke|p1|Conkeldurr, F|
|poke|p1|Primarina, M|
|poke|p1|Darmanitan, F|
|poke|p2|Nidoking, M|
|poke|p2|Zarude|
|poke|p2|Skarmory, F|
|poke|p2|Chansey, F|
|poke|p2|Tentacruel, F|
|poke|p2|Mamoswine, M|
|teampreview
|inactive|Battle timer is ON: inactive players will automatically lose when time's up. (requested by thunderdog_32)
|inactive|HaxxLR has 120 seconds left.
|
|t:|1649464725
|start
|switch|p1a: Excadrill|Excadrill, M|100/100
|switch|p2a: Zarude|Zarude|100/100
|-ability|p1a: Excadrill|Mold Breaker
|turn|1
|
|t:|1649464737
|move|p2a: Zarude|U-turn|p1a: Excadrill
|-resisted|p1a: Excadrill
|-damage|p1a: Excadrill|84/100
|
|t:|1649464742
|switch|p2a: Skarmory|Skarmory, F|100/100|[from]move: U-turn
|move|p1a: Excadrill|Stealth Rock|p2a: Skarmory
|-sidestart|p2: HaxxLR|move: Stealth Rock
|
|-heal|p1a: Excadrill|90/100|[from] item: Leftovers
|upkeep
|turn|2
|
|t:|1649464750
|switch|p1a: Thundurus|Thundurus-Therian, M|100/100
|move|p2a: Skarmory|Spikes|p1a: Thundurus
|-sidestart|p1: thunderdog_32|Spikes
|
|upkeep
|turn|3
|
|t:|1649464759
|switch|p2a: Chansey|Chansey, F|100/100
|-damage|p2a: Chansey|88/100|[from] Stealth Rock
|move|p1a: Thundurus|Nasty Plot|p1a: Thundurus
|-boost|p1a: Thundurus|spa|2
|
|upkeep
|turn|4
|
|t:|1649464775
|move|p1a: Thundurus|Thunderbolt|p2a: Chansey
|-damage|p2a: Chansey|57/100
|move|p2a: Chansey|Seismic Toss|p1a: Thundurus
|-damage|p1a: Thundurus|67/100
|
|upkeep
|turn|5
|
|t:|1649464783
|switch|p1a: Tangrowth|Tangrowth, F|100/100
|-damage|p1a: Tangrowth|88/100|[from] Spikes
|move|p2a: Chansey|Soft-Boiled|p2a: Chansey
|-heal|p2a: Chansey|100/100
|
|upkeep
|turn|6
|
|t:|1649464791
|switch|p2a: Skarmory|Skarmory, F|100/100
|-damage|p2a: Skarmory|88/100|[from] Stealth Rock
|move|p1a: Tangrowth|Knock Off|p2a: Skarmory
|-damage|p2a: Skarmory|75/100
|-damage|p1a: Tangrowth|72/100|[from] item: Rocky Helmet|[of] p2a: Skarmory
|-enditem|p2a: Skarmory|Rocky Helmet|[from] move: Knock Off|[of] p1a: Tangrowth
|
|upkeep
|turn|7
|
|t:|1649464801
|switch|p1a: Primarina|Primarina, M|100/100
|-damage|p1a: Primarina|88/100|[from] Spikes
|move|p2a: Skarmory|Spikes|p1a: Primarina
|-sidestart|p1: thunderdog_32|Spikes
|
|-heal|p1a: Primarina|94/100|[from] item: Leftovers
|upkeep
|turn|8
|
|t:|1649464808
|switch|p2a: Tentacruel|Tentacruel, F|100/100
|-damage|p2a: Tentacruel|88/100|[from] Stealth Rock
|move|p1a: Primarina|Scald|p2a: Tentacruel
|-resisted|p2a: Tentacruel
|-damage|p2a: Tentacruel|75/100
|
|-heal|p2a: Tentacruel|81/100|[from] item: Black Sludge
|-heal|p1a: Primarina|99/100|[from] item: Leftovers
|upkeep
|turn|9
|
|t:|1649464818
|switch|p1a: Excadrill|Excadrill, M|90/100
|-damage|p1a: Excadrill|73/100|[from] Spikes
|-ability|p1a: Excadrill|Mold Breaker
|move|p2a: Tentacruel|Rapid Spin|p1a: Excadrill
|-resisted|p1a: Excadrill
|-damage|p1a: Excadrill|68/100
|-boost|p2a: Tentacruel|spe|1
|-sideend|p2: HaxxLR|Stealth Rock|[from] move: Rapid Spin|[of] p2a: Tentacruel
|
|-heal|p2a: Tentacruel|87/100|[from] item: Black Sludge
|-heal|p1a: Excadrill|74/100|[from] item: Leftovers
|upkeep
|turn|10
|
|t:|1649464845
|switch|p2a: Skarmory|Skarmory, F|75/100
|move|p1a: Excadrill|Earthquake|p2a: Skarmory
|-immune|p2a: Skarmory
|
|-heal|p1a: Excadrill|80/100|[from] item: Leftovers
|upkeep
|turn|11
|
|t:|1649464851
|switch|p1a: Thundurus|Thundurus-Therian, M|67/100
|move|p2a: Skarmory|Body Press|p1a: Thundurus
|-resisted|p1a: Thundurus
|-damage|p1a: Thundurus|43/100
|
|upkeep
|turn|12
|
|t:|1649464857
|switch|p2a: Chansey|Chansey, F|100/100
|move|p1a: Thundurus|Defog|p2a: Chansey
|-unboost|p2a: Chansey|evasion|1
|-sideend|p1: thunderdog_32|Spikes|[from] move: Defog|[of] p1a: Thundurus
|
|upkeep
|turn|13
|
|t:|1649464867
|switch|p1a: Tangrowth|Tangrowth, F|100/100
|move|p2a: Chansey|Teleport|p2a: Chansey
|
|t:|1649464880
|switch|p2a: Mamoswine|Mamoswine, M|100/100|[from]move: Teleport
|
|upkeep
|turn|14
|
|t:|1649464889
|move|p2a: Mamoswine|Icicle Crash|p1a: Tangrowth
|-supereffective|p1a: Tangrowth
|-damage|p1a: Tangrowth|30/100
|-damage|p2a: Mamoswine|91/100|[from] item: Life Orb
|cant|p1a: Tangrowth|flinch
|
|upkeep
|turn|15
|
|t:|1649464903
|switch|p1a: Primarina|Primarina, M|99/100
|move|p2a: Mamoswine|Icicle Crash|p1a: Primarina
|-resisted|p1a: Primarina
|-crit|p1a: Primarina
|-damage|p1a: Primarina|48/100
|-damage|p2a: Mamoswine|81/100|[from] item: Life Orb
|
|-heal|p1a: Primarina|54/100|[from] item: Leftovers
|upkeep
|turn|16
|
|t:|1649464912
|move|p2a: Mamoswine|Earthquake|p1a: Primarina
|-damage|p1a: Primarina|0 fnt
|faint|p1a: Primarina
|-damage|p2a: Mamoswine|71/100|[from] item: Life Orb
|
|upkeep
|
|t:|1649464916
|switch|p1a: Darmanitan|Darmanitan, F|100/100
|turn|17
|
|t:|1649464921
|switch|p2a: Tentacruel|Tentacruel, F|87/100
|move|p1a: Darmanitan|Earthquake|p2a: Tentacruel
|-supereffective|p2a: Tentacruel
|-damage|p2a: Tentacruel|9/100
|
|-heal|p2a: Tentacruel|15/100|[from] item: Black Sludge
|upkeep
|turn|18
|
|t:|1649464945
|switch|p1a: Thundurus|Thundurus-Therian, M|43/100
|switch|p2a: Zarude|Zarude|100/100
|
|upkeep
|turn|19
|
|t:|1649464963
|move|p2a: Zarude|U-turn|p1a: Thundurus
|-resisted|p1a: Thundurus
|-damage|p1a: Thundurus|26/100
|
|t:|1649464969
|switch|p2a: Nidoking|Nidoking, M|100/100|[from]move: U-turn
|move|p1a: Thundurus|Nasty Plot|p1a: Thundurus
|-boost|p1a: Thundurus|spa|2
|
|upkeep
|turn|20
|
|t:|1649464977
|switch|p2a: Chansey|Chansey, F|100/100
|move|p1a: Thundurus|Psychic|p2a: Chansey
|-damage|p2a: Chansey|79/100
|
|upkeep
|turn|21
|
|t:|1649464982
|switch|p1a: Conkeldurr|Conkeldurr, F|100/100
|move|p2a: Chansey|Teleport|p2a: Chansey
|
|t:|1649464992
|switch|p2a: Skarmory|Skarmory, F|75/100|[from]move: Teleport
|
|-status|p1a: Conkeldurr|brn|[from] item: Flame Orb
|upkeep
|turn|22
|
|t:|1649465010
|switch|p1a: Darmanitan|Darmanitan, F|100/100
|move|p2a: Skarmory|Spikes|p1a: Darmanitan
|-sidestart|p1: thunderdog_32|Spikes
|
|upkeep
|turn|23
|
|t:|1649465016
|switch|p2a: Tentacruel|Tentacruel, F|15/100
|move|p1a: Darmanitan|Flare Blitz|p2a: Tentacruel
|-resisted|p2a: Tentacruel
|-damage|p2a: Tentacruel|0 fnt
|faint|p2a: Tentacruel
|-damage|p1a: Darmanitan|95/100|[from] Recoil
|
|upkeep
|inactive|HaxxLR has 120 seconds left.
|
|t:|1649465040
|switch|p2a: Chansey|Chansey, F|79/100
|turn|24
|
|t:|1649465043
|move|p1a: Darmanitan|Flare Blitz|p2a: Chansey
|-damage|p2a: Chansey|20/100
|-damage|p1a: Darmanitan|56/100|[from] Recoil
|move|p2a: Chansey|Teleport|p2a: Chansey
|
|t:|1649465057
|switch|p2a: Nidoking|Nidoking, M|100/100|[from]move: Teleport
|
|upkeep
|turn|25
|inactive|HaxxLR has 120 seconds left.
|
|t:|1649465075
|move|p1a: Darmanitan|Flare Blitz|p2a: Nidoking
|-damage|p2a: Nidoking|0 fnt
|faint|p2a: Nidoking
|-damage|p1a: Darmanitan|27/100|[from] Recoil
|
|upkeep
|inactive|HaxxLR has 120 seconds left.
|
|t:|1649465082
|switch|p2a: Chansey|Chansey, F|20/100
|turn|26
|
|t:|1649465086
|move|p1a: Darmanitan|Flare Blitz|p2a: Chansey
|-damage|p2a: Chansey|0 fnt
|faint|p2a: Chansey
|-damage|p1a: Darmanitan|14/100|[from] Recoil
|
|upkeep
|
|t:|1649465089
|switch|p2a: Mamoswine|Mamoswine, M|71/100
|turn|27
|
|t:|1649465112
|switch|p1a: Conkeldurr|Conkeldurr, F|100/100 brn
|-damage|p1a: Conkeldurr|88/100 brn|[from] Spikes
|move|p2a: Mamoswine|Ice Shard|p1a: Conkeldurr
|-damage|p1a: Conkeldurr|56/100 brn
|-damage|p2a: Mamoswine|61/100|[from] item: Life Orb
|
|-damage|p1a: Conkeldurr|50/100 brn|[from] brn
|upkeep
|turn|28
|
|t:|1649465121
|switch|p2a: Skarmory|Skarmory, F|75/100
|move|p1a: Conkeldurr|Mach Punch|p2a: Skarmory
|-damage|p2a: Skarmory|51/100
|
|-damage|p1a: Conkeldurr|44/100 brn|[from] brn
|upkeep
|turn|29
|
|t:|1649465129
|move|p2a: Skarmory|Body Press|p1a: Conkeldurr
|-damage|p1a: Conkeldurr|14/100 brn
|move|p1a: Conkeldurr|Facade|p2a: Skarmory
|-resisted|p2a: Skarmory
|-crit|p2a: Skarmory
|-damage|p2a: Skarmory|14/100
|
|-damage|p1a: Conkeldurr|8/100 brn|[from] brn
|upkeep
|turn|30
|
|t:|1649465138
|move|p1a: Conkeldurr|Mach Punch|p2a: Skarmory
|-damage|p2a: Skarmory|0 fnt
|faint|p2a: Skarmory
|
|-damage|p1a: Conkeldurr|2/100 brn|[from] brn
|upkeep
|
|t:|1649465142
|switch|p2a: Mamoswine|Mamoswine, M|61/100
|turn|31
|
|t:|1649465146
|move|p2a: Mamoswine|Ice Shard|p1a: Conkeldurr
|-damage|p1a: Conkeldurr|0 fnt
|faint|p1a: Conkeldurr
|-damage|p2a: Mamoswine|51/100|[from] item: Life Orb
|
|upkeep
|
|t:|1649465152
|switch|p1a: Excadrill|Excadrill, M|80/100
|-damage|p1a: Excadrill|68/100|[from] Spikes
|-ability|p1a: Excadrill|Mold Breaker
|turn|32
|
|t:|1649465157
|switch|p2a: Zarude|Zarude|100/100
|move|p1a: Excadrill|Earthquake|p2a: Zarude
|-resisted|p2a: Zarude
|-damage|p2a: Zarude|77/100
|
|-heal|p1a: Excadrill|74/100|[from] item: Leftovers
|upkeep
|turn|33
|
|t:|1649465186
|switch|p1a: Tangrowth|Tangrowth, F|64/100
|-damage|p1a: Tangrowth|51/100|[from] Spikes
|move|p2a: Zarude|Darkest Lariat|p1a: Tangrowth
|-damage|p1a: Tangrowth|30/100
|-damage|p2a: Zarude|61/100|[from] item: Rocky Helmet|[of] p1a: Tangrowth
|
|upkeep
|turn|34
|
|t:|1649465193
|move|p2a: Zarude|U-turn|p1a: Tangrowth
|-supereffective|p1a: Tangrowth
|-damage|p1a: Tangrowth|5/100
|-damage|p2a: Zarude|44/100|[from] item: Rocky Helmet|[of] p1a: Tangrowth
|
|t:|1649465197
|switch|p2a: Mamoswine|Mamoswine, M|51/100|[from]move: U-turn
|move|p1a: Tangrowth|Synthesis|p1a: Tangrowth
|-heal|p1a: Tangrowth|55/100
|
|upkeep
|turn|35
|
|t:|1649465205
|move|p2a: Mamoswine|Icicle Crash|p1a: Tangrowth
|-supereffective|p1a: Tangrowth
|-damage|p1a: Tangrowth|0 fnt
|faint|p1a: Tangrowth
|-damage|p2a: Mamoswine|41/100|[from] item: Life Orb
|
|upkeep
|
|t:|1649465213
|switch|p1a: Excadrill|Excadrill, M|74/100
|-damage|p1a: Excadrill|61/100|[from] Spikes
|-ability|p1a: Excadrill|Mold Breaker
|turn|36
|inactive|HaxxLR has 120 seconds left.
|
|t:|1649465249
|move|p1a: Excadrill|Iron Head|p2a: Mamoswine
|-supereffective|p2a: Mamoswine
|-damage|p2a: Mamoswine|0 fnt
|faint|p2a: Mamoswine
|
|-heal|p1a: Excadrill|68/100|[from] item: Leftovers
|upkeep
|
|t:|1649465251
|switch|p2a: Zarude|Zarude|44/100
|turn|37
|
|t:|1649465264
|move|p2a: Zarude|Power Whip|p1a: Excadrill
|-damage|p1a: Excadrill|0 fnt
|faint|p1a: Excadrill
|
|upkeep
|
|t:|1649465268
|switch|p1a: Darmanitan|Darmanitan, F|14/100
|-damage|p1a: Darmanitan|2/100|[from] Spikes
|turn|38
|
|t:|1649465272
|move|p1a: Darmanitan|Flare Blitz|p2a: Zarude
|-supereffective|p2a: Zarude
|-damage|p2a: Zarude|0 fnt
|faint|p2a: Zarude
|-damage|p1a: Darmanitan|0 fnt|[from] Recoil
|faint|p1a: Darmanitan
|
|win|thunderdog_32
|raw|thunderdog_32's rating: 1272 &rarr; <strong>1307</strong><br />(+35 for winning)
|raw|HaxxLR's rating: 1416 &rarr; <strong>1388</strong><br />(-28 for losing)
|c|☆thunderdog_32|gg
|c|☆HaxxLR|gg
|l|☆HaxxLR
||Ladder isn't responding, score probably updated but might not have (Request timeout).
