|j|☆fajita squad
|j|☆ecarvallo
|player|p1|fajita squad|143|1260
|player|p2|ecarvallo|293|1114
|teamsize|p1|6
|teamsize|p2|6
|gametype|singles
|gen|8
|tier|[Gen 8] UU
|rated|
|clearpoke
|poke|p1|Polteageist-Antique|
|poke|p1|Corsola-Galar, M|
|poke|p1|Rotom-Wash|
|poke|p1|Flapple, M|
|poke|p1|Doublade, M|
|poke|p1|Umbreon, M|
|poke|p2|Darmanitan, M|
|poke|p2|Incineroar, F|
|poke|p2|Chandelure, F|
|poke|p2|Gigalith, F|
|poke|p2|Doublade, F|
|poke|p2|Barbaracle, F|
|rule|Sleep Clause Mod: Limit one foe put to sleep
|rule|Species Clause: Limit one of each Pokémon
|rule|OHKO Clause: OHKO moves are banned
|rule|Evasion Moves Clause: Evasion moves are banned
|rule|Endless Battle Clause: Forcing endless battles is banned
|rule|HP Percentage Mod: HP is shown in percentages
|rule|Dynamax Clause: You cannot dynamax
|teampreview
|
|start
|switch|p1a: Rotom|Rotom-Wash|100/100
|switch|p2a: Darmanitan|Darmanitan, M|100/100
|turn|1
|inactive|Battle timer is ON: inactive players will automatically lose when time's up. (requested by fajita squad)
|inactive|ecarvallo has 120 seconds left.
|
|move|p2a: Darmanitan|Substitute|p2a: Darmanitan
|-start|p2a: Darmanitan|Substitute
|-damage|p2a: Darmanitan|75/100
|move|p1a: Rotom|Volt Switch|p2a: Darmanitan
|-end|p2a: Darmanitan|Substitute
|
|switch|p1a: Corsola|Corsola-Galar, M, shiny|100/100|[from]move: Volt Switch
|
|upkeep
|turn|2
|
|move|p2a: Darmanitan|Substitute|p2a: Darmanitan
|-start|p2a: Darmanitan|Substitute
|-damage|p2a: Darmanitan|50/100
|move|p1a: Corsola|Stealth Rock|p2a: Darmanitan
|-sidestart|p2: ecarvallo|move: Stealth Rock
|
|upkeep
|turn|3
|
|move|p2a: Darmanitan|Belly Drum||[still]
|-fail|p2a: Darmanitan
|move|p1a: Corsola|Night Shade|p2a: Darmanitan
|-end|p2a: Darmanitan|Substitute
|
|upkeep
|turn|4
|
|move|p2a: Darmanitan|Fire Punch|p1a: Corsola
|-damage|p1a: Corsola|75/100
|-start|p2a: Darmanitan|Disable|Fire Punch|[from] ability: Cursed Body|[of] p1a: Corsola
|move|p1a: Corsola|Night Shade|p2a: Darmanitan
|-damage|p2a: Darmanitan|22/100
|-enditem|p2a: Darmanitan|Salac Berry|[eat]
|-boost|p2a: Darmanitan|spe|1|[from] item: Salac Berry
|
|upkeep
|turn|5
|
|move|p2a: Darmanitan|Earthquake|p1a: Corsola
|-damage|p1a: Corsola|55/100
|move|p1a: Corsola|Strength Sap|p2a: Darmanitan
|-unboost|p2a: Darmanitan|atk|1
|-heal|p1a: Corsola|100/100
|
|upkeep
|turn|6
|
|move|p2a: Darmanitan|Earthquake|p1a: Corsola
|-damage|p1a: Corsola|87/100
|move|p1a: Corsola|Night Shade|p2a: Darmanitan
|-damage|p2a: Darmanitan|0 fnt
|faint|p2a: Darmanitan
|
|upkeep
|
|switch|p2a: Doublade|Doublade, F|100/100
|-damage|p2a: Doublade|94/100|[from] Stealth Rock
|turn|7
|
|move|p1a: Corsola|Will-O-Wisp|p2a: Doublade
|-status|p2a: Doublade|brn
|move|p2a: Doublade|Substitute|p2a: Doublade
|-start|p2a: Doublade|Substitute
|-damage|p2a: Doublade|69/100 brn
|
|-damage|p2a: Doublade|63/100 brn|[from] brn
|upkeep
|turn|8
|
|move|p1a: Corsola|Night Shade|p2a: Doublade
|-end|p2a: Doublade|Substitute
|move|p2a: Doublade|Swords Dance|p2a: Doublade
|-boost|p2a: Doublade|atk|2
|
|-damage|p2a: Doublade|57/100 brn|[from] brn
|upkeep
|turn|9
|
|move|p1a: Corsola|Night Shade|p2a: Doublade
|-damage|p2a: Doublade|26/100 brn
|move|p2a: Doublade|Swords Dance|p2a: Doublade
|-boost|p2a: Doublade|atk|2
|
|-damage|p2a: Doublade|20/100 brn|[from] brn
|upkeep
|turn|10
|
|move|p2a: Doublade|Shadow Sneak|p1a: Corsola
|-supereffective|p1a: Corsola
|-damage|p1a: Corsola|55/100
|-start|p2a: Doublade|Disable|Shadow Sneak|[from] ability: Cursed Body|[of] p1a: Corsola
|move|p1a: Corsola|Night Shade|p2a: Doublade
|-damage|p2a: Doublade|0 fnt
|faint|p2a: Doublade
|
|upkeep
|
|switch|p2a: Incineroar|Incineroar, F|100/100
|-ability|p2a: Incineroar|Intimidate|boost
|-unboost|p1a: Corsola|atk|1
|turn|11
|
|move|p2a: Incineroar|Darkest Lariat|p1a: Corsola
|-supereffective|p1a: Corsola
|-damage|p1a: Corsola|13/100
|move|p1a: Corsola|Strength Sap|p2a: Incineroar
|-unboost|p2a: Incineroar|atk|1
|-heal|p1a: Corsola|100/100
|
|upkeep
|turn|12
|
|move|p2a: Incineroar|U-turn|p1a: Corsola
|-resisted|p1a: Corsola
|-damage|p1a: Corsola|97/100
|
|switch|p2a: Chandelure|Chandelure, F|100/100|[from]move: U-turn
|-damage|p2a: Chandelure|76/100|[from] Stealth Rock
|move|p1a: Corsola|Night Shade|p2a: Chandelure
|-damage|p2a: Chandelure|37/100
|
|upkeep
|turn|13
|
|switch|p1a: Umbreon|Umbreon, M, shiny|100/100
|move|p2a: Chandelure|Shadow Ball|p1a: Umbreon
|-resisted|p1a: Umbreon
|-damage|p1a: Umbreon|88/100
|-unboost|p1a: Umbreon|spd|1
|
|-heal|p1a: Umbreon|94/100|[from] item: Leftovers
|upkeep
|turn|14
|
|switch|p2a: Incineroar|Incineroar, F|100/100
|-ability|p2a: Incineroar|Intimidate|boost
|-unboost|p1a: Umbreon|atk|1
|move|p1a: Umbreon|Foul Play|p2a: Incineroar
|-resisted|p2a: Incineroar
|-damage|p2a: Incineroar|76/100
|
|-heal|p1a: Umbreon|99/100|[from] item: Leftovers
|upkeep
|turn|15
|
|move|p2a: Incineroar|Fake Out|p1a: Umbreon
|-damage|p1a: Umbreon|89/100
|cant|p1a: Umbreon|flinch
|
|-heal|p1a: Umbreon|95/100|[from] item: Leftovers
|upkeep
|turn|16
|
|move|p1a: Umbreon|Wish|p1a: Umbreon
|move|p2a: Incineroar|Close Combat|p1a: Umbreon
|-supereffective|p1a: Umbreon
|-damage|p1a: Umbreon|28/100
|-unboost|p2a: Incineroar|def|1
|-unboost|p2a: Incineroar|spd|1
|
|-heal|p1a: Umbreon|34/100|[from] item: Leftovers
|upkeep
|turn|17
|
|move|p1a: Umbreon|Protect|p1a: Umbreon
|-singleturn|p1a: Umbreon|Protect
|move|p2a: Incineroar|Darkest Lariat|p1a: Umbreon
|-activate|p1a: Umbreon|move: Protect
|
|-heal|p1a: Umbreon|84/100|[from] move: Wish|[wisher] Umbreon
|-heal|p1a: Umbreon|90/100|[from] item: Leftovers
|upkeep
|turn|18
|
|switch|p1a: Corsola|Corsola-Galar, M, shiny|97/100
|move|p2a: Incineroar|Darkest Lariat|p1a: Corsola
|-supereffective|p1a: Corsola
|-damage|p1a: Corsola|52/100
|-start|p2a: Incineroar|Disable|Darkest Lariat|[from] ability: Cursed Body|[of] p1a: Corsola
|
|upkeep
|turn|19
|
|move|p2a: Incineroar|U-turn|p1a: Corsola
|-resisted|p1a: Corsola
|-damage|p1a: Corsola|46/100
|inactive|ecarvallo has 120 seconds left.
|inactive|ecarvallo has 90 seconds left.
|
|switch|p2a: Gigalith|Gigalith, F|100/100|[from]move: U-turn
|-damage|p2a: Gigalith|88/100|[from] Stealth Rock
|-weather|Sandstorm|[from] ability: Sand Stream|[of] p2a: Gigalith
|move|p1a: Corsola|Strength Sap|p2a: Gigalith
|-unboost|p2a: Gigalith|atk|1
|-heal|p1a: Corsola|100/100
|
|-weather|Sandstorm|[upkeep]
|-damage|p1a: Corsola|94/100|[from] Sandstorm
|-heal|p2a: Gigalith|94/100|[from] item: Leftovers
|upkeep
|turn|20
|
|move|p1a: Corsola|Will-O-Wisp|p2a: Gigalith|[miss]
|-miss|p1a: Corsola|p2a: Gigalith
|move|p2a: Gigalith|Iron Defense|p2a: Gigalith
|-boost|p2a: Gigalith|def|2
|
|-weather|Sandstorm|[upkeep]
|-damage|p1a: Corsola|88/100|[from] Sandstorm
|-heal|p2a: Gigalith|100/100|[from] item: Leftovers
|upkeep
|turn|21
|
|move|p1a: Corsola|Will-O-Wisp|p2a: Gigalith
|-status|p2a: Gigalith|brn
|move|p2a: Gigalith|Stone Edge|p1a: Corsola
|-damage|p1a: Corsola|77/100
|
|-weather|Sandstorm|[upkeep]
|-damage|p1a: Corsola|71/100|[from] Sandstorm
|-damage|p2a: Gigalith|94/100 brn|[from] brn
|upkeep
|turn|22
|inactive|ecarvallo has 90 seconds left.
|
|move|p1a: Corsola|Night Shade|p2a: Gigalith
|-damage|p2a: Gigalith|68/100 brn
|move|p2a: Gigalith|Iron Defense|p2a: Gigalith
|-boost|p2a: Gigalith|def|2
|
|-weather|Sandstorm|[upkeep]
|-damage|p1a: Corsola|65/100|[from] Sandstorm
|-heal|p2a: Gigalith|74/100 brn|[from] item: Leftovers
|-damage|p2a: Gigalith|68/100 brn|[from] brn
|upkeep
|turn|23
|
|move|p1a: Corsola|Night Shade|p2a: Gigalith
|-damage|p2a: Gigalith|41/100 brn
|move|p2a: Gigalith|Iron Defense|p2a: Gigalith
|-boost|p2a: Gigalith|def|2
|
|-weather|none
|-heal|p2a: Gigalith|47/100 brn|[from] item: Leftovers
|-damage|p2a: Gigalith|41/100 brn|[from] brn
|upkeep
|turn|24
|
|move|p1a: Corsola|Strength Sap|p2a: Gigalith
|-unboost|p2a: Gigalith|atk|1
|-heal|p1a: Corsola|100/100
|move|p2a: Gigalith|Stone Edge|p1a: Corsola
|-damage|p1a: Corsola|93/100
|
|-heal|p2a: Gigalith|47/100 brn|[from] item: Leftovers
|-damage|p2a: Gigalith|41/100 brn|[from] brn
|upkeep
|turn|25
|-message|ecarvallo forfeited.
|
|win|fajita squad
|l|☆ecarvallo
||Ladder (probably) updated, but score could not be retrieved (Response not received).
