|j|☆Mimilucha
|j|☆basaninho
|t:|1633103836
|gametype|singles
|player|p1|Mimilucha|lucas|
|player|p2|basaninho|1|
|teamsize|p1|6
|teamsize|p2|6
|gen|8
|tier|[Gen 8] UU
|rule|Sleep Clause Mod: Limit one foe put to sleep
|rule|Species Clause: Limit one of each Pokémon
|rule|OHKO Clause: OHKO moves are banned
|rule|Evasion Moves Clause: Evasion moves are banned
|rule|Endless Battle Clause: Forcing endless battles is banned
|rule|HP Percentage Mod: HP is shown in percentages
|rule|Dynamax Clause: You cannot dynamax
|clearpoke
|poke|p1|Azelf|
|poke|p1|Zarude|
|poke|p1|Rotom-Heat|
|poke|p1|Kommo-o, M|
|poke|p1|Slowbro-Galar, M|
|poke|p1|Diggersby, F|
|poke|p2|Zygarde-10%|
|poke|p2|Jirachi|
|poke|p2|Roserade, F|
|poke|p2|Gyarados, F|
|poke|p2|Moltres-Galar|
|poke|p2|Kommo-o, M|
|teampreview
|inactive|Battle timer is ON: inactive players will automatically lose when time's up. (requested by Mimilucha)
|inactive|basaninho also wants the timer to be on.
|c|☆basaninho|hf
|c|☆Mimilucha|hf
|j| ggrtg
|j| HurtaDOO♥
|j| Flawless Nazgul
|j| lulu qlf
|j| LT82ZW Vaw
|j| Adri
|inactive|Mimilucha has 270 seconds left.
|inactive|basaninho has 270 seconds left.
|j| Itoshi Rin
|j| NastyProut
|j|+Staxi
|j| Bakaninho
|j| Frrf
|j| Zenadark
|j| MarkLanders9
|j| Bekaray
|j| Dunoks
|inactive|Mimilucha has 240 seconds left.
|inactive|basaninho has 240 seconds left.
|j| Eccalliti
|j| NHelioX7
|j| Hervalt
|j| Chose Truc
|j| Hats uri
|j|%Pujo
|j| Heika-Ssi
|c| Hats uri|LGI BASA
|j| karim le voleur
|l| ggrtg
|j| L9 JaaJman w2s ✩
|l| Eccalliti
|j| Armawile
|c| Hervalt|Changez d'avatar personne n'a vu encore
|j| Boulicrok
|j| zben ☭_☭
|c|☆basaninho|menfou
|j| Masskeauuu
|j| zs
|j| Dr J3kyll
|c| Heika-Ssi|fuck basa?
|c|☆basaninho|j'ai oublié ptn
|j| Gt0x
|j| Menacce17
|inactive|Mimilucha has 210 seconds left.
|c| Bakaninho|Bv Heika
|j| Eccalliti
|c|☆basaninho|prodige m'a menti
|j| Oipon
|
|t:|1633103936
|start
|switch|p1a: Slowbro|Slowbro-Galar, M|100/100
|switch|p2a: de faire le gros|Jirachi|100/100
|turn|1
|l| NHelioX7
|c|☆basaninho|il utilise son timer
|l| zs
|
|t:|1633103952
|switch|p1a: Rotom|Rotom-Heat|100/100
|move|p2a: de faire le gros|U-turn|p1a: Rotom
|-resisted|p1a: Rotom
|-damage|p1a: Rotom|89/100
|
|t:|1633103954
|switch|p2a: Pas le peine|Zygarde-10%|100/100|[from]move: U-turn
|-ability|p2a: Pas le peine|Aura Break
|
|upkeep
|turn|2
|j| Sageau
|j| Skyrio
|j| BlessyZ
|j| StickerBrush Symph
|j| hdqf
|inactive|basaninho has 270 seconds left.
|j| takOcto02
|j| congelateur-sama
|
|t:|1633103997
|switch|p1a: Zarude|Zarude|100/100
|move|p2a: Pas le peine|Thousand Arrows|p1a: Zarude
|-resisted|p1a: Zarude
|-damage|p1a: Zarude|73/100
|
|upkeep
|turn|3
|l| Armawile
|l| Oipon
|l| takOcto02
|c| congelateur-sama|hype
|j| koalacancee
|
|t:|1633104016
|switch|p2a: grâce à mes mots|Kommo-o, M|100/100
|move|p1a: Zarude|U-turn|p2a: grâce à mes mots
|-resisted|p2a: grâce à mes mots
|-damage|p2a: grâce à mes mots|93/100
|
|t:|1633104020
|switch|p1a: Azelf|Azelf|100/100|[from]move: U-turn
|
|-heal|p2a: grâce à mes mots|99/100|[from] item: Leftovers
|upkeep
|turn|4
|
|t:|1633104024
|switch|p2a: J'fais de l'argent|Moltres-Galar|100/100
|move|p1a: Azelf|Knock Off|p2a: J'fais de l'argent
|-resisted|p2a: J'fais de l'argent
|-damage|p2a: J'fais de l'argent|87/100
|-enditem|p2a: J'fais de l'argent|Heavy-Duty Boots|[from] move: Knock Off|[of] p1a: Azelf
|
|upkeep
|turn|5
|l| hdqf
|j|+Tuthur
|inactive|Mimilucha has 270 seconds left.
|
|t:|1633104041
|move|p1a: Azelf|U-turn|p2a: J'fais de l'argent
|-damage|p2a: J'fais de l'argent|66/100
|
|t:|1633104045
|switch|p1a: Kommo-o|Kommo-o, M|100/100|[from]move: U-turn
|move|p2a: J'fais de l'argent|Fiery Wrath|p1a: Kommo-o
|-resisted|p1a: Kommo-o
|-damage|p1a: Kommo-o|87/100
|
|-heal|p1a: Kommo-o|93/100|[from] item: Leftovers
|upkeep
|turn|6
|l| Zenadark
|j| RoiDadadou
|
|t:|1633104050
|switch|p1a: Rotom|Rotom-Heat|89/100
|move|p2a: J'fais de l'argent|Hurricane|p1a: Rotom|[miss]
|-miss|p2a: J'fais de l'argent|p1a: Rotom
|
|upkeep
|turn|7
|
|t:|1633104061
|switch|p2a: grâce à mes mots|Kommo-o, M|99/100
|move|p1a: Rotom|Volt Switch|p2a: grâce à mes mots
|-resisted|p2a: grâce à mes mots
|-damage|p2a: grâce à mes mots|86/100
|j| Armawile
|j| SteelSamuraiFanboy
|j| Zenadark
|j| Mattakata
|l| Mattakata
|j| Jeza.p
|
|t:|1633104075
|switch|p1a: Slowbro|Slowbro-Galar, M|100/100|[from]move: Volt Switch
|
|-heal|p2a: grâce à mes mots|92/100|[from] item: Leftovers
|upkeep
|turn|8
|l| Eccalliti
|
|t:|1633104079
|switch|p2a: J'fais de l'argent|Moltres-Galar|66/100
|move|p1a: Slowbro|Ice Beam|p2a: J'fais de l'argent
|-supereffective|p2a: J'fais de l'argent
|-damage|p2a: J'fais de l'argent|37/100
|-ability|p2a: J'fais de l'argent|Berserk|boost
|-boost|p2a: J'fais de l'argent|spa|1
|
|upkeep
|turn|9
|j| Mattakata
|c| Mattakata|n...sby
|j| Schizolab
|c|%Pujo|joue pas à ça Futtoka
|inactive|Mimilucha has 270 seconds left.
|j| CMDoge
|
|t:|1633104115
|move|p2a: J'fais de l'argent|Rest|p2a: J'fais de l'argent
|-status|p2a: J'fais de l'argent|slp|[from] move: Rest
|-heal|p2a: J'fais de l'argent|100/100 slp|[silent]
|move|p1a: Slowbro|Ice Beam|p2a: J'fais de l'argent
|-supereffective|p2a: J'fais de l'argent
|-damage|p2a: J'fais de l'argent|73/100 slp
|
|upkeep
|turn|10
|j| Don Colombus@!
|j| Eccalliti
|j| Pain Backer
|inactive|Mimilucha has 270 seconds left.
|j| iKiQ ㋛
|l| Jeza.p
|c| Flawless Nazgul|stylé ton avy pujolly
|c| Mattakata|jouer à quoi mon ami ^^
|c| Flawless Nazgul|big fan
|l|bakaninho
|
|t:|1633104148
|switch|p1a: Diggersby|Diggersby, F|100/100
|cant|p2a: J'fais de l'argent|slp
|move|p2a: J'fais de l'argent|Sleep Talk|p2a: J'fais de l'argent
|move|p2a: J'fais de l'argent|Fiery Wrath|p1a: Diggersby|[from]move: Sleep Talk
|-damage|p1a: Diggersby|37/100
|
|upkeep
|turn|11
|l| Pain Backer
|c|☆basaninho|ah oé
|j| Antorot
|j| Flex OKLM
|l| Mattakata
|l| Zenadark
|c| CMDoge|la patate qu'il a pris la
|inactive|basaninho has 270 seconds left.
|n| Don Colombus@!|doncolombus
|n| Don Colombus@!|doncolombus
|inactive|basaninho has 240 seconds left.
|n| Don Colombus|doncolombus
|
|t:|1633104220
|switch|p2a: grâce à mes mots|Kommo-o, M|92/100
|move|p1a: Diggersby|Body Slam|p2a: grâce à mes mots
|-damage|p2a: grâce à mes mots|48/100
|-status|p2a: grâce à mes mots|par
|
|-heal|p2a: grâce à mes mots|54/100 par|[from] item: Leftovers
|upkeep
|turn|12
|j| Mighty Gross
|
|t:|1633104232
|switch|p1a: Azelf|Azelf|100/100
|move|p2a: grâce à mes mots|Stealth Rock|p1a: Azelf
|-sidestart|p1: Mimilucha|move: Stealth Rock
|
|-heal|p2a: grâce à mes mots|60/100 par|[from] item: Leftovers
|upkeep
|turn|13
|l| Sageau
|inactive|basaninho has 240 seconds left.
|
|t:|1633104239
|switch|p2a: J'fais de l'argent|Moltres-Galar|73/100 slp
|move|p1a: Azelf|U-turn|p2a: J'fais de l'argent
|-damage|p2a: J'fais de l'argent|56/100 slp
|j| ironwater
|
|t:|1633104246
|switch|p1a: Diggersby|Diggersby, F|37/100|[from]move: U-turn
|-damage|p1a: Diggersby|31/100|[from] Stealth Rock
|
|upkeep
|turn|14
|inactive|basaninho has 240 seconds left.
|l| zben ☭_☭
|j| NHelioX7
|j| Jeza.p
|
|t:|1633104279
|switch|p2a: de faire le gros|Jirachi|100/100
|move|p1a: Diggersby|Body Slam|p2a: de faire le gros
|-resisted|p2a: de faire le gros
|-damage|p2a: de faire le gros|66/100
|
|upkeep
|turn|15
|j| truc5
|j| Parvi
|inactive|Mimilucha has 270 seconds left.
|j|+Unamed
|l| Parvi
|j| Eramoth
|j| ramolost
|
|t:|1633104320
|switch|p1a: Kommo-o|Kommo-o, M|93/100
|-damage|p1a: Kommo-o|87/100|[from] Stealth Rock
|move|p2a: de faire le gros|U-turn|p1a: Kommo-o
|-resisted|p1a: Kommo-o
|-damage|p1a: Kommo-o|81/100
|inactive|basaninho has 210 seconds left.
|
|t:|1633104346
|switch|p2a: tu les as pas|Gyarados, F|100/100|[from]move: U-turn
|-ability|p2a: tu les as pas|Intimidate|boost
|-unboost|p1a: Kommo-o|atk|1
|
|-heal|p1a: Kommo-o|87/100|[from] item: Leftovers
|upkeep
|turn|16
|
|t:|1633104349
|move|p2a: tu les as pas|Substitute|p2a: tu les as pas
|-start|p2a: tu les as pas|Substitute
|-damage|p2a: tu les as pas|76/100
|move|p1a: Kommo-o|Roar|p2a: tu les as pas
|drag|p2a: 4 kil|Roserade, F|100/100
|
|-heal|p1a: Kommo-o|93/100|[from] item: Leftovers
|upkeep
|turn|17
|inactive|basaninho has 210 seconds left.
|
|t:|1633104384
|switch|p1a: Slowbro|Slowbro-Galar, M|100/100
|-damage|p1a: Slowbro|88/100|[from] Stealth Rock
|move|p2a: 4 kil|Spikes|p1a: Slowbro
|-sidestart|p1: Mimilucha|Spikes
|
|upkeep
|turn|18
|
|t:|1633104393
|switch|p2a: J'fais de l'argent|Moltres-Galar|56/100 slp
|switch|p1a: Rotom|Rotom-Heat|89/100
|
|upkeep
|turn|19
|j| Algeria4Ever
|
|t:|1633104398
|switch|p2a: Pas le peine|Zygarde-10%|100/100
|-ability|p2a: Pas le peine|Aura Break
|move|p1a: Rotom|Defog|p2a: Pas le peine
|-unboost|p2a: Pas le peine|evasion|1
|-sideend|p1: Mimilucha|Spikes|[from] move: Defog|[of] p1a: Rotom
|-sideend|p1: Mimilucha|Stealth Rock|[from] move: Defog|[of] p1a: Rotom
|
|upkeep
|turn|20
|l| SteelSamuraiFanboy
|inactive|basaninho has 210 seconds left.
|inactive|Mimilucha has 240 seconds left.
|
|t:|1633104448
|switch|p1a: Zarude|Zarude|73/100
|move|p2a: Pas le peine|Outrage|p1a: Zarude
|-damage|p1a: Zarude|4/100
|
|upkeep
|turn|21
|
|t:|1633104463
|move|p1a: Zarude|Power Whip|p2a: Pas le peine
|-damage|p2a: Pas le peine|0 fnt
|faint|p2a: Pas le peine
|
|upkeep
|inactive|basaninho has 180 seconds left.
|
|t:|1633104486
|switch|p2a: grâce à mes mots|Kommo-o, M|60/100 par
|turn|22
|inactive|Mimilucha has 240 seconds left.
|
|t:|1633104492
|switch|p1a: Azelf|Azelf|100/100
|move|p2a: grâce à mes mots|Stealth Rock|p1a: Azelf
|-sidestart|p1: Mimilucha|move: Stealth Rock
|
|-heal|p2a: grâce à mes mots|67/100 par|[from] item: Leftovers
|upkeep
|turn|23
|
|t:|1633104500
|switch|p2a: J'fais de l'argent|Moltres-Galar|56/100 slp
|move|p1a: Azelf|U-turn|p2a: J'fais de l'argent
|-damage|p2a: J'fais de l'argent|38/100 slp
|-ability|p2a: J'fais de l'argent|Berserk|boost
|-boost|p2a: J'fais de l'argent|spa|1
|
|t:|1633104506
|switch|p1a: Diggersby|Diggersby, F|31/100|[from]move: U-turn
|-damage|p1a: Diggersby|25/100|[from] Stealth Rock
|
|upkeep
|turn|24
|j|@Mia
|
|t:|1633104514
|switch|p2a: de faire le gros|Jirachi|66/100
|move|p1a: Diggersby|Body Slam|p2a: de faire le gros
|-resisted|p2a: de faire le gros
|-crit|p2a: de faire le gros
|-damage|p2a: de faire le gros|14/100
|
|upkeep
|turn|25
|j|@Alex
|l|%Pujo
|j| newnewshiny
|c|@Mia|/log Mattakata was locked from talking for a week by Mia. (obvious attempt to evade filter with history of the same)
|l| newnewshiny
|l|@Mia
|j| NonolandoscarfNOOO
|c|☆basaninho|mdddr
|j| newnewshiny
|l|@Alex
|inactive|Mimilucha has 240 seconds left.
|
|t:|1633104541
|move|p1a: Diggersby|Quick Attack|p2a: de faire le gros
|-resisted|p2a: de faire le gros
|-damage|p2a: de faire le gros|0 fnt
|faint|p2a: de faire le gros
|
|upkeep
|c| Schizolab|cjkehrbkjvgbsdfhjgkbsfdghjkbdfjlg
|
|t:|1633104545
|switch|p2a: 4 kil|Roserade, F|100/100
|turn|26
|inactive|basaninho has 210 seconds left.
|
|t:|1633104556
|switch|p1a: Slowbro|Slowbro-Galar, M|100/100
|-damage|p1a: Slowbro|88/100|[from] Stealth Rock
|move|p2a: 4 kil|Giga Drain|p1a: Slowbro
|-resisted|p1a: Slowbro
|-damage|p1a: Slowbro|79/100
|
|upkeep
|turn|27
|
|t:|1633104562
|move|p2a: 4 kil|Spikes|p1a: Slowbro
|-sidestart|p1: Mimilucha|Spikes
|move|p1a: Slowbro|Ice Beam|p2a: 4 kil
|-supereffective|p2a: 4 kil
|-damage|p2a: 4 kil|56/100
|
|-heal|p2a: 4 kil|62/100|[from] item: Black Sludge
|upkeep
|turn|28
|l| Eccalliti
|j| Elfuseon
|
|t:|1633104566
|move|p2a: 4 kil|Sludge Bomb|p1a: Slowbro
|-resisted|p1a: Slowbro
|-crit|p1a: Slowbro
|-damage|p1a: Slowbro|64/100
|move|p1a: Slowbro|Future Sight|p2a: 4 kil
|-start|p1a: Slowbro|move: Future Sight
|
|-heal|p2a: 4 kil|68/100|[from] item: Black Sludge
|upkeep
|turn|29
|
|t:|1633104570
|switch|p1a: Kommo-o|Kommo-o, M|93/100
|-damage|p1a: Kommo-o|81/100|[from] Spikes
|-damage|p1a: Kommo-o|75/100|[from] Stealth Rock
|move|p2a: 4 kil|Sludge Bomb|p1a: Kommo-o
|-immune|p1a: Kommo-o|[from] ability: Bulletproof
|
|-heal|p2a: 4 kil|74/100|[from] item: Black Sludge
|-heal|p1a: Kommo-o|81/100|[from] item: Leftovers
|upkeep
|turn|30
|l| Armawile
|
|t:|1633104576
|move|p2a: 4 kil|Spikes|p1a: Kommo-o
|-sidestart|p1: Mimilucha|Spikes
|move|p1a: Kommo-o|Body Press|p2a: 4 kil
|-resisted|p2a: 4 kil
|-damage|p2a: 4 kil|41/100
|
|-end|p2a: 4 kil|move: Future Sight
|-supereffective|p2a: 4 kil
|-damage|p2a: 4 kil|0 fnt
|faint|p2a: 4 kil
|-heal|p1a: Kommo-o|87/100|[from] item: Leftovers
|upkeep
|j| KSrz
|inactive|basaninho has 240 seconds left.
|
|t:|1633104600
|switch|p2a: J'fais de l'argent|Moltres-Galar|38/100 slp
|turn|31
|j| Pain Backer
|
|t:|1633104611
|switch|p2a: grâce à mes mots|Kommo-o, M|67/100 par
|switch|p1a: Rotom|Rotom-Heat|89/100
|
|-heal|p2a: grâce à mes mots|73/100 par|[from] item: Leftovers
|upkeep
|turn|32
|j| Eccalliti
|l| NonolandoscarfNOOO
|j| Armawile
|
|t:|1633104634
|move|p1a: Rotom|Defog|p2a: grâce à mes mots
|-unboost|p2a: grâce à mes mots|evasion|1
|-sideend|p1: Mimilucha|Spikes|[from] move: Defog|[of] p1a: Rotom
|-sideend|p1: Mimilucha|Stealth Rock|[from] move: Defog|[of] p1a: Rotom
|move|p2a: grâce à mes mots|Body Press|p1a: Rotom
|-damage|p1a: Rotom|41/100
|
|-heal|p2a: grâce à mes mots|79/100 par|[from] item: Leftovers
|upkeep
|turn|33
|j| crime city
|
|t:|1633104637
|move|p1a: Rotom|Pain Split|p2a: grâce à mes mots
|-sethp|p2a: grâce à mes mots|56/100 par|[from] move: Pain Split|[silent]
|-sethp|p1a: Rotom|70/100|[from] move: Pain Split
|move|p2a: grâce à mes mots|Stealth Rock|p1a: Rotom
|-sidestart|p1: Mimilucha|move: Stealth Rock
|
|-heal|p2a: grâce à mes mots|62/100 par|[from] item: Leftovers
|upkeep
|turn|34
|
|t:|1633104649
|move|p1a: Rotom|Volt Switch|p2a: grâce à mes mots
|-resisted|p2a: grâce à mes mots
|-damage|p2a: grâce à mes mots|48/100 par
|
|t:|1633104650
|switch|p1a: Azelf|Azelf|100/100|[from]move: Volt Switch
|cant|p2a: grâce à mes mots|par
|
|-heal|p2a: grâce à mes mots|54/100 par|[from] item: Leftovers
|upkeep
|turn|35
|c|☆basaninho|grrr
|l| NHelioX7
|
|t:|1633104659
|move|p1a: Azelf|Psychic|p2a: grâce à mes mots
|-supereffective|p2a: grâce à mes mots
|-damage|p2a: grâce à mes mots|0 fnt
|faint|p2a: grâce à mes mots
|
|upkeep
|
|t:|1633104661
|switch|p2a: tu les as pas|Gyarados, F|76/100
|-ability|p2a: tu les as pas|Intimidate|boost
|-unboost|p1a: Azelf|atk|1
|turn|36
|j| NHelioX7
|l| Pain Backer
|c| Armawile|te fais pas 6-0
|c| Schizolab|basa t'es en train de te faire laver la chatte
|c| Armawile|stp
|c| Schizolab|si tu veux mon avis
|c|☆basaninho|ouais j'ai mal joué
|c| NastyProut|chaud
|c| congelateur-sama|"pas le peine"
|inactive|basaninho has 240 seconds left.
|c| congelateur-sama|je pleure
|c| Flawless Nazgul|je pars 1 an et demi jreviens basa se fait 6-0 par un tryout
|c| NastyProut|prévisible ...
|c| HurtaDOO♥|Et vous critiquez mimilucha
|c| HurtaDOO♥|alors qu'il joue au jeu
|c| HurtaDOO♥|t'es goatesque mimi
|c| Hervalt|les larmes comment ça un tryout
|c| Hervalt|le pauvre
|inactive|basaninho has 210 seconds left.
|c|+Staxi|vous osez critiquer le top 10 du ladd UU
|c| Don Colombus|Mimilucha est goatesque
|c| Menacce17|Et vous critiquez mimilucha
|inactive|basaninho has 180 seconds left.
|c| ramolost|je t'avais dit basa
|c| Armawile|basaninho termines-en
|c|☆basaninho|nn ramo ça gagnait
|c|☆basaninho|jfais juste nimp
|
|t:|1633104761
|move|p1a: Azelf|Psychic|p2a: tu les as pas
|-damage|p2a: tu les as pas|28/100
|move|p2a: tu les as pas|Dragon Dance|p2a: tu les as pas
|-boost|p2a: tu les as pas|atk|1
|-boost|p2a: tu les as pas|spe|1
|
|upkeep
|turn|37
|j| Cousiin
|c| ramolost|que ta team etait a chier
|c| ironwater|Mimi le meilleur UU de sa génération
|j| Pain Backer
|j| ismakhil*-*
|j| Alkione
|inactive|basaninho has 150 seconds left.
|
|t:|1633104792
|move|p2a: tu les as pas|Bounce||[still]
|-prepare|p2a: tu les as pas|Bounce
|move|p1a: Azelf|Psychic|p2a: tu les as pas|[miss]
|-miss|p1a: Azelf|p2a: tu les as pas
|
|upkeep
|turn|38
|c| Armawile|je mise tout sur moltres
|
|t:|1633104797
|move|p2a: tu les as pas|Bounce|p1a: Azelf|[from]lockedmove
|-damage|p1a: Azelf|3/100
|move|p1a: Azelf|Psychic|p2a: tu les as pas
|-damage|p2a: tu les as pas|0 fnt
|faint|p2a: tu les as pas
|
|upkeep
|
|t:|1633104800
|switch|p2a: J'fais de l'argent|Moltres-Galar|38/100 slp
|turn|39
|c| Flex OKLM|la team de basa est vrmt nul
|c| Flawless Nazgul|omg
|c| HurtaDOO♥|PTDRRRR
|c| Alkione|AHAHAHAH
|c| Don Colombus|HAHAHAH
|
|t:|1633104808
|move|p1a: Azelf|U-turn|p2a: J'fais de l'argent
|-damage|p2a: J'fais de l'argent|24/100 slp
|c| HurtaDOO♥|CA TIENT
|
|t:|1633104811
|switch|p1a: Rotom|Rotom-Heat|70/100|[from]move: U-turn
|cant|p2a: J'fais de l'argent|slp
|move|p2a: J'fais de l'argent|Sleep Talk|p2a: J'fais de l'argent
|move|p2a: J'fais de l'argent|Hurricane|p1a: Rotom|[from]move: Sleep Talk|[miss]
|-miss|p2a: J'fais de l'argent|p1a: Rotom
|
|upkeep
|turn|40
|c| HurtaDOO♥|JSUIS EXTERMINE
|c| Flex OKLM|une nullité sans nom
|c|☆basaninho|gg
|c| Flawless Nazgul|omg
|c|☆Mimilucha|mdr gg
|
|t:|1633104819
|move|p1a: Rotom|Volt Switch|p2a: J'fais de l'argent
|-supereffective|p2a: J'fais de l'argent
|-damage|p2a: J'fais de l'argent|0 fnt
|faint|p2a: J'fais de l'argent
|
|win|Mimilucha
|c| Pain Backer|HAHAHAHAHAHa
|c| Flawless Nazgul|omg
|c| NastyProut|mdr gg
|c| Flawless Nazgul|omg
|l| Elfuseon
|c| Algeria4Ever|MIMILUCHA
|c| Don Colombus|mdr gg
|c| Pain Backer|Basa qui se fait 6-0
|c| lulu qlf|mdr gg
|c| Armawile|6-0
|c|☆basaninho|désolé la team j'ai troll
|c| Alkione|CDICNDUXJDJDJ
|c| Pain Backer|Quel plaisir
|c| NastyProut|eéazqdsfsd
|c| HurtaDOO♥|mdr gg
|c| NastyProut|w
|c| NastyProut|fs
|c| NastyProut|fds
|c| Flawless Nazgul|bgsnfhdf
|c| NastyProut|sf
|c| NastyProut|zfesdc
|c| Alkione|BIG MDR GG
|c| NastyProut|MDR GG
|l| Jeza.p
|l|☆basaninho
|c| NastyProut|MDR
|l|+Staxi
|c| NastyProut|MDR
|c| NastyProut|MDR
|l| NHelioX7
|l| Flawless Nazgul
|l| Masskeauuu
|l| NastyProut
|l| Algeria4Ever
|l| Alkione
|l| Gt0x
|l| Hervalt
|l| BlessyZ
|c| Armawile|tu m'as pas écouté :-'(
|l| Flex OKLM
|l| KSrz
|l| Adri
|l| Armawile
|l| newnewshiny
|l|☆Mimilucha
|l| Don Colombus
|l| Antorot
|l|+Tuthur
|l| iKiQ ㋛
|l| Dunoks
|l| Menacce17
|l| Dr J3kyll
|j| Khemissi
|l| Cousiin
|l| Eccalliti
|l| ironwater
|l| Khemissi
|l| Bekaray
|l| Skyrio
|l| Boulicrok
|l| LT82ZW Vaw
|j| Boulicrok
|l| Hats uri
|l| StickerBrush Symph
|j| Armawile
|c| Armawile|je suis déçu
|l| ismakhil*-*
|l| MarkLanders9
|l|+Unamed
|l| Boulicrok
|l| Frrf
|l| L9 JaaJman w2s ✩
|j| Elias PSY
|l| congelateur-sama
|j| Starfire06
|l| CMDoge
|j| Horodro
|l| Heika-Ssi
|l| Armawile
|j|+gorex
|l|+gorex
|l| karim le voleur
|l| Elias PSY
|l| crime city
|l| Starfire06
|l| Mighty Gross
|l| Horodro
|l| RoiDadadou
|l| Itoshi Rin
