|j|☆explodinghepatitis
|j|☆regi ice regice
|t:|1665108854
|gametype|singles
|player|p1|explodinghepatitis|rocker-gen3|1321
|player|p2|regi ice regice|marley|1453
|teamsize|p1|6
|teamsize|p2|6
|gen|8
|tier|[Gen 8] UU
|rated|
|rule|Sleep Clause Mod: Limit one foe put to sleep
|rule|Species Clause: Limit one of each Pokémon
|rule|OHKO Clause: OHKO moves are banned
|rule|Evasion Items Clause: Evasion items are banned
|rule|Evasion Moves Clause: Evasion moves are banned
|rule|Endless Battle Clause: Forcing endless battles is banned
|rule|HP Percentage Mod: HP is shown in percentages
|rule|Dynamax Clause: You cannot dynamax
|clearpoke
|poke|p1|Zarude-Dada|
|poke|p1|Conkeldurr, M|
|poke|p1|Jirachi|
|poke|p1|Rotom-Heat|
|poke|p1|Slowking, M|
|poke|p1|Swampert, M|
|poke|p2|Salamence, F|
|poke|p2|Starmie|
|poke|p2|Hippowdon, F|
|poke|p2|Scizor, F|
|poke|p2|Sylveon, M|
|poke|p2|Zarude|
|teampreview
|inactive|Battle timer is ON: inactive players will automatically lose when time's up. (requested by explodinghepatitis)
|j| Adrift & Rising
|
|t:|1665108871
|start
|switch|p1a: Jirachi|Jirachi|100/100
|switch|p2a: Starmie|Starmie|100/100
|turn|1
|
|t:|1665108875
|move|p1a: Jirachi|U-turn|p2a: Starmie
|-supereffective|p2a: Starmie
|-damage|p2a: Starmie|43/100
|
|t:|1665108880
|switch|p1a: Slowking|Slowking, M|100/100|[from]move: U-turn
|move|p2a: Starmie|Surf|p1a: Slowking
|-resisted|p1a: Slowking
|-damage|p1a: Slowking|75/100
|
|-heal|p1a: Slowking|81/100|[from] item: Leftovers
|upkeep
|turn|2
|j| Queen of Bean ✿
|
|t:|1665108887
|switch|p2a: Sylveon|Sylveon, M|100/100
|move|p1a: Slowking|Future Sight|p2a: Sylveon
|-start|p1a: Slowking|move: Future Sight
|
|-heal|p1a: Slowking|88/100|[from] item: Leftovers
|upkeep
|turn|3
|
|t:|1665108894
|switch|p2a: Starmie|Starmie|43/100
|move|p1a: Slowking|Teleport|p1a: Slowking
|
|t:|1665108896
|switch|p1a: Jirachi|Jirachi|100/100|[from]move: Teleport
|
|upkeep
|turn|4
|
|t:|1665108902
|switch|p2a: Scizor|Scizor, F|100/100
|move|p1a: Jirachi|U-turn|p2a: Scizor
|-resisted|p2a: Scizor
|-damage|p2a: Scizor|92/100
|
|t:|1665108904
|switch|p1a: Rotom|Rotom-Heat|100/100|[from]move: U-turn
|
|-end|p2a: Scizor|move: Future Sight
|-resisted|p2a: Scizor
|-damage|p2a: Scizor|71/100
|upkeep
|turn|5
|
|t:|1665108910
|switch|p2a: Sylveon|Sylveon, M|100/100
|move|p1a: Rotom|Will-O-Wisp|p2a: Sylveon
|-status|p2a: Sylveon|brn
|
|-damage|p2a: Sylveon|94/100 brn|[from] brn
|upkeep
|turn|6
|
|t:|1665108913
|move|p1a: Rotom|Volt Switch|p2a: Sylveon
|-damage|p2a: Sylveon|78/100 brn
|
|t:|1665108917
|switch|p1a: Jirachi|Jirachi|100/100|[from]move: Volt Switch
|move|p2a: Sylveon|Wish|p2a: Sylveon
|
|-heal|p2a: Sylveon|84/100 brn|[from] item: Leftovers
|-damage|p2a: Sylveon|78/100 brn|[from] brn
|upkeep
|turn|7
|
|t:|1665108934
|move|p2a: Sylveon|Protect|p2a: Sylveon
|-singleturn|p2a: Sylveon|Protect
|move|p1a: Jirachi|Iron Head|p2a: Sylveon
|-activate|p2a: Sylveon|move: Protect
|
|-heal|p2a: Sylveon|100/100 brn|[from] move: Wish|[wisher] Sylveon
|-damage|p2a: Sylveon|94/100 brn|[from] brn
|upkeep
|turn|8
|
|t:|1665108939
|move|p1a: Jirachi|Iron Head|p2a: Sylveon
|-supereffective|p2a: Sylveon
|-damage|p2a: Sylveon|31/100 brn
|cant|p2a: Sylveon|flinch
|
|-heal|p2a: Sylveon|38/100 brn|[from] item: Leftovers
|-damage|p2a: Sylveon|31/100 brn|[from] brn
|upkeep
|turn|9
|
|t:|1665108943
|move|p2a: Sylveon|Protect|p2a: Sylveon
|-singleturn|p2a: Sylveon|Protect
|move|p1a: Jirachi|Iron Head|p2a: Sylveon
|-activate|p2a: Sylveon|move: Protect
|
|-heal|p2a: Sylveon|38/100 brn|[from] item: Leftovers
|-damage|p2a: Sylveon|31/100 brn|[from] brn
|upkeep
|turn|10
|
|t:|1665108945
|switch|p2a: Scizor|Scizor, F|71/100
|move|p1a: Jirachi|Iron Head|p2a: Scizor
|-resisted|p2a: Scizor
|-damage|p2a: Scizor|57/100
|
|upkeep
|turn|11
|
|t:|1665108948
|switch|p1a: Rotom|Rotom-Heat|100/100
|move|p2a: Scizor|U-turn|p1a: Rotom
|-resisted|p1a: Rotom
|-damage|p1a: Rotom|82/100
|
|t:|1665108952
|switch|p2a: Starmie|Starmie|43/100|[from]move: U-turn
|
|upkeep
|turn|12
|
|t:|1665108955
|switch|p1a: Slowking|Slowking, M|100/100
|move|p2a: Starmie|Thunderbolt|p1a: Slowking
|-supereffective|p1a: Slowking
|-damage|p1a: Slowking|36/100
|
|-heal|p1a: Slowking|42/100|[from] item: Leftovers
|upkeep
|turn|13
|
|t:|1665108966
|switch|p1a: Zarude|Zarude-Dada|100/100
|move|p2a: Starmie|Thunderbolt|p1a: Zarude
|-resisted|p1a: Zarude
|-damage|p1a: Zarude|73/100
|
|-heal|p1a: Zarude|79/100|[from] item: Leftovers
|upkeep
|turn|14
|
|t:|1665108973
|switch|p2a: Salamence|Salamence, F|100/100
|-ability|p2a: Salamence|Intimidate|boost
|-unboost|p1a: Zarude|atk|1
|move|p1a: Zarude|Darkest Lariat|p2a: Salamence
|-damage|p2a: Salamence|77/100
|
|-heal|p1a: Zarude|85/100|[from] item: Leftovers
|upkeep
|turn|15
|
|t:|1665108979
|switch|p1a: Swampert|Swampert, M|100/100
|switch|p2a: Starmie|Starmie|43/100
|
|upkeep
|turn|16
|l| Adrift & Rising
|
|t:|1665108990
|switch|p1a: Zarude|Zarude-Dada|85/100
|move|p2a: Starmie|Surf|p1a: Zarude
|-resisted|p1a: Zarude
|-damage|p1a: Zarude|44/100
|
|-heal|p1a: Zarude|50/100|[from] item: Leftovers
|upkeep
|turn|17
|
|t:|1665109002
|switch|p2a: Salamence|Salamence, F|77/100
|-ability|p2a: Salamence|Intimidate|boost
|-unboost|p1a: Zarude|atk|1
|move|p1a: Zarude|Darkest Lariat|p2a: Salamence
|-damage|p2a: Salamence|54/100
|
|-heal|p1a: Zarude|57/100|[from] item: Leftovers
|upkeep
|turn|18
|
|t:|1665109005
|switch|p1a: Swampert|Swampert, M|100/100
|move|p2a: Salamence|Dual Wingbeat|p1a: Swampert
|-damage|p1a: Swampert|86/100
|-damage|p1a: Swampert|70/100
|-hitcount|p1a: Swampert|2
|
|-heal|p1a: Swampert|76/100|[from] item: Leftovers
|upkeep
|turn|19
|
|t:|1665109011
|switch|p2a: Sylveon|Sylveon, M|31/100 brn
|move|p1a: Swampert|Flip Turn|p2a: Sylveon
|-damage|p2a: Sylveon|10/100 brn
|
|t:|1665109017
|switch|p1a: Jirachi|Jirachi|100/100|[from]move: Flip Turn
|
|-heal|p2a: Sylveon|16/100 brn|[from] item: Leftovers
|-damage|p2a: Sylveon|10/100 brn|[from] brn
|upkeep
|turn|20
|
|t:|1665109023
|move|p2a: Sylveon|Protect|p2a: Sylveon
|-singleturn|p2a: Sylveon|Protect
|move|p1a: Jirachi|U-turn|p2a: Sylveon
|-activate|p2a: Sylveon|move: Protect
|
|-heal|p2a: Sylveon|16/100 brn|[from] item: Leftovers
|-damage|p2a: Sylveon|10/100 brn|[from] brn
|upkeep
|turn|21
|
|t:|1665109027
|move|p1a: Jirachi|U-turn|p2a: Sylveon
|-resisted|p2a: Sylveon
|-damage|p2a: Sylveon|2/100 brn
|
|t:|1665109036
|switch|p1a: Swampert|Swampert, M|76/100|[from]move: U-turn
|move|p2a: Sylveon|Wish|p2a: Sylveon
|
|-heal|p1a: Swampert|82/100|[from] item: Leftovers
|-heal|p2a: Sylveon|8/100 brn|[from] item: Leftovers
|-damage|p2a: Sylveon|2/100 brn|[from] brn
|upkeep
|turn|22
|
|t:|1665109041
|move|p1a: Swampert|Stealth Rock|p2a: Sylveon
|-sidestart|p2: regi ice regice|move: Stealth Rock
|move|p2a: Sylveon|Hyper Voice|p1a: Swampert
|-crit|p1a: Swampert
|-damage|p1a: Swampert|35/100
|
|-heal|p2a: Sylveon|52/100 brn|[from] move: Wish|[wisher] Sylveon
|-heal|p2a: Sylveon|58/100 brn|[from] item: Leftovers
|-heal|p1a: Swampert|42/100|[from] item: Leftovers
|-damage|p2a: Sylveon|52/100 brn|[from] brn
|upkeep
|turn|23
|
|t:|1665109045
|move|p1a: Swampert|Flip Turn|p2a: Sylveon
|-damage|p2a: Sylveon|33/100 brn
|
|t:|1665109047
|switch|p1a: Jirachi|Jirachi|100/100|[from]move: Flip Turn
|move|p2a: Sylveon|Wish|p2a: Sylveon
|
|-heal|p2a: Sylveon|40/100 brn|[from] item: Leftovers
|-damage|p2a: Sylveon|33/100 brn|[from] brn
|upkeep
|turn|24
|
|t:|1665109050
|move|p2a: Sylveon|Protect|p2a: Sylveon
|-singleturn|p2a: Sylveon|Protect
|move|p1a: Jirachi|Iron Head|p2a: Sylveon
|-activate|p2a: Sylveon|move: Protect
|
|-heal|p2a: Sylveon|83/100 brn|[from] move: Wish|[wisher] Sylveon
|-heal|p2a: Sylveon|90/100 brn|[from] item: Leftovers
|-damage|p2a: Sylveon|83/100 brn|[from] brn
|upkeep
|turn|25
|
|t:|1665109054
|switch|p2a: Hippowdon|Hippowdon, F|100/100
|-damage|p2a: Hippowdon|94/100|[from] Stealth Rock
|-weather|Sandstorm|[from] ability: Sand Stream|[of] p2a: Hippowdon
|move|p1a: Jirachi|Iron Head|p2a: Hippowdon
|-damage|p2a: Hippowdon|76/100
|
|-weather|Sandstorm|[upkeep]
|-heal|p2a: Hippowdon|82/100|[from] item: Leftovers
|upkeep
|turn|26
|
|t:|1665109066
|switch|p1a: Slowking|Slowking, M|75/100
|move|p2a: Hippowdon|Stealth Rock|p1a: Slowking
|-sidestart|p1: explodinghepatitis|move: Stealth Rock
|
|-weather|Sandstorm|[upkeep]
|-damage|p1a: Slowking|69/100|[from] Sandstorm
|-heal|p2a: Hippowdon|88/100|[from] item: Leftovers
|-heal|p1a: Slowking|75/100|[from] item: Leftovers
|upkeep
|turn|27
|
|t:|1665109072
|move|p2a: Hippowdon|Toxic|p1a: Slowking
|-status|p1a: Slowking|tox
|move|p1a: Slowking|Teleport|p1a: Slowking
|
|t:|1665109075
|switch|p1a: Zarude|Zarude-Dada|57/100|[from]move: Teleport
|-damage|p1a: Zarude|44/100|[from] Stealth Rock
|
|-weather|Sandstorm|[upkeep]
|-damage|p1a: Zarude|38/100|[from] Sandstorm
|-heal|p1a: Zarude|44/100|[from] item: Leftovers
|-heal|p2a: Hippowdon|94/100|[from] item: Leftovers
|upkeep
|turn|28
|
|t:|1665109084
|switch|p2a: Salamence|Salamence, F|54/100
|-ability|p2a: Salamence|Intimidate|boost
|-unboost|p1a: Zarude|atk|1
|move|p1a: Zarude|Jungle Healing|p1a: Zarude
|-heal|p1a: Zarude|69/100
|
|-weather|Sandstorm|[upkeep]
|-damage|p1a: Zarude|63/100|[from] Sandstorm
|-damage|p2a: Salamence|48/100|[from] Sandstorm
|-heal|p1a: Zarude|69/100|[from] item: Leftovers
|upkeep
|turn|29
|
|t:|1665109092
|switch|p1a: Rotom|Rotom-Heat|82/100
|move|p2a: Salamence|Roost|p2a: Salamence
|-heal|p2a: Salamence|98/100
|-singleturn|p2a: Salamence|move: Roost
|
|-weather|none
|upkeep
|turn|30
|
|t:|1665109099
|switch|p2a: Hippowdon|Hippowdon, F|94/100
|-damage|p2a: Hippowdon|88/100|[from] Stealth Rock
|-weather|Sandstorm|[from] ability: Sand Stream|[of] p2a: Hippowdon
|move|p1a: Rotom|Will-O-Wisp|p2a: Hippowdon
|-status|p2a: Hippowdon|brn
|
|-weather|Sandstorm|[upkeep]
|-damage|p1a: Rotom|76/100|[from] Sandstorm
|-heal|p2a: Hippowdon|94/100 brn|[from] item: Leftovers
|-damage|p2a: Hippowdon|88/100 brn|[from] brn
|upkeep
|turn|31
|
|t:|1665109115
|switch|p1a: Zarude|Zarude-Dada|69/100
|-damage|p1a: Zarude|57/100|[from] Stealth Rock
|switch|p2a: Scizor|Scizor, F|57/100
|
|-weather|Sandstorm|[upkeep]
|-damage|p1a: Zarude|50/100|[from] Sandstorm
|-heal|p1a: Zarude|57/100|[from] item: Leftovers
|upkeep
|turn|32
|
|t:|1665109121
|switch|p1a: Rotom|Rotom-Heat|76/100
|move|p2a: Scizor|U-turn|p1a: Rotom
|-resisted|p1a: Rotom
|-damage|p1a: Rotom|57/100
|
|t:|1665109127
|switch|p2a: Starmie|Starmie|43/100|[from]move: U-turn
|-damage|p2a: Starmie|31/100|[from] Stealth Rock
|
|-weather|Sandstorm|[upkeep]
|-damage|p2a: Starmie|25/100|[from] Sandstorm
|-damage|p1a: Rotom|51/100|[from] Sandstorm
|upkeep
|turn|33
|
|t:|1665109133
|switch|p1a: Slowking|Slowking, M|100/100 tox
|-damage|p1a: Slowking|88/100 tox|[from] Stealth Rock
|move|p2a: Starmie|Thunderbolt|p1a: Slowking
|-supereffective|p1a: Slowking
|-damage|p1a: Slowking|21/100 tox
|
|-weather|Sandstorm|[upkeep]
|-damage|p2a: Starmie|19/100|[from] Sandstorm
|-damage|p1a: Slowking|15/100 tox|[from] Sandstorm
|-heal|p1a: Slowking|21/100 tox|[from] item: Leftovers
|-damage|p1a: Slowking|15/100 tox|[from] psn
|upkeep
|turn|34
|
|t:|1665109140
|switch|p2a: Zarude|Zarude|100/100
|-damage|p2a: Zarude|88/100|[from] Stealth Rock
|switch|p1a: Swampert|Swampert, M|42/100
|-damage|p1a: Swampert|35/100|[from] Stealth Rock
|
|-weather|none
|-heal|p1a: Swampert|42/100|[from] item: Leftovers
|upkeep
|turn|35
|
|t:|1665109144
|move|p2a: Zarude|U-turn|p1a: Swampert
|-damage|p1a: Swampert|25/100
|
|t:|1665109147
|switch|p2a: Salamence|Salamence, F|98/100|[from]move: U-turn
|-ability|p2a: Salamence|Intimidate|boost
|-unboost|p1a: Swampert|atk|1
|move|p1a: Swampert|Flip Turn|p2a: Salamence
|-resisted|p2a: Salamence
|-damage|p2a: Salamence|89/100
|
|t:|1665109170
|switch|p1a: Jirachi|Jirachi|100/100|[from]move: Flip Turn
|-damage|p1a: Jirachi|94/100|[from] Stealth Rock
|
|upkeep
|turn|36
|
|t:|1665109178
|move|p1a: Jirachi|Iron Head|p2a: Salamence
|-damage|p2a: Salamence|64/100
|cant|p2a: Salamence|flinch
|
|upkeep
|turn|37
|
|t:|1665109187
|switch|p2a: Scizor|Scizor, F|57/100
|move|p1a: Jirachi|Iron Head|p2a: Scizor
|-resisted|p2a: Scizor
|-damage|p2a: Scizor|44/100
|
|upkeep
|turn|38
|
|t:|1665109193
|switch|p1a: Rotom|Rotom-Heat|51/100
|move|p2a: Scizor|Roost|p2a: Scizor
|-heal|p2a: Scizor|94/100
|-singleturn|p2a: Scizor|move: Roost
|
|upkeep
|turn|39
|
|t:|1665109199
|switch|p2a: Hippowdon|Hippowdon, F|88/100 brn
|-damage|p2a: Hippowdon|82/100 brn|[from] Stealth Rock
|-weather|Sandstorm|[from] ability: Sand Stream|[of] p2a: Hippowdon
|move|p1a: Rotom|Overheat|p2a: Hippowdon
|-damage|p2a: Hippowdon|41/100 brn
|-unboost|p1a: Rotom|spa|2
|
|-weather|Sandstorm|[upkeep]
|-damage|p1a: Rotom|45/100|[from] Sandstorm
|-heal|p2a: Hippowdon|47/100 brn|[from] item: Leftovers
|-damage|p2a: Hippowdon|41/100 brn|[from] brn
|upkeep
|turn|40
|
|t:|1665109207
|switch|p1a: Zarude|Zarude-Dada|57/100
|-damage|p1a: Zarude|44/100|[from] Stealth Rock
|move|p2a: Hippowdon|Slack Off|p2a: Hippowdon
|-heal|p2a: Hippowdon|91/100 brn
|
|-weather|Sandstorm|[upkeep]
|-damage|p1a: Zarude|38/100|[from] Sandstorm
|-heal|p1a: Zarude|44/100|[from] item: Leftovers
|-heal|p2a: Hippowdon|97/100 brn|[from] item: Leftovers
|-damage|p2a: Hippowdon|91/100 brn|[from] brn
|upkeep
|turn|41
|
|t:|1665109216
|switch|p2a: Salamence|Salamence, F|64/100
|-ability|p2a: Salamence|Intimidate|boost
|-unboost|p1a: Zarude|atk|1
|move|p1a: Zarude|Jungle Healing|p1a: Zarude
|-heal|p1a: Zarude|69/100
|
|-weather|Sandstorm|[upkeep]
|-damage|p1a: Zarude|63/100|[from] Sandstorm
|-damage|p2a: Salamence|58/100|[from] Sandstorm
|-heal|p1a: Zarude|69/100|[from] item: Leftovers
|upkeep
|turn|42
|
|t:|1665109227
|switch|p1a: Swampert|Swampert, M|25/100
|-damage|p1a: Swampert|19/100|[from] Stealth Rock
|move|p2a: Salamence|Roost|p2a: Salamence
|-heal|p2a: Salamence|100/100
|-singleturn|p2a: Salamence|move: Roost
|
|-weather|Sandstorm|[upkeep]
|-damage|p2a: Salamence|94/100|[from] Sandstorm
|-heal|p1a: Swampert|25/100|[from] item: Leftovers
|upkeep
|turn|43
|
|t:|1665109230
|move|p2a: Salamence|Dual Wingbeat|p1a: Swampert
|-damage|p1a: Swampert|10/100
|-damage|p1a: Swampert|0 fnt
|faint|p1a: Swampert
|-hitcount|p1: Swampert|2
|
|-weather|none
|upkeep
|
|t:|1665109240
|switch|p1a: Jirachi|Jirachi|94/100
|-damage|p1a: Jirachi|88/100|[from] Stealth Rock
|turn|44
|
|t:|1665109253
|move|p1a: Jirachi|Trick|p2a: Salamence
|-activate|p1a: Jirachi|move: Trick|[of] p2a: Salamence
|-item|p2a: Salamence|Choice Scarf|[from] move: Trick
|-item|p1a: Jirachi|Heavy-Duty Boots|[from] move: Trick
|move|p2a: Salamence|Defog|p1a: Jirachi
|-unboost|p1a: Jirachi|evasion|1
|-sideend|p1: explodinghepatitis|Stealth Rock|[from] move: Defog|[of] p2a: Salamence
|-sideend|p2: regi ice regice|Stealth Rock|[from] move: Defog|[of] p2a: Salamence
|
|upkeep
|turn|45
|
|t:|1665109264
|switch|p2a: Scizor|Scizor, F|94/100
|move|p1a: Jirachi|Iron Head|p2a: Scizor
|-resisted|p2a: Scizor
|-crit|p2a: Scizor
|-damage|p2a: Scizor|74/100
|
|upkeep
|turn|46
|
|t:|1665109269
|move|p1a: Jirachi|U-turn|p2a: Scizor
|-resisted|p2a: Scizor
|-damage|p2a: Scizor|66/100
|
|t:|1665109271
|switch|p1a: Conkeldurr|Conkeldurr, M|100/100|[from]move: U-turn
|move|p2a: Scizor|U-turn|p1a: Conkeldurr
|-resisted|p1a: Conkeldurr
|-damage|p1a: Conkeldurr|87/100
|
|t:|1665109274
|switch|p2a: Salamence|Salamence, F|94/100|[from]move: U-turn
|-ability|p2a: Salamence|Intimidate|boost
|-unboost|p1a: Conkeldurr|atk|1
|
|-status|p1a: Conkeldurr|brn|[from] item: Flame Orb
|upkeep
|turn|47
|
|t:|1665109277
|switch|p1a: Jirachi|Jirachi|88/100
|move|p2a: Salamence|Dual Wingbeat|p1a: Jirachi
|-resisted|p1a: Jirachi
|-damage|p1a: Jirachi|79/100
|-resisted|p1a: Jirachi
|-damage|p1a: Jirachi|70/100
|-hitcount|p1a: Jirachi|2
|
|upkeep
|turn|48
|
|t:|1665109282
|switch|p2a: Scizor|Scizor, F|66/100
|move|p1a: Jirachi|U-turn|p2a: Scizor
|-resisted|p2a: Scizor
|-damage|p2a: Scizor|58/100
|
|t:|1665109284
|switch|p1a: Conkeldurr|Conkeldurr, M|87/100 brn|[from]move: U-turn
|
|-damage|p1a: Conkeldurr|81/100 brn|[from] brn
|upkeep
|turn|49
|
|t:|1665109288
|move|p2a: Scizor|U-turn|p1a: Conkeldurr
|-resisted|p1a: Conkeldurr
|-damage|p1a: Conkeldurr|66/100 brn
|
|t:|1665109290
|switch|p2a: Hippowdon|Hippowdon, F|91/100 brn|[from]move: U-turn
|-weather|Sandstorm|[from] ability: Sand Stream|[of] p2a: Hippowdon
|move|p1a: Conkeldurr|Drain Punch|p2a: Hippowdon
|-damage|p2a: Hippowdon|51/100 brn
|-heal|p1a: Conkeldurr|87/100 brn|[from] drain|[of] p2a: Hippowdon
|
|-weather|Sandstorm|[upkeep]
|-damage|p1a: Conkeldurr|81/100 brn|[from] Sandstorm
|-heal|p2a: Hippowdon|57/100 brn|[from] item: Leftovers
|-damage|p2a: Hippowdon|51/100 brn|[from] brn
|-damage|p1a: Conkeldurr|75/100 brn|[from] brn
|upkeep
|turn|50
|
|t:|1665109296
|move|p2a: Hippowdon|Stealth Rock|p1a: Conkeldurr
|-sidestart|p1: explodinghepatitis|move: Stealth Rock
|move|p1a: Conkeldurr|Facade|p2a: Hippowdon
|-damage|p2a: Hippowdon|0 fnt
|faint|p2a: Hippowdon
|
|-weather|Sandstorm|[upkeep]
|-damage|p1a: Conkeldurr|69/100 brn|[from] Sandstorm
|-damage|p1a: Conkeldurr|63/100 brn|[from] brn
|upkeep
|
|t:|1665109303
|switch|p2a: Salamence|Salamence, F|94/100
|-ability|p2a: Salamence|Intimidate|boost
|-unboost|p1a: Conkeldurr|atk|1
|turn|51
|
|t:|1665109308
|switch|p1a: Jirachi|Jirachi|70/100
|move|p2a: Salamence|Dual Wingbeat|p1a: Jirachi
|-resisted|p1a: Jirachi
|-damage|p1a: Jirachi|60/100
|-resisted|p1a: Jirachi
|-damage|p1a: Jirachi|52/100
|-hitcount|p1a: Jirachi|2
|
|-weather|Sandstorm|[upkeep]
|-damage|p2a: Salamence|88/100|[from] Sandstorm
|upkeep
|turn|52
|
|t:|1665109318
|move|p2a: Salamence|Dual Wingbeat|p1a: Jirachi
|-resisted|p1a: Jirachi
|-damage|p1a: Jirachi|43/100
|-resisted|p1a: Jirachi
|-damage|p1a: Jirachi|33/100
|-hitcount|p1a: Jirachi|2
|move|p1a: Jirachi|Body Slam|p2a: Salamence
|-damage|p2a: Salamence|71/100
|-status|p2a: Salamence|par
|
|-weather|Sandstorm|[upkeep]
|-damage|p2a: Salamence|65/100 par|[from] Sandstorm
|upkeep
|turn|53
|
|t:|1665109327
|switch|p2a: Scizor|Scizor, F|58/100
|move|p1a: Jirachi|Iron Head|p2a: Scizor
|-resisted|p2a: Scizor
|-damage|p2a: Scizor|45/100
|
|-weather|none
|upkeep
|turn|54
|
|t:|1665109330
|move|p1a: Jirachi|U-turn|p2a: Scizor
|-resisted|p2a: Scizor
|-damage|p2a: Scizor|37/100
|
|t:|1665109336
|switch|p1a: Rotom|Rotom-Heat|45/100|[from]move: U-turn
|move|p2a: Scizor|Roost|p2a: Scizor
|-heal|p2a: Scizor|87/100
|-singleturn|p2a: Scizor|move: Roost
|
|upkeep
|turn|55
|
|t:|1665109343
|switch|p2a: Sylveon|Sylveon, M|83/100 brn
|move|p1a: Rotom|Defog|p2a: Sylveon
|-unboost|p2a: Sylveon|evasion|1
|-sideend|p1: explodinghepatitis|Stealth Rock|[from] move: Defog|[of] p1a: Rotom
|
|-heal|p2a: Sylveon|90/100 brn|[from] item: Leftovers
|-damage|p2a: Sylveon|83/100 brn|[from] brn
|upkeep
|turn|56
|
|t:|1665109348
|move|p1a: Rotom|Volt Switch|p2a: Sylveon
|-damage|p2a: Sylveon|69/100 brn
|
|t:|1665109352
|switch|p1a: Slowking|Slowking, M|48/100 tox|[from]move: Volt Switch
|move|p2a: Sylveon|Wish|p2a: Sylveon
|
|-heal|p2a: Sylveon|75/100 brn|[from] item: Leftovers
|-heal|p1a: Slowking|54/100 tox|[from] item: Leftovers
|-damage|p1a: Slowking|48/100 tox|[from] psn
|-damage|p2a: Sylveon|69/100 brn|[from] brn
|upkeep
|turn|57
|
|t:|1665109355
|move|p2a: Sylveon|Hyper Voice|p1a: Slowking
|-damage|p1a: Slowking|24/100 tox
|move|p1a: Slowking|Teleport|p1a: Slowking
|
|t:|1665109357
|switch|p1a: Jirachi|Jirachi|33/100|[from]move: Teleport
|
|-heal|p2a: Sylveon|100/100 brn|[from] move: Wish|[wisher] Sylveon
|-damage|p2a: Sylveon|94/100 brn|[from] brn
|upkeep
|turn|58
|
|t:|1665109360
|switch|p2a: Scizor|Scizor, F|87/100
|move|p1a: Jirachi|Iron Head|p2a: Scizor
|-resisted|p2a: Scizor
|-crit|p2a: Scizor
|-damage|p2a: Scizor|68/100
|
|upkeep
|turn|59
|
|t:|1665109366
|move|p1a: Jirachi|U-turn|p2a: Scizor
|-resisted|p2a: Scizor
|-damage|p2a: Scizor|60/100
|
|t:|1665109369
|switch|p1a: Conkeldurr|Conkeldurr, M|63/100 brn|[from]move: U-turn
|move|p2a: Scizor|Knock Off|p1a: Conkeldurr
|-resisted|p1a: Conkeldurr
|-damage|p1a: Conkeldurr|50/100 brn
|-enditem|p1a: Conkeldurr|Flame Orb|[from] move: Knock Off|[of] p2a: Scizor
|
|-damage|p1a: Conkeldurr|43/100 brn|[from] brn
|upkeep
|turn|60
|
|t:|1665109373
|move|p2a: Scizor|U-turn|p1a: Conkeldurr
|-resisted|p1a: Conkeldurr
|-damage|p1a: Conkeldurr|28/100 brn
|
|t:|1665109380
|switch|p2a: Sylveon|Sylveon, M|94/100 brn|[from]move: U-turn
|move|p1a: Conkeldurr|Drain Punch|p2a: Sylveon
|-resisted|p2a: Sylveon
|-damage|p2a: Sylveon|59/100 brn
|-heal|p1a: Conkeldurr|45/100 brn|[from] drain|[of] p2a: Sylveon
|
|-heal|p2a: Sylveon|65/100 brn|[from] item: Leftovers
|-damage|p2a: Sylveon|59/100 brn|[from] brn
|-damage|p1a: Conkeldurr|39/100 brn|[from] brn
|upkeep
|turn|61
|
|t:|1665109385
|switch|p1a: Jirachi|Jirachi|33/100
|move|p2a: Sylveon|Hyper Voice|p1a: Jirachi
|-resisted|p1a: Jirachi
|-damage|p1a: Jirachi|17/100
|
|-heal|p2a: Sylveon|65/100 brn|[from] item: Leftovers
|-damage|p2a: Sylveon|59/100 brn|[from] brn
|upkeep
|turn|62
|
|t:|1665109392
|switch|p2a: Salamence|Salamence, F|65/100 par
|-ability|p2a: Salamence|Intimidate|boost
|-unboost|p1a: Jirachi|atk|1
|move|p1a: Jirachi|U-turn|p2a: Salamence
|-resisted|p2a: Salamence
|-damage|p2a: Salamence|60/100 par
|
|t:|1665109396
|switch|p1a: Slowking|Slowking, M|57/100 tox|[from]move: U-turn
|
|-heal|p1a: Slowking|63/100 tox|[from] item: Leftovers
|-damage|p1a: Slowking|57/100 tox|[from] psn
|upkeep
|turn|63
|
|t:|1665109399
|move|p2a: Salamence|Dual Wingbeat|p1a: Slowking
|-damage|p1a: Slowking|37/100 tox
|-damage|p1a: Slowking|17/100 tox
|-hitcount|p1a: Slowking|2
|move|p1a: Slowking|Teleport|p1a: Slowking
|
|t:|1665109407
|switch|p1a: Jirachi|Jirachi|17/100|[from]move: Teleport
|
|upkeep
|turn|64
|
|t:|1665109412
|move|p1a: Jirachi|U-turn|p2a: Salamence
|-resisted|p2a: Salamence
|-damage|p2a: Salamence|53/100 par
|
|t:|1665109415
|switch|p1a: Rotom|Rotom-Heat|45/100|[from]move: U-turn
|move|p2a: Salamence|Dual Wingbeat|p1a: Rotom
|-resisted|p1a: Rotom
|-damage|p1a: Rotom|34/100
|-resisted|p1a: Rotom
|-damage|p1a: Rotom|23/100
|-hitcount|p1a: Rotom|2
|
|upkeep
|turn|65
|
|t:|1665109419
|switch|p2a: Sylveon|Sylveon, M|59/100 brn
|move|p1a: Rotom|Volt Switch|p2a: Sylveon
|-damage|p2a: Sylveon|45/100 brn
|
|t:|1665109420
|switch|p1a: Jirachi|Jirachi|17/100|[from]move: Volt Switch
|
|-heal|p2a: Sylveon|51/100 brn|[from] item: Leftovers
|-damage|p2a: Sylveon|45/100 brn|[from] brn
|upkeep
|turn|66
|
|t:|1665109424
|switch|p2a: Scizor|Scizor, F|60/100
|move|p1a: Jirachi|Iron Head|p2a: Scizor
|-resisted|p2a: Scizor
|-damage|p2a: Scizor|46/100
|
|upkeep
|turn|67
|
|t:|1665109428
|switch|p1a: Rotom|Rotom-Heat|23/100
|move|p2a: Scizor|Roost|p2a: Scizor
|-heal|p2a: Scizor|96/100
|-singleturn|p2a: Scizor|move: Roost
|
|upkeep
|turn|68
|
|t:|1665109444
|switch|p2a: Starmie|Starmie|19/100
|move|p1a: Rotom|Volt Switch|p2a: Starmie
|-supereffective|p2a: Starmie
|-crit|p2a: Starmie
|-damage|p2a: Starmie|0 fnt
|faint|p2a: Starmie
|
|t:|1665109456
|switch|p1a: Jirachi|Jirachi|17/100|[from]move: Volt Switch
|
|upkeep
|
|t:|1665109461
|switch|p2a: Zarude|Zarude|88/100
|turn|69
|
|t:|1665109471
|switch|p1a: Slowking|Slowking, M|50/100 tox
|move|p2a: Zarude|U-turn|p1a: Slowking
|-supereffective|p1a: Slowking
|-damage|p1a: Slowking|9/100 tox
|l| Queen of Bean ✿
|
|t:|1665109475
|switch|p2a: Scizor|Scizor, F|96/100|[from]move: U-turn
|
|-heal|p1a: Slowking|15/100 tox|[from] item: Leftovers
|-damage|p1a: Slowking|9/100 tox|[from] psn
|upkeep
|turn|70
|
|t:|1665109480
|move|p2a: Scizor|U-turn|p1a: Slowking
|-supereffective|p1a: Slowking
|-damage|p1a: Slowking|0 fnt
|faint|p1a: Slowking
|
|t:|1665109487
|switch|p2a: Sylveon|Sylveon, M|45/100 brn|[from]move: U-turn
|
|-heal|p2a: Sylveon|51/100 brn|[from] item: Leftovers
|-damage|p2a: Sylveon|45/100 brn|[from] brn
|upkeep
|
|t:|1665109490
|switch|p1a: Jirachi|Jirachi|17/100
|turn|71
|
|t:|1665109493
|move|p2a: Sylveon|Protect|p2a: Sylveon
|-singleturn|p2a: Sylveon|Protect
|move|p1a: Jirachi|Iron Head|p2a: Sylveon
|-activate|p2a: Sylveon|move: Protect
|
|-heal|p2a: Sylveon|51/100 brn|[from] item: Leftovers
|-damage|p2a: Sylveon|45/100 brn|[from] brn
|upkeep
|turn|72
|
|t:|1665109497
|switch|p2a: Scizor|Scizor, F|96/100
|move|p1a: Jirachi|Iron Head|p2a: Scizor
|-resisted|p2a: Scizor
|-damage|p2a: Scizor|82/100
|
|upkeep
|turn|73
|
|t:|1665109501
|move|p1a: Jirachi|U-turn|p2a: Scizor
|-resisted|p2a: Scizor
|-crit|p2a: Scizor
|-damage|p2a: Scizor|71/100
|
|t:|1665109503
|switch|p1a: Rotom|Rotom-Heat|23/100|[from]move: U-turn
|move|p2a: Scizor|U-turn|p1a: Rotom
|-resisted|p1a: Rotom
|-damage|p1a: Rotom|6/100
|
|t:|1665109506
|switch|p2a: Zarude|Zarude|88/100|[from]move: U-turn
|
|upkeep
|turn|74
|
|t:|1665109510
|move|p2a: Zarude|U-turn|p1a: Rotom
|-resisted|p1a: Rotom
|-damage|p1a: Rotom|0 fnt
|faint|p1a: Rotom
|
|t:|1665109514
|switch|p2a: Sylveon|Sylveon, M|45/100 brn|[from]move: U-turn
|
|-heal|p2a: Sylveon|51/100 brn|[from] item: Leftovers
|-damage|p2a: Sylveon|45/100 brn|[from] brn
|upkeep
|
|t:|1665109516
|switch|p1a: Jirachi|Jirachi|17/100
|turn|75
|
|t:|1665109519
|switch|p2a: Salamence|Salamence, F|53/100 par
|-ability|p2a: Salamence|Intimidate|boost
|-unboost|p1a: Jirachi|atk|1
|move|p1a: Jirachi|Iron Head|p2a: Salamence
|-damage|p2a: Salamence|37/100 par
|
|upkeep
|turn|76
|
|t:|1665109522
|move|p1a: Jirachi|Iron Head|p2a: Salamence
|-damage|p2a: Salamence|20/100 par
|move|p2a: Salamence|Roost|p2a: Salamence
|-heal|p2a: Salamence|70/100 par
|-singleturn|p2a: Salamence|move: Roost
|
|upkeep
|turn|77
|
|t:|1665109527
|switch|p2a: Scizor|Scizor, F|71/100
|move|p1a: Jirachi|Iron Head|p2a: Scizor
|-resisted|p2a: Scizor
|-damage|p2a: Scizor|62/100
|
|upkeep
|turn|78
|
|t:|1665109531
|move|p2a: Scizor|Bullet Punch|p1a: Jirachi
|-resisted|p1a: Jirachi
|-damage|p1a: Jirachi|3/100
|move|p1a: Jirachi|Iron Head|p2a: Scizor
|-resisted|p2a: Scizor
|-damage|p2a: Scizor|53/100
|
|upkeep
|turn|79
|
|t:|1665109538
|move|p2a: Scizor|Bullet Punch|p1a: Jirachi
|-resisted|p1a: Jirachi
|-damage|p1a: Jirachi|0 fnt
|faint|p1a: Jirachi
|
|upkeep
|
|t:|1665109540
|switch|p1a: Conkeldurr|Conkeldurr, M|39/100 brn
|turn|80
|
|t:|1665109551
|switch|p2a: Salamence|Salamence, F|70/100 par
|-ability|p2a: Salamence|Intimidate|boost
|-unboost|p1a: Conkeldurr|atk|1
|move|p1a: Conkeldurr|Facade|p2a: Salamence
|-damage|p2a: Salamence|20/100 par
|
|-damage|p1a: Conkeldurr|33/100 brn|[from] brn
|upkeep
|turn|81
|
|t:|1665109556
|move|p2a: Salamence|Dual Wingbeat|p1a: Conkeldurr
|-supereffective|p1a: Conkeldurr
|-damage|p1a: Conkeldurr|0 fnt
|faint|p1a: Conkeldurr
|-hitcount|p1: Conkeldurr|1
|
|upkeep
|-message|explodinghepatitis forfeited.
|
|win|regi ice regice
|raw|explodinghepatitis's rating: 1321 &rarr; <strong>1308</strong><br />(-13 for losing)
|raw|regi ice regice's rating: 1453 &rarr; <strong>1466</strong><br />(+13 for winning)
|l|☆explodinghepatitis
||Ladder isn't responding, score probably updated but might not have (Request timeout).
