|j|☆lmbad0000
|j|☆MMisty
|t:|1625195121
|gametype|singles
|player|p1|lmbad0000|sisandbro|1445
|player|p2|MMisty|psychic-gen4|1527
|teamsize|p1|6
|teamsize|p2|6
|gen|8
|tier|[Gen 8] UU
|rated|
|rule|Sleep Clause Mod: Limit one foe put to sleep
|rule|Species Clause: Limit one of each Pokémon
|rule|OHKO Clause: OHKO moves are banned
|rule|Evasion Moves Clause: Evasion moves are banned
|rule|Endless Battle Clause: Forcing endless battles is banned
|rule|HP Percentage Mod: HP is shown in percentages
|rule|Dynamax Clause: You cannot dynamax
|clearpoke
|poke|p1|Gigalith, F|
|poke|p1|Zygarde-10%|
|poke|p1|Barbaracle, M|
|poke|p1|Moltres|
|poke|p1|Rotom-Wash|
|poke|p1|Comfey, F|
|poke|p2|Amoonguss, F|
|poke|p2|Jirachi|
|poke|p2|Diancie|
|poke|p2|Rotom-Heat|
|poke|p2|Mamoswine, M|
|poke|p2|Keldeo-Resolute|
|teampreview
|inactive|Battle timer is ON: inactive players will automatically lose when time's up. (requested by MMisty)
|
|t:|1625195144
|start
|switch|p1a: Rotom|Rotom-Wash|100/100
|switch|p2a: Diancie|Diancie|100/100
|turn|1
|
|t:|1625195159
|switch|p2a: Amoonguss|Amoonguss, F|100/100
|move|p1a: Rotom|Hydro Pump|p2a: Amoonguss|[miss]
|-miss|p1a: Rotom|p2a: Amoonguss
|
|upkeep
|turn|2
|
|t:|1625195184
|switch|p1a: Gigalith|Gigalith, F|100/100
|-weather|Sandstorm|[from] ability: Sand Stream|[of] p1a: Gigalith
|move|p2a: Amoonguss|Spore|p1a: Gigalith
|-status|p1a: Gigalith|slp|[from] move: Spore
|
|-weather|Sandstorm|[upkeep]
|-damage|p2a: Amoonguss|94/100|[from] Sandstorm
|upkeep
|turn|3
|
|t:|1625195201
|move|p2a: Amoonguss|Sludge Bomb|p1a: Gigalith
|-resisted|p1a: Gigalith
|-damage|p1a: Gigalith|93/100 slp
|cant|p1a: Gigalith|slp
|
|-weather|Sandstorm|[upkeep]
|-damage|p2a: Amoonguss|88/100|[from] Sandstorm
|-heal|p1a: Gigalith|99/100 slp|[from] item: Leftovers
|upkeep
|turn|4
|
|t:|1625195212
|move|p2a: Amoonguss|Giga Drain|p1a: Gigalith
|-supereffective|p1a: Gigalith
|-damage|p1a: Gigalith|77/100 slp
|-heal|p2a: Amoonguss|98/100|[from] drain|[of] p1a: Gigalith
|-curestatus|p1a: Gigalith|slp|[msg]
|move|p1a: Gigalith|Stealth Rock|p2a: Amoonguss
|-sidestart|p2: MMisty|move: Stealth Rock
|
|-weather|Sandstorm|[upkeep]
|-damage|p2a: Amoonguss|92/100|[from] Sandstorm
|-heal|p1a: Gigalith|83/100|[from] item: Leftovers
|upkeep
|turn|5
|
|t:|1625195223
|switch|p1a: Comfey|Comfey, F|100/100
|move|p2a: Amoonguss|Spore|p1a: Comfey
|-status|p1a: Comfey|slp|[from] move: Spore
|
|-weather|Sandstorm|[upkeep]
|-damage|p1a: Comfey|94/100 slp|[from] Sandstorm
|-damage|p2a: Amoonguss|86/100|[from] Sandstorm
|upkeep
|turn|6
|
|t:|1625195230
|switch|p1a: Moltres|Moltres|100/100
|move|p2a: Amoonguss|Sludge Bomb|p1a: Moltres
|-damage|p1a: Moltres|73/100
|
|-weather|none
|upkeep
|turn|7
|
|t:|1625195235
|switch|p2a: Diancie|Diancie|100/100
|-damage|p2a: Diancie|88/100|[from] Stealth Rock
|move|p1a: Moltres|Mystical Fire|p2a: Diancie
|-resisted|p2a: Diancie
|-damage|p2a: Diancie|75/100
|
|-heal|p2a: Diancie|81/100|[from] item: Leftovers
|upkeep
|turn|8
|
|t:|1625195244
|switch|p1a: Gigalith|Gigalith, F|83/100
|-weather|Sandstorm|[from] ability: Sand Stream|[of] p1a: Gigalith
|move|p2a: Diancie|Stealth Rock|p1a: Gigalith
|-sidestart|p1: lmbad0000|move: Stealth Rock
|
|-weather|Sandstorm|[upkeep]
|-heal|p2a: Diancie|88/100|[from] item: Leftovers
|-heal|p1a: Gigalith|89/100|[from] item: Leftovers
|upkeep
|turn|9
|
|t:|1625195252
|switch|p2a: Amoonguss|Amoonguss, F|100/100
|-damage|p2a: Amoonguss|88/100|[from] Stealth Rock
|move|p1a: Gigalith|Earthquake|p2a: Amoonguss
|-damage|p2a: Amoonguss|68/100
|
|-weather|Sandstorm|[upkeep]
|-damage|p2a: Amoonguss|62/100|[from] Sandstorm
|-heal|p1a: Gigalith|95/100|[from] item: Leftovers
|upkeep
|turn|10
|
|t:|1625195263
|move|p2a: Amoonguss|Sludge Bomb|p1a: Gigalith
|-resisted|p1a: Gigalith
|-damage|p1a: Gigalith|88/100
|move|p1a: Gigalith|Stone Edge|p2a: Amoonguss
|-damage|p2a: Amoonguss|30/100
|
|-weather|Sandstorm|[upkeep]
|-damage|p2a: Amoonguss|24/100|[from] Sandstorm
|-heal|p1a: Gigalith|94/100|[from] item: Leftovers
|upkeep
|turn|11
|
|t:|1625195272
|switch|p2a: Keldeo|Keldeo-Resolute|100/100
|-damage|p2a: Keldeo|94/100|[from] Stealth Rock
|move|p1a: Gigalith|Earthquake|p2a: Keldeo
|-damage|p2a: Keldeo|60/100
|
|-weather|Sandstorm|[upkeep]
|-damage|p2a: Keldeo|54/100|[from] Sandstorm
|-heal|p1a: Gigalith|100/100|[from] item: Leftovers
|upkeep
|turn|12
|
|t:|1625195287
|switch|p1a: Comfey|Comfey, F|94/100 slp
|-damage|p1a: Comfey|82/100 slp|[from] Stealth Rock
|move|p2a: Keldeo|Secret Sword|p1a: Comfey
|-resisted|p1a: Comfey
|-damage|p1a: Comfey|48/100 slp
|-damage|p2a: Keldeo|44/100|[from] item: Life Orb
|
|-weather|none
|upkeep
|turn|13
|
|t:|1625195293
|move|p2a: Keldeo|Scald|p1a: Comfey
|-damage|p1a: Comfey|0 fnt
|faint|p1a: Comfey
|-damage|p2a: Keldeo|34/100|[from] item: Life Orb
|
|upkeep
|
|t:|1625195302
|switch|p1a: Zygarde|Zygarde-10%|100/100
|-damage|p1a: Zygarde|94/100|[from] Stealth Rock
|-ability|p1a: Zygarde|Aura Break
|turn|14
|
|t:|1625195314
|switch|p2a: Mamoswine|Mamoswine, M|100/100
|-damage|p2a: Mamoswine|88/100|[from] Stealth Rock
|move|p1a: Zygarde|Thousand Arrows|p2a: Mamoswine
|-damage|p2a: Mamoswine|19/100
|
|upkeep
|turn|15
|
|t:|1625195321
|switch|p1a: Moltres|Moltres|73/100
|move|p2a: Mamoswine|Knock Off|p1a: Moltres
|-damage|p1a: Moltres|36/100
|-enditem|p1a: Moltres|Heavy-Duty Boots|[from] move: Knock Off|[of] p2a: Mamoswine
|
|upkeep
|turn|16
|
|t:|1625195334
|switch|p2a: Jirachi|Jirachi|100/100
|-damage|p2a: Jirachi|94/100|[from] Stealth Rock
|move|p1a: Moltres|Mystical Fire|p2a: Jirachi
|-supereffective|p2a: Jirachi
|-damage|p2a: Jirachi|54/100
|-unboost|p2a: Jirachi|spa|1
|
|-heal|p2a: Jirachi|60/100|[from] item: Leftovers
|upkeep
|turn|17
|
|t:|1625195344
|move|p2a: Jirachi|Wish|p2a: Jirachi
|move|p1a: Moltres|Roost|p1a: Moltres
|-heal|p1a: Moltres|87/100
|-singleturn|p1a: Moltres|move: Roost
|
|-heal|p2a: Jirachi|67/100|[from] item: Leftovers
|upkeep
|turn|18
|
|t:|1625195361
|switch|p2a: Keldeo|Keldeo-Resolute|34/100
|-damage|p2a: Keldeo|28/100|[from] Stealth Rock
|move|p1a: Moltres|Air Slash|p2a: Keldeo
|-supereffective|p2a: Keldeo
|-damage|p2a: Keldeo|0 fnt
|faint|p2a: Keldeo
|
|upkeep
|
|t:|1625195368
|switch|p2a: Diancie|Diancie|88/100
|-damage|p2a: Diancie|75/100|[from] Stealth Rock
|turn|19
|
|t:|1625195377
|switch|p1a: Gigalith|Gigalith, F|100/100
|-damage|p1a: Gigalith|88/100|[from] Stealth Rock
|-weather|Sandstorm|[from] ability: Sand Stream|[of] p1a: Gigalith
|move|p2a: Diancie|Diamond Storm|p1a: Gigalith
|-damage|p1a: Gigalith|65/100
|-boost|p2a: Diancie|def|2
|
|-weather|Sandstorm|[upkeep]
|-heal|p2a: Diancie|81/100|[from] item: Leftovers
|-heal|p1a: Gigalith|72/100|[from] item: Leftovers
|upkeep
|turn|20
|inactive|lmbad0000 has 120 seconds left.
|
|t:|1625195411
|switch|p2a: Rotom|Rotom-Heat|100/100
|move|p1a: Gigalith|Explosion|p2a: Rotom
|-damage|p2a: Rotom|22/100
|faint|p1a: Gigalith
|
|-weather|Sandstorm|[upkeep]
|-damage|p2a: Rotom|16/100|[from] Sandstorm
|upkeep
|inactive|lmbad0000 has 120 seconds left.
|
|t:|1625195439
|switch|p1a: Zygarde|Zygarde-10%|94/100
|-damage|p1a: Zygarde|88/100|[from] Stealth Rock
|-ability|p1a: Zygarde|Aura Break
|turn|21
|
|t:|1625195447
|move|p1a: Zygarde|Thousand Arrows|p2a: Rotom
|-supereffective|p2a: Rotom
|-damage|p2a: Rotom|0 fnt
|faint|p2a: Rotom
|
|-weather|Sandstorm|[upkeep]
|upkeep
|
|t:|1625195458
|switch|p2a: Diancie|Diancie|81/100
|-damage|p2a: Diancie|69/100|[from] Stealth Rock
|turn|22
|
|t:|1625195462
|move|p1a: Zygarde|Thousand Arrows|p2a: Diancie
|-supereffective|p2a: Diancie
|-damage|p2a: Diancie|0 fnt
|faint|p2a: Diancie
|
|-weather|Sandstorm|[upkeep]
|upkeep
|
|t:|1625195467
|switch|p2a: Amoonguss|Amoonguss, F|57/100
|-damage|p2a: Amoonguss|45/100|[from] Stealth Rock
|turn|23
|
|t:|1625195477
|move|p1a: Zygarde|Thousand Arrows|p2a: Amoonguss
|-damage|p2a: Amoonguss|6/100
|move|p2a: Amoonguss|Spore|p1a: Zygarde
|-status|p1a: Zygarde|slp|[from] move: Spore
|
|-weather|none
|upkeep
|turn|24
|
|t:|1625195484
|switch|p1a: Moltres|Moltres|87/100
|-damage|p1a: Moltres|37/100|[from] Stealth Rock
|switch|p2a: Jirachi|Jirachi|67/100
|-damage|p2a: Jirachi|60/100|[from] Stealth Rock
|
|-heal|p2a: Jirachi|67/100|[from] item: Leftovers
|upkeep
|turn|25
|
|t:|1625195495
|move|p2a: Jirachi|Wish|p2a: Jirachi
|move|p1a: Moltres|Mystical Fire|p2a: Jirachi
|-supereffective|p2a: Jirachi
|-damage|p2a: Jirachi|25/100
|-unboost|p2a: Jirachi|spa|1
|
|-heal|p2a: Jirachi|31/100|[from] item: Leftovers
|upkeep
|turn|26
|
|t:|1625195499
|move|p2a: Jirachi|Protect|p2a: Jirachi
|-singleturn|p2a: Jirachi|Protect
|move|p1a: Moltres|Roost|p1a: Moltres
|-heal|p1a: Moltres|87/100
|-singleturn|p1a: Moltres|move: Roost
|
|-heal|p2a: Jirachi|81/100|[from] move: Wish|[wisher] Jirachi
|-heal|p2a: Jirachi|87/100|[from] item: Leftovers
|upkeep
|turn|27
|
|t:|1625195509
|move|p2a: Jirachi|Wish|p2a: Jirachi
|move|p1a: Moltres|Mystical Fire|p2a: Jirachi
|-supereffective|p2a: Jirachi
|-damage|p2a: Jirachi|46/100
|-unboost|p2a: Jirachi|spa|1
|
|-heal|p2a: Jirachi|52/100|[from] item: Leftovers
|upkeep
|turn|28
|j| Moltracer
|
|t:|1625195513
|move|p2a: Jirachi|Protect|p2a: Jirachi
|-singleturn|p2a: Jirachi|Protect
|move|p1a: Moltres|Mystical Fire|p2a: Jirachi
|-activate|p2a: Jirachi|move: Protect
|
|-heal|p2a: Jirachi|100/100|[from] move: Wish|[wisher] Jirachi
|upkeep
|turn|29
|l| Moltracer
|
|t:|1625195523
|move|p2a: Jirachi|Wish|p2a: Jirachi
|move|p1a: Moltres|Mystical Fire|p2a: Jirachi
|-supereffective|p2a: Jirachi
|-damage|p2a: Jirachi|54/100
|-unboost|p2a: Jirachi|spa|1
|
|-heal|p2a: Jirachi|60/100|[from] item: Leftovers
|upkeep
|turn|30
|
|t:|1625195530
|move|p2a: Jirachi|Protect|p2a: Jirachi
|-singleturn|p2a: Jirachi|Protect
|move|p1a: Moltres|Air Slash|p2a: Jirachi
|-activate|p2a: Jirachi|move: Protect
|
|-heal|p2a: Jirachi|100/100|[from] move: Wish|[wisher] Jirachi
|upkeep
|turn|31
|
|t:|1625195536
|move|p2a: Jirachi|Wish|p2a: Jirachi
|move|p1a: Moltres|Air Slash|p2a: Jirachi
|-resisted|p2a: Jirachi
|-damage|p2a: Jirachi|89/100
|
|-heal|p2a: Jirachi|96/100|[from] item: Leftovers
|upkeep
|turn|32
|
|t:|1625195545
|move|p2a: Jirachi|Protect|p2a: Jirachi
|-singleturn|p2a: Jirachi|Protect
|move|p1a: Moltres|Air Slash|p2a: Jirachi
|-activate|p2a: Jirachi|move: Protect
|
|-heal|p2a: Jirachi|100/100|[from] move: Wish|[wisher] Jirachi
|upkeep
|turn|33
|
|t:|1625195549
|move|p2a: Jirachi|Wish|p2a: Jirachi
|move|p1a: Moltres|Mystical Fire|p2a: Jirachi
|-supereffective|p2a: Jirachi
|-damage|p2a: Jirachi|60/100
|-unboost|p2a: Jirachi|spa|1
|
|-heal|p2a: Jirachi|67/100|[from] item: Leftovers
|upkeep
|turn|34
|-message|MMisty forfeited.
|
|win|lmbad0000
|raw|lmbad0000's rating: 1445 &rarr; <strong>1470</strong><br />(+25 for winning)
|raw|MMisty's rating: 1527 &rarr; <strong>1502</strong><br />(-25 for losing)
|l|☆MMisty
