|j|☆Liz Angeles
|j|☆amogusroxyrrrr
|t:|1664030882
|gametype|singles
|player|p1|Liz Angeles|marley|
|player|p2|amogusroxyrrrr|scientistf|
|teamsize|p1|6
|teamsize|p2|6
|gen|8
|tier|[Gen 8] UU
|rule|Sleep Clause Mod: Limit one foe put to sleep
|rule|Species Clause: Limit one of each Pokémon
|rule|OHKO Clause: OHKO moves are banned
|rule|Evasion Items Clause: Evasion items are banned
|rule|Evasion Moves Clause: Evasion moves are banned
|rule|Endless Battle Clause: Forcing endless battles is banned
|rule|HP Percentage Mod: HP is shown in percentages
|rule|Dynamax Clause: You cannot dynamax
|clearpoke
|poke|p1|Talonflame, F|
|poke|p1|Hippowdon, F|
|poke|p1|Cobalion|
|poke|p1|Amoonguss, M|
|poke|p1|Starmie|
|poke|p1|Thundurus-Therian, M|
|poke|p2|Golurk|
|poke|p2|Jirachi|
|poke|p2|Regice|
|poke|p2|Rotom-Wash|
|poke|p2|Nihilego|
|poke|p2|Thundurus-Therian, M|
|teampreview
|c|☆amogusroxyrrrr|remember when talonflame was ou
|c|☆Liz Angeles|Yeah those were the days
|
|t:|1664030916
|start
|switch|p1a: Starmie|Starmie|100/100
|switch|p2a: Nihilego|Nihilego|100/100
|turn|1
|
|t:|1664030928
|switch|p2a: jim|Regice, shiny|100/100
|move|p1a: Starmie|Scald|p2a: jim
|-damage|p2a: jim|88/100
|
|upkeep
|turn|2
|
|t:|1664030934
|switch|p1a: Cobalion|Cobalion|100/100
|move|p2a: jim|Ice Beam|p1a: Cobalion
|-resisted|p1a: Cobalion
|-damage|p1a: Cobalion|79/100
|
|-heal|p1a: Cobalion|86/100|[from] item: Leftovers
|upkeep
|turn|3
|
|t:|1664030946
|switch|p2a: Golurk|Golurk, shiny|100/100
|move|p1a: Cobalion|Iron Head|p2a: Golurk
|-damage|p2a: Golurk|62/100
|
|-heal|p1a: Cobalion|92/100|[from] item: Leftovers
|upkeep
|turn|4
|
|t:|1664030984
|switch|p1a: Hippowdon|Hippowdon, F|100/100
|-weather|Sandstorm|[from] ability: Sand Stream|[of] p1a: Hippowdon
|move|p2a: Golurk|Poltergeist|p1a: Hippowdon
|-activate|p1a: Hippowdon|move: Poltergeist|Rocky Helmet
|-damage|p1a: Hippowdon|43/100
|
|-weather|Sandstorm|[upkeep]
|upkeep
|turn|5
|c|☆amogusroxyrrrr|oh wow
|c|☆amogusroxyrrrr|didnt think polt would hit hippo that hard
|
|t:|1664031022
|move|p2a: Golurk|Poltergeist|p1a: Hippowdon
|-activate|p1a: Hippowdon|move: Poltergeist|Rocky Helmet
|-damage|p1a: Hippowdon|0 fnt
|faint|p1a: Hippowdon
|
|-weather|Sandstorm|[upkeep]
|upkeep
|c|☆Liz Angeles|Golurk is a threat
|
|t:|1664031030
|switch|p1a: Thundurus|Thundurus-Therian, M|100/100
|turn|6
|c|☆amogusroxyrrrr|hes one of my favs
|c|☆amogusroxyrrrr|i love his design and his shiny is so cool
|
|t:|1664031051
|switch|p2a: jim|Regice, shiny|88/100
|move|p1a: Thundurus|Knock Off|p2a: jim
|-damage|p2a: jim|71/100
|-enditem|p2a: jim|Heavy-Duty Boots|[from] move: Knock Off|[of] p1a: Thundurus
|
|-weather|Sandstorm|[upkeep]
|-damage|p1a: Thundurus|94/100|[from] Sandstorm
|-damage|p2a: jim|65/100|[from] Sandstorm
|upkeep
|turn|7
|c|☆Liz Angeles|He do be pretty cool
|
|t:|1664031073
|move|p1a: Thundurus|Volt Switch|p2a: jim
|-damage|p2a: jim|45/100
|
|t:|1664031078
|switch|p1a: Cobalion|Cobalion|92/100|[from]move: Volt Switch
|move|p2a: jim|Ice Beam|p1a: Cobalion
|-resisted|p1a: Cobalion
|-damage|p1a: Cobalion|71/100
|-status|p1a: Cobalion|frz
|
|-weather|Sandstorm|[upkeep]
|-damage|p2a: jim|39/100|[from] Sandstorm
|-heal|p1a: Cobalion|77/100 frz|[from] item: Leftovers
|upkeep
|turn|8
|c|☆amogusroxyrrrr|jim moment
|c|☆Liz Angeles|You could say that
|c|☆Liz Angeles|I might lose
|
|t:|1664031124
|switch|p2a: Jirachi|Jirachi|100/100
|cant|p1a: Cobalion|frz
|
|-weather|none
|-heal|p1a: Cobalion|83/100 frz|[from] item: Leftovers
|upkeep
|turn|9
|
|t:|1664031130
|switch|p1a: Talonflame|Talonflame, F|100/100
|move|p2a: Jirachi|Wish|p2a: Jirachi
|
|upkeep
|turn|10
|
|t:|1664031144
|switch|p2a: Nihilego|Nihilego|100/100
|move|p1a: Talonflame|Will-O-Wisp|p2a: Nihilego
|-status|p2a: Nihilego|brn
|
|-damage|p2a: Nihilego|94/100 brn|[from] brn
|upkeep
|turn|11
|
|t:|1664031151
|switch|p1a: Cobalion|Cobalion|83/100 frz
|move|p2a: Nihilego|Stealth Rock|p1a: Cobalion
|-sidestart|p1: Liz Angeles|move: Stealth Rock
|
|-heal|p1a: Cobalion|89/100 frz|[from] item: Leftovers
|-heal|p2a: Nihilego|100/100 brn|[from] item: Black Sludge
|-damage|p2a: Nihilego|94/100 brn|[from] brn
|upkeep
|turn|12
|
|t:|1664031157
|switch|p2a: Jirachi|Jirachi|100/100
|cant|p1a: Cobalion|frz
|
|-heal|p1a: Cobalion|96/100 frz|[from] item: Leftovers
|upkeep
|turn|13
|
|t:|1664031161
|cant|p1a: Cobalion|frz
|move|p2a: Jirachi|Wish|p2a: Jirachi
|
|-heal|p1a: Cobalion|100/100 frz|[from] item: Leftovers
|upkeep
|turn|14
|
|t:|1664031167
|switch|p1a: Talonflame|Talonflame, F|100/100
|move|p2a: Jirachi|U-turn|p1a: Talonflame
|-resisted|p1a: Talonflame
|-damage|p1a: Talonflame|95/100
|
|t:|1664031170
|switch|p2a: Golurk|Golurk, shiny|62/100|[from]move: U-turn
|
|-heal|p2a: Golurk|100/100|[from] move: Wish|[wisher] Jirachi
|upkeep
|turn|15
|
|t:|1664031176
|switch|p2a: Nihilego|Nihilego|94/100 brn
|move|p1a: Talonflame|Will-O-Wisp|p2a: Nihilego
|-fail|p2a: Nihilego|brn
|
|-heal|p2a: Nihilego|100/100 brn|[from] item: Black Sludge
|-damage|p2a: Nihilego|94/100 brn|[from] brn
|upkeep
|turn|16
|
|t:|1664031185
|switch|p1a: Cobalion|Cobalion|100/100 frz
|-damage|p1a: Cobalion|97/100 frz|[from] Stealth Rock
|switch|p2a: Golurk|Golurk, shiny|100/100
|
|-heal|p1a: Cobalion|100/100 frz|[from] item: Leftovers
|upkeep
|turn|17
|
|t:|1664031197
|switch|p1a: Talonflame|Talonflame, F|95/100
|move|p2a: Golurk|Poltergeist|p1a: Talonflame
|-activate|p1a: Talonflame|move: Poltergeist|Heavy-Duty Boots
|-damage|p1a: Talonflame|0 fnt
|faint|p1a: Talonflame
|
|upkeep
|
|t:|1664031202
|switch|p1a: Starmie|Starmie|100/100
|turn|18
|
|t:|1664031225
|switch|p2a: Rotom|Rotom-Wash|100/100
|move|p1a: Starmie|Scald|p2a: Rotom
|-resisted|p2a: Rotom
|-damage|p2a: Rotom|85/100
|
|upkeep
|turn|19
|
|t:|1664031260
|switch|p1a: Amoonguss|Amoonguss, M|100/100
|-damage|p1a: Amoonguss|88/100|[from] Stealth Rock
|move|p2a: Rotom|Hydro Pump|p1a: Amoonguss
|-resisted|p1a: Amoonguss
|-damage|p1a: Amoonguss|72/100
|
|-heal|p1a: Amoonguss|78/100|[from] item: Black Sludge
|upkeep
|turn|20
|
|t:|1664031277
|switch|p2a: jim|Regice, shiny|39/100
|switch|p1a: Thundurus|Thundurus-Therian, M|94/100
|
|upkeep
|turn|21
|
|t:|1664031283
|move|p1a: Thundurus|Volt Switch|p2a: jim
|-damage|p2a: jim|21/100
|
|t:|1664031286
|switch|p1a: Cobalion|Cobalion|100/100 frz|[from]move: Volt Switch
|-damage|p1a: Cobalion|97/100 frz|[from] Stealth Rock
|move|p2a: jim|Rest|p2a: jim
|-status|p2a: jim|slp|[from] move: Rest
|-heal|p2a: jim|100/100 slp|[silent]
|
|-heal|p1a: Cobalion|100/100 frz|[from] item: Leftovers
|upkeep
|turn|22
|
|t:|1664031300
|switch|p2a: Golurk|Golurk, shiny|100/100
|cant|p1a: Cobalion|frz
|
|upkeep
|turn|23
|c|☆amogusroxyrrrr|how many turns has coba been frozen
|c|☆amogusroxyrrrr|like 5 right
|c|☆Liz Angeles|I think so
|
|t:|1664031331
|switch|p1a: Amoonguss|Amoonguss, M|100/100
|-damage|p1a: Amoonguss|88/100|[from] Stealth Rock
|move|p2a: Golurk|Poltergeist|p1a: Amoonguss
|-activate|p1a: Amoonguss|move: Poltergeist|Black Sludge
|-crit|p1a: Amoonguss
|-damage|p1a: Amoonguss|0 fnt
|faint|p1a: Amoonguss
|
|upkeep
|
|t:|1664031336
|switch|p1a: Thundurus|Thundurus-Therian, M|94/100
|turn|24
|
|t:|1664031339
|move|p1a: Thundurus|Volt Switch|p2a: Golurk
|-immune|p2a: Golurk
|move|p2a: Golurk|Poltergeist|p1a: Thundurus
|-activate|p1a: Thundurus|move: Poltergeist|Heavy-Duty Boots
|-crit|p1a: Thundurus
|-damage|p1a: Thundurus|0 fnt
|faint|p1a: Thundurus
|
|upkeep
|c|☆amogusroxyrrrr|bruh
|c|☆Liz Angeles|ye gg lol
|c|☆amogusroxyrrrr|gg
|c|☆Liz Angeles|I think once i got frozen it was hella over but i didn't play particularly well
|c|☆amogusroxyrrrr|yeah i was able to get off free wishes with jirachi once coba was frozen
|c|☆Liz Angeles|You know how to press an advantage though, you just need to work on regaining momentum when you're behind
|-message|Liz Angeles forfeited.
|
|win|amogusroxyrrrr
|c|☆amogusroxyrrrr|yeah, im trying to get better at that
|c|☆amogusroxyrrrr|i get tunnel visioned when i fall behind kinda
|c|☆amogusroxyrrrr|ty for the games tho!
|c|☆Liz Angeles|Yeah that's not unusual, no problem
