|raw|<div class="broadcast-blue"><strong>This battle is required to be public due to a player having a name starting with 'uult91w'.</div>
|j|☆UULT91w cry
|j|☆UULT91w udon
|t:|1651626607
|gametype|singles
|player|p1|UULT91w cry|mina-lgpe|1384
|player|p2|UULT91w udon|#bltviiiturtwigs|1326
|teamsize|p1|6
|teamsize|p2|6
|gen|8
|tier|[Gen 8] UU
|rated|
|rule|Sleep Clause Mod: Limit one foe put to sleep
|rule|Species Clause: Limit one of each Pokémon
|rule|OHKO Clause: OHKO moves are banned
|rule|Evasion Moves Clause: Evasion moves are banned
|rule|Endless Battle Clause: Forcing endless battles is banned
|rule|HP Percentage Mod: HP is shown in percentages
|rule|Dynamax Clause: You cannot dynamax
|clearpoke
|poke|p1|Azumarill, M|
|poke|p1|Politoed, F|
|poke|p1|Heliolisk, F|
|poke|p1|Seismitoad, M|
|poke|p1|Keldeo-Resolute|
|poke|p1|Jirachi|
|poke|p2|Hydreigon, F|
|poke|p2|Cobalion|
|poke|p2|Azumarill, M|
|poke|p2|Tangrowth, M|
|poke|p2|Moltres|
|poke|p2|Aegislash, F|
|teampreview
|inactive|Battle timer is ON: inactive players will automatically lose when time's up. (requested by UULT91w cry)
|inactive|UULT91w udon has 120 seconds left.
|
|t:|1651626639
|start
|switch|p1a: Politoed|Politoed, F|100/100
|switch|p2a: Tangrowth|Tangrowth, M|100/100
|turn|1
|c|☆UULT91w udon|?
|inactive|UULT91w cry has 120 seconds left.
|inactive|UULT91w cry has 90 seconds left.
|
|t:|1651626722
|switch|p1a: Jirachi|Jirachi|100/100
|move|p2a: Tangrowth|Power Whip|p1a: Jirachi
|-resisted|p1a: Jirachi
|-crit|p1a: Jirachi
|-damage|p1a: Jirachi|75/100
|
|-heal|p1a: Jirachi|81/100|[from] item: Leftovers
|upkeep
|turn|2
|
|t:|1651626732
|move|p1a: Jirachi|Stealth Rock|p2a: Tangrowth
|-sidestart|p2: UULT91w udon|move: Stealth Rock
|move|p2a: Tangrowth|Knock Off|p1a: Jirachi
|-supereffective|p1a: Jirachi
|-damage|p1a: Jirachi|45/100
|-enditem|p1a: Jirachi|Leftovers|[from] move: Knock Off|[of] p2a: Tangrowth
|
|upkeep
|turn|3
|
|t:|1651626741
|move|p1a: Jirachi|U-turn|p2a: Tangrowth
|-supereffective|p2a: Tangrowth
|-damage|p2a: Tangrowth|77/100
|inactive|UULT91w cry has 90 seconds left.
|
|t:|1651626748
|switch|p1a: Politoed|Politoed, F|100/100|[from]move: U-turn
|move|p2a: Tangrowth|Power Whip|p1a: Politoed
|-supereffective|p1a: Politoed
|-damage|p1a: Politoed|0 fnt
|faint|p1a: Politoed
|
|upkeep
|inactive|UULT91w cry has 90 seconds left.
|
|t:|1651626758
|switch|p1a: Azumarill|Azumarill, M|100/100
|turn|4
|
|t:|1651626767
|move|p1a: Azumarill|Whirlpool|p2a: Tangrowth
|-resisted|p2a: Tangrowth
|-damage|p2a: Tangrowth|75/100
|-activate|p2a: Tangrowth|move: Whirlpool|[of] p1a: Azumarill
|move|p2a: Tangrowth|Power Whip|p1a: Azumarill
|-ability|p1a: Azumarill|Sap Sipper|boost
|-boost|p1a: Azumarill|atk|1
|
|-damage|p2a: Tangrowth|63/100|[from] move: Whirlpool|[partiallytrapped]
|upkeep
|turn|5
|
|t:|1651626778
|move|p1a: Azumarill|Perish Song|p1a: Azumarill
|-start|p1a: Azumarill|perish3|[silent]
|-start|p2a: Tangrowth|perish3|[silent]
|-fieldactivate|move: Perish Song
|move|p2a: Tangrowth|Sludge Bomb|p1a: Azumarill
|-supereffective|p1a: Azumarill
|-damage|p1a: Azumarill|53/100
|-status|p1a: Azumarill|psn
|
|-heal|p1a: Azumarill|60/100 psn|[from] item: Leftovers
|-damage|p1a: Azumarill|47/100 psn|[from] psn
|-damage|p2a: Tangrowth|50/100|[from] move: Whirlpool|[partiallytrapped]
|-start|p1a: Azumarill|perish3
|-start|p2a: Tangrowth|perish3
|upkeep
|turn|6
|
|t:|1651626782
|move|p1a: Azumarill|Protect|p1a: Azumarill
|-singleturn|p1a: Azumarill|Protect
|move|p2a: Tangrowth|Sludge Bomb|p1a: Azumarill
|-activate|p1a: Azumarill|move: Protect
|
|-heal|p1a: Azumarill|53/100 psn|[from] item: Leftovers
|-damage|p1a: Azumarill|41/100 psn|[from] psn
|-damage|p2a: Tangrowth|38/100|[from] move: Whirlpool|[partiallytrapped]
|-start|p1a: Azumarill|perish2
|-start|p2a: Tangrowth|perish2
|upkeep
|turn|7
|
|t:|1651626784
|move|p1a: Azumarill|Protect|p1a: Azumarill
|-singleturn|p1a: Azumarill|Protect
|move|p2a: Tangrowth|Sludge Bomb|p1a: Azumarill
|-activate|p1a: Azumarill|move: Protect
|
|-heal|p1a: Azumarill|47/100 psn|[from] item: Leftovers
|-damage|p1a: Azumarill|35/100 psn|[from] psn
|-damage|p2a: Tangrowth|25/100|[from] move: Whirlpool|[partiallytrapped]
|-start|p1a: Azumarill|perish1
|-start|p2a: Tangrowth|perish1
|upkeep
|turn|8
|
|t:|1651626805
|switch|p1a: Jirachi|Jirachi|45/100
|move|p2a: Tangrowth|Earthquake|p1a: Jirachi
|-supereffective|p1a: Jirachi
|-damage|p1a: Jirachi|4/100
|
|-end|p2a: Tangrowth|Whirlpool|[partiallytrapped]|[silent]
|-start|p2a: Tangrowth|perish0
|upkeep
|faint|p2a: Tangrowth
|
|t:|1651626812
|switch|p2a: Moltres|Moltres|100/100
|turn|9
|inactive|UULT91w cry has 120 seconds left.
|
|t:|1651626843
|switch|p1a: Keldeo|Keldeo-Resolute|100/100
|move|p2a: Moltres|Defog|p1a: Keldeo
|-unboost|p1a: Keldeo|evasion|1
|-sideend|p2: UULT91w udon|Stealth Rock|[from] move: Defog|[of] p2a: Moltres
|
|upkeep
|turn|10
|
|t:|1651626850
|switch|p2a: Azumarill|Azumarill, M|100/100
|move|p1a: Keldeo|Hydro Pump|p2a: Azumarill
|-resisted|p2a: Azumarill
|-damage|p2a: Azumarill|55/100
|
|upkeep
|turn|11
|
|t:|1651626856
|switch|p1a: Azumarill|Azumarill, M|35/100 psn
|move|p2a: Azumarill|Play Rough|p1a: Azumarill
|-damage|p1a: Azumarill|0 fnt
|faint|p1a: Azumarill
|
|upkeep
|
|t:|1651626862
|switch|p1a: Heliolisk|Heliolisk, F|100/100
|turn|12
|j| Juno
|inactive|UULT91w udon has 120 seconds left.
|
|t:|1651626892
|switch|p2a: Moltres|Moltres|100/100
|move|p1a: Heliolisk|Thunder|p2a: Moltres
|-supereffective|p2a: Moltres
|-damage|p2a: Moltres|0 fnt
|faint|p2a: Moltres
|-damage|p1a: Heliolisk|91/100|[from] item: Life Orb
|
|upkeep
|inactive|UULT91w udon has 120 seconds left.
|
|t:|1651626898
|switch|p2a: Cobalion|Cobalion|100/100
|turn|13
|
|t:|1651626905
|move|p1a: Heliolisk|Thunder|p2a: Cobalion|[miss]
|-miss|p1a: Heliolisk|p2a: Cobalion
|move|p2a: Cobalion|Close Combat|p1a: Heliolisk
|-supereffective|p1a: Heliolisk
|-damage|p1a: Heliolisk|0 fnt
|-unboost|p2a: Cobalion|def|1
|-unboost|p2a: Cobalion|spd|1
|faint|p1a: Heliolisk
|
|upkeep
|
|t:|1651626911
|switch|p1a: Keldeo|Keldeo-Resolute|100/100
|turn|14
|inactive|UULT91w udon has 120 seconds left.
|
|t:|1651626931
|move|p1a: Keldeo|Hydro Pump|p2a: Cobalion
|-damage|p2a: Cobalion|0 fnt
|faint|p2a: Cobalion
|
|upkeep
|
|t:|1651626933
|switch|p2a: Hydreigon|Hydreigon, F|100/100
|turn|15
|
|t:|1651626936
|move|p1a: Keldeo|Hydro Pump|p2a: Hydreigon
|-resisted|p2a: Hydreigon
|-damage|p2a: Hydreigon|55/100
|move|p2a: Hydreigon|Draco Meteor|p1a: Keldeo
|-damage|p1a: Keldeo|0 fnt
|-unboost|p2a: Hydreigon|spa|2
|faint|p1a: Keldeo
|
|upkeep
|
|t:|1651626947
|switch|p1a: Jirachi|Jirachi|4/100
|turn|16
|
|t:|1651626956
|switch|p2a: Aegislash|Aegislash, F|100/100
|move|p1a: Jirachi|U-turn|p2a: Aegislash
|-resisted|p2a: Aegislash
|-damage|p2a: Aegislash|98/100
|
|t:|1651626957
|switch|p1a: Seismitoad|Seismitoad, M|100/100|[from]move: U-turn
|
|upkeep
|turn|17
|
|t:|1651626962
|move|p1a: Seismitoad|Earthquake|p2a: Aegislash
|-supereffective|p2a: Aegislash
|-damage|p2a: Aegislash|29/100
|-formechange|p2a: Aegislash|Aegislash-Blade||[from] ability: Stance Change
|move|p2a: Aegislash|Shadow Ball|p1a: Seismitoad
|-damage|p1a: Seismitoad|24/100
|-unboost|p1a: Seismitoad|spd|1
|-damage|p2a: Aegislash|19/100|[from] item: Life Orb
|
|upkeep
|turn|18
|
|t:|1651626966
|move|p2a: Aegislash|Shadow Sneak|p1a: Seismitoad
|-damage|p1a: Seismitoad|0 fnt
|faint|p1a: Seismitoad
|-damage|p2a: Aegislash|9/100|[from] item: Life Orb
|
|upkeep
|-message|UULT91w cry forfeited.
|
|win|UULT91w udon
|raw|UULT91w cry's rating: 1384 &rarr; <strong>1361</strong><br />(-23 for losing)
|raw|UULT91w udon's rating: 1326 &rarr; <strong>1349</strong><br />(+23 for winning)
|l|☆UULT91w cry
|l| Juno
||Ladder isn't responding, score probably updated but might not have (Request timeout).
