|j|☆CynthiaBlueheart
|j|☆Ba27
|t:|1664484397
|gametype|singles
|player|p1|CynthiaBlueheart|clair|1443
|player|p2|Ba27|clair|1371
|teamsize|p1|6
|teamsize|p2|6
|gen|8
|tier|[Gen 8] UU
|rated|
|rule|Sleep Clause Mod: Limit one foe put to sleep
|rule|Species Clause: Limit one of each Pokémon
|rule|OHKO Clause: OHKO moves are banned
|rule|Evasion Items Clause: Evasion items are banned
|rule|Evasion Moves Clause: Evasion moves are banned
|rule|Endless Battle Clause: Forcing endless battles is banned
|rule|HP Percentage Mod: HP is shown in percentages
|rule|Dynamax Clause: You cannot dynamax
|clearpoke
|poke|p1|Amoonguss, F|
|poke|p1|Tangrowth, F|
|poke|p1|Slowking, F|
|poke|p1|Umbreon, F|
|poke|p1|Excadrill, F|
|poke|p1|Skarmory, F|
|poke|p2|Kingdra, M|
|poke|p2|Politoed, F|
|poke|p2|Seismitoad, M|
|poke|p2|Suicune|
|poke|p2|Starmie|
|poke|p2|Blastoise, M|
|teampreview
|inactive|Battle timer is ON: inactive players will automatically lose when time's up. (requested by CynthiaBlueheart)
|
|t:|1664484417
|start
|switch|p1a: Excadrill|Excadrill, F|100/100
|switch|p2a: Blastoise|Blastoise, M|100/100
|-ability|p1a: Excadrill|Mold Breaker
|turn|1
|
|t:|1664484424
|move|p2a: Blastoise|Shell Smash|p2a: Blastoise
|-unboost|p2a: Blastoise|def|1
|-unboost|p2a: Blastoise|spd|1
|-boost|p2a: Blastoise|atk|2
|-boost|p2a: Blastoise|spa|2
|-boost|p2a: Blastoise|spe|2
|-enditem|p2a: Blastoise|White Herb
|-clearnegativeboost|p2a: Blastoise|[silent]
|move|p1a: Excadrill|Stealth Rock|p2a: Blastoise
|-sidestart|p2: Ba27|move: Stealth Rock
|
|upkeep
|turn|2
|
|t:|1664484433
|move|p2a: Blastoise|Surf|p1a: Excadrill
|-supereffective|p1a: Excadrill
|-damage|p1a: Excadrill|0 fnt
|faint|p1a: Excadrill
|
|upkeep
|
|t:|1664484438
|switch|p1a: Amoonguss|Amoonguss, F|100/100
|turn|3
|
|t:|1664484441
|move|p2a: Blastoise|Ice Beam|p1a: Amoonguss
|-supereffective|p1a: Amoonguss
|-damage|p1a: Amoonguss|25/100
|move|p1a: Amoonguss|Giga Drain|p2a: Blastoise
|-supereffective|p2a: Blastoise
|-damage|p2a: Blastoise|54/100
|-heal|p1a: Amoonguss|43/100|[from] drain|[of] p2a: Blastoise
|
|-heal|p1a: Amoonguss|49/100|[from] item: Black Sludge
|upkeep
|turn|4
|
|t:|1664484451
|switch|p1a: Slowking|Slowking, F|100/100
|move|p2a: Blastoise|Ice Beam|p1a: Slowking
|-resisted|p1a: Slowking
|-damage|p1a: Slowking|84/100
|
|-heal|p1a: Slowking|90/100|[from] item: Leftovers
|upkeep
|turn|5
|
|t:|1664484460
|move|p2a: Blastoise|Dark Pulse|p1a: Slowking
|-supereffective|p1a: Slowking
|-damage|p1a: Slowking|36/100
|move|p1a: Slowking|Toxic|p2a: Blastoise|[miss]
|-miss|p1a: Slowking|p2a: Blastoise
|
|-heal|p1a: Slowking|42/100|[from] item: Leftovers
|upkeep
|turn|6
|
|t:|1664484468
|switch|p1a: Amoonguss|Amoonguss, F|82/100
|move|p2a: Blastoise|Dark Pulse|p1a: Amoonguss
|-damage|p1a: Amoonguss|50/100
|
|-heal|p1a: Amoonguss|56/100|[from] item: Black Sludge
|upkeep
|turn|7
|
|t:|1664484476
|switch|p1a: Slowking|Slowking, F|76/100
|move|p2a: Blastoise|Ice Beam|p1a: Slowking
|-resisted|p1a: Slowking
|-damage|p1a: Slowking|61/100
|
|-heal|p1a: Slowking|67/100|[from] item: Leftovers
|upkeep
|turn|8
|
|t:|1664484493
|switch|p1a: Amoonguss|Amoonguss, F|89/100
|move|p2a: Blastoise|Dark Pulse|p1a: Amoonguss
|-crit|p1a: Amoonguss
|-damage|p1a: Amoonguss|38/100
|
|-heal|p1a: Amoonguss|44/100|[from] item: Black Sludge
|upkeep
|turn|9
|
|t:|1664484504
|switch|p1a: Slowking|Slowking, F|100/100
|move|p2a: Blastoise|Ice Beam|p1a: Slowking
|-resisted|p1a: Slowking
|-damage|p1a: Slowking|85/100
|
|-heal|p1a: Slowking|91/100|[from] item: Leftovers
|upkeep
|turn|10
|
|t:|1664484512
|move|p2a: Blastoise|Dark Pulse|p1a: Slowking
|-supereffective|p1a: Slowking
|-crit|p1a: Slowking
|-damage|p1a: Slowking|8/100
|move|p1a: Slowking|Toxic|p2a: Blastoise|[miss]
|-miss|p1a: Slowking|p2a: Blastoise
|
|-heal|p1a: Slowking|14/100|[from] item: Leftovers
|upkeep
|turn|11
|c|☆CynthiaBlueheart|So lucky
|
|t:|1664484527
|switch|p1a: Amoonguss|Amoonguss, F|77/100
|move|p2a: Blastoise|Ice Beam|p1a: Amoonguss
|-supereffective|p1a: Amoonguss
|-damage|p1a: Amoonguss|0 fnt
|faint|p1a: Amoonguss
|
|upkeep
|
|t:|1664484530
|switch|p1a: Skarmory|Skarmory, F|100/100
|turn|12
|c|☆Ba27|Switch in master
|
|t:|1664484546
|move|p2a: Blastoise|Surf|p1a: Skarmory
|-damage|p1a: Skarmory|2/100
|move|p1a: Skarmory|Whirlwind|p2a: Blastoise
|drag|p2a: Starmie|Starmie|100/100
|-damage|p2a: Starmie|88/100|[from] Stealth Rock
|
|-heal|p1a: Skarmory|8/100|[from] item: Leftovers
|upkeep
|turn|13
|
|t:|1664484574
|switch|p1a: Slowking|Slowking, F|47/100
|move|p2a: Starmie|Ice Beam|p1a: Slowking
|-resisted|p1a: Slowking
|-damage|p1a: Slowking|33/100
|-damage|p2a: Starmie|78/100|[from] item: Life Orb
|
|-heal|p1a: Slowking|39/100|[from] item: Leftovers
|upkeep
|turn|14
|
|t:|1664484584
|switch|p1a: Tangrowth|Tangrowth, F|100/100
|move|p2a: Starmie|Hydro Pump|p1a: Tangrowth|[miss]
|-miss|p2a: Starmie|p1a: Tangrowth
|
|upkeep
|turn|15
|
|t:|1664484592
|switch|p1a: Slowking|Slowking, F|73/100
|move|p2a: Starmie|Ice Beam|p1a: Slowking
|-resisted|p1a: Slowking
|-damage|p1a: Slowking|60/100
|-damage|p2a: Starmie|68/100|[from] item: Life Orb
|
|-heal|p1a: Slowking|66/100|[from] item: Leftovers
|upkeep
|turn|16
|
|t:|1664484601
|move|p2a: Starmie|Thunder|p1a: Slowking
|-supereffective|p1a: Slowking
|-damage|p1a: Slowking|16/100
|-damage|p2a: Starmie|59/100|[from] item: Life Orb
|move|p1a: Slowking|Slack Off|p1a: Slowking
|-heal|p1a: Slowking|66/100
|
|-heal|p1a: Slowking|72/100|[from] item: Leftovers
|upkeep
|turn|17
|
|t:|1664484611
|move|p2a: Starmie|Thunder|p1a: Slowking
|-supereffective|p1a: Slowking
|-damage|p1a: Slowking|20/100
|-damage|p2a: Starmie|49/100|[from] item: Life Orb
|move|p1a: Slowking|Slack Off|p1a: Slowking
|-heal|p1a: Slowking|70/100
|
|-heal|p1a: Slowking|76/100|[from] item: Leftovers
|upkeep
|turn|18
|
|t:|1664484621
|move|p2a: Starmie|Thunder|p1a: Slowking
|-supereffective|p1a: Slowking
|-damage|p1a: Slowking|27/100
|-damage|p2a: Starmie|39/100|[from] item: Life Orb
|move|p1a: Slowking|Slack Off|p1a: Slowking
|-heal|p1a: Slowking|77/100
|
|-heal|p1a: Slowking|83/100|[from] item: Leftovers
|upkeep
|turn|19
|c|☆Ba27|Im getting sleepy
|
|t:|1664484636
|move|p2a: Starmie|Thunder|p1a: Slowking
|-supereffective|p1a: Slowking
|-damage|p1a: Slowking|36/100
|-damage|p2a: Starmie|29/100|[from] item: Life Orb
|move|p1a: Slowking|Slack Off|p1a: Slowking
|-heal|p1a: Slowking|86/100
|
|-heal|p1a: Slowking|92/100|[from] item: Leftovers
|upkeep
|turn|20
|
|t:|1664484646
|switch|p1a: Tangrowth|Tangrowth, F|100/100
|move|p2a: Starmie|Thunder|p1a: Tangrowth|[miss]
|-miss|p2a: Starmie|p1a: Tangrowth
|
|upkeep
|turn|21
|
|t:|1664484660
|switch|p1a: Slowking|Slowking, F|100/100
|move|p2a: Starmie|Thunder|p1a: Slowking
|-supereffective|p1a: Slowking
|-damage|p1a: Slowking|30/100
|-status|p1a: Slowking|par
|-damage|p2a: Starmie|19/100|[from] item: Life Orb
|
|-heal|p1a: Slowking|36/100 par|[from] item: Leftovers
|upkeep
|turn|22
|inactive|CynthiaBlueheart has 120 seconds left.
|c|☆Ba27|You know you can use one of your 4 attacks right?
|
|t:|1664484710
|switch|p1a: Tangrowth|Tangrowth, F|100/100
|move|p2a: Starmie|Ice Beam|p1a: Tangrowth
|-supereffective|p1a: Tangrowth
|-damage|p1a: Tangrowth|0 fnt
|faint|p1a: Tangrowth
|-damage|p2a: Starmie|9/100|[from] item: Life Orb
|
|upkeep
|c|☆CynthiaBlueheart|Yes
|c|☆Ba27|Oh ok
|c|☆CynthiaBlueheart|You know that you are super luckyv
|inactive|CynthiaBlueheart has 90 seconds left.
|c|☆CynthiaBlueheart|???
|
|t:|1664484734
|switch|p1a: Skarmory|Skarmory, F|8/100
|turn|23
|c|☆Ba27|Ya sure
|
|t:|1664484742
|move|p2a: Starmie|Psychic|p1a: Skarmory
|-resisted|p1a: Skarmory
|-damage|p1a: Skarmory|0 fnt
|faint|p1a: Skarmory
|-damage|p2a: Starmie|0 fnt|[from] item: Life Orb
|faint|p2a: Starmie
|
|upkeep
|c|☆CynthiaBlueheart|Can we battle after this so hopefully you don’t get as lucky?
|
|t:|1664484760
|switch|p2a: Suicune|Suicune, shiny|100/100
|switch|p1a: Slowking|Slowking, F|69/100 par
|-damage|p2a: Suicune|88/100|[from] Stealth Rock
|-ability|p2a: Suicune|Pressure
|turn|24
|
|t:|1664484786
|move|p2a: Suicune|Calm Mind|p2a: Suicune
|-boost|p2a: Suicune|spa|1
|-boost|p2a: Suicune|spd|1
|move|p1a: Slowking|Toxic|p2a: Suicune
|-status|p2a: Suicune|tox
|
|-heal|p2a: Suicune|94/100 tox|[from] item: Leftovers
|-heal|p1a: Slowking|75/100 par|[from] item: Leftovers
|-damage|p2a: Suicune|88/100 tox|[from] psn
|upkeep
|turn|25
|c|☆Ba27|Naw im good
|inactive|CynthiaBlueheart has 90 seconds left.
|c|☆CynthiaBlueheart|I say your luck because you didn’t miss any thunders outside of rain and you used like 8 and got 2 crits and dodged 2 toxics
|
|t:|1664484830
|move|p2a: Suicune|Calm Mind|p2a: Suicune
|-boost|p2a: Suicune|spa|1
|-boost|p2a: Suicune|spd|1
|move|p1a: Slowking|Slack Off|p1a: Slowking
|-heal|p1a: Slowking|100/100 par
|
|-heal|p2a: Suicune|94/100 tox|[from] item: Leftovers
|-damage|p2a: Suicune|82/100 tox|[from] psn
|upkeep
|turn|26
|c|☆Ba27|It is what it is
|inactive|Ba27 has 120 seconds left.
|
|t:|1664484847
|move|p2a: Suicune|Calm Mind|p2a: Suicune
|-boost|p2a: Suicune|spa|1
|-boost|p2a: Suicune|spd|1
|move|p1a: Slowking|Teleport|p1a: Slowking
|
|t:|1664484855
|switch|p1a: Umbreon|Umbreon, F|100/100|[from]move: Teleport
|
|-heal|p2a: Suicune|88/100 tox|[from] item: Leftovers
|-damage|p2a: Suicune|70/100 tox|[from] psn
|upkeep
|turn|27
|c|☆Ba27|Its happened to me before
|c|☆Ba27|No need to cry
|
|t:|1664484868
|move|p2a: Suicune|Scald|p1a: Umbreon
|-damage|p1a: Umbreon|50/100
|move|p1a: Umbreon|Wish|p1a: Umbreon
|
|-heal|p2a: Suicune|76/100 tox|[from] item: Leftovers
|-heal|p1a: Umbreon|56/100|[from] item: Leftovers
|-damage|p2a: Suicune|51/100 tox|[from] psn
|upkeep
|turn|28
|c|☆CynthiaBlueheart|I’m not crying
|
|t:|1664484879
|move|p1a: Umbreon|Protect|p1a: Umbreon
|-singleturn|p1a: Umbreon|Protect
|move|p2a: Suicune|Scald|p1a: Umbreon
|-activate|p1a: Umbreon|move: Protect
|
|-heal|p1a: Umbreon|100/100|[from] move: Wish|[wisher] Umbreon
|-heal|p2a: Suicune|57/100 tox|[from] item: Leftovers
|-damage|p2a: Suicune|27/100 tox|[from] psn
|upkeep
|turn|29
|c|☆Ba27|Ya you are
|
|t:|1664484892
|move|p2a: Suicune|Ice Beam|p1a: Umbreon
|-damage|p1a: Umbreon|60/100
|move|p1a: Umbreon|Wish|p1a: Umbreon
|
|-heal|p2a: Suicune|33/100 tox|[from] item: Leftovers
|-heal|p1a: Umbreon|66/100|[from] item: Leftovers
|-damage|p2a: Suicune|0 fnt|[from] psn
|faint|p2a: Suicune
|upkeep
|inactive|Ba27 has 120 seconds left.
|
|t:|1664484908
|switch|p2a: Seismitoad|Seismitoad, M|100/100
|-damage|p2a: Seismitoad|95/100|[from] Stealth Rock
|turn|30
|inactive|Ba27 has 120 seconds left.
|
|t:|1664484931
|move|p2a: Seismitoad|Liquidation|p1a: Umbreon
|-damage|p1a: Umbreon|38/100
|move|p1a: Umbreon|Foul Play|p2a: Seismitoad
|-damage|p2a: Seismitoad|39/100
|
|-heal|p1a: Umbreon|88/100|[from] move: Wish|[wisher] Umbreon
|-heal|p2a: Seismitoad|45/100|[from] item: Leftovers
|-heal|p1a: Umbreon|94/100|[from] item: Leftovers
|upkeep
|turn|31
|
|t:|1664484942
|move|p2a: Seismitoad|Stealth Rock|p1a: Umbreon
|-sidestart|p1: CynthiaBlueheart|move: Stealth Rock
|move|p1a: Umbreon|Wish|p1a: Umbreon
|
|-heal|p2a: Seismitoad|51/100|[from] item: Leftovers
|-heal|p1a: Umbreon|100/100|[from] item: Leftovers
|upkeep
|turn|32
|
|t:|1664484951
|move|p2a: Seismitoad|Earthquake|p1a: Umbreon
|-damage|p1a: Umbreon|73/100
|move|p1a: Umbreon|Foul Play|p2a: Seismitoad
|-damage|p2a: Seismitoad|0 fnt
|faint|p2a: Seismitoad
|
|-heal|p1a: Umbreon|100/100|[from] move: Wish|[wisher] Umbreon
|upkeep
|
|t:|1664484969
|switch|p2a: Blastoise|Blastoise, M|54/100
|-damage|p2a: Blastoise|42/100|[from] Stealth Rock
|turn|33
|
|t:|1664484976
|move|p2a: Blastoise|Shell Smash|p2a: Blastoise
|-unboost|p2a: Blastoise|def|1
|-unboost|p2a: Blastoise|spd|1
|-boost|p2a: Blastoise|atk|2
|-boost|p2a: Blastoise|spa|2
|-boost|p2a: Blastoise|spe|2
|move|p1a: Umbreon|Foul Play|p2a: Blastoise
|-damage|p2a: Blastoise|0 fnt
|faint|p2a: Blastoise
|
|upkeep
|
|t:|1664484987
|switch|p2a: Politoed|Politoed, F, shiny|100/100
|-damage|p2a: Politoed|88/100|[from] Stealth Rock
|-weather|RainDance|[from] ability: Drizzle|[of] p2a: Politoed
|turn|34
|
|t:|1664484993
|switch|p2a: Kingdra|Kingdra, M, shiny|100/100
|-damage|p2a: Kingdra|88/100|[from] Stealth Rock
|switch|p1a: Slowking|Slowking, F|100/100 par
|-damage|p1a: Slowking|88/100 par|[from] Stealth Rock
|
|-weather|RainDance|[upkeep]
|-heal|p1a: Slowking|94/100 par|[from] item: Leftovers
|upkeep
|turn|35
|
|t:|1664485003
|move|p2a: Kingdra|Surf|p1a: Slowking
|-resisted|p1a: Slowking
|-damage|p1a: Slowking|68/100 par
|move|p1a: Slowking|Toxic|p2a: Kingdra
|-status|p2a: Kingdra|tox
|
|-weather|RainDance|[upkeep]
|-heal|p1a: Slowking|74/100 par|[from] item: Leftovers
|-damage|p2a: Kingdra|82/100 tox|[from] psn
|upkeep
|turn|36
|
|t:|1664485013
|move|p2a: Kingdra|Surf|p1a: Slowking
|-resisted|p1a: Slowking
|-damage|p1a: Slowking|48/100 par
|move|p1a: Slowking|Teleport|p1a: Slowking
|
|t:|1664485019
|switch|p1a: Umbreon|Umbreon, F|100/100|[from]move: Teleport
|-damage|p1a: Umbreon|88/100|[from] Stealth Rock
|
|-weather|RainDance|[upkeep]
|-heal|p1a: Umbreon|94/100|[from] item: Leftovers
|-damage|p2a: Kingdra|70/100 tox|[from] psn
|upkeep
|turn|37
|
|t:|1664485028
|move|p1a: Umbreon|Protect|p1a: Umbreon
|-singleturn|p1a: Umbreon|Protect
|move|p2a: Kingdra|Surf|p1a: Umbreon
|-activate|p1a: Umbreon|move: Protect
|
|-weather|RainDance|[upkeep]
|-heal|p1a: Umbreon|99/100|[from] item: Leftovers
|-damage|p2a: Kingdra|51/100 tox|[from] psn
|upkeep
|turn|38
|inactive|Ba27 has 120 seconds left.
|c|☆Ba27|This is probably the most boring game ive ever played
|
|t:|1664485052
|move|p2a: Kingdra|Surf|p1a: Umbreon
|-damage|p1a: Umbreon|47/100
|move|p1a: Umbreon|Wish|p1a: Umbreon
|
|-weather|RainDance|[upkeep]
|-heal|p1a: Umbreon|53/100|[from] item: Leftovers
|-damage|p2a: Kingdra|26/100 tox|[from] psn
|upkeep
|turn|39
|inactive|Ba27 has 120 seconds left.
|
|t:|1664485062
|move|p1a: Umbreon|Protect|p1a: Umbreon
|-singleturn|p1a: Umbreon|Protect
|move|p2a: Kingdra|Surf|p1a: Umbreon
|-activate|p1a: Umbreon|move: Protect
|
|-weather|RainDance|[upkeep]
|-heal|p1a: Umbreon|100/100|[from] move: Wish|[wisher] Umbreon
|-damage|p2a: Kingdra|0 fnt|[from] psn
|faint|p2a: Kingdra
|upkeep
|inactive|Ba27 has 120 seconds left.
|
|t:|1664485072
|switch|p2a: Politoed|Politoed, F, shiny|88/100
|-damage|p2a: Politoed|75/100|[from] Stealth Rock
|turn|40
|inactive|Ba27 has 120 seconds left.
|c|☆CynthiaBlueheart|It’s also the most competitive one too
|
|t:|1664485084
|switch|p1a: Slowking|Slowking, F|81/100 par
|-damage|p1a: Slowking|69/100 par|[from] Stealth Rock
|move|p2a: Politoed|Hydro Pump|p1a: Slowking
|-resisted|p1a: Slowking
|-damage|p1a: Slowking|51/100 par
|
|-weather|RainDance|[upkeep]
|-heal|p1a: Slowking|57/100 par|[from] item: Leftovers
|upkeep
|turn|41
|inactive|Ba27 has 120 seconds left.
|
|t:|1664485100
|move|p2a: Politoed|Ice Beam|p1a: Slowking
|-resisted|p1a: Slowking
|-damage|p1a: Slowking|51/100 par
|move|p1a: Slowking|Toxic|p2a: Politoed
|-status|p2a: Politoed|tox
|
|-weather|none
|-heal|p1a: Slowking|58/100 par|[from] item: Leftovers
|-damage|p2a: Politoed|69/100 tox|[from] psn
|upkeep
|turn|42
|inactive|Ba27 has 120 seconds left.
|c|☆Ba27|Ggs
|
|t:|1664485111
|move|p2a: Politoed|Psychic|p1a: Slowking
|-resisted|p1a: Slowking
|-damage|p1a: Slowking|51/100 par
|move|p1a: Slowking|Slack Off|p1a: Slowking
|-heal|p1a: Slowking|100/100 par
|
|-damage|p2a: Politoed|57/100 tox|[from] psn
|upkeep
|turn|43
|inactive|Ba27 has 120 seconds left.
|
|t:|1664485120
|move|p2a: Politoed|Perish Song|p2a: Politoed
|-start|p1a: Slowking|perish3|[silent]
|-start|p2a: Politoed|perish3|[silent]
|-fieldactivate|move: Perish Song
|move|p1a: Slowking|Teleport|p1a: Slowking
|
|t:|1664485124
|switch|p1a: Umbreon|Umbreon, F|100/100|[from]move: Teleport
|-damage|p1a: Umbreon|88/100|[from] Stealth Rock
|
|-heal|p1a: Umbreon|94/100|[from] item: Leftovers
|-damage|p2a: Politoed|38/100 tox|[from] psn
|-start|p2a: Politoed|perish3
|upkeep
|turn|44
|
|t:|1664485135
|move|p1a: Umbreon|Protect|p1a: Umbreon
|-singleturn|p1a: Umbreon|Protect
|move|p2a: Politoed|Hydro Pump|p1a: Umbreon
|-activate|p1a: Umbreon|move: Protect
|
|-heal|p1a: Umbreon|99/100|[from] item: Leftovers
|-damage|p2a: Politoed|13/100 tox|[from] psn
|-start|p2a: Politoed|perish2
|upkeep
|turn|45
|c|☆CynthiaBlueheart|You are facing stal
|c|☆CynthiaBlueheart|stall
|inactive|Ba27 has 120 seconds left.
|c|☆Ba27|You dont say
|c|☆Ba27|Your a genius
|c|☆Ba27|Man plays like his life is at stake
|c|☆CynthiaBlueheart|You’re*
|
|t:|1664485176
|move|p2a: Politoed|Hydro Pump|p1a: Umbreon
|-crit|p1a: Umbreon
|-damage|p1a: Umbreon|66/100
|move|p1a: Umbreon|Foul Play|p2a: Politoed
|-damage|p2a: Politoed|0 fnt
|faint|p2a: Politoed
|
|win|CynthiaBlueheart
|raw|CynthiaBlueheart's rating: 1443 &rarr; <strong>1459</strong><br />(+16 for winning)
|raw|Ba27's rating: 1371 &rarr; <strong>1355</strong><br />(-16 for losing)
|c|☆CynthiaBlueheart|im a girl ^^
