|j|☆Cluster123
|j|☆blakerocksblake
|t:|1609056532
|player|p1|Cluster123|thorton|
|player|p2|blakerocksblake|101|
|teamsize|p1|6
|teamsize|p2|6
|gametype|singles
|gen|8
|tier|[Gen 8] UU
|rated|Tournament battle
|clearpoke
|poke|p1|Polteageist|
|poke|p1|Xatu, F|
|poke|p1|Blaziken, M|
|poke|p1|Alakazam, F|
|poke|p1|Cloyster, M|
|poke|p1|Indeedee, M|
|poke|p2|Regieleki|
|poke|p2|Mamoswine, M|
|poke|p2|Slowking, F|
|poke|p2|Tangrowth, M|
|poke|p2|Jirachi|
|poke|p2|Salamence, M|
|rule|Sleep Clause Mod: Limit one foe put to sleep
|rule|Species Clause: Limit one of each Pokémon
|rule|OHKO Clause: OHKO moves are banned
|rule|Evasion Moves Clause: Evasion moves are banned
|rule|Endless Battle Clause: Forcing endless battles is banned
|rule|HP Percentage Mod: HP is shown in percentages
|rule|Dynamax Clause: You cannot dynamax
|teampreview
|j|*Lady Monita ❄
|j| Xasah❤︎Bae
|j|%iph
|
|t:|1609056545
|start
|switch|p1a: Indeedee|Indeedee, M|100/100
|switch|p2a: Regieleki|Regieleki|100/100
|-fieldstart|move: Psychic Terrain|[from] ability: Psychic Surge|[of] p1a: Indeedee
|turn|1
|
|t:|1609056553
|move|p2a: Regieleki|Volt Switch|p1a: Indeedee
|-damage|p1a: Indeedee|0 fnt
|faint|p1a: Indeedee
|j| pokemon vs you
|
|t:|1609056558
|switch|p2a: Jirachi|Jirachi|100/100|[from]move: Volt Switch
|
|upkeep
|c|☆blakerocksblake|balanced
|
|t:|1609056577
|switch|p1a: Blaziken|Blaziken, M, shiny|100/100
|turn|2
|j|@Rach
|
|t:|1609056584
|move|p2a: Jirachi|U-turn|p1a: Blaziken
|-resisted|p1a: Blaziken
|-damage|p1a: Blaziken|93/100
|
|t:|1609056589
|switch|p2a: Slowking|Slowking, F|100/100|[from]move: U-turn
|move|p1a: Blaziken|Swords Dance|p1a: Blaziken
|-boost|p1a: Blaziken|atk|2
|
|-ability|p1a: Blaziken|Speed Boost|boost
|-boost|p1a: Blaziken|spe|1
|upkeep
|turn|3
|
|t:|1609056597
|move|p1a: Blaziken|Endure|p1a: Blaziken
|-singleturn|p1a: Blaziken|move: Endure
|move|p2a: Slowking|Future Sight|p1a: Blaziken
|-start|p2a: Slowking|move: Future Sight
|
|-ability|p1a: Blaziken|Speed Boost|boost
|-boost|p1a: Blaziken|spe|1
|upkeep
|turn|4
|
|t:|1609056607
|move|p1a: Blaziken|Swords Dance|p1a: Blaziken
|-boost|p1a: Blaziken|atk|2
|move|p2a: Slowking|Scald|p1a: Blaziken
|-supereffective|p1a: Blaziken
|-damage|p1a: Blaziken|13/100
|
|-ability|p1a: Blaziken|Speed Boost|boost
|-boost|p1a: Blaziken|spe|1
|upkeep
|turn|5
|
|t:|1609056616
|move|p1a: Blaziken|Endure|p1a: Blaziken
|-singleturn|p1a: Blaziken|move: Endure
|move|p2a: Slowking|Slack Off||[still]
|-fail|p2a: Slowking|heal
|
|-end|p1a: Blaziken|move: Future Sight
|-supereffective|p1a: Blaziken
|-damage|p1a: Blaziken|0 fnt
|faint|p1a: Blaziken
|upkeep
|
|t:|1609056640
|switch|p1a: Alakazam|Alakazam, F|100/100
|turn|6
|c|☆Cluster123|Endure doesnt work on FS
|c|☆Cluster123|interesting
|c|☆blakerocksblake|guess not
|
|t:|1609056660
|switch|p2a: Tangrowth|Tangrowth, M|100/100
|move|p1a: Alakazam|Nasty Plot|p1a: Alakazam
|-boost|p1a: Alakazam|spa|2
|
|upkeep
|turn|7
|
|t:|1609056667
|move|p1a: Alakazam|Expanding Force|p2a: Tangrowth
|-crit|p2a: Tangrowth
|-damage|p2a: Tangrowth|0 fnt
|faint|p2a: Tangrowth
|
|upkeep
|c|☆blakerocksblake|wow
|
|t:|1609056687
|switch|p2a: Regieleki|Regieleki|100/100
|turn|8
|j| Meatie Treatie
|
|t:|1609056697
|move|p2a: Regieleki|Volt Switch|p1a: Alakazam
|-enditem|p1a: Alakazam|Focus Sash
|-damage|p1a: Alakazam|1/100
|
|t:|1609056705
|switch|p2a: Slowking|Slowking, F|100/100|[from]move: Volt Switch
|move|p1a: Alakazam|Expanding Force|p2a: Slowking
|-resisted|p2a: Slowking
|-damage|p2a: Slowking|35/100
|
|-fieldend|move: Psychic Terrain
|upkeep
|turn|9
|
|t:|1609056713
|move|p1a: Alakazam|Expanding Force|p2a: Slowking
|-resisted|p2a: Slowking
|-damage|p2a: Slowking|3/100
|move|p2a: Slowking|Scald|p1a: Alakazam
|-damage|p1a: Alakazam|0 fnt
|faint|p1a: Alakazam
|
|upkeep
|j|%MalMoonsault
|
|t:|1609056722
|switch|p1a: Xatu|Xatu, F|100/100
|turn|10
|l|%MalMoonsault
|
|t:|1609056726
|move|p1a: Xatu|Night Shade|p2a: Slowking
|-damage|p2a: Slowking|0 fnt
|faint|p2a: Slowking
|
|upkeep
|
|t:|1609056729
|switch|p2a: Regieleki|Regieleki|100/100
|turn|11
|j| pokemonerxyz
|
|t:|1609056734
|move|p2a: Regieleki|Volt Switch|p1a: Xatu
|-supereffective|p1a: Xatu
|-damage|p1a: Xatu|0 fnt
|faint|p1a: Xatu
|
|t:|1609056755
|switch|p2a: Salamence|Salamence, M|100/100|[from]move: Volt Switch
|
|upkeep
|
|t:|1609056767
|switch|p1a: Cloyster|Cloyster, M|100/100
|turn|12
|
|t:|1609056770
|move|p2a: Salamence|Draco Meteor|p1a: Cloyster
|-enditem|p1a: Cloyster|Focus Sash
|-damage|p1a: Cloyster|1/100
|-unboost|p2a: Salamence|spa|2
|move|p1a: Cloyster|Shell Smash|p1a: Cloyster
|-unboost|p1a: Cloyster|def|1
|-unboost|p1a: Cloyster|spd|1
|-boost|p1a: Cloyster|atk|2
|-boost|p1a: Cloyster|spa|2
|-boost|p1a: Cloyster|spe|2
|
|upkeep
|turn|13
|
|t:|1609056785
|move|p1a: Cloyster|Icicle Spear|p2a: Salamence
|-supereffective|p2a: Salamence
|-damage|p2a: Salamence|5/100
|-supereffective|p2a: Salamence
|-damage|p2a: Salamence|0 fnt
|-hitcount|p2a: Salamence|2
|faint|p2a: Salamence
|
|upkeep
|l| Meatie Treatie
|
|t:|1609056790
|switch|p2a: Mamoswine|Mamoswine, M|100/100
|turn|14
|
|t:|1609056796
|move|p2a: Mamoswine|Ice Shard|p1a: Cloyster
|-resisted|p1a: Cloyster
|-damage|p1a: Cloyster|0 fnt
|-damage|p2a: Mamoswine|91/100|[from] item: Life Orb
|faint|p1a: Cloyster
|
|upkeep
|
|t:|1609056802
|switch|p1a: Polteageist|Polteageist|100/100
|turn|15
|c|☆blakerocksblake|gg
|
|t:|1609056808
|move|p1a: Polteageist|Giga Drain|p2a: Mamoswine
|-supereffective|p2a: Mamoswine
|-damage|p2a: Mamoswine|19/100
|move|p2a: Mamoswine|Knock Off|p1a: Polteageist
|-supereffective|p1a: Polteageist
|-enditem|p1a: Polteageist|Focus Sash
|-damage|p1a: Polteageist|1/100
|-ability|p1a: Polteageist|Weak Armor|boost
|-unboost|p1a: Polteageist|def|1
|-boost|p1a: Polteageist|spe|2
|-damage|p2a: Mamoswine|9/100|[from] item: Life Orb
|
|upkeep
|turn|16
|c|☆Cluster123|gg
|
|t:|1609056818
|move|p2a: Mamoswine|Ice Shard|p1a: Polteageist
|-crit|p1a: Polteageist
|-damage|p1a: Polteageist|0 fnt
|-damage|p2a: Mamoswine|0 fnt|[from] item: Life Orb
|faint|p1a: Polteageist
|faint|p2a: Mamoswine
|
|win|blakerocksblake
|n|☆Cluster123|cluster123
|n|☆blakerocksblake|blakerocksblake
|n|*Lady Monita ❄|ladymonita
|n| Xasah❤︎Bae|xasahbae
|n| iph|iph
|n| pokemon vs you|pokemonvsyou
|n|@Rach|rach
|n| pokemonerxyz|pokemonerxyz
