|j|☆Stnecoldjaneausten
|j|☆who is lilou
|t:|1665595293
|gametype|singles
|player|p1|Stnecoldjaneausten|170|1434
|player|p2|who is lilou|lucas-gen4pt|1429
|teamsize|p1|6
|teamsize|p2|6
|gen|8
|tier|[Gen 8] UU
|rated|
|rule|Sleep Clause Mod: Limit one foe put to sleep
|rule|Species Clause: Limit one of each Pokémon
|rule|OHKO Clause: OHKO moves are banned
|rule|Evasion Items Clause: Evasion items are banned
|rule|Evasion Moves Clause: Evasion moves are banned
|rule|Endless Battle Clause: Forcing endless battles is banned
|rule|HP Percentage Mod: HP is shown in percentages
|rule|Dynamax Clause: You cannot dynamax
|clearpoke
|poke|p1|Zygarde-10%|
|poke|p1|Nihilego|
|poke|p1|Slowking, M|
|poke|p1|Zarude|
|poke|p1|Salamence, M|
|poke|p1|Cobalion|
|poke|p2|Scizor, F|
|poke|p2|Hydreigon, F|
|poke|p2|Jellicent, F|
|poke|p2|Hippowdon, F|
|poke|p2|Sylveon, F|
|poke|p2|Articuno|
|teampreview
|inactive|Battle timer is ON: inactive players will automatically lose when time's up. (requested by Stnecoldjaneausten)
|
|t:|1665595317
|start
|switch|p1a: Zarude|Zarude|100/100
|switch|p2a: daki|Sylveon, F|100/100
|turn|1
|
|t:|1665595323
|switch|p1a: Nihilego|Nihilego|100/100
|move|p2a: daki|Protect||[still]
|-fail|p2a: daki
|
|upkeep
|turn|2
|
|t:|1665595331
|switch|p2a: supreme|Scizor, F|100/100
|move|p1a: Nihilego|Stealth Rock|p2a: supreme
|-sidestart|p2: who is lilou|move: Stealth Rock
|
|upkeep
|turn|3
|j| PKMisnotfun
|
|t:|1665595337
|switch|p1a: Salamence|Salamence, M|100/100
|-ability|p1a: Salamence|Intimidate|boost
|-unboost|p2a: supreme|atk|1
|move|p2a: supreme|Knock Off|p1a: Salamence
|-damage|p1a: Salamence|83/100
|-enditem|p1a: Salamence|Heavy-Duty Boots|[from] move: Knock Off|[of] p2a: supreme
|
|upkeep
|turn|4
|
|t:|1665595346
|switch|p2a: daki|Sylveon, F|100/100
|-damage|p2a: daki|88/100|[from] Stealth Rock
|move|p1a: Salamence|Toxic|p2a: daki
|-status|p2a: daki|tox
|
|-heal|p2a: daki|94/100 tox|[from] item: Leftovers
|-damage|p2a: daki|88/100 tox|[from] psn
|upkeep
|turn|5
|l| PKMisnotfun
|
|t:|1665595357
|switch|p1a: Cobalion|Cobalion|100/100
|move|p2a: daki|Wish|p2a: daki
|
|-heal|p2a: daki|94/100 tox|[from] item: Leftovers
|-damage|p2a: daki|82/100 tox|[from] psn
|upkeep
|turn|6
|
|t:|1665595373
|move|p1a: Cobalion|Swords Dance|p1a: Cobalion
|-boost|p1a: Cobalion|atk|2
|move|p2a: daki|Hyper Voice|p1a: Cobalion
|-damage|p1a: Cobalion|40/100
|
|-heal|p2a: daki|100/100 tox|[from] move: Wish|[wisher] daki
|-heal|p1a: Cobalion|46/100|[from] item: Leftovers
|-damage|p2a: daki|82/100 tox|[from] psn
|upkeep
|turn|7
|
|t:|1665595383
|switch|p2a: whats a keldeo|Jellicent, F|100/100
|-damage|p2a: whats a keldeo|88/100|[from] Stealth Rock
|move|p1a: Cobalion|Iron Head|p2a: whats a keldeo
|-resisted|p2a: whats a keldeo
|-damage|p2a: whats a keldeo|57/100
|
|-heal|p1a: Cobalion|53/100|[from] item: Leftovers
|-heal|p2a: whats a keldeo|64/100|[from] item: Leftovers
|upkeep
|turn|8
|
|t:|1665595392
|move|p1a: Cobalion|Iron Head|p2a: whats a keldeo
|-resisted|p2a: whats a keldeo
|-damage|p2a: whats a keldeo|31/100
|move|p2a: whats a keldeo|Recover|p2a: whats a keldeo
|-heal|p2a: whats a keldeo|81/100
|
|-heal|p1a: Cobalion|59/100|[from] item: Leftovers
|-heal|p2a: whats a keldeo|87/100|[from] item: Leftovers
|upkeep
|turn|9
|
|t:|1665595404
|switch|p1a: Slowking|Slowking, M|100/100
|move|p2a: whats a keldeo|Will-O-Wisp|p1a: Slowking
|-status|p1a: Slowking|brn
|
|-heal|p2a: whats a keldeo|93/100|[from] item: Leftovers
|-damage|p1a: Slowking|94/100 brn|[from] brn
|upkeep
|turn|10
|
|t:|1665595412
|move|p2a: whats a keldeo|Taunt|p1a: Slowking
|-start|p1a: Slowking|move: Taunt
|move|p1a: Slowking|Future Sight|p2a: whats a keldeo
|-start|p1a: Slowking|move: Future Sight
|
|-heal|p2a: whats a keldeo|99/100|[from] item: Leftovers
|-damage|p1a: Slowking|88/100 brn|[from] brn
|upkeep
|turn|11
|
|t:|1665595421
|switch|p1a: Zarude|Zarude|100/100
|move|p2a: whats a keldeo|Hex|p1a: Zarude
|-resisted|p1a: Zarude
|-damage|p1a: Zarude|91/100
|
|-heal|p2a: whats a keldeo|100/100|[from] item: Leftovers
|upkeep
|turn|12
|
|t:|1665595431
|switch|p2a: supreme|Scizor, F|100/100
|-damage|p2a: supreme|88/100|[from] Stealth Rock
|move|p1a: Zarude|Power Whip|p2a: supreme|[miss]
|-miss|p1a: Zarude|p2a: supreme
|
|-end|p2a: supreme|move: Future Sight
|-resisted|p2a: supreme
|-damage|p2a: supreme|65/100
|-heal|p2a: supreme|71/100|[from] item: Leftovers
|upkeep
|turn|13
|
|t:|1665595448
|switch|p1a: Salamence|Salamence, M|83/100
|-ability|p1a: Salamence|Intimidate|boost
|-unboost|p2a: supreme|atk|1
|move|p2a: supreme|Roost|p2a: supreme
|-heal|p2a: supreme|100/100
|-singleturn|p2a: supreme|move: Roost
|
|upkeep
|turn|14
|
|t:|1665595456
|switch|p2a: Articuno|Articuno|100/100
|-ability|p2a: Articuno|Pressure
|move|p1a: Salamence|Flamethrower|p2a: Articuno
|-supereffective|p2a: Articuno
|-damage|p2a: Articuno|75/100
|
|upkeep
|turn|15
|c|☆who is lilou|lmfao
|c|☆who is lilou|did 0
|
|t:|1665595476
|switch|p1a: Slowking|Slowking, M|100/100 brn
|move|p2a: Articuno|Heal Bell|p2a: Articuno
|-activate|p2a: Articuno|move: Heal Bell
|-curestatus|p2: daki|tox|[msg]
|
|-damage|p1a: Slowking|94/100 brn|[from] brn
|upkeep
|turn|16
|
|t:|1665595489
|move|p2a: Articuno|Defog|p1a: Slowking
|-unboost|p1a: Slowking|evasion|1
|-sideend|p2: who is lilou|Stealth Rock|[from] move: Defog|[of] p2a: Articuno
|move|p1a: Slowking|Future Sight|p2a: Articuno
|-start|p1a: Slowking|move: Future Sight
|
|-damage|p1a: Slowking|88/100 brn|[from] brn
|upkeep
|turn|17
|
|t:|1665595497
|move|p2a: Articuno|Roost|p2a: Articuno
|-heal|p2a: Articuno|100/100
|-singleturn|p2a: Articuno|move: Roost
|move|p1a: Slowking|Teleport|p1a: Slowking
|j| amogusroxyrrrr
|inactive|Stnecoldjaneausten has 120 seconds left.
|
|t:|1665595527
|switch|p1a: Cobalion|Cobalion|59/100|[from]move: Teleport
|
|-heal|p1a: Cobalion|65/100|[from] item: Leftovers
|upkeep
|turn|18
|inactive|Stnecoldjaneausten has 120 seconds left.
|
|t:|1665595538
|switch|p2a: whats a keldeo|Jellicent, F|100/100
|move|p1a: Cobalion|Iron Head|p2a: whats a keldeo
|-resisted|p2a: whats a keldeo
|-damage|p2a: whats a keldeo|86/100
|
|-end|p2a: whats a keldeo|move: Future Sight
|-damage|p2a: whats a keldeo|51/100
|-heal|p1a: Cobalion|71/100|[from] item: Leftovers
|-heal|p2a: whats a keldeo|57/100|[from] item: Leftovers
|upkeep
|turn|19
|
|t:|1665595548
|switch|p1a: Slowking|Slowking, M|100/100 brn
|move|p2a: whats a keldeo|Recover|p2a: whats a keldeo
|-heal|p2a: whats a keldeo|100/100
|
|-damage|p1a: Slowking|94/100 brn|[from] brn
|upkeep
|turn|20
|
|t:|1665595555
|move|p2a: whats a keldeo|Hex|p1a: Slowking
|-supereffective|p1a: Slowking
|-damage|p1a: Slowking|30/100 brn
|move|p1a: Slowking|Future Sight|p2a: whats a keldeo
|-start|p1a: Slowking|move: Future Sight
|
|-damage|p1a: Slowking|24/100 brn|[from] brn
|upkeep
|turn|21
|
|t:|1665595565
|switch|p1a: Salamence|Salamence, M|83/100
|-ability|p1a: Salamence|Intimidate|boost
|-unboost|p2a: whats a keldeo|atk|1
|move|p2a: whats a keldeo|Will-O-Wisp|p1a: Salamence
|-status|p1a: Salamence|brn
|
|-damage|p1a: Salamence|77/100 brn|[from] brn
|upkeep
|turn|22
|
|t:|1665595580
|switch|p2a: daki|Sylveon, F|82/100
|move|p1a: Salamence|Toxic|p2a: daki
|-status|p2a: daki|tox
|
|-end|p2a: daki|move: Future Sight
|-damage|p2a: daki|55/100 tox
|-heal|p2a: daki|61/100 tox|[from] item: Leftovers
|-damage|p2a: daki|55/100 tox|[from] psn
|-damage|p1a: Salamence|71/100 brn|[from] brn
|upkeep
|turn|23
|
|t:|1665595590
|switch|p1a: Nihilego|Nihilego|100/100
|move|p2a: daki|Wish|p2a: daki
|
|-heal|p2a: daki|61/100 tox|[from] item: Leftovers
|-damage|p2a: daki|49/100 tox|[from] psn
|upkeep
|turn|24
|
|t:|1665595605
|switch|p1a: Slowking|Slowking, M|57/100 brn
|move|p2a: daki|Protect||[still]
|-fail|p2a: daki
|
|-heal|p2a: daki|99/100 tox|[from] move: Wish|[wisher] daki
|-heal|p2a: daki|100/100 tox|[from] item: Leftovers
|-damage|p2a: daki|82/100 tox|[from] psn
|-damage|p1a: Slowking|51/100 brn|[from] brn
|upkeep
|turn|25
|
|t:|1665595626
|switch|p2a: Articuno|Articuno|100/100
|-ability|p2a: Articuno|Pressure
|move|p1a: Slowking|Future Sight|p2a: Articuno
|-start|p1a: Slowking|move: Future Sight
|
|-damage|p1a: Slowking|45/100 brn|[from] brn
|upkeep
|turn|26
|
|t:|1665595635
|switch|p1a: Cobalion|Cobalion|71/100
|move|p2a: Articuno|Freeze-Dry|p1a: Cobalion
|-resisted|p1a: Cobalion
|-damage|p1a: Cobalion|55/100
|
|-heal|p1a: Cobalion|61/100|[from] item: Leftovers
|upkeep
|turn|27
|
|t:|1665595647
|switch|p1a: Zarude|Zarude|91/100
|switch|p2a: whats a keldeo|Jellicent, F|100/100
|
|-end|p2a: whats a keldeo|move: Future Sight
|-damage|p2a: whats a keldeo|66/100
|-heal|p2a: whats a keldeo|73/100|[from] item: Leftovers
|upkeep
|turn|28
|inactive|Stnecoldjaneausten has 120 seconds left.
|
|t:|1665595679
|switch|p2a: supreme|Scizor, F|100/100
|move|p1a: Zarude|U-turn|p2a: supreme
|-resisted|p2a: supreme
|-damage|p2a: supreme|91/100
|inactive|Stnecoldjaneausten has 120 seconds left.
|
|t:|1665595684
|switch|p1a: Salamence|Salamence, M|71/100 brn|[from]move: U-turn
|-ability|p1a: Salamence|Intimidate|boost
|-unboost|p2a: supreme|atk|1
|
|-heal|p2a: supreme|98/100|[from] item: Leftovers
|-damage|p1a: Salamence|64/100 brn|[from] brn
|upkeep
|turn|29
|inactive|Stnecoldjaneausten has 120 seconds left.
|
|t:|1665595695
|switch|p1a: Nihilego|Nihilego|100/100
|switch|p2a: Hippowdon|Hippowdon, F|100/100
|-weather|Sandstorm|[from] ability: Sand Stream|[of] p2a: Hippowdon
|
|-weather|Sandstorm|[upkeep]
|upkeep
|turn|30
|
|t:|1665595705
|move|p1a: Nihilego|Grass Knot|p2a: Hippowdon
|-supereffective|p2a: Hippowdon
|-damage|p2a: Hippowdon|37/100
|move|p2a: Hippowdon|Stealth Rock|p1a: Nihilego
|-sidestart|p1: Stnecoldjaneausten|move: Stealth Rock
|
|-weather|Sandstorm|[upkeep]
|-heal|p2a: Hippowdon|43/100|[from] item: Leftovers
|upkeep
|turn|31
|j| PKMisnotfun
|
|t:|1665595714
|switch|p2a: supreme|Scizor, F|98/100
|move|p1a: Nihilego|Grass Knot|p2a: supreme
|-resisted|p2a: supreme
|-damage|p2a: supreme|88/100
|
|-weather|Sandstorm|[upkeep]
|-heal|p2a: supreme|94/100|[from] item: Leftovers
|upkeep
|turn|32
|
|t:|1665595727
|switch|p1a: Salamence|Salamence, M|64/100 brn
|-damage|p1a: Salamence|40/100 brn|[from] Stealth Rock
|-ability|p1a: Salamence|Intimidate|boost
|-unboost|p2a: supreme|atk|1
|move|p2a: supreme|Swords Dance|p2a: supreme
|-boost|p2a: supreme|atk|2
|
|-weather|Sandstorm|[upkeep]
|-damage|p1a: Salamence|33/100 brn|[from] Sandstorm
|-heal|p2a: supreme|100/100|[from] item: Leftovers
|-damage|p1a: Salamence|27/100 brn|[from] brn
|upkeep
|turn|33
|
|t:|1665595738
|move|p2a: supreme|Bullet Punch|p1a: Salamence
|-damage|p1a: Salamence|0 fnt
|faint|p1a: Salamence
|
|-weather|none
|upkeep
|
|t:|1665595740
|switch|p1a: Slowking|Slowking, M|78/100 brn
|turn|34
|l| PKMisnotfun
|
|t:|1665595757
|move|p2a: supreme|Knock Off|p1a: Slowking
|-supereffective|p1a: Slowking
|-damage|p1a: Slowking|6/100 brn
|-enditem|p1a: Slowking|Heavy-Duty Boots|[from] move: Knock Off|[of] p2a: supreme
|move|p1a: Slowking|Scald|p2a: supreme
|-damage|p2a: supreme|70/100
|
|-heal|p2a: supreme|76/100|[from] item: Leftovers
|-damage|p1a: Slowking|0 fnt|[from] brn
|faint|p1a: Slowking
|upkeep
|
|t:|1665595762
|switch|p1a: Zygarde|Zygarde-10%|100/100
|-damage|p1a: Zygarde|94/100|[from] Stealth Rock
|-ability|p1a: Zygarde|Aura Break
|turn|35
|
|t:|1665595775
|move|p2a: supreme|Bullet Punch|p1a: Zygarde
|-damage|p1a: Zygarde|17/100
|move|p1a: Zygarde|Thousand Arrows|p2a: supreme
|-damage|p2a: supreme|26/100
|
|-heal|p2a: supreme|32/100|[from] item: Leftovers
|upkeep
|turn|36
|
|t:|1665595782
|move|p2a: supreme|Bullet Punch|p1a: Zygarde
|-damage|p1a: Zygarde|0 fnt
|faint|p1a: Zygarde
|
|-heal|p2a: supreme|38/100|[from] item: Leftovers
|upkeep
|
|t:|1665595783
|switch|p1a: Cobalion|Cobalion|61/100
|-damage|p1a: Cobalion|58/100|[from] Stealth Rock
|turn|37
|-message|Stnecoldjaneausten forfeited.
|
|win|who is lilou
|raw|Stnecoldjaneausten's rating: 1434 &rarr; <strong>1414</strong><br />(-20 for losing)
|raw|who is lilou's rating: 1429 &rarr; <strong>1449</strong><br />(+20 for winning)
|l|☆Stnecoldjaneausten
|l| amogusroxyrrrr
||Ladder isn't responding, score probably updated but might not have (Request timeout).
