|j|☆Panther-T
|j|☆ok now i see ya
|t:|1599191312
|player|p1|Panther-T|thorton|
|player|p2|ok now i see ya|brendan-gen3rs|
|teamsize|p1|6
|teamsize|p2|6
|gametype|singles
|gen|8
|tier|[Gen 8] UU
|rated|Tournament battle
|clearpoke
|poke|p1|Weezing-Galar, M|
|poke|p1|Celebi|
|poke|p1|Krookodile, M|
|poke|p1|Rotom-Wash|
|poke|p1|Marowak-Alola, F|
|poke|p1|Mienshao, F|
|poke|p2|Froslass, F|
|poke|p2|Cobalion|
|poke|p2|Mimikyu, M|
|poke|p2|Sharpedo, M|
|poke|p2|Bisharp, M|
|poke|p2|Polteageist-Antique|
|rule|Sleep Clause Mod: Limit one foe put to sleep
|rule|Species Clause: Limit one of each Pokémon
|rule|OHKO Clause: OHKO moves are banned
|rule|Evasion Moves Clause: Evasion moves are banned
|rule|Endless Battle Clause: Forcing endless battles is banned
|rule|HP Percentage Mod: HP is shown in percentages
|rule|Dynamax Clause: You cannot dynamax
|teampreview
|inactive|Battle timer is ON: inactive players will automatically lose when time's up. (requested by ok now i see ya)
|j|+i like cute things
|j| Wmar
|c|☆Panther-T|oh no a polteigeist
|c|☆Panther-T|glhf
|j| SeBiLiN1125
|l| Wmar
|c|☆ok now i see ya|u2
|l| SeBiLiN1125
|
|t:|1599191334
|start
|switch|p1a: Marowak|Marowak-Alola, F|100/100
|switch|p2a: Iced Up|Froslass, F|100/100
|turn|1
|
|t:|1599191336
|move|p2a: Iced Up|Spikes|p1a: Marowak
|-sidestart|p1: Panther-T|Spikes
|move|p1a: Marowak|Flame Charge|p2a: Iced Up
|-supereffective|p2a: Iced Up
|-enditem|p2a: Iced Up|Focus Sash
|-damage|p2a: Iced Up|1/100
|-boost|p1a: Marowak|spe|1
|
|upkeep
|turn|2
|j| incineroar killer
|j| J.TCO
|j| SeBiLiN1125
|inactive|ok now i see ya has 120 seconds left.
|
|t:|1599191368
|move|p2a: Iced Up|Taunt|p1a: Marowak
|-start|p1a: Marowak|move: Taunt
|move|p1a: Marowak|Poltergeist||[still]
|-fail|p1a: Marowak
|
|upkeep
|turn|3
|j| Leviathan207
|inactive|ok now i see ya has 120 seconds left.
|c| J.TCO|I've made that mistake before
|
|t:|1599191383
|move|p2a: Iced Up|Destiny Bond|p2a: Iced Up
|-singlemove|p2a: Iced Up|Destiny Bond
|move|p1a: Marowak|Flame Charge|p2a: Iced Up
|-supereffective|p2a: Iced Up
|-damage|p2a: Iced Up|0 fnt
|-boost|p1a: Marowak|spe|1
|faint|p2a: Iced Up
|-activate|p2a: Iced Up|move: Destiny Bond
|faint|p1a: Marowak
|
|upkeep
|c|☆Panther-T|noooo
|c|☆Panther-T|lol
|c|+i like cute things|rip
|
|t:|1599191397
|switch|p2a: Koba Leon|Cobalion|100/100
|switch|p1a: Krookodile|Krookodile, M|100/100
|-damage|p1a: Krookodile|88/100|[from] Spikes
|-ability|p1a: Krookodile|Intimidate|boost
|-unboost|p2a: Koba Leon|atk|1
|turn|4
|c| J.TCO|don't worry man, you're not the only one
|
|t:|1599191403
|switch|p1a: Rotom|Rotom-Wash|100/100
|move|p2a: Koba Leon|Stealth Rock|p1a: Rotom
|-sidestart|p1: Panther-T|move: Stealth Rock
|
|upkeep
|turn|5
|
|t:|1599191408
|move|p2a: Koba Leon|Taunt|p1a: Rotom
|-start|p1a: Rotom|move: Taunt
|cant|p1a: Rotom|move: Taunt|Thunder Wave
|
|upkeep
|turn|6
|
|t:|1599191412
|move|p2a: Koba Leon|Close Combat|p1a: Rotom
|-damage|p1a: Rotom|75/100
|-unboost|p2a: Koba Leon|def|1
|-unboost|p2a: Koba Leon|spd|1
|move|p1a: Rotom|Hydro Pump|p2a: Koba Leon
|-damage|p2a: Koba Leon|21/100
|
|-heal|p1a: Rotom|81/100|[from] item: Leftovers
|upkeep
|turn|7
|j| ChandosH
|
|t:|1599191431
|move|p2a: Koba Leon|Close Combat|p1a: Rotom
|-damage|p1a: Rotom|57/100
|-unboost|p2a: Koba Leon|def|1
|-unboost|p2a: Koba Leon|spd|1
|move|p1a: Rotom|Volt Switch|p2a: Koba Leon
|-damage|p2a: Koba Leon|0 fnt
|faint|p2a: Koba Leon
|j| Pepsalmighty
|
|t:|1599191435
|switch|p1a: Mienshao|Mienshao, F|100/100|[from]move: Volt Switch
|-damage|p1a: Mienshao|95/100|[from] Stealth Rock
|-damage|p1a: Mienshao|82/100|[from] Spikes
|
|upkeep
|
|t:|1599191440
|switch|p2a: Spill the tea|Polteageist-Antique|100/100
|turn|8
|
|t:|1599191445
|move|p1a: Mienshao|Knock Off|p2a: Spill the tea
|-supereffective|p2a: Spill the tea
|-enditem|p2a: Spill the tea|Focus Sash
|-damage|p2a: Spill the tea|1/100
|-ability|p2a: Spill the tea|Weak Armor|boost
|-unboost|p2a: Spill the tea|def|1
|-boost|p2a: Spill the tea|spe|2
|move|p2a: Spill the tea|Shell Smash|p2a: Spill the tea
|-unboost|p2a: Spill the tea|def|1
|-unboost|p2a: Spill the tea|spd|1
|-boost|p2a: Spill the tea|atk|2
|-boost|p2a: Spill the tea|spa|2
|-boost|p2a: Spill the tea|spe|2
|
|upkeep
|turn|9
|c|+i like cute things|in
|
|t:|1599191448
|move|p2a: Spill the tea|Shadow Ball|p1a: Mienshao
|-damage|p1a: Mienshao|0 fnt
|faint|p1a: Mienshao
|
|upkeep
|c|☆Panther-T|oh it's timid
|c|☆Panther-T|gg
|-message|Panther-T forfeited.
|
|win|ok now i see ya
