|html|<div class="broadcast-blue"><strong>[Gen 8] UU is currently suspecting Aegislash! For information on how to participate check out the <a href="https://www.smogon.com/forums/threads/np-ss-uu-stage-11-1-kingslayer.3698890/">suspect thread</a>.</strong></div>
|j|☆UrinalSipper
|j|☆pif
|t:|1647914956
|gametype|singles
|player|p1|UrinalSipper|biker-gen4|1354
|player|p2|pif|#uutrio2ladder|1626
|teamsize|p1|6
|teamsize|p2|6
|gen|8
|tier|[Gen 8] UU
|rated|
|rule|Sleep Clause Mod: Limit one foe put to sleep
|rule|Species Clause: Limit one of each Pokémon
|rule|OHKO Clause: OHKO moves are banned
|rule|Evasion Moves Clause: Evasion moves are banned
|rule|Endless Battle Clause: Forcing endless battles is banned
|rule|HP Percentage Mod: HP is shown in percentages
|rule|Dynamax Clause: You cannot dynamax
|clearpoke
|poke|p1|Nidoking, M|
|poke|p1|Mandibuzz, F|
|poke|p1|Conkeldurr, M|
|poke|p1|Volcanion|
|poke|p1|Skarmory, F|
|poke|p1|Thundurus-Therian, M|
|poke|p2|Vanilluxe, F|
|poke|p2|Mandibuzz, F|
|poke|p2|Jirachi|
|poke|p2|Tapu Bulu|
|poke|p2|Swampert, M|
|poke|p2|Lycanroc-Dusk, M|
|teampreview
|j| BurgerQueenn
|j|+TSR
|j| Punisher
|j| no bad hoes
|j| StarFalcon555
|
|t:|1647914996
|start
|switch|p1a: Volcanion|Volcanion|100/100
|switch|p2a: pert that hurts|Swampert, M|100/100
|turn|1
|j| klam141
|j| NERD NECK NIGEL
|c|☆UrinalSipper|am i on stream?
|c| NERD NECK NIGEL|yeah
|j| ultrasecrettesting
|
|t:|1647915012
|switch|p1a: Mandibuzz|Mandibuzz, F|100/100
|move|p2a: pert that hurts|Toxic|p1a: Mandibuzz
|-status|p1a: Mandibuzz|tox
|
|-damage|p1a: Mandibuzz|94/100 tox|[from] psn
|upkeep
|turn|2
|c|☆pif|no
|c|☆UrinalSipper|hi mom
|j| Corperate N
|j| Corporate Donkey
|c| klam141|>losing to urinalsipper
|
|t:|1647915024
|move|p1a: Mandibuzz|Taunt|p2a: pert that hurts
|-start|p2a: pert that hurts|move: Taunt
|move|p2a: pert that hurts|Flip Turn|p1a: Mandibuzz
|-crit|p1a: Mandibuzz
|-damage|p1a: Mandibuzz|76/100 tox
|c| Corporate Donkey|hello pif
|
|t:|1647915027
|switch|p2a: ice meme|Vanilluxe, F|100/100|[from]move: Flip Turn
|-weather|Hail|[from] ability: Snow Warning|[of] p2a: ice meme
|
|-weather|Hail|[upkeep]
|-heal|p1a: Mandibuzz|82/100 tox|[from] item: Leftovers
|-damage|p1a: Mandibuzz|70/100 tox|[from] psn
|upkeep
|turn|3
|c| klam141|oh you just want your mom to see
|c| klam141|i gotcha covered
|c|☆pif|hi donkey
|j| Arxtric
|c| NERD NECK NIGEL|pick
|c| StarFalcon555|hey urinalsipper
|j| mala☆huju
|c| StarFalcon555|u wanna join pia
|
|t:|1647915051
|switch|p1a: Conkeldurr|Conkeldurr, M|100/100
|move|p2a: ice meme|Freeze-Dry|p1a: Conkeldurr
|-damage|p1a: Conkeldurr|59/100
|
|-weather|Hail|[upkeep]
|-damage|p1a: Conkeldurr|53/100|[from] Hail
|upkeep
|turn|4
|c| klam141|its a cult
|c| klam141|dont tell anyone
|c| StarFalcon555|it's a fun discord server for people to learn about uu!
|c| BurgerQueenn|urinalsipper>>>
|c| klam141|is burgerqueen an alt?
|c| klam141|pif how come you never hang out in vc when your stream?
|
|t:|1647915098
|switch|p2a: edgy veggie|Tapu Bulu|100/100
|-fieldstart|move: Grassy Terrain|[from] ability: Grassy Surge|[of] p2a: edgy veggie
|move|p1a: Conkeldurr|Mach Punch|p2a: edgy veggie
|-resisted|p2a: edgy veggie
|-damage|p2a: edgy veggie|88/100
|
|-weather|Hail|[upkeep]
|-damage|p2a: edgy veggie|82/100|[from] Hail
|-damage|p1a: Conkeldurr|47/100|[from] Hail
|-heal|p2a: edgy veggie|88/100|[from] Grassy Terrain
|-heal|p2a: edgy veggie|94/100|[from] item: Leftovers
|-heal|p1a: Conkeldurr|53/100|[from] Grassy Terrain
|upkeep
|turn|5
|c|☆pif|how can i stream
|c|☆pif|and be in vc
|c| klam141|by streaming in vc
|c| klam141|???
|
|t:|1647915133
|switch|p2a: ice meme|Vanilluxe, F|100/100
|switch|p1a: Skarmory|Skarmory, F|100/100
|
|-weather|Hail|[upkeep]
|-damage|p1a: Skarmory|95/100|[from] Hail
|upkeep
|turn|6
|c| klam141|not even streaming
|c|☆pif|i prefer twitch
|c| klam141|i got baited
|c| klam141|no i mean
|c| klam141|you do both at the same time
|c| klam141|this vanilluxe is deadly
|
|t:|1647915171
|switch|p1a: Volcanion|Volcanion|100/100
|move|p2a: ice meme|Blizzard|p1a: Volcanion
|-resisted|p1a: Volcanion
|-damage|p1a: Volcanion|75/100
|
|-weather|none
|-heal|p1a: Volcanion|81/100|[from] Grassy Terrain
|upkeep
|turn|7
|c| klam141|he was there for jamestown
|c| BurgerQueenn|take your urnialsipper
|
|t:|1647915215
|switch|p1a: Mandibuzz|Mandibuzz, F|70/100 tox
|switch|p2a: pert that hurts|Swampert, M|100/100
|
|-heal|p1a: Mandibuzz|76/100 tox|[from] item: Leftovers
|-damage|p1a: Mandibuzz|70/100 tox|[from] psn
|upkeep
|turn|8
|
|t:|1647915222
|move|p1a: Mandibuzz|Taunt|p2a: pert that hurts
|-start|p2a: pert that hurts|move: Taunt
|cant|p2a: pert that hurts|move: Taunt|Stealth Rock
|
|-heal|p1a: Mandibuzz|76/100 tox|[from] item: Leftovers
|-damage|p1a: Mandibuzz|64/100 tox|[from] psn
|-fieldend|move: Grassy Terrain
|upkeep
|turn|9
|j| ampos
|
|t:|1647915247
|move|p1a: Mandibuzz|Knock Off|p2a: pert that hurts
|-damage|p2a: pert that hurts|83/100
|-enditem|p2a: pert that hurts|Leftovers|[from] move: Knock Off|[of] p1a: Mandibuzz
|move|p2a: pert that hurts|High Horsepower|p1a: Mandibuzz
|-immune|p1a: Mandibuzz
|
|-heal|p1a: Mandibuzz|70/100 tox|[from] item: Leftovers
|-damage|p1a: Mandibuzz|51/100 tox|[from] psn
|upkeep
|turn|10
|c| klam141|does freeze dry not just kill his entire team sans conk?
|c|☆pif|it didnt kill skarm
|
|t:|1647915274
|move|p1a: Mandibuzz|Toxic|p2a: pert that hurts
|-status|p2a: pert that hurts|tox
|move|p2a: pert that hurts|Flip Turn|p1a: Mandibuzz
|-damage|p1a: Mandibuzz|39/100 tox
|c|☆pif|and he could have pressed me
|
|t:|1647915278
|switch|p2a: ice meme|Vanilluxe, F|100/100|[from]move: Flip Turn
|-weather|Hail|[from] ability: Snow Warning|[of] p2a: ice meme
|
|-weather|Hail|[upkeep]
|-heal|p1a: Mandibuzz|45/100 tox|[from] item: Leftovers
|-damage|p1a: Mandibuzz|20/100 tox|[from] psn
|upkeep
|turn|11
|c| klam141|it doesnt 2hko?
|
|t:|1647915298
|move|p2a: ice meme|Freeze-Dry|p1a: Mandibuzz
|-supereffective|p1a: Mandibuzz
|-damage|p1a: Mandibuzz|0 fnt
|faint|p1a: Mandibuzz
|
|-weather|Hail|[upkeep]
|upkeep
|
|t:|1647915302
|switch|p1a: Volcanion|Volcanion|81/100
|turn|12
|c|☆pif|it does 2hko but i dont wanna lose health
|c|☆pif|probably should have youre right
|c| klam141|i gotcha
|c| klam141|just wondering when the volc came out earlier
|c| klam141|ice cream is cool
|
|t:|1647915335
|switch|p2a: peck ur neck|Mandibuzz, F|100/100
|move|p1a: Volcanion|Overheat|p2a: peck ur neck
|-damage|p2a: peck ur neck|48/100
|-unboost|p1a: Volcanion|spa|2
|
|-weather|Hail|[upkeep]
|-damage|p1a: Volcanion|75/100|[from] Hail
|upkeep
|turn|13
|
|t:|1647915352
|switch|p1a: Skarmory|Skarmory, F|95/100
|move|p2a: peck ur neck|Roost|p2a: peck ur neck
|-heal|p2a: peck ur neck|98/100
|-singleturn|p2a: peck ur neck|move: Roost
|
|-weather|Hail|[upkeep]
|-damage|p1a: Skarmory|89/100|[from] Hail
|upkeep
|turn|14
|j| PowerOfMemes
|
|t:|1647915397
|switch|p1a: Thundurus|Thundurus-Therian, M|100/100
|move|p2a: peck ur neck|Knock Off|p1a: Thundurus
|-damage|p1a: Thundurus|63/100
|-enditem|p1a: Thundurus|Expert Belt|[from] move: Knock Off|[of] p2a: peck ur neck
|
|-weather|none
|upkeep
|turn|15
|c| BurgerQueenn|garfie
|
|t:|1647915426
|switch|p2a: edgy veggie|Tapu Bulu|94/100
|-fieldstart|move: Grassy Terrain|[from] ability: Grassy Surge|[of] p2a: edgy veggie
|move|p1a: Thundurus|Volt Switch|p2a: edgy veggie
|-resisted|p2a: edgy veggie
|-damage|p2a: edgy veggie|71/100
|
|t:|1647915439
|switch|p1a: Nidoking|Nidoking, M|100/100|[from]move: Volt Switch
|
|-heal|p2a: edgy veggie|77/100|[from] Grassy Terrain
|-heal|p2a: edgy veggie|83/100|[from] item: Leftovers
|upkeep
|turn|16
|c| klam141|:O nidoking
|
|t:|1647915455
|switch|p2a: pert that hurts|Swampert, M|83/100 tox
|move|p1a: Nidoking|Poison Jab|p2a: pert that hurts
|-resisted|p2a: pert that hurts
|-damage|p2a: pert that hurts|58/100 tox
|
|-heal|p2a: pert that hurts|65/100 tox|[from] Grassy Terrain
|-damage|p2a: pert that hurts|58/100 tox|[from] psn
|upkeep
|turn|17
|c| klam141|here we go
|c| klam141|>grass knot
|c|☆pif|society
|
|t:|1647915479
|switch|p1a: Skarmory|Skarmory, F|89/100
|move|p2a: pert that hurts|Stealth Rock|p1a: Skarmory
|-sidestart|p1: UrinalSipper|move: Stealth Rock
|
|-heal|p2a: pert that hurts|65/100 tox|[from] Grassy Terrain
|-damage|p2a: pert that hurts|52/100 tox|[from] psn
|upkeep
|turn|18
|c| Corporate Donkey|society
|
|t:|1647915485
|switch|p2a: ice meme|Vanilluxe, F|100/100
|-weather|Hail|[from] ability: Snow Warning|[of] p2a: ice meme
|move|p1a: Skarmory|Stealth Rock|p2a: ice meme
|-sidestart|p2: pif|move: Stealth Rock
|
|-weather|Hail|[upkeep]
|-damage|p1a: Skarmory|83/100|[from] Hail
|upkeep
|turn|19
|c| klam141|im a fool i know nothing
|c| klam141|i play the role of a silly clown
|c| BurgerQueenn|honk honk
|c| klam141|https://www.youtube.com/watch?v=Ok0aoYRBOl0
|j|+Wildfiree ❤
|l|ampos
|c|+TSR|oh god klam are you a pot player
|c| klam141|hell yeah i am
|c| Corporate Donkey|We've got only one sky
|
|t:|1647915551
|switch|p1a: Conkeldurr|Conkeldurr, M|53/100
|-damage|p1a: Conkeldurr|47/100|[from] Stealth Rock
|move|p2a: ice meme|Freeze-Dry|p1a: Conkeldurr
|-damage|p1a: Conkeldurr|2/100
|
|-weather|Hail|[upkeep]
|-damage|p1a: Conkeldurr|0 fnt|[from] Hail
|faint|p1a: Conkeldurr
|-fieldend|move: Grassy Terrain
|upkeep
|inactive|Battle timer is ON: inactive players will automatically lose when time's up. (requested by pif)
|c| klam141|you guys play wtf
|j| UU11Astallmaster69
|c| Corporate Donkey|blue red and black paranoia
|l| PowerOfMemes
|c| klam141|i cant even do the inputs for pot buster lmao
|c| Corporate Donkey|what is it like to you?
|c|+TSR|as a may player can i ask what your favorite favor of paint is
|l|+Wildfiree ❤
|inactive|UrinalSipper has 120 seconds left.
|
|t:|1647915586
|switch|p1a: Nidoking|Nidoking, M|100/100
|-damage|p1a: Nidoking|94/100|[from] Stealth Rock
|turn|20
|c| Corporate Donkey|I play faust
|c| UU11Astallmaster69|nah nah nah
|c| klam141|i dont speak gorilla
|c| UU11Astallmaster69|klam eats glue
|c| klam141|@tsr
|c| UU11Astallmaster69|for breakfast lunch and dinner
|c| Corporate Donkey|all potemkin players eat glue
|c|☆pif|please dont be toxic
|c| UU11Astallmaster69|how dare u say he eats anything else than that
|c|+TSR|i prefer sherwin williams
|
|t:|1647915609
|switch|p2a: peck ur neck|Mandibuzz, F|98/100
|move|p1a: Nidoking|Poison Jab|p2a: peck ur neck
|-damage|p2a: peck ur neck|64/100
|
|-weather|Hail|[upkeep]
|-damage|p1a: Nidoking|88/100|[from] Hail
|upkeep
|turn|21
|
|t:|1647915619
|move|p1a: Nidoking|Thunder Punch|p2a: peck ur neck
|-supereffective|p2a: peck ur neck
|-damage|p2a: peck ur neck|18/100
|move|p2a: peck ur neck|Roost|p2a: peck ur neck
|-heal|p2a: peck ur neck|68/100
|-singleturn|p2a: peck ur neck|move: Roost
|
|-weather|Hail|[upkeep]
|-damage|p1a: Nidoking|82/100|[from] Hail
|upkeep
|turn|22
|c| klam141|elmers tastes the best though
|c| NERD NECK NIGEL|*pushes up glasses* ah yes im a fan of the assblasters as well
|
|t:|1647915630
|move|p1a: Nidoking|Thunder Punch|p2a: peck ur neck
|-supereffective|p2a: peck ur neck
|-damage|p2a: peck ur neck|26/100
|move|p2a: peck ur neck|Roost|p2a: peck ur neck
|-heal|p2a: peck ur neck|76/100
|-singleturn|p2a: peck ur neck|move: Roost
|
|-weather|none
|upkeep
|turn|23
|c| UU11Astallmaster69|getting rekt by physical nidoking
|c| klam141|>thunderpunch
|
|t:|1647915643
|move|p1a: Nidoking|Ice Punch|p2a: peck ur neck
|-supereffective|p2a: peck ur neck
|-damage|p2a: peck ur neck|27/100
|move|p2a: peck ur neck|Roost|p2a: peck ur neck
|-heal|p2a: peck ur neck|77/100
|-singleturn|p2a: peck ur neck|move: Roost
|
|upkeep
|turn|24
|c|+TSR|+r may is big brain occasionally
|c| klam141|>46%
|c| UU11Astallmaster69|i just bought GGST today i am going to get my ass kicked for the first 9 months
|
|t:|1647915662
|move|p1a: Nidoking|Ice Punch|p2a: peck ur neck
|-supereffective|p2a: peck ur neck
|-damage|p2a: peck ur neck|30/100
|move|p2a: peck ur neck|Roost|p2a: peck ur neck
|-heal|p2a: peck ur neck|80/100
|-singleturn|p2a: peck ur neck|move: Roost
|
|upkeep
|turn|25
|c| klam141|oh no
|c| klam141|its years
|c|+TSR|i've snatched a pot player out of the sky with air throw out of ex pogo once
|
|t:|1647915671
|move|p1a: Nidoking|Ice Punch|p2a: peck ur neck
|-supereffective|p2a: peck ur neck
|-damage|p2a: peck ur neck|36/100
|move|p2a: peck ur neck|Roost|p2a: peck ur neck
|-heal|p2a: peck ur neck|86/100
|-singleturn|p2a: peck ur neck|move: Roost
|
|upkeep
|turn|26
|c|+TSR|my proudest moment
|c| klam141|wait is this your first fighting game?
|c| UU11Astallmaster69|yeah
|
|t:|1647915679
|move|p1a: Nidoking|Ice Punch|p2a: peck ur neck
|-supereffective|p2a: peck ur neck
|-damage|p2a: peck ur neck|39/100
|move|p2a: peck ur neck|Knock Off|p1a: Nidoking
|-damage|p1a: Nidoking|49/100
|-enditem|p1a: Nidoking|Life Orb|[from] move: Knock Off|[of] p2a: peck ur neck
|
|upkeep
|turn|27
|
|t:|1647915687
|move|p1a: Nidoking|Ice Punch|p2a: peck ur neck
|-supereffective|p2a: peck ur neck
|-damage|p2a: peck ur neck|6/100
|move|p2a: peck ur neck|Roost|p2a: peck ur neck
|-heal|p2a: peck ur neck|56/100
|-singleturn|p2a: peck ur neck|move: Roost
|
|upkeep
|turn|28
|c| klam141|yeah it takes years unless you really buckle down
|c| klam141|imo
|
|t:|1647915693
|move|p1a: Nidoking|Ice Punch|p2a: peck ur neck
|-supereffective|p2a: peck ur neck
|-damage|p2a: peck ur neck|22/100
|move|p2a: peck ur neck|Roost|p2a: peck ur neck
|-heal|p2a: peck ur neck|72/100
|-singleturn|p2a: peck ur neck|move: Roost
|
|upkeep
|turn|29
|
|t:|1647915702
|move|p1a: Nidoking|Thunder Punch|p2a: peck ur neck
|-supereffective|p2a: peck ur neck
|-damage|p2a: peck ur neck|34/100
|move|p2a: peck ur neck|Roost|p2a: peck ur neck
|-heal|p2a: peck ur neck|84/100
|-singleturn|p2a: peck ur neck|move: Roost
|
|upkeep
|turn|30
|c|+TSR|just play ram in strive
|c| UU11Astallmaster69|yeah
|c| BurgerQueenn|womp
|c|+TSR|skip the learning process
|c| UU11Astallmaster69|i was thinking of that
|c|☆pif|why do you guys not chat in pia
|c|☆pif|chat in pia
|c| UU11Astallmaster69|skip the learning process
|c| UU11Astallmaster69|lmao
|c|☆pif|i need to monetize discord
|c| UU11Astallmaster69|just mash
|c| Corporate Donkey|play faust
|c| klam141|ok but
|c| UU11Astallmaster69|why
|c| klam141|it does cost your dignity
|inactive|UrinalSipper has 120 seconds left.
|c| UU11Astallmaster69|i cannot send discord links
|c| UU11Astallmaster69|wwell whatever
|c| UU11Astallmaster69|join uu server
|c| UU11Astallmaster69|then from there
|c| klam141|you basically out yourself as horny all the time
|c| Corporate Donkey|just spam scarecrow and mixmixmix
|
|t:|1647915750
|move|p1a: Nidoking|Thunder Punch|p2a: peck ur neck
|-supereffective|p2a: peck ur neck
|-damage|p2a: peck ur neck|52/100
|move|p2a: peck ur neck|Roost|p2a: peck ur neck
|-heal|p2a: peck ur neck|100/100
|-singleturn|p2a: peck ur neck|move: Roost
|
|upkeep
|turn|31
|
|t:|1647915759
|move|p1a: Nidoking|Poison Jab|p2a: peck ur neck
|-damage|p2a: peck ur neck|73/100
|move|p2a: peck ur neck|U-turn|p1a: Nidoking
|-resisted|p1a: Nidoking
|-damage|p1a: Nidoking|41/100
|c| UU11Astallmaster69|spam items
|c| UU11Astallmaster69|cause mental damage
|inactive|pif has 120 seconds left.
|c| klam141|haha funny doctor man throws whacky items
|c|+TSR|who remembers when mix triple was called going my way
|
|t:|1647915779
|switch|p2a: srirachi jirachi|Jirachi|100/100|[from]move: U-turn
|-damage|p2a: srirachi jirachi|94/100|[from] Stealth Rock
|
|-heal|p2a: srirachi jirachi|100/100|[from] item: Leftovers
|upkeep
|turn|32
|inactive|UrinalSipper has 120 seconds left.
|
|t:|1647915788
|move|p2a: srirachi jirachi|Iron Head|p1a: Nidoking
|-damage|p1a: Nidoking|6/100
|cant|p1a: Nidoking|flinch
|
|upkeep
|turn|33
|c| UU11Astallmaster69|may as well main ram....
|c| Corporate Donkey|I do
|
|t:|1647915793
|move|p2a: srirachi jirachi|U-turn|p1a: Nidoking
|-resisted|p1a: Nidoking
|-damage|p1a: Nidoking|0 fnt
|faint|p1a: Nidoking
|c| Corporate Donkey|I miss goofy faust
|
|t:|1647915798
|switch|p2a: peck ur neck|Mandibuzz, F|73/100|[from]move: U-turn
|
|upkeep
|
|t:|1647915802
|switch|p1a: Thundurus|Thundurus-Therian, M|63/100
|-damage|p1a: Thundurus|39/100|[from] Stealth Rock
|turn|34
|c| klam141|i only played a couple months before interest fell off
|c| klam141|no one to play with
|
|t:|1647915820
|move|p1a: Thundurus|Thunderbolt|p2a: peck ur neck
|-supereffective|p2a: peck ur neck
|-damage|p2a: peck ur neck|0 fnt
|faint|p2a: peck ur neck
|
|upkeep
|
|t:|1647915824
|switch|p2a: all bite no bark|Lycanroc-Dusk, M|100/100
|-damage|p2a: all bite no bark|88/100|[from] Stealth Rock
|turn|35
|c| UU11Astallmaster69|u play pot how do u not have fun
|c| klam141|now thats an electric type attack
|
|t:|1647915838
|switch|p1a: Skarmory|Skarmory, F|83/100
|-damage|p1a: Skarmory|70/100|[from] Stealth Rock
|move|p2a: all bite no bark|Close Combat|p1a: Skarmory
|-damage|p1a: Skarmory|33/100
|-unboost|p2a: all bite no bark|def|1
|-unboost|p2a: all bite no bark|spd|1
|-damage|p2a: all bite no bark|72/100|[from] item: Rocky Helmet|[of] p1a: Skarmory
|-damage|p2a: all bite no bark|62/100|[from] item: Life Orb
|
|upkeep
|turn|36
|c| klam141|i mean
|c| UU11Astallmaster69|do u not like killing chipp at 100%
|c| UU11Astallmaster69|noob get good
|
|t:|1647915849
|move|p2a: all bite no bark|Close Combat|p1a: Skarmory
|-damage|p1a: Skarmory|0 fnt
|-unboost|p2a: all bite no bark|def|1
|-unboost|p2a: all bite no bark|spd|1
|-damage|p2a: all bite no bark|45/100|[from] item: Rocky Helmet|[of] p1a: Skarmory
|faint|p1a: Skarmory
|-damage|p2a: all bite no bark|35/100|[from] item: Life Orb
|
|upkeep
|c| klam141|lol ok
|c| Corporate Donkey|becuase he ran out of glue while playign pot
|c| klam141|you try to hit those inputs
|
|t:|1647915860
|switch|p1a: Volcanion|Volcanion|75/100
|-damage|p1a: Volcanion|50/100|[from] Stealth Rock
|turn|37
|c|+TSR|ive been trying to get accel to try it for a year now
|c|+TSR|pain 12
|c| klam141|bruh half circle snap forward
|c| klam141|is not easy
|c| NERD NECK NIGEL|what game are they talking about pif
|c| klam141|guilty gear strive
|inactive|pif has 120 seconds left.
|c|+TSR|just kara cancel 6k
|
|t:|1647915893
|move|p2a: all bite no bark|Accelerock|p1a: Volcanion
|-supereffective|p1a: Volcanion
|-damage|p1a: Volcanion|0 fnt
|faint|p1a: Volcanion
|-damage|p2a: all bite no bark|25/100|[from] item: Life Orb
|
|upkeep
|c| NERD NECK NIGEL|who
|c|☆pif|i have no idea i ignore spectators
|c|☆UrinalSipper|thats gg
|c|☆pif|when i play
|c|☆pif|gg
|c| NERD NECK NIGEL|oh the anime dragon ball game
|c|+TSR|its a weaboo fighting game
|
|t:|1647915904
|switch|p1a: Thundurus|Thundurus-Therian, M|39/100
|-damage|p1a: Thundurus|14/100|[from] Stealth Rock
|turn|38
|
|t:|1647915909
|move|p2a: all bite no bark|Stone Edge|p1a: Thundurus
|-supereffective|p1a: Thundurus
|-damage|p1a: Thundurus|0 fnt
|faint|p1a: Thundurus
|-damage|p2a: all bite no bark|15/100|[from] item: Life Orb
|
|win|pif
|raw|UrinalSipper's rating: 1354 &rarr; <strong>1347</strong><br />(-7 for losing)
|raw|pif's rating: 1626 &rarr; <strong>1633</strong><br />(+7 for winning)
|c| BurgerQueenn|reverse sweep
|c| klam141|no its not dragon ball
|c|+TSR|same devs as dbfz
|c| NERD NECK NIGEL|mortal kombat with boobs
|c| klam141|yeah but its not dbfz
|c| UU11Astallmaster69|how do you run  out of glue
|l| Corperate N
|c|☆UrinalSipper|whats the discord
|c| klam141|oh my god
|c|☆UrinalSipper|i want in
|l| Arxtric
|c| NERD NECK NIGEL|LOOOL
|c|+TSR|LOL
||Ladder isn't responding, score probably updated but might not have (Request timeout).
|l| StarFalcon555
|c| Corporate Donkey|you eat all of it UU11Astallmaster69
|c| NERD NECK NIGEL|get in here urinal sipper
|c| BurgerQueenn|LOOOL
|c| klam141|tsr
|c|☆UrinalSipper|i gotta practice. and train. for my rematch
|c| klam141|you got it on pc or ps4
|c|+TSR|pc
|c| klam141|fuck
|c| Corporate Donkey|the glue is emptied from the container and put into the tumtum
|c| UU11Astallmaster69|Corporate donkey i dont even have the game
|c| UU11Astallmaster69|stfu
|c|+TSR|crossplay soon
|c| klam141|i knew i should have bought it on pc
|c| klam141|oh i know
|c| UU11Astallmaster69|i havent played the game rn*
|c| UU11Astallmaster69|how could i have eaten all the glue
|c| klam141|https://toughlovearena.com/
|l|☆UrinalSipper
|c| UU11Astallmaster69|when klam is right here
|l| mala☆huju
|l| ultrasecrettesting
|l| NERD NECK NIGEL
|c| Corporate Donkey|you both ate it all
|c| Corporate Donkey|it was a joint effort
