|j|☆Moutemoute
|j|☆Dunoks
|t:|1667767935
|gametype|singles
|player|p1|Moutemoute|#moutemoute|
|player|p2|Dunoks|#fcl9mighty|
|teamsize|p1|6
|teamsize|p2|6
|gen|8
|tier|[Gen 8] UU
|rule|Sleep Clause Mod: Limit one foe put to sleep
|rule|Species Clause: Limit one of each Pokémon
|rule|OHKO Clause: OHKO moves are banned
|rule|Evasion Items Clause: Evasion items are banned
|rule|Evasion Moves Clause: Evasion moves are banned
|rule|Endless Battle Clause: Forcing endless battles is banned
|rule|HP Percentage Mod: HP is shown in percentages
|rule|Dynamax Clause: You cannot dynamax
|clearpoke
|poke|p1|Zygarde-10%|
|poke|p1|Rotom-Wash|
|poke|p1|Cobalion|
|poke|p1|Sylveon, F|
|poke|p1|Amoonguss, M|
|poke|p1|Hydreigon, F|
|poke|p2|Chansey, F|
|poke|p2|Torkoal, F|
|poke|p2|Swampert, F|
|poke|p2|Venusaur, M|
|poke|p2|Darmanitan, F|
|poke|p2|Hatterene, F|
|teampreview
|c|☆Dunoks|public plz
|c|☆Moutemoute|/log Moutemoute made this room public.
|j| DRX 2022
|j| Eledyr
|j| Menacce17
|j| Alkione
|j| RoiDadadou
|j|+Dragonillis
|j| Esperar2Segundos
|j| ColiseeLink
|j| Uxilon
|j| palapapop
|j| Temporia
|c|☆Dunoks|hf
|j| Royal1604
|j| Michy47
|j| BTLT200$ mimilimi
|j| Inder
|inactive|Battle timer is ON: inactive players will automatically lose when time's up. (requested by Dunoks)
|j| ARN32_Liza
|c|☆Moutemoute|hf
|j| Don Colombus
|j| lemonstre1
|j| Heerv
|j| Bhalal
|j| wertsd26
|j| ChaFouu
|j| Dflo
|j| Phxo'
|j|&iron☂water ♫
|l| ColiseeLink
|j| ult9ns doom
|
|t:|1667768029
|start
|switch|p1a: Zygarde|Zygarde-10%|100/100
|switch|p2a: Hatterene|Hatterene, F|100/100
|-ability|p1a: Zygarde|Aura Break
|turn|1
|j| Nom interdit
|l| wertsd26
|l| Inder
|
|t:|1667768044
|switch|p1a: Cobalion|Cobalion|100/100
|move|p2a: Hatterene|Psyshock|p1a: Cobalion
|-damage|p1a: Cobalion|68/100
|
|upkeep
|turn|2
|j| PoussPouss
|j| LLLiolae
|j| wertsd26
|j| ColiseeLink
|j| Inder
|l| LLLiolae
|
|t:|1667768062
|move|p1a: Cobalion|Iron Head|p2a: Hatterene
|-supereffective|p2a: Hatterene
|-damage|p2a: Hatterene|43/100
|move|p2a: Hatterene|Mystical Fire|p1a: Cobalion
|-supereffective|p1a: Cobalion
|-damage|p1a: Cobalion|2/100
|-unboost|p1a: Cobalion|spa|1
|
|-heal|p2a: Hatterene|49/100|[from] item: Leftovers
|upkeep
|turn|3
|j| h4g
|j| Lambovino
|
|t:|1667768079
|switch|p1a: Zygarde|Zygarde-10%|100/100
|-ability|p1a: Zygarde|Aura Break
|switch|p2a: Torkoal|Torkoal, F|100/100
|-weather|SunnyDay|[from] ability: Drought|[of] p2a: Torkoal
|
|-weather|SunnyDay|[upkeep]
|upkeep
|turn|4
|j| PokemonCestDur
|inactive|Dunoks has 270 seconds left.
|j| un nouveau depart.
|j| Skyrio
|
|t:|1667768105
|switch|p2a: Chansey|Chansey, F|100/100
|move|p1a: Zygarde|Thousand Waves|p2a: Chansey
|-damage|p2a: Chansey|80/100
|-activate|p2a: Chansey|trapped
|
|-weather|SunnyDay|[upkeep]
|upkeep
|turn|5
|j| Osake
|j| Bubzeee
|
|t:|1667768112
|move|p1a: Zygarde|Coil|p1a: Zygarde
|-boost|p1a: Zygarde|atk|1
|-boost|p1a: Zygarde|def|1
|-boost|p1a: Zygarde|accuracy|1
|move|p2a: Chansey|Teleport|p2a: Chansey
|j| Sirwings
|j| NHelioX7
|j| T1 Thib
|j|+Altthiel
|j| Wnn
|j| Pedransu ☀️
|j| Scavet
|j| Giga㋛Chandelure-☂
|inactive|Dunoks has 240 seconds left.
|l| Michy47
|l| h4g
|j| weshbien
|j| Michy47
|j| Pais
|l| Wnn
|
|t:|1667768162
|switch|p2a: Hatterene|Hatterene, F|49/100|[from]move: Teleport
|
|-weather|SunnyDay|[upkeep]
|-heal|p2a: Hatterene|55/100|[from] item: Leftovers
|upkeep
|turn|6
|j| Kita Prodigezz
|j| h4g
|
|t:|1667768176
|move|p1a: Zygarde|Thousand Waves|p2a: Hatterene
|-damage|p2a: Hatterene|9/100
|-activate|p2a: Hatterene|trapped
|move|p2a: Hatterene|Draining Kiss|p1a: Zygarde
|-supereffective|p1a: Zygarde
|-damage|p1a: Zygarde|42/100
|-heal|p2a: Hatterene|52/100|[from] drain|[of] p1a: Zygarde
|
|-weather|SunnyDay|[upkeep]
|-heal|p2a: Hatterene|58/100|[from] item: Leftovers
|upkeep
|turn|7
|l| Sirwings
|j| CaptainEikichi
|l| Michy47
|c| Alkione|MOUAAAAAAAAH
|inactive|Dunoks has 210 seconds left.
|l| Pedransu ☀️
|j| Michy47
|c| Don Colombus|mouuuuuuuuuuuuah 💋 RoiDadadou
|c|☆Moutemoute|le call MU qui passe pas
|l| ColiseeLink
|c| RoiDadadou|MOUAAAH.
|l| wertsd26
|c|☆Moutemoute|spoiler team ça sent pas bon
|j| Wnn
|j| Pedransu ☀️
|
|t:|1667768215
|switch|p1a: Amoonguss|Amoonguss, M|100/100
|move|p2a: Hatterene|Psyshock|p1a: Amoonguss
|-supereffective|p1a: Amoonguss
|-damage|p1a: Amoonguss|38/100
|
|-weather|SunnyDay|[upkeep]
|-heal|p2a: Hatterene|64/100|[from] item: Leftovers
|upkeep
|turn|8
|l| Pedransu ☀️
|j| LLLiolae
|j| ColiseeLink
|c| Alkione|SIUUUUUU
|l| h4g
|l| Michy47
|l| Bubzeee
|j| Pedransu ☀️
|c| NHelioX7|Leeeeeesgoooo dudu
|j| wertsd26
|
|t:|1667768237
|move|p2a: Hatterene|Mystical Fire|p1a: Amoonguss
|-supereffective|p1a: Amoonguss
|-damage|p1a: Amoonguss|0 fnt
|faint|p1a: Amoonguss
|
|-weather|SunnyDay|[upkeep]
|-heal|p2a: Hatterene|70/100|[from] item: Leftovers
|upkeep
|l| Wnn
|l| CaptainEikichi
|j| h4g
|
|t:|1667768240
|switch|p1a: Cobalion|Cobalion|2/100
|turn|9
|l| LLLiolae
|
|t:|1667768257
|switch|p2a: Swampert|Swampert, F|100/100
|move|p1a: Cobalion|Stealth Rock|p2a: Swampert
|-sidestart|p2: Dunoks|move: Stealth Rock
|
|-weather|SunnyDay|[upkeep]
|upkeep
|turn|10
|l| ColiseeLink
|
|t:|1667768263
|move|p1a: Cobalion|Swords Dance|p1a: Cobalion
|-boost|p1a: Cobalion|atk|2
|move|p2a: Swampert|Stealth Rock|p1a: Cobalion
|-sidestart|p1: Moutemoute|move: Stealth Rock
|
|-weather|none
|upkeep
|turn|11
|
|t:|1667768268
|move|p1a: Cobalion|Close Combat|p2a: Swampert
|-damage|p2a: Swampert|7/100
|-unboost|p1a: Cobalion|def|1
|-unboost|p1a: Cobalion|spd|1
|move|p2a: Swampert|Earthquake|p1a: Cobalion
|-supereffective|p1a: Cobalion
|-enditem|p1a: Cobalion|Shuca Berry|[eat]
|-enditem|p1a: Cobalion|Shuca Berry|[weaken]
|-damage|p1a: Cobalion|0 fnt
|faint|p1a: Cobalion
|
|-heal|p2a: Swampert|14/100|[from] item: Leftovers
|upkeep
|c| Pais|TELL ME WHY ARE WEEEEEEEE SO BLIIIIIND TO SEEEE
|raw|<div class="broadcast-red"><strong>Moderated chat was set to +!</strong><br />Only users of rank + and higher can talk.</div>
|inactive|Moutemoute has 270 seconds left.
|
|t:|1667768303
|switch|p1a: Hydreigon|Hydreigon, F|100/100
|-damage|p1a: Hydreigon|88/100|[from] Stealth Rock
|turn|12
|
|t:|1667768320
|move|p1a: Hydreigon|Dark Pulse|p2a: Swampert
|-damage|p2a: Swampert|0 fnt
|faint|p2a: Swampert
|
|upkeep
|
|t:|1667768328
|switch|p2a: Chansey|Chansey, F|80/100
|-damage|p2a: Chansey|67/100|[from] Stealth Rock
|turn|13
|
|t:|1667768333
|move|p1a: Hydreigon|Dark Pulse|p2a: Chansey
|-damage|p2a: Chansey|55/100
|move|p2a: Chansey|Toxic|p1a: Hydreigon
|-status|p1a: Hydreigon|tox
|
|-damage|p1a: Hydreigon|82/100 tox|[from] psn
|upkeep
|turn|14
|
|t:|1667768340
|switch|p1a: Zygarde|Zygarde-10%|42/100
|-damage|p1a: Zygarde|36/100|[from] Stealth Rock
|-ability|p1a: Zygarde|Aura Break
|move|p2a: Chansey|Soft-Boiled|p2a: Chansey
|-heal|p2a: Chansey|100/100
|
|upkeep
|turn|15
|j|&Alpha
|
|t:|1667768344
|move|p1a: Zygarde|Coil|p1a: Zygarde
|-boost|p1a: Zygarde|atk|1
|-boost|p1a: Zygarde|def|1
|-boost|p1a: Zygarde|accuracy|1
|move|p2a: Chansey|Seismic Toss|p1a: Zygarde
|-damage|p1a: Zygarde|4/100
|
|upkeep
|turn|16
|
|t:|1667768349
|move|p1a: Zygarde|Rest|p1a: Zygarde
|-status|p1a: Zygarde|slp|[from] move: Rest
|-heal|p1a: Zygarde|100/100 slp|[silent]
|-enditem|p1a: Zygarde|Chesto Berry|[eat]
|-curestatus|p1a: Zygarde|slp|[msg]
|move|p2a: Chansey|Teleport|p2a: Chansey
|
|t:|1667768352
|switch|p2a: Hatterene|Hatterene, F|70/100|[from]move: Teleport
|-damage|p2a: Hatterene|58/100|[from] Stealth Rock
|
|-heal|p2a: Hatterene|64/100|[from] item: Leftovers
|upkeep
|turn|17
|
|t:|1667768377
|move|p1a: Zygarde|Thousand Waves|p2a: Hatterene
|-damage|p2a: Hatterene|18/100
|-activate|p2a: Hatterene|trapped
|move|p2a: Hatterene|Draining Kiss|p1a: Zygarde
|-supereffective|p1a: Zygarde
|-damage|p1a: Zygarde|46/100
|-heal|p2a: Hatterene|58/100|[from] drain|[of] p1a: Zygarde
|
|-heal|p2a: Hatterene|64/100|[from] item: Leftovers
|upkeep
|turn|18
|c|☆Moutemoute|oué sorry team, ce MU était pas gérable
|-message|Moutemoute forfeited.
|
|win|Dunoks
|l|☆Moutemoute
|c|☆Dunoks|gg
|l|&Alpha
|l|+Altthiel
|j|+Tuthur
|j|&Alpha
|l|&Alpha
|l|+Tuthur
