|j|☆Xoyjaz
|j|☆BlowBoy
|player|p1|Xoyjaz|lucas|1375
|player|p2|BlowBoy|marlon|1266
|teamsize|p1|6
|teamsize|p2|6
|gametype|singles
|gen|8
|tier|[Gen 8] UU
|rated|
|clearpoke
|poke|p1|Mamoswine, F|
|poke|p1|Ribombee, F|
|poke|p1|Crawdaunt, F|
|poke|p1|Chandelure, F|
|poke|p1|Heliolisk, M|
|poke|p1|Cloyster, M|
|poke|p2|Inteleon, F|
|poke|p2|Obstagoon, F|
|poke|p2|Morpeko, M|
|poke|p2|Duraludon, F|
|poke|p2|Runerigus, F|
|poke|p2|Alcremie-Rubycream, F|
|rule|Sleep Clause Mod: Limit one foe put to sleep
|rule|Species Clause: Limit one of each Pokémon
|rule|OHKO Clause: OHKO moves are banned
|rule|Evasion Moves Clause: Evasion moves are banned
|rule|Endless Battle Clause: Forcing endless battles is banned
|rule|HP Percentage Mod: HP is shown in percentages
|rule|Dynamax Clause: You cannot dynamax
|teampreview
|c|☆BlowBoy|gl hf
|inactive|Battle timer is ON: inactive players will automatically lose when time's up. (requested by Xoyjaz)
|
|start
|switch|p1a: Bombaclat|Mamoswine, F|100/100
|switch|p2a: Morpeko|Morpeko, M|100/100
|turn|1
|
|move|p2a: Morpeko|Parting Shot|p1a: Bombaclat
|-unboost|p1a: Bombaclat|atk|1
|-unboost|p1a: Bombaclat|spa|1
|
|switch|p2a: Runerigus|Runerigus, F|100/100|[from]move: Parting Shot
|move|p1a: Bombaclat|Earthquake|p2a: Runerigus
|-damage|p2a: Runerigus|77/100
|
|-heal|p2a: Runerigus|83/100|[from] item: Leftovers
|upkeep
|turn|2
|
|move|p1a: Bombaclat|Stealth Rock|p2a: Runerigus
|-sidestart|p2: BlowBoy|move: Stealth Rock
|move|p2a: Runerigus|Will-O-Wisp|p1a: Bombaclat
|-status|p1a: Bombaclat|brn
|
|-heal|p2a: Runerigus|89/100|[from] item: Leftovers
|-damage|p1a: Bombaclat|94/100 brn|[from] brn
|upkeep
|turn|3
|
|switch|p1a: Cloyster|Cloyster, M|100/100
|move|p2a: Runerigus|Stealth Rock|p1a: Cloyster
|-sidestart|p1: Xoyjaz|move: Stealth Rock
|
|-heal|p2a: Runerigus|95/100|[from] item: Leftovers
|upkeep
|turn|4
|
|move|p1a: Cloyster|Shell Smash|p1a: Cloyster
|-unboost|p1a: Cloyster|def|1
|-unboost|p1a: Cloyster|spd|1
|-boost|p1a: Cloyster|atk|2
|-boost|p1a: Cloyster|spa|2
|-boost|p1a: Cloyster|spe|2
|move|p2a: Runerigus|Will-O-Wisp|p1a: Cloyster
|-status|p1a: Cloyster|brn
|
|-heal|p2a: Runerigus|100/100|[from] item: Leftovers
|-damage|p1a: Cloyster|94/100 brn|[from] brn
|upkeep
|turn|5
|
|move|p2a: Runerigus|Protect|p2a: Runerigus
|-singleturn|p2a: Runerigus|Protect
|move|p1a: Cloyster|Shell Smash|p1a: Cloyster
|-unboost|p1a: Cloyster|def|1
|-unboost|p1a: Cloyster|spd|1
|-boost|p1a: Cloyster|atk|2
|-boost|p1a: Cloyster|spa|2
|-boost|p1a: Cloyster|spe|2
|
|-heal|p1a: Cloyster|100/100 brn|[from] item: Leftovers
|-damage|p1a: Cloyster|94/100 brn|[from] brn
|upkeep
|turn|6
|
|move|p1a: Cloyster|Icicle Spear|p2a: Runerigus
|-supereffective|p2a: Runerigus
|-damage|p2a: Runerigus|82/100
|-supereffective|p2a: Runerigus
|-damage|p2a: Runerigus|63/100
|-supereffective|p2a: Runerigus
|-damage|p2a: Runerigus|44/100
|-supereffective|p2a: Runerigus
|-damage|p2a: Runerigus|24/100
|-supereffective|p2a: Runerigus
|-damage|p2a: Runerigus|4/100
|-hitcount|p2a: Runerigus|5
|move|p2a: Runerigus|Body Press|p1a: Cloyster
|-supereffective|p1a: Cloyster
|-damage|p1a: Cloyster|0 fnt
|faint|p1a: Cloyster
|
|-heal|p2a: Runerigus|10/100|[from] item: Leftovers
|upkeep
|
|switch|p1a: Twinkle Rex|Ribombee, F, shiny|100/100
|-damage|p1a: Twinkle Rex|76/100|[from] Stealth Rock
|turn|7
|
|switch|p2a: Alcremie|Alcremie-Rubycream, F|100/100
|-damage|p2a: Alcremie|88/100|[from] Stealth Rock
|move|p1a: Twinkle Rex|Sticky Web|p2a: Alcremie
|-sidestart|p2: BlowBoy|move: Sticky Web
|
|upkeep
|turn|8
|
|move|p1a: Twinkle Rex|Quiver Dance|p1a: Twinkle Rex
|-boost|p1a: Twinkle Rex|spa|1
|-boost|p1a: Twinkle Rex|spd|1
|-boost|p1a: Twinkle Rex|spe|1
|move|p2a: Alcremie|Mystical Fire|p1a: Twinkle Rex
|-supereffective|p1a: Twinkle Rex
|-crit|p1a: Twinkle Rex
|-damage|p1a: Twinkle Rex|0 fnt
|faint|p1a: Twinkle Rex
|
|upkeep
|
|switch|p1a: Heliolisk|Heliolisk, M|100/100
|-damage|p1a: Heliolisk|88/100|[from] Stealth Rock
|turn|9
|
|move|p1a: Heliolisk|Hyper Voice|p2a: Alcremie
|-damage|p2a: Alcremie|53/100
|move|p2a: Alcremie|Dazzling Gleam|p1a: Heliolisk
|-damage|p1a: Heliolisk|31/100
|
|upkeep
|turn|10
|
|move|p1a: Heliolisk|Hyper Voice|p2a: Alcremie
|-damage|p2a: Alcremie|17/100
|move|p2a: Alcremie|Dazzling Gleam|p1a: Heliolisk
|-damage|p1a: Heliolisk|0 fnt
|faint|p1a: Heliolisk
|
|upkeep
|
|switch|p1a: Bombaclat|Mamoswine, F|94/100 brn
|-damage|p1a: Bombaclat|82/100 brn|[from] Stealth Rock
|turn|11
|
|move|p1a: Bombaclat|Earthquake|p2a: Alcremie
|-damage|p2a: Alcremie|0 fnt
|faint|p2a: Alcremie
|
|-damage|p1a: Bombaclat|76/100 brn|[from] brn
|upkeep
|
|switch|p2a: Morpeko|Morpeko, M|100/100
|turn|12
|
|move|p2a: Morpeko|Rapid Spin|p1a: Bombaclat
|-damage|p1a: Bombaclat|60/100 brn
|-sideend|p2: BlowBoy|Stealth Rock|[from] move: Rapid Spin|[of] p2a: Morpeko
|-sideend|p2: BlowBoy|Sticky Web|[from] move: Rapid Spin|[of] p2a: Morpeko
|-boost|p2a: Morpeko|spe|1
|move|p1a: Bombaclat|Earthquake|p2a: Morpeko
|-supereffective|p2a: Morpeko
|-damage|p2a: Morpeko|0 fnt
|faint|p2a: Morpeko
|
|-damage|p1a: Bombaclat|54/100 brn|[from] brn
|upkeep
|
|switch|p2a: Inteleon|Inteleon, F|100/100
|turn|13
|
|move|p2a: Inteleon|Hydro Pump|p1a: Bombaclat
|-supereffective|p1a: Bombaclat
|-damage|p1a: Bombaclat|0 fnt
|faint|p1a: Bombaclat
|
|upkeep
|
|switch|p1a: Aqua|Chandelure, F, shiny|100/100
|-damage|p1a: Aqua|76/100|[from] Stealth Rock
|turn|14
|
|move|p1a: Aqua|Energy Ball|p2a: Inteleon
|-supereffective|p2a: Inteleon
|-crit|p2a: Inteleon
|-damage|p2a: Inteleon|0 fnt
|faint|p2a: Inteleon
|
|upkeep
|
|switch|p2a: Obstagoon|Obstagoon, F|100/100
|turn|15
|
|switch|p1a: Helping hand|Crawdaunt, F|100/100
|-damage|p1a: Helping hand|88/100|[from] Stealth Rock
|move|p2a: Obstagoon|Knock Off|p1a: Helping hand
|-resisted|p1a: Helping hand
|-damage|p1a: Helping hand|58/100
|-enditem|p1a: Helping hand|Choice Band|[from] move: Knock Off|[of] p2a: Obstagoon
|
|-status|p2a: Obstagoon|brn|[from] item: Flame Orb
|upkeep
|turn|16
|
|move|p1a: Helping hand|Aqua Jet|p2a: Obstagoon
|-damage|p2a: Obstagoon|75/100 brn
|move|p2a: Obstagoon|Facade|p1a: Helping hand
|-damage|p1a: Helping hand|0 fnt
|faint|p1a: Helping hand
|
|-damage|p2a: Obstagoon|69/100 brn|[from] brn
|upkeep
|
|switch|p1a: Aqua|Chandelure, F, shiny|76/100
|-damage|p1a: Aqua|51/100|[from] Stealth Rock
|turn|17
|
|switch|p2a: Runerigus|Runerigus, F|10/100
|move|p1a: Aqua|Fire Blast|p2a: Runerigus|[miss]
|-miss|p1a: Aqua|p2a: Runerigus
|
|-heal|p2a: Runerigus|17/100|[from] item: Leftovers
|upkeep
|turn|18
|
|move|p2a: Runerigus|Protect|p2a: Runerigus
|-singleturn|p2a: Runerigus|Protect
|move|p1a: Aqua|Fire Blast|p2a: Runerigus
|-activate|p2a: Runerigus|move: Protect
|
|-heal|p2a: Runerigus|23/100|[from] item: Leftovers
|upkeep
|turn|19
|
|move|p2a: Runerigus|Protect||[still]
|-fail|p2a: Runerigus
|move|p1a: Aqua|Fire Blast|p2a: Runerigus
|-damage|p2a: Runerigus|0 fnt
|faint|p2a: Runerigus
|
|upkeep
|
|switch|p2a: Duraludon|Duraludon, F|100/100
|turn|20
|
|move|p1a: Aqua|Fire Blast|p2a: Duraludon|[miss]
|-miss|p1a: Aqua|p2a: Duraludon
|move|p2a: Duraludon|Draco Meteor|p1a: Aqua
|-damage|p1a: Aqua|0 fnt
|-unboost|p2a: Duraludon|spa|2
|-damage|p2a: Duraludon|91/100|[from] item: Life Orb
|faint|p1a: Aqua
|
|win|BlowBoy
|l|☆Xoyjaz
|c|☆BlowBoy|gg
|raw|Xoyjaz's rating: 1398 &rarr; <strong>1370</strong><br />(-28 for losing)
|raw|BlowBoy's rating: 1247 &rarr; <strong>1282</strong><br />(+35 for winning)
