|raw|<div class="broadcast-blue"><strong>This battle is required to be public due to a player having a name starting with 'uult84z'.</div>
|j|☆Karolynia彡
|j|☆UULT84z G14
|t:|1623507493
|gametype|singles
|player|p1|Karolynia彡|n|1502
|player|p2|UULT84z G14|gambler|1534
|teamsize|p1|6
|teamsize|p2|6
|gen|8
|tier|[Gen 8] UU
|rated|
|rule|Sleep Clause Mod: Limit one foe put to sleep
|rule|Species Clause: Limit one of each Pokémon
|rule|OHKO Clause: OHKO moves are banned
|rule|Evasion Moves Clause: Evasion moves are banned
|rule|Endless Battle Clause: Forcing endless battles is banned
|rule|HP Percentage Mod: HP is shown in percentages
|rule|Dynamax Clause: You cannot dynamax
|clearpoke
|poke|p1|Rotom-Wash|
|poke|p1|Scizor, M|
|poke|p1|Salamence, M|
|poke|p1|Amoonguss, M|
|poke|p1|Chandelure, M|
|poke|p1|Mamoswine, M|
|poke|p2|Hatterene, F|
|poke|p2|Umbreon, F|
|poke|p2|Nidoqueen, F|
|poke|p2|Buzzwole|
|poke|p2|Rotom-Heat|
|poke|p2|Tangrowth, F|
|teampreview
|c|☆Karolynia彡|glhf
|c|☆UULT84z G14|hf
|
|t:|1623507522
|start
|switch|p1a: Rostom-Wash|Rotom-Wash, shiny|100/100
|switch|p2a: Rotom|Rotom-Heat|100/100
|turn|1
|
|t:|1623507527
|move|p2a: Rotom|Volt Switch|p1a: Rostom-Wash
|-damage|p1a: Rostom-Wash|73/100
|
|t:|1623507533
|switch|p2a: Tangrowth|Tangrowth, F|100/100|[from]move: Volt Switch
|move|p1a: Rostom-Wash|Volt Switch|p2a: Tangrowth
|-resisted|p2a: Tangrowth
|-damage|p2a: Tangrowth|92/100
|
|t:|1623507535
|switch|p1a: Vasectomy|Scizor, M|100/100|[from]move: Volt Switch
|
|upkeep
|turn|2
|
|t:|1623507538
|switch|p2a: Buzzwole|Buzzwole|100/100
|move|p1a: Vasectomy|U-turn|p2a: Buzzwole
|-resisted|p2a: Buzzwole
|-damage|p2a: Buzzwole|91/100
|-damage|p1a: Vasectomy|84/100|[from] item: Rocky Helmet|[of] p2a: Buzzwole
|
|t:|1623507547
|switch|p1a: Shandy|Chandelure, M, shiny|100/100|[from]move: U-turn
|
|upkeep
|turn|3
|
|t:|1623507550
|switch|p2a: Umbreon|Umbreon, F|100/100
|move|p1a: Shandy|Trick|p2a: Umbreon
|-activate|p1a: Shandy|move: Trick|[of] p2a: Umbreon
|-item|p2a: Umbreon|Choice Scarf|[from] move: Trick
|-item|p1a: Shandy|Leftovers|[from] move: Trick
|
|upkeep
|turn|4
|j| NT64X Booty
|
|t:|1623507563
|switch|p2a: Nidoqueen|Nidoqueen, F|100/100
|move|p1a: Shandy|Flamethrower|p2a: Nidoqueen
|-damage|p2a: Nidoqueen|53/100
|
|-heal|p2a: Nidoqueen|59/100|[from] item: Black Sludge
|upkeep
|turn|5
|
|t:|1623507569
|switch|p1a: Rostom-Wash|Rotom-Wash, shiny|73/100
|move|p2a: Nidoqueen|Stealth Rock|p1a: Rostom-Wash
|-sidestart|p1: Karolynia彡|move: Stealth Rock
|
|-heal|p1a: Rostom-Wash|79/100|[from] item: Leftovers
|-heal|p2a: Nidoqueen|65/100|[from] item: Black Sludge
|upkeep
|turn|6
|
|t:|1623507582
|switch|p2a: Tangrowth|Tangrowth, F|100/100
|move|p1a: Rostom-Wash|Defog|p2a: Tangrowth
|-unboost|p2a: Tangrowth|evasion|1
|-sideend|p1: Karolynia彡|Stealth Rock|[from] move: Defog|[of] p1a: Rostom-Wash
|
|-heal|p1a: Rostom-Wash|85/100|[from] item: Leftovers
|upkeep
|turn|7
|
|t:|1623507585
|move|p1a: Rostom-Wash|Volt Switch|p2a: Tangrowth
|-resisted|p2a: Tangrowth
|-damage|p2a: Tangrowth|92/100
|
|t:|1623507587
|switch|p1a: Amorgos|Amoonguss, M|100/100|[from]move: Volt Switch
|move|p2a: Tangrowth|Knock Off|p1a: Amorgos
|-damage|p1a: Amorgos|84/100
|-damage|p2a: Tangrowth|76/100|[from] item: Rocky Helmet|[of] p1a: Amorgos
|-enditem|p1a: Amorgos|Rocky Helmet|[from] move: Knock Off|[of] p2a: Tangrowth
|
|upkeep
|turn|8
|
|t:|1623507593
|switch|p2a: Umbreon|Umbreon, F|100/100
|move|p1a: Amorgos|Spore|p2a: Umbreon
|-status|p2a: Umbreon|slp|[from] move: Spore
|
|upkeep
|turn|9
|
|t:|1623507596
|switch|p2a: Nidoqueen|Nidoqueen, F|65/100
|switch|p1a: Vasectomy|Scizor, M|84/100
|
|-heal|p1a: Vasectomy|90/100|[from] item: Leftovers
|-heal|p2a: Nidoqueen|72/100|[from] item: Black Sludge
|upkeep
|turn|10
|
|t:|1623507599
|switch|p1a: Rostom-Wash|Rotom-Wash, shiny|85/100
|move|p2a: Nidoqueen|Stealth Rock|p1a: Rostom-Wash
|-sidestart|p1: Karolynia彡|move: Stealth Rock
|
|-heal|p1a: Rostom-Wash|91/100|[from] item: Leftovers
|-heal|p2a: Nidoqueen|78/100|[from] item: Black Sludge
|upkeep
|turn|11
|
|t:|1623507604
|switch|p2a: Tangrowth|Tangrowth, F|100/100
|move|p1a: Rostom-Wash|Defog|p2a: Tangrowth
|-unboost|p2a: Tangrowth|evasion|1
|-sideend|p1: Karolynia彡|Stealth Rock|[from] move: Defog|[of] p1a: Rostom-Wash
|
|-heal|p1a: Rostom-Wash|98/100|[from] item: Leftovers
|upkeep
|turn|12
|
|t:|1623507609
|move|p1a: Rostom-Wash|Volt Switch|p2a: Tangrowth
|-resisted|p2a: Tangrowth
|-damage|p2a: Tangrowth|93/100
|
|t:|1623507611
|switch|p1a: Amorgos|Amoonguss, M|100/100|[from]move: Volt Switch
|move|p2a: Tangrowth|Knock Off|p1a: Amorgos
|-damage|p1a: Amorgos|89/100
|
|upkeep
|turn|13
|
|t:|1623507616
|switch|p2a: Nidoqueen|Nidoqueen, F|78/100
|switch|p1a: Truffle|Mamoswine, M|100/100
|
|-heal|p2a: Nidoqueen|84/100|[from] item: Black Sludge
|upkeep
|turn|14
|j| faded love
|
|t:|1623507620
|switch|p2a: Rotom|Rotom-Heat|100/100
|move|p1a: Truffle|Icicle Crash|p2a: Rotom
|-resisted|p2a: Rotom
|-damage|p2a: Rotom|78/100
|
|upkeep
|turn|15
|
|t:|1623507624
|switch|p1a: Rostom-Wash|Rotom-Wash, shiny|98/100
|move|p2a: Rotom|Volt Switch|p1a: Rostom-Wash
|-damage|p1a: Rostom-Wash|73/100
|
|t:|1623507631
|switch|p2a: Tangrowth|Tangrowth, F|100/100|[from]move: Volt Switch
|
|-heal|p1a: Rostom-Wash|79/100|[from] item: Leftovers
|upkeep
|turn|16
|j| UULT83H Rinnaldo
|
|t:|1623507638
|move|p1a: Rostom-Wash|Volt Switch|p2a: Tangrowth
|-resisted|p2a: Tangrowth
|-damage|p2a: Tangrowth|92/100
|
|t:|1623507640
|switch|p1a: Amorgos|Amoonguss, M|100/100|[from]move: Volt Switch
|move|p2a: Tangrowth|Knock Off|p1a: Amorgos
|-damage|p1a: Amorgos|89/100
|
|upkeep
|turn|17
|
|t:|1623507645
|switch|p2a: Rotom|Rotom-Heat|78/100
|switch|p1a: Truffle|Mamoswine, M|100/100
|
|upkeep
|turn|18
|
|t:|1623507649
|move|p2a: Rotom|Overheat|p1a: Truffle
|-supereffective|p1a: Truffle
|-damage|p1a: Truffle|32/100
|-unboost|p2a: Rotom|spa|2
|move|p1a: Truffle|Stealth Rock|p2a: Rotom
|-sidestart|p2: UULT84z G14|move: Stealth Rock
|
|upkeep
|turn|19
|
|t:|1623507656
|switch|p1a: Alamance|Salamence, M|100/100
|move|p2a: Rotom|Defog|p1a: Alamance
|-unboost|p1a: Alamance|evasion|1
|-sideend|p2: UULT84z G14|Stealth Rock|[from] move: Defog|[of] p2a: Rotom
|
|upkeep
|turn|20
|
|t:|1623507662
|move|p1a: Alamance|Crunch|p2a: Rotom
|-damage|p2a: Rotom|46/100
|move|p2a: Rotom|Volt Switch|p1a: Alamance
|-crit|p1a: Alamance
|-damage|p1a: Alamance|52/100
|j| QWILY
|
|t:|1623507673
|switch|p2a: Hatterene|Hatterene, F|100/100|[from]move: Volt Switch
|
|upkeep
|turn|21
|
|t:|1623507678
|switch|p1a: Shandy|Chandelure, M, shiny|100/100
|move|p2a: Hatterene|Calm Mind|p2a: Hatterene
|-boost|p2a: Hatterene|spa|1
|-boost|p2a: Hatterene|spd|1
|
|upkeep
|turn|22
|
|t:|1623507687
|switch|p1a: Vasectomy|Scizor, M|90/100
|move|p2a: Hatterene|Psyshock|p1a: Vasectomy
|-resisted|p1a: Vasectomy
|-damage|p1a: Vasectomy|55/100
|
|-heal|p1a: Vasectomy|61/100|[from] item: Leftovers
|upkeep
|turn|23
|j| porygon Z's minion
|l| NT64X Booty
|
|t:|1623507703
|move|p1a: Vasectomy|U-turn|p2a: Hatterene
|-damage|p2a: Hatterene|67/100
|
|t:|1623507704
|switch|p1a: Shandy|Chandelure, M, shiny|100/100|[from]move: U-turn
|move|p2a: Hatterene|Mystical Fire|p1a: Shandy
|-start|p1a: Shandy|ability: Flash Fire
|
|-heal|p2a: Hatterene|73/100|[from] item: Leftovers
|upkeep
|turn|24
|
|t:|1623507709
|switch|p2a: Umbreon|Umbreon, F|100/100 slp
|move|p1a: Shandy|Flamethrower|p2a: Umbreon
|-damage|p2a: Umbreon|60/100 slp
|
|upkeep
|turn|25
|
|t:|1623507713
|move|p1a: Shandy|Flamethrower|p2a: Umbreon
|-damage|p2a: Umbreon|21/100 slp
|cant|p2a: Umbreon|slp
|
|upkeep
|turn|26
|
|t:|1623507717
|move|p1a: Shandy|Flamethrower|p2a: Umbreon
|-damage|p2a: Umbreon|0 fnt
|faint|p2a: Umbreon
|
|upkeep
|
|t:|1623507722
|switch|p2a: Nidoqueen|Nidoqueen, F|84/100
|turn|27
|
|t:|1623507726
|move|p1a: Shandy|Flamethrower|p2a: Nidoqueen
|-damage|p2a: Nidoqueen|15/100
|move|p2a: Nidoqueen|Earth Power|p1a: Shandy
|-supereffective|p1a: Shandy
|-damage|p1a: Shandy|15/100
|
|-heal|p1a: Shandy|21/100|[from] item: Leftovers
|-heal|p2a: Nidoqueen|21/100|[from] item: Black Sludge
|upkeep
|turn|28
|
|t:|1623507732
|move|p1a: Shandy|Flamethrower|p2a: Nidoqueen
|-damage|p2a: Nidoqueen|0 fnt
|faint|p2a: Nidoqueen
|
|-heal|p1a: Shandy|27/100|[from] item: Leftovers
|upkeep
|
|t:|1623507734
|switch|p2a: Rotom|Rotom-Heat|46/100
|turn|29
|
|t:|1623507738
|-end|p1a: Shandy|ability: Flash Fire|[silent]
|switch|p1a: Truffle|Mamoswine, M|32/100
|move|p2a: Rotom|Volt Switch|p1a: Truffle
|-immune|p1a: Truffle
|
|upkeep
|turn|30
|
|t:|1623507743
|switch|p1a: Shandy|Chandelure, M, shiny|27/100
|move|p2a: Rotom|Volt Switch|p1a: Shandy
|-damage|p1a: Shandy|0 fnt
|faint|p1a: Shandy
|
|t:|1623507747
|switch|p2a: Hatterene|Hatterene, F|73/100|[from]move: Volt Switch
|
|-heal|p2a: Hatterene|79/100|[from] item: Leftovers
|upkeep
|
|t:|1623507754
|switch|p1a: Truffle|Mamoswine, M|32/100
|turn|31
|
|t:|1623507759
|switch|p2a: Buzzwole|Buzzwole|91/100
|move|p1a: Truffle|Icicle Crash|p2a: Buzzwole
|-damage|p2a: Buzzwole|68/100
|
|upkeep
|turn|32
|
|t:|1623507773
|move|p1a: Truffle|Stealth Rock|p2a: Buzzwole
|-sidestart|p2: UULT84z G14|move: Stealth Rock
|move|p2a: Buzzwole|Drain Punch|p1a: Truffle
|-supereffective|p1a: Truffle
|-damage|p1a: Truffle|0 fnt
|-heal|p2a: Buzzwole|82/100|[from] drain|[of] p1a: Truffle
|faint|p1a: Truffle
|-ability|p2a: Buzzwole|Beast Boost|boost
|-boost|p2a: Buzzwole|def|1
|
|upkeep
|
|t:|1623507775
|switch|p1a: Alamance|Salamence, M|52/100
|turn|33
|
|t:|1623507778
|move|p1a: Alamance|Dual Wingbeat|p2a: Buzzwole
|-supereffective|p2a: Buzzwole
|-damage|p2a: Buzzwole|56/100
|-damage|p1a: Alamance|35/100|[from] item: Rocky Helmet|[of] p2a: Buzzwole
|-supereffective|p2a: Buzzwole
|-damage|p2a: Buzzwole|29/100
|-damage|p1a: Alamance|18/100|[from] item: Rocky Helmet|[of] p2a: Buzzwole
|-hitcount|p2a: Buzzwole|2
|move|p2a: Buzzwole|Toxic|p1a: Alamance
|-status|p1a: Alamance|tox
|-enditem|p1a: Alamance|Lum Berry|[eat]
|-curestatus|p1a: Alamance|tox|[msg]
|
|upkeep
|turn|34
|
|t:|1623507795
|move|p1a: Alamance|Dual Wingbeat|p2a: Buzzwole
|-supereffective|p2a: Buzzwole
|-damage|p2a: Buzzwole|6/100
|-damage|p1a: Alamance|2/100|[from] item: Rocky Helmet|[of] p2a: Buzzwole
|-supereffective|p2a: Buzzwole
|-damage|p2a: Buzzwole|0 fnt
|-damage|p1a: Alamance|0 fnt|[from] item: Rocky Helmet|[of] p2a: Buzzwole
|faint|p2a: Buzzwole
|faint|p1a: Alamance
|-hitcount|p2: Buzzwole|2
|
|upkeep
|
|t:|1623507809
|switch|p1a: Rostom-Wash|Rotom-Wash, shiny|79/100
|switch|p2a: Tangrowth|Tangrowth, F|100/100
|-damage|p2a: Tangrowth|88/100|[from] Stealth Rock
|turn|35
|
|t:|1623507815
|switch|p2a: Rotom|Rotom-Heat|46/100
|move|p1a: Rostom-Wash|Volt Switch|p2a: Rotom
|-resisted|p2a: Rotom
|-damage|p2a: Rotom|32/100
|
|t:|1623507820
|switch|p1a: Amorgos|Amoonguss, M|100/100|[from]move: Volt Switch
|
|upkeep
|turn|36
|
|t:|1623507824
|move|p2a: Rotom|Pain Split|p1a: Amorgos
|-sethp|p1a: Amorgos|62/100|[from] move: Pain Split|[silent]
|-sethp|p2a: Rotom|87/100|[from] move: Pain Split
|move|p1a: Amorgos|Spore|p2a: Rotom
|-status|p2a: Rotom|slp|[from] move: Spore
|
|upkeep
|turn|37
|
|t:|1623507828
|switch|p1a: Rostom-Wash|Rotom-Wash, shiny|79/100
|cant|p2a: Rotom|slp
|
|-heal|p1a: Rostom-Wash|85/100|[from] item: Leftovers
|upkeep
|turn|38
|
|t:|1623507829
|switch|p2a: Tangrowth|Tangrowth, F|100/100
|-damage|p2a: Tangrowth|88/100|[from] Stealth Rock
|move|p1a: Rostom-Wash|Hydro Pump|p2a: Tangrowth
|-resisted|p2a: Tangrowth
|-damage|p2a: Tangrowth|75/100
|
|-heal|p1a: Rostom-Wash|92/100|[from] item: Leftovers
|upkeep
|turn|39
|
|t:|1623507833
|switch|p2a: Rotom|Rotom-Heat|87/100 slp
|move|p1a: Rostom-Wash|Volt Switch|p2a: Rotom
|-resisted|p2a: Rotom
|-damage|p2a: Rotom|74/100 slp
|
|t:|1623507835
|switch|p1a: Vasectomy|Scizor, M|61/100|[from]move: Volt Switch
|
|-heal|p1a: Vasectomy|68/100|[from] item: Leftovers
|upkeep
|turn|40
|
|t:|1623507838
|-curestatus|p2a: Rotom|slp|[msg]
|move|p2a: Rotom|Overheat|p1a: Vasectomy
|-supereffective|p1a: Vasectomy
|-damage|p1a: Vasectomy|0 fnt
|-unboost|p2a: Rotom|spa|2
|faint|p1a: Vasectomy
|
|upkeep
|c|☆Karolynia彡|god dammit
|
|t:|1623507842
|switch|p1a: Rostom-Wash|Rotom-Wash, shiny|92/100
|turn|41
|
|t:|1623507845
|move|p2a: Rotom|Volt Switch|p1a: Rostom-Wash
|-damage|p1a: Rostom-Wash|77/100
|
|t:|1623507847
|switch|p2a: Tangrowth|Tangrowth, F|100/100|[from]move: Volt Switch
|-damage|p2a: Tangrowth|88/100|[from] Stealth Rock
|move|p1a: Rostom-Wash|Volt Switch|p2a: Tangrowth
|-resisted|p2a: Tangrowth
|-damage|p2a: Tangrowth|81/100
|
|t:|1623507848
|switch|p1a: Amorgos|Amoonguss, M|95/100|[from]move: Volt Switch
|
|upkeep
|turn|42
|
|t:|1623507852
|switch|p2a: Rotom|Rotom-Heat|74/100
|move|p1a: Amorgos|Sludge Bomb|p2a: Rotom
|-damage|p2a: Rotom|44/100
|
|upkeep
|turn|43
|
|t:|1623507859
|move|p2a: Rotom|Overheat|p1a: Amorgos
|-supereffective|p1a: Amorgos
|-damage|p1a: Amorgos|14/100
|-unboost|p2a: Rotom|spa|2
|move|p1a: Amorgos|Spore|p2a: Rotom
|-status|p2a: Rotom|slp|[from] move: Spore
|
|upkeep
|turn|44
|
|t:|1623507865
|switch|p2a: Hatterene|Hatterene, F|79/100
|-damage|p2a: Hatterene|67/100|[from] Stealth Rock
|move|p1a: Amorgos|Sludge Bomb|p2a: Hatterene
|-supereffective|p2a: Hatterene
|-damage|p2a: Hatterene|12/100
|-status|p2a: Hatterene|psn
|
|-heal|p2a: Hatterene|18/100 psn|[from] item: Leftovers
|-damage|p2a: Hatterene|6/100 psn|[from] psn
|upkeep
|turn|45
|
|t:|1623507872
|switch|p1a: Rostom-Wash|Rotom-Wash, shiny|77/100
|move|p2a: Hatterene|Psyshock|p1a: Rostom-Wash
|-damage|p1a: Rostom-Wash|39/100
|
|-heal|p1a: Rostom-Wash|45/100|[from] item: Leftovers
|-heal|p2a: Hatterene|12/100 psn|[from] item: Leftovers
|-damage|p2a: Hatterene|0 fnt|[from] psn
|faint|p2a: Hatterene
|upkeep
|
|t:|1623507876
|switch|p2a: Tangrowth|Tangrowth, F|100/100
|-damage|p2a: Tangrowth|88/100|[from] Stealth Rock
|turn|46
|
|t:|1623507882
|move|p1a: Rostom-Wash|Volt Switch|p2a: Tangrowth
|-resisted|p2a: Tangrowth
|-damage|p2a: Tangrowth|80/100
|
|t:|1623507883
|switch|p1a: Amorgos|Amoonguss, M|47/100|[from]move: Volt Switch
|move|p2a: Tangrowth|Earthquake|p1a: Amorgos
|-damage|p1a: Amorgos|29/100
|
|upkeep
|turn|47
|
|t:|1623507892
|move|p2a: Tangrowth|Earthquake|p1a: Amorgos
|-damage|p1a: Amorgos|12/100
|move|p1a: Amorgos|Sludge Bomb|p2a: Tangrowth
|-supereffective|p2a: Tangrowth
|-damage|p2a: Tangrowth|47/100
|
|upkeep
|turn|48
|
|t:|1623507896
|switch|p1a: Rostom-Wash|Rotom-Wash, shiny|45/100
|move|p2a: Tangrowth|Seed Bomb|p1a: Rostom-Wash
|-supereffective|p1a: Rostom-Wash
|-damage|p1a: Rostom-Wash|0 fnt
|faint|p1a: Rostom-Wash
|
|upkeep
|
|t:|1623507897
|switch|p1a: Amorgos|Amoonguss, M|45/100
|turn|49
|
|t:|1623507907
|move|p2a: Tangrowth|Rock Slide|p1a: Amorgos
|-damage|p1a: Amorgos|32/100
|cant|p1a: Amorgos|flinch
|
|upkeep
|turn|50
|c|☆Karolynia彡|/me sigh
|
|t:|1623507916
|move|p2a: Tangrowth|Earthquake|p1a: Amorgos
|-damage|p1a: Amorgos|14/100
|move|p1a: Amorgos|Sludge Bomb|p2a: Tangrowth
|-supereffective|p2a: Tangrowth
|-damage|p2a: Tangrowth|16/100
|
|upkeep
|turn|51
|c|☆UULT84z G14|gg
|
|t:|1623507924
|move|p2a: Tangrowth|Earthquake|p1a: Amorgos
|-damage|p1a: Amorgos|0 fnt
|faint|p1a: Amorgos
|
|win|UULT84z G14
|raw|Karolynia彡's rating: 1502 &rarr; <strong>1484</strong><br />(-18 for losing)
|raw|UULT84z G14's rating: 1534 &rarr; <strong>1552</strong><br />(+18 for winning)
|c|☆Karolynia彡|gg
|l|☆Karolynia彡
|l|☆UULT84z G14
|l| porygon Z's minion
