|j|☆TheFlawlessWin
|j|☆laevin ㋛
|t:|1595399797
|player|p1|TheFlawlessWin|153|1761
|player|p2|laevin ㋛|lass-gen4dp|1679
|teamsize|p1|6
|teamsize|p2|6
|gametype|singles
|gen|8
|tier|[Gen 8] UU
|rated|
|clearpoke
|poke|p1|Porygon-Z|
|poke|p1|Incineroar, F|
|poke|p1|Bronzong|
|poke|p1|Golisopod, F|
|poke|p1|Hitmontop, M|
|poke|p1|Rotom-Mow|
|poke|p2|Doublade, F|
|poke|p2|Krookodile, F|
|poke|p2|Slowking, M|
|poke|p2|Weezing-Galar, M|
|poke|p2|Blissey, F|
|poke|p2|Keldeo-Resolute|
|rule|Sleep Clause Mod: Limit one foe put to sleep
|rule|Species Clause: Limit one of each Pokémon
|rule|OHKO Clause: OHKO moves are banned
|rule|Evasion Moves Clause: Evasion moves are banned
|rule|Endless Battle Clause: Forcing endless battles is banned
|rule|HP Percentage Mod: HP is shown in percentages
|rule|Dynamax Clause: You cannot dynamax
|teampreview
|j| JonAmon 25
|
|t:|1595399823
|start
|switch|p1a: Golisopod|Golisopod, F|100/100
|switch|p2a: stinkin lincoln|Weezing-Galar, M|100/100
|turn|1
|
|t:|1595399836
|move|p2a: stinkin lincoln|Fire Blast|p1a: Golisopod
|-damage|p1a: Golisopod|69/100
|move|p1a: Golisopod|Spikes|p2a: stinkin lincoln
|-sidestart|p2: laevin ㋛|Spikes
|
|upkeep
|turn|2
|
|t:|1595399843
|switch|p1a: Bronzong|Bronzong|100/100
|move|p2a: stinkin lincoln|Sludge Bomb|p1a: Bronzong
|-immune|p1a: Bronzong
|
|upkeep
|turn|3
|
|t:|1595399851
|switch|p2a: think PINK|Slowking, M|100/100
|move|p1a: Bronzong|Gyro Ball|p2a: think PINK
|-resisted|p2a: think PINK
|-damage|p2a: think PINK|96/100
|
|upkeep
|turn|4
|
|t:|1595399854
|move|p1a: Bronzong|Toxic|p2a: think PINK
|-status|p2a: think PINK|tox
|move|p2a: think PINK|Scald|p1a: Bronzong
|-damage|p1a: Bronzong|71/100
|
|-heal|p1a: Bronzong|77/100|[from] item: Leftovers
|-damage|p2a: think PINK|90/100 tox|[from] psn
|upkeep
|turn|5
|
|t:|1595399863
|move|p1a: Bronzong|Stealth Rock|p2a: think PINK
|-sidestart|p2: laevin ㋛|move: Stealth Rock
|move|p2a: think PINK|Scald|p1a: Bronzong
|-damage|p1a: Bronzong|48/100
|
|-heal|p1a: Bronzong|54/100|[from] item: Leftovers
|-damage|p2a: think PINK|78/100 tox|[from] psn
|upkeep
|turn|6
|
|t:|1595399873
|switch|p1a: Rotom|Rotom-Mow|100/100
|move|p2a: think PINK|Teleport|p2a: think PINK
|
|t:|1595399877
|switch|p2a: stinkin lincoln|Weezing-Galar, M|100/100|[from]move: Teleport
|-damage|p2a: stinkin lincoln|88/100|[from] Stealth Rock
|
|-heal|p2a: stinkin lincoln|94/100|[from] item: Leftovers
|upkeep
|turn|7
|
|t:|1595399881
|move|p1a: Rotom|Volt Switch|p2a: stinkin lincoln
|-damage|p2a: stinkin lincoln|44/100
|
|t:|1595399887
|switch|p1a: Porygon-Z|Porygon-Z|100/100|[from]move: Volt Switch
|-ability|p1a: Porygon-Z|Download|boost
|-boost|p1a: Porygon-Z|spa|1
|move|p2a: stinkin lincoln|Defog|p1a: Porygon-Z
|-unboost|p1a: Porygon-Z|evasion|1
|-sideend|p2: laevin ㋛|Spikes|[from] move: Defog|[of] p2a: stinkin lincoln
|-sideend|p2: laevin ㋛|Stealth Rock|[from] move: Defog|[of] p2a: stinkin lincoln
|
|-heal|p2a: stinkin lincoln|50/100|[from] item: Leftovers
|upkeep
|turn|8
|
|t:|1595399892
|switch|p1a: Golisopod|Golisopod, F|69/100
|switch|p2a: fancy chansey|Blissey, F|100/100
|
|upkeep
|turn|9
|
|t:|1595399897
|switch|p2a: unihorny|Keldeo-Resolute|100/100
|move|p1a: Golisopod|Spikes|p2a: unihorny
|-sidestart|p2: laevin ㋛|Spikes
|
|upkeep
|turn|10
|
|t:|1595399903
|switch|p1a: Rotom|Rotom-Mow|100/100
|move|p2a: unihorny|Secret Sword|p1a: Rotom
|-damage|p1a: Rotom|53/100
|
|upkeep
|turn|11
|
|t:|1595399914
|switch|p2a: think PINK|Slowking, M|100/100 tox
|move|p1a: Rotom|Trick|p2a: think PINK
|-activate|p1a: Rotom|move: Trick|[of] p2a: think PINK
|-item|p2a: think PINK|Choice Scarf|[from] move: Trick
|-item|p1a: Rotom|Heavy-Duty Boots|[from] move: Trick
|
|-damage|p2a: think PINK|94/100 tox|[from] psn
|upkeep
|turn|12
|
|t:|1595399927
|move|p1a: Rotom|Volt Switch|p2a: think PINK
|-supereffective|p2a: think PINK
|-damage|p2a: think PINK|42/100 tox
|
|t:|1595399951
|switch|p1a: Porygon-Z|Porygon-Z|100/100|[from]move: Volt Switch
|-ability|p1a: Porygon-Z|Download|boost
|-boost|p1a: Porygon-Z|atk|1
|move|p2a: think PINK|Teleport|p2a: think PINK
|
|t:|1595399956
|switch|p2a: fancy chansey|Blissey, F|100/100|[from]move: Teleport
|-damage|p2a: fancy chansey|88/100|[from] Spikes
|
|-heal|p2a: fancy chansey|94/100|[from] item: Leftovers
|upkeep
|turn|13
|j| Xatham
|j| El Loco Mike
|
|t:|1595399967
|switch|p1a: Incineroar|Incineroar, F|100/100
|-ability|p1a: Incineroar|Intimidate|boost
|-unboost|p2a: fancy chansey|atk|1
|move|p2a: fancy chansey|Toxic|p1a: Incineroar
|-status|p1a: Incineroar|tox
|
|-heal|p2a: fancy chansey|99/100|[from] item: Leftovers
|-damage|p1a: Incineroar|94/100 tox|[from] psn
|upkeep
|turn|14
|
|t:|1595399971
|move|p2a: fancy chansey|Protect|p2a: fancy chansey
|-singleturn|p2a: fancy chansey|Protect
|move|p1a: Incineroar|Knock Off|p2a: fancy chansey
|-activate|p2a: fancy chansey|move: Protect
|
|-heal|p2a: fancy chansey|100/100|[from] item: Leftovers
|-damage|p1a: Incineroar|82/100 tox|[from] psn
|upkeep
|turn|15
|
|t:|1595399975
|move|p1a: Incineroar|Parting Shot|p2a: fancy chansey
|-unboost|p2a: fancy chansey|atk|1
|-unboost|p2a: fancy chansey|spa|1
|
|t:|1595399982
|switch|p1a: Hitmontop|Hitmontop, M|100/100|[from]move: Parting Shot
|move|p2a: fancy chansey|Wish|p2a: fancy chansey
|
|upkeep
|turn|16
|
|t:|1595399989
|switch|p2a: stinkin lincoln|Weezing-Galar, M|50/100
|move|p1a: Hitmontop|Triple Axel|p2a: stinkin lincoln
|-damage|p2a: stinkin lincoln|39/100
|-damage|p2a: stinkin lincoln|15/100
|-damage|p2a: stinkin lincoln|0 fnt
|-hitcount|p2a: stinkin lincoln|3
|-damage|p1a: Hitmontop|91/100|[from] item: Life Orb
|faint|p2a: stinkin lincoln
|
|upkeep
|
|t:|1595399998
|switch|p2a: think PINK|Slowking, M|75/100 tox
|-damage|p2a: think PINK|63/100 tox|[from] Spikes
|turn|17
|
|t:|1595400006
|switch|p2a: pouty snouty|Krookodile, F|100/100
|-damage|p2a: pouty snouty|88/100|[from] Spikes
|-ability|p2a: pouty snouty|Intimidate|boost
|-unboost|p1a: Hitmontop|atk|1
|move|p1a: Hitmontop|Rapid Spin|p2a: pouty snouty
|-damage|p2a: pouty snouty|63/100
|-boost|p1a: Hitmontop|spe|1
|-damage|p1a: Hitmontop|81/100|[from] item: Life Orb
|
|-heal|p2a: pouty snouty|69/100|[from] item: Leftovers
|upkeep
|turn|18
|
|t:|1595400026
|switch|p1a: Golisopod|Golisopod, F|69/100
|switch|p2a: think PINK|Slowking, M|96/100 tox
|-damage|p2a: think PINK|84/100 tox|[from] Spikes
|
|-damage|p2a: think PINK|78/100 tox|[from] psn
|upkeep
|turn|19
|
|t:|1595400036
|move|p1a: Golisopod|Spikes|p2a: think PINK
|-sidestart|p2: laevin ㋛|Spikes
|move|p2a: think PINK|Scald|p1a: Golisopod
|-resisted|p1a: Golisopod
|-damage|p1a: Golisopod|49/100
|-activate|p1a: Golisopod|ability: Emergency Exit
|
|t:|1595400045
|switch|p1a: Rotom|Rotom-Mow|53/100
|
|-damage|p2a: think PINK|65/100 tox|[from] psn
|upkeep
|turn|20
|
|t:|1595400051
|switch|p2a: pouty snouty|Krookodile, F|69/100
|-damage|p2a: pouty snouty|52/100|[from] Spikes
|-ability|p2a: pouty snouty|Intimidate|boost
|-unboost|p1a: Rotom|atk|1
|move|p1a: Rotom|Volt Switch|p2a: pouty snouty
|-immune|p2a: pouty snouty
|
|-heal|p2a: pouty snouty|58/100|[from] item: Leftovers
|upkeep
|turn|21
|
|t:|1595400056
|move|p2a: pouty snouty|Stealth Rock|p1a: Rotom
|-sidestart|p1: TheFlawlessWin|move: Stealth Rock
|move|p1a: Rotom|Leaf Storm|p2a: pouty snouty
|-supereffective|p2a: pouty snouty
|-damage|p2a: pouty snouty|0 fnt
|-unboost|p1a: Rotom|spa|2
|faint|p2a: pouty snouty
|
|upkeep
|
|t:|1595400059
|switch|p2a: fancy chansey|Blissey, F|100/100
|-damage|p2a: fancy chansey|84/100|[from] Spikes
|turn|22
|
|t:|1595400069
|move|p1a: Rotom|Volt Switch|p2a: fancy chansey
|-damage|p2a: fancy chansey|78/100
|
|t:|1595400080
|switch|p1a: Hitmontop|Hitmontop, M|81/100|[from]move: Volt Switch
|-damage|p1a: Hitmontop|75/100|[from] Stealth Rock
|move|p2a: fancy chansey|Seismic Toss|p1a: Hitmontop
|-damage|p1a: Hitmontop|35/100
|
|-heal|p2a: fancy chansey|85/100|[from] item: Leftovers
|upkeep
|turn|23
|
|t:|1595400101
|switch|p1a: Incineroar|Incineroar, F|82/100 tox
|-ability|p1a: Incineroar|Intimidate|boost
|-unboost|p2a: fancy chansey|atk|1
|move|p2a: fancy chansey|Protect||[still]
|-fail|p2a: fancy chansey
|
|-heal|p2a: fancy chansey|91/100|[from] item: Leftovers
|-damage|p1a: Incineroar|76/100 tox|[from] psn
|upkeep
|turn|24
|
|t:|1595400107
|move|p2a: fancy chansey|Protect|p2a: fancy chansey
|-singleturn|p2a: fancy chansey|Protect
|move|p1a: Incineroar|Knock Off|p2a: fancy chansey
|-activate|p2a: fancy chansey|move: Protect
|
|-heal|p2a: fancy chansey|97/100|[from] item: Leftovers
|-damage|p1a: Incineroar|64/100 tox|[from] psn
|upkeep
|turn|25
|
|t:|1595400111
|move|p1a: Incineroar|Knock Off|p2a: fancy chansey
|-damage|p2a: fancy chansey|66/100
|-enditem|p2a: fancy chansey|Leftovers|[from] move: Knock Off|[of] p1a: Incineroar
|move|p2a: fancy chansey|Wish|p2a: fancy chansey
|
|-damage|p1a: Incineroar|46/100 tox|[from] psn
|upkeep
|turn|26
|
|t:|1595400116
|switch|p1a: Golisopod|Golisopod, F|49/100
|move|p2a: fancy chansey|Seismic Toss|p1a: Golisopod
|-damage|p1a: Golisopod|21/100
|
|-heal|p2a: fancy chansey|100/100|[from] move: Wish|[wisher] fancy chansey
|upkeep
|turn|27
|
|t:|1595400125
|switch|p2a: unihorny|Keldeo-Resolute|100/100
|-damage|p2a: unihorny|84/100|[from] Spikes
|move|p1a: Golisopod|First Impression|p2a: unihorny
|-resisted|p2a: unihorny
|-damage|p2a: unihorny|62/100
|-damage|p1a: Golisopod|4/100|[from] item: Rocky Helmet|[of] p2a: unihorny
|
|upkeep
|turn|28
|
|t:|1595400142
|move|p2a: unihorny|Secret Sword|p1a: Golisopod
|-resisted|p1a: Golisopod
|-damage|p1a: Golisopod|0 fnt
|faint|p1a: Golisopod
|
|upkeep
|
|t:|1595400152
|switch|p1a: Bronzong|Bronzong|54/100
|-damage|p1a: Bronzong|48/100|[from] Stealth Rock
|turn|29
|
|t:|1595400161
|move|p2a: unihorny|Secret Sword|p1a: Bronzong
|-damage|p1a: Bronzong|20/100
|move|p1a: Bronzong|Toxic|p2a: unihorny
|-status|p2a: unihorny|tox
|
|-heal|p1a: Bronzong|26/100|[from] item: Leftovers
|-damage|p2a: unihorny|56/100 tox|[from] psn
|upkeep
|turn|30
|
|t:|1595400170
|move|p2a: unihorny|Secret Sword|p1a: Bronzong
|-damage|p1a: Bronzong|0 fnt
|faint|p1a: Bronzong
|
|-damage|p2a: unihorny|44/100 tox|[from] psn
|upkeep
|
|t:|1595400174
|switch|p1a: Hitmontop|Hitmontop, M|35/100
|-damage|p1a: Hitmontop|29/100|[from] Stealth Rock
|turn|31
|
|t:|1595400192
|switch|p2a: stabby wabby|Doublade, F|100/100
|-damage|p2a: stabby wabby|84/100|[from] Spikes
|move|p1a: Hitmontop|Mach Punch|p2a: stabby wabby
|-immune|p2a: stabby wabby
|
|upkeep
|turn|32
|
|t:|1595400197
|switch|p1a: Incineroar|Incineroar, F|46/100 tox
|-ability|p1a: Incineroar|Intimidate|boost
|-unboost|p2a: stabby wabby|atk|1
|move|p2a: stabby wabby|Close Combat|p1a: Incineroar
|-supereffective|p1a: Incineroar
|-damage|p1a: Incineroar|2/100 tox
|-unboost|p2a: stabby wabby|def|1
|-unboost|p2a: stabby wabby|spd|1
|
|-damage|p1a: Incineroar|0 fnt|[from] psn
|faint|p1a: Incineroar
|upkeep
|
|t:|1595400206
|switch|p1a: Porygon-Z|Porygon-Z|100/100
|-damage|p1a: Porygon-Z|88/100|[from] Stealth Rock
|-ability|p1a: Porygon-Z|Download|boost
|-boost|p1a: Porygon-Z|spa|1
|turn|33
|
|t:|1595400212
|move|p1a: Porygon-Z|Tri Attack|p2a: stabby wabby
|-immune|p2a: stabby wabby
|move|p2a: stabby wabby|Close Combat|p1a: Porygon-Z
|-supereffective|p1a: Porygon-Z
|-damage|p1a: Porygon-Z|7/100
|-unboost|p2a: stabby wabby|def|1
|-unboost|p2a: stabby wabby|spd|1
|
|upkeep
|turn|34
|
|t:|1595400218
|switch|p2a: think PINK|Slowking, M|99/100 tox
|-damage|p2a: think PINK|82/100 tox|[from] Spikes
|move|p1a: Porygon-Z|Dark Pulse|p2a: think PINK
|-supereffective|p2a: think PINK
|-damage|p2a: think PINK|0 fnt
|-damage|p1a: Porygon-Z|0 fnt|[from] item: Life Orb
|faint|p2a: think PINK
|faint|p1a: Porygon-Z
|
|upkeep
|-message|TheFlawlessWin forfeited.
|
|win|laevin ㋛
|l|☆TheFlawlessWin
|raw|TheFlawlessWin's rating: 1736 &rarr; <strong>1713</strong><br />(-23 for losing)
|raw|laevin ㋛'s rating: 1680 &rarr; <strong>1703</strong><br />(+23 for winning)
