|j|☆Fujita Kintaro
|j|☆gaete
|t:|1634215359
|gametype|singles
|player|p1|Fujita Kintaro|benga|1300
|player|p2|gaete|koga|1381
|teamsize|p1|6
|teamsize|p2|6
|gen|8
|tier|[Gen 8] UU
|rated|
|rule|Sleep Clause Mod: Limit one foe put to sleep
|rule|Species Clause: Limit one of each Pokémon
|rule|OHKO Clause: OHKO moves are banned
|rule|Evasion Moves Clause: Evasion moves are banned
|rule|Endless Battle Clause: Forcing endless battles is banned
|rule|HP Percentage Mod: HP is shown in percentages
|rule|Dynamax Clause: You cannot dynamax
|clearpoke
|poke|p1|Azelf|
|poke|p1|Regieleki|
|poke|p1|Keldeo-Resolute|
|poke|p1|Zarude|
|poke|p1|Zygarde-10%|
|poke|p1|Aegislash, M|
|poke|p2|Celesteela|
|poke|p2|Chansey, F|
|poke|p2|Zarude|
|poke|p2|Keldeo-Resolute|
|poke|p2|Conkeldurr, M|
|poke|p2|Skarmory, M|
|teampreview
|inactive|Battle timer is ON: inactive players will automatically lose when time's up. (requested by Fujita Kintaro)
|
|t:|1634215376
|start
|switch|p1a: Azelf|Azelf|100/100
|switch|p2a: Zarude|Zarude|100/100
|turn|1
|
|t:|1634215387
|move|p1a: Azelf|Stealth Rock|p2a: Zarude
|-sidestart|p2: gaete|move: Stealth Rock
|move|p2a: Zarude|Darkest Lariat|p1a: Azelf
|-supereffective|p1a: Azelf
|-enditem|p1a: Azelf|Focus Sash
|-damage|p1a: Azelf|1/100
|
|upkeep
|turn|2
|
|t:|1634215402
|move|p1a: Azelf|Explosion|p2a: Zarude
|-damage|p2a: Zarude|17/100
|faint|p1a: Azelf
|move|p2a: Zarude|Darkest Lariat|p1: Azelf|[notarget]
|-fail|p2a: Zarude
|
|upkeep
|
|t:|1634215422
|switch|p1a: Regieleki|Regieleki, shiny|100/100
|turn|3
|
|t:|1634215429
|switch|p2a: Chansey|Chansey, F|100/100
|-damage|p2a: Chansey|88/100|[from] Stealth Rock
|move|p1a: Regieleki|Volt Switch|p2a: Chansey
|-damage|p2a: Chansey|74/100
|
|t:|1634215453
|switch|p1a: Keldeo|Keldeo-Resolute|100/100|[from]move: Volt Switch
|
|upkeep
|turn|4
|j| JonAmon 25
|
|t:|1634215464
|move|p1a: Keldeo|Hydro Pump|p2a: Chansey
|-damage|p2a: Chansey|49/100
|move|p2a: Chansey|Soft-Boiled|p2a: Chansey
|-heal|p2a: Chansey|99/100
|
|upkeep
|turn|5
|
|t:|1634215470
|switch|p1a: Aegislash|Aegislash, M, shiny|100/100
|move|p2a: Chansey|Toxic|p1a: Aegislash
|-immune|p1a: Aegislash
|
|upkeep
|turn|6
|
|t:|1634215478
|-formechange|p1a: Aegislash|Aegislash-Blade||[from] ability: Stance Change
|move|p1a: Aegislash|Close Combat|p2a: Chansey
|-supereffective|p2a: Chansey
|-damage|p2a: Chansey|49/100
|-unboost|p1a: Aegislash|def|1
|-unboost|p1a: Aegislash|spd|1
|move|p2a: Chansey|Teleport|p2a: Chansey
|
|t:|1634215495
|switch|p2a: Keldeo|Keldeo-Resolute|100/100|[from]move: Teleport
|-damage|p2a: Keldeo|94/100|[from] Stealth Rock
|
|upkeep
|turn|7
|
|t:|1634215504
|-formechange|p1a: Aegislash|Aegislash||[from] ability: Stance Change
|move|p1a: Aegislash|King's Shield|p1a: Aegislash
|-singleturn|p1a: Aegislash|Protect
|move|p2a: Keldeo|Hydro Pump|p1a: Aegislash
|-activate|p1a: Aegislash|move: Protect
|
|upkeep
|turn|8
|
|t:|1634215516
|switch|p2a: Conkeldurr|Conkeldurr, M|100/100
|-damage|p2a: Conkeldurr|95/100|[from] Stealth Rock
|switch|p1a: Zarude|Zarude|100/100
|
|-status|p2a: Conkeldurr|brn|[from] item: Flame Orb
|upkeep
|turn|9
|
|t:|1634215527
|move|p1a: Zarude|U-turn|p2a: Conkeldurr
|-resisted|p2a: Conkeldurr
|-damage|p2a: Conkeldurr|82/100 brn
|
|t:|1634215530
|switch|p1a: Aegislash|Aegislash, M, shiny|100/100|[from]move: U-turn
|move|p2a: Conkeldurr|Close Combat|p1a: Aegislash
|-immune|p1a: Aegislash
|
|-damage|p2a: Conkeldurr|76/100 brn|[from] brn
|upkeep
|turn|10
|
|t:|1634215536
|move|p1a: Aegislash|King's Shield|p1a: Aegislash
|-singleturn|p1a: Aegislash|Protect
|move|p2a: Conkeldurr|Knock Off|p1a: Aegislash
|-activate|p1a: Aegislash|move: Protect
|-unboost|p2a: Conkeldurr|atk|1
|
|-damage|p2a: Conkeldurr|70/100 brn|[from] brn
|upkeep
|turn|11
|
|t:|1634215544
|-formechange|p1a: Aegislash|Aegislash-Blade||[from] ability: Stance Change
|move|p1a: Aegislash|Shadow Ball|p2a: Conkeldurr
|-damage|p2a: Conkeldurr|0 fnt
|faint|p2a: Conkeldurr
|
|upkeep
|
|t:|1634215549
|switch|p2a: Keldeo|Keldeo-Resolute|94/100
|-damage|p2a: Keldeo|88/100|[from] Stealth Rock
|turn|12
|
|t:|1634215554
|move|p2a: Keldeo|Hydro Pump|p1a: Aegislash|[miss]
|-miss|p2a: Keldeo|p1a: Aegislash
|move|p1a: Aegislash|Shadow Ball|p2a: Keldeo
|-damage|p2a: Keldeo|34/100
|
|upkeep
|turn|13
|
|t:|1634215561
|-formechange|p1a: Aegislash|Aegislash||[from] ability: Stance Change
|move|p1a: Aegislash|King's Shield|p1a: Aegislash
|-singleturn|p1a: Aegislash|Protect
|move|p2a: Keldeo|Hydro Pump|p1a: Aegislash
|-activate|p1a: Aegislash|move: Protect
|
|upkeep
|turn|14
|
|t:|1634215564
|move|p2a: Keldeo|Hydro Pump|p1a: Aegislash|[miss]
|-miss|p2a: Keldeo|p1a: Aegislash
|-formechange|p1a: Aegislash|Aegislash-Blade||[from] ability: Stance Change
|move|p1a: Aegislash|Shadow Ball|p2a: Keldeo
|-damage|p2a: Keldeo|0 fnt
|faint|p2a: Keldeo
|
|upkeep
|l| JonAmon 25
|c|☆Fujita Kintaro|Aie
|c|☆Fujita Kintaro|Bad luck
|
|t:|1634215573
|switch|p2a: Celesteela|Celesteela|100/100
|-damage|p2a: Celesteela|88/100|[from] Stealth Rock
|turn|15
|
|t:|1634215581
|move|p2a: Celesteela|Air Slash|p1a: Aegislash
|-resisted|p1a: Aegislash
|-damage|p1a: Aegislash|65/100
|cant|p1a: Aegislash|flinch
|
|-heal|p1a: Aegislash|71/100|[from] item: Leftovers
|upkeep
|turn|16
|
|t:|1634215586
|-formechange|p1a: Aegislash|Aegislash||[from] ability: Stance Change
|move|p1a: Aegislash|King's Shield|p1a: Aegislash
|-singleturn|p1a: Aegislash|Protect
|move|p2a: Celesteela|Air Slash|p1a: Aegislash
|-activate|p1a: Aegislash|move: Protect
|
|-heal|p1a: Aegislash|77/100|[from] item: Leftovers
|upkeep
|turn|17
|
|t:|1634215589
|move|p2a: Celesteela|Air Slash|p1a: Aegislash|[miss]
|-miss|p2a: Celesteela|p1a: Aegislash
|-formechange|p1a: Aegislash|Aegislash-Blade||[from] ability: Stance Change
|move|p1a: Aegislash|Shadow Ball|p2a: Celesteela
|-damage|p2a: Celesteela|39/100
|
|-heal|p1a: Aegislash|83/100|[from] item: Leftovers
|upkeep
|turn|18
|
|t:|1634215592
|-formechange|p1a: Aegislash|Aegislash||[from] ability: Stance Change
|move|p1a: Aegislash|King's Shield|p1a: Aegislash
|-singleturn|p1a: Aegislash|Protect
|move|p2a: Celesteela|Air Slash|p1a: Aegislash
|-activate|p1a: Aegislash|move: Protect
|
|-heal|p1a: Aegislash|89/100|[from] item: Leftovers
|upkeep
|turn|19
|
|t:|1634215594
|move|p2a: Celesteela|Air Slash|p1a: Aegislash|[miss]
|-miss|p2a: Celesteela|p1a: Aegislash
|-formechange|p1a: Aegislash|Aegislash-Blade||[from] ability: Stance Change
|move|p1a: Aegislash|Shadow Ball|p2a: Celesteela
|-damage|p2a: Celesteela|0 fnt
|faint|p2a: Celesteela
|
|-heal|p1a: Aegislash|96/100|[from] item: Leftovers
|upkeep
|-message|gaete forfeited.
|
|win|Fujita Kintaro
|raw|Fujita Kintaro's rating: 1300 &rarr; <strong>1331</strong><br />(+31 for winning)
|raw|gaete's rating: 1381 &rarr; <strong>1356</strong><br />(-25 for losing)
|l|☆gaete
|c|☆Fujita Kintaro|Gg
