|html|<div class="broadcast-blue"><strong>[Gen 8] UU is currently suspecting Aegislash! For information on how to participate check out the <a href="https://www.smogon.com/forums/threads/np-ss-uu-stage-8-4-spellbound-aegislash-retest-victini-banned.3679677/">suspect thread</a>.</strong></div>
|j|☆lolorigolo
|j|☆EliotEnRetar
|t:|1615374973
|player|p1|lolorigolo|lass-gen4dp|1279
|player|p2|EliotEnRetar|falkner|1388
|teamsize|p1|6
|teamsize|p2|6
|gametype|singles
|gen|8
|tier|[Gen 8] UU
|rated|
|clearpoke
|poke|p1|Amoonguss, M|
|poke|p1|Ditto|
|poke|p1|Scizor, F|
|poke|p1|Keldeo-Resolute|
|poke|p1|Chansey, F|
|poke|p1|Volcanion|
|poke|p2|Tyrantrum, M|
|poke|p2|Rotom-Mow|
|poke|p2|Talonflame, M|
|poke|p2|Krookodile, F|
|poke|p2|Ribombee, F|
|poke|p2|Scizor, F|
|rule|Sleep Clause Mod: Limit one foe put to sleep
|rule|Species Clause: Limit one of each Pokémon
|rule|OHKO Clause: OHKO moves are banned
|rule|Evasion Moves Clause: Evasion moves are banned
|rule|Endless Battle Clause: Forcing endless battles is banned
|rule|HP Percentage Mod: HP is shown in percentages
|rule|Dynamax Clause: You cannot dynamax
|teampreview
|
|t:|1615374992
|start
|switch|p1a: Keldeo|Keldeo-Resolute|100/100
|switch|p2a: BizouJeManvol|Talonflame, M|100/100
|turn|1
|
|t:|1615375003
|switch|p1a: Chansey|Chansey, F|100/100
|move|p2a: BizouJeManvol|Brave Bird|p1a: Chansey
|-damage|p1a: Chansey|67/100
|-damage|p2a: BizouJeManvol|75/100|[from] Recoil
|
|upkeep
|turn|2
|
|t:|1615375012
|move|p2a: BizouJeManvol|U-turn|p1a: Chansey
|-damage|p1a: Chansey|55/100
|
|t:|1615375017
|switch|p2a: Salut|Ribombee, F|100/100|[from]move: U-turn
|move|p1a: Chansey|Soft-Boiled|p1a: Chansey
|-heal|p1a: Chansey|100/100
|
|upkeep
|turn|3
|inactive|Battle timer is ON: inactive players will automatically lose when time's up. (requested by lolorigolo)
|
|t:|1615375050
|switch|p1a: Scizor|Scizor, F|100/100
|move|p2a: Salut|Sticky Web|p1a: Scizor
|-sidestart|p1: lolorigolo|move: Sticky Web
|
|upkeep
|turn|4
|
|t:|1615375060
|switch|p2a: BizouJeManvol|Talonflame, M|75/100
|move|p1a: Scizor|Knock Off|p2a: BizouJeManvol
|-damage|p2a: BizouJeManvol|10/100
|-enditem|p2a: BizouJeManvol|Heavy-Duty Boots|[from] move: Knock Off|[of] p1a: Scizor
|-damage|p1a: Scizor|91/100|[from] item: Life Orb
|
|upkeep
|turn|5
|
|t:|1615375070
|switch|p2a: Cauet|Scizor, F|100/100
|move|p1a: Scizor|Bullet Punch|p2a: Cauet
|-resisted|p2a: Cauet
|-damage|p2a: Cauet|79/100
|-damage|p1a: Scizor|81/100|[from] item: Life Orb
|
|upkeep
|turn|6
|
|t:|1615375077
|switch|p1a: Volcanion|Volcanion|100/100
|move|p2a: Cauet|Swords Dance|p2a: Cauet
|-boost|p2a: Cauet|atk|2
|
|upkeep
|turn|7
|
|t:|1615375086
|move|p1a: Volcanion|Defog|p2a: Cauet
|-unboost|p2a: Cauet|evasion|1
|-sideend|p1: lolorigolo|Sticky Web|[from] move: Defog|[of] p1a: Volcanion
|move|p2a: Cauet|U-turn|p1a: Volcanion
|-resisted|p1a: Volcanion
|-damage|p1a: Volcanion|60/100
|
|t:|1615375095
|switch|p2a: Scregneugneu|Tyrantrum, M|100/100|[from]move: U-turn
|
|upkeep
|turn|8
|c|☆lolorigolo|tes fou
|c|☆EliotEnRetar|je pensais que ct un défensif
|
|t:|1615375120
|move|p2a: Scregneugneu|Earthquake|p1a: Volcanion
|-supereffective|p1a: Volcanion
|-damage|p1a: Volcanion|0 fnt
|faint|p1a: Volcanion
|
|upkeep
|
|t:|1615375126
|switch|p1a: Keldeo|Keldeo-Resolute|100/100
|turn|9
|
|t:|1615375132
|switch|p2a: Rotom|Rotom-Mow|100/100
|move|p1a: Keldeo|Calm Mind|p1a: Keldeo
|-boost|p1a: Keldeo|spa|1
|-boost|p1a: Keldeo|spd|1
|
|upkeep
|turn|10
|
|t:|1615375139
|switch|p1a: Amoonguss|Amoonguss, M|100/100
|move|p2a: Rotom|Volt Switch|p1a: Amoonguss
|-resisted|p1a: Amoonguss
|-damage|p1a: Amoonguss|86/100
|
|t:|1615375159
|switch|p2a: Scregneugneu|Tyrantrum, M|100/100|[from]move: Volt Switch
|
|upkeep
|turn|11
|
|t:|1615375178
|move|p2a: Scregneugneu|Head Smash|p1a: Amoonguss
|-damage|p1a: Amoonguss|19/100
|-damage|p2a: Scregneugneu|84/100|[from] item: Rocky Helmet|[of] p1a: Amoonguss
|move|p1a: Amoonguss|Spore|p2a: Scregneugneu
|-status|p2a: Scregneugneu|slp|[from] move: Spore
|
|upkeep
|turn|12
|
|t:|1615375188
|switch|p2a: Salut|Ribombee, F|100/100
|switch|p1a: Scizor|Scizor, F|81/100
|
|upkeep
|turn|13
|
|t:|1615375194
|move|p1a: Scizor|Bullet Punch|p2a: Salut
|-supereffective|p2a: Salut
|-enditem|p2a: Salut|Focus Sash
|-damage|p2a: Salut|1/100
|-damage|p1a: Scizor|71/100|[from] item: Life Orb
|move|p2a: Salut|Aromatherapy|p2a: Salut
|-activate|p2a: Salut|move: Aromatherapy
|-curestatus|p2: Scregneugneu|slp|[msg]
|
|upkeep
|turn|14
|
|t:|1615375204
|move|p1a: Scizor|Bullet Punch|p2a: Salut
|-supereffective|p2a: Salut
|-damage|p2a: Salut|0 fnt
|-damage|p1a: Scizor|61/100|[from] item: Life Orb
|faint|p2a: Salut
|
|upkeep
|
|t:|1615375220
|switch|p2a: Rotom|Rotom-Mow|100/100
|turn|15
|
|t:|1615375223
|move|p2a: Rotom|Will-O-Wisp|p1a: Scizor
|-status|p1a: Scizor|brn
|move|p1a: Scizor|U-turn|p2a: Rotom
|-supereffective|p2a: Rotom
|-damage|p2a: Rotom|41/100
|-damage|p1a: Scizor|51/100 brn|[from] item: Life Orb
|
|t:|1615375231
|switch|p1a: Keldeo|Keldeo-Resolute|100/100|[from]move: U-turn
|
|-heal|p2a: Rotom|47/100|[from] item: Leftovers
|upkeep
|turn|16
|
|t:|1615375236
|move|p1a: Keldeo|Secret Sword|p2a: Rotom
|-damage|p2a: Rotom|0 fnt
|faint|p2a: Rotom
|
|upkeep
|
|t:|1615375242
|switch|p2a: BizouJeManvol|Talonflame, M|10/100
|turn|17
|
|t:|1615375246
|switch|p1a: Chansey|Chansey, F|100/100
|move|p2a: BizouJeManvol|Brave Bird|p1a: Chansey
|-damage|p1a: Chansey|66/100
|-damage|p2a: BizouJeManvol|0 fnt|[from] Recoil
|faint|p2a: BizouJeManvol
|
|upkeep
|
|t:|1615375258
|switch|p2a: Scregneugneu|Tyrantrum, M|84/100
|turn|18
|
|t:|1615375264
|move|p2a: Scregneugneu|Dragon Dance|p2a: Scregneugneu
|-boost|p2a: Scregneugneu|atk|1
|-boost|p2a: Scregneugneu|spe|1
|move|p1a: Chansey|Stealth Rock|p2a: Scregneugneu
|-sidestart|p2: EliotEnRetar|move: Stealth Rock
|
|upkeep
|turn|19
|
|t:|1615375274
|move|p2a: Scregneugneu|Head Smash|p1a: Chansey
|-damage|p1a: Chansey|0 fnt
|faint|p1a: Chansey
|
|upkeep
|
|t:|1615375281
|switch|p1a: Ditto|Ditto|100/100
|-transform|p1a: Ditto|p2a: Scregneugneu|[from] ability: Imposter
|turn|20
|
|t:|1615375287
|switch|p2a: LouisV|Krookodile, F|100/100
|-damage|p2a: LouisV|94/100|[from] Stealth Rock
|-ability|p2a: LouisV|Intimidate|boost
|-unboost|p1a: Ditto|atk|1
|move|p1a: Ditto|Earthquake|p2a: LouisV
|-damage|p2a: LouisV|50/100
|
|upkeep
|turn|21
|
|t:|1615375304
|switch|p1a: Keldeo|Keldeo-Resolute|100/100
|move|p2a: LouisV|Earthquake|p1a: Keldeo
|-crit|p1a: Keldeo
|-damage|p1a: Keldeo|13/100
|
|-heal|p1a: Keldeo|19/100|[from] item: Leftovers
|upkeep
|turn|22
|
|t:|1615375313
|move|p2a: LouisV|Earthquake|p1a: Keldeo
|-damage|p1a: Keldeo|0 fnt
|faint|p1a: Keldeo
|
|upkeep
|
|t:|1615375317
|switch|p1a: Scizor|Scizor, F|51/100 brn
|turn|23
|c|☆lolorigolo|gg
|
|t:|1615375345
|move|p2a: LouisV|Earthquake|p1a: Scizor
|-damage|p1a: Scizor|11/100 brn
|move|p1a: Scizor|Roost|p1a: Scizor
|-heal|p1a: Scizor|61/100 brn
|-singleturn|p1a: Scizor|move: Roost
|
|-damage|p1a: Scizor|55/100 brn|[from] brn
|upkeep
|turn|24
|
|t:|1615375352
|move|p2a: LouisV|Earthquake|p1a: Scizor
|-damage|p1a: Scizor|14/100 brn
|move|p1a: Scizor|Roost|p1a: Scizor
|-heal|p1a: Scizor|65/100 brn
|-singleturn|p1a: Scizor|move: Roost
|
|-damage|p1a: Scizor|59/100 brn|[from] brn
|upkeep
|turn|25
|
|t:|1615375361
|move|p2a: LouisV|Earthquake|p1a: Scizor
|-damage|p1a: Scizor|16/100 brn
|move|p1a: Scizor|U-turn|p2a: LouisV
|-supereffective|p2a: LouisV
|-damage|p2a: LouisV|0 fnt
|-damage|p1a: Scizor|6/100 brn|[from] item: Life Orb
|faint|p2a: LouisV
|
|t:|1615375371
|switch|p1a: Amoonguss|Amoonguss, M|52/100|[from]move: U-turn
|
|upkeep
|
|t:|1615375375
|switch|p2a: Cauet|Scizor, F|79/100
|-damage|p2a: Cauet|67/100|[from] Stealth Rock
|turn|26
|
|t:|1615375381
|move|p2a: Cauet|Dual Wingbeat|p1a: Amoonguss
|-supereffective|p1a: Amoonguss
|-damage|p1a: Amoonguss|17/100
|-damage|p2a: Cauet|51/100|[from] item: Rocky Helmet|[of] p1a: Amoonguss
|-supereffective|p1a: Amoonguss
|-crit|p1a: Amoonguss
|-damage|p1a: Amoonguss|0 fnt
|-damage|p2a: Cauet|34/100|[from] item: Rocky Helmet|[of] p1a: Amoonguss
|-hitcount|p1a: Amoonguss|2
|faint|p1a: Amoonguss
|
|upkeep
|
|t:|1615375391
|switch|p1a: Ditto|Ditto|100/100
|-transform|p1a: Ditto|p2a: Cauet|[from] ability: Imposter
|turn|27
|
|t:|1615375399
|move|p1a: Ditto|Dual Wingbeat|p2a: Cauet
|-damage|p2a: Cauet|8/100
|-damage|p2a: Cauet|0 fnt
|-hitcount|p2a: Cauet|2
|faint|p2a: Cauet
|
|upkeep
|
|t:|1615375404
|switch|p2a: Scregneugneu|Tyrantrum, M|84/100
|-damage|p2a: Scregneugneu|72/100|[from] Stealth Rock
|turn|28
|
|t:|1615375410
|switch|p1a: Scizor|Scizor, F|6/100 brn
|move|p2a: Scregneugneu|Head Smash|p1a: Scizor|[miss]
|-miss|p2a: Scregneugneu|p1a: Scizor
|
|-damage|p1a: Scizor|0 fnt|[from] brn
|faint|p1a: Scizor
|upkeep
|
|t:|1615375418
|switch|p1a: Ditto|Ditto|100/100
|-transform|p1a: Ditto|p2a: Scregneugneu|[from] ability: Imposter
|turn|29
|
|t:|1615375431
|move|p1a: Ditto|Dragon Claw|p2a: Scregneugneu
|-supereffective|p2a: Scregneugneu
|-damage|p2a: Scregneugneu|0 fnt
|faint|p2a: Scregneugneu
|
|win|lolorigolo
|raw|lolorigolo's rating: 1270 &rarr; <strong>1291</strong><br />(+21 for winning)
|raw|EliotEnRetar's rating: 1388 &rarr; <strong>1361</strong><br />(-27 for losing)
|l|☆EliotEnRetar
|raw|lolorigolo's rating: 1270 &rarr; <strong>1303</strong><br />(+33 for winning)
|raw|EliotEnRetar's rating: 1388 &rarr; <strong>1361</strong><br />(-27 for losing)
|c|☆lolorigolo|oh cetait pas magnifique
