|j|☆Fabio_59
|j|☆Lnua
|player|p1|Fabio_59|lucas|1445
|player|p2|Lnua|misty-gen2|1441
|teamsize|p1|6
|teamsize|p2|6
|gametype|singles
|gen|8
|tier|[Gen 8] UU
|rated|
|clearpoke
|poke|p1|Rotom-Wash|
|poke|p1|Incineroar, F|
|poke|p1|Machamp, F|
|poke|p1|Noivern, F|
|poke|p1|Heliolisk, M|
|poke|p1|Steelix, M|
|poke|p2|Noivern, F|
|poke|p2|Rhyperior, F|
|poke|p2|Sylveon, M|
|poke|p2|Reuniclus, F|
|poke|p2|Milotic, M|
|poke|p2|Cobalion|
|rule|Sleep Clause Mod: Limit one foe put to sleep
|rule|Species Clause: Limit one of each Pokémon
|rule|OHKO Clause: OHKO moves are banned
|rule|Evasion Moves Clause: Evasion moves are banned
|rule|Endless Battle Clause: Forcing endless battles is banned
|rule|HP Percentage Mod: HP is shown in percentages
|rule|Dynamax Clause: You cannot dynamax
|teampreview
|
|start
|switch|p1a: Heliolisk|Heliolisk, M|100/100
|switch|p2a: Rhyperior|Rhyperior, F|100/100
|turn|1
|inactive|Battle timer is ON: inactive players will automatically lose when time's up. (requested by Fabio_59)
|
|switch|p1a: Rotom|Rotom-Wash|100/100
|switch|p2a: DrReuniclus3|Reuniclus, F|100/100
|
|upkeep
|turn|2
|
|move|p1a: Rotom|Volt Switch|p2a: DrReuniclus3
|-damage|p2a: DrReuniclus3|89/100
|
|switch|p1a: Incineroar|Incineroar, F|100/100|[from]move: Volt Switch
|-ability|p1a: Incineroar|Intimidate|boost
|-unboost|p2a: DrReuniclus3|atk|1
|move|p2a: DrReuniclus3|Knock Off|p1a: Incineroar
|-resisted|p1a: Incineroar
|-damage|p1a: Incineroar|96/100
|-enditem|p1a: Incineroar|Heavy-Duty Boots|[from] move: Knock Off|[of] p2a: DrReuniclus3
|
|upkeep
|turn|3
|
|switch|p2a: Rhyperior|Rhyperior, F|100/100
|move|p1a: Incineroar|Knock Off|p2a: Rhyperior
|-damage|p2a: Rhyperior|75/100
|-enditem|p2a: Rhyperior|Leftovers|[from] move: Knock Off|[of] p1a: Incineroar
|
|upkeep
|turn|4
|
|move|p1a: Incineroar|Parting Shot|p2a: Rhyperior
|-unboost|p2a: Rhyperior|atk|1
|-unboost|p2a: Rhyperior|spa|1
|
|switch|p1a: Machamp|Machamp, F|100/100|[from]move: Parting Shot
|move|p2a: Rhyperior|Stealth Rock|p1a: Machamp
|-sidestart|p1: Fabio_59|move: Stealth Rock
|
|-status|p1a: Machamp|brn|[from] item: Flame Orb
|upkeep
|turn|5
|
|switch|p2a: Noivern|Noivern, F|100/100
|-item|p1a: Machamp|Flame Orb|[from] ability: Frisk|[of] p2a: Noivern|[identify]
|move|p1a: Machamp|Close Combat|p2a: Noivern
|-resisted|p2a: Noivern
|-damage|p2a: Noivern|32/100
|-unboost|p1a: Machamp|def|1
|-unboost|p1a: Machamp|spd|1
|
|-damage|p1a: Machamp|94/100 brn|[from] brn
|upkeep
|turn|6
|
|move|p1a: Machamp|Bullet Punch|p2a: Noivern
|-damage|p2a: Noivern|2/100
|move|p2a: Noivern|Draco Meteor|p1a: Machamp
|-damage|p1a: Machamp|0 fnt
|-unboost|p2a: Noivern|spa|2
|faint|p1a: Machamp
|
|upkeep
|
|switch|p1a: Rotom|Rotom-Wash|100/100
|-damage|p1a: Rotom|88/100|[from] Stealth Rock
|turn|7
|
|switch|p2a: DrReuniclus3|Reuniclus, F|100/100
|move|p1a: Rotom|Volt Switch|p2a: DrReuniclus3
|-crit|p2a: DrReuniclus3
|-damage|p2a: DrReuniclus3|85/100
|
|switch|p1a: Noivern|Noivern, F|100/100|[from]move: Volt Switch
|
|upkeep
|turn|8
|
|move|p1a: Noivern|Defog|p2a: DrReuniclus3
|-unboost|p2a: DrReuniclus3|evasion|1
|-sideend|p1: Fabio_59|Stealth Rock|[from] move: Defog|[of] p1a: Noivern
|move|p2a: DrReuniclus3|Future Sight|p1a: Noivern
|-start|p2a: DrReuniclus3|move: Future Sight
|
|upkeep
|turn|9
|
|switch|p1a: Incineroar|Incineroar, F|96/100
|-ability|p1a: Incineroar|Intimidate|boost
|-unboost|p2a: DrReuniclus3|atk|1
|move|p2a: DrReuniclus3|Focus Blast|p1a: Incineroar|[miss]
|-miss|p2a: DrReuniclus3|p1a: Incineroar
|
|upkeep
|turn|10
|
|switch|p2a: Rhyperior|Rhyperior, F|75/100
|move|p1a: Incineroar|Knock Off|p2a: Rhyperior
|-damage|p2a: Rhyperior|59/100
|
|-end|p1a: Incineroar|move: Future Sight
|-immune|p1a: Incineroar
|upkeep
|turn|11
|
|move|p1a: Incineroar|Parting Shot|p2a: Rhyperior
|-unboost|p2a: Rhyperior|atk|1
|-unboost|p2a: Rhyperior|spa|1
|
|switch|p1a: Rotom|Rotom-Wash|88/100|[from]move: Parting Shot
|move|p2a: Rhyperior|Toxic|p1a: Rotom
|-status|p1a: Rotom|tox
|
|-heal|p1a: Rotom|94/100 tox|[from] item: Leftovers
|-damage|p1a: Rotom|88/100 tox|[from] psn
|upkeep
|turn|12
|
|switch|p2a: DrReuniclus3|Reuniclus, F|100/100
|move|p1a: Rotom|Volt Switch|p2a: DrReuniclus3
|-damage|p2a: DrReuniclus3|90/100
|
|switch|p1a: Incineroar|Incineroar, F|96/100|[from]move: Volt Switch
|-ability|p1a: Incineroar|Intimidate|boost
|-unboost|p2a: DrReuniclus3|atk|1
|
|upkeep
|turn|13
|
|switch|p2a: Rhyperior|Rhyperior, F|59/100
|move|p1a: Incineroar|Knock Off|p2a: Rhyperior
|-damage|p2a: Rhyperior|42/100
|
|upkeep
|turn|14
|
|move|p1a: Incineroar|Earthquake|p2a: Rhyperior
|-supereffective|p2a: Rhyperior
|-damage|p2a: Rhyperior|19/100
|move|p2a: Rhyperior|Stealth Rock|p1a: Incineroar
|-sidestart|p1: Fabio_59|move: Stealth Rock
|
|upkeep
|turn|15
|
|move|p1a: Incineroar|Earthquake|p2a: Rhyperior
|-supereffective|p2a: Rhyperior
|-damage|p2a: Rhyperior|0 fnt
|faint|p2a: Rhyperior
|
|upkeep
|j| swidge
|
|switch|p2a: Milotic|Milotic, M|100/100
|turn|16
|
|switch|p2a: yawn|Sylveon, M|100/100
|move|p1a: Incineroar|Parting Shot|p2a: yawn
|-unboost|p2a: yawn|atk|1
|-unboost|p2a: yawn|spa|1
|
|switch|p1a: Steelix|Steelix, M|100/100|[from]move: Parting Shot
|-damage|p1a: Steelix|97/100|[from] Stealth Rock
|
|-heal|p1a: Steelix|100/100|[from] item: Leftovers
|upkeep
|turn|17
|
|switch|p2a: Milotic|Milotic, M|100/100
|move|p1a: Steelix|Heavy Slam|p2a: Milotic
|-resisted|p2a: Milotic
|-damage|p2a: Milotic|93/100
|
|-heal|p2a: Milotic|99/100|[from] item: Leftovers
|upkeep
|turn|18
|
|switch|p1a: Heliolisk|Heliolisk, M|100/100
|-damage|p1a: Heliolisk|88/100|[from] Stealth Rock
|move|p2a: Milotic|Toxic|p1a: Heliolisk
|-status|p1a: Heliolisk|tox
|
|-heal|p2a: Milotic|100/100|[from] item: Leftovers
|-damage|p1a: Heliolisk|82/100 tox|[from] psn
|upkeep
|turn|19
|
|switch|p2a: DrReuniclus3|Reuniclus, F|100/100
|move|p1a: Heliolisk|Volt Switch|p2a: DrReuniclus3
|-damage|p2a: DrReuniclus3|78/100
|n|+ehT|swidge
|c|+ehT|it is i
|
|switch|p1a: Noivern|Noivern, F|100/100|[from]move: Volt Switch
|
|upkeep
|turn|20
|c|☆Lnua|hi ehat :)
|
|move|p1a: Noivern|Defog|p2a: DrReuniclus3
|-unboost|p2a: DrReuniclus3|evasion|1
|-sideend|p1: Fabio_59|Stealth Rock|[from] move: Defog|[of] p1a: Noivern
|move|p2a: DrReuniclus3|Future Sight|p1a: Noivern
|-start|p2a: DrReuniclus3|move: Future Sight
|
|upkeep
|turn|21
|c|+ehT|hello uwu
|
|move|p1a: Noivern|Hurricane|p2a: DrReuniclus3
|-damage|p2a: DrReuniclus3|57/100
|move|p2a: DrReuniclus3|Focus Blast|p1a: Noivern|[miss]
|-miss|p2a: DrReuniclus3|p1a: Noivern
|
|upkeep
|turn|22
|
|switch|p1a: Incineroar|Incineroar, F|96/100
|-ability|p1a: Incineroar|Intimidate|boost
|-unboost|p2a: DrReuniclus3|atk|1
|move|p2a: DrReuniclus3|Focus Blast|p1a: Incineroar|[miss]
|-miss|p2a: DrReuniclus3|p1a: Incineroar
|
|-end|p1a: Incineroar|move: Future Sight
|-immune|p1a: Incineroar
|upkeep
|turn|23
|c|☆Lnua|3/3 misses so far
|c|☆Lnua|brightpowder team !?
|c|+ehT|alas
|inactive|Lnua has 120 seconds left.
|
|switch|p2a: Milotic|Milotic, M|100/100
|move|p1a: Incineroar|Knock Off|p2a: Milotic
|-damage|p2a: Milotic|67/100
|-enditem|p2a: Milotic|Leftovers|[from] move: Knock Off|[of] p1a: Incineroar
|
|upkeep
|turn|24
|
|switch|p1a: Heliolisk|Heliolisk, M|82/100 tox
|move|p2a: Milotic|Recover|p2a: Milotic
|-heal|p2a: Milotic|100/100
|
|-damage|p1a: Heliolisk|76/100 tox|[from] psn
|upkeep
|turn|25
|
|switch|p2a: DrReuniclus3|Reuniclus, F|91/100
|move|p1a: Heliolisk|Thunderbolt|p2a: DrReuniclus3
|-damage|p2a: DrReuniclus3|62/100
|
|-damage|p1a: Heliolisk|64/100 tox|[from] psn
|upkeep
|turn|26
|
|switch|p1a: Steelix|Steelix, M|100/100
|move|p2a: DrReuniclus3|Future Sight|p1a: Steelix
|-start|p2a: DrReuniclus3|move: Future Sight
|
|upkeep
|turn|27
|
|switch|p2a: Milotic|Milotic, M|100/100
|move|p1a: Steelix|Toxic|p2a: Milotic
|-status|p2a: Milotic|tox
|
|-damage|p2a: Milotic|94/100 tox|[from] psn
|upkeep
|turn|28
|
|switch|p2a: Cobalion|Cobalion|100/100
|switch|p1a: Noivern|Noivern, F|100/100
|
|-end|p1a: Noivern|move: Future Sight
|-damage|p1a: Noivern|32/100
|upkeep
|turn|29
|
|switch|p1a: Steelix|Steelix, M|100/100
|move|p2a: Cobalion|Iron Head|p1a: Steelix
|-resisted|p1a: Steelix
|-damage|p1a: Steelix|93/100
|
|-heal|p1a: Steelix|99/100|[from] item: Leftovers
|upkeep
|turn|30
|
|switch|p1a: Noivern|Noivern, F|32/100
|move|p2a: Cobalion|Swords Dance|p2a: Cobalion
|-boost|p2a: Cobalion|atk|2
|
|upkeep
|turn|31
|
|move|p1a: Noivern|Hurricane|p2a: Cobalion|[miss]
|-miss|p1a: Noivern|p2a: Cobalion
|move|p2a: Cobalion|Iron Head|p1a: Noivern
|-damage|p1a: Noivern|0 fnt
|faint|p1a: Noivern
|
|upkeep
|
|switch|p1a: Heliolisk|Heliolisk, M|64/100 tox
|turn|32
|c|☆Lnua|bright powder coba ftw
|
|switch|p2a: DrReuniclus3|Reuniclus, F|95/100
|move|p1a: Heliolisk|Volt Switch|p2a: DrReuniclus3
|-damage|p2a: DrReuniclus3|73/100
|
|switch|p1a: Steelix|Steelix, M|99/100|[from]move: Volt Switch
|
|-heal|p1a: Steelix|100/100|[from] item: Leftovers
|upkeep
|turn|33
|c|+ehT|u deserve at least 1
|c|+ehT|u.u
|
|move|p1a: Steelix|Stealth Rock|p2a: DrReuniclus3
|-sidestart|p2: Lnua|move: Stealth Rock
|move|p2a: DrReuniclus3|Focus Blast|p1a: Steelix|[miss]
|-miss|p2a: DrReuniclus3|p1a: Steelix
|
|upkeep
|turn|34
|c|☆Lnua|lmao
|c|☆Lnua|4/4
|c|☆Lnua|hmmm
|
|move|p1a: Steelix|Toxic|p2a: DrReuniclus3
|-status|p2a: DrReuniclus3|tox
|move|p2a: DrReuniclus3|Focus Blast|p1a: Steelix|[miss]
|-miss|p2a: DrReuniclus3|p1a: Steelix
|
|-damage|p2a: DrReuniclus3|67/100 tox|[from] psn
|upkeep
|turn|35
|c|☆Lnua|5/5
|c|+ehT|ive cursed this game
|c|☆Lnua|no
|c|☆Lnua|not you
|c|+ehT|heckers
|
|switch|p1a: Rotom|Rotom-Wash|88/100 tox
|move|p2a: DrReuniclus3|Focus Blast|p1a: Rotom
|-damage|p1a: Rotom|51/100 tox
|
|-heal|p1a: Rotom|58/100 tox|[from] item: Leftovers
|-damage|p1a: Rotom|51/100 tox|[from] psn
|-damage|p2a: DrReuniclus3|55/100 tox|[from] psn
|upkeep
|turn|36
|l|+ehT
|j|+ehT
|
|move|p1a: Rotom|Volt Switch|p2a: DrReuniclus3
|-damage|p2a: DrReuniclus3|43/100 tox
|
|switch|p1a: Incineroar|Incineroar, F|96/100|[from]move: Volt Switch
|-ability|p1a: Incineroar|Intimidate|boost
|-unboost|p2a: DrReuniclus3|atk|1
|move|p2a: DrReuniclus3|Focus Blast|p1a: Incineroar|[miss]
|-miss|p2a: DrReuniclus3|p1a: Incineroar
|
|-damage|p2a: DrReuniclus3|25/100 tox|[from] psn
|upkeep
|turn|37
|c|☆Lnua|WTF
|c|☆Lnua|like come on
|inactive|Lnua has 120 seconds left.
|c|☆Lnua|I could have won this 6 times already
|c|+ehT|ppl wonder how incin stays at full the whole game
|
|switch|p2a: Milotic|Milotic, M|94/100 tox
|-damage|p2a: Milotic|82/100 tox|[from] Stealth Rock
|move|p1a: Incineroar|Knock Off|p2a: Milotic
|-damage|p2a: Milotic|69/100 tox
|
|-damage|p2a: Milotic|63/100 tox|[from] psn
|upkeep
|turn|38
|inactive|Lnua has 120 seconds left.
|c|☆Lnua|lmao
|
|switch|p1a: Heliolisk|Heliolisk, M|64/100 tox
|move|p2a: Milotic|Recover|p2a: Milotic
|-heal|p2a: Milotic|100/100 tox
|
|-damage|p1a: Heliolisk|58/100 tox|[from] psn
|-damage|p2a: Milotic|88/100 tox|[from] psn
|upkeep
|turn|39
|
|switch|p2a: DrReuniclus3|Reuniclus, F|58/100 tox
|-damage|p2a: DrReuniclus3|46/100 tox|[from] Stealth Rock
|move|p1a: Heliolisk|Volt Switch|p2a: DrReuniclus3
|-damage|p2a: DrReuniclus3|25/100 tox
|
|switch|p1a: Incineroar|Incineroar, F|96/100|[from]move: Volt Switch
|-ability|p1a: Incineroar|Intimidate|boost
|-unboost|p2a: DrReuniclus3|atk|1
|
|-damage|p2a: DrReuniclus3|18/100 tox|[from] psn
|upkeep
|turn|40
|
|switch|p2a: Milotic|Milotic, M|88/100 tox
|-damage|p2a: Milotic|76/100 tox|[from] Stealth Rock
|move|p1a: Incineroar|Knock Off|p2a: Milotic
|-damage|p2a: Milotic|62/100 tox
|
|-damage|p2a: Milotic|56/100 tox|[from] psn
|upkeep
|turn|41
|
|move|p2a: Milotic|Recover|p2a: Milotic
|-heal|p2a: Milotic|100/100 tox
|move|p1a: Incineroar|Knock Off|p2a: Milotic
|-damage|p2a: Milotic|87/100 tox
|
|-damage|p2a: Milotic|74/100 tox|[from] psn
|upkeep
|turn|42
|
|switch|p1a: Heliolisk|Heliolisk, M|58/100 tox
|move|p2a: Milotic|Recover|p2a: Milotic
|-heal|p2a: Milotic|100/100 tox
|
|-damage|p1a: Heliolisk|52/100 tox|[from] psn
|-damage|p2a: Milotic|82/100 tox|[from] psn
|upkeep
|turn|43
|
|switch|p2a: yawn|Sylveon, M|100/100
|-damage|p2a: yawn|88/100|[from] Stealth Rock
|move|p1a: Heliolisk|Volt Switch|p2a: yawn
|-damage|p2a: yawn|53/100
|
|switch|p1a: Steelix|Steelix, M|100/100|[from]move: Volt Switch
|
|-heal|p2a: yawn|59/100|[from] item: Leftovers
|upkeep
|turn|44
|
|switch|p2a: Milotic|Milotic, M|82/100 tox
|-damage|p2a: Milotic|70/100 tox|[from] Stealth Rock
|move|p1a: Steelix|Heavy Slam|p2a: Milotic
|-resisted|p2a: Milotic
|-damage|p2a: Milotic|65/100 tox
|
|-damage|p2a: Milotic|59/100 tox|[from] psn
|upkeep
|turn|45
|
|move|p2a: Milotic|Recover|p2a: Milotic
|-heal|p2a: Milotic|100/100 tox
|move|p1a: Steelix|Body Press|p2a: Milotic
|-damage|p2a: Milotic|83/100 tox
|
|-damage|p2a: Milotic|71/100 tox|[from] psn
|upkeep
|turn|46
|
|switch|p1a: Heliolisk|Heliolisk, M|52/100 tox
|move|p2a: Milotic|Recover|p2a: Milotic
|-heal|p2a: Milotic|100/100 tox
|
|-damage|p1a: Heliolisk|46/100 tox|[from] psn
|-damage|p2a: Milotic|82/100 tox|[from] psn
|upkeep
|turn|47
|
|switch|p2a: DrReuniclus3|Reuniclus, F|52/100 tox
|-damage|p2a: DrReuniclus3|40/100 tox|[from] Stealth Rock
|move|p1a: Heliolisk|Volt Switch|p2a: DrReuniclus3
|-damage|p2a: DrReuniclus3|17/100 tox
|
|switch|p1a: Incineroar|Incineroar, F|96/100|[from]move: Volt Switch
|-ability|p1a: Incineroar|Intimidate|boost
|-unboost|p2a: DrReuniclus3|atk|1
|
|-damage|p2a: DrReuniclus3|11/100 tox|[from] psn
|upkeep
|turn|48
|
|switch|p2a: Milotic|Milotic, M|82/100 tox
|-damage|p2a: Milotic|70/100 tox|[from] Stealth Rock
|move|p1a: Incineroar|Knock Off|p2a: Milotic
|-damage|p2a: Milotic|56/100 tox
|
|-damage|p2a: Milotic|50/100 tox|[from] psn
|upkeep
|turn|49
|c|☆Lnua|I swear to god
|
|move|p2a: Milotic|Recover|p2a: Milotic
|-heal|p2a: Milotic|99/100 tox
|move|p1a: Incineroar|Knock Off|p2a: Milotic
|-damage|p2a: Milotic|87/100 tox
|
|-damage|p2a: Milotic|74/100 tox|[from] psn
|upkeep
|turn|50
|c|☆Lnua|that's a bright powder team
|
|switch|p2a: Cobalion|Cobalion|100/100
|-damage|p2a: Cobalion|97/100|[from] Stealth Rock
|move|p1a: Incineroar|Knock Off|p2a: Cobalion
|-resisted|p2a: Cobalion
|-damage|p2a: Cobalion|81/100
|-ability|p2a: Cobalion|Justified|boost
|-boost|p2a: Cobalion|atk|1
|-enditem|p2a: Cobalion|Shuca Berry|[from] move: Knock Off|[of] p1a: Incineroar
|
|upkeep
|turn|51
|
|switch|p1a: Rotom|Rotom-Wash|51/100 tox
|move|p2a: Cobalion|Close Combat|p1a: Rotom
|-damage|p1a: Rotom|0 fnt
|-unboost|p2a: Cobalion|def|1
|-unboost|p2a: Cobalion|spd|1
|faint|p1a: Rotom
|
|upkeep
|
|switch|p1a: Heliolisk|Heliolisk, M|46/100 tox
|turn|52
|
|switch|p2a: Noivern|Noivern, F|2/100
|-item|p1a: Heliolisk|Choice Specs|[from] ability: Frisk|[of] p2a: Noivern|[identify]
|move|p1a: Heliolisk|Volt Switch|p2a: Noivern
|-damage|p2a: Noivern|0 fnt
|faint|p2a: Noivern
|
|switch|p1a: Steelix|Steelix, M|100/100|[from]move: Volt Switch
|
|upkeep
|
|switch|p2a: Cobalion|Cobalion|81/100
|-damage|p2a: Cobalion|78/100|[from] Stealth Rock
|turn|53
|
|move|p2a: Cobalion|Swords Dance|p2a: Cobalion
|-boost|p2a: Cobalion|atk|2
|move|p1a: Steelix|Body Press|p2a: Cobalion
|-supereffective|p2a: Cobalion
|-damage|p2a: Cobalion|19/100
|
|upkeep
|turn|54
|
|move|p2a: Cobalion|Close Combat|p1a: Steelix
|-supereffective|p1a: Steelix
|-damage|p1a: Steelix|5/100
|-unboost|p2a: Cobalion|def|1
|-unboost|p2a: Cobalion|spd|1
|move|p1a: Steelix|Body Press|p2a: Cobalion
|-supereffective|p2a: Cobalion
|-damage|p2a: Cobalion|0 fnt
|faint|p2a: Cobalion
|
|-heal|p1a: Steelix|11/100|[from] item: Leftovers
|upkeep
|
|switch|p2a: yawn|Sylveon, M|59/100
|-damage|p2a: yawn|46/100|[from] Stealth Rock
|turn|55
|
|switch|p1a: Incineroar|Incineroar, F|96/100
|-ability|p1a: Incineroar|Intimidate|boost
|-unboost|p2a: yawn|atk|1
|move|p2a: yawn|Hyper Voice|p1a: Incineroar
|-damage|p1a: Incineroar|61/100
|
|-heal|p2a: yawn|52/100|[from] item: Leftovers
|upkeep
|turn|56
|
|move|p1a: Incineroar|Flare Blitz|p2a: yawn
|-damage|p2a: yawn|17/100
|-damage|p1a: Incineroar|49/100|[from] Recoil
|move|p2a: yawn|Rest|p2a: yawn
|-status|p2a: yawn|slp|[from] move: Rest
|-heal|p2a: yawn|100/100 slp|[silent]
|
|upkeep
|turn|57
|
|move|p1a: Incineroar|Knock Off|p2a: yawn
|-resisted|p2a: yawn
|-damage|p2a: yawn|86/100 slp
|-enditem|p2a: yawn|Leftovers|[from] move: Knock Off|[of] p1a: Incineroar
|cant|p2a: yawn|slp
|move|p2a: yawn|Snore|p1a: Incineroar
|-damage|p1a: Incineroar|32/100
|
|upkeep
|turn|58
|
|move|p1a: Incineroar|Parting Shot|p2a: yawn
|-unboost|p2a: yawn|atk|1
|-unboost|p2a: yawn|spa|1
|
|switch|p1a: Steelix|Steelix, M|11/100|[from]move: Parting Shot
|cant|p2a: yawn|slp
|move|p2a: yawn|Snore|p1a: Steelix
|-resisted|p1a: Steelix
|-damage|p1a: Steelix|4/100
|
|-heal|p1a: Steelix|10/100|[from] item: Leftovers
|upkeep
|turn|59
|
|-curestatus|p2a: yawn|slp|[msg]
|move|p2a: yawn|Hyper Voice|p1a: Steelix
|-resisted|p1a: Steelix
|-damage|p1a: Steelix|0 fnt
|faint|p1a: Steelix
|
|upkeep
|
|switch|p1a: Heliolisk|Heliolisk, M|46/100 tox
|turn|60
|
|move|p1a: Heliolisk|Volt Switch|p2a: yawn
|-damage|p2a: yawn|53/100
|c|+ehT|she's so good
|
|switch|p1a: Incineroar|Incineroar, F|32/100|[from]move: Volt Switch
|-ability|p1a: Incineroar|Intimidate|boost
|-unboost|p2a: yawn|atk|1
|move|p2a: yawn|Hyper Voice|p1a: Incineroar
|-damage|p1a: Incineroar|9/100
|
|upkeep
|turn|61
|c|+ehT|!
|
|move|p1a: Incineroar|Flare Blitz|p2a: yawn
|-damage|p2a: yawn|13/100
|-damage|p1a: Incineroar|0 fnt|[from] Recoil
|faint|p1a: Incineroar
|move|p2a: yawn|Rest|p2a: yawn
|-status|p2a: yawn|slp|[from] move: Rest
|-heal|p2a: yawn|100/100 slp|[silent]
|
|upkeep
|
|switch|p1a: Heliolisk|Heliolisk, M|46/100 tox
|turn|62
|c|☆Lnua|waiting for the crit tbh
|c|☆Lnua|ignore the frisk kings rock
|c|☆Lnua|*choice specs
|c|☆Lnua|I ruined the joke lmao ignore me
|inactive|Lnua has 120 seconds left.
|
|move|p1a: Heliolisk|Thunderbolt|p2a: yawn
|-damage|p2a: yawn|59/100 slp
|cant|p2a: yawn|slp
|move|p2a: yawn|Snore|p1a: Heliolisk
|-damage|p1a: Heliolisk|24/100 tox
|
|-damage|p1a: Heliolisk|18/100 tox|[from] psn
|upkeep
|turn|63
|
|move|p1a: Heliolisk|Thunderbolt|p2a: yawn
|-damage|p2a: yawn|20/100 slp
|cant|p2a: yawn|slp
|move|p2a: yawn|Snore|p1a: Heliolisk
|-damage|p1a: Heliolisk|0 fnt
|faint|p1a: Heliolisk
|
|win|Lnua
|c|☆Lnua|gg
|raw|Fabio_59's rating: 1445 &rarr; <strong>1425</strong><br />(-20 for losing)
|raw|Lnua's rating: 1441 &rarr; <strong>1461</strong><br />(+20 for winning)
|l|☆Fabio_59
