|j|☆Queen of Bean ✿
|j|☆udongirl
|inactive|Battle timer is ON: inactive players will automatically lose when time's up.
|t:|1663661809
|gametype|singles
|player|p1|Queen of Bean ✿|hexmaniac-gen6|
|player|p2|udongirl|#bltviiiturtwigs|
|teamsize|p1|6
|teamsize|p2|6
|gen|8
|tier|[Gen 8] UU
|rated|Tournament battle
|rule|Sleep Clause Mod: Limit one foe put to sleep
|rule|Species Clause: Limit one of each Pokémon
|rule|OHKO Clause: OHKO moves are banned
|rule|Evasion Items Clause: Evasion items are banned
|rule|Evasion Moves Clause: Evasion moves are banned
|rule|Endless Battle Clause: Forcing endless battles is banned
|rule|HP Percentage Mod: HP is shown in percentages
|rule|Dynamax Clause: You cannot dynamax
|clearpoke
|poke|p1|Tornadus, M|
|poke|p1|Hatterene, F|
|poke|p1|Scizor, F|
|poke|p1|Hippowdon, F|
|poke|p1|Hydreigon, F|
|poke|p1|Rotom-Wash|
|poke|p2|Hydreigon, F|
|poke|p2|Cobalion|
|poke|p2|Rotom-Wash|
|poke|p2|Slowbro-Galar, F|
|poke|p2|Tangrowth, M|
|poke|p2|Diggersby, M|
|teampreview
|j|*Lady Monita
|j|^ETJX
|c|☆Queen of Bean ✿|glhf :)
|
|t:|1663661832
|start
|switch|p1a: Rotom|Rotom-Wash|100/100
|switch|p2a: Hydreigon|Hydreigon, F|100/100
|turn|1
|c|☆udongirl|u2
|
|t:|1663661855
|move|p2a: Hydreigon|Dark Pulse|p1a: Rotom
|-damage|p1a: Rotom|35/100
|move|p1a: Rotom|Hydro Pump|p2a: Hydreigon|[miss]
|-miss|p1a: Rotom|p2a: Hydreigon
|
|-heal|p1a: Rotom|41/100|[from] item: Leftovers
|upkeep
|turn|2
|
|t:|1663661863
|switch|p1a: Hydreigon|Hydreigon, F|100/100
|move|p2a: Hydreigon|Dark Pulse|p1a: Hydreigon
|-resisted|p1a: Hydreigon
|-damage|p1a: Hydreigon|63/100
|
|upkeep
|turn|3
|
|t:|1663661873
|switch|p2a: Tangrowth|Tangrowth, M|100/100
|move|p1a: Hydreigon|U-turn|p2a: Tangrowth
|-supereffective|p2a: Tangrowth
|-damage|p2a: Tangrowth|78/100
|
|t:|1663661892
|switch|p1a: Tornadus|Tornadus, M|100/100|[from]move: U-turn
|
|upkeep
|turn|4
|
|t:|1663661908
|switch|p2a: Rotom|Rotom-Wash|100/100
|move|p1a: Tornadus|Knock Off|p2a: Rotom
|-damage|p2a: Rotom|70/100
|-enditem|p2a: Rotom|Heavy-Duty Boots|[from] move: Knock Off|[of] p1a: Tornadus
|
|upkeep
|turn|5
|
|t:|1663661916
|move|p1a: Tornadus|U-turn|p2a: Rotom
|-damage|p2a: Rotom|49/100
|
|t:|1663661929
|switch|p1a: Rotom|Rotom-Wash|41/100|[from]move: U-turn
|move|p2a: Rotom|Volt Switch|p1a: Rotom
|-damage|p1a: Rotom|16/100
|
|t:|1663661933
|switch|p2a: Hydreigon|Hydreigon, F|100/100|[from]move: Volt Switch
|
|-heal|p1a: Rotom|22/100|[from] item: Leftovers
|upkeep
|turn|6
|
|t:|1663661945
|switch|p1a: Hippowdon|Hippowdon, F|100/100
|-weather|Sandstorm|[from] ability: Sand Stream|[of] p1a: Hippowdon
|move|p2a: Hydreigon|Dark Pulse|p1a: Hippowdon
|-damage|p1a: Hippowdon|49/100
|
|-weather|Sandstorm|[upkeep]
|-damage|p2a: Hydreigon|94/100|[from] Sandstorm
|-heal|p1a: Hippowdon|55/100|[from] item: Leftovers
|upkeep
|turn|7
|
|t:|1663661957
|move|p2a: Hydreigon|Dark Pulse|p1a: Hippowdon
|-damage|p1a: Hippowdon|1/100
|move|p1a: Hippowdon|Slack Off|p1a: Hippowdon
|-heal|p1a: Hippowdon|51/100
|
|-weather|Sandstorm|[upkeep]
|-damage|p2a: Hydreigon|88/100|[from] Sandstorm
|-heal|p1a: Hippowdon|57/100|[from] item: Leftovers
|upkeep
|turn|8
|
|t:|1663661964
|move|p2a: Hydreigon|Dark Pulse|p1a: Hippowdon
|-damage|p1a: Hippowdon|10/100
|move|p1a: Hippowdon|Slack Off|p1a: Hippowdon
|-heal|p1a: Hippowdon|60/100
|
|-weather|Sandstorm|[upkeep]
|-damage|p2a: Hydreigon|82/100|[from] Sandstorm
|-heal|p1a: Hippowdon|66/100|[from] item: Leftovers
|upkeep
|turn|9
|
|t:|1663661982
|switch|p1a: Hydreigon|Hydreigon, F|63/100
|move|p2a: Hydreigon|Dark Pulse|p1a: Hydreigon
|-resisted|p1a: Hydreigon
|-damage|p1a: Hydreigon|28/100
|
|-weather|Sandstorm|[upkeep]
|-damage|p1a: Hydreigon|22/100|[from] Sandstorm
|-damage|p2a: Hydreigon|76/100|[from] Sandstorm
|upkeep
|turn|10
|
|t:|1663661994
|switch|p2a: Cobalion|Cobalion|100/100
|move|p1a: Hydreigon|Draco Meteor|p2a: Cobalion
|-resisted|p2a: Cobalion
|-damage|p2a: Cobalion|58/100
|-unboost|p1a: Hydreigon|spa|2
|
|-weather|none
|upkeep
|turn|11
|
|t:|1663662005
|switch|p1a: Hippowdon|Hippowdon, F|66/100
|-weather|Sandstorm|[from] ability: Sand Stream|[of] p1a: Hippowdon
|move|p2a: Cobalion|Stealth Rock|p1a: Hippowdon
|-sidestart|p1: Queen of Bean ✿|move: Stealth Rock
|
|-weather|Sandstorm|[upkeep]
|-heal|p1a: Hippowdon|72/100|[from] item: Leftovers
|upkeep
|turn|12
|l|^ETJX
|
|t:|1663662018
|switch|p2a: Rotom|Rotom-Wash|49/100
|move|p1a: Hippowdon|Toxic|p2a: Rotom
|-status|p2a: Rotom|tox
|
|-weather|Sandstorm|[upkeep]
|-damage|p2a: Rotom|43/100 tox|[from] Sandstorm
|-heal|p1a: Hippowdon|78/100|[from] item: Leftovers
|-damage|p2a: Rotom|37/100 tox|[from] psn
|upkeep
|turn|13
|
|t:|1663662032
|switch|p1a: Scizor|Scizor, F|100/100
|-damage|p1a: Scizor|88/100|[from] Stealth Rock
|move|p2a: Rotom|Hydro Pump|p1a: Scizor|[miss]
|-miss|p2a: Rotom|p1a: Scizor
|
|-weather|Sandstorm|[upkeep]
|-damage|p2a: Rotom|32/100 tox|[from] Sandstorm
|-heal|p1a: Scizor|94/100|[from] item: Leftovers
|-damage|p2a: Rotom|20/100 tox|[from] psn
|upkeep
|turn|14
|
|t:|1663662049
|switch|p1a: Rotom|Rotom-Wash|22/100
|-damage|p1a: Rotom|10/100|[from] Stealth Rock
|move|p2a: Rotom|Pain Split|p1a: Rotom
|-sethp|p1a: Rotom|15/100|[from] move: Pain Split|[silent]
|-sethp|p2a: Rotom|15/100 tox|[from] move: Pain Split
|
|-weather|Sandstorm|[upkeep]
|-damage|p1a: Rotom|9/100|[from] Sandstorm
|-damage|p2a: Rotom|9/100 tox|[from] Sandstorm
|-heal|p1a: Rotom|15/100|[from] item: Leftovers
|-damage|p2a: Rotom|0 fnt|[from] psn
|faint|p2a: Rotom
|upkeep
|
|t:|1663662058
|switch|p2a: Diggersby|Diggersby, M|100/100
|turn|15
|
|t:|1663662083
|switch|p1a: Hippowdon|Hippowdon, F|78/100
|-damage|p1a: Hippowdon|72/100|[from] Stealth Rock
|move|p2a: Diggersby|U-turn|p1a: Hippowdon
|-damage|p1a: Hippowdon|53/100
|
|t:|1663662087
|switch|p2a: Hydreigon|Hydreigon, F|76/100|[from]move: U-turn
|
|-weather|none
|-heal|p1a: Hippowdon|59/100|[from] item: Leftovers
|upkeep
|turn|16
|
|t:|1663662101
|switch|p1a: Hatterene|Hatterene, F|100/100
|-damage|p1a: Hatterene|88/100|[from] Stealth Rock
|move|p2a: Hydreigon|Dark Pulse|p1a: Hatterene
|-damage|p1a: Hatterene|20/100
|
|-heal|p1a: Hatterene|26/100|[from] item: Leftovers
|upkeep
|turn|17
|
|t:|1663662113
|move|p2a: Hydreigon|Dark Pulse|p1a: Hatterene
|-damage|p1a: Hatterene|0 fnt
|faint|p1a: Hatterene
|
|upkeep
|
|t:|1663662115
|switch|p1a: Hydreigon|Hydreigon, F|22/100
|-damage|p1a: Hydreigon|9/100|[from] Stealth Rock
|turn|18
|
|t:|1663662127
|switch|p2a: Slowbro|Slowbro-Galar, F|100/100
|move|p1a: Hydreigon|Fire Blast|p2a: Slowbro
|-damage|p2a: Slowbro|79/100
|
|upkeep
|turn|19
|
|t:|1663662136
|switch|p1a: Rotom|Rotom-Wash|15/100
|-damage|p1a: Rotom|2/100|[from] Stealth Rock
|move|p2a: Slowbro|Future Sight|p1a: Rotom
|-start|p2a: Slowbro|move: Future Sight
|
|-heal|p1a: Rotom|8/100|[from] item: Leftovers
|upkeep
|turn|20
|
|t:|1663662141
|move|p1a: Rotom|Pain Split|p2a: Slowbro
|-sethp|p2a: Slowbro|43/100|[from] move: Pain Split|[silent]
|-sethp|p1a: Rotom|55/100|[from] move: Pain Split
|move|p2a: Slowbro|Sludge Bomb|p1a: Rotom
|-damage|p1a: Rotom|19/100
|
|-heal|p1a: Rotom|25/100|[from] item: Leftovers
|upkeep
|turn|21
|
|t:|1663662166
|move|p1a: Rotom|Hydro Pump|p2a: Slowbro|[miss]
|-miss|p1a: Rotom|p2a: Slowbro
|move|p2a: Slowbro|Psyshock|p1a: Rotom
|-damage|p1a: Rotom|0 fnt
|faint|p1a: Rotom
|
|-hint|Future Sight did not hit because the target is fainted.
|upkeep
|
|t:|1663662171
|switch|p1a: Hippowdon|Hippowdon, F|59/100
|-damage|p1a: Hippowdon|53/100|[from] Stealth Rock
|-weather|Sandstorm|[from] ability: Sand Stream|[of] p1a: Hippowdon
|turn|22
|
|t:|1663662182
|switch|p1a: Tornadus|Tornadus, M|100/100
|-damage|p1a: Tornadus|76/100|[from] Stealth Rock
|switch|p2a: Hydreigon|Hydreigon, F|76/100
|
|-weather|Sandstorm|[upkeep]
|-damage|p1a: Tornadus|70/100|[from] Sandstorm
|-damage|p2a: Hydreigon|70/100|[from] Sandstorm
|upkeep
|turn|23
|
|t:|1663662205
|switch|p2a: Slowbro|Slowbro-Galar, F|76/100
|move|p1a: Tornadus|U-turn|p2a: Slowbro
|-damage|p2a: Slowbro|57/100
|
|t:|1663662218
|switch|p1a: Hippowdon|Hippowdon, F|53/100|[from]move: U-turn
|-damage|p1a: Hippowdon|47/100|[from] Stealth Rock
|
|-weather|Sandstorm|[upkeep]
|-damage|p2a: Slowbro|51/100|[from] Sandstorm
|-heal|p1a: Hippowdon|53/100|[from] item: Leftovers
|upkeep
|turn|24
|
|t:|1663662224
|move|p1a: Hippowdon|Slack Off|p1a: Hippowdon
|-heal|p1a: Hippowdon|100/100
|move|p2a: Slowbro|Future Sight|p1a: Hippowdon
|-start|p2a: Slowbro|move: Future Sight
|
|-weather|Sandstorm|[upkeep]
|-damage|p2a: Slowbro|45/100|[from] Sandstorm
|upkeep
|turn|25
|
|t:|1663662230
|switch|p2a: Hydreigon|Hydreigon, F|70/100
|move|p1a: Hippowdon|Toxic|p2a: Hydreigon
|-status|p2a: Hydreigon|tox
|
|-weather|Sandstorm|[upkeep]
|-damage|p2a: Hydreigon|64/100 tox|[from] Sandstorm
|-damage|p2a: Hydreigon|57/100 tox|[from] psn
|upkeep
|turn|26
|
|t:|1663662234
|move|p2a: Hydreigon|Draco Meteor|p1a: Hippowdon
|-damage|p1a: Hippowdon|18/100
|-unboost|p2a: Hydreigon|spa|2
|move|p1a: Hippowdon|Slack Off|p1a: Hippowdon
|-heal|p1a: Hippowdon|68/100
|
|-weather|none
|-end|p1a: Hippowdon|move: Future Sight
|-damage|p1a: Hippowdon|32/100
|-heal|p1a: Hippowdon|38/100|[from] item: Leftovers
|-damage|p2a: Hydreigon|45/100 tox|[from] psn
|upkeep
|turn|27
|
|t:|1663662246
|switch|p1a: Scizor|Scizor, F|94/100
|-damage|p1a: Scizor|82/100|[from] Stealth Rock
|move|p2a: Hydreigon|Draco Meteor|p1a: Scizor
|-resisted|p1a: Scizor
|-damage|p1a: Scizor|54/100
|-unboost|p2a: Hydreigon|spa|2
|
|-heal|p1a: Scizor|61/100|[from] item: Leftovers
|-damage|p2a: Hydreigon|27/100 tox|[from] psn
|upkeep
|turn|28
|
|t:|1663662260
|switch|p2a: Cobalion|Cobalion|58/100
|switch|p1a: Hydreigon|Hydreigon, F|9/100
|-damage|p1a: Hydreigon|0 fnt|[from] Stealth Rock
|faint|p1a: Hydreigon
|
|upkeep
|
|t:|1663662263
|switch|p1a: Tornadus|Tornadus, M|70/100
|-damage|p1a: Tornadus|45/100|[from] Stealth Rock
|turn|29
|
|t:|1663662280
|switch|p2a: Slowbro|Slowbro-Galar, F|78/100
|move|p1a: Tornadus|Heat Wave|p2a: Slowbro
|-damage|p2a: Slowbro|63/100
|
|upkeep
|turn|30
|
|t:|1663662289
|move|p1a: Tornadus|Knock Off|p2a: Slowbro
|-supereffective|p2a: Slowbro
|-damage|p2a: Slowbro|3/100
|-enditem|p2a: Slowbro|Assault Vest|[from] move: Knock Off|[of] p1a: Tornadus
|move|p2a: Slowbro|Future Sight|p1a: Tornadus
|-start|p2a: Slowbro|move: Future Sight
|
|upkeep
|turn|31
|
|t:|1663662296
|move|p1a: Tornadus|Acrobatics|p2a: Slowbro
|-crit|p2a: Slowbro
|-damage|p2a: Slowbro|0 fnt
|faint|p2a: Slowbro
|
|upkeep
|
|t:|1663662299
|switch|p2a: Diggersby|Diggersby, M|100/100
|turn|32
|
|t:|1663662312
|switch|p1a: Hippowdon|Hippowdon, F|38/100
|-damage|p1a: Hippowdon|32/100|[from] Stealth Rock
|-weather|Sandstorm|[from] ability: Sand Stream|[of] p1a: Hippowdon
|move|p2a: Diggersby|Body Slam|p1a: Hippowdon
|-damage|p1a: Hippowdon|0 fnt
|faint|p1a: Hippowdon
|
|-weather|Sandstorm|[upkeep]
|-hint|Future Sight did not hit because the target is fainted.
|upkeep
|
|t:|1663662319
|switch|p1a: Scizor|Scizor, F|61/100
|-damage|p1a: Scizor|48/100|[from] Stealth Rock
|turn|33
|
|t:|1663662324
|switch|p2a: Cobalion|Cobalion|58/100
|move|p1a: Scizor|Roost|p1a: Scizor
|-heal|p1a: Scizor|98/100
|-singleturn|p1a: Scizor|move: Roost
|
|-weather|Sandstorm|[upkeep]
|-heal|p1a: Scizor|100/100|[from] item: Leftovers
|upkeep
|turn|34
|
|t:|1663662332
|move|p2a: Cobalion|Swords Dance|p2a: Cobalion
|-boost|p2a: Cobalion|atk|2
|move|p1a: Scizor|Swords Dance|p1a: Scizor
|-boost|p1a: Scizor|atk|2
|
|-weather|Sandstorm|[upkeep]
|upkeep
|turn|35
|
|t:|1663662339
|move|p2a: Cobalion|Close Combat|p1a: Scizor
|-damage|p1a: Scizor|28/100
|-unboost|p2a: Cobalion|def|1
|-unboost|p2a: Cobalion|spd|1
|move|p1a: Scizor|Roost|p1a: Scizor
|-heal|p1a: Scizor|78/100
|-singleturn|p1a: Scizor|move: Roost
|
|-weather|Sandstorm|[upkeep]
|-heal|p1a: Scizor|84/100|[from] item: Leftovers
|upkeep
|turn|36
|
|t:|1663662363
|switch|p2a: Hydreigon|Hydreigon, F|27/100 tox
|move|p1a: Scizor|Swords Dance|p1a: Scizor
|-boost|p1a: Scizor|atk|2
|
|-weather|none
|-heal|p1a: Scizor|90/100|[from] item: Leftovers
|-damage|p2a: Hydreigon|20/100 tox|[from] psn
|upkeep
|turn|37
|
|t:|1663662367
|move|p1a: Scizor|Bullet Punch|p2a: Hydreigon
|-damage|p2a: Hydreigon|0 fnt
|faint|p2a: Hydreigon
|
|-heal|p1a: Scizor|96/100|[from] item: Leftovers
|upkeep
|
|t:|1663662373
|switch|p2a: Cobalion|Cobalion|58/100
|turn|38
|
|t:|1663662382
|move|p1a: Scizor|Bullet Punch|p2a: Cobalion
|-resisted|p2a: Cobalion
|-damage|p2a: Cobalion|21/100
|-damage|p1a: Scizor|80/100|[from] item: Rocky Helmet|[of] p2a: Cobalion
|move|p2a: Cobalion|Swords Dance|p2a: Cobalion
|-boost|p2a: Cobalion|atk|2
|
|-heal|p1a: Scizor|86/100|[from] item: Leftovers
|upkeep
|turn|39
|-message|udongirl forfeited.
|
|win|Queen of Bean ✿
|n|☆Queen of Bean ✿|queenofbean
|n|☆udongirl|udongirl
|n|*Lady Monita|ladymonita
|l|*Lady Monita
|l|☆udongirl
