|j|☆megarayquazasuncle
|j|☆Mariannabelle✿
|t:|1596510431
|player|p1|megarayquazasuncle|dancer|1523
|player|p2|Mariannabelle✿|furisodegirl-black|1467
|teamsize|p1|6
|teamsize|p2|6
|gametype|singles
|gen|8
|tier|[Gen 8] UU
|rated|
|clearpoke
|poke|p1|Necrozma|
|poke|p1|Mienshao, F|
|poke|p1|Araquanid, M|
|poke|p1|Incineroar, F|
|poke|p1|Whimsicott, M|
|poke|p1|Cobalion|
|poke|p2|Ninjask, F|
|poke|p2|Keldeo-Resolute|
|poke|p2|Stunfisk, F|
|poke|p2|Talonflame, F|
|poke|p2|Weezing-Galar, M|
|poke|p2|Goodra, M|
|rule|Sleep Clause Mod: Limit one foe put to sleep
|rule|Species Clause: Limit one of each Pokémon
|rule|OHKO Clause: OHKO moves are banned
|rule|Evasion Moves Clause: Evasion moves are banned
|rule|Endless Battle Clause: Forcing endless battles is banned
|rule|HP Percentage Mod: HP is shown in percentages
|rule|Dynamax Clause: You cannot dynamax
|teampreview
|c|☆megarayquazasuncle|hf
|
|t:|1596510451
|start
|switch|p1a: Araquanid|Araquanid, M|100/100
|switch|p2a: top birb|Talonflame, F|100/100
|turn|1
|j| rainum
|
|t:|1596510456
|switch|p1a: Incineroar|Incineroar, F|100/100
|-ability|p1a: Incineroar|Intimidate|boost
|-unboost|p2a: top birb|atk|1
|move|p2a: top birb|Brave Bird|p1a: Incineroar
|-damage|p1a: Incineroar|74/100
|-damage|p2a: top birb|89/100|[from] Recoil
|
|upkeep
|turn|2
|
|t:|1596510459
|move|p2a: top birb|U-turn|p1a: Incineroar
|-damage|p1a: Incineroar|63/100
|
|t:|1596510461
|switch|p2a: Juno|Keldeo-Resolute|100/100|[from]move: U-turn
|move|p1a: Incineroar|Parting Shot|p2a: Juno
|-unboost|p2a: Juno|atk|1
|-unboost|p2a: Juno|spa|1
|
|t:|1596510474
|switch|p1a: Araquanid|Araquanid, M|100/100|[from]move: Parting Shot
|
|upkeep
|turn|3
|
|t:|1596510479
|move|p2a: Juno|Flip Turn|p1a: Araquanid
|-resisted|p1a: Araquanid
|-damage|p1a: Araquanid|95/100
|
|t:|1596510484
|switch|p2a: poof|Weezing-Galar, M|100/100|[from]move: Flip Turn
|move|p1a: Araquanid|Substitute|p1a: Araquanid
|-start|p1a: Araquanid|Substitute
|-damage|p1a: Araquanid|70/100
|
|-heal|p1a: Araquanid|76/100|[from] item: Leftovers
|upkeep
|turn|4
|
|t:|1596510487
|move|p1a: Araquanid|Liquidation|p2a: poof
|-damage|p2a: poof|39/100
|move|p2a: poof|Sludge Bomb|p1a: Araquanid
|-end|p1a: Araquanid|Substitute
|
|-heal|p1a: Araquanid|82/100|[from] item: Leftovers
|-heal|p2a: poof|45/100|[from] item: Black Sludge
|upkeep
|turn|5
|
|t:|1596510492
|switch|p2a: Goo Pool|Goodra, M|100/100
|move|p1a: Araquanid|Liquidation|p2a: Goo Pool
|-resisted|p2a: Goo Pool
|-damage|p2a: Goo Pool|59/100
|
|-heal|p1a: Araquanid|89/100|[from] item: Leftovers
|upkeep
|turn|6
|
|t:|1596510495
|switch|p1a: Whimsicott|Whimsicott, M|100/100
|move|p2a: Goo Pool|Thunderbolt|p1a: Whimsicott
|-resisted|p1a: Whimsicott
|-damage|p1a: Whimsicott|77/100
|
|upkeep
|turn|7
|
|t:|1596510503
|move|p1a: Whimsicott|Moonblast|p2a: Goo Pool
|-supereffective|p2a: Goo Pool
|-damage|p2a: Goo Pool|20/100
|-unboost|p2a: Goo Pool|spa|1
|move|p2a: Goo Pool|Ice Beam|p1a: Whimsicott
|-supereffective|p1a: Whimsicott
|-damage|p1a: Whimsicott|3/100
|
|upkeep
|turn|8
|j| nerd
|
|t:|1596510508
|move|p1a: Whimsicott|Moonblast|p2a: Goo Pool
|-supereffective|p2a: Goo Pool
|-crit|p2a: Goo Pool
|-damage|p2a: Goo Pool|0 fnt
|faint|p2a: Goo Pool
|
|upkeep
|
|t:|1596510513
|switch|p2a: ninjago|Ninjask, F|100/100
|turn|9
|
|t:|1596510516
|move|p1a: Whimsicott|Stun Spore|p2a: ninjago
|-status|p2a: ninjago|par
|move|p2a: ninjago|Acrobatics|p1a: Whimsicott
|-supereffective|p1a: Whimsicott
|-damage|p1a: Whimsicott|0 fnt
|faint|p1a: Whimsicott
|
|-ability|p2a: ninjago|Speed Boost|boost
|-boost|p2a: ninjago|spe|1
|upkeep
|
|t:|1596510519
|switch|p1a: Cobalion|Cobalion|100/100
|turn|10
|
|t:|1596510522
|switch|p2a: top birb|Talonflame, F|89/100
|move|p1a: Cobalion|Stealth Rock|p2a: top birb
|-sidestart|p2: Mariannabelle✿|move: Stealth Rock
|
|upkeep
|turn|11
|
|t:|1596510529
|move|p2a: top birb|Defog|p1a: Cobalion
|-unboost|p1a: Cobalion|evasion|1
|-sideend|p2: Mariannabelle✿|Stealth Rock|[from] move: Defog|[of] p2a: top birb
|move|p1a: Cobalion|Volt Switch|p2a: top birb
|-supereffective|p2a: top birb
|-damage|p2a: top birb|34/100
|
|t:|1596510536
|switch|p1a: Incineroar|Incineroar, F|63/100|[from]move: Volt Switch
|-ability|p1a: Incineroar|Intimidate|boost
|-unboost|p2a: top birb|atk|1
|
|upkeep
|turn|12
|
|t:|1596510540
|move|p2a: top birb|Brave Bird|p1a: Incineroar
|-damage|p1a: Incineroar|39/100
|-damage|p2a: top birb|23/100|[from] Recoil
|move|p1a: Incineroar|Parting Shot|p2a: top birb
|-unboost|p2a: top birb|atk|1
|-unboost|p2a: top birb|spa|1
|
|t:|1596510549
|switch|p1a: Cobalion|Cobalion|100/100|[from]move: Parting Shot
|
|upkeep
|turn|13
|
|t:|1596510552
|move|p2a: top birb|U-turn|p1a: Cobalion
|-resisted|p1a: Cobalion
|-damage|p1a: Cobalion|99/100
|
|t:|1596510554
|switch|p2a: Juno|Keldeo-Resolute|100/100|[from]move: U-turn
|move|p1a: Cobalion|Stealth Rock|p2a: Juno
|-sidestart|p2: Mariannabelle✿|move: Stealth Rock
|
|upkeep
|turn|14
|
|t:|1596510557
|move|p2a: Juno|Calm Mind|p2a: Juno
|-boost|p2a: Juno|spa|1
|-boost|p2a: Juno|spd|1
|move|p1a: Cobalion|Volt Switch|p2a: Juno
|-supereffective|p2a: Juno
|-damage|p2a: Juno|77/100
|
|t:|1596510575
|switch|p1a: Necrozma|Necrozma|100/100|[from]move: Volt Switch
|
|-heal|p2a: Juno|83/100|[from] item: Leftovers
|upkeep
|turn|15
|
|t:|1596510578
|move|p2a: Juno|Scald|p1a: Necrozma
|-damage|p1a: Necrozma|46/100
|move|p1a: Necrozma|Autotomize|p1a: Necrozma
|-boost|p1a: Necrozma|spe|2
|-start|p1a: Necrozma|Autotomize
|
|-heal|p2a: Juno|90/100|[from] item: Leftovers
|upkeep
|turn|16
|
|t:|1596510582
|move|p1a: Necrozma|Photon Geyser|p2a: Juno
|-supereffective|p2a: Juno
|-damage|p2a: Juno|18/100
|move|p2a: Juno|Scald|p1a: Necrozma
|-damage|p1a: Necrozma|0 fnt
|faint|p1a: Necrozma
|
|-heal|p2a: Juno|24/100|[from] item: Leftovers
|upkeep
|
|t:|1596510590
|switch|p1a: Araquanid|Araquanid, M|89/100
|turn|17
|
|t:|1596510592
|move|p2a: Juno|Secret Sword|p1a: Araquanid
|-resisted|p1a: Araquanid
|-damage|p1a: Araquanid|52/100
|move|p1a: Araquanid|Liquidation|p2a: Juno
|-resisted|p2a: Juno
|-damage|p2a: Juno|0 fnt
|faint|p2a: Juno
|
|-heal|p1a: Araquanid|58/100|[from] item: Leftovers
|upkeep
|
|t:|1596510598
|switch|p2a: top birb|Talonflame, F|23/100
|turn|18
|
|t:|1596510602
|switch|p1a: Incineroar|Incineroar, F|39/100
|-ability|p1a: Incineroar|Intimidate|boost
|-unboost|p2a: top birb|atk|1
|move|p2a: top birb|Brave Bird|p1a: Incineroar
|-damage|p1a: Incineroar|14/100
|-damage|p2a: top birb|13/100|[from] Recoil
|
|upkeep
|turn|19
|
|t:|1596510604
|move|p2a: top birb|Brave Bird|p1a: Incineroar
|-damage|p1a: Incineroar|0 fnt
|-damage|p2a: top birb|7/100|[from] Recoil
|faint|p1a: Incineroar
|
|upkeep
|
|t:|1596510608
|switch|p1a: Cobalion|Cobalion|99/100
|turn|20
|
|t:|1596510618
|move|p2a: top birb|U-turn|p1a: Cobalion
|-resisted|p1a: Cobalion
|-damage|p1a: Cobalion|96/100
|
|t:|1596510620
|switch|p2a: Stunfisk|Stunfisk, F|100/100|[from]move: U-turn
|-damage|p2a: Stunfisk|94/100|[from] Stealth Rock
|move|p1a: Cobalion|Volt Switch|p2a: Stunfisk
|-immune|p2a: Stunfisk
|
|-heal|p2a: Stunfisk|100/100|[from] item: Leftovers
|upkeep
|turn|21
|
|t:|1596510625
|move|p1a: Cobalion|Focus Blast|p2a: Stunfisk
|-damage|p2a: Stunfisk|62/100
|move|p2a: Stunfisk|Discharge|p1a: Cobalion
|-damage|p1a: Cobalion|47/100
|-status|p1a: Cobalion|par
|
|-heal|p2a: Stunfisk|69/100|[from] item: Leftovers
|upkeep
|turn|22
|
|t:|1596510629
|move|p1a: Cobalion|Focus Blast|p2a: Stunfisk|[miss]
|-miss|p1a: Cobalion|p2a: Stunfisk
|move|p2a: Stunfisk|Discharge|p1a: Cobalion
|-damage|p1a: Cobalion|5/100 par
|
|-heal|p2a: Stunfisk|75/100|[from] item: Leftovers
|upkeep
|turn|23
|
|t:|1596510638
|cant|p1a: Cobalion|par
|move|p2a: Stunfisk|Discharge|p1a: Cobalion
|-damage|p1a: Cobalion|0 fnt
|faint|p1a: Cobalion
|
|-heal|p2a: Stunfisk|81/100|[from] item: Leftovers
|upkeep
|
|t:|1596510640
|switch|p1a: Araquanid|Araquanid, M|58/100
|turn|24
|
|t:|1596510641
|move|p1a: Araquanid|Liquidation|p2a: Stunfisk
|-supereffective|p2a: Stunfisk
|-damage|p2a: Stunfisk|0 fnt
|-status|p1a: Araquanid|par|[from] ability: Static|[of] p2a: Stunfisk
|faint|p2a: Stunfisk
|
|-heal|p1a: Araquanid|64/100 par|[from] item: Leftovers
|upkeep
|
|t:|1596510644
|switch|p2a: poof|Weezing-Galar, M|45/100
|-damage|p2a: poof|33/100|[from] Stealth Rock
|turn|25
|l| nerd
|c|☆megarayquazasuncle|that was a very very haxy four turns
|
|t:|1596510654
|move|p2a: poof|Aromatherapy|p2a: poof
|-activate|p2a: poof|move: Aromatherapy
|-curestatus|p2: ninjago|par|[msg]
|move|p1a: Araquanid|Liquidation|p2a: poof
|-damage|p2a: poof|0 fnt
|faint|p2a: poof
|
|-heal|p1a: Araquanid|71/100 par|[from] item: Leftovers
|upkeep
|
|t:|1596510665
|switch|p2a: ninjago|Ninjask, F|100/100
|-damage|p2a: ninjago|51/100|[from] Stealth Rock
|turn|26
|
|t:|1596510667
|move|p2a: ninjago|Acrobatics|p1a: Araquanid
|-supereffective|p1a: Araquanid
|-damage|p1a: Araquanid|0 fnt
|faint|p1a: Araquanid
|
|-ability|p2a: ninjago|Speed Boost|boost
|-boost|p2a: ninjago|spe|1
|upkeep
|
|t:|1596510669
|switch|p1a: Mienshao|Mienshao, F|100/100
|turn|27
|-message|megarayquazasuncle forfeited.
|
|win|Mariannabelle✿
|l|☆megarayquazasuncle
|c|☆Mariannabelle✿|it'd be sad if i didn't get __any__ static tho
|raw|megarayquazasuncle's rating: 1523 &rarr; <strong>1500</strong><br />(-23 for losing)
|raw|Mariannabelle✿'s rating: 1467 &rarr; <strong>1491</strong><br />(+24 for winning)
