|j|☆autumn dream
|j|☆lanouille
|t:|1612969114
|player|p1|autumn dream|waitress-gen4|1430
|player|p2|lanouille|tuber|1476
|teamsize|p1|6
|teamsize|p2|6
|gametype|singles
|gen|8
|tier|[Gen 8] UU
|rated|
|clearpoke
|poke|p1|Terrakion|
|poke|p1|Azumarill, F|
|poke|p1|Zeraora|
|poke|p1|Victini|
|poke|p1|Krookodile, F|
|poke|p1|Tangrowth, F|
|poke|p2|Kommo-o, F|
|poke|p2|Incineroar, M|
|poke|p2|Ditto|
|poke|p2|Rotom-Heat|
|poke|p2|Nihilego|
|poke|p2|Jirachi|
|rule|Sleep Clause Mod: Limit one foe put to sleep
|rule|Species Clause: Limit one of each Pokémon
|rule|OHKO Clause: OHKO moves are banned
|rule|Evasion Moves Clause: Evasion moves are banned
|rule|Endless Battle Clause: Forcing endless battles is banned
|rule|HP Percentage Mod: HP is shown in percentages
|rule|Dynamax Clause: You cannot dynamax
|teampreview
|
|t:|1612969138
|start
|switch|p1a: Krookodile|Krookodile, F|100/100
|switch|p2a: Jirachi|Jirachi|100/100
|-ability|p1a: Krookodile|Intimidate|boost
|-unboost|p2a: Jirachi|atk|1
|turn|1
|
|t:|1612969151
|switch|p2a: Incineroar|Incineroar, M|100/100
|-ability|p2a: Incineroar|Intimidate|boost
|-unboost|p1a: Krookodile|atk|1
|move|p1a: Krookodile|Stealth Rock|p2a: Incineroar
|-sidestart|p2: lanouille|move: Stealth Rock
|
|upkeep
|turn|2
|
|t:|1612969158
|switch|p1a: Tangrowth|Tangrowth, F|100/100
|switch|p2a: Rotom|Rotom-Heat|100/100
|
|upkeep
|turn|3
|
|t:|1612969164
|move|p2a: Rotom|Defog|p1a: Tangrowth
|-unboost|p1a: Tangrowth|evasion|1
|-sideend|p2: lanouille|Stealth Rock|[from] move: Defog|[of] p2a: Rotom
|move|p1a: Tangrowth|Sludge Bomb|p2a: Rotom
|-damage|p2a: Rotom|76/100
|
|upkeep
|turn|4
|
|t:|1612969174
|move|p2a: Rotom|Overheat|p1a: Tangrowth
|-supereffective|p1a: Tangrowth
|-damage|p1a: Tangrowth|0 fnt
|-unboost|p2a: Rotom|spa|2
|faint|p1a: Tangrowth
|
|upkeep
|
|t:|1612969181
|switch|p1a: Terrakion|Terrakion|100/100
|turn|5
|
|t:|1612969192
|switch|p2a: Incineroar|Incineroar, M|100/100
|-ability|p2a: Incineroar|Intimidate|boost
|-unboost|p1a: Terrakion|atk|1
|move|p1a: Terrakion|Close Combat|p2a: Incineroar
|-supereffective|p2a: Incineroar
|-damage|p2a: Incineroar|0 fnt
|-unboost|p1a: Terrakion|def|1
|-unboost|p1a: Terrakion|spd|1
|faint|p2a: Incineroar
|
|upkeep
|
|t:|1612969202
|switch|p2a: Kommo-o|Kommo-o, F|100/100
|turn|6
|
|t:|1612969212
|switch|p1a: Victini|Victini|100/100
|move|p2a: Kommo-o|Drain Punch|p1a: Victini
|-resisted|p1a: Victini
|-damage|p1a: Victini|82/100
|
|upkeep
|turn|7
|
|t:|1612969223
|switch|p2a: Rotom|Rotom-Heat|76/100
|move|p1a: Victini|U-turn|p2a: Rotom
|-resisted|p2a: Rotom
|-damage|p2a: Rotom|70/100
|
|t:|1612969227
|switch|p1a: Terrakion|Terrakion|100/100|[from]move: U-turn
|
|upkeep
|turn|8
|
|t:|1612969232
|move|p1a: Terrakion|Close Combat|p2a: Rotom
|-damage|p2a: Rotom|0 fnt
|-unboost|p1a: Terrakion|def|1
|-unboost|p1a: Terrakion|spd|1
|faint|p2a: Rotom
|
|upkeep
|
|t:|1612969238
|switch|p2a: Ditto|Ditto|100/100
|-transform|p2a: Ditto|p1a: Terrakion|[from] ability: Imposter
|turn|9
|
|t:|1612969245
|switch|p1a: Victini|Victini|82/100
|move|p2a: Ditto|Close Combat|p1a: Victini
|-resisted|p1a: Victini
|-damage|p1a: Victini|52/100
|-unboost|p2a: Ditto|def|1
|-unboost|p2a: Ditto|spd|1
|
|upkeep
|turn|10
|
|t:|1612969259
|switch|p2a: Kommo-o|Kommo-o, F|100/100
|move|p1a: Victini|U-turn|p2a: Kommo-o
|-resisted|p2a: Kommo-o
|-damage|p2a: Kommo-o|94/100
|
|t:|1612969262
|switch|p1a: Azumarill|Azumarill, F|100/100|[from]move: U-turn
|
|-heal|p2a: Kommo-o|99/100|[from] item: Leftovers
|upkeep
|turn|11
|
|t:|1612969268
|move|p2a: Kommo-o|Poison Jab|p1a: Azumarill
|-supereffective|p1a: Azumarill
|-damage|p1a: Azumarill|45/100
|move|p1a: Azumarill|Play Rough|p2a: Kommo-o
|-supereffective|p2a: Kommo-o
|-damage|p2a: Kommo-o|0 fnt
|faint|p2a: Kommo-o
|
|upkeep
|
|t:|1612969285
|switch|p2a: Jirachi|Jirachi|100/100
|turn|12
|
|t:|1612969290
|switch|p1a: Krookodile|Krookodile, F|100/100
|-ability|p1a: Krookodile|Intimidate|boost
|-unboost|p2a: Jirachi|atk|1
|move|p2a: Jirachi|Iron Head|p1a: Krookodile
|-damage|p1a: Krookodile|77/100
|
|upkeep
|turn|13
|
|t:|1612969296
|move|p1a: Krookodile|Knock Off|p2a: Jirachi
|-supereffective|p2a: Jirachi
|-damage|p2a: Jirachi|36/100
|-enditem|p2a: Jirachi|Leftovers|[from] move: Knock Off|[of] p1a: Krookodile
|move|p2a: Jirachi|Iron Head|p1a: Krookodile
|-damage|p1a: Krookodile|54/100
|
|upkeep
|turn|14
|
|t:|1612969304
|switch|p1a: Zeraora|Zeraora|100/100
|move|p2a: Jirachi|Iron Head|p1a: Zeraora
|-resisted|p1a: Zeraora
|-damage|p1a: Zeraora|87/100
|
|upkeep
|turn|15
|
|t:|1612969310
|move|p1a: Zeraora|Volt Switch|p2a: Jirachi
|-damage|p2a: Jirachi|19/100
|
|t:|1612969313
|switch|p1a: Krookodile|Krookodile, F|54/100|[from]move: Volt Switch
|-ability|p1a: Krookodile|Intimidate|boost
|-unboost|p2a: Jirachi|atk|1
|move|p2a: Jirachi|Wish|p2a: Jirachi
|
|upkeep
|turn|16
|
|t:|1612969320
|switch|p2a: Ditto|Ditto|100/100
|-transform|p2a: Ditto|p1a: Krookodile|[from] ability: Imposter
|-ability|p2a: Ditto|Intimidate|boost
|-unboost|p1a: Krookodile|atk|1
|move|p1a: Krookodile|Stealth Rock|p2a: Ditto
|-sidestart|p2: lanouille|move: Stealth Rock
|
|upkeep
|turn|17
|
|t:|1612969335
|switch|p1a: Victini|Victini|52/100
|move|p2a: Ditto|Earthquake|p1a: Victini
|-supereffective|p1a: Victini
|-damage|p1a: Victini|0 fnt
|faint|p1a: Victini
|
|upkeep
|
|t:|1612969341
|switch|p1a: Azumarill|Azumarill, F|45/100
|turn|18
|
|t:|1612969344
|switch|p2a: Jirachi|Jirachi|19/100
|-damage|p2a: Jirachi|13/100|[from] Stealth Rock
|move|p1a: Azumarill|Aqua Jet|p2a: Jirachi
|-damage|p2a: Jirachi|0 fnt
|faint|p2a: Jirachi
|
|upkeep
|
|t:|1612969353
|switch|p2a: Nihilego|Nihilego|100/100
|-damage|p2a: Nihilego|88/100|[from] Stealth Rock
|turn|19
|
|t:|1612969367
|move|p1a: Azumarill|Aqua Jet|p2a: Nihilego
|-supereffective|p2a: Nihilego
|-damage|p2a: Nihilego|0 fnt
|faint|p2a: Nihilego
|
|upkeep
|
|t:|1612969372
|switch|p2a: Ditto|Ditto|100/100
|-damage|p2a: Ditto|88/100|[from] Stealth Rock
|-transform|p2a: Ditto|p1a: Azumarill|[from] ability: Imposter
|turn|20
|
|t:|1612969384
|switch|p1a: Krookodile|Krookodile, F|54/100
|-ability|p1a: Krookodile|Intimidate|boost
|-unboost|p2a: Ditto|atk|1
|move|p2a: Ditto|Liquidation|p1a: Krookodile
|-supereffective|p1a: Krookodile
|-damage|p1a: Krookodile|0 fnt
|faint|p1a: Krookodile
|
|upkeep
|j| MrVodk
|
|t:|1612969393
|switch|p1a: Azumarill|Azumarill, F|45/100
|turn|21
|
|t:|1612969396
|move|p2a: Ditto|Liquidation|p1a: Azumarill
|-resisted|p1a: Azumarill
|-damage|p1a: Azumarill|26/100
|move|p1a: Azumarill|Play Rough|p2a: Ditto
|-damage|p2a: Ditto|0 fnt
|faint|p2a: Ditto
|
|win|autumn dream
|l|☆lanouille
||Ladder (probably) updated, but score could not be retrieved (Request timeout).
