|j|☆Com.Corsola
|j|☆Queen of Bean ✿
|t:|1667971954
|gametype|singles
|player|p1|Com.Corsola|dawn-gen4pt|1452
|player|p2|Queen of Bean ✿|hexmaniac-gen6|1386
|teamsize|p1|6
|teamsize|p2|6
|gen|8
|tier|[Gen 8] UU
|rated|
|rule|Sleep Clause Mod: Limit one foe put to sleep
|rule|Species Clause: Limit one of each Pokémon
|rule|OHKO Clause: OHKO moves are banned
|rule|Evasion Items Clause: Evasion items are banned
|rule|Evasion Moves Clause: Evasion moves are banned
|rule|Endless Battle Clause: Forcing endless battles is banned
|rule|HP Percentage Mod: HP is shown in percentages
|rule|Dynamax Clause: You cannot dynamax
|clearpoke
|poke|p1|Ribombee, F|
|poke|p1|Slowking, F|
|poke|p1|Mandibuzz, F|
|poke|p1|Diggersby, M|
|poke|p1|Conkeldurr, F|
|poke|p1|Cobalion|
|poke|p2|Primarina, F|
|poke|p2|Cobalion|
|poke|p2|Tangrowth, F|
|poke|p2|Salamence, M|
|poke|p2|Diggersby, F|
|poke|p2|Reuniclus, F|
|teampreview
|inactive|Battle timer is ON: inactive players will automatically lose when time's up. (requested by Com.Corsola)
|
|t:|1667971966
|start
|switch|p1a: Conkeldurr|Conkeldurr, F|100/100
|switch|p2a: Primarina|Primarina, F|100/100
|turn|1
|
|t:|1667971972
|switch|p1a: Slowking|Slowking, F|100/100
|move|p2a: Primarina|Moonblast|p1a: Slowking
|-damage|p1a: Slowking|69/100
|
|upkeep
|turn|2
|
|t:|1667971979
|move|p2a: Primarina|Substitute|p2a: Primarina
|-start|p2a: Primarina|Substitute
|-damage|p2a: Primarina|76/100
|move|p1a: Slowking|Teleport|p1a: Slowking
|
|t:|1667971985
|switch|p1a: Cobalion|Cobalion|100/100|[from]move: Teleport
|
|-heal|p2a: Primarina|82/100|[from] item: Leftovers
|upkeep
|turn|3
|
|t:|1667971994
|move|p1a: Cobalion|Volt Switch|p2a: Primarina
|-supereffective|p2a: Primarina
|-crit|p2a: Primarina
|-end|p2a: Primarina|Substitute
|
|t:|1667971998
|switch|p1a: Slowking|Slowking, F|100/100|[from]move: Volt Switch
|move|p2a: Primarina|Moonblast|p1a: Slowking
|-damage|p1a: Slowking|70/100
|
|-heal|p2a: Primarina|88/100|[from] item: Leftovers
|upkeep
|turn|4
|
|t:|1667972008
|switch|p2a: Reuniclus|Reuniclus, F|100/100
|move|p1a: Slowking|Future Sight|p2a: Reuniclus
|-start|p1a: Slowking|move: Future Sight
|
|upkeep
|turn|5
|
|t:|1667972012
|move|p2a: Reuniclus|Calm Mind|p2a: Reuniclus
|-boost|p2a: Reuniclus|spa|1
|-boost|p2a: Reuniclus|spd|1
|move|p1a: Slowking|Teleport|p1a: Slowking
|
|t:|1667972018
|switch|p1a: Diggersby|Diggersby, M|100/100|[from]move: Teleport
|
|upkeep
|turn|6
|
|t:|1667972025
|switch|p2a: Cobalion|Cobalion|100/100
|move|p1a: Diggersby|Body Slam|p2a: Cobalion
|-resisted|p2a: Cobalion
|-damage|p2a: Cobalion|69/100
|-damage|p1a: Diggersby|84/100|[from] item: Rocky Helmet|[of] p2a: Cobalion
|
|-end|p2a: Cobalion|move: Future Sight
|-damage|p2a: Cobalion|9/100
|upkeep
|turn|7
|c|☆Queen of Bean ✿|oops
|c|☆Queen of Bean ✿|i forgot
|c|☆Queen of Bean ✿|lol
|
|t:|1667972039
|switch|p2a: Salamence|Salamence, M|100/100
|-ability|p2a: Salamence|Intimidate|boost
|-unboost|p1a: Diggersby|atk|1
|move|p1a: Diggersby|Quick Attack|p2a: Salamence
|-damage|p2a: Salamence|82/100
|
|upkeep
|turn|8
|
|t:|1667972047
|switch|p1a: Mandibuzz|Mandibuzz, F|100/100
|move|p2a: Salamence|Hurricane|p1a: Mandibuzz
|-damage|p1a: Mandibuzz|65/100
|-start|p1a: Mandibuzz|confusion
|
|upkeep
|turn|9
|
|t:|1667972053
|switch|p2a: Primarina|Primarina, F|88/100
|-activate|p1a: Mandibuzz|confusion
|move|p1a: Mandibuzz|U-turn|p2a: Primarina
|-resisted|p2a: Primarina
|-damage|p2a: Primarina|81/100
|
|t:|1667972058
|switch|p1a: Diggersby|Diggersby, M|84/100|[from]move: U-turn
|
|-heal|p2a: Primarina|87/100|[from] item: Leftovers
|upkeep
|turn|10
|
|t:|1667972069
|switch|p2a: Salamence|Salamence, M|82/100
|-ability|p2a: Salamence|Intimidate|boost
|-unboost|p1a: Diggersby|atk|1
|move|p1a: Diggersby|Body Slam|p2a: Salamence
|-damage|p2a: Salamence|45/100
|
|upkeep
|turn|11
|
|t:|1667972077
|move|p1a: Diggersby|Body Slam|p2a: Salamence
|-crit|p2a: Salamence
|-damage|p2a: Salamence|0 fnt
|faint|p2a: Salamence
|
|upkeep
|c|☆Queen of Bean ✿|wow
|
|t:|1667972083
|switch|p2a: Reuniclus|Reuniclus, F|100/100
|turn|12
|c|☆Com.Corsola|Honestly was just hoping for a para
|
|t:|1667972097
|move|p1a: Diggersby|Swords Dance|p1a: Diggersby
|-boost|p1a: Diggersby|atk|2
|move|p2a: Reuniclus|Calm Mind|p2a: Reuniclus
|-boost|p2a: Reuniclus|spa|1
|-boost|p2a: Reuniclus|spd|1
|
|upkeep
|turn|13
|
|t:|1667972101
|move|p1a: Diggersby|Earthquake|p2a: Reuniclus
|-damage|p2a: Reuniclus|14/100
|move|p2a: Reuniclus|Focus Blast|p1a: Diggersby
|-supereffective|p1a: Diggersby
|-damage|p1a: Diggersby|0 fnt
|faint|p1a: Diggersby
|
|upkeep
|
|t:|1667972112
|switch|p1a: Conkeldurr|Conkeldurr, F|100/100
|turn|14
|
|t:|1667972117
|switch|p2a: Cobalion|Cobalion|9/100
|move|p1a: Conkeldurr|Knock Off|p2a: Cobalion
|-resisted|p2a: Cobalion
|-damage|p2a: Cobalion|0 fnt
|-damage|p1a: Conkeldurr|84/100|[from] item: Rocky Helmet|[of] p2a: Cobalion
|-enditem|p2a: Cobalion|Rocky Helmet|[from] move: Knock Off|[of] p1a: Conkeldurr
|faint|p2a: Cobalion
|
|-status|p1a: Conkeldurr|brn|[from] item: Flame Orb
|upkeep
|
|t:|1667972120
|switch|p2a: Primarina|Primarina, F|87/100
|turn|15
|
|t:|1667972129
|switch|p2a: Reuniclus|Reuniclus, F|14/100
|move|p1a: Conkeldurr|Facade|p2a: Reuniclus
|-damage|p2a: Reuniclus|0 fnt
|faint|p2a: Reuniclus
|
|-damage|p1a: Conkeldurr|78/100 brn|[from] brn
|upkeep
|c|☆Queen of Bean ✿|NOO
|c|☆Queen of Bean ✿|damn....
|c|☆Queen of Bean ✿|i outspeed an kill
|
|t:|1667972157
|switch|p2a: Primarina|Primarina, F|87/100
|turn|16
|
|t:|1667972167
|switch|p1a: Mandibuzz|Mandibuzz, F|65/100
|move|p2a: Primarina|Moonblast|p1a: Mandibuzz
|-supereffective|p1a: Mandibuzz
|-damage|p1a: Mandibuzz|0 fnt
|faint|p1a: Mandibuzz
|
|-heal|p2a: Primarina|93/100|[from] item: Leftovers
|upkeep
|
|t:|1667972180
|switch|p1a: Cobalion|Cobalion|100/100
|turn|17
|
|t:|1667972184
|move|p1a: Cobalion|Stone Edge|p2a: Primarina
|-damage|p2a: Primarina|58/100
|move|p2a: Primarina|Moonblast|p1a: Cobalion
|-damage|p1a: Cobalion|33/100
|
|-heal|p2a: Primarina|64/100|[from] item: Leftovers
|upkeep
|turn|18
|
|t:|1667972192
|switch|p2a: Tangrowth|Tangrowth, F|100/100
|move|p1a: Cobalion|Volt Switch|p2a: Tangrowth
|-resisted|p2a: Tangrowth
|-damage|p2a: Tangrowth|96/100
|
|t:|1667972195
|switch|p1a: Conkeldurr|Conkeldurr, F|78/100 brn|[from]move: Volt Switch
|
|-damage|p1a: Conkeldurr|72/100 brn|[from] brn
|upkeep
|turn|19
|
|t:|1667972202
|move|p2a: Tangrowth|Power Whip|p1a: Conkeldurr
|-damage|p1a: Conkeldurr|38/100 brn
|move|p1a: Conkeldurr|Drain Punch|p2a: Tangrowth
|-damage|p2a: Tangrowth|46/100
|-heal|p1a: Conkeldurr|63/100 brn|[from] drain|[of] p2a: Tangrowth
|
|-damage|p1a: Conkeldurr|57/100 brn|[from] brn
|upkeep
|turn|20
|
|t:|1667972224
|move|p2a: Tangrowth|Power Whip|p1a: Conkeldurr
|-damage|p1a: Conkeldurr|20/100 brn
|move|p1a: Conkeldurr|Drain Punch|p2a: Tangrowth
|-damage|p2a: Tangrowth|2/100
|-heal|p1a: Conkeldurr|42/100 brn|[from] drain|[of] p2a: Tangrowth
|
|-damage|p1a: Conkeldurr|36/100 brn|[from] brn
|upkeep
|turn|21
|
|t:|1667972229
|move|p1a: Conkeldurr|Mach Punch|p2a: Tangrowth
|-damage|p2a: Tangrowth|0 fnt
|faint|p2a: Tangrowth
|
|-damage|p1a: Conkeldurr|30/100 brn|[from] brn
|upkeep
|
|t:|1667972232
|switch|p2a: Primarina|Primarina, F|64/100
|turn|22
|
|t:|1667972238
|move|p2a: Primarina|Moonblast|p1a: Conkeldurr
|-supereffective|p1a: Conkeldurr
|-damage|p1a: Conkeldurr|0 fnt
|faint|p1a: Conkeldurr
|
|-heal|p2a: Primarina|70/100|[from] item: Leftovers
|upkeep
|
|t:|1667972243
|switch|p1a: Ribombee|Ribombee, F|100/100
|turn|23
|
|t:|1667972250
|move|p1a: Ribombee|Quiver Dance|p1a: Ribombee
|-boost|p1a: Ribombee|spa|1
|-boost|p1a: Ribombee|spd|1
|-boost|p1a: Ribombee|spe|1
|move|p2a: Primarina|Moonblast|p1a: Ribombee
|-damage|p1a: Ribombee|43/100
|
|-heal|p2a: Primarina|76/100|[from] item: Leftovers
|upkeep
|turn|24
|
|t:|1667972254
|move|p1a: Ribombee|Moonblast|p2a: Primarina
|-damage|p2a: Primarina|7/100
|-unboost|p2a: Primarina|spa|1
|move|p2a: Primarina|Moonblast|p1a: Ribombee
|-damage|p1a: Ribombee|2/100
|
|-heal|p2a: Primarina|13/100|[from] item: Leftovers
|upkeep
|turn|25
|
|t:|1667972265
|move|p1a: Ribombee|Moonblast|p2a: Primarina
|-damage|p2a: Primarina|0 fnt
|faint|p2a: Primarina
|
|upkeep
|c|☆Queen of Bean ✿|wow
|
|t:|1667972272
|switch|p2a: Diggersby|Diggersby, F|100/100
|turn|26
|
|t:|1667972275
|move|p1a: Ribombee|Moonblast|p2a: Diggersby
|-damage|p2a: Diggersby|0 fnt
|faint|p2a: Diggersby
|
|win|Com.Corsola
|raw|Com.Corsola's rating: 1452 &rarr; <strong>1468</strong><br />(+16 for winning)
|raw|Queen of Bean ✿'s rating: 1386 &rarr; <strong>1370</strong><br />(-16 for losing)
|c|☆Queen of Bean ✿|gg
|c|☆Com.Corsola|Gg
|l|☆Com.Corsola
|j|☆Com.Corsola
|player|p1|Com.Corsola|dawn-gen4pt
|l|☆Com.Corsola
|player|p1|
||Ladder isn't responding, score probably updated but might not have (Request timeout).
