|j|☆UULT1 Adrift
|j|☆Xilefi
|player|p1|UULT1 Adrift|ethan-gen2|1277
|player|p2|Xilefi|101|1308
|teamsize|p1|6
|teamsize|p2|6
|gametype|singles
|gen|8
|tier|[Gen 8] UU
|rated|
|clearpoke
|poke|p1|Roserade, M|
|poke|p1|Pangoro, M|
|poke|p1|Noivern, M|
|poke|p1|Gigalith, F|
|poke|p1|Doublade, F|
|poke|p1|Sylveon, M|
|poke|p2|Ninetales, M|
|poke|p2|Heliolisk, F|
|poke|p2|Venusaur, F|
|poke|p2|Inteleon, M|
|poke|p2|Noivern, M|
|poke|p2|Bronzong|
|rule|Sleep Clause Mod: Limit one foe put to sleep
|rule|Species Clause: Limit one of each Pokémon
|rule|OHKO Clause: OHKO moves are banned
|rule|Evasion Moves Clause: Evasion moves are banned
|rule|Endless Battle Clause: Forcing endless battles is banned
|rule|HP Percentage Mod: HP is shown in percentages
|rule|Dynamax Clause: You cannot dynamax
|teampreview
|
|start
|switch|p1a: Roserade|Roserade, M|100/100
|switch|p2a: Inteleon|Inteleon, M|100/100
|turn|1
|inactive|Battle timer is ON: inactive players will automatically lose when time's up. (requested by Xilefi)
|
|move|p2a: Inteleon|U-turn|p1a: Roserade
|-damage|p1a: Roserade|78/100
|
|switch|p2a: Bronzong|Bronzong|100/100|[from]move: U-turn
|move|p1a: Roserade|Sleep Powder|p2a: Bronzong
|-status|p2a: Bronzong|slp|[from] move: Sleep Powder
|
|-heal|p1a: Roserade|84/100|[from] item: Black Sludge
|upkeep
|turn|2
|
|switch|p2a: Noivern|Noivern, M|100/100
|move|p1a: Roserade|Spikes|p2a: Noivern
|-sidestart|p2: Xilefi|Spikes
|
|-heal|p1a: Roserade|91/100|[from] item: Black Sludge
|upkeep
|turn|3
|
|switch|p1a: Gigalith|Gigalith, F|100/100
|-weather|Sandstorm|[from] ability: Sand Stream|[of] p1a: Gigalith
|move|p2a: Noivern|Defog|p1a: Gigalith
|-unboost|p1a: Gigalith|evasion|1
|-sideend|p2: Xilefi|Spikes|[from] move: Defog|[of] p2a: Noivern
|
|-weather|Sandstorm|[upkeep]
|-damage|p2a: Noivern|94/100|[from] Sandstorm
|upkeep
|turn|4
|
|switch|p2a: Bronzong|Bronzong|100/100 slp
|move|p1a: Gigalith|Stealth Rock|p2a: Bronzong
|-sidestart|p2: Xilefi|move: Stealth Rock
|
|-weather|Sandstorm|[upkeep]
|upkeep
|turn|5
|
|switch|p1a: Pangoro|Pangoro, M|100/100
|-ability|p1a: Pangoro|Mold Breaker
|cant|p2a: Bronzong|slp
|
|-weather|Sandstorm|[upkeep]
|-damage|p1a: Pangoro|94/100|[from] Sandstorm
|upkeep
|turn|6
|
|-curestatus|p2a: Bronzong|slp|[msg]
|move|p2a: Bronzong|Protect|p2a: Bronzong
|-singleturn|p2a: Bronzong|Protect
|move|p1a: Pangoro|Knock Off|p2a: Bronzong
|-activate|p2a: Bronzong|move: Protect
|
|-weather|Sandstorm|[upkeep]
|-damage|p1a: Pangoro|88/100|[from] Sandstorm
|upkeep
|turn|7
|
|switch|p2a: Ninetales|Ninetales, M|100/100
|-damage|p2a: Ninetales|76/100|[from] Stealth Rock
|-weather|SunnyDay|[from] ability: Drought|[of] p2a: Ninetales
|move|p1a: Pangoro|Knock Off|p2a: Ninetales
|-crit|p2a: Ninetales
|-damage|p2a: Ninetales|0 fnt
|-enditem|p2a: Ninetales|Heat Rock|[from] move: Knock Off|[of] p1a: Pangoro
|faint|p2a: Ninetales
|
|-weather|SunnyDay|[upkeep]
|upkeep
|
|switch|p2a: Venusaur|Venusaur, F|100/100
|-damage|p2a: Venusaur|88/100|[from] Stealth Rock
|turn|8
|
|switch|p1a: Noivern|Noivern, M|100/100
|move|p2a: Venusaur|Giga Drain|p1a: Noivern
|-resisted|p1a: Noivern
|-damage|p1a: Noivern|85/100
|-heal|p2a: Venusaur|96/100|[from] drain|[of] p1a: Noivern
|-damage|p2a: Venusaur|86/100|[from] item: Life Orb
|
|-weather|SunnyDay|[upkeep]
|upkeep
|turn|9
|
|switch|p1a: Gigalith|Gigalith, F|100/100
|-weather|Sandstorm|[from] ability: Sand Stream|[of] p1a: Gigalith
|move|p2a: Venusaur|Growth|p2a: Venusaur
|-boost|p2a: Venusaur|atk|1
|-boost|p2a: Venusaur|spa|1
|
|-weather|Sandstorm|[upkeep]
|-damage|p2a: Venusaur|80/100|[from] Sandstorm
|upkeep
|turn|10
|
|switch|p1a: Noivern|Noivern, M|85/100
|move|p2a: Venusaur|Giga Drain|p1a: Noivern
|-resisted|p1a: Noivern
|-damage|p1a: Noivern|64/100
|-heal|p2a: Venusaur|91/100|[from] drain|[of] p1a: Noivern
|-damage|p2a: Venusaur|81/100|[from] item: Life Orb
|
|-weather|Sandstorm|[upkeep]
|-damage|p1a: Noivern|58/100|[from] Sandstorm
|-damage|p2a: Venusaur|75/100|[from] Sandstorm
|upkeep
|turn|11
|
|move|p1a: Noivern|Hurricane|p2a: Venusaur
|-supereffective|p2a: Venusaur
|-damage|p2a: Venusaur|0 fnt
|faint|p2a: Venusaur
|
|-weather|Sandstorm|[upkeep]
|-damage|p1a: Noivern|52/100|[from] Sandstorm
|upkeep
|
|switch|p2a: Inteleon|Inteleon, M|100/100
|-damage|p2a: Inteleon|88/100|[from] Stealth Rock
|turn|12
|
|switch|p1a: Sylveon|Sylveon, M|100/100
|move|p2a: Inteleon|U-turn|p1a: Sylveon
|-resisted|p1a: Sylveon
|-damage|p1a: Sylveon|95/100
|
|switch|p2a: Bronzong|Bronzong|100/100|[from]move: U-turn
|-damage|p2a: Bronzong|94/100|[from] Stealth Rock
|
|-weather|Sandstorm|[upkeep]
|-damage|p1a: Sylveon|89/100|[from] Sandstorm
|-heal|p1a: Sylveon|95/100|[from] item: Leftovers
|-heal|p2a: Bronzong|100/100|[from] item: Leftovers
|upkeep
|turn|13
|
|switch|p1a: Pangoro|Pangoro, M|88/100
|-ability|p1a: Pangoro|Mold Breaker
|move|p2a: Bronzong|Heavy Slam|p1a: Pangoro
|-damage|p1a: Pangoro|75/100
|
|-weather|none
|upkeep
|turn|14
|
|move|p1a: Pangoro|Knock Off|p2a: Bronzong
|-supereffective|p2a: Bronzong
|-damage|p2a: Bronzong|0 fnt
|-enditem|p2a: Bronzong|Leftovers|[from] move: Knock Off|[of] p1a: Pangoro
|faint|p2a: Bronzong
|
|upkeep
|-message|Xilefi forfeited.
|
|win|UULT1 Adrift
|l|☆Xilefi
