|j|☆RNGlosthisaccount
|j|☆Trogba Trogba
|player|p1|RNGlosthisaccount|silver|
|player|p2|Trogba Trogba|lance|
|teamsize|p1|6
|teamsize|p2|6
|gametype|singles
|gen|8
|tier|[Gen 8] UU
|rated|Tournament battle
|clearpoke
|poke|p1|Skarmory, M|
|poke|p1|Blissey, F|
|poke|p1|Cloyster, M|
|poke|p1|Heracross, F|
|poke|p1|Galvantula, M|
|poke|p1|Mimikyu, F|
|poke|p2|Aegislash, M|
|poke|p2|Blissey, F|
|poke|p2|Tyranitar, F|
|poke|p2|Rotom-Wash|
|poke|p2|Jirachi|
|poke|p2|Skarmory, M|
|rule|Sleep Clause Mod: Limit one foe put to sleep
|rule|Species Clause: Limit one of each Pokémon
|rule|OHKO Clause: OHKO moves are banned
|rule|Evasion Moves Clause: Evasion moves are banned
|rule|Endless Battle Clause: Forcing endless battles is banned
|rule|HP Percentage Mod: HP is shown in percentages
|rule|Dynamax Clause: You cannot dynamax
|teampreview
|j|*Lady Monita
|c|☆RNGlosthisaccount|gl jf
|c|☆Trogba Trogba|u2
|
|start
|switch|p1a: Spider man for PS5|Galvantula, M|100/100
|switch|p2a: Jirachi|Jirachi|100/100
|turn|1
|c|☆RNGlosthisaccount|wait i said jf
|c|☆RNGlosthisaccount|i mean hf
|c|☆RNGlosthisaccount|xd
|c|☆Trogba Trogba|yeah
|
|move|p2a: Jirachi|Zen Headbutt|p1a: Spider man for PS5
|-damage|p1a: Spider man for PS5|39/100
|move|p1a: Spider man for PS5|Sticky Web|p2a: Jirachi
|-sidestart|p2: Trogba Trogba|move: Sticky Web
|
|upkeep
|turn|2
|
|move|p2a: Jirachi|Zen Headbutt|p1a: Spider man for PS5
|-damage|p1a: Spider man for PS5|0 fnt
|faint|p1a: Spider man for PS5
|
|upkeep
|
|switch|p1a: THE WIND|Skarmory, M, shiny|100/100
|turn|3
|c|☆Trogba Trogba|that was supposed to flinch
|
|switch|p2a: Rotom|Rotom-Wash|100/100
|move|p1a: THE WIND|Stealth Rock|p2a: Rotom
|-sidestart|p2: Trogba Trogba|move: Stealth Rock
|
|upkeep
|turn|4
|c|☆Trogba Trogba|and you weren't supposed to get webs
|
|move|p2a: Rotom|Defog|p1a: THE WIND
|-unboost|p1a: THE WIND|evasion|1
|-sideend|p2: Trogba Trogba|Stealth Rock|[from] move: Defog|[of] p2a: Rotom
|-sideend|p2: Trogba Trogba|Sticky Web|[from] move: Defog|[of] p2a: Rotom
|move|p1a: THE WIND|Whirlwind|p2a: Rotom
|drag|p2a: Skarmory|Skarmory, M|100/100
|
|upkeep
|turn|5
|c|☆RNGlosthisaccount|;-;
|
|move|p2a: Skarmory|Spikes|p1a: THE WIND
|-sidestart|p1: RNGlosthisaccount|Spikes
|move|p1a: THE WIND|Whirlwind|p2a: Skarmory
|drag|p2a: Blissey|Blissey, F|100/100
|
|upkeep
|turn|6
|
|switch|p2a: Skarmory|Skarmory, M|100/100
|move|p1a: THE WIND|Stealth Rock|p2a: Skarmory
|-sidestart|p2: Trogba Trogba|move: Stealth Rock
|
|upkeep
|turn|7
|
|move|p2a: Skarmory|Spikes|p1a: THE WIND
|-sidestart|p1: RNGlosthisaccount|Spikes
|move|p1a: THE WIND|Whirlwind|p2a: Skarmory
|drag|p2a: Aegislash|Aegislash, M|100/100
|-damage|p2a: Aegislash|94/100|[from] Stealth Rock
|
|upkeep
|turn|8
|c|☆RNGlosthisaccount|no i set up
|c|☆RNGlosthisaccount|>:(
|c|☆RNGlosthisaccount|reee
|
|-formechange|p2a: Aegislash|Aegislash-Blade||[from] ability: Stance Change
|move|p2a: Aegislash|Shadow Ball|p1a: THE WIND
|-damage|p1a: THE WIND|22/100
|-damage|p2a: Aegislash|84/100|[from] item: Life Orb
|move|p1a: THE WIND|Whirlwind|p2a: Aegislash
|drag|p2a: Rotom|Rotom-Wash|100/100
|-damage|p2a: Rotom|88/100|[from] Stealth Rock
|
|-heal|p2a: Rotom|94/100|[from] item: Leftovers
|upkeep
|turn|9
|c|☆RNGlosthisaccount|and im dead
|
|switch|p1a: Dio|Heracross, F|100/100
|-damage|p1a: Dio|84/100|[from] Spikes
|move|p2a: Rotom|Volt Switch|p1a: Dio
|-damage|p1a: Dio|56/100
|c|☆RNGlosthisaccount|god im bad :(
|
|switch|p2a: Jirachi|Jirachi|100/100|[from]move: Volt Switch
|-damage|p2a: Jirachi|94/100|[from] Stealth Rock
|
|upkeep
|turn|10
|
|move|p2a: Jirachi|U-turn|p1a: Dio
|-resisted|p1a: Dio
|-damage|p1a: Dio|41/100
|
|switch|p2a: Skarmory|Skarmory, M|100/100|[from]move: U-turn
|-damage|p2a: Skarmory|88/100|[from] Stealth Rock
|move|p1a: Dio|Earthquake|p2a: Skarmory
|-immune|p2a: Skarmory
|
|upkeep
|turn|11
|c|☆RNGlosthisaccount|wait but my earthquake D:
|c|☆Trogba Trogba|I peaked at 40th on uu ladder with this team tbf
|
|switch|p1a: Hes back|Mimikyu, F, shiny|100/100
|-damage|p1a: Hes back|84/100|[from] Spikes
|move|p2a: Skarmory|Spikes|p1a: Hes back
|-sidestart|p1: RNGlosthisaccount|Spikes
|
|upkeep
|turn|12
|c|☆RNGlosthisaccount|oh
|c|☆RNGlosthisaccount|well
|c|☆RNGlosthisaccount|im gonna get destroyed
|
|move|p1a: Hes back|Drain Punch|p2a: Skarmory
|-damage|p2a: Skarmory|76/100
|-heal|p1a: Hes back|93/100|[from] drain|[of] p2a: Skarmory
|-damage|p1a: Hes back|76/100|[from] item: Rocky Helmet|[of] p2a: Skarmory
|move|p2a: Skarmory|Brave Bird|p1a: Hes back
|-activate|p1a: Hes back|ability: Disguise
|-damage|p1a: Hes back|76/100
|detailschange|p1a: Hes back|Mimikyu-Busted, F, shiny
|-damage|p1a: Hes back|64/100|[from] pokemon: Mimikyu-Busted
|
|upkeep
|turn|13
|
|switch|p1a: Balance|Blissey, F|100/100
|-damage|p1a: Balance|76/100|[from] Spikes
|move|p2a: Skarmory|Roost|p2a: Skarmory
|-heal|p2a: Skarmory|100/100
|-singleturn|p2a: Skarmory|move: Roost
|
|-heal|p1a: Balance|82/100|[from] item: Leftovers
|upkeep
|turn|14
|
|switch|p1a: THE WIND|Skarmory, M, shiny|22/100
|move|p2a: Skarmory|Whirlwind|p1a: THE WIND
|drag|p1a: Balance|Blissey, F|82/100
|-damage|p1a: Balance|57/100|[from] Spikes
|
|-heal|p1a: Balance|63/100|[from] item: Leftovers
|upkeep
|turn|15
|
|switch|p1a: Dio|Heracross, F|41/100
|-damage|p1a: Dio|16/100|[from] Spikes
|move|p2a: Skarmory|Whirlwind|p1a: Dio
|drag|p1a: Sped again|Cloyster, M|100/100
|-damage|p1a: Sped again|76/100|[from] Spikes
|
|upkeep
|turn|16
|c|☆RNGlosthisaccount|maybe i should get close combat
|
|move|p1a: Sped again|Shell Smash|p1a: Sped again
|-unboost|p1a: Sped again|def|1
|-unboost|p1a: Sped again|spd|1
|-boost|p1a: Sped again|atk|2
|-boost|p1a: Sped again|spa|2
|-boost|p1a: Sped again|spe|2
|move|p2a: Skarmory|Whirlwind|p1a: Sped again
|drag|p1a: Balance|Blissey, F|63/100
|-damage|p1a: Balance|38/100|[from] Spikes
|
|-heal|p1a: Balance|44/100|[from] item: Leftovers
|upkeep
|turn|17
|c|☆Trogba Trogba|would do nothing to skarm
|
|move|p1a: Balance|Soft-Boiled|p1a: Balance
|-heal|p1a: Balance|94/100
|move|p2a: Skarmory|Whirlwind|p1a: Balance
|drag|p1a: THE WIND|Skarmory, M, shiny|22/100
|
|upkeep
|turn|18
|c|☆Trogba Trogba|banded cc from terrak does just over 50
|c|☆RNGlosthisaccount|i saw this strat in sw and sh
|
|move|p1a: THE WIND|Roost|p1a: THE WIND
|-heal|p1a: THE WIND|72/100
|-singleturn|p1a: THE WIND|move: Roost
|move|p2a: Skarmory|Whirlwind|p1a: THE WIND
|drag|p1a: Sped again|Cloyster, M|76/100
|-damage|p1a: Sped again|51/100|[from] Spikes
|
|upkeep
|turn|19
|
|move|p1a: Sped again|Rock Blast|p2a: Skarmory|[miss]
|-miss|p1a: Sped again|p2a: Skarmory
|move|p2a: Skarmory|Whirlwind|p1a: Sped again
|drag|p1a: THE WIND|Skarmory, M, shiny|72/100
|
|upkeep
|turn|20
|c|☆Trogba Trogba|you need more special attack
|
|move|p2a: Skarmory|Whirlwind|p1a: THE WIND
|drag|p1a: Hes back|Mimikyu-Busted, F, shiny|64/100
|-damage|p1a: Hes back|39/100|[from] Spikes
|
|upkeep
|turn|21
|
|move|p1a: Hes back|Destiny Bond|p1a: Hes back
|-singlemove|p1a: Hes back|Destiny Bond
|move|p2a: Skarmory|Whirlwind|p1a: Hes back
|drag|p1a: Sped again|Cloyster, M|51/100
|-damage|p1a: Sped again|26/100|[from] Spikes
|
|upkeep
|turn|22
|
|move|p1a: Sped again|Rock Blast|p2a: Skarmory|[miss]
|-miss|p1a: Sped again|p2a: Skarmory
|move|p2a: Skarmory|Whirlwind|p1a: Sped again
|drag|p1a: THE WIND|Skarmory, M, shiny|72/100
|
|upkeep
|turn|23
|c|☆Trogba Trogba|ya know what
|c|☆Trogba Trogba|I nearly brave bird'd
|c|☆RNGlosthisaccount|MY LUCK WHY
|c|☆Trogba Trogba|on the destiny
|
|move|p1a: THE WIND|Spikes|p2a: Skarmory
|-sidestart|p2: Trogba Trogba|Spikes
|move|p2a: Skarmory|Whirlwind|p1a: THE WIND
|drag|p1a: Dio|Heracross, F|16/100
|-damage|p1a: Dio|0 fnt|[from] Spikes
|faint|p1a: Dio
|
|upkeep
|
|switch|p1a: THE WIND|Skarmory, M, shiny|72/100
|turn|24
|
|move|p1a: THE WIND|Spikes|p2a: Skarmory
|-sidestart|p2: Trogba Trogba|Spikes
|move|p2a: Skarmory|Whirlwind|p1a: THE WIND
|drag|p1a: Sped again|Cloyster, M|26/100
|-damage|p1a: Sped again|1/100|[from] Spikes
|
|upkeep
|turn|25
|
|move|p1a: Sped again|Rest|p1a: Sped again
|-status|p1a: Sped again|slp|[from] move: Rest
|-heal|p1a: Sped again|100/100 slp|[silent]
|-enditem|p1a: Sped again|Chesto Berry|[eat]
|-curestatus|p1a: Sped again|slp|[msg]
|move|p2a: Skarmory|Brave Bird|p1a: Sped again
|-damage|p1a: Sped again|73/100
|-damage|p2a: Skarmory|94/100|[from] Recoil
|
|upkeep
|turn|26
|c|☆Trogba Trogba|I like the tech
|
|move|p1a: Sped again|Rock Blast|p2a: Skarmory|[miss]
|-miss|p1a: Sped again|p2a: Skarmory
|move|p2a: Skarmory|Whirlwind|p1a: Sped again
|drag|p1a: Hes back|Mimikyu-Busted, F, shiny|39/100
|-damage|p1a: Hes back|14/100|[from] Spikes
|
|upkeep
|turn|27
|c|☆Trogba Trogba|also icicle spear does more
|c|☆RNGlosthisaccount|but isnt rock super effective
|c|☆Trogba Trogba|I'm steel flying
|c|☆Trogba Trogba|it's neutral
|c|☆Trogba Trogba|Icicle speak gets stab
|c|☆RNGlosthisaccount|oh
|c|☆Trogba Trogba|spear*
|c|☆RNGlosthisaccount|im stupid
|c|☆RNGlosthisaccount|god im bad
|
|move|p1a: Hes back|Drain Punch|p2a: Skarmory
|-damage|p2a: Skarmory|82/100
|-heal|p1a: Hes back|22/100|[from] drain|[of] p2a: Skarmory
|-damage|p1a: Hes back|6/100|[from] item: Rocky Helmet|[of] p2a: Skarmory
|move|p2a: Skarmory|Whirlwind|p1a: Hes back
|drag|p1a: Balance|Blissey, F|94/100
|-damage|p1a: Balance|69/100|[from] Spikes
|
|-heal|p1a: Balance|75/100|[from] item: Leftovers
|upkeep
|turn|28
|
|move|p1a: Balance|Seismic Toss|p2a: Skarmory
|-damage|p2a: Skarmory|52/100
|-damage|p1a: Balance|59/100|[from] item: Rocky Helmet|[of] p2a: Skarmory
|move|p2a: Skarmory|Whirlwind|p1a: Balance
|drag|p1a: Hes back|Mimikyu-Busted, F, shiny|6/100
|-damage|p1a: Hes back|0 fnt|[from] Spikes
|faint|p1a: Hes back
|
|upkeep
|
|switch|p1a: Sped again|Cloyster, M|73/100
|-damage|p1a: Sped again|48/100|[from] Spikes
|turn|29
|
|move|p1a: Sped again|Icicle Spear|p2a: Skarmory
|-damage|p2a: Skarmory|45/100
|-damage|p2a: Skarmory|38/100
|-damage|p2a: Skarmory|31/100
|-damage|p2a: Skarmory|24/100
|-damage|p2a: Skarmory|16/100
|-hitcount|p2a: Skarmory|5
|move|p2a: Skarmory|Roost|p2a: Skarmory
|-heal|p2a: Skarmory|66/100
|-singleturn|p2a: Skarmory|move: Roost
|
|upkeep
|turn|30
|
|move|p1a: Sped again|Shell Smash|p1a: Sped again
|-unboost|p1a: Sped again|def|1
|-unboost|p1a: Sped again|spd|1
|-boost|p1a: Sped again|atk|2
|-boost|p1a: Sped again|spa|2
|-boost|p1a: Sped again|spe|2
|move|p2a: Skarmory|Roost|p2a: Skarmory
|-heal|p2a: Skarmory|100/100
|-singleturn|p2a: Skarmory|move: Roost
|
|upkeep
|turn|31
|
|move|p1a: Sped again|Icicle Spear|p2a: Skarmory
|-damage|p2a: Skarmory|87/100
|-damage|p2a: Skarmory|73/100
|-damage|p2a: Skarmory|60/100
|-damage|p2a: Skarmory|46/100
|-damage|p2a: Skarmory|33/100
|-hitcount|p2a: Skarmory|5
|move|p2a: Skarmory|Whirlwind|p1a: Sped again
|drag|p1a: Balance|Blissey, F|59/100
|-damage|p1a: Balance|34/100|[from] Spikes
|
|-heal|p1a: Balance|40/100|[from] item: Leftovers
|upkeep
|turn|32
|c|☆RNGlosthisaccount|please
|c|☆RNGlosthisaccount|;-;
|
|move|p2a: Skarmory|Roost|p2a: Skarmory
|-heal|p2a: Skarmory|83/100
|-singleturn|p2a: Skarmory|move: Roost
|move|p1a: Balance|Seismic Toss|p2a: Skarmory
|-damage|p2a: Skarmory|53/100
|-damage|p1a: Balance|23/100|[from] item: Rocky Helmet|[of] p2a: Skarmory
|
|-heal|p1a: Balance|29/100|[from] item: Leftovers
|upkeep
|turn|33
|c|☆Trogba Trogba|I want my 6-0
|
|move|p1a: Balance|Soft-Boiled|p1a: Balance
|-heal|p1a: Balance|79/100
|move|p2a: Skarmory|Whirlwind|p1a: Balance
|drag|p1a: Sped again|Cloyster, M|48/100
|-damage|p1a: Sped again|23/100|[from] Spikes
|
|upkeep
|turn|34
|
|move|p1a: Sped again|Icicle Spear|p2a: Skarmory
|-damage|p2a: Skarmory|46/100
|-damage|p2a: Skarmory|39/100
|-crit|p2a: Skarmory
|-damage|p2a: Skarmory|27/100
|-damage|p2a: Skarmory|19/100
|-damage|p2a: Skarmory|13/100
|-hitcount|p2a: Skarmory|5
|move|p2a: Skarmory|Whirlwind|p1a: Sped again
|drag|p1a: Balance|Blissey, F|79/100
|-damage|p1a: Balance|55/100|[from] Spikes
|
|-heal|p1a: Balance|61/100|[from] item: Leftovers
|upkeep
|turn|35
|c|☆RNGlosthisaccount|pls
|
|switch|p2a: Aegislash|Aegislash, M|84/100
|-damage|p2a: Aegislash|68/100|[from] Spikes
|-damage|p2a: Aegislash|62/100|[from] Stealth Rock
|move|p1a: Balance|Seismic Toss|p2a: Aegislash
|-immune|p2a: Aegislash
|
|-heal|p1a: Balance|67/100|[from] item: Leftovers
|upkeep
|turn|36
|c|☆Trogba Trogba|I have it now
|c|☆RNGlosthisaccount|NOOO
|
|switch|p1a: Sped again|Cloyster, M|23/100
|-damage|p1a: Sped again|0 fnt|[from] Spikes
|faint|p1a: Sped again
|-formechange|p2a: Aegislash|Aegislash-Blade||[from] ability: Stance Change
|move|p2a: Aegislash|Close Combat|p1: Sped again|[notarget]
|-fail|p2a: Aegislash
|
|upkeep
|c|☆RNGlosthisaccount|sword dance?
|c|☆Trogba Trogba|no
|c|☆RNGlosthisaccount|oh
|
|switch|p1a: THE WIND|Skarmory, M, shiny|72/100
|turn|37
|
|move|p2a: Aegislash|Shadow Ball|p1a: THE WIND
|-damage|p1a: THE WIND|0 fnt
|-damage|p2a: Aegislash|52/100|[from] item: Life Orb
|faint|p1a: THE WIND
|
|upkeep
|c|☆RNGlosthisaccount|god i suck
|
|switch|p1a: Balance|Blissey, F|67/100
|-damage|p1a: Balance|42/100|[from] Spikes
|turn|38
|c|☆Trogba Trogba|mixed is so good because it beats skarm blissey core
|
|move|p2a: Aegislash|Close Combat|p1a: Balance
|-supereffective|p1a: Balance
|-damage|p1a: Balance|0 fnt
|-unboost|p2a: Aegislash|def|1
|-unboost|p2a: Aegislash|spd|1
|-damage|p2a: Aegislash|42/100|[from] item: Life Orb
|faint|p1a: Balance
|
|win|Trogba Trogba
|l|*Lady Monita
|c|☆Trogba Trogba|gg
|c|☆RNGlosthisaccount|GG
