|j|☆The Surgeon Plays
|j|☆PlasticPinnochio
|t:|1640113174
|gametype|singles
|player|p1|The Surgeon Plays|crasherwake|1237
|player|p2|PlasticPinnochio|policeman|1428
|teamsize|p1|6
|teamsize|p2|6
|gen|8
|tier|[Gen 8] UU
|rated|
|rule|Sleep Clause Mod: Limit one foe put to sleep
|rule|Species Clause: Limit one of each Pokémon
|rule|OHKO Clause: OHKO moves are banned
|rule|Evasion Moves Clause: Evasion moves are banned
|rule|Endless Battle Clause: Forcing endless battles is banned
|rule|HP Percentage Mod: HP is shown in percentages
|rule|Dynamax Clause: You cannot dynamax
|clearpoke
|poke|p1|Ninetales, F|
|poke|p1|Haxorus, F|
|poke|p1|Milotic, F|
|poke|p1|Venusaur, M|
|poke|p1|Thundurus-Therian, M|
|poke|p1|Torkoal, F|
|poke|p2|Excadrill, F|
|poke|p2|Hatterene, F|
|poke|p2|Zarude-Dada|
|poke|p2|Skarmory, M|
|poke|p2|Zygarde-10%|
|poke|p2|Nihilego|
|teampreview
|j| haruki..sotaru ♠
|inactive|Battle timer is ON: inactive players will automatically lose when time's up. (requested by PlasticPinnochio)
|
|t:|1640113185
|start
|switch|p1a: Torkoal|Torkoal, F|100/100
|switch|p2a: Zygarde|Zygarde-10%|100/100
|-ability|p2a: Zygarde|Aura Break
|-weather|SunnyDay|[from] ability: Drought|[of] p1a: Torkoal
|turn|1
|
|t:|1640113192
|move|p2a: Zygarde|Thousand Arrows|p1a: Torkoal
|-supereffective|p1a: Torkoal
|-damage|p1a: Torkoal|34/100
|move|p1a: Torkoal|Toxic|p2a: Zygarde
|-status|p2a: Zygarde|tox
|
|-weather|SunnyDay|[upkeep]
|-heal|p1a: Torkoal|40/100|[from] item: Leftovers
|-damage|p2a: Zygarde|94/100 tox|[from] psn
|upkeep
|turn|2
|l| haruki..sotaru ♠
|
|t:|1640113207
|switch|p1a: Milotic|Milotic, F|100/100
|move|p2a: Zygarde|Thousand Arrows|p1a: Milotic
|-damage|p1a: Milotic|58/100
|
|-weather|SunnyDay|[upkeep]
|-heal|p1a: Milotic|64/100|[from] item: Leftovers
|-damage|p2a: Zygarde|82/100 tox|[from] psn
|upkeep
|turn|3
|
|t:|1640113215
|switch|p2a: Zarude|Zarude-Dada|100/100
|move|p1a: Milotic|Ice Beam|p2a: Zarude
|-supereffective|p2a: Zarude
|-damage|p2a: Zarude|58/100
|
|-weather|SunnyDay|[upkeep]
|-heal|p1a: Milotic|71/100|[from] item: Leftovers
|upkeep
|turn|4
|
|t:|1640113223
|move|p2a: Zarude|U-turn|p1a: Milotic
|-damage|p1a: Milotic|55/100
|
|t:|1640113229
|switch|p2a: Hatterene|Hatterene, F|100/100|[from]move: U-turn
|move|p1a: Milotic|Toxic|p2a: Hatterene
|move|p2a: Hatterene|Toxic|p1a: Milotic|[from]ability: Magic Bounce
|-status|p1a: Milotic|tox
|
|-weather|SunnyDay|[upkeep]
|-heal|p1a: Milotic|61/100 tox|[from] item: Leftovers
|-damage|p1a: Milotic|55/100 tox|[from] psn
|upkeep
|turn|5
|
|t:|1640113249
|move|p1a: Milotic|Recover|p1a: Milotic
|-heal|p1a: Milotic|100/100 tox
|move|p2a: Hatterene|Psyshock|p1a: Milotic
|-damage|p1a: Milotic|82/100 tox
|
|-weather|none
|-heal|p1a: Milotic|88/100 tox|[from] item: Leftovers
|-damage|p1a: Milotic|76/100 tox|[from] psn
|upkeep
|turn|6
|
|t:|1640113257
|move|p1a: Milotic|Scald|p2a: Hatterene
|-damage|p2a: Hatterene|70/100
|move|p2a: Hatterene|Calm Mind|p2a: Hatterene
|-boost|p2a: Hatterene|spa|1
|-boost|p2a: Hatterene|spd|1
|
|-heal|p1a: Milotic|82/100 tox|[from] item: Leftovers
|-heal|p2a: Hatterene|76/100|[from] item: Leftovers
|-damage|p1a: Milotic|64/100 tox|[from] psn
|upkeep
|turn|7
|
|t:|1640113266
|move|p1a: Milotic|Scald|p2a: Hatterene
|-damage|p2a: Hatterene|58/100
|move|p2a: Hatterene|Calm Mind|p2a: Hatterene
|-boost|p2a: Hatterene|spa|1
|-boost|p2a: Hatterene|spd|1
|
|-heal|p1a: Milotic|70/100 tox|[from] item: Leftovers
|-heal|p2a: Hatterene|64/100|[from] item: Leftovers
|-damage|p1a: Milotic|45/100 tox|[from] psn
|upkeep
|turn|8
|
|t:|1640113275
|move|p1a: Milotic|Recover|p1a: Milotic
|-heal|p1a: Milotic|95/100 tox
|move|p2a: Hatterene|Draining Kiss|p1a: Milotic
|-damage|p1a: Milotic|62/100 tox
|-heal|p2a: Hatterene|95/100|[from] drain|[of] p1a: Milotic
|
|-heal|p1a: Milotic|68/100 tox|[from] item: Leftovers
|-heal|p2a: Hatterene|100/100|[from] item: Leftovers
|-damage|p1a: Milotic|38/100 tox|[from] psn
|upkeep
|turn|9
|
|t:|1640113289
|switch|p1a: Torkoal|Torkoal, F|40/100
|-weather|SunnyDay|[from] ability: Drought|[of] p1a: Torkoal
|move|p2a: Hatterene|Draining Kiss|p1a: Torkoal
|-resisted|p1a: Torkoal
|-damage|p1a: Torkoal|14/100
|
|-weather|SunnyDay|[upkeep]
|-heal|p1a: Torkoal|20/100|[from] item: Leftovers
|upkeep
|turn|10
|
|t:|1640113297
|move|p2a: Hatterene|Draining Kiss|p1a: Torkoal
|-resisted|p1a: Torkoal
|-damage|p1a: Torkoal|0 fnt
|faint|p1a: Torkoal
|
|-weather|SunnyDay|[upkeep]
|upkeep
|
|t:|1640113302
|switch|p1a: Haxorus|Haxorus, F|100/100
|-ability|p1a: Haxorus|Mold Breaker
|turn|11
|
|t:|1640113306
|move|p1a: Haxorus|Poison Jab|p2a: Hatterene
|-supereffective|p2a: Hatterene
|-crit|p2a: Hatterene
|-damage|p2a: Hatterene|22/100
|move|p2a: Hatterene|Draining Kiss|p1a: Haxorus
|-supereffective|p1a: Haxorus
|-damage|p1a: Haxorus|0 fnt
|-heal|p2a: Hatterene|91/100|[from] drain|[of] p1a: Haxorus
|faint|p1a: Haxorus
|
|-weather|SunnyDay|[upkeep]
|-heal|p2a: Hatterene|97/100|[from] item: Leftovers
|upkeep
|
|t:|1640113316
|switch|p1a: Venusaur|Venusaur, M|100/100
|turn|12
|
|t:|1640113319
|move|p1a: Venusaur|Sludge Bomb|p2a: Hatterene
|-supereffective|p2a: Hatterene
|-damage|p2a: Hatterene|42/100
|-damage|p1a: Venusaur|91/100|[from] item: Life Orb
|move|p2a: Hatterene|Psyshock|p1a: Venusaur
|-supereffective|p1a: Venusaur
|-damage|p1a: Venusaur|0 fnt
|faint|p1a: Venusaur
|
|-weather|SunnyDay|[upkeep]
|-heal|p2a: Hatterene|48/100|[from] item: Leftovers
|upkeep
|c|☆The Surgeon Plays|gg
|-message|The Surgeon Plays forfeited.
|
|win|PlasticPinnochio
|raw|The Surgeon Plays's rating: 1237 &rarr; <strong>1225</strong><br />(-12 for losing)
|raw|PlasticPinnochio's rating: 1428 &rarr; <strong>1438</strong><br />(+10 for winning)
|l|☆The Surgeon Plays
||Ladder isn't responding, score probably updated but might not have (Request timeout).
