|j|☆Verstraeten
|j|☆Darkortex
|t:|1648956539
|gametype|singles
|player|p1|Verstraeten|scientist|1326
|player|p2|Darkortex|hilbert|1505
|teamsize|p1|6
|teamsize|p2|6
|gen|8
|tier|[Gen 8] UU
|rated|
|rule|Sleep Clause Mod: Limit one foe put to sleep
|rule|Species Clause: Limit one of each Pokémon
|rule|OHKO Clause: OHKO moves are banned
|rule|Evasion Moves Clause: Evasion moves are banned
|rule|Endless Battle Clause: Forcing endless battles is banned
|rule|HP Percentage Mod: HP is shown in percentages
|rule|Dynamax Clause: You cannot dynamax
|clearpoke
|poke|p1|Scyther, M|
|poke|p1|Galvantula, F|
|poke|p1|Tsareena, F|
|poke|p1|Gyarados, M|
|poke|p1|Salazzle, F|
|poke|p1|Golurk|
|poke|p2|Hippowdon, M|
|poke|p2|Excadrill, F|
|poke|p2|Skarmory, F|
|poke|p2|Rotom-Wash|
|poke|p2|Tangrowth, F|
|poke|p2|Keldeo-Resolute|
|teampreview
|inactive|Battle timer is ON: inactive players will automatically lose when time's up. (requested by Darkortex)
|c|☆Verstraeten|glhf!
|
|t:|1648956566
|start
|switch|p1a: Terrorcotta|Golurk|100/100
|switch|p2a: Keldeo|Keldeo-Resolute|100/100
|turn|1
|
|t:|1648956571
|switch|p1a: Shachihoko|Gyarados, M, shiny|100/100
|move|p2a: Keldeo|Scald|p1a: Shachihoko
|-resisted|p1a: Shachihoko
|-damage|p1a: Shachihoko|68/100
|
|-heal|p1a: Shachihoko|74/100|[from] item: Leftovers
|upkeep
|turn|2
|
|t:|1648956575
|move|p2a: Keldeo|Scald|p1a: Shachihoko
|-resisted|p1a: Shachihoko
|-damage|p1a: Shachihoko|42/100
|move|p1a: Shachihoko|Dragon Dance|p1a: Shachihoko
|-boost|p1a: Shachihoko|atk|1
|-boost|p1a: Shachihoko|spe|1
|
|-heal|p1a: Shachihoko|48/100|[from] item: Leftovers
|upkeep
|turn|3
|
|t:|1648956582
|move|p1a: Shachihoko|Bounce||[still]
|-prepare|p1a: Shachihoko|Bounce
|move|p2a: Keldeo|Scald|p1a: Shachihoko|[miss]
|-miss|p2a: Keldeo|p1a: Shachihoko
|
|-heal|p1a: Shachihoko|54/100|[from] item: Leftovers
|upkeep
|turn|4
|
|t:|1648956584
|switch|p2a: Rotom|Rotom-Wash|100/100
|move|p1a: Shachihoko|Bounce|p2a: Rotom|[from]lockedmove
|-resisted|p2a: Rotom
|-damage|p2a: Rotom|68/100
|
|-heal|p1a: Shachihoko|60/100|[from] item: Leftovers
|-heal|p2a: Rotom|74/100|[from] item: Leftovers
|upkeep
|turn|5
|
|t:|1648956587
|switch|p1a: Terrorcotta|Golurk|100/100
|switch|p2a: Skarmory|Skarmory, F|100/100
|
|upkeep
|turn|6
|
|t:|1648956590
|move|p2a: Skarmory|Spikes|p1a: Terrorcotta
|-sidestart|p1: Verstraeten|Spikes
|move|p1a: Terrorcotta|Rock Polish|p1a: Terrorcotta
|-boost|p1a: Terrorcotta|spe|2
|
|upkeep
|turn|7
|
|t:|1648956593
|move|p1a: Terrorcotta|Dynamic Punch|p2a: Skarmory
|-damage|p2a: Skarmory|76/100
|-start|p2a: Skarmory|confusion
|-damage|p1a: Terrorcotta|84/100|[from] item: Rocky Helmet|[of] p2a: Skarmory
|-activate|p2a: Skarmory|confusion
|move|p2a: Skarmory|Whirlwind|p1a: Terrorcotta
|drag|p1a: Grim Sweeper|Scyther, M, shiny|100/100
|
|upkeep
|turn|8
|
|t:|1648956600
|switch|p2a: Rotom|Rotom-Wash|74/100
|move|p1a: Grim Sweeper|Swords Dance|p1a: Grim Sweeper
|-boost|p1a: Grim Sweeper|atk|2
|
|-heal|p2a: Rotom|80/100|[from] item: Leftovers
|upkeep
|turn|9
|
|t:|1648956606
|move|p1a: Grim Sweeper|Bug Bite|p2a: Rotom
|-damage|p2a: Rotom|0 fnt
|faint|p2a: Rotom
|
|upkeep
|
|t:|1648956609
|switch|p2a: Keldeo|Keldeo-Resolute|100/100
|turn|10
|
|t:|1648956612
|move|p2a: Keldeo|Hydro Pump|p1a: Grim Sweeper
|-damage|p1a: Grim Sweeper|15/100
|move|p1a: Grim Sweeper|Dual Wingbeat|p2a: Keldeo
|-supereffective|p2a: Keldeo
|-damage|p2a: Keldeo|0 fnt
|faint|p2a: Keldeo
|-hitcount|p2: Keldeo|1
|
|upkeep
|
|t:|1648956616
|switch|p2a: Hippowdon|Hippowdon, M|100/100
|-weather|Sandstorm|[from] ability: Sand Stream|[of] p2a: Hippowdon
|turn|11
|
|t:|1648956619
|switch|p2a: Skarmory|Skarmory, F|76/100
|move|p1a: Grim Sweeper|Dual Wingbeat|p2a: Skarmory
|-resisted|p2a: Skarmory
|-damage|p2a: Skarmory|57/100
|-damage|p1a: Grim Sweeper|0 fnt|[from] item: Rocky Helmet|[of] p2a: Skarmory
|faint|p1a: Grim Sweeper
|-hitcount|p2a: Skarmory|1
|
|-weather|Sandstorm|[upkeep]
|upkeep
|
|t:|1648956628
|switch|p1a: #Slay|Tsareena, F, shiny|100/100
|-damage|p1a: #Slay|88/100|[from] Spikes
|turn|12
|
|t:|1648956635
|move|p1a: #Slay|Rapid Spin|p2a: Skarmory
|-resisted|p2a: Skarmory
|-damage|p2a: Skarmory|52/100
|-boost|p1a: #Slay|spe|1
|-damage|p1a: #Slay|72/100|[from] item: Rocky Helmet|[of] p2a: Skarmory
|-sideend|p1: Verstraeten|Spikes|[from] move: Rapid Spin|[of] p1a: #Slay
|move|p2a: Skarmory|Roost|p2a: Skarmory
|-heal|p2a: Skarmory|100/100
|-singleturn|p2a: Skarmory|move: Roost
|
|-weather|Sandstorm|[upkeep]
|-damage|p1a: #Slay|66/100|[from] Sandstorm
|-heal|p1a: #Slay|72/100|[from] item: Leftovers
|upkeep
|turn|13
|
|t:|1648956639
|move|p1a: #Slay|Knock Off|p2a: Skarmory
|-damage|p2a: Skarmory|78/100
|-damage|p1a: #Slay|55/100|[from] item: Rocky Helmet|[of] p2a: Skarmory
|-enditem|p2a: Skarmory|Rocky Helmet|[from] move: Knock Off|[of] p1a: #Slay
|move|p2a: Skarmory|Spikes|p1a: #Slay
|-sidestart|p1: Verstraeten|Spikes
|
|-weather|Sandstorm|[upkeep]
|-damage|p1a: #Slay|49/100|[from] Sandstorm
|-heal|p1a: #Slay|55/100|[from] item: Leftovers
|upkeep
|turn|14
|
|t:|1648956647
|move|p1a: #Slay|Rapid Spin|p2a: Skarmory
|-resisted|p2a: Skarmory
|-damage|p2a: Skarmory|73/100
|-boost|p1a: #Slay|spe|1
|-sideend|p1: Verstraeten|Spikes|[from] move: Rapid Spin|[of] p1a: #Slay
|move|p2a: Skarmory|Body Press|p1a: #Slay
|-damage|p1a: #Slay|16/100
|
|-weather|Sandstorm|[upkeep]
|-damage|p1a: #Slay|10/100|[from] Sandstorm
|-heal|p1a: #Slay|16/100|[from] item: Leftovers
|upkeep
|turn|15
|
|t:|1648956651
|move|p1a: #Slay|Triple Axel|p2a: Skarmory
|-damage|p2a: Skarmory|69/100
|-damage|p2a: Skarmory|59/100
|-damage|p2a: Skarmory|46/100
|-hitcount|p2a: Skarmory|3
|move|p2a: Skarmory|Spikes|p1a: #Slay
|-sidestart|p1: Verstraeten|Spikes
|
|-weather|Sandstorm|[upkeep]
|-damage|p1a: #Slay|10/100|[from] Sandstorm
|-heal|p1a: #Slay|16/100|[from] item: Leftovers
|upkeep
|turn|16
|
|t:|1648956657
|move|p1a: #Slay|Rapid Spin|p2a: Skarmory
|-resisted|p2a: Skarmory
|-damage|p2a: Skarmory|40/100
|-boost|p1a: #Slay|spe|1
|-sideend|p1: Verstraeten|Spikes|[from] move: Rapid Spin|[of] p1a: #Slay
|move|p2a: Skarmory|Roost|p2a: Skarmory
|-heal|p2a: Skarmory|90/100
|-singleturn|p2a: Skarmory|move: Roost
|
|-weather|Sandstorm|[upkeep]
|-damage|p1a: #Slay|10/100|[from] Sandstorm
|-heal|p1a: #Slay|16/100|[from] item: Leftovers
|upkeep
|turn|17
|
|t:|1648956662
|switch|p1a: Terrorcotta|Golurk|84/100
|move|p2a: Skarmory|Body Press|p1a: Terrorcotta
|-immune|p1a: Terrorcotta
|
|-weather|Sandstorm|[upkeep]
|-heal|p1a: Terrorcotta|90/100|[from] item: Leftovers
|upkeep
|turn|18
|
|t:|1648956666
|move|p2a: Skarmory|Spikes|p1a: Terrorcotta
|-sidestart|p1: Verstraeten|Spikes
|move|p1a: Terrorcotta|Dynamic Punch|p2a: Skarmory
|-damage|p2a: Skarmory|68/100
|-start|p2a: Skarmory|confusion
|
|-weather|none
|-heal|p1a: Terrorcotta|96/100|[from] item: Leftovers
|upkeep
|turn|19
|
|t:|1648956672
|switch|p2a: Tangrowth|Tangrowth, F|100/100
|move|p1a: Terrorcotta|Rock Polish|p1a: Terrorcotta
|-boost|p1a: Terrorcotta|spe|2
|
|-heal|p1a: Terrorcotta|100/100|[from] item: Leftovers
|upkeep
|turn|20
|
|t:|1648956676
|move|p1a: Terrorcotta|Poltergeist|p2a: Tangrowth
|-activate|p2a: Tangrowth|move: Poltergeist|Assault Vest
|-damage|p2a: Tangrowth|57/100
|move|p2a: Tangrowth|Knock Off|p1a: Terrorcotta
|-supereffective|p1a: Terrorcotta
|-damage|p1a: Terrorcotta|45/100
|-enditem|p1a: Terrorcotta|Leftovers|[from] move: Knock Off|[of] p2a: Tangrowth
|
|upkeep
|turn|21
|
|t:|1648956682
|switch|p1a: #Slay|Tsareena, F, shiny|16/100
|-damage|p1a: #Slay|3/100|[from] Spikes
|move|p2a: Tangrowth|Giga Drain|p1a: #Slay
|-resisted|p1a: #Slay
|-damage|p1a: #Slay|0 fnt
|-heal|p2a: Tangrowth|58/100|[from] drain|[of] p1a: #Slay
|faint|p1a: #Slay
|
|upkeep
|
|t:|1648956686
|switch|p1a: Shachihoko|Gyarados, M, shiny|60/100
|turn|22
|
|t:|1648956691
|move|p1a: Shachihoko|Dragon Dance|p1a: Shachihoko
|-boost|p1a: Shachihoko|atk|1
|-boost|p1a: Shachihoko|spe|1
|move|p2a: Tangrowth|Giga Drain|p1a: Shachihoko
|-damage|p1a: Shachihoko|31/100
|-heal|p2a: Tangrowth|70/100|[from] drain|[of] p1a: Shachihoko
|
|-heal|p1a: Shachihoko|37/100|[from] item: Leftovers
|upkeep
|turn|23
|
|t:|1648956694
|switch|p2a: Skarmory|Skarmory, F|68/100
|move|p1a: Shachihoko|Bounce||[still]
|-prepare|p1a: Shachihoko|Bounce
|
|-heal|p1a: Shachihoko|43/100|[from] item: Leftovers
|upkeep
|turn|24
|
|t:|1648956698
|move|p1a: Shachihoko|Bounce|p2a: Skarmory|[from]lockedmove
|-resisted|p2a: Skarmory
|-damage|p2a: Skarmory|48/100
|move|p2a: Skarmory|Whirlwind|p1a: Shachihoko
|drag|p1a: Terrorcotta|Golurk|45/100
|-damage|p1a: Terrorcotta|32/100|[from] Spikes
|
|upkeep
|turn|25
|
|t:|1648956704
|move|p2a: Skarmory|Roost|p2a: Skarmory
|-heal|p2a: Skarmory|98/100
|-singleturn|p2a: Skarmory|move: Roost
|move|p1a: Terrorcotta|Dynamic Punch|p2a: Skarmory
|-supereffective|p2a: Skarmory
|-damage|p2a: Skarmory|50/100
|-start|p2a: Skarmory|confusion
|
|upkeep
|turn|26
|
|t:|1648956708
|switch|p2a: Tangrowth|Tangrowth, F|100/100
|move|p1a: Terrorcotta|Dynamic Punch|p2a: Tangrowth
|-damage|p2a: Tangrowth|74/100
|-start|p2a: Tangrowth|confusion
|
|upkeep
|turn|27
|
|t:|1648956711
|move|p1a: Terrorcotta|Dynamic Punch|p2a: Tangrowth
|-damage|p2a: Tangrowth|49/100
|-activate|p2a: Tangrowth|confusion
|-damage|p2a: Tangrowth|42/100|[from] confusion
|
|upkeep
|turn|28
|
|t:|1648956714
|switch|p2a: Hippowdon|Hippowdon, M|100/100
|-weather|Sandstorm|[from] ability: Sand Stream|[of] p2a: Hippowdon
|move|p1a: Terrorcotta|Dynamic Punch|p2a: Hippowdon
|-damage|p2a: Hippowdon|75/100
|-start|p2a: Hippowdon|confusion
|
|-weather|Sandstorm|[upkeep]
|upkeep
|turn|29
|
|t:|1648956719
|move|p1a: Terrorcotta|Poltergeist|p2a: Hippowdon
|-activate|p2a: Hippowdon|move: Poltergeist|Smooth Rock
|-damage|p2a: Hippowdon|32/100
|-activate|p2a: Hippowdon|confusion
|-damage|p2a: Hippowdon|24/100|[from] confusion
|
|-weather|Sandstorm|[upkeep]
|upkeep
|turn|30
|
|t:|1648956724
|switch|p2a: Tangrowth|Tangrowth, F|75/100
|move|p1a: Terrorcotta|Dynamic Punch|p2a: Tangrowth
|-damage|p2a: Tangrowth|49/100
|-start|p2a: Tangrowth|confusion
|
|-weather|Sandstorm|[upkeep]
|-damage|p2a: Tangrowth|43/100|[from] Sandstorm
|upkeep
|turn|31
|
|t:|1648956730
|switch|p2a: Skarmory|Skarmory, F|50/100
|move|p1a: Terrorcotta|Poltergeist||[still]
|-fail|p1a: Terrorcotta
|
|-weather|Sandstorm|[upkeep]
|upkeep
|turn|32
|
|t:|1648956734
|move|p1a: Terrorcotta|Dynamic Punch|p2a: Skarmory
|-damage|p2a: Skarmory|26/100
|-start|p2a: Skarmory|confusion
|-activate|p2a: Skarmory|confusion
|move|p2a: Skarmory|Whirlwind|p1a: Terrorcotta
|drag|p1a: Galvan-Eyes|Galvantula, F, shiny|100/100
|-damage|p1a: Galvan-Eyes|88/100|[from] Spikes
|
|-weather|Sandstorm|[upkeep]
|-damage|p1a: Galvan-Eyes|82/100|[from] Sandstorm
|upkeep
|turn|33
|
|t:|1648956737
|switch|p2a: Excadrill|Excadrill, F|100/100
|-item|p2a: Excadrill|Air Balloon
|move|p1a: Galvan-Eyes|Thunder|p2a: Excadrill
|-immune|p2a: Excadrill
|
|-weather|Sandstorm|[upkeep]
|-damage|p1a: Galvan-Eyes|76/100|[from] Sandstorm
|upkeep
|turn|34
|
|t:|1648956744
|move|p2a: Excadrill|Earthquake|p1a: Galvan-Eyes
|-damage|p1a: Galvan-Eyes|0 fnt
|faint|p1a: Galvan-Eyes
|
|-weather|Sandstorm|[upkeep]
|upkeep
|
|t:|1648956754
|switch|p1a: Shachihoko|Gyarados, M, shiny|43/100
|turn|35
|
|t:|1648956771
|move|p2a: Excadrill|Rapid Spin|p1a: Shachihoko
|-damage|p1a: Shachihoko|19/100
|-boost|p2a: Excadrill|spe|1
|move|p1a: Shachihoko|Waterfall|p2a: Excadrill
|-supereffective|p2a: Excadrill
|-damage|p2a: Excadrill|0 fnt
|-enditem|p2a: Excadrill|Air Balloon
|faint|p2a: Excadrill
|-ability|p1a: Shachihoko|Moxie|boost
|-boost|p1a: Shachihoko|atk|1
|
|-weather|none
|-heal|p1a: Shachihoko|25/100|[from] item: Leftovers
|upkeep
|
|t:|1648956777
|switch|p2a: Tangrowth|Tangrowth, F|76/100
|turn|36
|
|t:|1648956780
|switch|p2a: Skarmory|Skarmory, F|26/100
|move|p1a: Shachihoko|Bounce||[still]
|-prepare|p1a: Shachihoko|Bounce
|
|-heal|p1a: Shachihoko|31/100|[from] item: Leftovers
|upkeep
|turn|37
|
|t:|1648956781
|move|p1a: Shachihoko|Bounce|p2a: Skarmory|[from]lockedmove
|-resisted|p2a: Skarmory
|-damage|p2a: Skarmory|8/100
|-status|p2a: Skarmory|par
|move|p2a: Skarmory|Roost|p2a: Skarmory
|-heal|p2a: Skarmory|58/100 par
|-singleturn|p2a: Skarmory|move: Roost
|
|-heal|p1a: Shachihoko|37/100|[from] item: Leftovers
|upkeep
|turn|38
|
|t:|1648956788
|switch|p1a: Terrorcotta|Golurk|32/100
|-damage|p1a: Terrorcotta|20/100|[from] Spikes
|cant|p2a: Skarmory|par
|
|upkeep
|turn|39
|
|t:|1648956795
|switch|p1a: WhiteWomanSpotted|Salazzle, F, shiny|100/100
|-damage|p1a: WhiteWomanSpotted|88/100|[from] Spikes
|switch|p2a: Tangrowth|Tangrowth, F|100/100
|
|upkeep
|turn|40
|-message|Darkortex forfeited.
|
|win|Verstraeten
|raw|Verstraeten's rating: 1326 &rarr; <strong>1355</strong><br />(+29 for winning)
|raw|Darkortex's rating: 1505 &rarr; <strong>1476</strong><br />(-29 for losing)
|l|☆Darkortex
|j|☆Darkortex
|player|p2|Darkortex|hilbert
|l|☆Darkortex
|player|p2|
