|j|☆Shades438
|j|☆Tiroloco
|t:|1662351289
|gametype|singles
|player|p1|Shades438|brendan-gen3rs|1352
|player|p2|Tiroloco|265|1571
|teamsize|p1|6
|teamsize|p2|6
|gen|8
|tier|[Gen 8] UU
|rated|
|rule|Sleep Clause Mod: Limit one foe put to sleep
|rule|Species Clause: Limit one of each Pokémon
|rule|OHKO Clause: OHKO moves are banned
|rule|Evasion Items Clause: Evasion items are banned
|rule|Evasion Moves Clause: Evasion moves are banned
|rule|Endless Battle Clause: Forcing endless battles is banned
|rule|HP Percentage Mod: HP is shown in percentages
|rule|Dynamax Clause: You cannot dynamax
|clearpoke
|poke|p1|Politoed, F|
|poke|p1|Kingdra, M|
|poke|p1|Salamence, F|
|poke|p1|Amoonguss, F|
|poke|p1|Kabutops, M|
|poke|p1|Thundurus-Therian, M|
|poke|p2|Keldeo-Resolute|
|poke|p2|Nihilego|
|poke|p2|Celesteela|
|poke|p2|Thundurus-Therian, M|
|poke|p2|Excadrill, F|
|poke|p2|Azumarill, M|
|teampreview
|
|t:|1662351299
|start
|switch|p1a: Politoed|Politoed, F|100/100
|switch|p2a: Azumarill|Azumarill, M|100/100
|-weather|RainDance|[from] ability: Drizzle|[of] p1a: Politoed
|turn|1
|
|t:|1662351302
|switch|p1a: Amoonguss|Amoonguss, F|100/100
|move|p2a: Azumarill|Knock Off|p1a: Amoonguss
|-damage|p1a: Amoonguss|71/100
|-enditem|p1a: Amoonguss|Eject Button|[from] move: Knock Off|[of] p2a: Azumarill
|
|-weather|RainDance|[upkeep]
|upkeep
|turn|2
|inactive|Battle timer is ON: inactive players will automatically lose when time's up. (requested by Shades438)
|
|t:|1662351322
|switch|p2a: Keldeo|Keldeo-Resolute|100/100
|move|p1a: Amoonguss|Spore|p2a: Keldeo
|-status|p2a: Keldeo|slp|[from] move: Spore
|
|-weather|RainDance|[upkeep]
|upkeep
|turn|3
|
|t:|1662351332
|switch|p2a: Excadrill|Excadrill, F|100/100
|-ability|p2a: Excadrill|Mold Breaker
|switch|p1a: Kabutops|Kabutops, M|100/100
|
|-weather|RainDance|[upkeep]
|upkeep
|turn|4
|
|t:|1662351337
|move|p1a: Kabutops|Liquidation|p2a: Excadrill
|-supereffective|p2a: Excadrill
|-enditem|p2a: Excadrill|Focus Sash
|-damage|p2a: Excadrill|1/100
|-damage|p1a: Kabutops|91/100|[from] item: Life Orb
|move|p2a: Excadrill|Stealth Rock|p1a: Kabutops
|-sidestart|p1: Shades438|move: Stealth Rock
|
|-weather|RainDance|[upkeep]
|upkeep
|turn|5
|
|t:|1662351342
|move|p1a: Kabutops|Liquidation|p2a: Excadrill
|-supereffective|p2a: Excadrill
|-damage|p2a: Excadrill|0 fnt
|faint|p2a: Excadrill
|-damage|p1a: Kabutops|81/100|[from] item: Life Orb
|
|-weather|RainDance|[upkeep]
|upkeep
|inactive|Tiroloco has 120 seconds left.
|
|t:|1662351377
|switch|p2a: Thundurus|Thundurus-Therian, M|100/100
|turn|6
|
|t:|1662351383
|move|p1a: Kabutops|Liquidation|p2a: Thundurus
|-damage|p2a: Thundurus|0 fnt
|faint|p2a: Thundurus
|-damage|p1a: Kabutops|71/100|[from] item: Life Orb
|
|-weather|RainDance|[upkeep]
|upkeep
|inactive|Tiroloco has 120 seconds left.
|
|t:|1662351399
|switch|p2a: Celesteela|Celesteela|100/100
|turn|7
|inactive|Tiroloco has 120 seconds left.
|
|t:|1662351412
|move|p1a: Kabutops|Liquidation|p2a: Celesteela
|-damage|p2a: Celesteela|17/100
|-damage|p1a: Kabutops|61/100|[from] item: Life Orb
|move|p2a: Celesteela|Meteor Beam||[still]
|-prepare|p2a: Celesteela|Meteor Beam
|-boost|p2a: Celesteela|spa|1
|-enditem|p2a: Celesteela|Power Herb
|-anim|p2a: Celesteela|Meteor Beam|p1a: Kabutops
|-damage|p1a: Kabutops|0 fnt
|faint|p1a: Kabutops
|-ability|p2a: Celesteela|Beast Boost|boost
|-boost|p2a: Celesteela|spa|1
|
|-weather|RainDance|[upkeep]
|upkeep
|
|t:|1662351416
|switch|p1a: Thundurus|Thundurus-Therian, M|100/100
|turn|8
|
|t:|1662351422
|move|p1a: Thundurus|Thunder|p2a: Celesteela
|-supereffective|p2a: Celesteela
|-damage|p2a: Celesteela|0 fnt
|faint|p2a: Celesteela
|
|-weather|none
|upkeep
|
|t:|1662351427
|switch|p2a: Nihilego|Nihilego|100/100
|turn|9
|
|t:|1662351432
|switch|p1a: Politoed|Politoed, F|100/100
|-damage|p1a: Politoed|88/100|[from] Stealth Rock
|-weather|RainDance|[from] ability: Drizzle|[of] p1a: Politoed
|move|p2a: Nihilego|Meteor Beam||[still]
|-prepare|p2a: Nihilego|Meteor Beam
|-boost|p2a: Nihilego|spa|1
|-enditem|p2a: Nihilego|Power Herb
|-anim|p2a: Nihilego|Meteor Beam|p1a: Politoed
|-damage|p1a: Politoed|14/100
|
|-weather|RainDance|[upkeep]
|upkeep
|turn|10
|
|t:|1662351449
|switch|p1a: Amoonguss|Amoonguss, F|100/100
|-damage|p1a: Amoonguss|88/100|[from] Stealth Rock
|move|p2a: Nihilego|Thunderbolt|p1a: Amoonguss
|-resisted|p1a: Amoonguss
|-damage|p1a: Amoonguss|68/100
|
|-weather|RainDance|[upkeep]
|upkeep
|turn|11
|
|t:|1662351455
|move|p2a: Nihilego|Thunderbolt|p1a: Amoonguss
|-resisted|p1a: Amoonguss
|-damage|p1a: Amoonguss|49/100
|move|p1a: Amoonguss|Foul Play|p2a: Nihilego
|-damage|p2a: Nihilego|86/100
|
|-weather|RainDance|[upkeep]
|upkeep
|turn|12
|
|t:|1662351462
|move|p2a: Nihilego|Thunderbolt|p1a: Amoonguss
|-resisted|p1a: Amoonguss
|-damage|p1a: Amoonguss|30/100
|move|p1a: Amoonguss|Foul Play|p2a: Nihilego
|-damage|p2a: Nihilego|73/100
|
|-weather|RainDance|[upkeep]
|upkeep
|turn|13
|
|t:|1662351467
|move|p2a: Nihilego|Thunderbolt|p1a: Amoonguss
|-resisted|p1a: Amoonguss
|-damage|p1a: Amoonguss|8/100
|-status|p1a: Amoonguss|par
|move|p1a: Amoonguss|Foul Play|p2a: Nihilego
|-damage|p2a: Nihilego|59/100
|
|-weather|RainDance|[upkeep]
|upkeep
|turn|14
|
|t:|1662351470
|move|p2a: Nihilego|Thunderbolt|p1a: Amoonguss
|-resisted|p1a: Amoonguss
|-damage|p1a: Amoonguss|0 fnt
|faint|p1a: Amoonguss
|-ability|p2a: Nihilego|Beast Boost|boost
|-boost|p2a: Nihilego|spe|1
|
|-weather|RainDance|[upkeep]
|upkeep
|
|t:|1662351473
|switch|p1a: Kingdra|Kingdra, M|100/100
|-damage|p1a: Kingdra|88/100|[from] Stealth Rock
|turn|15
|inactive|Tiroloco has 120 seconds left.
|
|t:|1662351506
|switch|p2a: Azumarill|Azumarill, M|100/100
|move|p1a: Kingdra|Surf|p2a: Azumarill
|-resisted|p2a: Azumarill
|-damage|p2a: Azumarill|45/100
|-enditem|p2a: Azumarill|Sitrus Berry|[eat]
|-heal|p2a: Azumarill|70/100|[from] item: Sitrus Berry
|
|-weather|RainDance|[upkeep]
|upkeep
|turn|16
|
|t:|1662351514
|switch|p1a: Salamence|Salamence, F|100/100
|-ability|p1a: Salamence|Intimidate|boost
|-unboost|p2a: Azumarill|atk|1
|move|p2a: Azumarill|Play Rough|p1a: Salamence
|-supereffective|p1a: Salamence
|-damage|p1a: Salamence|27/100
|
|-weather|none
|upkeep
|turn|17
|
|t:|1662351518
|move|p1a: Salamence|Roost|p1a: Salamence
|-heal|p1a: Salamence|77/100
|-singleturn|p1a: Salamence|move: Roost
|move|p2a: Azumarill|Play Rough|p1a: Salamence
|-supereffective|p1a: Salamence
|-damage|p1a: Salamence|0 fnt
|faint|p1a: Salamence
|
|upkeep
|
|t:|1662351527
|switch|p1a: Politoed|Politoed, F|14/100
|-damage|p1a: Politoed|2/100|[from] Stealth Rock
|-weather|RainDance|[from] ability: Drizzle|[of] p1a: Politoed
|turn|18
|
|t:|1662351534
|move|p2a: Azumarill|Knock Off|p1a: Politoed
|-damage|p1a: Politoed|0 fnt
|-enditem|p1a: Politoed|Damp Rock|[from] move: Knock Off|[of] p2a: Azumarill
|faint|p1a: Politoed
|
|-weather|RainDance|[upkeep]
|upkeep
|
|t:|1662351544
|switch|p1a: Thundurus|Thundurus-Therian, M|100/100
|turn|19
|
|t:|1662351548
|switch|p2a: Keldeo|Keldeo-Resolute|100/100 slp
|move|p1a: Thundurus|Thunder|p2a: Keldeo
|-supereffective|p2a: Keldeo
|-damage|p2a: Keldeo|0 fnt
|faint|p2a: Keldeo
|
|-weather|RainDance|[upkeep]
|upkeep
|
|t:|1662351553
|switch|p2a: Nihilego|Nihilego|59/100
|turn|20
|
|t:|1662351558
|switch|p1a: Kingdra|Kingdra, M|88/100
|-damage|p1a: Kingdra|76/100|[from] Stealth Rock
|move|p2a: Nihilego|Sludge Wave|p1a: Kingdra
|-damage|p1a: Kingdra|15/100
|
|-weather|RainDance|[upkeep]
|upkeep
|turn|21
|inactive|Tiroloco has 120 seconds left.
|
|t:|1662351591
|switch|p2a: Azumarill|Azumarill, M|70/100
|move|p1a: Kingdra|Flip Turn|p2a: Azumarill
|-resisted|p2a: Azumarill
|-damage|p2a: Azumarill|55/100
|
|t:|1662351596
|switch|p1a: Thundurus|Thundurus-Therian, M|100/100|[from]move: Flip Turn
|
|-weather|RainDance|[upkeep]
|upkeep
|turn|22
|
|t:|1662351603
|switch|p2a: Nihilego|Nihilego|59/100
|move|p1a: Thundurus|Thunder|p2a: Nihilego
|-damage|p2a: Nihilego|14/100
|-status|p2a: Nihilego|par
|
|-weather|RainDance|[upkeep]
|upkeep
|turn|23
|
|t:|1662351611
|move|p1a: Thundurus|Thunder|p2a: Nihilego
|-damage|p2a: Nihilego|0 fnt
|faint|p2a: Nihilego
|
|-weather|RainDance|[upkeep]
|upkeep
|
|t:|1662351615
|switch|p2a: Azumarill|Azumarill, M|55/100
|turn|24
|c|☆Tiroloco|gg
|
|t:|1662351621
|move|p1a: Thundurus|Thunder|p2a: Azumarill
|-supereffective|p2a: Azumarill
|-damage|p2a: Azumarill|0 fnt
|faint|p2a: Azumarill
|
|win|Shades438
|raw|Shades438's rating: 1352 &rarr; <strong>1383</strong><br />(+31 for winning)
|raw|Tiroloco's rating: 1571 &rarr; <strong>1540</strong><br />(-31 for losing)
|l|☆Tiroloco
|c|☆Shades438|gg
