|j|☆Eltoras
|j|☆Garglesoc
|player|p1|Eltoras|blue|1349
|player|p2|Garglesoc|102|1485
|teamsize|p1|6
|teamsize|p2|6
|gametype|singles
|gen|8
|tier|[Gen 8] UU
|rated|
|clearpoke
|poke|p1|Noivern, F|
|poke|p1|Umbreon, M|
|poke|p1|Inteleon, F|
|poke|p1|Gigalith, M|
|poke|p1|Cobalion|
|poke|p1|Celebi|
|poke|p2|Roserade, F|
|poke|p2|Mantine, F|
|poke|p2|Lucario, F|
|poke|p2|Gigalith, M|
|poke|p2|Sylveon, F|
|poke|p2|Darmanitan, M|
|rule|Sleep Clause Mod: Limit one foe put to sleep
|rule|Species Clause: Limit one of each Pokémon
|rule|OHKO Clause: OHKO moves are banned
|rule|Evasion Moves Clause: Evasion moves are banned
|rule|Endless Battle Clause: Forcing endless battles is banned
|rule|HP Percentage Mod: HP is shown in percentages
|rule|Dynamax Clause: You cannot dynamax
|teampreview
|inactive|Battle timer is ON: inactive players will automatically lose when time's up. (requested by Garglesoc)
|
|start
|switch|p1a: Seth|Inteleon, F|100/100
|switch|p2a: Roserade|Roserade, F|100/100
|turn|1
|
|switch|p2a: Mantine|Mantine, F|100/100
|move|p1a: Seth|Ice Beam|p2a: Mantine
|-damage|p2a: Mantine|68/100
|
|upkeep
|turn|2
|
|switch|p1a: Amon|Celebi|100/100
|move|p2a: Mantine|Scald|p1a: Amon
|-resisted|p1a: Amon
|-damage|p1a: Amon|91/100
|-status|p1a: Amon|brn
|
|-heal|p1a: Amon|97/100 brn|[from] item: Leftovers
|-damage|p1a: Amon|91/100 brn|[from] brn
|upkeep
|turn|3
|
|switch|p2a: Sylveon|Sylveon, F|100/100
|move|p1a: Amon|U-turn|p2a: Sylveon
|-resisted|p2a: Sylveon
|-damage|p2a: Sylveon|98/100
|
|switch|p1a: Osiris|Cobalion|100/100|[from]move: U-turn
|
|-heal|p2a: Sylveon|100/100|[from] item: Leftovers
|upkeep
|turn|4
|
|switch|p2a: Mantine|Mantine, F|68/100
|move|p1a: Osiris|Close Combat|p2a: Mantine
|-resisted|p2a: Mantine
|-damage|p2a: Mantine|51/100
|-unboost|p1a: Osiris|def|1
|-unboost|p1a: Osiris|spd|1
|
|upkeep
|turn|5
|
|move|p1a: Osiris|Volt Switch|p2a: Mantine
|-supereffective|p2a: Mantine
|-damage|p2a: Mantine|13/100
|
|switch|p1a: Amon|Celebi|91/100|[from]move: Volt Switch
|move|p2a: Mantine|Roost|p2a: Mantine
|-heal|p2a: Mantine|63/100
|-singleturn|p2a: Mantine|move: Roost
|
|-heal|p1a: Amon|97/100|[from] item: Leftovers
|upkeep
|turn|6
|
|switch|p2a: Sylveon|Sylveon, F|100/100
|move|p1a: Amon|U-turn|p2a: Sylveon
|-resisted|p2a: Sylveon
|-damage|p2a: Sylveon|95/100
|
|switch|p1a: Osiris|Cobalion|100/100|[from]move: U-turn
|
|-heal|p2a: Sylveon|100/100|[from] item: Leftovers
|upkeep
|turn|7
|
|move|p1a: Osiris|Swords Dance|p1a: Osiris
|-boost|p1a: Osiris|atk|2
|move|p2a: Sylveon|Hyper Voice|p1a: Osiris
|-damage|p1a: Osiris|48/100
|
|upkeep
|turn|8
|
|switch|p2a: Darmanitan|Darmanitan, M|100/100
|move|p1a: Osiris|Iron Head|p2a: Darmanitan
|-resisted|p2a: Darmanitan
|-damage|p2a: Darmanitan|53/100
|
|upkeep
|turn|9
|
|switch|p1a: Anubis|Gigalith, M|100/100
|-weather|Sandstorm|[from] ability: Sand Stream|[of] p1a: Anubis
|move|p2a: Darmanitan|U-turn|p1a: Anubis
|-damage|p1a: Anubis|87/100
|
|switch|p2a: Lucario|Lucario, F|100/100|[from]move: U-turn
|
|-weather|Sandstorm|[upkeep]
|-heal|p1a: Anubis|94/100|[from] item: Leftovers
|upkeep
|turn|10
|
|move|p2a: Lucario|Close Combat|p1a: Anubis
|-supereffective|p1a: Anubis
|-damage|p1a: Anubis|12/100
|-unboost|p2a: Lucario|def|1
|-unboost|p2a: Lucario|spd|1
|-damage|p2a: Lucario|91/100|[from] item: Life Orb
|move|p1a: Anubis|Earthquake|p2a: Lucario
|-supereffective|p2a: Lucario
|-damage|p2a: Lucario|0 fnt
|faint|p2a: Lucario
|
|-weather|Sandstorm|[upkeep]
|-heal|p1a: Anubis|18/100|[from] item: Leftovers
|upkeep
|
|switch|p2a: Roserade|Roserade, F|100/100
|turn|11
|
|switch|p1a: Isis|Umbreon, M|100/100
|move|p2a: Roserade|Giga Drain|p1a: Isis
|-damage|p1a: Isis|81/100
|
|-weather|Sandstorm|[upkeep]
|-damage|p2a: Roserade|94/100|[from] Sandstorm
|-damage|p1a: Isis|75/100|[from] Sandstorm
|-heal|p2a: Roserade|100/100|[from] item: Black Sludge
|-heal|p1a: Isis|81/100|[from] item: Leftovers
|upkeep
|turn|12
|
|move|p1a: Isis|Protect|p1a: Isis
|-singleturn|p1a: Isis|Protect
|move|p2a: Roserade|Spikes|p1a: Isis
|-sidestart|p1: Eltoras|Spikes
|
|-weather|Sandstorm|[upkeep]
|-damage|p2a: Roserade|94/100|[from] Sandstorm
|-damage|p1a: Isis|75/100|[from] Sandstorm
|-heal|p2a: Roserade|100/100|[from] item: Black Sludge
|-heal|p1a: Isis|81/100|[from] item: Leftovers
|upkeep
|turn|13
|
|switch|p2a: Sylveon|Sylveon, F|100/100
|switch|p1a: Apis|Noivern, F|100/100
|-item|p2a: Sylveon|Leftovers|[from] ability: Frisk|[of] p1a: Apis|[identify]
|
|-weather|none
|upkeep
|turn|14
|
|move|p1a: Apis|U-turn|p2a: Sylveon
|-resisted|p2a: Sylveon
|-damage|p2a: Sylveon|97/100
|
|switch|p1a: Amon|Celebi|97/100|[from]move: U-turn
|-damage|p1a: Amon|85/100|[from] Spikes
|move|p2a: Sylveon|Hyper Voice|p1a: Amon
|-damage|p1a: Amon|48/100
|
|-heal|p1a: Amon|54/100|[from] item: Leftovers
|-heal|p2a: Sylveon|100/100|[from] item: Leftovers
|upkeep
|turn|15
|
|move|p1a: Amon|Recover|p1a: Amon
|-heal|p1a: Amon|100/100
|move|p2a: Sylveon|Hyper Voice|p1a: Amon
|-damage|p1a: Amon|66/100
|
|-heal|p1a: Amon|72/100|[from] item: Leftovers
|upkeep
|turn|16
|
|move|p1a: Amon|Psychic|p2a: Sylveon
|-damage|p2a: Sylveon|72/100
|move|p2a: Sylveon|Wish|p2a: Sylveon
|
|-heal|p1a: Amon|78/100|[from] item: Leftovers
|-heal|p2a: Sylveon|78/100|[from] item: Leftovers
|upkeep
|turn|17
|inactive|Eltoras has 120 seconds left.
|
|move|p1a: Amon|Psychic|p2a: Sylveon
|-crit|p2a: Sylveon
|-damage|p2a: Sylveon|37/100
|move|p2a: Sylveon|Hyper Voice|p1a: Amon
|-damage|p1a: Amon|42/100
|
|-heal|p2a: Sylveon|87/100|[from] move: Wish|[wisher] Sylveon
|-heal|p1a: Amon|48/100|[from] item: Leftovers
|-heal|p2a: Sylveon|93/100|[from] item: Leftovers
|upkeep
|turn|18
|inactive|Eltoras has 120 seconds left.
|
|move|p1a: Amon|Recover|p1a: Amon
|-heal|p1a: Amon|98/100
|move|p2a: Sylveon|Wish|p2a: Sylveon
|
|-heal|p1a: Amon|100/100|[from] item: Leftovers
|-heal|p2a: Sylveon|99/100|[from] item: Leftovers
|upkeep
|turn|19
|inactive|Eltoras has 120 seconds left.
|
|switch|p2a: Gigalith|Gigalith, M|100/100
|-weather|Sandstorm|[from] ability: Sand Stream|[of] p2a: Gigalith
|move|p1a: Amon|Psychic|p2a: Gigalith
|-damage|p2a: Gigalith|80/100
|
|-weather|Sandstorm|[upkeep]
|-damage|p1a: Amon|94/100|[from] Sandstorm
|-heal|p2a: Gigalith|100/100|[from] move: Wish|[wisher] Sylveon
|-heal|p1a: Amon|100/100|[from] item: Leftovers
|upkeep
|turn|20
|inactive|Eltoras has 120 seconds left.
|
|move|p1a: Amon|U-turn|p2a: Gigalith
|-damage|p2a: Gigalith|92/100
|inactive|Eltoras has 120 seconds left.
|
|switch|p1a: Apis|Noivern, F|100/100|[from]move: U-turn
|-item|p2a: Gigalith|Leftovers|[from] ability: Frisk|[of] p1a: Apis|[identify]
|move|p2a: Gigalith|Stealth Rock|p1a: Apis
|-sidestart|p1: Eltoras|move: Stealth Rock
|
|-weather|Sandstorm|[upkeep]
|-damage|p1a: Apis|94/100|[from] Sandstorm
|-heal|p2a: Gigalith|98/100|[from] item: Leftovers
|upkeep
|turn|21
|
|move|p1a: Apis|Defog|p2a: Gigalith
|-unboost|p2a: Gigalith|evasion|1
|-sideend|p1: Eltoras|Spikes|[from] move: Defog|[of] p1a: Apis
|-sideend|p1: Eltoras|Stealth Rock|[from] move: Defog|[of] p1a: Apis
|move|p2a: Gigalith|Rock Blast|p1a: Apis
|-supereffective|p1a: Apis
|-damage|p1a: Apis|68/100
|-supereffective|p1a: Apis
|-damage|p1a: Apis|44/100
|-supereffective|p1a: Apis
|-damage|p1a: Apis|17/100
|-hitcount|p1a: Apis|3
|
|-weather|Sandstorm|[upkeep]
|-damage|p1a: Apis|11/100|[from] Sandstorm
|-heal|p2a: Gigalith|100/100|[from] item: Leftovers
|upkeep
|turn|22
|
|move|p1a: Apis|U-turn|p2a: Gigalith
|-damage|p2a: Gigalith|94/100
|inactive|Eltoras has 120 seconds left.
|
|switch|p1a: Seth|Inteleon, F|100/100|[from]move: U-turn
|move|p2a: Gigalith|Stealth Rock|p1a: Seth
|-sidestart|p1: Eltoras|move: Stealth Rock
|
|-weather|Sandstorm|[upkeep]
|-damage|p1a: Seth|94/100|[from] Sandstorm
|-heal|p2a: Gigalith|100/100|[from] item: Leftovers
|upkeep
|turn|23
|inactive|Eltoras has 120 seconds left.
|
|switch|p2a: Mantine|Mantine, F|63/100
|move|p1a: Seth|Ice Beam|p2a: Mantine
|-damage|p2a: Mantine|33/100
|
|-weather|none
|upkeep
|turn|24
|
|move|p1a: Seth|Ice Beam|p2a: Mantine
|-damage|p2a: Mantine|3/100
|move|p2a: Mantine|Roost|p2a: Mantine
|-heal|p2a: Mantine|53/100
|-singleturn|p2a: Mantine|move: Roost
|
|upkeep
|turn|25
|
|switch|p1a: Isis|Umbreon, M|81/100
|-damage|p1a: Isis|69/100|[from] Stealth Rock
|move|p2a: Mantine|Roost|p2a: Mantine
|-heal|p2a: Mantine|100/100
|-singleturn|p2a: Mantine|move: Roost
|
|-heal|p1a: Isis|75/100|[from] item: Leftovers
|upkeep
|turn|26
|
|switch|p2a: Sylveon|Sylveon, F|99/100
|move|p1a: Isis|Wish|p1a: Isis
|
|-heal|p1a: Isis|81/100|[from] item: Leftovers
|-heal|p2a: Sylveon|100/100|[from] item: Leftovers
|upkeep
|turn|27
|inactive|Eltoras has 120 seconds left.
|
|move|p1a: Isis|Protect|p1a: Isis
|-singleturn|p1a: Isis|Protect
|move|p2a: Sylveon|Hyper Voice|p1a: Isis
|-activate|p1a: Isis|move: Protect
|
|-heal|p1a: Isis|100/100|[from] move: Wish|[wisher] Isis
|upkeep
|turn|28
|
|switch|p1a: Amon|Celebi|100/100
|-damage|p1a: Amon|88/100|[from] Stealth Rock
|move|p2a: Sylveon|Wish|p2a: Sylveon
|
|-heal|p1a: Amon|94/100|[from] item: Leftovers
|upkeep
|turn|29
|
|switch|p2a: Gigalith|Gigalith, M|100/100
|-weather|Sandstorm|[from] ability: Sand Stream|[of] p2a: Gigalith
|move|p1a: Amon|Psychic|p2a: Gigalith
|-crit|p2a: Gigalith
|-damage|p2a: Gigalith|68/100
|
|-weather|Sandstorm|[upkeep]
|-damage|p1a: Amon|88/100|[from] Sandstorm
|-heal|p2a: Gigalith|100/100|[from] move: Wish|[wisher] Sylveon
|-heal|p1a: Amon|94/100|[from] item: Leftovers
|upkeep
|turn|30
|
|move|p1a: Amon|Energy Ball|p2a: Gigalith
|-supereffective|p2a: Gigalith
|-damage|p2a: Gigalith|56/100
|move|p2a: Gigalith|Throat Chop|p1a: Amon
|-supereffective|p1a: Amon
|-damage|p1a: Amon|49/100
|-start|p1a: Amon|Throat Chop|[silent]
|
|-weather|Sandstorm|[upkeep]
|-damage|p1a: Amon|43/100|[from] Sandstorm
|-heal|p1a: Amon|49/100|[from] item: Leftovers
|-heal|p2a: Gigalith|62/100|[from] item: Leftovers
|upkeep
|turn|31
|
|switch|p2a: Darmanitan|Darmanitan, M|53/100
|move|p1a: Amon|U-turn|p2a: Darmanitan
|-resisted|p2a: Darmanitan
|-damage|p2a: Darmanitan|44/100
|
|switch|p1a: Isis|Umbreon, M|100/100|[from]move: U-turn
|-damage|p1a: Isis|88/100|[from] Stealth Rock
|
|-weather|Sandstorm|[upkeep]
|-damage|p2a: Darmanitan|38/100|[from] Sandstorm
|-damage|p1a: Isis|82/100|[from] Sandstorm
|-heal|p1a: Isis|88/100|[from] item: Leftovers
|upkeep
|turn|32
|inactive|Eltoras has 120 seconds left.
|
|move|p2a: Darmanitan|U-turn|p1a: Isis
|-supereffective|p1a: Isis
|-damage|p1a: Isis|48/100
|
|switch|p2a: Sylveon|Sylveon, F|100/100|[from]move: U-turn
|move|p1a: Isis|Foul Play|p2a: Sylveon
|-resisted|p2a: Sylveon
|-damage|p2a: Sylveon|94/100
|
|-weather|Sandstorm|[upkeep]
|-damage|p1a: Isis|42/100|[from] Sandstorm
|-damage|p2a: Sylveon|88/100|[from] Sandstorm
|-heal|p1a: Isis|48/100|[from] item: Leftovers
|-heal|p2a: Sylveon|94/100|[from] item: Leftovers
|upkeep
|turn|33
|
|move|p1a: Isis|Protect|p1a: Isis
|-singleturn|p1a: Isis|Protect
|move|p2a: Sylveon|Hyper Voice|p1a: Isis
|-activate|p1a: Isis|move: Protect
|
|-weather|none
|-heal|p1a: Isis|55/100|[from] item: Leftovers
|-heal|p2a: Sylveon|99/100|[from] item: Leftovers
|upkeep
|turn|34
|
|switch|p1a: Amon|Celebi|49/100
|-damage|p1a: Amon|37/100|[from] Stealth Rock
|move|p2a: Sylveon|Hyper Voice|p1a: Amon
|-damage|p1a: Amon|4/100
|
|-heal|p1a: Amon|10/100|[from] item: Leftovers
|-heal|p2a: Sylveon|100/100|[from] item: Leftovers
|upkeep
|turn|35
|
|switch|p2a: Darmanitan|Darmanitan, M|38/100
|move|p1a: Amon|Recover|p1a: Amon
|-heal|p1a: Amon|60/100
|
|-heal|p1a: Amon|66/100|[from] item: Leftovers
|upkeep
|turn|36
|
|switch|p1a: Anubis|Gigalith, M|18/100
|-damage|p1a: Anubis|6/100|[from] Stealth Rock
|-weather|Sandstorm|[from] ability: Sand Stream|[of] p1a: Anubis
|move|p2a: Darmanitan|U-turn|p1a: Anubis
|-damage|p1a: Anubis|0 fnt
|faint|p1a: Anubis
|
|switch|p2a: Mantine|Mantine, F|100/100|[from]move: U-turn
|
|-weather|Sandstorm|[upkeep]
|-damage|p2a: Mantine|94/100|[from] Sandstorm
|upkeep
|
|switch|p1a: Apis|Noivern, F|11/100
|-item|p2a: Mantine|Heavy-Duty Boots|[from] ability: Frisk|[of] p1a: Apis|[identify]
|turn|37
|
|switch|p2a: Gigalith|Gigalith, M|62/100
|move|p1a: Apis|Roost|p1a: Apis
|-heal|p1a: Apis|61/100
|-singleturn|p1a: Apis|move: Roost
|
|-weather|Sandstorm|[upkeep]
|-damage|p1a: Apis|55/100|[from] Sandstorm
|-heal|p2a: Gigalith|68/100|[from] item: Leftovers
|upkeep
|turn|38
|
|move|p1a: Apis|U-turn|p2a: Gigalith
|-damage|p2a: Gigalith|61/100
|
|switch|p1a: Osiris|Cobalion|48/100|[from]move: U-turn
|-damage|p1a: Osiris|44/100|[from] Stealth Rock
|move|p2a: Gigalith|Earthquake|p1a: Osiris
|-supereffective|p1a: Osiris
|-enditem|p1a: Osiris|Shuca Berry|[eat]
|-enditem|p1a: Osiris|Shuca Berry|[weaken]
|-damage|p1a: Osiris|19/100
|
|-weather|Sandstorm|[upkeep]
|-heal|p2a: Gigalith|67/100|[from] item: Leftovers
|upkeep
|turn|39
|
|switch|p2a: Mantine|Mantine, F|94/100
|move|p1a: Osiris|Close Combat|p2a: Mantine
|-resisted|p2a: Mantine
|-damage|p2a: Mantine|77/100
|-unboost|p1a: Osiris|def|1
|-unboost|p1a: Osiris|spd|1
|
|-weather|Sandstorm|[upkeep]
|-damage|p2a: Mantine|71/100|[from] Sandstorm
|upkeep
|turn|40
|
|move|p1a: Osiris|Volt Switch|p2a: Mantine
|-supereffective|p2a: Mantine
|-damage|p2a: Mantine|34/100
|
|switch|p1a: Isis|Umbreon, M|55/100|[from]move: Volt Switch
|-damage|p1a: Isis|42/100|[from] Stealth Rock
|move|p2a: Mantine|Scald|p1a: Isis
|-crit|p1a: Isis
|-damage|p1a: Isis|24/100
|-status|p1a: Isis|brn
|-activate|p1a: Isis|ability: Synchronize
|-status|p2a: Mantine|brn
|
|-weather|none
|-heal|p1a: Isis|30/100 brn|[from] item: Leftovers
|-damage|p2a: Mantine|28/100 brn|[from] brn
|-damage|p1a: Isis|24/100 brn|[from] brn
|upkeep
|turn|41
|
|move|p2a: Mantine|Roost|p2a: Mantine
|-heal|p2a: Mantine|78/100 brn
|-singleturn|p2a: Mantine|move: Roost
|move|p1a: Isis|Wish|p1a: Isis
|
|-heal|p1a: Isis|30/100 brn|[from] item: Leftovers
|-damage|p2a: Mantine|72/100 brn|[from] brn
|-damage|p1a: Isis|24/100 brn|[from] brn
|upkeep
|turn|42
|
|move|p2a: Mantine|Scald|p1a: Isis
|-damage|p1a: Isis|13/100 brn
|move|p1a: Isis|Heal Bell|p1a: Isis
|-activate|p1a: Isis|move: Heal Bell
|-curestatus|p1a: Isis|brn|[msg]
|
|-heal|p1a: Isis|63/100|[from] move: Wish|[wisher] Isis
|-heal|p1a: Isis|69/100|[from] item: Leftovers
|-damage|p2a: Mantine|66/100 brn|[from] brn
|upkeep
|turn|43
|
|move|p2a: Mantine|Roost|p2a: Mantine
|-heal|p2a: Mantine|100/100 brn
|-singleturn|p2a: Mantine|move: Roost
|move|p1a: Isis|Wish|p1a: Isis
|
|-heal|p1a: Isis|75/100|[from] item: Leftovers
|-damage|p2a: Mantine|94/100 brn|[from] brn
|upkeep
|turn|44
|
|move|p2a: Mantine|Scald|p1a: Isis
|-damage|p1a: Isis|64/100
|-status|p1a: Isis|brn
|-activate|p1a: Isis|ability: Synchronize
|-fail|p2a: Mantine|brn
|move|p1a: Isis|Foul Play|p2a: Mantine
|-damage|p2a: Mantine|90/100 brn
|
|-heal|p1a: Isis|100/100 brn|[from] move: Wish|[wisher] Isis
|-damage|p2a: Mantine|84/100 brn|[from] brn
|-damage|p1a: Isis|94/100 brn|[from] brn
|upkeep
|turn|45
|
|switch|p2a: Roserade|Roserade, F|100/100
|move|p1a: Isis|Heal Bell|p1a: Isis
|-activate|p1a: Isis|move: Heal Bell
|-curestatus|p1a: Isis|brn|[msg]
|
|-heal|p1a: Isis|100/100|[from] item: Leftovers
|upkeep
|turn|46
|
|switch|p1a: Amon|Celebi|66/100
|-damage|p1a: Amon|54/100|[from] Stealth Rock
|move|p2a: Roserade|Sludge Bomb|p1a: Amon
|-supereffective|p1a: Amon
|-damage|p1a: Amon|0 fnt
|faint|p1a: Amon
|
|upkeep
|inactive|Eltoras has 120 seconds left.
|
|switch|p1a: Seth|Inteleon, F|94/100
|-damage|p1a: Seth|82/100|[from] Stealth Rock
|turn|47
|
|switch|p2a: Sylveon|Sylveon, F|100/100
|move|p1a: Seth|U-turn|p2a: Sylveon
|-resisted|p2a: Sylveon
|-damage|p2a: Sylveon|96/100
|
|switch|p1a: Osiris|Cobalion|19/100|[from]move: U-turn
|-damage|p1a: Osiris|16/100|[from] Stealth Rock
|
|-heal|p2a: Sylveon|100/100|[from] item: Leftovers
|upkeep
|turn|48
|
|switch|p2a: Mantine|Mantine, F|84/100 brn
|move|p1a: Osiris|Iron Head|p2a: Mantine
|-resisted|p2a: Mantine
|-damage|p2a: Mantine|73/100 brn
|
|-damage|p2a: Mantine|67/100 brn|[from] brn
|upkeep
|turn|49
|
|move|p1a: Osiris|Volt Switch|p2a: Mantine
|-supereffective|p2a: Mantine
|-damage|p2a: Mantine|29/100 brn
|
|switch|p1a: Apis|Noivern, F|55/100|[from]move: Volt Switch
|-item|p2a: Mantine|Heavy-Duty Boots|[from] ability: Frisk|[of] p1a: Apis|[identify]
|move|p2a: Mantine|Roost|p2a: Mantine
|-heal|p2a: Mantine|79/100 brn
|-singleturn|p2a: Mantine|move: Roost
|
|-damage|p2a: Mantine|73/100 brn|[from] brn
|upkeep
|turn|50
|
|switch|p2a: Gigalith|Gigalith, M|67/100
|-weather|Sandstorm|[from] ability: Sand Stream|[of] p2a: Gigalith
|move|p1a: Apis|U-turn|p2a: Gigalith
|-damage|p2a: Gigalith|60/100
|
|switch|p1a: Osiris|Cobalion|16/100|[from]move: U-turn
|-damage|p1a: Osiris|13/100|[from] Stealth Rock
|
|-weather|Sandstorm|[upkeep]
|-heal|p2a: Gigalith|67/100|[from] item: Leftovers
|upkeep
|turn|51
|
|move|p1a: Osiris|Volt Switch|p2a: Gigalith
|-damage|p2a: Gigalith|59/100
|
|switch|p1a: Isis|Umbreon, M|100/100|[from]move: Volt Switch
|-damage|p1a: Isis|88/100|[from] Stealth Rock
|move|p2a: Gigalith|Earthquake|p1a: Isis
|-crit|p1a: Isis
|-damage|p1a: Isis|51/100
|
|-weather|Sandstorm|[upkeep]
|-damage|p1a: Isis|45/100|[from] Sandstorm
|-heal|p1a: Isis|51/100|[from] item: Leftovers
|-heal|p2a: Gigalith|65/100|[from] item: Leftovers
|upkeep
|turn|52
|
|move|p1a: Isis|Wish|p1a: Isis
|move|p2a: Gigalith|Rock Blast|p1a: Isis
|-damage|p1a: Isis|42/100
|-damage|p1a: Isis|32/100
|-damage|p1a: Isis|23/100
|-damage|p1a: Isis|14/100
|-damage|p1a: Isis|4/100
|-hitcount|p1a: Isis|5
|
|-weather|Sandstorm|[upkeep]
|-damage|p1a: Isis|0 fnt|[from] Sandstorm
|faint|p1a: Isis
|-heal|p2a: Gigalith|72/100|[from] item: Leftovers
|upkeep
|-message|Eltoras forfeited.
|
|win|Garglesoc
|l|☆Eltoras
||Ladder (probably) updated, but score could not be retrieved (Response not received).
