|html|<div class="broadcast-blue"><strong>[Gen 8] UU is currently suspecting Moltres-Galar! For information on how to participate check out the <a href="https://www.smogon.com/forums/threads/np-ss-uu-stage-12-get-lucky.3700621/">suspect thread</a>.</strong></div>
|j|☆Eazigzagoon
|j|☆UU12M nah
|t:|1650837472
|gametype|singles
|player|p1|Eazigzagoon|tuberf|1416
|player|p2|UU12M nah|#teamskymin|1487
|teamsize|p1|6
|teamsize|p2|6
|gen|8
|tier|[Gen 8] UU
|rated|
|rule|Sleep Clause Mod: Limit one foe put to sleep
|rule|Species Clause: Limit one of each Pokémon
|rule|OHKO Clause: OHKO moves are banned
|rule|Evasion Moves Clause: Evasion moves are banned
|rule|Endless Battle Clause: Forcing endless battles is banned
|rule|HP Percentage Mod: HP is shown in percentages
|rule|Dynamax Clause: You cannot dynamax
|clearpoke
|poke|p1|Weezing-Galar, F|
|poke|p1|Cloyster, F|
|poke|p1|Hitmonlee, M|
|poke|p1|Necrozma|
|poke|p1|Keldeo-Resolute|
|poke|p1|Hydreigon, F|
|poke|p2|Tangrowth, F|
|poke|p2|Weezing-Galar, F|
|poke|p2|Hippowdon, M|
|poke|p2|Skarmory, F|
|poke|p2|Chansey, F|
|poke|p2|Quagsire, F|
|teampreview
|inactive|Battle timer is ON: inactive players will automatically lose when time's up. (requested by UU12M nah)
|inactive|Eazigzagoon has 120 seconds left.
|
|t:|1650837542
|start
|switch|p1a: Weezing|Weezing-Galar, F|100/100
|switch|p2a: Tangrowth|Tangrowth, F|100/100
|-fieldstart|move: Misty Terrain|[from] ability: Misty Surge|[of] p1a: Weezing
|turn|1
|
|t:|1650837548
|move|p1a: Weezing|Taunt|p2a: Tangrowth
|-start|p2a: Tangrowth|move: Taunt
|move|p2a: Tangrowth|Knock Off|p1a: Weezing
|-resisted|p1a: Weezing
|-damage|p1a: Weezing|90/100
|-enditem|p1a: Weezing|Terrain Extender|[from] move: Knock Off|[of] p2a: Tangrowth
|
|upkeep
|turn|2
|
|t:|1650837560
|switch|p1a: Hydreigon|Hydreigon, F|100/100
|switch|p2a: Hippowdon|Hippowdon, M|100/100
|-weather|Sandstorm|[from] ability: Sand Stream|[of] p2a: Hippowdon
|
|-weather|Sandstorm|[upkeep]
|-damage|p1a: Hydreigon|94/100|[from] Sandstorm
|upkeep
|turn|3
|
|t:|1650837565
|move|p1a: Hydreigon|Nasty Plot|p1a: Hydreigon
|-boost|p1a: Hydreigon|spa|2
|move|p2a: Hippowdon|Toxic|p1a: Hydreigon
|-status|p1a: Hydreigon|tox
|
|-weather|Sandstorm|[upkeep]
|-damage|p1a: Hydreigon|88/100 tox|[from] Sandstorm
|-damage|p1a: Hydreigon|82/100 tox|[from] psn
|upkeep
|turn|4
|
|t:|1650837569
|switch|p2a: Chansey|Chansey, F|100/100
|move|p1a: Hydreigon|Draco Meteor|p2a: Chansey
|-damage|p2a: Chansey|81/100
|-unboost|p1a: Hydreigon|spa|2
|-damage|p1a: Hydreigon|72/100 tox|[from] item: Life Orb
|
|-weather|Sandstorm|[upkeep]
|-damage|p1a: Hydreigon|66/100 tox|[from] Sandstorm
|-damage|p2a: Chansey|75/100|[from] Sandstorm
|-damage|p1a: Hydreigon|54/100 tox|[from] psn
|upkeep
|turn|5
|
|t:|1650837575
|switch|p1a: Hitmonlee|Hitmonlee, M|100/100
|-enditem|p1a: Hitmonlee|Misty Seed
|-boost|p1a: Hitmonlee|spd|1|[from] item: Misty Seed
|move|p2a: Chansey|Seismic Toss|p1a: Hitmonlee
|-damage|p1a: Hitmonlee|61/100
|
|-weather|Sandstorm|[upkeep]
|-damage|p1a: Hitmonlee|55/100|[from] Sandstorm
|-damage|p2a: Chansey|69/100|[from] Sandstorm
|upkeep
|turn|6
|
|t:|1650837585
|switch|p2a: Weezing|Weezing-Galar, F|100/100
|move|p1a: Hitmonlee|Bulk Up|p1a: Hitmonlee
|-boost|p1a: Hitmonlee|atk|1
|-boost|p1a: Hitmonlee|def|1
|
|-weather|none
|upkeep
|turn|7
|
|t:|1650837588
|move|p1a: Hitmonlee|Stone Edge|p2a: Weezing
|-crit|p2a: Weezing
|-damage|p2a: Weezing|26/100
|move|p2a: Weezing|Strange Steam|p1a: Hitmonlee
|-supereffective|p1a: Hitmonlee
|-damage|p1a: Hitmonlee|14/100
|
|-heal|p2a: Weezing|32/100|[from] item: Black Sludge
|upkeep
|turn|8
|
|t:|1650837597
|switch|p2a: Quagsire|Quagsire, F|100/100
|move|p1a: Hitmonlee|Stone Edge|p2a: Quagsire
|-resisted|p2a: Quagsire
|-damage|p2a: Quagsire|89/100
|
|-heal|p2a: Quagsire|95/100|[from] item: Leftovers
|-fieldend|Misty Terrain
|upkeep
|turn|9
|
|t:|1650837602
|move|p1a: Hitmonlee|Close Combat|p2a: Quagsire
|-crit|p2a: Quagsire
|-damage|p2a: Quagsire|24/100
|-unboost|p1a: Hitmonlee|def|1
|-unboost|p1a: Hitmonlee|spd|1
|move|p2a: Quagsire|Scald|p1a: Hitmonlee
|-damage|p1a: Hitmonlee|0 fnt
|faint|p1a: Hitmonlee
|
|-heal|p2a: Quagsire|30/100|[from] item: Leftovers
|upkeep
|
|t:|1650837608
|switch|p1a: Weezing|Weezing-Galar, F|90/100
|-fieldstart|move: Misty Terrain|[from] ability: Misty Surge|[of] p1a: Weezing
|turn|10
|
|t:|1650837612
|switch|p2a: Weezing|Weezing-Galar, F|32/100
|move|p1a: Weezing|Misty Explosion|p2a: Weezing
|-resisted|p2a: Weezing
|-crit|p2a: Weezing
|-damage|p2a: Weezing|2/100
|faint|p1a: Weezing
|
|-heal|p2a: Weezing|8/100|[from] item: Black Sludge
|upkeep
|
|t:|1650837626
|switch|p1a: Necrozma|Necrozma|100/100
|turn|11
|
|t:|1650837636
|switch|p2a: Chansey|Chansey, F|69/100
|move|p1a: Necrozma|Dragon Dance|p1a: Necrozma
|-boost|p1a: Necrozma|atk|1
|-boost|p1a: Necrozma|spe|1
|
|upkeep
|turn|12
|
|t:|1650837643
|move|p1a: Necrozma|Dragon Dance|p1a: Necrozma
|-boost|p1a: Necrozma|atk|1
|-boost|p1a: Necrozma|spe|1
|move|p2a: Chansey|Toxic|p1a: Necrozma
|-activate|p1a: Necrozma|move: Misty Terrain
|
|upkeep
|turn|13
|
|t:|1650837651
|switch|p2a: Tangrowth|Tangrowth, F|100/100
|move|p1a: Necrozma|Photon Geyser|p2a: Tangrowth
|-damage|p2a: Tangrowth|46/100
|
|upkeep
|turn|14
|
|t:|1650837658
|switch|p2a: Weezing|Weezing-Galar, F|8/100
|move|p1a: Necrozma|Photon Geyser|p2a: Weezing
|-supereffective|p2a: Weezing
|-damage|p2a: Weezing|0 fnt
|faint|p2a: Weezing
|
|-fieldend|Misty Terrain
|upkeep
|
|t:|1650837660
|switch|p2a: Skarmory|Skarmory, F|100/100
|turn|15
|
|t:|1650837663
|move|p1a: Necrozma|Heat Wave|p2a: Skarmory
|-supereffective|p2a: Skarmory
|-damage|p2a: Skarmory|21/100
|move|p2a: Skarmory|Iron Defense|p2a: Skarmory
|-boost|p2a: Skarmory|def|2
|
|upkeep
|turn|16
|
|t:|1650837672
|move|p1a: Necrozma|Photon Geyser|p2a: Skarmory
|-resisted|p2a: Skarmory
|-damage|p2a: Skarmory|6/100
|move|p2a: Skarmory|Body Press|p1a: Necrozma
|-resisted|p1a: Necrozma
|-damage|p1a: Necrozma|71/100
|
|upkeep
|turn|17
|
|t:|1650837679
|move|p1a: Necrozma|Photon Geyser|p2a: Skarmory
|-resisted|p2a: Skarmory
|-damage|p2a: Skarmory|0 fnt
|faint|p2a: Skarmory
|
|upkeep
|
|t:|1650837680
|switch|p2a: Hippowdon|Hippowdon, M|100/100
|-weather|Sandstorm|[from] ability: Sand Stream|[of] p2a: Hippowdon
|turn|18
|
|t:|1650837687
|move|p1a: Necrozma|Photon Geyser|p2a: Hippowdon
|-damage|p2a: Hippowdon|35/100
|move|p2a: Hippowdon|Toxic|p1a: Necrozma
|-status|p1a: Necrozma|tox
|
|-weather|Sandstorm|[upkeep]
|-damage|p1a: Necrozma|65/100 tox|[from] Sandstorm
|-heal|p2a: Hippowdon|41/100|[from] item: Leftovers
|-damage|p1a: Necrozma|59/100 tox|[from] psn
|upkeep
|turn|19
|
|t:|1650837694
|switch|p2a: Tangrowth|Tangrowth, F|79/100
|move|p1a: Necrozma|Photon Geyser|p2a: Tangrowth
|-damage|p2a: Tangrowth|29/100
|
|-weather|Sandstorm|[upkeep]
|-damage|p1a: Necrozma|53/100 tox|[from] Sandstorm
|-damage|p2a: Tangrowth|23/100|[from] Sandstorm
|-damage|p1a: Necrozma|41/100 tox|[from] psn
|upkeep
|turn|20
|
|t:|1650837700
|switch|p2a: Quagsire|Quagsire, F|30/100
|move|p1a: Necrozma|Photon Geyser|p2a: Quagsire
|-damage|p2a: Quagsire|0 fnt
|faint|p2a: Quagsire
|
|-weather|Sandstorm|[upkeep]
|-damage|p1a: Necrozma|35/100 tox|[from] Sandstorm
|-damage|p1a: Necrozma|17/100 tox|[from] psn
|upkeep
|
|t:|1650837704
|switch|p2a: Tangrowth|Tangrowth, F|56/100
|turn|21
|j| Tdn_Neo
|
|t:|1650837712
|move|p1a: Necrozma|X-Scissor|p2a: Tangrowth
|-supereffective|p2a: Tangrowth
|-damage|p2a: Tangrowth|0 fnt
|-damage|p1a: Necrozma|0 fnt|[from] item: Rocky Helmet|[of] p2a: Tangrowth
|faint|p2a: Tangrowth
|faint|p1a: Necrozma
|
|-weather|Sandstorm|[upkeep]
|upkeep
|
|t:|1650837719
|switch|p1a: Keldeo|Keldeo-Resolute|100/100
|switch|p2a: Hippowdon|Hippowdon, M|41/100
|turn|22
|
|t:|1650837723
|switch|p2a: Chansey|Chansey, F|69/100
|move|p1a: Keldeo|Scald|p2a: Chansey
|-damage|p2a: Chansey|58/100
|
|-weather|none
|upkeep
|turn|23
|
|t:|1650837726
|move|p1a: Keldeo|Secret Sword|p2a: Chansey
|-supereffective|p2a: Chansey
|-damage|p2a: Chansey|0 fnt
|faint|p2a: Chansey
|
|upkeep
|-message|UU12M nah forfeited.
|
|win|Eazigzagoon
|raw|Eazigzagoon's rating: 1416 &rarr; <strong>1440</strong><br />(+24 for winning)
|raw|UU12M nah's rating: 1487 &rarr; <strong>1463</strong><br />(-24 for losing)
|l|☆UU12M nah
|l| Tdn_Neo
||Ladder isn't responding, score probably updated but might not have (Request timeout).
