|j|☆GryphonEx
|j|☆DarkHorse344
|t:|1668094843
|gametype|singles
|player|p1|GryphonEx|gardenia|1453
|player|p2|DarkHorse344|brendan-gen3rs|1599
|teamsize|p1|6
|teamsize|p2|6
|gen|8
|tier|[Gen 8] UU
|rated|
|rule|Sleep Clause Mod: Limit one foe put to sleep
|rule|Species Clause: Limit one of each Pokémon
|rule|OHKO Clause: OHKO moves are banned
|rule|Evasion Items Clause: Evasion items are banned
|rule|Evasion Moves Clause: Evasion moves are banned
|rule|Endless Battle Clause: Forcing endless battles is banned
|rule|HP Percentage Mod: HP is shown in percentages
|rule|Dynamax Clause: You cannot dynamax
|clearpoke
|poke|p1|Hydreigon, F|
|poke|p1|Crawdaunt, M|
|poke|p1|Keldeo-Resolute|
|poke|p1|Salamence, M|
|poke|p1|Chansey, F|
|poke|p1|Corsola-Galar, M|
|poke|p2|Politoed, F|
|poke|p2|Kingdra, F|
|poke|p2|Salamence, M|
|poke|p2|Amoonguss, M|
|poke|p2|Kabutops, F|
|poke|p2|Tornadus, M|
|teampreview
|
|t:|1668094856
|start
|switch|p1a: Ragna Blade|Keldeo-Resolute|100/100
|switch|p2a: Politoed|Politoed, F|100/100
|-weather|RainDance|[from] ability: Drizzle|[of] p2a: Politoed
|turn|1
|
|t:|1668094880
|switch|p2a: Amoonguss|Amoonguss, M|100/100
|move|p1a: Ragna Blade|Taunt|p2a: Amoonguss
|-start|p2a: Amoonguss|move: Taunt
|
|-weather|RainDance|[upkeep]
|upkeep
|turn|2
|
|t:|1668094883
|move|p1a: Ragna Blade|Flip Turn|p2a: Amoonguss
|-resisted|p2a: Amoonguss
|-damage|p2a: Amoonguss|93/100
|-enditem|p2a: Amoonguss|Eject Button
|inactive|Battle timer is ON: inactive players will automatically lose when time's up. (requested by GryphonEx)
|
|t:|1668094907
|switch|p2a: Kingdra|Kingdra, F|100/100
|
|-weather|RainDance|[upkeep]
|upkeep
|turn|3
|
|t:|1668094912
|switch|p1a: Corsola-Kanye|Chansey, F|100/100
|move|p2a: Kingdra|Flip Turn|p1a: Corsola-Kanye
|-damage|p1a: Corsola-Kanye|83/100
|
|t:|1668094914
|switch|p2a: Kabutops|Kabutops, F|100/100|[from]move: Flip Turn
|
|-weather|RainDance|[upkeep]
|upkeep
|turn|4
|
|t:|1668094918
|switch|p1a: If you switch conk|Corsola-Galar, M|100/100
|move|p2a: Kabutops|Swords Dance|p2a: Kabutops
|-boost|p2a: Kabutops|atk|2
|
|-weather|RainDance|[upkeep]
|upkeep
|turn|5
|
|t:|1668094922
|move|p2a: Kabutops|Liquidation|p1a: If you switch conk
|-damage|p1a: If you switch conk|12/100
|-unboost|p1a: If you switch conk|def|1
|-damage|p2a: Kabutops|91/100|[from] item: Life Orb
|move|p1a: If you switch conk|Strength Sap|p2a: Kabutops
|-unboost|p2a: Kabutops|atk|1
|-heal|p1a: If you switch conk|100/100
|
|-weather|RainDance|[upkeep]
|upkeep
|turn|6
|
|t:|1668094931
|move|p2a: Kabutops|Liquidation|p1a: If you switch conk
|-damage|p1a: If you switch conk|3/100
|-start|p2a: Kabutops|Disable|Liquidation|[from] ability: Cursed Body|[of] p1a: If you switch conk
|-damage|p2a: Kabutops|81/100|[from] item: Life Orb
|move|p1a: If you switch conk|Will-O-Wisp|p2a: Kabutops
|-status|p2a: Kabutops|brn
|
|-weather|RainDance|[upkeep]
|-damage|p2a: Kabutops|74/100 brn|[from] brn
|upkeep
|turn|7
|
|t:|1668094940
|move|p2a: Kabutops|Swords Dance|p2a: Kabutops
|-boost|p2a: Kabutops|atk|2
|move|p1a: If you switch conk|Strength Sap|p2a: Kabutops
|-unboost|p2a: Kabutops|atk|1
|-heal|p1a: If you switch conk|100/100
|
|-weather|RainDance|[upkeep]
|-damage|p2a: Kabutops|68/100 brn|[from] brn
|upkeep
|turn|8
|
|t:|1668094945
|move|p2a: Kabutops|Stone Edge|p1a: If you switch conk
|-damage|p1a: If you switch conk|47/100
|-damage|p2a: Kabutops|58/100 brn|[from] item: Life Orb
|move|p1a: If you switch conk|Strength Sap|p2a: Kabutops
|-unboost|p2a: Kabutops|atk|1
|-heal|p1a: If you switch conk|100/100
|
|-weather|none
|-damage|p2a: Kabutops|52/100 brn|[from] brn
|upkeep
|turn|9
|
|t:|1668094949
|switch|p2a: Politoed|Politoed, F|100/100
|-weather|RainDance|[from] ability: Drizzle|[of] p2a: Politoed
|move|p1a: If you switch conk|Strength Sap|p2a: Politoed
|-unboost|p2a: Politoed|atk|1
|
|-weather|RainDance|[upkeep]
|upkeep
|turn|10
|
|t:|1668094952
|move|p2a: Politoed|Toxic|p1a: If you switch conk
|-status|p1a: If you switch conk|tox
|move|p1a: If you switch conk|Stealth Rock|p2a: Politoed
|-sidestart|p2: DarkHorse344|move: Stealth Rock
|
|-weather|RainDance|[upkeep]
|-damage|p1a: If you switch conk|94/100 tox|[from] psn
|upkeep
|turn|11
|
|t:|1668094957
|switch|p2a: Salamence|Salamence, M|100/100
|-ability|p2a: Salamence|Intimidate|boost
|-unboost|p1a: If you switch conk|atk|1
|switch|p1a: Corsola-Kanye|Chansey, F|83/100
|
|-weather|RainDance|[upkeep]
|upkeep
|turn|12
|
|t:|1668094962
|move|p2a: Salamence|Defog|p1a: Corsola-Kanye
|-unboost|p1a: Corsola-Kanye|evasion|1
|-sideend|p2: DarkHorse344|Stealth Rock|[from] move: Defog|[of] p2a: Salamence
|move|p1a: Corsola-Kanye|Teleport|p1a: Corsola-Kanye
|
|t:|1668094968
|switch|p1a: Gateskeeper|Hydreigon, F|100/100|[from]move: Teleport
|
|-weather|RainDance|[upkeep]
|upkeep
|turn|13
|
|t:|1668094982
|move|p2a: Salamence|Draco Meteor|p1a: Gateskeeper
|-supereffective|p1a: Gateskeeper
|-damage|p1a: Gateskeeper|0 fnt
|-unboost|p2a: Salamence|spa|2
|faint|p1a: Gateskeeper
|
|-weather|RainDance|[upkeep]
|upkeep
|
|t:|1668094986
|switch|p1a: Diggs W|Crawdaunt, M|100/100
|turn|14
|
|t:|1668094998
|switch|p2a: Amoonguss|Amoonguss, M|100/100
|move|p1a: Diggs W|Knock Off|p2a: Amoonguss
|-damage|p2a: Amoonguss|52/100
|
|-weather|RainDance|[upkeep]
|upkeep
|turn|15
|
|t:|1668095007
|switch|p1a: Corsola-Kanye|Chansey, F|83/100
|move|p2a: Amoonguss|Spore|p1a: Corsola-Kanye
|-status|p1a: Corsola-Kanye|slp|[from] move: Spore
|
|-weather|RainDance|[upkeep]
|upkeep
|turn|16
|
|t:|1668095011
|move|p2a: Amoonguss|Spore|p1a: Corsola-Kanye
|-fail|p1a: Corsola-Kanye|slp
|cant|p1a: Corsola-Kanye|slp
|
|-weather|none
|upkeep
|turn|17
|
|t:|1668095013
|move|p2a: Amoonguss|Giga Drain|p1a: Corsola-Kanye
|-damage|p1a: Corsola-Kanye|76/100 slp
|-heal|p2a: Amoonguss|58/100|[from] drain|[of] p1a: Corsola-Kanye
|cant|p1a: Corsola-Kanye|slp
|
|upkeep
|turn|18
|
|t:|1668095016
|cant|p1a: Corsola-Kanye|slp
|move|p2a: Amoonguss|Spore|p1a: Corsola-Kanye
|-fail|p1a: Corsola-Kanye|slp
|
|upkeep
|turn|19
|
|t:|1668095021
|-curestatus|p1a: Corsola-Kanye|slp|[msg]
|move|p1a: Corsola-Kanye|Thunder Wave|p2a: Amoonguss
|-status|p2a: Amoonguss|par
|move|p2a: Amoonguss|Spore|p1a: Corsola-Kanye
|-status|p1a: Corsola-Kanye|slp|[from] move: Spore
|
|upkeep
|turn|20
|
|t:|1668095025
|switch|p2a: Politoed|Politoed, F|100/100
|-weather|RainDance|[from] ability: Drizzle|[of] p2a: Politoed
|cant|p1a: Corsola-Kanye|slp
|
|-weather|RainDance|[upkeep]
|upkeep
|turn|21
|
|t:|1668095028
|switch|p2a: Kabutops|Kabutops, F|52/100 brn
|-curestatus|p1a: Corsola-Kanye|slp|[msg]
|move|p1a: Corsola-Kanye|Teleport|p1a: Corsola-Kanye
|
|t:|1668095034
|switch|p1a: Ragna Blade|Keldeo-Resolute|100/100|[from]move: Teleport
|
|-weather|RainDance|[upkeep]
|-damage|p2a: Kabutops|46/100 brn|[from] brn
|upkeep
|turn|22
|
|t:|1668095053
|switch|p2a: Kingdra|Kingdra, F|100/100
|move|p1a: Ragna Blade|Secret Sword|p2a: Kingdra
|-damage|p2a: Kingdra|44/100
|
|-weather|RainDance|[upkeep]
|upkeep
|turn|23
|
|t:|1668095058
|switch|p1a: Corsola-Kanye|Chansey, F|76/100
|move|p2a: Kingdra|Flip Turn|p1a: Corsola-Kanye
|-damage|p1a: Corsola-Kanye|60/100
|
|t:|1668095060
|switch|p2a: Kabutops|Kabutops, F|46/100 brn|[from]move: Flip Turn
|
|-weather|RainDance|[upkeep]
|-damage|p2a: Kabutops|40/100 brn|[from] brn
|upkeep
|turn|24
|
|t:|1668095075
|switch|p1a: Diggs W|Crawdaunt, M|100/100
|move|p2a: Kabutops|Swords Dance|p2a: Kabutops
|-boost|p2a: Kabutops|atk|2
|
|-weather|RainDance|[upkeep]
|-damage|p2a: Kabutops|34/100 brn|[from] brn
|upkeep
|turn|25
|
|t:|1668095080
|switch|p2a: Salamence|Salamence, M|100/100
|-ability|p2a: Salamence|Intimidate|boost
|-unboost|p1a: Diggs W|atk|1
|move|p1a: Diggs W|Aqua Jet|p2a: Salamence
|-resisted|p2a: Salamence
|-damage|p2a: Salamence|77/100
|
|-weather|RainDance|[upkeep]
|upkeep
|turn|26
|
|t:|1668095097
|switch|p2a: Kabutops|Kabutops, F|34/100 brn
|switch|p1a: Corsola-Kanye|Chansey, F|60/100
|
|-weather|RainDance|[upkeep]
|-damage|p2a: Kabutops|28/100 brn|[from] brn
|upkeep
|turn|27
|
|t:|1668095102
|switch|p1a: Ragna Blade|Keldeo-Resolute|100/100
|move|p2a: Kabutops|Liquidation|p1a: Ragna Blade
|-resisted|p1a: Ragna Blade
|-damage|p1a: Ragna Blade|75/100
|-unboost|p1a: Ragna Blade|def|1
|-damage|p2a: Kabutops|18/100 brn|[from] item: Life Orb
|
|-weather|none
|-heal|p1a: Ragna Blade|81/100|[from] item: Leftovers
|-damage|p2a: Kabutops|12/100 brn|[from] brn
|upkeep
|turn|28
|
|t:|1668095112
|switch|p2a: Politoed|Politoed, F|100/100
|-weather|RainDance|[from] ability: Drizzle|[of] p2a: Politoed
|move|p1a: Ragna Blade|Flip Turn|p2a: Politoed
|-resisted|p2a: Politoed
|-damage|p2a: Politoed|92/100
|
|t:|1668095113
|switch|p1a: Diggs W|Crawdaunt, M|100/100|[from]move: Flip Turn
|
|-weather|RainDance|[upkeep]
|upkeep
|turn|29
|
|t:|1668095119
|switch|p2a: Amoonguss|Amoonguss, M|91/100 par
|move|p1a: Diggs W|Knock Off|p2a: Amoonguss
|-damage|p2a: Amoonguss|39/100 par
|
|-weather|RainDance|[upkeep]
|upkeep
|turn|30
|
|t:|1668095130
|switch|p2a: Kabutops|Kabutops, F|12/100 brn
|move|p1a: Diggs W|Knock Off|p2a: Kabutops
|-damage|p2a: Kabutops|0 fnt
|-enditem|p2a: Kabutops|Life Orb|[from] move: Knock Off|[of] p1a: Diggs W
|faint|p2a: Kabutops
|
|-weather|RainDance|[upkeep]
|upkeep
|inactive|DarkHorse344 has 120 seconds left.
|
|t:|1668095163
|switch|p2a: Kingdra|Kingdra, F|44/100
|turn|31
|inactive|DarkHorse344 has 120 seconds left.
|
|t:|1668095170
|switch|p1a: Corsola-Kanye|Chansey, F|60/100
|move|p2a: Kingdra|Surf|p1a: Corsola-Kanye
|-damage|p1a: Corsola-Kanye|30/100
|
|-weather|RainDance|[upkeep]
|upkeep
|turn|32
|
|t:|1668095172
|move|p2a: Kingdra|Surf|p1a: Corsola-Kanye
|-damage|p1a: Corsola-Kanye|0 fnt
|faint|p1a: Corsola-Kanye
|
|-weather|RainDance|[upkeep]
|upkeep
|
|t:|1668095178
|switch|p1a: Diggs W|Crawdaunt, M|100/100
|turn|33
|
|t:|1668095198
|switch|p2a: Salamence|Salamence, M|77/100
|-ability|p2a: Salamence|Intimidate|boost
|-unboost|p1a: Diggs W|atk|1
|move|p1a: Diggs W|Knock Off|p2a: Salamence
|-damage|p2a: Salamence|10/100
|-enditem|p2a: Salamence|Heavy-Duty Boots|[from] move: Knock Off|[of] p1a: Diggs W
|
|-weather|RainDance|[upkeep]
|upkeep
|turn|34
|
|t:|1668095211
|move|p2a: Salamence|Hurricane|p1a: Diggs W
|-damage|p1a: Diggs W|18/100
|move|p1a: Diggs W|Knock Off|p2a: Salamence
|-damage|p2a: Salamence|0 fnt
|faint|p2a: Salamence
|
|-weather|RainDance|[upkeep]
|upkeep
|inactive|DarkHorse344 has 120 seconds left.
|
|t:|1668095222
|switch|p2a: Kingdra|Kingdra, F|44/100
|turn|35
|inactive|DarkHorse344 has 120 seconds left.
|
|t:|1668095238
|switch|p1a: If you switch conk|Corsola-Galar, M|94/100 tox
|move|p2a: Kingdra|Hurricane|p1a: If you switch conk
|-crit|p1a: If you switch conk
|-damage|p1a: If you switch conk|41/100 tox
|
|-weather|none
|-damage|p1a: If you switch conk|35/100 tox|[from] psn
|upkeep
|turn|36
|inactive|DarkHorse344 has 120 seconds left.
|
|t:|1668095245
|move|p2a: Kingdra|Hurricane|p1a: If you switch conk
|-damage|p1a: If you switch conk|0 fnt
|faint|p1a: If you switch conk
|
|upkeep
|
|t:|1668095249
|switch|p1a: Ragna Blade|Keldeo-Resolute|81/100
|turn|37
|
|t:|1668095254
|switch|p2a: Politoed|Politoed, F|92/100
|-weather|RainDance|[from] ability: Drizzle|[of] p2a: Politoed
|move|p1a: Ragna Blade|Secret Sword|p2a: Politoed
|-damage|p2a: Politoed|60/100
|
|-weather|RainDance|[upkeep]
|-heal|p1a: Ragna Blade|87/100|[from] item: Leftovers
|upkeep
|turn|38
|
|t:|1668095260
|switch|p2a: Amoonguss|Amoonguss, M|73/100 par
|move|p1a: Ragna Blade|Taunt|p2a: Amoonguss
|-start|p2a: Amoonguss|move: Taunt
|
|-weather|RainDance|[upkeep]
|-heal|p1a: Ragna Blade|94/100|[from] item: Leftovers
|upkeep
|turn|39
|
|t:|1668095265
|move|p1a: Ragna Blade|Flip Turn|p2a: Amoonguss
|-resisted|p2a: Amoonguss
|-damage|p2a: Amoonguss|64/100 par
|
|t:|1668095266
|switch|p1a: r|Salamence, M|100/100|[from]move: Flip Turn
|-ability|p1a: r|Intimidate|boost
|-unboost|p2a: Amoonguss|atk|1
|move|p2a: Amoonguss|Sludge Bomb|p1a: r
|-damage|p1a: r|74/100
|-status|p1a: r|psn
|
|-weather|RainDance|[upkeep]
|-damage|p1a: r|61/100 psn|[from] psn
|upkeep
|turn|40
|
|t:|1668095274
|move|p1a: r|Roost|p1a: r
|-heal|p1a: r|100/100 psn
|-singleturn|p1a: r|move: Roost
|move|p2a: Amoonguss|Foul Play|p1a: r
|-damage|p1a: r|82/100 psn
|
|-weather|RainDance|[upkeep]
|-damage|p1a: r|70/100 psn|[from] psn
|-end|p2a: Amoonguss|move: Taunt
|upkeep
|turn|41
|
|t:|1668095279
|move|p1a: r|Roost|p1a: r
|-heal|p1a: r|100/100 psn
|-singleturn|p1a: r|move: Roost
|move|p2a: Amoonguss|Sludge Bomb|p1a: r
|-damage|p1a: r|71/100 psn
|
|-weather|RainDance|[upkeep]
|-damage|p1a: r|59/100 psn|[from] psn
|upkeep
|turn|42
|
|t:|1668095282
|move|p1a: r|Flamethrower|p2a: Amoonguss
|-supereffective|p2a: Amoonguss
|-damage|p2a: Amoonguss|43/100 par
|cant|p2a: Amoonguss|par
|
|-weather|RainDance|[upkeep]
|-damage|p1a: r|46/100 psn|[from] psn
|upkeep
|turn|43
|
|t:|1668095288
|switch|p2a: Tornadus|Tornadus, M|100/100
|move|p1a: r|Roost|p1a: r
|-heal|p1a: r|96/100 psn
|-singleturn|p1a: r|move: Roost
|
|-weather|RainDance|[upkeep]
|-damage|p1a: r|84/100 psn|[from] psn
|upkeep
|turn|44
|
|t:|1668095290
|move|p2a: Tornadus|Hurricane|p1a: r
|-damage|p1a: r|3/100 psn
|move|p1a: r|Toxic|p2a: Tornadus
|-status|p2a: Tornadus|tox
|
|-weather|none
|-damage|p2a: Tornadus|94/100 tox|[from] psn
|-damage|p1a: r|0 fnt|[from] psn
|faint|p1a: r
|upkeep
|
|t:|1668095295
|switch|p1a: Diggs W|Crawdaunt, M|18/100
|turn|45
|
|t:|1668095316
|move|p1a: Diggs W|Aqua Jet|p2a: Tornadus
|-damage|p2a: Tornadus|32/100 tox
|move|p2a: Tornadus|Hurricane|p1a: Diggs W
|-damage|p1a: Diggs W|0 fnt
|faint|p1a: Diggs W
|
|-damage|p2a: Tornadus|20/100 tox|[from] psn
|upkeep
|
|t:|1668095318
|switch|p1a: Ragna Blade|Keldeo-Resolute|94/100
|turn|46
|
|t:|1668095322
|switch|p2a: Politoed|Politoed, F|60/100
|-weather|RainDance|[from] ability: Drizzle|[of] p2a: Politoed
|move|p1a: Ragna Blade|Scald|p2a: Politoed
|-resisted|p2a: Politoed
|-damage|p2a: Politoed|31/100
|
|-weather|RainDance|[upkeep]
|-heal|p1a: Ragna Blade|99/100|[from] item: Leftovers
|upkeep
|turn|47
|
|t:|1668095328
|move|p1a: Ragna Blade|Secret Sword|p2a: Politoed
|-damage|p2a: Politoed|0 fnt
|faint|p2a: Politoed
|
|-weather|RainDance|[upkeep]
|-heal|p1a: Ragna Blade|100/100|[from] item: Leftovers
|upkeep
|
|t:|1668095330
|switch|p2a: Tornadus|Tornadus, M|20/100 tox
|turn|48
|
|t:|1668095332
|move|p2a: Tornadus|Hurricane|p1a: Ragna Blade
|-supereffective|p1a: Ragna Blade
|-damage|p1a: Ragna Blade|0 fnt
|faint|p1a: Ragna Blade
|
|win|DarkHorse344
|raw|GryphonEx's rating: 1453 &rarr; <strong>1441</strong><br />(-12 for losing)
|raw|DarkHorse344's rating: 1599 &rarr; <strong>1611</strong><br />(+12 for winning)
|l|☆GryphonEx
|c|☆DarkHorse344|gg!
||Ladder isn't responding, score probably updated but might not have (Request timeout).
