|j|☆Mec randome
|j|☆Low Ladder Terror
|t:|1605918844
|player|p1|Mec randome|clerk-boss|1511
|player|p2|Low Ladder Terror|teamrocket|1558
|teamsize|p1|6
|teamsize|p2|6
|gametype|singles
|gen|8
|tier|[Gen 8] UU
|rated|
|clearpoke
|poke|p1|Scizor, M|
|poke|p1|Kommo-o, M|
|poke|p1|Rotom-Heat|
|poke|p1|Zeraora|
|poke|p1|Nidoqueen, F|
|poke|p1|Kyurem|
|poke|p2|Articuno-Galar|
|poke|p2|Klefki, M|
|poke|p2|Tentacruel, M|
|poke|p2|Krookodile, F|
|poke|p2|Salamence, F|
|poke|p2|Zeraora|
|rule|Sleep Clause Mod: Limit one foe put to sleep
|rule|Species Clause: Limit one of each Pokémon
|rule|OHKO Clause: OHKO moves are banned
|rule|Evasion Moves Clause: Evasion moves are banned
|rule|Endless Battle Clause: Forcing endless battles is banned
|rule|HP Percentage Mod: HP is shown in percentages
|rule|Dynamax Clause: You cannot dynamax
|teampreview
|inactive|Battle timer is ON: inactive players will automatically lose when time's up. (requested by Low Ladder Terror)
|inactive|Low Ladder Terror has 120 seconds left.
|
|t:|1605918891
|start
|switch|p1a: Kyurem|Kyurem|100/100
|switch|p2a: Klefki|Klefki, M|100/100
|-ability|p1a: Kyurem|Pressure
|turn|1
|
|t:|1605918905
|move|p2a: Klefki|Thunder Wave|p1a: Kyurem|[miss]
|-miss|p2a: Klefki|p1a: Kyurem
|move|p1a: Kyurem|Earth Power|p2a: Klefki
|-supereffective|p2a: Klefki
|-damage|p2a: Klefki|15/100
|
|-heal|p2a: Klefki|21/100|[from] item: Leftovers
|upkeep
|turn|2
|
|t:|1605918913
|switch|p1a: Zeraora|Zeraora|100/100
|switch|p2a: Articuno|Articuno-Galar|100/100
|
|upkeep
|turn|3
|
|t:|1605918919
|switch|p2a: Krookodile|Krookodile, F|100/100
|-ability|p2a: Krookodile|Intimidate|boost
|-unboost|p1a: Zeraora|atk|1
|move|p1a: Zeraora|Knock Off|p2a: Krookodile
|-resisted|p2a: Krookodile
|-damage|p2a: Krookodile|87/100
|-damage|p1a: Zeraora|84/100|[from] item: Rocky Helmet|[of] p2a: Krookodile
|-enditem|p2a: Krookodile|Rocky Helmet|[from] move: Knock Off|[of] p1a: Zeraora
|
|upkeep
|turn|4
|
|t:|1605918928
|switch|p1a: Kyurem|Kyurem|100/100
|-ability|p1a: Kyurem|Pressure
|move|p2a: Krookodile|Stealth Rock|p1a: Kyurem
|-sidestart|p1: Mec randome|move: Stealth Rock
|
|upkeep
|turn|5
|
|t:|1605918940
|move|p1a: Kyurem|Freeze-Dry|p2a: Krookodile
|-supereffective|p2a: Krookodile
|-damage|p2a: Krookodile|0 fnt
|faint|p2a: Krookodile
|
|upkeep
|j| Hundiri miri
|inactive|Low Ladder Terror has 120 seconds left.
|
|t:|1605918981
|switch|p2a: Salamence|Salamence, F|100/100
|turn|6
|
|t:|1605918987
|move|p2a: Salamence|Outrage|p1a: Kyurem
|-supereffective|p1a: Kyurem
|-damage|p1a: Kyurem|0 fnt
|faint|p1a: Kyurem
|-ability|p2a: Salamence|Moxie|boost
|-boost|p2a: Salamence|atk|1
|
|upkeep
|
|t:|1605918995
|switch|p1a: Scizor|Scizor, M|100/100
|-damage|p1a: Scizor|88/100|[from] Stealth Rock
|turn|7
|
|t:|1605919002
|move|p2a: Salamence|Outrage|p1a: Scizor|[from]lockedmove
|-resisted|p1a: Scizor
|-damage|p1a: Scizor|38/100
|-start|p2a: Salamence|confusion|[fatigue]
|move|p1a: Scizor|Defog|p2a: Salamence
|-unboost|p2a: Salamence|evasion|1
|-sideend|p1: Mec randome|Stealth Rock|[from] move: Defog|[of] p1a: Scizor
|
|-heal|p1a: Scizor|44/100|[from] item: Leftovers
|upkeep
|turn|8
|
|t:|1605919011
|move|p1a: Scizor|Bullet Punch|p2a: Salamence
|-damage|p2a: Salamence|69/100
|-activate|p2a: Salamence|confusion
|move|p2a: Salamence|Outrage|p1a: Scizor
|-resisted|p1a: Scizor
|-damage|p1a: Scizor|0 fnt
|faint|p1a: Scizor
|-ability|p2a: Salamence|Moxie|boost
|-boost|p2a: Salamence|atk|1
|
|upkeep
|
|t:|1605919020
|switch|p1a: Zeraora|Zeraora|84/100
|turn|9
|
|t:|1605919022
|-activate|p2a: Salamence|confusion
|move|p2a: Salamence|Outrage|p1a: Zeraora|[from]lockedmove
|-damage|p1a: Zeraora|0 fnt
|faint|p1a: Zeraora
|-ability|p2a: Salamence|Moxie|boost
|-boost|p2a: Salamence|atk|1
|
|upkeep
|
|t:|1605919031
|switch|p1a: Kommo-o|Kommo-o, M|100/100
|turn|10
|
|t:|1605919034
|-activate|p2a: Salamence|confusion
|move|p2a: Salamence|Outrage|p1a: Kommo-o|[from]lockedmove
|-supereffective|p1a: Kommo-o
|-damage|p1a: Kommo-o|0 fnt
|-damage|p2a: Salamence|52/100|[from] item: Rocky Helmet|[of] p1a: Kommo-o
|faint|p1a: Kommo-o
|-ability|p2a: Salamence|Moxie|boost
|-boost|p2a: Salamence|atk|1
|
|upkeep
|c|☆Mec randome|Cmon
|c|☆Low Ladder Terror|cmon what
|j| RogerBuster
|c|☆Mec randome|Hurt
|
|t:|1605919063
|switch|p1a: Rotom|Rotom-Heat|100/100
|turn|11
|c| Hundiri miri|He relied on confusion
|c|☆Low Ladder Terror|i wouldnt have had to do this if you didnt dodge twave turn 1
|
|t:|1605919090
|-end|p2a: Salamence|confusion
|move|p2a: Salamence|Outrage|p1a: Rotom
|-damage|p1a: Rotom|0 fnt
|faint|p1a: Rotom
|-ability|p2a: Salamence|Moxie|boost
|-boost|p2a: Salamence|atk|1
|
|upkeep
|c|☆Mec randome|Woah
|
|t:|1605919095
|switch|p1a: Nidoqueen|Nidoqueen, F|100/100
|turn|12
|c|☆Low Ladder Terror|gg
|
|t:|1605919106
|move|p2a: Salamence|Outrage|p1a: Nidoqueen|[from]lockedmove
|-damage|p1a: Nidoqueen|0 fnt
|-start|p2a: Salamence|confusion|[fatigue]
|faint|p1a: Nidoqueen
|
|win|Low Ladder Terror
|c| Hundiri miri|Salamance 6-0
|c|☆Mec randome|No
|l|☆Mec randome
