|inactive|Battle timer is ON: inactive players will automatically lose when time's up.
|j|☆Milonna
|j|☆omgitsphill
|t:|1665524307
|gametype|singles
|player|p1|Milonna|pokemonbreederf-gen4|
|player|p2|omgitsphill|leon|
|teamsize|p1|6
|teamsize|p2|6
|gen|8
|tier|[Gen 8] UU
|rated|Tournament battle
|rule|Sleep Clause Mod: Limit one foe put to sleep
|rule|Species Clause: Limit one of each Pokémon
|rule|OHKO Clause: OHKO moves are banned
|rule|Evasion Items Clause: Evasion items are banned
|rule|Evasion Moves Clause: Evasion moves are banned
|rule|Endless Battle Clause: Forcing endless battles is banned
|rule|HP Percentage Mod: HP is shown in percentages
|rule|Dynamax Clause: You cannot dynamax
|rule|Blitz: Super-fast timer
|clearpoke
|poke|p1|Hippowdon, M|
|poke|p1|Zarude|
|poke|p1|Slowking, F|
|poke|p1|Salazzle, F|
|poke|p1|Salamence, M|
|poke|p1|Scizor, M|
|poke|p2|Metagross|
|poke|p2|Gyarados, M|
|poke|p2|Lycanroc-Dusk, M|
|poke|p2|Nihilego|
|poke|p2|Rotom-Wash|
|poke|p2|Zarude|
|teampreview
|inactive|Milonna also wants the timer to be on.
|j| Queen of Bean ✿
|j| Appleking123
|inactive|Milonna has 30 seconds left.
|j|+Celebiii
|
|t:|1665524323
|start
|switch|p1a: Scizor|Scizor, M|100/100
|switch|p2a: Zarude|Zarude|100/100
|turn|1
|inactive|Milonna has 10 seconds left.
|
|t:|1665524328
|switch|p1a: Salamence|Salamence, M|100/100
|-ability|p1a: Salamence|Intimidate|boost
|-unboost|p2a: Zarude|atk|1
|move|p2a: Zarude|U-turn|p1a: Salamence
|-resisted|p1a: Salamence
|-damage|p1a: Salamence|94/100
|
|t:|1665524332
|switch|p2a: Nihilego|Nihilego, shiny|100/100|[from]move: U-turn
|
|upkeep
|turn|2
|
|t:|1665524335
|switch|p1a: Hippowdon|Hippowdon, M|100/100
|-weather|Sandstorm|[from] ability: Sand Stream|[of] p1a: Hippowdon
|move|p2a: Nihilego|Meteor Beam||[still]
|-prepare|p2a: Nihilego|Meteor Beam
|-boost|p2a: Nihilego|spa|1
|-enditem|p2a: Nihilego|Power Herb
|-anim|p2a: Nihilego|Meteor Beam|p1a: Hippowdon
|-resisted|p1a: Hippowdon
|-crit|p1a: Hippowdon
|-damage|p1a: Hippowdon|49/100
|
|-weather|Sandstorm|[upkeep]
|-heal|p1a: Hippowdon|55/100|[from] item: Leftovers
|upkeep
|turn|3
|
|t:|1665524339
|switch|p1a: Scizor|Scizor, M|100/100
|move|p2a: Nihilego|Sludge Wave|p1a: Scizor
|-immune|p1a: Scizor
|
|-weather|Sandstorm|[upkeep]
|upkeep
|turn|4
|j|%pokemonisfun
|
|t:|1665524344
|move|p2a: Nihilego|Thunderbolt|p1a: Scizor
|-damage|p1a: Scizor|55/100
|move|p1a: Scizor|Knock Off|p2a: Nihilego
|-damage|p2a: Nihilego|65/100
|
|-weather|Sandstorm|[upkeep]
|upkeep
|turn|5
|
|t:|1665524347
|move|p1a: Scizor|Bullet Punch|p2a: Nihilego
|-supereffective|p2a: Nihilego
|-damage|p2a: Nihilego|0 fnt
|faint|p2a: Nihilego
|
|-weather|Sandstorm|[upkeep]
|upkeep
|
|t:|1665524351
|switch|p2a: Gyarados|Gyarados, M, shiny|100/100
|turn|6
|
|t:|1665524355
|switch|p1a: Zarude|Zarude|100/100
|move|p2a: Gyarados|Dragon Dance|p2a: Gyarados
|-boost|p2a: Gyarados|atk|1
|-boost|p2a: Gyarados|spe|1
|
|-weather|none
|upkeep
|turn|7
|
|t:|1665524359
|move|p2a: Gyarados|Scale Shot|p1a: Zarude
|-damage|p1a: Zarude|89/100
|-damage|p1a: Zarude|77/100
|-hitcount|p1a: Zarude|2
|-unboost|p2a: Gyarados|def|1
|-boost|p2a: Gyarados|spe|1
|move|p1a: Zarude|Power Whip|p2a: Gyarados
|-damage|p2a: Gyarados|0 fnt
|faint|p2a: Gyarados
|
|upkeep
|
|t:|1665524364
|switch|p2a: Metagross|Metagross, shiny|100/100
|turn|8
|c|☆Milonna|,
|c|%pokemonisfun|NOOOOO
|c|%pokemonisfun|scaleshotter
|
|t:|1665524368
|switch|p1a: Slowking|Slowking, F|100/100
|move|p2a: Metagross|Agility|p2a: Metagross
|-boost|p2a: Metagross|spe|2
|
|upkeep
|turn|9
|c| Queen of Bean ✿|:<
|
|t:|1665524373
|move|p2a: Metagross|Earthquake|p1a: Slowking
|-damage|p1a: Slowking|71/100
|move|p1a: Slowking|Thunder Wave|p2a: Metagross
|-status|p2a: Metagross|par
|
|upkeep
|turn|10
|
|t:|1665524375
|move|p2a: Metagross|Earthquake|p1a: Slowking
|-damage|p1a: Slowking|42/100
|move|p1a: Slowking|Teleport|p1a: Slowking
|c| Appleking123|what the hell
|j|+hariyana grande
|
|t:|1665524377
|switch|p1a: Salazzle|Salazzle, F|100/100|[from]move: Teleport
|
|upkeep
|turn|11
|
|t:|1665524381
|move|p1a: Salazzle|Flamethrower|p2a: Metagross
|-supereffective|p2a: Metagross
|-damage|p2a: Metagross|0 fnt
|faint|p2a: Metagross
|
|upkeep
|
|t:|1665524383
|switch|p2a: Lycanroc|Lycanroc-Dusk, M|100/100
|turn|12
|l|+hariyana grande
|
|t:|1665524387
|move|p1a: Salazzle|Sludge Bomb|p2a: Lycanroc
|-resisted|p2a: Lycanroc
|-damage|p2a: Lycanroc|68/100
|move|p2a: Lycanroc|Swords Dance|p2a: Lycanroc
|-boost|p2a: Lycanroc|atk|2
|
|upkeep
|turn|13
|
|t:|1665524389
|move|p2a: Lycanroc|Accelerock|p1a: Salazzle
|-supereffective|p1a: Salazzle
|-damage|p1a: Salazzle|0 fnt
|faint|p1a: Salazzle
|-damage|p2a: Lycanroc|58/100|[from] item: Life Orb
|
|upkeep
|c| Queen of Bean ✿|naurr this is not okay
|
|t:|1665524394
|switch|p1a: Salamence|Salamence, M|94/100
|-ability|p1a: Salamence|Intimidate|boost
|-unboost|p2a: Lycanroc|atk|1
|turn|14
|
|t:|1665524397
|move|p2a: Lycanroc|Accelerock|p1a: Salamence
|-supereffective|p1a: Salamence
|-crit|p1a: Salamence
|-damage|p1a: Salamence|0 fnt
|faint|p1a: Salamence
|-damage|p2a: Lycanroc|48/100|[from] item: Life Orb
|
|upkeep
|
|t:|1665524399
|switch|p1a: Scizor|Scizor, M|55/100
|turn|15
|
|t:|1665524401
|move|p2a: Lycanroc|Sucker Punch|p1a: Scizor
|-damage|p1a: Scizor|0 fnt
|faint|p1a: Scizor
|-damage|p2a: Lycanroc|38/100|[from] item: Life Orb
|
|upkeep
|c|☆Milonna|,
|c|☆Milonna|oh god
|inactive|Milonna has 10 seconds left.
|c|%pokemonisfun|nani
|
|t:|1665524410
|switch|p1a: Slowking|Slowking, F|75/100
|turn|16
|
|t:|1665524414
|switch|p2a: Rotom|Rotom-Wash|100/100
|move|p1a: Slowking|Scald|p2a: Rotom
|-resisted|p2a: Rotom
|-damage|p2a: Rotom|81/100
|
|upkeep
|turn|17
|
|t:|1665524417
|move|p2a: Rotom|Volt Switch|p1a: Slowking
|-supereffective|p1a: Slowking
|-damage|p1a: Slowking|29/100
|
|t:|1665524419
|switch|p2a: Zarude|Zarude|100/100|[from]move: Volt Switch
|move|p1a: Slowking|Teleport|p1a: Slowking
|c| Queen of Bean ✿|that turned around fast
|
|t:|1665524420
|switch|p1a: Zarude|Zarude|77/100|[from]move: Teleport
|
|upkeep
|turn|18
|
|t:|1665524422
|move|p2a: Zarude|U-turn|p1a: Zarude
|-supereffective|p1a: Zarude
|-damage|p1a: Zarude|0 fnt
|faint|p1a: Zarude
|
|t:|1665524425
|switch|p2a: Lycanroc|Lycanroc-Dusk, M|38/100|[from]move: U-turn
|
|upkeep
|c| Appleking123|well
|
|t:|1665524429
|switch|p1a: Hippowdon|Hippowdon, M|55/100
|-weather|Sandstorm|[from] ability: Sand Stream|[of] p1a: Hippowdon
|turn|19
|c| Appleking123|this was a game
|c|%pokemonisfun|holyshit
|c|☆omgitsphill|i thought i lost
|
|t:|1665524432
|move|p2a: Lycanroc|Sucker Punch||[still]
|-fail|p2a: Lycanroc
|move|p1a: Hippowdon|Slack Off|p1a: Hippowdon
|-heal|p1a: Hippowdon|100/100
|
|-weather|Sandstorm|[upkeep]
|upkeep
|turn|20
|c|%pokemonisfun|metagross HO did it
|inactive|Milonna has 10 seconds left.
|
|t:|1665524438
|move|p2a: Lycanroc|Close Combat|p1a: Hippowdon
|-damage|p1a: Hippowdon|56/100
|-unboost|p2a: Lycanroc|def|1
|-unboost|p2a: Lycanroc|spd|1
|-damage|p2a: Lycanroc|28/100|[from] item: Life Orb
|move|p1a: Hippowdon|Stealth Rock|p2a: Lycanroc
|-sidestart|p2: omgitsphill|move: Stealth Rock
|
|-weather|Sandstorm|[upkeep]
|-heal|p1a: Hippowdon|63/100|[from] item: Leftovers
|upkeep
|turn|21
|c| Queen of Bean ✿|metagod
|c|☆Milonna|am i rly losing this
|inactive|Milonna has 10 seconds left.
|
|t:|1665524445
|move|p2a: Lycanroc|Swords Dance|p2a: Lycanroc
|-boost|p2a: Lycanroc|atk|2
|move|p1a: Hippowdon|Slack Off|p1a: Hippowdon
|-heal|p1a: Hippowdon|100/100
|
|-weather|Sandstorm|[upkeep]
|upkeep
|turn|22
|
|t:|1665524447
|move|p2a: Lycanroc|Close Combat|p1a: Hippowdon
|-crit|p1a: Hippowdon
|-damage|p1a: Hippowdon|0 fnt
|-unboost|p2a: Lycanroc|def|1
|-unboost|p2a: Lycanroc|spd|1
|faint|p1a: Hippowdon
|-damage|p2a: Lycanroc|18/100|[from] item: Life Orb
|
|-weather|Sandstorm|[upkeep]
|upkeep
|c|☆Milonna|fzgbhnhgt'('y
|inactive|Milonna has 10 seconds left.
|-message|Milonna forfeited.
|
|win|omgitsphill
|n|☆Milonna|milonna
|n|☆omgitsphill|omgitsphill
|n| Queen of Bean ✿|queenofbean
|n| Appleking123|appleking123
|n| Celebiii|celebiii
|n| pokemonisfun|pokemonisfun
