|j|☆UU7L Adrift
|j|☆Lilburr
|t:|1601405976
|player|p1|UU7L Adrift|psychic-gen3|
|player|p2|Lilburr|shauntal|
|teamsize|p1|6
|teamsize|p2|6
|gametype|singles
|gen|8
|tier|[Gen 8] UU
|clearpoke
|poke|p1|Slowbro, M|
|poke|p1|Cobalion|
|poke|p1|Incineroar, M|
|poke|p1|Sylveon, F|
|poke|p1|Roserade, F|
|poke|p1|Noivern, F|
|poke|p2|Pincurchin, M|
|poke|p2|Raichu-Alola, F|
|poke|p2|Zarude|
|poke|p2|Cobalion|
|poke|p2|Noivern, F|
|poke|p2|Reuniclus, M|
|rule|Sleep Clause Mod: Limit one foe put to sleep
|rule|Species Clause: Limit one of each Pokémon
|rule|OHKO Clause: OHKO moves are banned
|rule|Evasion Moves Clause: Evasion moves are banned
|rule|Endless Battle Clause: Forcing endless battles is banned
|rule|HP Percentage Mod: HP is shown in percentages
|rule|Dynamax Clause: You cannot dynamax
|teampreview
|c|☆Lilburr|hf
|c|☆UU7L Adrift|You too
|c|☆UU7L Adrift|Its bo1 right
|c|☆Lilburr|yeah
|
|t:|1601406077
|start
|switch|p1a: Roserade|Roserade, F|100/100
|switch|p2a: Cobalion|Cobalion|100/100
|turn|1
|
|t:|1601406081
|move|p2a: Cobalion|Stealth Rock|p1a: Roserade
|-sidestart|p1: UU7L Adrift|move: Stealth Rock
|move|p1a: Roserade|Spikes|p2a: Cobalion
|-sidestart|p2: Lilburr|Spikes
|
|upkeep
|turn|2
|
|t:|1601406089
|move|p2a: Cobalion|Thunder Wave|p1a: Roserade
|-status|p1a: Roserade|par
|move|p1a: Roserade|Synthesis||[still]
|-fail|p1a: Roserade
|
|upkeep
|turn|3
|
|t:|1601406109
|switch|p2a: Pincurchin|Pincurchin, M|100/100
|-damage|p2a: Pincurchin|88/100|[from] Spikes
|-fieldstart|move: Electric Terrain|[from] ability: Electric Surge|[of] p2a: Pincurchin
|switch|p1a: Noivern|Noivern, F|100/100
|
|upkeep
|turn|4
|
|t:|1601406114
|move|p1a: Noivern|Draco Meteor|p2a: Pincurchin|[miss]
|-miss|p1a: Noivern|p2a: Pincurchin
|move|p2a: Pincurchin|Recover|p2a: Pincurchin
|-heal|p2a: Pincurchin|100/100
|
|upkeep
|turn|5
|
|t:|1601406122
|switch|p1a: Roserade|Roserade, F|100/100
|-damage|p1a: Roserade|88/100|[from] Stealth Rock
|move|p2a: Pincurchin|Recover||[still]
|-fail|p2a: Pincurchin|heal
|
|-heal|p1a: Roserade|94/100|[from] item: Black Sludge
|upkeep
|turn|6
|
|t:|1601406126
|move|p1a: Roserade|Sludge Bomb|p2a: Pincurchin
|-damage|p2a: Pincurchin|42/100
|-status|p2a: Pincurchin|psn
|move|p2a: Pincurchin|Rising Voltage|p1a: Roserade
|-resisted|p1a: Roserade
|-damage|p1a: Roserade|60/100
|
|-heal|p1a: Roserade|66/100|[from] item: Black Sludge
|-damage|p2a: Pincurchin|30/100 psn|[from] psn
|upkeep
|turn|7
|
|t:|1601406133
|switch|p2a: Cobalion|Cobalion|100/100
|-damage|p2a: Cobalion|88/100|[from] Spikes
|move|p1a: Roserade|Spikes|p2a: Cobalion
|-sidestart|p2: Lilburr|Spikes
|
|-heal|p1a: Roserade|72/100|[from] item: Black Sludge
|upkeep
|turn|8
|
|t:|1601406136
|move|p2a: Cobalion|Iron Head|p1a: Roserade
|-damage|p1a: Roserade|17/100
|move|p1a: Roserade|Synthesis|p1a: Roserade
|-heal|p1a: Roserade|66/100
|
|-heal|p1a: Roserade|73/100|[from] item: Black Sludge
|upkeep
|turn|9
|
|t:|1601406144
|switch|p1a: Noivern|Noivern, F|100/100
|move|p2a: Cobalion|Thunder Wave|p1a: Noivern|[miss]
|-miss|p2a: Cobalion|p1a: Noivern
|
|upkeep
|turn|10
|
|t:|1601406147
|move|p1a: Noivern|Flamethrower|p2a: Cobalion
|-supereffective|p2a: Cobalion
|-enditem|p2a: Cobalion|Occa Berry|[eat]
|-enditem|p2a: Cobalion|Occa Berry|[weaken]
|-damage|p2a: Cobalion|60/100
|move|p2a: Cobalion|Thunder Wave|p1a: Noivern
|-status|p1a: Noivern|par
|
|-fieldend|move: Electric Terrain
|upkeep
|turn|11
|
|t:|1601406153
|move|p2a: Cobalion|Iron Head|p1a: Noivern
|-damage|p1a: Noivern|63/100 par
|move|p1a: Noivern|Flamethrower|p2a: Cobalion
|-supereffective|p2a: Cobalion
|-damage|p2a: Cobalion|0 fnt
|faint|p2a: Cobalion
|
|upkeep
|
|t:|1601406158
|switch|p2a: Pincurchin|Pincurchin, M|30/100 psn
|-damage|p2a: Pincurchin|13/100 psn|[from] Spikes
|-fieldstart|move: Electric Terrain|[from] ability: Electric Surge|[of] p2a: Pincurchin
|turn|12
|
|t:|1601406165
|move|p1a: Noivern|Roost|p1a: Noivern
|-heal|p1a: Noivern|100/100 par
|-singleturn|p1a: Noivern|move: Roost
|move|p2a: Pincurchin|Recover|p2a: Pincurchin
|-heal|p2a: Pincurchin|63/100 psn
|
|-damage|p2a: Pincurchin|51/100 psn|[from] psn
|upkeep
|turn|13
|
|t:|1601406178
|switch|p1a: Sylveon|Sylveon, F|100/100
|-damage|p1a: Sylveon|88/100|[from] Stealth Rock
|move|p2a: Pincurchin|Recover|p2a: Pincurchin
|-heal|p2a: Pincurchin|100/100 psn
|
|-heal|p1a: Sylveon|94/100|[from] item: Leftovers
|-damage|p2a: Pincurchin|88/100 psn|[from] psn
|upkeep
|turn|14
|
|t:|1601406181
|move|p1a: Sylveon|Heal Bell|p1a: Sylveon
|-activate|p1a: Sylveon|move: Heal Bell
|-curestatus|p1: Noivern|par|[msg]
|move|p2a: Pincurchin|Rising Voltage|p1a: Sylveon
|-damage|p1a: Sylveon|54/100
|
|-heal|p1a: Sylveon|60/100|[from] item: Leftovers
|-damage|p2a: Pincurchin|76/100 psn|[from] psn
|upkeep
|turn|15
|
|t:|1601406184
|move|p1a: Sylveon|Wish|p1a: Sylveon
|move|p2a: Pincurchin|Rising Voltage|p1a: Sylveon
|-damage|p1a: Sylveon|20/100
|
|-heal|p1a: Sylveon|26/100|[from] item: Leftovers
|-damage|p2a: Pincurchin|63/100 psn|[from] psn
|upkeep
|turn|16
|
|t:|1601406189
|switch|p2a: Reuniclus|Reuniclus, M|100/100
|-enditem|p2a: Reuniclus|Electric Seed
|-boost|p2a: Reuniclus|def|1|[from] item: Electric Seed
|move|p1a: Sylveon|Protect||[still]
|-fail|p1a: Sylveon
|
|-heal|p1a: Sylveon|76/100|[from] move: Wish|[wisher] Sylveon
|-heal|p1a: Sylveon|82/100|[from] item: Leftovers
|upkeep
|turn|17
|
|t:|1601406193
|switch|p1a: Incineroar|Incineroar, M|100/100
|-ability|p1a: Incineroar|Intimidate|boost
|-unboost|p2a: Reuniclus|atk|1
|move|p2a: Reuniclus|Calm Mind|p2a: Reuniclus
|-boost|p2a: Reuniclus|spa|1
|-boost|p2a: Reuniclus|spd|1
|
|upkeep
|turn|18
|j| Polyphyletic
|
|t:|1601406200
|move|p1a: Incineroar|Parting Shot|p2a: Reuniclus
|-unboost|p2a: Reuniclus|atk|1
|-unboost|p2a: Reuniclus|spa|1
|
|t:|1601406203
|switch|p1a: Slowbro|Slowbro, M|100/100|[from]move: Parting Shot
|move|p2a: Reuniclus|Calm Mind|p2a: Reuniclus
|-boost|p2a: Reuniclus|spa|1
|-boost|p2a: Reuniclus|spd|1
|
|upkeep
|turn|19
|
|t:|1601406207
|move|p2a: Reuniclus|Calm Mind|p2a: Reuniclus
|-boost|p2a: Reuniclus|spa|1
|-boost|p2a: Reuniclus|spd|1
|move|p1a: Slowbro|Teleport|p1a: Slowbro
|
|t:|1601406209
|switch|p1a: Incineroar|Incineroar, M|100/100|[from]move: Teleport
|-ability|p1a: Incineroar|Intimidate|boost
|-unboost|p2a: Reuniclus|atk|1
|
|-fieldend|move: Electric Terrain
|upkeep
|turn|20
|
|t:|1601406211
|move|p1a: Incineroar|Parting Shot|p2a: Reuniclus
|-unboost|p2a: Reuniclus|atk|1
|-unboost|p2a: Reuniclus|spa|1
|
|t:|1601406214
|switch|p1a: Slowbro|Slowbro, M|100/100|[from]move: Parting Shot
|move|p2a: Reuniclus|Calm Mind|p2a: Reuniclus
|-boost|p2a: Reuniclus|spa|1
|-boost|p2a: Reuniclus|spd|1
|
|upkeep
|turn|21
|
|t:|1601406216
|move|p2a: Reuniclus|Focus Blast|p1a: Slowbro
|-resisted|p1a: Slowbro
|-damage|p1a: Slowbro|69/100
|move|p1a: Slowbro|Teleport|p1a: Slowbro
|
|t:|1601406219
|switch|p1a: Incineroar|Incineroar, M|100/100|[from]move: Teleport
|-ability|p1a: Incineroar|Intimidate|boost
|-unboost|p2a: Reuniclus|atk|1
|
|upkeep
|turn|22
|
|t:|1601406221
|move|p1a: Incineroar|Parting Shot|p2a: Reuniclus
|-unboost|p2a: Reuniclus|atk|1
|-unboost|p2a: Reuniclus|spa|1
|
|t:|1601406223
|switch|p1a: Slowbro|Slowbro, M|100/100|[from]move: Parting Shot
|move|p2a: Reuniclus|Calm Mind|p2a: Reuniclus
|-boost|p2a: Reuniclus|spa|1
|-boost|p2a: Reuniclus|spd|1
|
|upkeep
|turn|23
|
|t:|1601406226
|move|p2a: Reuniclus|Calm Mind|p2a: Reuniclus
|-boost|p2a: Reuniclus|spa|1
|-boost|p2a: Reuniclus|spd|1
|move|p1a: Slowbro|Teleport|p1a: Slowbro
|
|t:|1601406228
|switch|p1a: Incineroar|Incineroar, M|100/100|[from]move: Teleport
|-ability|p1a: Incineroar|Intimidate|boost
|-unboost|p2a: Reuniclus|atk|0
|
|upkeep
|turn|24
|
|t:|1601406231
|move|p1a: Incineroar|Parting Shot|p2a: Reuniclus
|-unboost|p2a: Reuniclus|atk|0
|-unboost|p2a: Reuniclus|spa|1
|
|t:|1601406234
|switch|p1a: Slowbro|Slowbro, M|100/100|[from]move: Parting Shot
|move|p2a: Reuniclus|Calm Mind|p2a: Reuniclus
|-boost|p2a: Reuniclus|spa|1
|-boost|p2a: Reuniclus|spd|0
|
|upkeep
|turn|25
|
|t:|1601406236
|switch|p1a: Incineroar|Incineroar, M|100/100
|-ability|p1a: Incineroar|Intimidate|boost
|-unboost|p2a: Reuniclus|atk|0
|move|p2a: Reuniclus|Calm Mind|p2a: Reuniclus
|-boost|p2a: Reuniclus|spa|1
|-boost|p2a: Reuniclus|spd|0
|
|upkeep
|turn|26
|
|t:|1601406238
|move|p1a: Incineroar|Parting Shot|p2a: Reuniclus
|-unboost|p2a: Reuniclus|atk|0
|-unboost|p2a: Reuniclus|spa|1
|
|t:|1601406240
|switch|p1a: Slowbro|Slowbro, M|100/100|[from]move: Parting Shot
|move|p2a: Reuniclus|Calm Mind|p2a: Reuniclus
|-boost|p2a: Reuniclus|spa|1
|-boost|p2a: Reuniclus|spd|0
|
|upkeep
|turn|27
|
|t:|1601406243
|move|p2a: Reuniclus|Calm Mind|p2a: Reuniclus
|-boost|p2a: Reuniclus|spa|1
|-boost|p2a: Reuniclus|spd|0
|move|p1a: Slowbro|Teleport|p1a: Slowbro
|
|t:|1601406259
|switch|p1a: Incineroar|Incineroar, M|100/100|[from]move: Teleport
|-ability|p1a: Incineroar|Intimidate|boost
|-unboost|p2a: Reuniclus|atk|0
|
|upkeep
|turn|28
|
|t:|1601406261
|move|p1a: Incineroar|Knock Off|p2a: Reuniclus
|-supereffective|p2a: Reuniclus
|-damage|p2a: Reuniclus|76/100
|move|p2a: Reuniclus|Calm Mind|p2a: Reuniclus
|-boost|p2a: Reuniclus|spa|1
|-boost|p2a: Reuniclus|spd|0
|
|upkeep
|turn|29
|
|t:|1601406267
|move|p1a: Incineroar|Knock Off|p2a: Reuniclus
|-supereffective|p2a: Reuniclus
|-damage|p2a: Reuniclus|51/100
|move|p2a: Reuniclus|Recover|p2a: Reuniclus
|-heal|p2a: Reuniclus|100/100
|
|upkeep
|turn|30
|
|t:|1601406271
|move|p1a: Incineroar|Parting Shot|p2a: Reuniclus
|-unboost|p2a: Reuniclus|atk|0
|-unboost|p2a: Reuniclus|spa|1
|
|t:|1601406273
|switch|p1a: Slowbro|Slowbro, M|100/100|[from]move: Parting Shot
|move|p2a: Reuniclus|Focus Blast|p1a: Slowbro|[miss]
|-miss|p2a: Reuniclus|p1a: Slowbro
|
|upkeep
|turn|31
|
|t:|1601406281
|switch|p1a: Incineroar|Incineroar, M|100/100
|-ability|p1a: Incineroar|Intimidate|boost
|-unboost|p2a: Reuniclus|atk|0
|move|p2a: Reuniclus|Stored Power|p1a: Incineroar
|-immune|p1a: Incineroar
|
|upkeep
|turn|32
|
|t:|1601406290
|move|p1a: Incineroar|Parting Shot|p2a: Reuniclus
|-unboost|p2a: Reuniclus|atk|0
|-unboost|p2a: Reuniclus|spa|1
|
|t:|1601406292
|switch|p1a: Slowbro|Slowbro, M|100/100|[from]move: Parting Shot
|move|p2a: Reuniclus|Calm Mind|p2a: Reuniclus
|-boost|p2a: Reuniclus|spa|1
|-boost|p2a: Reuniclus|spd|0
|
|upkeep
|turn|33
|
|t:|1601406296
|move|p2a: Reuniclus|Stored Power|p1a: Slowbro
|-resisted|p1a: Slowbro
|-damage|p1a: Slowbro|0 fnt
|faint|p1a: Slowbro
|
|upkeep
|c|☆UU7L Adrift|gg
|-message|UU7L Adrift forfeited.
|
|win|Lilburr
|c|☆Lilburr|gg
|l|☆UU7L Adrift
|l| Polyphyletic
