|html|<div class="broadcast-blue"><strong>[Gen 8] UU is currently suspecting Terrakion! For information on how to participate check out the <a href="https://www.smogon.com/forums/threads/np-ss-uu-stage-8-3-rack-city.3678591/">suspect thread</a>.</strong></div>
|j|☆Zephyyyr
|j|☆Starfire06
|t:|1614369236
|player|p1|Zephyyyr|richboy|
|player|p2|Starfire06|harlequin|
|teamsize|p1|6
|teamsize|p2|6
|gametype|singles
|gen|8
|tier|[Gen 8] UU
|clearpoke
|poke|p1|Slowking, F|
|poke|p1|Conkeldurr, F|
|poke|p1|Krookodile, F|
|poke|p1|Amoonguss, F|
|poke|p1|Rotom-Heat|
|poke|p1|Scizor, F|
|poke|p2|Salamence, M|
|poke|p2|Keldeo-Resolute|
|poke|p2|Victini|
|poke|p2|Krookodile, F|
|poke|p2|Amoonguss, F|
|poke|p2|Scizor, M|
|rule|Sleep Clause Mod: Limit one foe put to sleep
|rule|Species Clause: Limit one of each Pokémon
|rule|OHKO Clause: OHKO moves are banned
|rule|Evasion Moves Clause: Evasion moves are banned
|rule|Endless Battle Clause: Forcing endless battles is banned
|rule|HP Percentage Mod: HP is shown in percentages
|rule|Dynamax Clause: You cannot dynamax
|teampreview
|j| Sharow 水上
|j| Pheooo
|j| Arakd’eau ㋛
|j| Indercover
|j| Carmin06
|c|☆Zephyyyr|Stv
|j| Heenok Beausejour
|j| Draphirion
|c|☆Starfire06|hf
|j| Sir_wings
|j| HurtaDOO♥
|j| Raph369
|c|☆Starfire06|wtv
|j| Dflo
|j| BlazingDark
|j| TANG3NT
|c|☆Starfire06|stv
|j| thomas888
|j| HaxxSel
|j| KyogreF4N
|j| Ghostricker0197
|c| KyogreF4N|omg
|j| Skyrio
|j| General Ri Shin
|j| Damflame
|j| lulu qlf
|c| KyogreF4N|go les bros
|j| Horodro
|c| lulu qlf|Si Starfire a 1000 fans je suis l'un d'entre eux, si Starfire a 10 fans je suis l'un d'entre eux si Starfire a 1 seul fan alors c'est moi si Starfire n'a pas de fan ça veut dire que je suis mort si le monde est contre Starfire alors je suis contre le monde
|j| ironwater
|c| KyogreF4N|POUR LE CGANG
|j| RoiDadadou
|j| Wertsd26
|j| Astreau
|j| Oldcvcv
|j| lolo1306
|j| AGCL7 Simi
|j| ramolost
|j| Xizaaa
|j| Nultiprise
|c| HaxxSel|Si Zephyyyr a 1000 fans je suis l'un d'entre eux, si Zephyyyr a 10 fans je suis l'un d'entre eux si Zephyyyr a 1 seul fan alors c'est moi si Zephyyyr n'a pas de fan ça veut dire que je suis mort si le monde est contre Zephyyyr alors je suis contre le monde
|j| Masskeauuu
|j| Sylla2183
|j| Gouglou
|j| Remi25
|j| Artemis_V13
|j| winwinter suwuki
|j| Manobano
|j| Dieu Amphibien
|j| Solobigbagalert
|j| Smogonforever<3
|l| Artemis_V13
|inactive|Battle timer is ON: inactive players will automatically lose when time's up. (requested by Starfire06)
|j| GarsNarmol
|j| Guxo126
|j| Chicos
|j| BlessyZ
|j| tanglad
|c| Remi25|go
|j| Otark
|j| Eldeer
|j| Prodigezz
|c| lolo1306|Si Starfire a 1000 fans je suis l'un d'entre eux, si Starfire a 10 fans je suis l'un d'entre eux si Starfire a 1 seul fan alors c'est moi si Starfire n'a pas de fan ça veut dire que je suis mort si le monde est contre Starfire alors je suis contre le monde
|c| Smogonforever<3|Sa Août
|j| ANTLRY45
|j| Cherbou
|j| Ethox
|c| Smogonforever<3|Salut
|j| Bekaray 贝卡雷
|c| HurtaDOO♥|Si Starfire a 1000 fans je suis l'un d'entre eux, si Starfire a 10 fans je suis l'un d'entre eux si Starfire a 1 seul fan alors c'est moi si Starfire n'a pas de fan ça veut dire que je suis mort si le monde est contre Starfire alors je suis contre le monde
|
|t:|1614369309
|start
|switch|p1a: Scars|Amoonguss, F|100/100
|switch|p2a: Everyone|Amoonguss, F|100/100
|turn|1
|j| Lunar Awakening
|raw|<div class="broadcast-red"><strong>Moderated chat was set to +!</strong><br />Only users of rank + and higher can talk.</div>
|
|t:|1614369320
|switch|p2a: Optimiste|Scizor, M|100/100
|move|p1a: Scars|Sludge Bomb|p2a: Optimiste
|-immune|p2a: Optimiste
|
|upkeep
|turn|2
|
|t:|1614369325
|move|p2a: Optimiste|U-turn|p1a: Scars
|-damage|p1a: Scars|80/100
|-damage|p2a: Optimiste|84/100|[from] item: Rocky Helmet|[of] p1a: Scars
|
|t:|1614369328
|switch|p2a: Everyone|Amoonguss, F|100/100|[from]move: U-turn
|move|p1a: Scars|Spore|p2a: Everyone
|-immune|p2a: Everyone
|
|upkeep
|turn|3
|
|t:|1614369333
|move|p2a: Everyone|Sludge Bomb|p1a: Scars
|-damage|p1a: Scars|54/100
|move|p1a: Scars|Sludge Bomb|p2a: Everyone
|-damage|p2a: Everyone|74/100
|
|upkeep
|turn|4
|
|t:|1614369341
|switch|p1a: Blank Space|Scizor, F|100/100
|switch|p2a: Optimiste|Scizor, M|84/100
|
|upkeep
|turn|5
|
|t:|1614369363
|move|p1a: Blank Space|U-turn|p2a: Optimiste
|-resisted|p2a: Optimiste
|-damage|p2a: Optimiste|62/100
|
|t:|1614369366
|switch|p1a: Scars|Amoonguss, F|87/100|[from]move: U-turn
|move|p2a: Optimiste|U-turn|p1a: Scars
|-damage|p1a: Scars|65/100
|-damage|p2a: Optimiste|46/100|[from] item: Rocky Helmet|[of] p1a: Scars
|inactive|Starfire06 has 270 seconds left.
|
|t:|1614369392
|switch|p2a: Everyone|Amoonguss, F|100/100|[from]move: U-turn
|
|upkeep
|turn|6
|
|t:|1614369396
|switch|p1a: Blank Space|Scizor, F|100/100
|switch|p2a: Optimiste|Scizor, M|46/100
|
|upkeep
|turn|7
|
|t:|1614369401
|switch|p2a: Everyone|Amoonguss, F|100/100
|move|p1a: Blank Space|U-turn|p2a: Everyone
|-damage|p2a: Everyone|70/100
|-damage|p1a: Blank Space|84/100|[from] item: Rocky Helmet|[of] p2a: Everyone
|
|t:|1614369406
|switch|p1a: Bow Down|Conkeldurr, F|100/100|[from]move: U-turn
|
|-status|p1a: Bow Down|brn|[from] item: Flame Orb
|upkeep
|turn|8
|
|t:|1614369433
|move|p1a: Bow Down|Knock Off|p2a: Everyone
|-damage|p2a: Everyone|25/100
|-damage|p1a: Bow Down|84/100 brn|[from] item: Rocky Helmet|[of] p2a: Everyone
|-enditem|p2a: Everyone|Rocky Helmet|[from] move: Knock Off|[of] p1a: Bow Down
|move|p2a: Everyone|Sludge Bomb|p1a: Bow Down
|-damage|p1a: Bow Down|48/100 brn
|
|-damage|p1a: Bow Down|42/100 brn|[from] brn
|upkeep
|turn|9
|inactive|Starfire06 has 270 seconds left.
|
|t:|1614369460
|switch|p2a: Triomphant|Krookodile, F|100/100
|-ability|p2a: Triomphant|Intimidate|boost
|-unboost|p1a: Bow Down|atk|1
|move|p1a: Bow Down|Knock Off|p2a: Triomphant
|-resisted|p2a: Triomphant
|-damage|p2a: Triomphant|76/100
|-enditem|p2a: Triomphant|Life Orb|[from] move: Knock Off|[of] p1a: Bow Down
|
|-damage|p1a: Bow Down|36/100 brn|[from] brn
|upkeep
|turn|10
|
|t:|1614369483
|switch|p1a: Scars|Amoonguss, F|99/100
|move|p2a: Triomphant|Earthquake|p1a: Scars
|-damage|p1a: Scars|65/100
|
|upkeep
|turn|11
|
|t:|1614369502
|switch|p2a: Optimiste|Scizor, M|46/100
|move|p1a: Scars|Sludge Bomb|p2a: Optimiste
|-immune|p2a: Optimiste
|
|upkeep
|turn|12
|
|t:|1614369507
|move|p2a: Optimiste|Roost|p2a: Optimiste
|-heal|p2a: Optimiste|96/100
|-singleturn|p2a: Optimiste|move: Roost
|move|p1a: Scars|Spore|p2a: Optimiste
|-activate|p2a: Optimiste|item: Safety Goggles|Spore
|
|upkeep
|turn|13
|c|☆Zephyyyr|Erf
|
|t:|1614369535
|switch|p1a: Rise Above It|Rotom-Heat|100/100
|move|p2a: Optimiste|U-turn|p1a: Rise Above It
|-resisted|p1a: Rise Above It
|-damage|p1a: Rise Above It|84/100
|inactive|Starfire06 has 270 seconds left.
|
|t:|1614369569
|switch|p2a: Triomphant|Krookodile, F|76/100|[from]move: U-turn
|-ability|p2a: Triomphant|Intimidate|boost
|-unboost|p1a: Rise Above It|atk|1
|
|upkeep
|turn|14
|
|t:|1614369577
|switch|p1a: Scars|Amoonguss, F|98/100
|move|p2a: Triomphant|Knock Off|p1a: Scars
|-damage|p1a: Scars|63/100
|-damage|p2a: Triomphant|59/100|[from] item: Rocky Helmet|[of] p1a: Scars
|-enditem|p1a: Scars|Rocky Helmet|[from] move: Knock Off|[of] p2a: Triomphant
|
|upkeep
|turn|15
|
|t:|1614369590
|switch|p1a: Gasoline|Krookodile, F|100/100
|-ability|p1a: Gasoline|Intimidate|boost
|-unboost|p2a: Triomphant|atk|1
|move|p2a: Triomphant|Stealth Rock|p1a: Gasoline
|-sidestart|p1: Zephyyyr|move: Stealth Rock
|
|upkeep
|turn|16
|
|t:|1614369599
|switch|p2a: Everyone|Amoonguss, F|59/100
|move|p1a: Gasoline|Stealth Rock|p2a: Everyone
|-sidestart|p2: Starfire06|move: Stealth Rock
|
|upkeep
|turn|17
|
|t:|1614369608
|switch|p1a: Scars|Amoonguss, F|96/100
|-damage|p1a: Scars|83/100|[from] Stealth Rock
|move|p2a: Everyone|Giga Drain|p1a: Scars
|-resisted|p1a: Scars
|-damage|p1a: Scars|78/100
|-heal|p2a: Everyone|61/100|[from] drain|[of] p1a: Scars
|
|upkeep
|turn|18
|
|t:|1614369627
|switch|p1a: Blank Space|Scizor, F|84/100
|move|p2a: Everyone|Sludge Bomb|p1a: Blank Space
|-immune|p1a: Blank Space
|
|upkeep
|turn|19
|
|t:|1614369638
|move|p1a: Blank Space|U-turn|p2a: Everyone
|-damage|p2a: Everyone|33/100
|
|t:|1614369647
|switch|p1a: Scars|Amoonguss, F|100/100|[from]move: U-turn
|-damage|p1a: Scars|88/100|[from] Stealth Rock
|move|p2a: Everyone|Sludge Bomb|p1a: Scars
|-damage|p1a: Scars|65/100
|
|upkeep
|turn|20
|
|t:|1614369654
|switch|p1a: Rise Above It|Rotom-Heat|84/100
|switch|p2a: Optimiste|Scizor, M|96/100
|-damage|p2a: Optimiste|84/100|[from] Stealth Rock
|
|upkeep
|turn|21
|
|t:|1614369680
|switch|p2a: Tchoupi|Victini|100/100
|move|p1a: Rise Above It|Overheat|p2a: Tchoupi
|-resisted|p2a: Tchoupi
|-damage|p2a: Tchoupi|78/100
|-unboost|p1a: Rise Above It|spa|2
|
|upkeep
|turn|22
|
|t:|1614369689
|move|p2a: Tchoupi|Toxic|p1a: Rise Above It
|-status|p1a: Rise Above It|tox
|move|p1a: Rise Above It|Volt Switch|p2a: Tchoupi
|-damage|p2a: Tchoupi|66/100
|
|t:|1614369692
|switch|p1a: Hurricane|Slowking, F|100/100|[from]move: Volt Switch
|
|upkeep
|turn|23
|
|t:|1614369695
|move|p2a: Tchoupi|U-turn|p1a: Hurricane
|-supereffective|p1a: Hurricane
|-damage|p1a: Hurricane|79/100
|
|t:|1614369697
|switch|p2a: Everyone|Amoonguss, F|66/100|[from]move: U-turn
|-damage|p2a: Everyone|54/100|[from] Stealth Rock
|move|p1a: Hurricane|Future Sight|p2a: Everyone
|-start|p1a: Hurricane|move: Future Sight
|
|upkeep
|turn|24
|
|t:|1614369716
|switch|p1a: Scars|Amoonguss, F|98/100
|-damage|p1a: Scars|86/100|[from] Stealth Rock
|move|p2a: Everyone|Spore|p1a: Scars
|-immune|p1a: Scars
|
|upkeep
|turn|25
|
|t:|1614369726
|switch|p2a: Optimiste|Scizor, M|84/100
|-damage|p2a: Optimiste|71/100|[from] Stealth Rock
|switch|p1a: Gasoline|Krookodile, F|100/100
|-damage|p1a: Gasoline|94/100|[from] Stealth Rock
|-ability|p1a: Gasoline|Intimidate|boost
|-unboost|p2a: Optimiste|atk|1
|
|-end|p2a: Optimiste|move: Future Sight
|-resisted|p2a: Optimiste
|-damage|p2a: Optimiste|55/100
|upkeep
|turn|26
|
|t:|1614369754
|move|p1a: Gasoline|Knock Off|p2a: Optimiste
|-damage|p2a: Optimiste|9/100
|-enditem|p2a: Optimiste|Safety Goggles|[from] move: Knock Off|[of] p1a: Gasoline
|move|p2a: Optimiste|Roost|p2a: Optimiste
|-heal|p2a: Optimiste|59/100
|-singleturn|p2a: Optimiste|move: Roost
|
|upkeep
|turn|27
|
|t:|1614369763
|switch|p1a: Scars|Amoonguss, F|100/100
|-damage|p1a: Scars|88/100|[from] Stealth Rock
|move|p2a: Optimiste|U-turn|p1a: Scars
|-damage|p1a: Scars|73/100
|
|t:|1614369765
|switch|p2a: Tchoupi|Victini|66/100|[from]move: U-turn
|
|upkeep
|turn|28
|
|t:|1614369777
|switch|p1a: Hurricane|Slowking, F|100/100
|move|p2a: Tchoupi|Blue Flare|p1a: Hurricane
|-resisted|p1a: Hurricane
|-damage|p1a: Hurricane|76/100
|
|upkeep
|turn|29
|
|t:|1614369786
|move|p2a: Tchoupi|U-turn|p1a: Hurricane
|-supereffective|p1a: Hurricane
|-damage|p1a: Hurricane|57/100
|
|t:|1614369789
|switch|p2a: Everyone|Amoonguss, F|87/100|[from]move: U-turn
|-damage|p2a: Everyone|75/100|[from] Stealth Rock
|move|p1a: Hurricane|Future Sight|p2a: Everyone
|-start|p1a: Hurricane|move: Future Sight
|
|upkeep
|turn|30
|
|t:|1614369796
|switch|p2a: Optimiste|Scizor, M|59/100
|-damage|p2a: Optimiste|47/100|[from] Stealth Rock
|switch|p1a: Scars|Amoonguss, F|100/100
|-damage|p1a: Scars|88/100|[from] Stealth Rock
|
|upkeep
|turn|31
|
|t:|1614369803
|move|p2a: Optimiste|Roost|p2a: Optimiste
|-heal|p2a: Optimiste|97/100
|-singleturn|p2a: Optimiste|move: Roost
|move|p1a: Scars|Spore|p2a: Optimiste
|-status|p2a: Optimiste|slp|[from] move: Spore
|
|-end|p2a: Optimiste|move: Future Sight
|-resisted|p2a: Optimiste
|-damage|p2a: Optimiste|80/100 slp
|upkeep
|turn|32
|
|t:|1614369821
|switch|p2a: Triomphant|Krookodile, F|59/100
|-damage|p2a: Triomphant|53/100|[from] Stealth Rock
|-ability|p2a: Triomphant|Intimidate|boost
|-unboost|p1a: Scars|atk|1
|switch|p1a: Blank Space|Scizor, F|84/100
|
|upkeep
|turn|33
|
|t:|1614369831
|switch|p2a: Everyone|Amoonguss, F|100/100
|-damage|p2a: Everyone|88/100|[from] Stealth Rock
|move|p1a: Blank Space|U-turn|p2a: Everyone
|-damage|p2a: Everyone|59/100
|j|+Staxi
|inactive|Zephyyyr has 270 seconds left.
|
|t:|1614369866
|switch|p1a: Bow Down|Conkeldurr, F|36/100 brn|[from]move: U-turn
|-damage|p1a: Bow Down|30/100 brn|[from] Stealth Rock
|
|-damage|p1a: Bow Down|24/100 brn|[from] brn
|upkeep
|turn|34
|inactive|Starfire06 has 270 seconds left.
|
|t:|1614369921
|switch|p2a: Triomphant|Krookodile, F|53/100
|-damage|p2a: Triomphant|47/100|[from] Stealth Rock
|-ability|p2a: Triomphant|Intimidate|boost
|-unboost|p1a: Bow Down|atk|1
|move|p1a: Bow Down|Facade|p2a: Triomphant
|-damage|p2a: Triomphant|0 fnt
|faint|p2a: Triomphant
|
|-damage|p1a: Bow Down|18/100 brn|[from] brn
|upkeep
|inactive|Starfire06 has 240 seconds left.
|inactive|Starfire06 has 210 seconds left.
|
|t:|1614369982
|switch|p2a: Tchoupi|Victini|66/100
|turn|35
|inactive|Zephyyyr has 270 seconds left.
|
|t:|1614370003
|switch|p1a: Hurricane|Slowking, F|90/100
|move|p2a: Tchoupi|Psychic|p1a: Hurricane
|-resisted|p1a: Hurricane
|-damage|p1a: Hurricane|74/100
|
|upkeep
|turn|36
|
|t:|1614370009
|move|p2a: Tchoupi|Toxic|p1a: Hurricane
|-status|p1a: Hurricane|tox
|move|p1a: Hurricane|Future Sight|p2a: Tchoupi
|-start|p1a: Hurricane|move: Future Sight
|
|-damage|p1a: Hurricane|68/100 tox|[from] psn
|upkeep
|turn|37
|
|t:|1614370019
|move|p2a: Tchoupi|Blue Flare|p1a: Hurricane
|-resisted|p1a: Hurricane
|-damage|p1a: Hurricane|44/100 tox
|move|p1a: Hurricane|Teleport|p1a: Hurricane
|
|t:|1614370022
|switch|p1a: Gasoline|Krookodile, F|94/100|[from]move: Teleport
|-damage|p1a: Gasoline|88/100|[from] Stealth Rock
|-ability|p1a: Gasoline|Intimidate|boost
|-unboost|p2a: Tchoupi|atk|1
|
|upkeep
|turn|38
|
|t:|1614370034
|switch|p2a: Optimiste|Scizor, M|80/100 slp
|-damage|p2a: Optimiste|68/100 slp|[from] Stealth Rock
|move|p1a: Gasoline|Earthquake|p2a: Optimiste
|-damage|p2a: Optimiste|22/100 slp
|
|-end|p2a: Optimiste|move: Future Sight
|-resisted|p2a: Optimiste
|-damage|p2a: Optimiste|6/100 slp
|upkeep
|turn|39
|
|t:|1614370044
|switch|p1a: Blank Space|Scizor, F|84/100
|switch|p2a: Miaou|Salamence, M|100/100
|
|upkeep
|turn|40
|
|t:|1614370053
|switch|p2a: Optimiste|Scizor, M|6/100 slp
|-damage|p2a: Optimiste|0 fnt|[from] Stealth Rock
|faint|p2a: Optimiste
|switch|p1a: Gasoline|Krookodile, F|88/100
|-damage|p1a: Gasoline|82/100|[from] Stealth Rock
|
|upkeep
|
|t:|1614370061
|switch|p2a: Astronomique|Keldeo-Resolute|100/100
|-damage|p2a: Astronomique|94/100|[from] Stealth Rock
|turn|41
|
|t:|1614370083
|switch|p1a: Scars|Amoonguss, F|100/100
|-damage|p1a: Scars|88/100|[from] Stealth Rock
|switch|p2a: Tchoupi|Victini|66/100
|
|upkeep
|turn|42
|inactive|Zephyyyr has 270 seconds left.
|inactive|Zephyyyr has 240 seconds left.
|
|t:|1614370158
|switch|p1a: Hurricane|Slowking, F|78/100 tox
|move|p2a: Tchoupi|U-turn|p1a: Hurricane
|-supereffective|p1a: Hurricane
|-damage|p1a: Hurricane|57/100 tox
|inactive|Starfire06 has 210 seconds left.
|
|t:|1614370208
|switch|p2a: Miaou|Salamence, M|100/100|[from]move: U-turn
|
|-damage|p1a: Hurricane|51/100 tox|[from] psn
|upkeep
|turn|43
|
|t:|1614370223
|switch|p1a: Gasoline|Krookodile, F|82/100
|-damage|p1a: Gasoline|76/100|[from] Stealth Rock
|-ability|p1a: Gasoline|Intimidate|boost
|-unboost|p2a: Miaou|atk|1
|move|p2a: Miaou|Dragon Dance|p2a: Miaou
|-boost|p2a: Miaou|atk|1
|-boost|p2a: Miaou|spe|1
|
|upkeep
|turn|44
|
|t:|1614370242
|move|p2a: Miaou|Outrage|p1a: Gasoline
|-damage|p1a: Gasoline|0 fnt
|faint|p1a: Gasoline
|-ability|p2a: Miaou|Moxie|boost
|-boost|p2a: Miaou|atk|1
|
|upkeep
|
|t:|1614370260
|switch|p1a: Blank Space|Scizor, F|84/100
|turn|45
|inactive|Zephyyyr has 210 seconds left.
|inactive|Zephyyyr has 180 seconds left.
|
|t:|1614370340
|move|p1a: Blank Space|Bullet Punch|p2a: Miaou
|-damage|p2a: Miaou|58/100
|move|p2a: Miaou|Outrage|p1a: Blank Space|[from]lockedmove
|-resisted|p1a: Blank Space
|-damage|p1a: Blank Space|29/100
|
|upkeep
|turn|46
|inactive|Starfire06 has 210 seconds left.
|
|t:|1614370351
|move|p1a: Blank Space|Bullet Punch|p2a: Miaou
|-damage|p2a: Miaou|17/100
|move|p2a: Miaou|Outrage|p1a: Blank Space|[from]lockedmove
|-resisted|p1a: Blank Space
|-damage|p1a: Blank Space|0 fnt
|-start|p2a: Miaou|confusion|[fatigue]
|faint|p1a: Blank Space
|-ability|p2a: Miaou|Moxie|boost
|-boost|p2a: Miaou|atk|1
|
|upkeep
|inactive|Zephyyyr has 150 seconds left.
|
|t:|1614370395
|switch|p1a: Bow Down|Conkeldurr, F|18/100 brn
|-damage|p1a: Bow Down|12/100 brn|[from] Stealth Rock
|turn|47
|
|t:|1614370403
|switch|p2a: Everyone|Amoonguss, F|92/100
|-damage|p2a: Everyone|79/100|[from] Stealth Rock
|move|p1a: Bow Down|Mach Punch|p2a: Everyone
|-resisted|p2a: Everyone
|-damage|p2a: Everyone|66/100
|
|-damage|p1a: Bow Down|6/100 brn|[from] brn
|upkeep
|turn|48
|
|t:|1614370417
|move|p1a: Bow Down|Facade|p2a: Everyone
|-damage|p2a: Everyone|8/100
|move|p2a: Everyone|Giga Drain|p1a: Bow Down
|-crit|p1a: Bow Down
|-damage|p1a: Bow Down|0 fnt
|-heal|p2a: Everyone|10/100|[from] drain|[of] p1a: Bow Down
|faint|p1a: Bow Down
|
|upkeep
|
|t:|1614370422
|switch|p1a: Scars|Amoonguss, F|100/100
|-damage|p1a: Scars|88/100|[from] Stealth Rock
|turn|49
|inactive|Starfire06 has 210 seconds left.
|
|t:|1614370456
|switch|p2a: Tchoupi|Victini|66/100
|move|p1a: Scars|Sludge Bomb|p2a: Tchoupi
|-damage|p2a: Tchoupi|41/100
|
|upkeep
|turn|50
|inactive|Zephyyyr has 150 seconds left.
|inactive|Starfire06 has 210 seconds left.
|inactive|Zephyyyr has 120 seconds left.
|inactive|Starfire06 has 180 seconds left.
|inactive|Zephyyyr has 90 seconds left.
|
|t:|1614370525
|move|p2a: Tchoupi|U-turn|p1a: Scars
|-damage|p1a: Scars|77/100
|
|t:|1614370532
|switch|p2a: Everyone|Amoonguss, F|44/100|[from]move: U-turn
|-damage|p2a: Everyone|31/100|[from] Stealth Rock
|move|p1a: Scars|Sludge Bomb|p2a: Everyone
|-damage|p2a: Everyone|7/100
|
|upkeep
|turn|51
|
|t:|1614370540
|switch|p2a: Tchoupi|Victini|41/100
|move|p1a: Scars|Sludge Bomb|p2a: Tchoupi
|-damage|p2a: Tchoupi|14/100
|-status|p2a: Tchoupi|psn
|
|-damage|p2a: Tchoupi|2/100 psn|[from] psn
|upkeep
|turn|52
|
|t:|1614370549
|switch|p1a: Rise Above It|Rotom-Heat|84/100 tox
|move|p2a: Tchoupi|U-turn|p1a: Rise Above It
|-resisted|p1a: Rise Above It
|-damage|p1a: Rise Above It|76/100 tox
|
|t:|1614370552
|switch|p2a: Astronomique|Keldeo-Resolute|94/100|[from]move: U-turn
|-damage|p2a: Astronomique|88/100|[from] Stealth Rock
|
|-heal|p2a: Astronomique|94/100|[from] item: Leftovers
|-damage|p1a: Rise Above It|70/100 tox|[from] psn
|upkeep
|turn|53
|inactive|Starfire06 has 180 seconds left.
|
|t:|1614370560
|switch|p1a: Scars|Amoonguss, F|100/100
|-damage|p1a: Scars|88/100|[from] Stealth Rock
|move|p2a: Astronomique|Scald|p1a: Scars
|-resisted|p1a: Scars
|-damage|p1a: Scars|68/100
|
|-heal|p2a: Astronomique|100/100|[from] item: Leftovers
|upkeep
|turn|54
|inactive|Zephyyyr has 120 seconds left.
|inactive|Starfire06 has 180 seconds left.
|inactive|Zephyyyr has 90 seconds left.
|inactive|Starfire06 has 150 seconds left.
|
|t:|1614370623
|move|p2a: Astronomique|Scald|p1a: Scars
|-resisted|p1a: Scars
|-damage|p1a: Scars|49/100
|-status|p1a: Scars|brn
|move|p1a: Scars|Toxic|p2a: Astronomique
|-status|p2a: Astronomique|tox
|
|-damage|p2a: Astronomique|94/100 tox|[from] psn
|-damage|p1a: Scars|43/100 brn|[from] brn
|upkeep
|turn|55
|
|t:|1614370636
|switch|p2a: Everyone|Amoonguss, F|40/100
|-damage|p2a: Everyone|27/100|[from] Stealth Rock
|move|p1a: Scars|Giga Drain|p2a: Everyone
|-resisted|p2a: Everyone
|-damage|p2a: Everyone|22/100
|-heal|p1a: Scars|45/100 brn|[from] drain|[of] p2a: Everyone
|
|-damage|p1a: Scars|39/100 brn|[from] brn
|upkeep
|turn|56
|
|t:|1614370649
|switch|p2a: Tchoupi|Victini|2/100 psn
|move|p1a: Scars|Sludge Bomb|p2a: Tchoupi
|-damage|p2a: Tchoupi|0 fnt
|faint|p2a: Tchoupi
|
|-damage|p1a: Scars|33/100 brn|[from] brn
|upkeep
|
|t:|1614370653
|switch|p2a: Miaou|Salamence, M|17/100
|turn|57
|
|t:|1614370657
|switch|p1a: Rise Above It|Rotom-Heat|70/100 tox
|move|p2a: Miaou|Dual Wingbeat|p1a: Rise Above It
|-resisted|p1a: Rise Above It
|-damage|p1a: Rise Above It|59/100 tox
|-resisted|p1a: Rise Above It
|-damage|p1a: Rise Above It|47/100 tox
|-hitcount|p1a: Rise Above It|2
|
|-damage|p1a: Rise Above It|41/100 tox|[from] psn
|upkeep
|turn|58
|inactive|Starfire06 has 150 seconds left.
|
|t:|1614370669
|move|p2a: Miaou|Outrage|p1a: Rise Above It
|-damage|p1a: Rise Above It|0 fnt
|faint|p1a: Rise Above It
|-ability|p2a: Miaou|Moxie|boost
|-boost|p2a: Miaou|atk|1
|
|upkeep
|c|☆Zephyyyr|Stv
|
|t:|1614370690
|switch|p1a: Scars|Amoonguss, F|66/100 brn
|-damage|p1a: Scars|54/100 brn|[from] Stealth Rock
|turn|59
|inactive|Zephyyyr has 90 seconds left.
|
|t:|1614370707
|move|p2a: Miaou|Outrage|p1a: Scars|[from]lockedmove
|-damage|p1a: Scars|0 fnt
|-start|p2a: Miaou|confusion|[fatigue]
|faint|p1a: Scars
|-ability|p2a: Miaou|Moxie|boost
|-boost|p2a: Miaou|atk|1
|
|upkeep
|c|☆Starfire06|gg stv
|
|t:|1614370710
|switch|p1a: Hurricane|Slowking, F|84/100 tox
|turn|60
|
|t:|1614370716
|-activate|p2a: Miaou|confusion
|move|p2a: Miaou|Outrage|p1a: Hurricane
|-damage|p1a: Hurricane|0 fnt
|faint|p1a: Hurricane
|
|win|Starfire06
|c|☆Starfire06|YES
|c|☆Starfire06|VAMOOOOOOOOOOS
|c|☆Zephyyyr|Lmao gg
|l|☆Zephyyyr
|c|☆Starfire06|STV
|l|+Staxi
