|j|☆Bhalal
|j|☆Mimilucha
|inactive|Battle timer is ON: inactive players will automatically lose when time's up.
|t:|1661186109
|gametype|singles
|player|p1|Bhalal|clown|
|player|p2|Mimilucha|ethan-masters|
|teamsize|p1|6
|teamsize|p2|6
|gen|8
|tier|[Gen 8] UU
|rated|Tournament battle
|rule|Sleep Clause Mod: Limit one foe put to sleep
|rule|Species Clause: Limit one of each Pokémon
|rule|OHKO Clause: OHKO moves are banned
|rule|Evasion Items Clause: Evasion items are banned
|rule|Evasion Moves Clause: Evasion moves are banned
|rule|Endless Battle Clause: Forcing endless battles is banned
|rule|HP Percentage Mod: HP is shown in percentages
|rule|Dynamax Clause: You cannot dynamax
|clearpoke
|poke|p1|Scizor, M|
|poke|p1|Hydreigon, F|
|poke|p1|Thundurus-Therian, M|
|poke|p1|Starmie|
|poke|p1|Hippowdon, M|
|poke|p1|Amoonguss, M|
|poke|p2|Nihilego|
|poke|p2|Skarmory, F|
|poke|p2|Tangrowth, M|
|poke|p2|Zygarde-10%|
|poke|p2|Primarina, F|
|poke|p2|Crobat, F|
|teampreview
|inactive|Mimilucha also wants the timer to be on.
|inactive|Bhalal also wants the timer to be on.
|j| R4iryu14
|j|@Givra no bi ☯
|c|☆Bhalal|gl hf
|c|☆Bhalal|orh primarina
|c|☆Mimilucha|=
|j| Cpt. Douglas
|inactive|Bhalal has 120 seconds left.
|l| Cpt. Douglas
|c| R4iryu14|Gl
|inactive|Bhalal has 90 seconds left.
|
|t:|1661186174
|start
|switch|p1a: Amoonguss|Amoonguss, M|100/100
|switch|p2a: the shift|Crobat, F|100/100
|turn|1
|
|t:|1661186179
|switch|p1a: Hippowdon|Hippowdon, M|100/100
|-weather|Sandstorm|[from] ability: Sand Stream|[of] p1a: Hippowdon
|move|p2a: the shift|Taunt|p1a: Hippowdon
|-start|p1a: Hippowdon|move: Taunt
|
|-weather|Sandstorm|[upkeep]
|-damage|p2a: the shift|94/100|[from] Sandstorm
|upkeep
|turn|2
|
|t:|1661186193
|switch|p1a: Thundurus|Thundurus-Therian, M|100/100
|move|p2a: the shift|U-turn|p1a: Thundurus
|-resisted|p1a: Thundurus
|-damage|p1a: Thundurus|85/100
|
|t:|1661186198
|switch|p2a: psycho|Nihilego|100/100|[from]move: U-turn
|
|-weather|Sandstorm|[upkeep]
|-damage|p1a: Thundurus|79/100|[from] Sandstorm
|upkeep
|turn|3
|
|t:|1661186202
|switch|p1a: Hippowdon|Hippowdon, M|100/100
|move|p2a: psycho|Stealth Rock|p1a: Hippowdon
|-sidestart|p1: Bhalal|move: Stealth Rock
|
|-weather|Sandstorm|[upkeep]
|upkeep
|turn|4
|
|t:|1661186206
|switch|p2a: legends|Skarmory, F|100/100
|move|p1a: Hippowdon|Stealth Rock|p2a: legends
|-sidestart|p2: Mimilucha|move: Stealth Rock
|
|-weather|Sandstorm|[upkeep]
|upkeep
|turn|5
|
|t:|1661186212
|switch|p1a: Thundurus|Thundurus-Therian, M|79/100
|move|p2a: legends|Spikes|p1a: Thundurus
|-sidestart|p1: Bhalal|Spikes
|
|-weather|none
|upkeep
|turn|6
|
|t:|1661186220
|switch|p2a: the blues|Tangrowth, M|100/100
|-damage|p2a: the blues|88/100|[from] Stealth Rock
|move|p1a: Thundurus|Psychic|p2a: the blues
|-damage|p2a: the blues|66/100
|
|upkeep
|turn|7
|
|t:|1661186226
|move|p1a: Thundurus|Volt Switch|p2a: the blues
|-resisted|p2a: the blues
|-damage|p2a: the blues|52/100
|
|t:|1661186230
|switch|p1a: Amoonguss|Amoonguss, M|100/100|[from]move: Volt Switch
|-damage|p1a: Amoonguss|88/100|[from] Stealth Rock
|-damage|p1a: Amoonguss|75/100|[from] Spikes
|move|p2a: the blues|Knock Off|p1a: Amoonguss
|-damage|p1a: Amoonguss|58/100
|-damage|p2a: the blues|35/100|[from] item: Rocky Helmet|[of] p1a: Amoonguss
|-enditem|p1a: Amoonguss|Rocky Helmet|[from] move: Knock Off|[of] p2a: the blues
|
|upkeep
|turn|8
|
|t:|1661186238
|switch|p2a: psycho|Nihilego|100/100
|-damage|p2a: psycho|88/100|[from] Stealth Rock
|move|p1a: Amoonguss|Spore|p2a: psycho
|-status|p2a: psycho|slp|[from] move: Spore
|
|-heal|p2a: psycho|94/100 slp|[from] item: Black Sludge
|upkeep
|turn|9
|
|t:|1661186247
|switch|p2a: the shift|Crobat, F|94/100
|switch|p1a: Hippowdon|Hippowdon, M|100/100
|-damage|p1a: Hippowdon|94/100|[from] Stealth Rock
|-damage|p1a: Hippowdon|82/100|[from] Spikes
|-weather|Sandstorm|[from] ability: Sand Stream|[of] p1a: Hippowdon
|
|-weather|Sandstorm|[upkeep]
|-damage|p2a: the shift|88/100|[from] Sandstorm
|-heal|p1a: Hippowdon|88/100|[from] item: Leftovers
|upkeep
|turn|10
|inactive|Bhalal has 120 seconds left.
|
|t:|1661186279
|switch|p1a: Thundurus|Thundurus-Therian, M|79/100
|move|p2a: the shift|U-turn|p1a: Thundurus
|-resisted|p1a: Thundurus
|-damage|p1a: Thundurus|65/100
|
|t:|1661186282
|switch|p2a: shade of dark|Zygarde-10%|100/100|[from]move: U-turn
|-damage|p2a: shade of dark|94/100|[from] Stealth Rock
|-ability|p2a: shade of dark|Aura Break
|
|-weather|Sandstorm|[upkeep]
|-damage|p1a: Thundurus|59/100|[from] Sandstorm
|upkeep
|turn|11
|c|☆Mimilucha|ouaf ouaf
|inactive|Bhalal has 120 seconds left.
|c|☆Bhalal|oh le chieng
|
|t:|1661186312
|switch|p1a: Hippowdon|Hippowdon, M|88/100
|-damage|p1a: Hippowdon|82/100|[from] Stealth Rock
|-damage|p1a: Hippowdon|70/100|[from] Spikes
|move|p2a: shade of dark|Thousand Arrows|p1a: Hippowdon
|-damage|p1a: Hippowdon|34/100
|
|-weather|Sandstorm|[upkeep]
|-heal|p1a: Hippowdon|40/100|[from] item: Leftovers
|upkeep
|turn|12
|j| 79luca79
|j| mimilimi ♫☯
|l| mimilimi ♫☯
|
|t:|1661186337
|switch|p2a: the shift|Crobat, F|88/100
|move|p1a: Hippowdon|Slack Off|p1a: Hippowdon
|-heal|p1a: Hippowdon|90/100
|
|-weather|Sandstorm|[upkeep]
|-damage|p2a: the shift|82/100|[from] Sandstorm
|-heal|p1a: Hippowdon|97/100|[from] item: Leftovers
|upkeep
|turn|13
|
|t:|1661186344
|move|p2a: the shift|Brave Bird|p1a: Hippowdon
|-damage|p1a: Hippowdon|66/100
|-damage|p2a: the shift|69/100|[from] Recoil
|move|p1a: Hippowdon|Earthquake|p2a: the shift
|-immune|p2a: the shift
|
|-weather|none
|-heal|p1a: Hippowdon|72/100|[from] item: Leftovers
|upkeep
|turn|14
|
|t:|1661186347
|move|p2a: the shift|Taunt|p1a: Hippowdon
|-start|p1a: Hippowdon|move: Taunt
|cant|p1a: Hippowdon|move: Taunt|Slack Off
|
|-heal|p1a: Hippowdon|78/100|[from] item: Leftovers
|upkeep
|turn|15
|
|t:|1661186362
|switch|p1a: Thundurus|Thundurus-Therian, M|59/100
|move|p2a: the shift|U-turn|p1a: Thundurus
|-resisted|p1a: Thundurus
|-damage|p1a: Thundurus|44/100
|
|t:|1661186365
|switch|p2a: shade of dark|Zygarde-10%|94/100|[from]move: U-turn
|-damage|p2a: shade of dark|88/100|[from] Stealth Rock
|-ability|p2a: shade of dark|Aura Break
|
|upkeep
|turn|16
|c|☆Mimilucha|grrr wouf
|
|t:|1661186394
|switch|p1a: Hydreigon|Hydreigon, F|100/100
|-damage|p1a: Hydreigon|88/100|[from] Stealth Rock
|move|p2a: shade of dark|Thousand Arrows|p1a: Hydreigon
|-damage|p1a: Hydreigon|19/100
|-start|p1a: Hydreigon|Smack Down
|
|upkeep
|turn|17
|
|t:|1661186403
|switch|p2a: ocean floor|Primarina, F|100/100
|-damage|p2a: ocean floor|88/100|[from] Stealth Rock
|move|p1a: Hydreigon|Draco Meteor|p2a: ocean floor
|-immune|p2a: ocean floor
|
|-heal|p2a: ocean floor|94/100|[from] item: Leftovers
|upkeep
|turn|18
|
|t:|1661186411
|switch|p1a: Amoonguss|Amoonguss, M|91/100
|-damage|p1a: Amoonguss|79/100|[from] Stealth Rock
|-damage|p1a: Amoonguss|66/100|[from] Spikes
|move|p2a: ocean floor|Calm Mind|p2a: ocean floor
|-boost|p2a: ocean floor|spa|1
|-boost|p2a: ocean floor|spd|1
|
|-heal|p2a: ocean floor|99/100|[from] item: Leftovers
|upkeep
|turn|19
|c| R4iryu14|Oh
|
|t:|1661186421
|move|p2a: ocean floor|Calm Mind|p2a: ocean floor
|-boost|p2a: ocean floor|spa|1
|-boost|p2a: ocean floor|spd|1
|move|p1a: Amoonguss|Sludge Bomb|p2a: ocean floor
|-supereffective|p2a: ocean floor
|-damage|p2a: ocean floor|82/100
|-status|p2a: ocean floor|psn
|
|-heal|p2a: ocean floor|88/100 psn|[from] item: Leftovers
|-damage|p2a: ocean floor|75/100 psn|[from] psn
|upkeep
|turn|20
|
|t:|1661186427
|move|p2a: ocean floor|Calm Mind|p2a: ocean floor
|-boost|p2a: ocean floor|spa|1
|-boost|p2a: ocean floor|spd|1
|move|p1a: Amoonguss|Giga Drain|p2a: ocean floor
|-supereffective|p2a: ocean floor
|-damage|p2a: ocean floor|62/100 psn
|-heal|p1a: Amoonguss|72/100|[from] drain|[of] p2a: ocean floor
|
|-heal|p2a: ocean floor|68/100 psn|[from] item: Leftovers
|-damage|p2a: ocean floor|56/100 psn|[from] psn
|upkeep
|turn|21
|
|t:|1661186430
|move|p2a: ocean floor|Rest|p2a: ocean floor
|-status|p2a: ocean floor|slp|[from] move: Rest
|-heal|p2a: ocean floor|100/100 slp|[silent]
|move|p1a: Amoonguss|Giga Drain|p2a: ocean floor
|-supereffective|p2a: ocean floor
|-damage|p2a: ocean floor|88/100 slp
|-heal|p1a: Amoonguss|77/100|[from] drain|[of] p2a: ocean floor
|
|-heal|p2a: ocean floor|94/100 slp|[from] item: Leftovers
|upkeep
|turn|22
|
|t:|1661186435
|cant|p2a: ocean floor|slp
|move|p2a: ocean floor|Snore|p1a: Amoonguss
|-resisted|p1a: Amoonguss
|-damage|p1a: Amoonguss|51/100
|cant|p1a: Amoonguss|flinch
|
|-heal|p2a: ocean floor|100/100 slp|[from] item: Leftovers
|upkeep
|turn|23
|c|☆Bhalal|gg j'aurais du defog
|c|☆Mimilucha|gg
|
|t:|1661186447
|switch|p1a: Scizor|Scizor, M|100/100
|-damage|p1a: Scizor|88/100|[from] Stealth Rock
|-damage|p1a: Scizor|76/100|[from] Spikes
|cant|p2a: ocean floor|slp
|move|p2a: ocean floor|Snore|p1a: Scizor
|-damage|p1a: Scizor|3/100
|
|upkeep
|turn|24
|
|t:|1661186453
|move|p1a: Scizor|Bullet Punch|p2a: ocean floor
|-crit|p2a: ocean floor
|-damage|p2a: ocean floor|48/100 slp
|-curestatus|p2a: ocean floor|slp|[msg]
|move|p2a: ocean floor|Moonblast|p1a: Scizor
|-resisted|p1a: Scizor
|-damage|p1a: Scizor|0 fnt
|faint|p1a: Scizor
|
|-heal|p2a: ocean floor|54/100|[from] item: Leftovers
|upkeep
|c|☆Mimilucha|aieuh
|j| HaxxSel♔
|inactive|Bhalal has 120 seconds left.
|
|t:|1661186502
|switch|p1a: Hydreigon|Hydreigon, F|19/100
|-damage|p1a: Hydreigon|6/100|[from] Stealth Rock
|turn|25
|
|t:|1661186513
|move|p1a: Hydreigon|Defog|p2a: ocean floor
|-unboost|p2a: ocean floor|evasion|1
|-sideend|p2: Mimilucha|Stealth Rock|[from] move: Defog|[of] p1a: Hydreigon
|-sideend|p1: Bhalal|Spikes|[from] move: Defog|[of] p1a: Hydreigon
|-sideend|p1: Bhalal|Stealth Rock|[from] move: Defog|[of] p1a: Hydreigon
|move|p2a: ocean floor|Rest|p2a: ocean floor
|-status|p2a: ocean floor|slp|[from] move: Rest
|-heal|p2a: ocean floor|100/100 slp|[silent]
|
|upkeep
|turn|26
|j| Betsalel-2008
|inactive|Bhalal has 90 seconds left.
|
|t:|1661186540
|switch|p1a: Amoonguss|Amoonguss, M|84/100
|cant|p2a: ocean floor|slp
|move|p2a: ocean floor|Snore|p1a: Amoonguss
|-resisted|p1a: Amoonguss
|-damage|p1a: Amoonguss|61/100
|
|upkeep
|turn|27
|
|t:|1661186545
|cant|p2a: ocean floor|slp
|move|p2a: ocean floor|Snore|p1a: Amoonguss
|-resisted|p1a: Amoonguss
|-damage|p1a: Amoonguss|38/100
|cant|p1a: Amoonguss|flinch
|
|upkeep
|turn|28
|
|t:|1661186550
|-curestatus|p2a: ocean floor|slp|[msg]
|move|p2a: ocean floor|Calm Mind|p2a: ocean floor
|-boost|p2a: ocean floor|spa|1
|-boost|p2a: ocean floor|spd|1
|move|p1a: Amoonguss|Sludge Bomb|p2a: ocean floor
|-supereffective|p2a: ocean floor
|-damage|p2a: ocean floor|88/100
|
|-heal|p2a: ocean floor|94/100|[from] item: Leftovers
|upkeep
|turn|29
|
|t:|1661186555
|move|p2a: ocean floor|Moonblast|p1a: Amoonguss
|-resisted|p1a: Amoonguss
|-damage|p1a: Amoonguss|0 fnt
|faint|p1a: Amoonguss
|
|-heal|p2a: ocean floor|100/100|[from] item: Leftovers
|upkeep
|
|t:|1661186560
|switch|p1a: Starmie|Starmie|100/100
|turn|30
|
|t:|1661186562
|move|p1a: Starmie|Thunderbolt|p2a: ocean floor
|-supereffective|p2a: ocean floor
|-damage|p2a: ocean floor|85/100
|-status|p2a: ocean floor|par
|-damage|p1a: Starmie|91/100|[from] item: Life Orb
|move|p2a: ocean floor|Moonblast|p1a: Starmie
|-damage|p1a: Starmie|0 fnt
|faint|p1a: Starmie
|
|-heal|p2a: ocean floor|91/100 par|[from] item: Leftovers
|upkeep
|
|t:|1661186567
|switch|p1a: Hippowdon|Hippowdon, M|78/100
|-weather|Sandstorm|[from] ability: Sand Stream|[of] p1a: Hippowdon
|turn|31
|l| Betsalel-2008
|
|t:|1661186572
|move|p1a: Hippowdon|Earthquake|p2a: ocean floor
|-damage|p2a: ocean floor|49/100 par
|cant|p2a: ocean floor|par
|
|-weather|Sandstorm|[upkeep]
|-damage|p2a: ocean floor|43/100 par|[from] Sandstorm
|-heal|p1a: Hippowdon|85/100|[from] item: Leftovers
|-heal|p2a: ocean floor|49/100 par|[from] item: Leftovers
|upkeep
|turn|32
|
|t:|1661186576
|move|p1a: Hippowdon|Earthquake|p2a: ocean floor
|-damage|p2a: ocean floor|10/100 par
|cant|p2a: ocean floor|par
|
|-weather|Sandstorm|[upkeep]
|-damage|p2a: ocean floor|4/100 par|[from] Sandstorm
|-heal|p1a: Hippowdon|91/100|[from] item: Leftovers
|-heal|p2a: ocean floor|10/100 par|[from] item: Leftovers
|upkeep
|turn|33
|c|☆Mimilucha|pas gentil
|c|☆Bhalal|mbad
|
|t:|1661186591
|switch|p2a: the shift|Crobat, F|69/100
|move|p1a: Hippowdon|Earthquake|p2a: the shift
|-immune|p2a: the shift
|
|-weather|Sandstorm|[upkeep]
|-damage|p2a: the shift|63/100|[from] Sandstorm
|-heal|p1a: Hippowdon|97/100|[from] item: Leftovers
|upkeep
|turn|34
|
|t:|1661186598
|move|p2a: the shift|Taunt|p1a: Hippowdon
|-start|p1a: Hippowdon|move: Taunt
|cant|p1a: Hippowdon|move: Taunt|Slack Off
|
|-weather|Sandstorm|[upkeep]
|-damage|p2a: the shift|57/100|[from] Sandstorm
|-heal|p1a: Hippowdon|100/100|[from] item: Leftovers
|upkeep
|turn|35
|
|t:|1661186600
|switch|p1a: Thundurus|Thundurus-Therian, M|44/100
|move|p2a: the shift|U-turn|p1a: Thundurus
|-resisted|p1a: Thundurus
|-damage|p1a: Thundurus|31/100
|
|t:|1661186603
|switch|p2a: shade of dark|Zygarde-10%|88/100|[from]move: U-turn
|-ability|p2a: shade of dark|Aura Break
|
|-weather|none
|upkeep
|turn|36
|c|☆Mimilucha|wouf waf
|c| R4iryu14|La para 👀
|
|t:|1661186626
|switch|p1a: Hippowdon|Hippowdon, M|100/100
|-weather|Sandstorm|[from] ability: Sand Stream|[of] p1a: Hippowdon
|move|p2a: shade of dark|Toxic|p1a: Hippowdon
|-status|p1a: Hippowdon|tox
|
|-weather|Sandstorm|[upkeep]
|-damage|p1a: Hippowdon|94/100 tox|[from] psn
|upkeep
|turn|37
|
|t:|1661186636
|switch|p2a: legends|Skarmory, F|100/100
|switch|p1a: Thundurus|Thundurus-Therian, M|31/100
|
|-weather|Sandstorm|[upkeep]
|-damage|p1a: Thundurus|25/100|[from] Sandstorm
|upkeep
|turn|38
|
|t:|1661186646
|switch|p2a: psycho|Nihilego|94/100 slp
|move|p1a: Thundurus|Psychic|p2a: psycho
|-supereffective|p2a: psycho
|-damage|p2a: psycho|61/100 slp
|
|-weather|Sandstorm|[upkeep]
|-damage|p1a: Thundurus|19/100|[from] Sandstorm
|-heal|p2a: psycho|67/100 slp|[from] item: Black Sludge
|upkeep
|turn|39
|
|t:|1661186652
|cant|p2a: psycho|slp
|move|p1a: Thundurus|Psychic|p2a: psycho
|-supereffective|p2a: psycho
|-damage|p2a: psycho|36/100 slp
|
|-weather|Sandstorm|[upkeep]
|-damage|p1a: Thundurus|13/100|[from] Sandstorm
|-heal|p2a: psycho|42/100 slp|[from] item: Black Sludge
|upkeep
|turn|40
|
|t:|1661186670
|cant|p2a: psycho|slp
|move|p1a: Thundurus|Psychic|p2a: psycho
|-supereffective|p2a: psycho
|-damage|p2a: psycho|7/100 slp
|-unboost|p2a: psycho|spd|1
|
|-weather|none
|-heal|p2a: psycho|14/100 slp|[from] item: Black Sludge
|upkeep
|turn|41
|
|t:|1661186684
|cant|p2a: psycho|slp
|move|p1a: Thundurus|Psychic|p2a: psycho
|-supereffective|p2a: psycho
|-damage|p2a: psycho|0 fnt
|faint|p2a: psycho
|
|upkeep
|c|☆Mimilucha|roooh pas marrant
|c|☆Bhalal|uh il dort fort clui là
|
|t:|1661186696
|switch|p2a: the blues|Tangrowth, M|69/100
|turn|42
|c| R4iryu14|Aïe le 3 tours sleep
|
|t:|1661186709
|move|p1a: Thundurus|Volt Switch|p2a: the blues
|-resisted|p2a: the blues
|-damage|p2a: the blues|54/100
|
|t:|1661186711
|switch|p1a: Hippowdon|Hippowdon, M|94/100 tox|[from]move: Volt Switch
|-weather|Sandstorm|[from] ability: Sand Stream|[of] p1a: Hippowdon
|move|p2a: the blues|Knock Off|p1a: Hippowdon
|-damage|p1a: Hippowdon|80/100 tox
|-enditem|p1a: Hippowdon|Leftovers|[from] move: Knock Off|[of] p2a: the blues
|
|-weather|Sandstorm|[upkeep]
|-damage|p2a: the blues|48/100|[from] Sandstorm
|-damage|p1a: Hippowdon|74/100 tox|[from] psn
|upkeep
|turn|43
|
|t:|1661186715
|switch|p2a: the shift|Crobat, F|57/100
|move|p1a: Hippowdon|Toxic|p2a: the shift
|-immune|p2a: the shift
|
|-weather|Sandstorm|[upkeep]
|-damage|p2a: the shift|50/100|[from] Sandstorm
|-damage|p1a: Hippowdon|62/100 tox|[from] psn
|upkeep
|turn|44
|c|☆Bhalal|vzi la sand joue contre mon camp
|
|t:|1661186733
|switch|p1a: Thundurus|Thundurus-Therian, M|13/100
|move|p2a: the shift|Taunt|p1a: Thundurus
|-start|p1a: Thundurus|move: Taunt
|
|-weather|Sandstorm|[upkeep]
|-damage|p2a: the shift|44/100|[from] Sandstorm
|-damage|p1a: Thundurus|7/100|[from] Sandstorm
|upkeep
|turn|45
|
|t:|1661186739
|move|p2a: the shift|U-turn|p1a: Thundurus
|-resisted|p1a: Thundurus
|-damage|p1a: Thundurus|0 fnt
|faint|p1a: Thundurus
|
|t:|1661186741
|switch|p2a: the blues|Tangrowth, M|81/100|[from]move: U-turn
|
|-weather|Sandstorm|[upkeep]
|-damage|p2a: the blues|75/100|[from] Sandstorm
|upkeep
|
|t:|1661186747
|switch|p1a: Hydreigon|Hydreigon, F|6/100
|turn|46
|
|t:|1661186752
|move|p1a: Hydreigon|U-turn|p2a: the blues
|-supereffective|p2a: the blues
|-damage|p2a: the blues|54/100
|
|t:|1661186754
|switch|p1a: Hippowdon|Hippowdon, M|62/100 tox|[from]move: U-turn
|move|p2a: the blues|Power Whip|p1a: Hippowdon
|-supereffective|p1a: Hippowdon
|-damage|p1a: Hippowdon|11/100 tox
|
|-weather|none
|-damage|p1a: Hippowdon|5/100 tox|[from] psn
|upkeep
|turn|47
|
|t:|1661186762
|switch|p1a: Hydreigon|Hydreigon, F|6/100
|move|p2a: the blues|Sludge Bomb|p1a: Hydreigon
|-damage|p1a: Hydreigon|0 fnt
|faint|p1a: Hydreigon
|
|upkeep
|
|t:|1661186764
|switch|p1a: Hippowdon|Hippowdon, M|5/100 tox
|-weather|Sandstorm|[from] ability: Sand Stream|[of] p1a: Hippowdon
|turn|48
|c|☆Mimilucha|gg
|
|t:|1661186768
|move|p1a: Hippowdon|Slack Off|p1a: Hippowdon
|-heal|p1a: Hippowdon|55/100 tox
|move|p2a: the blues|Power Whip|p1a: Hippowdon
|-supereffective|p1a: Hippowdon
|-damage|p1a: Hippowdon|6/100 tox
|
|-weather|Sandstorm|[upkeep]
|-damage|p2a: the blues|48/100|[from] Sandstorm
|-damage|p1a: Hippowdon|0 fnt|[from] psn
|faint|p1a: Hippowdon
|
|win|Mimilucha
|upkeep
|n|☆Bhalal|bhalal
|n|☆Mimilucha|mimilucha
|n| R4iryu14|r4iryu14
|n| Givra no bi ☯|givranobi
|n| 79luca79|79luca79
|n| HaxxSel♔|haxxsel
