|html|<div class="broadcast-blue"><strong>[Gen 8] UU is currently suspecting Latias! For information on how to participate check out the <a href="https://www.smogon.com/forums/threads/np-ss-uu-stage-10-airplanes-latias-retest.3691692/page-3#post-9007205">suspect thread</a>.</strong></div>
|j|☆Adrift and Alone
|j|☆lucki1
|t:|1635520718
|gametype|singles
|player|p1|Adrift and Alone|psychic-gen3|1334
|player|p2|lucki1|170|1424
|teamsize|p1|6
|teamsize|p2|6
|gen|8
|tier|[Gen 8] UU
|rated|
|rule|Sleep Clause Mod: Limit one foe put to sleep
|rule|Species Clause: Limit one of each Pokémon
|rule|OHKO Clause: OHKO moves are banned
|rule|Evasion Moves Clause: Evasion moves are banned
|rule|Endless Battle Clause: Forcing endless battles is banned
|rule|HP Percentage Mod: HP is shown in percentages
|rule|Dynamax Clause: You cannot dynamax
|clearpoke
|poke|p1|Grimmsnarl, M|
|poke|p1|Sudowoodo, F|
|poke|p1|Combusken, M|
|poke|p1|Regieleki|
|poke|p1|Polteageist-Antique|
|poke|p1|Gyarados, F|
|poke|p2|Azelf|
|poke|p2|Mienshao, M|
|poke|p2|Tapu Bulu|
|poke|p2|Goodra, M|
|poke|p2|Blastoise, M|
|poke|p2|Glastrier|
|teampreview
|inactive|Battle timer is ON: inactive players will automatically lose when time's up. (requested by lucki1)
|
|t:|1635520730
|start
|switch|p1a: Grimmsnarl|Grimmsnarl, M|100/100
|switch|p2a: Azelf|Azelf|100/100
|turn|1
|
|t:|1635520741
|switch|p2a: Glastrier|Glastrier|100/100
|move|p1a: Grimmsnarl|Spirit Break|p2a: Glastrier
|-damage|p2a: Glastrier|78/100
|-unboost|p2a: Glastrier|spa|1
|
|upkeep
|turn|2
|
|t:|1635520752
|move|p1a: Grimmsnarl|Reflect|p1a: Grimmsnarl
|-sidestart|p1: Adrift and Alone|Reflect
|move|p2a: Glastrier|Icicle Crash|p1a: Grimmsnarl
|-damage|p1a: Grimmsnarl|72/100
|
|upkeep
|turn|3
|
|t:|1635520762
|switch|p1a: Sudowoodo|Sudowoodo, F|100/100
|move|p2a: Glastrier|Taunt|p1a: Sudowoodo
|-start|p1a: Sudowoodo|move: Taunt
|
|upkeep
|turn|4
|j| Gucci Sand Man☬
|
|t:|1635520770
|move|p1a: Sudowoodo|Stone Edge|p2a: Glastrier
|-supereffective|p2a: Glastrier
|-damage|p2a: Glastrier|5/100
|move|p2a: Glastrier|Icicle Crash|p1a: Sudowoodo
|-damage|p1a: Sudowoodo|77/100
|
|upkeep
|turn|5
|
|t:|1635520779
|switch|p2a: Mienshao|Mienshao, M|100/100
|move|p1a: Sudowoodo|Stone Edge|p2a: Mienshao
|-resisted|p2a: Mienshao
|-damage|p2a: Mienshao|53/100
|
|-end|p1a: Sudowoodo|move: Taunt
|upkeep
|turn|6
|
|t:|1635520786
|move|p2a: Mienshao|U-turn|p1a: Sudowoodo
|-damage|p1a: Sudowoodo|64/100
|
|t:|1635520789
|switch|p2a: Tapu Bulu|Tapu Bulu|100/100|[from]move: U-turn
|-fieldstart|move: Grassy Terrain|[from] ability: Grassy Surge|[of] p2a: Tapu Bulu
|move|p1a: Sudowoodo|Earthquake|p2a: Tapu Bulu
|-resisted|p2a: Tapu Bulu
|-crit|p2a: Tapu Bulu
|-damage|p2a: Tapu Bulu|89/100
|
|-heal|p2a: Tapu Bulu|95/100|[from] Grassy Terrain
|-heal|p1a: Sudowoodo|70/100|[from] Grassy Terrain
|-sideend|p1: Adrift and Alone|Reflect
|upkeep
|turn|7
|
|t:|1635520794
|switch|p1a: Grimmsnarl|Grimmsnarl, M|72/100
|move|p2a: Tapu Bulu|Horn Leech|p1a: Grimmsnarl
|-damage|p1a: Grimmsnarl|0 fnt
|-heal|p2a: Tapu Bulu|100/100|[from] drain|[of] p1a: Grimmsnarl
|faint|p1a: Grimmsnarl
|
|upkeep
|
|t:|1635520817
|switch|p1a: Regieleki|Regieleki|100/100
|turn|8
|
|t:|1635520823
|move|p1a: Regieleki|Reflect|p1a: Regieleki
|-sidestart|p1: Adrift and Alone|Reflect
|move|p2a: Tapu Bulu|Horn Leech|p1a: Regieleki
|-damage|p1a: Regieleki|25/100
|
|-heal|p1a: Regieleki|31/100|[from] Grassy Terrain
|upkeep
|turn|9
|
|t:|1635520829
|switch|p2a: Glastrier|Glastrier|5/100
|move|p1a: Regieleki|Light Screen|p1a: Regieleki
|-sidestart|p1: Adrift and Alone|move: Light Screen
|
|-heal|p1a: Regieleki|37/100|[from] Grassy Terrain
|-heal|p2a: Glastrier|12/100|[from] Grassy Terrain
|upkeep
|turn|10
|
|t:|1635520831
|move|p1a: Regieleki|Thunderbolt|p2a: Glastrier
|-damage|p2a: Glastrier|0 fnt
|faint|p2a: Glastrier
|
|-heal|p1a: Regieleki|43/100|[from] Grassy Terrain
|-fieldend|move: Grassy Terrain
|upkeep
|
|t:|1635520834
|switch|p2a: Goodra|Goodra, M|100/100
|turn|11
|
|t:|1635520838
|switch|p1a: Sudowoodo|Sudowoodo, F|70/100
|move|p2a: Goodra|Sludge Bomb|p1a: Sudowoodo
|-resisted|p1a: Sudowoodo
|-damage|p1a: Sudowoodo|57/100
|
|upkeep
|turn|12
|
|t:|1635520843
|switch|p2a: Tapu Bulu|Tapu Bulu|100/100
|-fieldstart|move: Grassy Terrain|[from] ability: Grassy Surge|[of] p2a: Tapu Bulu
|move|p1a: Sudowoodo|Rock Polish|p1a: Sudowoodo
|-boost|p1a: Sudowoodo|spe|2
|
|-heal|p1a: Sudowoodo|63/100|[from] Grassy Terrain
|-sideend|p1: Adrift and Alone|Reflect
|upkeep
|turn|13
|
|t:|1635520846
|move|p1a: Sudowoodo|Stealth Rock|p2a: Tapu Bulu
|-sidestart|p2: lucki1|move: Stealth Rock
|move|p2a: Tapu Bulu|Horn Leech|p1a: Sudowoodo
|-supereffective|p1a: Sudowoodo
|-damage|p1a: Sudowoodo|0 fnt
|faint|p1a: Sudowoodo
|
|-sideend|p1: Adrift and Alone|move: Light Screen
|upkeep
|
|t:|1635520850
|switch|p1a: Regieleki|Regieleki|43/100
|turn|14
|
|t:|1635520853
|move|p1a: Regieleki|Light Screen|p1a: Regieleki
|-sidestart|p1: Adrift and Alone|move: Light Screen
|move|p2a: Tapu Bulu|Horn Leech|p1a: Regieleki
|-damage|p1a: Regieleki|0 fnt
|faint|p1a: Regieleki
|
|upkeep
|
|t:|1635520856
|switch|p1a: Combusken|Combusken, M, shiny|100/100
|turn|15
|
|t:|1635520862
|move|p2a: Tapu Bulu|Horn Leech|p1a: Combusken
|-resisted|p1a: Combusken
|-damage|p1a: Combusken|46/100
|move|p1a: Combusken|Swords Dance|p1a: Combusken
|-boost|p1a: Combusken|atk|2
|
|-heal|p1a: Combusken|52/100|[from] Grassy Terrain
|-ability|p1a: Combusken|Speed Boost|boost
|-boost|p1a: Combusken|spe|1
|upkeep
|turn|16
|j| laevin
|
|t:|1635520874
|switch|p2a: Goodra|Goodra, M|100/100
|-damage|p2a: Goodra|88/100|[from] Stealth Rock
|move|p1a: Combusken|Swords Dance|p1a: Combusken
|-boost|p1a: Combusken|atk|2
|
|-heal|p1a: Combusken|58/100|[from] Grassy Terrain
|-heal|p2a: Goodra|94/100|[from] Grassy Terrain
|-fieldend|move: Grassy Terrain
|-ability|p1a: Combusken|Speed Boost|boost
|-boost|p1a: Combusken|spe|1
|upkeep
|turn|17
|
|t:|1635520878
|move|p1a: Combusken|Brick Break|p2a: Goodra
|-damage|p2a: Goodra|0 fnt
|faint|p2a: Goodra
|
|-ability|p1a: Combusken|Speed Boost|boost
|-boost|p1a: Combusken|spe|1
|upkeep
|
|t:|1635520881
|switch|p2a: Mienshao|Mienshao, M|86/100
|-damage|p2a: Mienshao|80/100|[from] Stealth Rock
|turn|18
|
|t:|1635520887
|move|p1a: Combusken|Brick Break|p2a: Mienshao
|-damage|p2a: Mienshao|0 fnt
|faint|p2a: Mienshao
|
|-sideend|p1: Adrift and Alone|move: Light Screen
|-ability|p1a: Combusken|Speed Boost|boost
|-boost|p1a: Combusken|spe|1
|upkeep
|
|t:|1635520893
|switch|p2a: Blastoise|Blastoise, M|100/100
|-damage|p2a: Blastoise|88/100|[from] Stealth Rock
|turn|19
|
|t:|1635520897
|move|p1a: Combusken|Brick Break|p2a: Blastoise
|-damage|p2a: Blastoise|0 fnt
|faint|p2a: Blastoise
|
|-ability|p1a: Combusken|Speed Boost|boost
|-boost|p1a: Combusken|spe|1
|upkeep
|-message|lucki1 forfeited.
|
|win|Adrift and Alone
|raw|Adrift and Alone's rating: 1334 &rarr; <strong>1359</strong><br />(+25 for winning)
|raw|lucki1's rating: 1424 &rarr; <strong>1399</strong><br />(-25 for losing)
|l|☆lucki1
|l| laevin
||Ladder isn't responding, score probably updated but might not have (Request timeout).
