|j|☆Sneasel TTT?
|j|☆Zephyyyr
|t:|1631373346
|gametype|singles
|player|p1|Sneasel TTT?|unknown|1317
|player|p2|Zephyyyr|richboy|1502
|teamsize|p1|6
|teamsize|p2|6
|gen|8
|tier|[Gen 8] UU
|rated|
|rule|Sleep Clause Mod: Limit one foe put to sleep
|rule|Species Clause: Limit one of each Pokémon
|rule|OHKO Clause: OHKO moves are banned
|rule|Evasion Moves Clause: Evasion moves are banned
|rule|Endless Battle Clause: Forcing endless battles is banned
|rule|HP Percentage Mod: HP is shown in percentages
|rule|Dynamax Clause: You cannot dynamax
|clearpoke
|poke|p1|Sneasel, F|
|poke|p1|Rotom-Wash|
|poke|p1|Conkeldurr, M|
|poke|p1|Togekiss, F|
|poke|p1|Amoonguss, F|
|poke|p1|Krookodile, M|
|poke|p2|Kommo-o, F|
|poke|p2|Rotom-Wash|
|poke|p2|Amoonguss, F|
|poke|p2|Krookodile, M|
|poke|p2|Aegislash, M|
|poke|p2|Primarina, M|
|teampreview
|c|☆Zephyyyr|Hf
|c|☆Sneasel TTT?|u2
|
|t:|1631373370
|start
|switch|p1a: Sneasel|Sneasel, F|100/100
|switch|p2a: Kommo-o|Kommo-o, F|100/100
|turn|1
|
|t:|1631373380
|switch|p1a: Togekiss|Togekiss, F|100/100
|move|p2a: Kommo-o|Body Press|p1a: Togekiss
|-resisted|p1a: Togekiss
|-damage|p1a: Togekiss|90/100
|
|upkeep
|turn|2
|
|t:|1631373395
|switch|p1a: Conkeldurr|Conkeldurr, M|100/100
|switch|p2a: Rotom|Rotom-Wash|100/100
|
|-status|p1a: Conkeldurr|brn|[from] item: Flame Orb
|upkeep
|turn|3
|
|t:|1631373454
|move|p2a: Rotom|Volt Switch|p1a: Conkeldurr
|-damage|p1a: Conkeldurr|71/100 brn
|
|t:|1631373455
|switch|p2a: Amoonguss|Amoonguss, F|100/100|[from]move: Volt Switch
|move|p1a: Conkeldurr|Facade|p2a: Amoonguss
|-damage|p2a: Amoonguss|39/100
|-damage|p1a: Conkeldurr|55/100 brn|[from] item: Rocky Helmet|[of] p2a: Amoonguss
|
|-damage|p1a: Conkeldurr|49/100 brn|[from] brn
|upkeep
|turn|4
|
|t:|1631373468
|switch|p2a: Krookodile|Krookodile, M|100/100
|-ability|p2a: Krookodile|Intimidate|boost
|-unboost|p1a: Conkeldurr|atk|1
|move|p1a: Conkeldurr|Knock Off|p2a: Krookodile
|-resisted|p2a: Krookodile
|-damage|p2a: Krookodile|74/100
|-enditem|p2a: Krookodile|Choice Scarf|[from] move: Knock Off|[of] p1a: Conkeldurr
|
|-damage|p1a: Conkeldurr|43/100 brn|[from] brn
|upkeep
|turn|5
|
|t:|1631373504
|switch|p2a: Kommo-o|Kommo-o, F|100/100
|switch|p1a: Togekiss|Togekiss, F|90/100
|
|upkeep
|turn|6
|
|t:|1631373516
|switch|p2a: Rotom|Rotom-Wash|100/100
|move|p1a: Togekiss|Air Slash|p2a: Rotom
|-resisted|p2a: Rotom
|-damage|p2a: Rotom|85/100
|
|-heal|p2a: Rotom|92/100|[from] item: Leftovers
|upkeep
|turn|7
|
|t:|1631373539
|switch|p1a: Rotom|Rotom-Wash|100/100
|move|p2a: Rotom|Volt Switch|p1a: Rotom
|-damage|p1a: Rotom|73/100
|
|t:|1631373542
|switch|p2a: Amoonguss|Amoonguss, F|72/100|[from]move: Volt Switch
|
|-heal|p1a: Rotom|79/100|[from] item: Leftovers
|upkeep
|turn|8
|
|t:|1631373549
|move|p1a: Rotom|Volt Switch|p2a: Amoonguss
|-resisted|p2a: Amoonguss
|-damage|p2a: Amoonguss|62/100
|
|t:|1631373554
|switch|p1a: Amoonguss|Amoonguss, F, shiny|100/100|[from]move: Volt Switch
|move|p2a: Amoonguss|Sludge Bomb|p1a: Amoonguss
|-damage|p1a: Amoonguss|75/100
|
|-heal|p1a: Amoonguss|81/100|[from] item: Black Sludge
|upkeep
|turn|9
|
|t:|1631373568
|switch|p2a: Kommo-o|Kommo-o, F|100/100
|move|p1a: Amoonguss|Spore|p2a: Kommo-o
|-status|p2a: Kommo-o|slp|[from] move: Spore
|
|-heal|p1a: Amoonguss|87/100|[from] item: Black Sludge
|upkeep
|turn|10
|
|t:|1631373580
|switch|p2a: Amoonguss|Amoonguss, F|95/100
|switch|p1a: Sneasel|Sneasel, F|100/100
|
|upkeep
|turn|11
|
|t:|1631373662
|switch|p2a: Primarina|Primarina, M|100/100
|move|p1a: Sneasel|Icicle Crash|p2a: Primarina
|-resisted|p2a: Primarina
|-damage|p2a: Primarina|66/100
|
|-heal|p2a: Primarina|72/100|[from] item: Leftovers
|upkeep
|turn|12
|
|t:|1631373672
|switch|p1a: Amoonguss|Amoonguss, F, shiny|100/100
|move|p2a: Primarina|Calm Mind|p2a: Primarina
|-boost|p2a: Primarina|spa|1
|-boost|p2a: Primarina|spd|1
|
|-heal|p2a: Primarina|78/100|[from] item: Leftovers
|upkeep
|turn|13
|
|t:|1631373675
|move|p2a: Primarina|Substitute|p2a: Primarina
|-start|p2a: Primarina|Substitute
|-damage|p2a: Primarina|53/100
|move|p1a: Amoonguss|Seed Bomb|p2a: Primarina
|-supereffective|p2a: Primarina
|-end|p2a: Primarina|Substitute
|
|-heal|p2a: Primarina|59/100|[from] item: Leftovers
|upkeep
|turn|14
|
|t:|1631373695
|switch|p2a: Amoonguss|Amoonguss, F|100/100
|move|p1a: Amoonguss|Seed Bomb|p2a: Amoonguss
|-resisted|p2a: Amoonguss
|-damage|p2a: Amoonguss|96/100
|
|upkeep
|turn|15
|
|t:|1631373698
|move|p2a: Amoonguss|Sludge Bomb|p1a: Amoonguss
|-damage|p1a: Amoonguss|75/100
|move|p1a: Amoonguss|Sludge Bomb|p2a: Amoonguss
|-damage|p2a: Amoonguss|71/100
|
|-heal|p1a: Amoonguss|82/100|[from] item: Black Sludge
|upkeep
|turn|16
|
|t:|1631373706
|move|p2a: Amoonguss|Sludge Bomb|p1a: Amoonguss
|-damage|p1a: Amoonguss|56/100
|move|p1a: Amoonguss|Sludge Bomb|p2a: Amoonguss
|-damage|p2a: Amoonguss|45/100
|
|-heal|p1a: Amoonguss|63/100|[from] item: Black Sludge
|upkeep
|turn|17
|
|t:|1631373713
|move|p2a: Amoonguss|Sludge Bomb|p1a: Amoonguss
|-damage|p1a: Amoonguss|39/100
|move|p1a: Amoonguss|Sludge Bomb|p2a: Amoonguss
|-damage|p2a: Amoonguss|19/100
|
|-heal|p1a: Amoonguss|45/100|[from] item: Black Sludge
|upkeep
|turn|18
|
|t:|1631373722
|switch|p2a: Aegislash|Aegislash, M, shiny|100/100
|move|p1a: Amoonguss|Sludge Bomb|p2a: Aegislash
|-immune|p2a: Aegislash
|
|-heal|p1a: Amoonguss|51/100|[from] item: Black Sludge
|upkeep
|turn|19
|
|t:|1631373725
|switch|p1a: Krookodile|Krookodile, M|100/100
|-ability|p1a: Krookodile|Intimidate|boost
|-unboost|p2a: Aegislash|atk|1
|-formechange|p2a: Aegislash|Aegislash-Blade||[from] ability: Stance Change
|move|p2a: Aegislash|Shadow Ball|p1a: Krookodile
|-resisted|p1a: Krookodile
|-damage|p1a: Krookodile|54/100
|
|upkeep
|turn|20
|
|t:|1631373737
|switch|p2a: Amoonguss|Amoonguss, F|53/100
|move|p1a: Krookodile|Stealth Rock|p2a: Amoonguss
|-sidestart|p2: Zephyyyr|move: Stealth Rock
|
|upkeep
|turn|21
|
|t:|1631373744
|switch|p1a: Amoonguss|Amoonguss, F, shiny|85/100
|move|p2a: Amoonguss|Spore|p1a: Amoonguss
|-immune|p1a: Amoonguss
|
|-heal|p1a: Amoonguss|91/100|[from] item: Black Sludge
|upkeep
|turn|22
|
|t:|1631373753
|switch|p2a: Kommo-o|Kommo-o, F|100/100 slp
|-damage|p2a: Kommo-o|94/100 slp|[from] Stealth Rock
|move|p1a: Amoonguss|Sludge Bomb|p2a: Kommo-o
|-immune|p2a: Kommo-o|[from] ability: Bulletproof
|
|-heal|p2a: Kommo-o|100/100 slp|[from] item: Leftovers
|-heal|p1a: Amoonguss|97/100|[from] item: Black Sludge
|upkeep
|turn|23
|
|t:|1631373817
|switch|p2a: Rotom|Rotom-Wash|92/100
|-damage|p2a: Rotom|79/100|[from] Stealth Rock
|switch|p1a: Conkeldurr|Conkeldurr, M|43/100 brn
|
|-heal|p2a: Rotom|85/100|[from] item: Leftovers
|-damage|p1a: Conkeldurr|37/100 brn|[from] brn
|upkeep
|turn|24
|
|t:|1631373830
|switch|p1a: Rotom|Rotom-Wash|79/100
|move|p2a: Rotom|Volt Switch|p1a: Rotom
|-damage|p1a: Rotom|52/100
|
|t:|1631373892
|switch|p2a: Amoonguss|Amoonguss, F|86/100|[from]move: Volt Switch
|-damage|p2a: Amoonguss|74/100|[from] Stealth Rock
|
|-heal|p1a: Rotom|58/100|[from] item: Leftovers
|upkeep
|turn|25
|
|t:|1631373900
|move|p1a: Rotom|Pain Split|p2a: Amoonguss
|-sethp|p2a: Amoonguss|57/100|[from] move: Pain Split|[silent]
|-sethp|p1a: Rotom|81/100|[from] move: Pain Split
|move|p2a: Amoonguss|Sludge Bomb|p1a: Rotom
|-damage|p1a: Rotom|55/100
|
|-heal|p1a: Rotom|61/100|[from] item: Leftovers
|upkeep
|turn|26
|
|t:|1631373946
|move|p1a: Rotom|Volt Switch|p2a: Amoonguss
|-resisted|p2a: Amoonguss
|-damage|p2a: Amoonguss|47/100
|
|t:|1631373952
|switch|p1a: Amoonguss|Amoonguss, F, shiny|100/100|[from]move: Volt Switch
|move|p2a: Amoonguss|Sludge Bomb|p1a: Amoonguss
|-damage|p1a: Amoonguss|78/100
|
|-heal|p1a: Amoonguss|84/100|[from] item: Black Sludge
|upkeep
|turn|27
|
|t:|1631373991
|switch|p2a: Kommo-o|Kommo-o, F|100/100 slp
|-damage|p2a: Kommo-o|94/100 slp|[from] Stealth Rock
|switch|p1a: Sneasel|Sneasel, F|100/100
|
|-heal|p2a: Kommo-o|100/100 slp|[from] item: Leftovers
|upkeep
|turn|28
|
|t:|1631373998
|switch|p2a: Rotom|Rotom-Wash|85/100
|-damage|p2a: Rotom|73/100|[from] Stealth Rock
|move|p1a: Sneasel|Knock Off|p2a: Rotom
|-damage|p2a: Rotom|13/100
|-enditem|p2a: Rotom|Leftovers|[from] move: Knock Off|[of] p1a: Sneasel
|
|upkeep
|turn|29
|
|t:|1631374002
|move|p1a: Sneasel|Knock Off|p2a: Rotom
|-damage|p2a: Rotom|0 fnt
|faint|p2a: Rotom
|
|upkeep
|
|t:|1631374006
|switch|p2a: Primarina|Primarina, M|59/100
|-damage|p2a: Primarina|47/100|[from] Stealth Rock
|turn|30
|
|t:|1631374011
|switch|p1a: Amoonguss|Amoonguss, F, shiny|100/100
|move|p2a: Primarina|Scald|p1a: Amoonguss
|-resisted|p1a: Amoonguss
|-damage|p1a: Amoonguss|85/100
|-status|p1a: Amoonguss|brn
|
|-heal|p2a: Primarina|53/100|[from] item: Leftovers
|-heal|p1a: Amoonguss|91/100 brn|[from] item: Black Sludge
|-damage|p1a: Amoonguss|85/100 brn|[from] brn
|upkeep
|turn|31
|
|t:|1631374025
|switch|p2a: Aegislash|Aegislash, M, shiny|100/100
|-damage|p2a: Aegislash|94/100|[from] Stealth Rock
|move|p1a: Amoonguss|Sludge Bomb|p2a: Aegislash
|-immune|p2a: Aegislash
|
|-heal|p1a: Amoonguss|91/100 brn|[from] item: Black Sludge
|-damage|p1a: Amoonguss|85/100 brn|[from] brn
|upkeep
|turn|32
|
|t:|1631374032
|-formechange|p2a: Aegislash|Aegislash-Blade||[from] ability: Stance Change
|move|p2a: Aegislash|Shadow Ball|p1a: Amoonguss
|-damage|p1a: Amoonguss|19/100 brn
|move|p1a: Amoonguss|Foul Play|p2a: Aegislash
|-supereffective|p2a: Aegislash
|-damage|p2a: Aegislash|37/100
|
|-heal|p1a: Amoonguss|25/100 brn|[from] item: Black Sludge
|-damage|p1a: Amoonguss|19/100 brn|[from] brn
|upkeep
|turn|33
|
|t:|1631374052
|switch|p1a: Krookodile|Krookodile, M|54/100
|-ability|p1a: Krookodile|Intimidate|boost
|-unboost|p2a: Aegislash|atk|1
|move|p2a: Aegislash|Shadow Ball|p1a: Krookodile
|-resisted|p1a: Krookodile
|-damage|p1a: Krookodile|2/100
|
|upkeep
|turn|34
|
|t:|1631374069
|switch|p2a: Krookodile|Krookodile, M|74/100
|-damage|p2a: Krookodile|68/100|[from] Stealth Rock
|-ability|p2a: Krookodile|Intimidate|boost
|-unboost|p1a: Krookodile|atk|1
|move|p1a: Krookodile|Earthquake|p2a: Krookodile
|-damage|p2a: Krookodile|25/100
|
|upkeep
|turn|35
|
|t:|1631374075
|move|p1a: Krookodile|Earthquake|p2a: Krookodile
|-damage|p2a: Krookodile|0 fnt
|faint|p2a: Krookodile
|
|upkeep
|
|t:|1631374079
|switch|p2a: Amoonguss|Amoonguss, F|80/100
|-damage|p2a: Amoonguss|68/100|[from] Stealth Rock
|turn|36
|
|t:|1631374083
|switch|p1a: Amoonguss|Amoonguss, F, shiny|52/100 brn
|move|p2a: Amoonguss|Sludge Bomb|p1a: Amoonguss
|-damage|p1a: Amoonguss|27/100 brn
|
|-heal|p1a: Amoonguss|33/100 brn|[from] item: Black Sludge
|-damage|p1a: Amoonguss|27/100 brn|[from] brn
|upkeep
|turn|37
|
|t:|1631374106
|switch|p1a: Conkeldurr|Conkeldurr, M|37/100 brn
|move|p2a: Amoonguss|Sludge Bomb|p1a: Conkeldurr
|-damage|p1a: Conkeldurr|0 fnt
|faint|p1a: Conkeldurr
|
|upkeep
|
|t:|1631374110
|switch|p1a: Sneasel|Sneasel, F|100/100
|turn|38
|
|t:|1631374114
|switch|p2a: Kommo-o|Kommo-o, F|100/100 slp
|-damage|p2a: Kommo-o|94/100 slp|[from] Stealth Rock
|move|p1a: Sneasel|Icicle Crash|p2a: Kommo-o
|-supereffective|p2a: Kommo-o
|-damage|p2a: Kommo-o|28/100 slp
|
|-heal|p2a: Kommo-o|34/100 slp|[from] item: Leftovers
|upkeep
|turn|39
|
|t:|1631374116
|move|p1a: Sneasel|Icicle Crash|p2a: Kommo-o
|-supereffective|p2a: Kommo-o
|-damage|p2a: Kommo-o|0 fnt
|faint|p2a: Kommo-o
|
|upkeep
|
|t:|1631374117
|switch|p2a: Primarina|Primarina, M|53/100
|-damage|p2a: Primarina|41/100|[from] Stealth Rock
|turn|40
|
|t:|1631374126
|switch|p1a: Krookodile|Krookodile, M|2/100
|-ability|p1a: Krookodile|Intimidate|boost
|-unboost|p2a: Primarina|atk|1
|move|p2a: Primarina|Calm Mind|p2a: Primarina
|-boost|p2a: Primarina|spa|1
|-boost|p2a: Primarina|spd|1
|
|-heal|p2a: Primarina|47/100|[from] item: Leftovers
|upkeep
|turn|41
|
|t:|1631374131
|switch|p2a: Amoonguss|Amoonguss, F|100/100
|-damage|p2a: Amoonguss|88/100|[from] Stealth Rock
|move|p1a: Krookodile|Earthquake|p2a: Amoonguss
|-damage|p2a: Amoonguss|53/100
|
|upkeep
|turn|42
|
|t:|1631374146
|switch|p1a: Togekiss|Togekiss, F|90/100
|move|p2a: Amoonguss|Sludge Bomb|p1a: Togekiss
|-supereffective|p1a: Togekiss
|-damage|p1a: Togekiss|43/100
|-status|p1a: Togekiss|psn
|
|-damage|p1a: Togekiss|30/100 psn|[from] psn
|upkeep
|turn|43
|
|t:|1631374161
|switch|p2a: Aegislash|Aegislash, M, shiny|37/100
|-damage|p2a: Aegislash|31/100|[from] Stealth Rock
|move|p1a: Togekiss|Air Slash|p2a: Aegislash
|-resisted|p2a: Aegislash
|-damage|p2a: Aegislash|16/100
|
|-damage|p1a: Togekiss|18/100 psn|[from] psn
|upkeep
|turn|44
|
|t:|1631374168
|switch|p1a: Rotom|Rotom-Wash|61/100
|-formechange|p2a: Aegislash|Aegislash-Blade||[from] ability: Stance Change
|move|p2a: Aegislash|Shadow Sneak|p1a: Rotom
|-damage|p1a: Rotom|44/100
|
|-heal|p1a: Rotom|50/100|[from] item: Leftovers
|upkeep
|turn|45
|
|t:|1631374211
|switch|p2a: Amoonguss|Amoonguss, F|86/100
|-damage|p2a: Amoonguss|74/100|[from] Stealth Rock
|move|p1a: Rotom|Volt Switch|p2a: Amoonguss
|-resisted|p2a: Amoonguss
|-damage|p2a: Amoonguss|63/100
|
|t:|1631374223
|switch|p1a: Togekiss|Togekiss, F|18/100 psn|[from]move: Volt Switch
|
|-damage|p1a: Togekiss|6/100 psn|[from] psn
|upkeep
|turn|46
|j| MikeyRafael
|l| MikeyRafael
|
|t:|1631374274
|move|p1a: Togekiss|Air Slash|p2a: Amoonguss
|-supereffective|p2a: Amoonguss
|-damage|p2a: Amoonguss|4/100
|move|p2a: Amoonguss|Sludge Bomb|p1a: Togekiss
|-supereffective|p1a: Togekiss
|-damage|p1a: Togekiss|0 fnt
|faint|p1a: Togekiss
|
|upkeep
|
|t:|1631374285
|switch|p1a: Krookodile|Krookodile, M|2/100
|-ability|p1a: Krookodile|Intimidate|boost
|-unboost|p2a: Amoonguss|atk|1
|turn|47
|inactive|Battle timer is ON: inactive players will automatically lose when time's up. (requested by Sneasel TTT?)
|inactive|Zephyyyr has 120 seconds left.
|
|t:|1631374396
|move|p1a: Krookodile|Earthquake|p2a: Amoonguss
|-damage|p2a: Amoonguss|0 fnt
|faint|p2a: Amoonguss
|
|upkeep
|
|t:|1631374397
|switch|p2a: Aegislash|Aegislash, M, shiny|16/100
|-damage|p2a: Aegislash|10/100|[from] Stealth Rock
|turn|48
|
|t:|1631374407
|switch|p1a: Rotom|Rotom-Wash|50/100
|-formechange|p2a: Aegislash|Aegislash-Blade||[from] ability: Stance Change
|move|p2a: Aegislash|Shadow Ball|p1a: Rotom
|-damage|p1a: Rotom|0 fnt
|faint|p1a: Rotom
|
|upkeep
|-message|Zephyyyr forfeited.
|
|win|Sneasel TTT?
|l|☆Zephyyyr
|raw|Sneasel TTT?'s rating: 1316 &rarr; <strong>1346</strong><br />(+30 for winning)
|raw|Zephyyyr's rating: 1502 &rarr; <strong>1472</strong><br />(-30 for losing)
