|j|☆DarkHorse384
|j|☆Eazigzagoon
|t:|1662411928
|gametype|singles
|player|p1|DarkHorse384|brendan-gen3rs|1484
|player|p2|Eazigzagoon|lance-masters|1485
|teamsize|p1|6
|teamsize|p2|6
|gen|8
|tier|[Gen 8] UU
|rated|
|rule|Sleep Clause Mod: Limit one foe put to sleep
|rule|Species Clause: Limit one of each Pokémon
|rule|OHKO Clause: OHKO moves are banned
|rule|Evasion Items Clause: Evasion items are banned
|rule|Evasion Moves Clause: Evasion moves are banned
|rule|Endless Battle Clause: Forcing endless battles is banned
|rule|HP Percentage Mod: HP is shown in percentages
|rule|Dynamax Clause: You cannot dynamax
|clearpoke
|poke|p1|Registeel|
|poke|p1|Zygarde-10%|
|poke|p1|Chansey, F|
|poke|p1|Amoonguss, M|
|poke|p1|Conkeldurr, M|
|poke|p1|Salamence, M|
|poke|p2|Gardevoir, M|
|poke|p2|Celesteela|
|poke|p2|Excadrill, F|
|poke|p2|Gyarados, F|
|poke|p2|Jirachi|
|poke|p2|Crawdaunt, F|
|teampreview
|inactive|Battle timer is ON: inactive players will automatically lose when time's up. (requested by DarkHorse384)
|inactive|Eazigzagoon has 120 seconds left.
|
|t:|1662411973
|start
|switch|p1a: Registeel|Registeel|100/100
|switch|p2a: Excadrill|Excadrill, F|100/100
|-ability|p2a: Excadrill|Mold Breaker
|turn|1
|
|t:|1662411983
|move|p2a: Excadrill|Earthquake|p1a: Registeel
|-supereffective|p1a: Registeel
|-damage|p1a: Registeel|49/100
|move|p1a: Registeel|Iron Defense|p1a: Registeel
|-boost|p1a: Registeel|def|2
|
|-heal|p1a: Registeel|55/100|[from] item: Leftovers
|upkeep
|turn|2
|
|t:|1662411992
|switch|p2a: Gardevoir|Gardevoir, M|100/100
|-ability|p2a: Gardevoir|Clear Body|[from] ability: Trace|[of] p1a: Registeel
|move|p1a: Registeel|Body Press|p2a: Gardevoir
|-resisted|p2a: Gardevoir
|-damage|p2a: Gardevoir|73/100
|
|-heal|p1a: Registeel|61/100|[from] item: Leftovers
|upkeep
|turn|3
|
|t:|1662411995
|move|p2a: Gardevoir|Trick|p1a: Registeel
|-activate|p2a: Gardevoir|move: Trick|[of] p1a: Registeel
|-item|p1a: Registeel|Choice Scarf|[from] move: Trick
|-item|p2a: Gardevoir|Leftovers|[from] move: Trick
|move|p1a: Registeel|Amnesia|p1a: Registeel
|-boost|p1a: Registeel|spd|2
|
|-heal|p2a: Gardevoir|79/100|[from] item: Leftovers
|upkeep
|turn|4
|
|t:|1662412002
|switch|p2a: Excadrill|Excadrill, F|100/100
|-ability|p2a: Excadrill|Mold Breaker
|switch|p1a: Chansey|Chansey, F|100/100
|
|upkeep
|turn|5
|
|t:|1662412018
|switch|p1a: Conkeldurr|Conkeldurr, M|100/100
|move|p2a: Excadrill|Earthquake|p1a: Conkeldurr
|-damage|p1a: Conkeldurr|50/100
|
|-status|p1a: Conkeldurr|brn|[from] item: Flame Orb
|upkeep
|turn|6
|
|t:|1662412026
|switch|p1a: Salamence|Salamence, M|100/100
|-ability|p1a: Salamence|Intimidate|boost
|-unboost|p2a: Excadrill|atk|1
|move|p2a: Excadrill|Earthquake|p1a: Salamence
|-immune|p1a: Salamence
|
|upkeep
|turn|7
|
|t:|1662412035
|move|p2a: Excadrill|Rock Tomb|p1a: Salamence
|-supereffective|p1a: Salamence
|-crit|p1a: Salamence
|-damage|p1a: Salamence|50/100
|-unboost|p1a: Salamence|spe|1
|move|p1a: Salamence|Flamethrower|p2a: Excadrill
|-supereffective|p2a: Excadrill
|-damage|p2a: Excadrill|42/100
|
|upkeep
|turn|8
|
|t:|1662412041
|move|p2a: Excadrill|Stealth Rock|p1a: Salamence
|-sidestart|p1: DarkHorse384|move: Stealth Rock
|move|p1a: Salamence|Roost|p1a: Salamence
|-heal|p1a: Salamence|99/100
|-singleturn|p1a: Salamence|move: Roost
|
|upkeep
|turn|9
|
|t:|1662412043
|move|p2a: Excadrill|Rock Tomb|p1a: Salamence
|-supereffective|p1a: Salamence
|-damage|p1a: Salamence|77/100
|-unboost|p1a: Salamence|spe|1
|move|p1a: Salamence|Defog|p2a: Excadrill
|-unboost|p2a: Excadrill|evasion|1
|-sideend|p1: DarkHorse384|Stealth Rock|[from] move: Defog|[of] p1a: Salamence
|
|upkeep
|turn|10
|
|t:|1662412047
|move|p2a: Excadrill|Stealth Rock|p1a: Salamence
|-sidestart|p1: DarkHorse384|move: Stealth Rock
|move|p1a: Salamence|Flamethrower|p2a: Excadrill
|-supereffective|p2a: Excadrill
|-damage|p2a: Excadrill|0 fnt
|faint|p2a: Excadrill
|
|upkeep
|
|t:|1662412071
|switch|p2a: Gyarados|Gyarados, F|100/100
|turn|11
|
|t:|1662412075
|switch|p1a: Chansey|Chansey, F|100/100
|-damage|p1a: Chansey|88/100|[from] Stealth Rock
|move|p2a: Gyarados|Dragon Dance|p2a: Gyarados
|-boost|p2a: Gyarados|atk|1
|-boost|p2a: Gyarados|spe|1
|
|upkeep
|turn|12
|
|t:|1662412079
|move|p2a: Gyarados|Waterfall|p1a: Chansey
|-damage|p1a: Chansey|44/100
|move|p1a: Chansey|Thunder Wave|p2a: Gyarados
|-status|p2a: Gyarados|par
|-enditem|p2a: Gyarados|Lum Berry|[eat]
|-curestatus|p2a: Gyarados|par|[msg]
|
|upkeep
|turn|13
|
|t:|1662412095
|switch|p1a: Amoonguss|Amoonguss, M|100/100
|-damage|p1a: Amoonguss|88/100|[from] Stealth Rock
|move|p2a: Gyarados|Waterfall|p1a: Amoonguss
|-resisted|p1a: Amoonguss
|-damage|p1a: Amoonguss|63/100
|-damage|p2a: Gyarados|84/100|[from] item: Rocky Helmet|[of] p1a: Amoonguss
|
|upkeep
|turn|14
|
|t:|1662412098
|move|p2a: Gyarados|Ice Fang|p1a: Amoonguss
|-supereffective|p1a: Amoonguss
|-damage|p1a: Amoonguss|14/100
|-damage|p2a: Gyarados|67/100|[from] item: Rocky Helmet|[of] p1a: Amoonguss
|move|p1a: Amoonguss|Spore|p2a: Gyarados
|-status|p2a: Gyarados|slp|[from] move: Spore
|
|upkeep
|turn|15
|
|t:|1662412109
|switch|p2a: Gardevoir|Gardevoir, M|79/100
|-ability|p2a: Gardevoir|Regenerator|[from] ability: Trace|[of] p1a: Amoonguss
|move|p1a: Amoonguss|Foul Play|p2a: Gardevoir
|-damage|p2a: Gardevoir|60/100
|
|-heal|p2a: Gardevoir|66/100|[from] item: Leftovers
|upkeep
|turn|16
|
|t:|1662412126
|switch|p1a: Chansey|Chansey, F|44/100
|-damage|p1a: Chansey|31/100|[from] Stealth Rock
|move|p2a: Gardevoir|Trick|p1a: Chansey
|-activate|p2a: Gardevoir|move: Trick|[of] p1a: Chansey
|-item|p1a: Chansey|Leftovers|[from] move: Trick
|-item|p2a: Gardevoir|Eviolite|[from] move: Trick
|
|-heal|p1a: Chansey|37/100|[from] item: Leftovers
|upkeep
|turn|17
|
|t:|1662412133
|switch|p2a: Crawdaunt|Crawdaunt, F|100/100
|move|p1a: Chansey|Soft-Boiled|p1a: Chansey
|-heal|p1a: Chansey|87/100
|
|-heal|p1a: Chansey|94/100|[from] item: Leftovers
|upkeep
|turn|18
|
|t:|1662412148
|switch|p1a: Salamence|Salamence, M|77/100
|-ability|p1a: Salamence|Intimidate|boost
|-unboost|p2a: Crawdaunt|atk|1
|move|p2a: Crawdaunt|Knock Off|p1a: Salamence
|-damage|p1a: Salamence|35/100
|-enditem|p1a: Salamence|Heavy-Duty Boots|[from] move: Knock Off|[of] p2a: Crawdaunt
|-damage|p2a: Crawdaunt|91/100|[from] item: Life Orb
|
|upkeep
|turn|19
|
|t:|1662412155
|move|p1a: Salamence|Roost|p1a: Salamence
|-heal|p1a: Salamence|85/100
|-singleturn|p1a: Salamence|move: Roost
|move|p2a: Crawdaunt|Swords Dance|p2a: Crawdaunt
|-boost|p2a: Crawdaunt|atk|2
|
|upkeep
|turn|20
|
|t:|1662412162
|move|p1a: Salamence|Dual Wingbeat|p2a: Crawdaunt
|-damage|p2a: Crawdaunt|67/100
|-damage|p2a: Crawdaunt|41/100
|-hitcount|p2a: Crawdaunt|2
|move|p2a: Crawdaunt|Knock Off|p1a: Salamence
|-damage|p1a: Salamence|20/100
|-damage|p2a: Crawdaunt|31/100|[from] item: Life Orb
|
|upkeep
|turn|21
|
|t:|1662412189
|switch|p1a: Amoonguss|Amoonguss, M|48/100
|-damage|p1a: Amoonguss|35/100|[from] Stealth Rock
|move|p2a: Crawdaunt|Aqua Jet|p1a: Amoonguss
|-resisted|p1a: Amoonguss
|-damage|p1a: Amoonguss|13/100
|-damage|p2a: Crawdaunt|15/100|[from] item: Rocky Helmet|[of] p1a: Amoonguss
|-damage|p2a: Crawdaunt|5/100|[from] item: Life Orb
|
|upkeep
|turn|22
|inactive|DarkHorse384 has 120 seconds left.
|
|t:|1662412206
|switch|p1a: Registeel|Registeel|61/100
|-damage|p1a: Registeel|55/100|[from] Stealth Rock
|move|p2a: Crawdaunt|Crabhammer|p1a: Registeel
|-damage|p1a: Registeel|0 fnt
|faint|p1a: Registeel
|-damage|p2a: Crawdaunt|0 fnt|[from] item: Life Orb
|faint|p2a: Crawdaunt
|
|upkeep
|inactive|DarkHorse384 has 120 seconds left.
|
|t:|1662412225
|switch|p2a: Celesteela|Celesteela|100/100
|switch|p1a: Amoonguss|Amoonguss, M|47/100
|-damage|p1a: Amoonguss|34/100|[from] Stealth Rock
|turn|23
|
|t:|1662412229
|switch|p1a: Chansey|Chansey, F|94/100
|-damage|p1a: Chansey|81/100|[from] Stealth Rock
|move|p2a: Celesteela|Air Slash|p1a: Chansey
|-damage|p1a: Chansey|63/100
|
|-heal|p1a: Chansey|69/100|[from] item: Leftovers
|upkeep
|turn|24
|
|t:|1662412236
|move|p2a: Celesteela|Meteor Beam||[still]
|-prepare|p2a: Celesteela|Meteor Beam
|-boost|p2a: Celesteela|spa|1
|-enditem|p2a: Celesteela|Power Herb
|-anim|p2a: Celesteela|Meteor Beam|p1a: Chansey
|-crit|p1a: Chansey
|-damage|p1a: Chansey|30/100
|move|p1a: Chansey|Soft-Boiled|p1a: Chansey
|-heal|p1a: Chansey|80/100
|
|-heal|p1a: Chansey|86/100|[from] item: Leftovers
|upkeep
|turn|25
|
|t:|1662412240
|move|p2a: Celesteela|Air Slash|p1a: Chansey
|-damage|p1a: Chansey|58/100
|move|p1a: Chansey|Thunder Wave|p2a: Celesteela
|-status|p2a: Celesteela|par
|
|-heal|p1a: Chansey|64/100|[from] item: Leftovers
|upkeep
|turn|26
|
|t:|1662412247
|move|p1a: Chansey|Soft-Boiled|p1a: Chansey
|-heal|p1a: Chansey|100/100
|move|p2a: Celesteela|Autotomize|p2a: Celesteela
|-boost|p2a: Celesteela|spe|2
|-start|p2a: Celesteela|Autotomize
|
|upkeep
|turn|27
|
|t:|1662412252
|cant|p2a: Celesteela|par
|move|p1a: Chansey|Seismic Toss|p2a: Celesteela
|-damage|p2a: Celesteela|71/100 par
|
|upkeep
|turn|28
|
|t:|1662412258
|move|p2a: Celesteela|Air Slash|p1a: Chansey
|-damage|p1a: Chansey|74/100
|move|p1a: Chansey|Seismic Toss|p2a: Celesteela
|-damage|p2a: Celesteela|41/100 par
|
|-heal|p1a: Chansey|80/100|[from] item: Leftovers
|upkeep
|turn|29
|
|t:|1662412263
|move|p2a: Celesteela|Air Slash|p1a: Chansey
|-damage|p1a: Chansey|54/100
|move|p1a: Chansey|Seismic Toss|p2a: Celesteela
|-damage|p2a: Celesteela|11/100 par
|
|-heal|p1a: Chansey|60/100|[from] item: Leftovers
|upkeep
|turn|30
|
|t:|1662412268
|move|p2a: Celesteela|Meteor Beam||[still]
|-prepare|p2a: Celesteela|Meteor Beam
|-boost|p2a: Celesteela|spa|1
|move|p1a: Chansey|Soft-Boiled|p1a: Chansey
|-heal|p1a: Chansey|100/100
|
|upkeep
|turn|31
|
|t:|1662412271
|cant|p2a: Celesteela|par
|move|p1a: Chansey|Seismic Toss|p2a: Celesteela
|-damage|p2a: Celesteela|0 fnt
|faint|p2a: Celesteela
|
|upkeep
|
|t:|1662412273
|switch|p2a: Jirachi|Jirachi|100/100
|turn|32
|
|t:|1662412278
|move|p2a: Jirachi|Cosmic Power|p2a: Jirachi
|-boost|p2a: Jirachi|def|1
|-boost|p2a: Jirachi|spd|1
|move|p1a: Chansey|Thunder Wave|p2a: Jirachi
|-status|p2a: Jirachi|par
|
|upkeep
|turn|33
|
|t:|1662412306
|switch|p1a: Conkeldurr|Conkeldurr, M|50/100 brn
|-damage|p1a: Conkeldurr|44/100 brn|[from] Stealth Rock
|move|p2a: Jirachi|Cosmic Power|p2a: Jirachi
|-boost|p2a: Jirachi|def|1
|-boost|p2a: Jirachi|spd|1
|
|-damage|p1a: Conkeldurr|38/100 brn|[from] brn
|upkeep
|turn|34
|
|t:|1662412312
|move|p1a: Conkeldurr|Knock Off|p2a: Jirachi
|-supereffective|p2a: Jirachi
|-damage|p2a: Jirachi|50/100 par
|-enditem|p2a: Jirachi|Weakness Policy
|-boost|p2a: Jirachi|atk|2|[from] item: Weakness Policy
|-boost|p2a: Jirachi|spa|2|[from] item: Weakness Policy
|move|p2a: Jirachi|Rest|p2a: Jirachi
|-status|p2a: Jirachi|slp|[from] move: Rest
|-heal|p2a: Jirachi|100/100 slp|[silent]
|
|-damage|p1a: Conkeldurr|32/100 brn|[from] brn
|upkeep
|turn|35
|
|t:|1662412321
|switch|p1a: Zygarde|Zygarde-10%|100/100
|-damage|p1a: Zygarde|94/100|[from] Stealth Rock
|-ability|p1a: Zygarde|Aura Break
|cant|p2a: Jirachi|slp
|move|p2a: Jirachi|Snore|p1a: Zygarde
|-damage|p1a: Zygarde|60/100
|
|upkeep
|turn|36
|
|t:|1662412326
|move|p1a: Zygarde|Thousand Arrows|p2a: Jirachi
|-supereffective|p2a: Jirachi
|-damage|p2a: Jirachi|51/100 slp
|cant|p2a: Jirachi|slp
|move|p2a: Jirachi|Snore|p1a: Zygarde
|-damage|p1a: Zygarde|24/100
|
|upkeep
|turn|37
|
|t:|1662412348
|move|p1a: Zygarde|Thousand Arrows|p2a: Jirachi
|-supereffective|p2a: Jirachi
|-damage|p2a: Jirachi|0 fnt
|faint|p2a: Jirachi
|
|upkeep
|
|t:|1662412356
|switch|p2a: Gardevoir|Gardevoir, M|99/100
|-ability|p2a: Gardevoir|Aura Break|[from] ability: Trace|[of] p1a: Zygarde
|-ability|p2a: Gardevoir|Aura Break
|turn|38
|
|t:|1662412367
|switch|p1a: Chansey|Chansey, F|100/100
|-damage|p1a: Chansey|88/100|[from] Stealth Rock
|move|p2a: Gardevoir|Moonblast|p1a: Chansey
|-damage|p1a: Chansey|64/100
|-unboost|p1a: Chansey|spa|1
|
|-heal|p1a: Chansey|70/100|[from] item: Leftovers
|upkeep
|turn|39
|
|t:|1662412375
|switch|p2a: Gyarados|Gyarados, F|67/100 slp
|move|p1a: Chansey|Teleport|p1a: Chansey
|
|t:|1662412379
|switch|p1a: Zygarde|Zygarde-10%|24/100|[from]move: Teleport
|-damage|p1a: Zygarde|18/100|[from] Stealth Rock
|-ability|p1a: Zygarde|Aura Break
|
|upkeep
|turn|40
|-message|Eazigzagoon forfeited.
|
|win|DarkHorse384
|raw|DarkHorse384's rating: 1484 &rarr; <strong>1504</strong><br />(+20 for winning)
|raw|Eazigzagoon's rating: 1485 &rarr; <strong>1465</strong><br />(-20 for losing)
|l|☆Eazigzagoon
