|j|☆Reiko86
|j|☆Hastabouddah
|t:|1663008819
|gametype|singles
|player|p1|Reiko86|riley|1353
|player|p2|Hastabouddah|madame|1490
|teamsize|p1|6
|teamsize|p2|6
|gen|8
|tier|[Gen 8] UU
|rated|
|rule|Sleep Clause Mod: Limit one foe put to sleep
|rule|Species Clause: Limit one of each Pokémon
|rule|OHKO Clause: OHKO moves are banned
|rule|Evasion Items Clause: Evasion items are banned
|rule|Evasion Moves Clause: Evasion moves are banned
|rule|Endless Battle Clause: Forcing endless battles is banned
|rule|HP Percentage Mod: HP is shown in percentages
|rule|Dynamax Clause: You cannot dynamax
|clearpoke
|poke|p1|Carbink|
|poke|p1|Conkeldurr, F|
|poke|p1|Marowak-Alola, M|
|poke|p1|Cresselia, F|
|poke|p1|Vikavolt, M|
|poke|p1|Porygon2|
|poke|p2|Gardevoir, M|
|poke|p2|Celesteela|
|poke|p2|Jirachi|
|poke|p2|Gyarados, M|
|poke|p2|Accelgor, M|
|poke|p2|Azumarill, F|
|teampreview
|c|☆Reiko86|gg i win
|
|t:|1663008840
|start
|switch|p1a: Carbink|Carbink, shiny|100/100
|switch|p2a: Accelgor|Accelgor, M|100/100
|turn|1
|
|t:|1663008863
|move|p2a: Accelgor|Final Gambit|p1a: Carbink
|-ability|p1a: Carbink|Sturdy
|-damage|p1a: Carbink|1/100
|faint|p2a: Accelgor
|move|p1a: Carbink|Stealth Rock|p2: Accelgor
|-sidestart|p2: Hastabouddah|move: Stealth Rock
|
|upkeep
|
|t:|1663008874
|switch|p2a: Azumarill|Azumarill, F|100/100
|-damage|p2a: Azumarill|88/100|[from] Stealth Rock
|turn|2
|
|t:|1663008879
|move|p2a: Azumarill|Belly Drum|p2a: Azumarill
|-damage|p2a: Azumarill|38/100
|-setboost|p2a: Azumarill|atk|6|[from] move: Belly Drum
|-enditem|p2a: Azumarill|Sitrus Berry|[eat]
|-heal|p2a: Azumarill|63/100|[from] item: Sitrus Berry
|move|p1a: Carbink|Trick Room|p1a: Carbink
|-fieldstart|move: Trick Room|[of] p1a: Carbink
|
|upkeep
|turn|3
|
|t:|1663008889
|move|p2a: Azumarill|Aqua Jet|p1a: Carbink
|-supereffective|p1a: Carbink
|-crit|p1a: Carbink
|-damage|p1a: Carbink|0 fnt
|faint|p1a: Carbink
|
|upkeep
|
|t:|1663008898
|switch|p1a: Vikavolt|Vikavolt, M|100/100
|turn|4
|
|t:|1663008901
|move|p2a: Azumarill|Aqua Jet|p1a: Vikavolt
|-damage|p1a: Vikavolt|0 fnt
|faint|p1a: Vikavolt
|
|upkeep
|
|t:|1663008906
|switch|p1a: Porygon2|Porygon2, shiny|100/100
|-ability|p1a: Porygon2|Huge Power|[from] ability: Trace|[of] p2a: Azumarill
|turn|5
|c|☆Reiko86|that had to max rolled
|c|☆Hastabouddah|oh bro im sorry
|inactive|Battle timer is ON: inactive players will automatically lose when time's up. (requested by Reiko86)
|
|t:|1663008941
|move|p1a: Porygon2|Discharge|p2a: Azumarill
|-supereffective|p2a: Azumarill
|-damage|p2a: Azumarill|19/100
|move|p2a: Azumarill|Knock Off|p1a: Porygon2
|-damage|p1a: Porygon2|0 fnt
|-enditem|p1a: Porygon2|Eviolite|[from] move: Knock Off|[of] p2a: Azumarill
|faint|p1a: Porygon2
|
|upkeep
|
|t:|1663008950
|switch|p1a: Conkeldurr|Conkeldurr, F|100/100
|turn|6
|
|t:|1663008961
|move|p2a: Azumarill|Aqua Jet|p1a: Conkeldurr
|-crit|p1a: Conkeldurr
|-damage|p1a: Conkeldurr|0 fnt
|faint|p1a: Conkeldurr
|
|-fieldend|move: Trick Room
|upkeep
|c|☆Reiko86|and now a crit for the save
|inactive|Reiko86 has 120 seconds left.
|c|☆Reiko86|game really wanted you to win
|c|☆Hastabouddah|;))
|-message|Reiko86 forfeited.
|
|win|Hastabouddah
|raw|Reiko86's rating: 1353 &rarr; <strong>1341</strong><br />(-12 for losing)
|raw|Hastabouddah's rating: 1490 &rarr; <strong>1502</strong><br />(+12 for winning)
|l|☆Reiko86
|c|☆Hastabouddah|gg u lose
