|j|☆Greyheracross
|j|☆Miss-Caratroc
|player|p1|Greyheracross|162|1542
|player|p2|Miss-Caratroc|preschoolerf|1578
|teamsize|p1|6
|teamsize|p2|6
|gametype|singles
|gen|8
|tier|[Gen 8] UU
|rated|
|rule|Sleep Clause Mod: Limit one foe put to sleep
|rule|Species Clause: Limit one of each Pokémon
|rule|OHKO Clause: OHKO moves are banned
|rule|Evasion Moves Clause: Evasion moves are banned
|rule|Endless Battle Clause: Forcing endless battles is banned
|rule|HP Percentage Mod: HP is shown in percentages
|clearpoke
|poke|p1|Rhyperior, M|
|poke|p1|Frosmoth, M|
|poke|p1|Rotom-Mow|
|poke|p1|Umbreon, F|
|poke|p1|Golisopod, M|
|poke|p1|Salazzle, F|
|poke|p2|Pyukumuku, M|
|poke|p2|Sylveon, M|
|poke|p2|Avalugg, F|
|poke|p2|Bronzong|
|poke|p2|Vileplume, F|
|poke|p2|Haxorus, F|
|rule|Dynamax Clause: You cannot dynamax
|teampreview
|j| NeoNeoGen
|
|start
|switch|p1a: Rhyperior|Rhyperior, M|100/100
|switch|p2a: Bronzong|Bronzong|100/100
|turn|1
|
|move|p1a: Rhyperior|Stealth Rock|p2a: Bronzong
|-sidestart|p2: Miss-Caratroc|move: Stealth Rock
|move|p2a: Bronzong|Stealth Rock|p1a: Rhyperior
|-sidestart|p1: Greyheracross|move: Stealth Rock
|
|upkeep
|turn|2
|
|move|p1a: Rhyperior|Stone Edge|p2a: Bronzong
|-resisted|p2a: Bronzong
|-damage|p2a: Bronzong|85/100
|move|p2a: Bronzong|Future Sight|p1a: Rhyperior
|-start|p2a: Bronzong|move: Future Sight
|
|upkeep
|turn|3
|
|move|p1a: Rhyperior|Stone Edge|p2a: Bronzong
|-resisted|p2a: Bronzong
|-damage|p2a: Bronzong|68/100
|move|p2a: Bronzong|Hypnosis|p1a: Rhyperior
|-status|p1a: Rhyperior|slp|[from] move: Hypnosis
|
|upkeep
|turn|4
|
|switch|p1a: Umbreon|Umbreon, F|100/100
|-damage|p1a: Umbreon|88/100|[from] Stealth Rock
|switch|p2a: Avalugg|Avalugg, F|100/100
|
|-end|p1a: Umbreon|move: Future Sight
|-immune|p1a: Umbreon
|-heal|p1a: Umbreon|94/100|[from] item: Leftovers
|upkeep
|turn|5
|
|move|p1a: Umbreon|Wish|p1a: Umbreon
|move|p2a: Avalugg|Rapid Spin|p1a: Umbreon
|-damage|p1a: Umbreon|84/100
|-sideend|p2: Miss-Caratroc|Stealth Rock|[from] move: Rapid Spin|[of] p2a: Avalugg
|-boost|p2a: Avalugg|spe|1
|
|-heal|p1a: Umbreon|90/100|[from] item: Leftovers
|upkeep
|turn|6
|
|switch|p1a: Golisopod|Golisopod, M|100/100
|switch|p2a: Haxorus|Haxorus, F|100/100
|-ability|p2a: Haxorus|Mold Breaker
|
|upkeep
|turn|7
|
|switch|p2a: Avalugg|Avalugg, F|100/100
|move|p1a: Golisopod|First Impression|p2a: Avalugg
|-damage|p2a: Avalugg|81/100
|
|upkeep
|turn|8
|
|move|p1a: Golisopod|Liquidation|p2a: Avalugg
|-crit|p2a: Avalugg
|-damage|p2a: Avalugg|52/100
|move|p2a: Avalugg|Body Press|p1a: Golisopod
|-resisted|p1a: Golisopod
|-damage|p1a: Golisopod|85/100
|
|upkeep
|turn|9
|
|switch|p1a: Salazzle|Salazzle, F|100/100
|-damage|p1a: Salazzle|76/100|[from] Stealth Rock
|move|p2a: Avalugg|Recover|p2a: Avalugg
|-heal|p2a: Avalugg|100/100
|
|-heal|p1a: Salazzle|82/100|[from] item: Leftovers
|upkeep
|turn|10
|
|switch|p2a: Haxorus|Haxorus, F|100/100
|-ability|p2a: Haxorus|Mold Breaker
|move|p1a: Salazzle|Toxic|p2a: Haxorus
|-status|p2a: Haxorus|tox
|-enditem|p2a: Haxorus|Lum Berry|[eat]
|-curestatus|p2a: Haxorus|tox|[msg]
|
|-heal|p1a: Salazzle|88/100|[from] item: Leftovers
|upkeep
|turn|11
|
|switch|p1a: Golisopod|Golisopod, M|85/100
|move|p2a: Haxorus|Earthquake|p1a: Golisopod
|-resisted|p1a: Golisopod
|-damage|p1a: Golisopod|71/100
|
|upkeep
|turn|12
|
|switch|p2a: Vileplume|Vileplume, F|100/100
|move|p1a: Golisopod|First Impression|p2a: Vileplume
|-damage|p2a: Vileplume|64/100
|
|-heal|p2a: Vileplume|70/100|[from] item: Black Sludge
|upkeep
|turn|13
|
|switch|p1a: Umbreon|Umbreon, F|90/100
|-damage|p1a: Umbreon|78/100|[from] Stealth Rock
|move|p2a: Vileplume|Leech Seed|p1a: Umbreon
|-start|p1a: Umbreon|move: Leech Seed
|
|-heal|p1a: Umbreon|84/100|[from] item: Leftovers
|-heal|p2a: Vileplume|76/100|[from] item: Black Sludge
|-damage|p1a: Umbreon|72/100|[from] Leech Seed|[of] p2a: Vileplume
|-heal|p2a: Vileplume|90/100|[silent]
|upkeep
|turn|14
|
|switch|p2a: Bronzong|Bronzong|68/100
|move|p1a: Umbreon|Wish|p1a: Umbreon
|
|-heal|p1a: Umbreon|78/100|[from] item: Leftovers
|-damage|p1a: Umbreon|65/100|[from] Leech Seed|[of] p2a: Bronzong
|-heal|p2a: Bronzong|82/100|[silent]
|upkeep
|turn|15
|
|switch|p1a: Salazzle|Salazzle, F|88/100
|-damage|p1a: Salazzle|63/100|[from] Stealth Rock
|move|p2a: Bronzong|Future Sight|p1a: Salazzle
|-start|p2a: Bronzong|move: Future Sight
|
|-heal|p1a: Salazzle|100/100|[from] move: Wish|[wisher] Umbreon
|upkeep
|turn|16
|
|move|p1a: Salazzle|Substitute|p1a: Salazzle
|-start|p1a: Salazzle|Substitute
|-damage|p1a: Salazzle|76/100
|move|p2a: Bronzong|Hypnosis||[still]
|-fail|p2a: Bronzong
|
|-heal|p1a: Salazzle|82/100|[from] item: Leftovers
|upkeep
|turn|17
|
|move|p1a: Salazzle|Toxic|p2a: Bronzong
|-status|p2a: Bronzong|tox
|move|p2a: Bronzong|Gyro Ball|p1a: Salazzle
|-resisted|p1a: Salazzle
|-end|p1a: Salazzle|Substitute
|
|-end|p1a: Salazzle|move: Future Sight
|-supereffective|p1a: Salazzle
|-damage|p1a: Salazzle|0 fnt
|faint|p1a: Salazzle
|-damage|p2a: Bronzong|76/100 tox|[from] psn
|upkeep
|
|switch|p1a: Rotom|Rotom-Mow|100/100
|-damage|p1a: Rotom|88/100|[from] Stealth Rock
|turn|18
|
|switch|p2a: Vileplume|Vileplume, F|90/100
|move|p1a: Rotom|Trick|p2a: Vileplume
|-activate|p1a: Rotom|move: Trick|[of] p2a: Vileplume
|-item|p2a: Vileplume|Choice Scarf|[from] move: Trick
|-item|p1a: Rotom|Black Sludge|[from] move: Trick
|
|-damage|p1a: Rotom|76/100|[from] item: Black Sludge
|upkeep
|turn|19
|
|move|p1a: Rotom|Volt Switch|p2a: Vileplume
|-resisted|p2a: Vileplume
|-damage|p2a: Vileplume|74/100
|
|switch|p1a: Umbreon|Umbreon, F|65/100|[from]move: Volt Switch
|-damage|p1a: Umbreon|53/100|[from] Stealth Rock
|move|p2a: Vileplume|Sludge Bomb|p1a: Umbreon
|-damage|p1a: Umbreon|37/100
|-status|p1a: Umbreon|psn
|-activate|p1a: Umbreon|ability: Synchronize
|-immune|p2a: Vileplume
|
|-heal|p1a: Umbreon|43/100 psn|[from] item: Leftovers
|-damage|p1a: Umbreon|30/100 psn|[from] psn
|upkeep
|turn|20
|
|switch|p2a: Avalugg|Avalugg, F|100/100
|move|p1a: Umbreon|Wish|p1a: Umbreon
|
|-heal|p1a: Umbreon|36/100 psn|[from] item: Leftovers
|-damage|p1a: Umbreon|24/100 psn|[from] psn
|upkeep
|turn|21
|j| Old Raikage
|
|move|p1a: Umbreon|Protect|p1a: Umbreon
|-singleturn|p1a: Umbreon|Protect
|move|p2a: Avalugg|Iron Defense|p2a: Avalugg
|-boost|p2a: Avalugg|def|2
|
|-heal|p1a: Umbreon|74/100 psn|[from] move: Wish|[wisher] Umbreon
|-heal|p1a: Umbreon|80/100 psn|[from] item: Leftovers
|-damage|p1a: Umbreon|68/100 psn|[from] psn
|upkeep
|turn|22
|
|move|p1a: Umbreon|Yawn|p2a: Avalugg
|-start|p2a: Avalugg|move: Yawn|[of] p1a: Umbreon
|move|p2a: Avalugg|Body Press|p1a: Umbreon
|-supereffective|p1a: Umbreon
|-damage|p1a: Umbreon|0 fnt
|faint|p1a: Umbreon
|
|upkeep
|
|switch|p1a: Rotom|Rotom-Mow|76/100
|-damage|p1a: Rotom|63/100|[from] Stealth Rock
|turn|23
|
|switch|p2a: Vileplume|Vileplume, F|74/100
|move|p1a: Rotom|Nasty Plot|p1a: Rotom
|-boost|p1a: Rotom|spa|2
|
|-damage|p1a: Rotom|51/100|[from] item: Black Sludge
|upkeep
|turn|24
|
|move|p1a: Rotom|Volt Switch|p2a: Vileplume
|-resisted|p2a: Vileplume
|-damage|p2a: Vileplume|39/100
|
|switch|p1a: Rhyperior|Rhyperior, M|100/100 slp|[from]move: Volt Switch
|-damage|p1a: Rhyperior|94/100 slp|[from] Stealth Rock
|move|p2a: Vileplume|Sludge Bomb|p1a: Rhyperior
|-resisted|p1a: Rhyperior
|-damage|p1a: Rhyperior|87/100 slp
|
|-heal|p1a: Rhyperior|93/100 slp|[from] item: Leftovers
|upkeep
|turn|25
|
|switch|p2a: Avalugg|Avalugg, F|100/100
|switch|p1a: Golisopod|Golisopod, M|71/100
|
|upkeep
|turn|26
|
|switch|p1a: Rotom|Rotom-Mow|51/100
|-damage|p1a: Rotom|38/100|[from] Stealth Rock
|move|p2a: Avalugg|Iron Defense|p2a: Avalugg
|-boost|p2a: Avalugg|def|2
|
|-damage|p1a: Rotom|26/100|[from] item: Black Sludge
|upkeep
|turn|27
|
|switch|p2a: Vileplume|Vileplume, F|39/100
|move|p1a: Rotom|Leaf Storm|p2a: Vileplume
|-resisted|p2a: Vileplume
|-crit|p2a: Vileplume
|-damage|p2a: Vileplume|18/100
|-unboost|p1a: Rotom|spa|2
|
|-damage|p1a: Rotom|13/100|[from] item: Black Sludge
|upkeep
|turn|28
|
|move|p1a: Rotom|Volt Switch|p2a: Vileplume
|-resisted|p2a: Vileplume
|-damage|p2a: Vileplume|9/100
|
|switch|p1a: Golisopod|Golisopod, M|71/100|[from]move: Volt Switch
|move|p2a: Vileplume|Strength Sap|p1a: Golisopod
|-unboost|p1a: Golisopod|atk|1
|-heal|p2a: Vileplume|100/100
|
|upkeep
|turn|29
|
|switch|p2a: Avalugg|Avalugg, F|100/100
|switch|p1a: Frosmoth|Frosmoth, M|100/100
|
|upkeep
|turn|30
|
|switch|p2a: Pyukumuku|Pyukumuku, M|100/100
|move|p1a: Frosmoth|Quiver Dance|p1a: Frosmoth
|-boost|p1a: Frosmoth|spa|1
|-boost|p1a: Frosmoth|spd|1
|-boost|p1a: Frosmoth|spe|1
|
|upkeep
|turn|31
|
|move|p1a: Frosmoth|Bug Buzz|p2a: Pyukumuku
|-damage|p2a: Pyukumuku|71/100
|move|p2a: Pyukumuku|Toxic|p1a: Frosmoth
|-status|p1a: Frosmoth|tox
|
|-heal|p2a: Pyukumuku|77/100|[from] item: Leftovers
|-damage|p1a: Frosmoth|94/100 tox|[from] psn
|upkeep
|turn|32
|-message|Greyheracross forfeited.
|
|win|Miss-Caratroc
|l|☆Greyheracross
|raw|Greyheracross's rating: 1542 &rarr; <strong>1524</strong><br />(-18 for losing)
|raw|Miss-Caratroc's rating: 1578 &rarr; <strong>1596</strong><br />(+18 for winning)
