|j|☆Corporate Donkey
|j|☆senegal
|t:|1654540416
|gametype|singles
|player|p1|Corporate Donkey|ingo|1371
|player|p2|senegal|1|1292
|teamsize|p1|6
|teamsize|p2|6
|gen|8
|tier|[Gen 8] UU
|rated|
|rule|Sleep Clause Mod: Limit one foe put to sleep
|rule|Species Clause: Limit one of each Pokémon
|rule|OHKO Clause: OHKO moves are banned
|rule|Evasion Moves Clause: Evasion moves are banned
|rule|Endless Battle Clause: Forcing endless battles is banned
|rule|HP Percentage Mod: HP is shown in percentages
|rule|Dynamax Clause: You cannot dynamax
|clearpoke
|poke|p1|Cobalion|
|poke|p1|Salamence, M|
|poke|p1|Diggersby, M|
|poke|p1|Reuniclus, M|
|poke|p1|Primarina, F|
|poke|p1|Tangrowth, M|
|poke|p2|Nihilego|
|poke|p2|Hippowdon, M|
|poke|p2|Jirachi|
|poke|p2|Zarude|
|poke|p2|Conkeldurr, F|
|poke|p2|Tentacruel, M|
|teampreview
|c|☆Corporate Donkey|gl hf
|
|t:|1654540456
|start
|switch|p1a: DigDug|Diggersby, M|100/100
|switch|p2a: Hippowdon|Hippowdon, M|100/100
|-weather|Sandstorm|[from] ability: Sand Stream|[of] p2a: Hippowdon
|turn|1
|
|t:|1654540465
|move|p1a: DigDug|U-turn|p2a: Hippowdon
|-damage|p2a: Hippowdon|84/100
|-damage|p1a: DigDug|84/100|[from] item: Rocky Helmet|[of] p2a: Hippowdon
|
|t:|1654540470
|switch|p1a: Squishy|Reuniclus, M|100/100|[from]move: U-turn
|move|p2a: Hippowdon|Stealth Rock|p1a: Squishy
|-sidestart|p1: Corporate Donkey|move: Stealth Rock
|
|-weather|Sandstorm|[upkeep]
|upkeep
|turn|2
|j| sachalenul
|l| sachalenul
|
|t:|1654540544
|switch|p2a: Zarude|Zarude|100/100
|move|p1a: Squishy|Focus Blast|p2a: Zarude
|-supereffective|p2a: Zarude
|-damage|p2a: Zarude|0 fnt
|faint|p2a: Zarude
|
|-weather|Sandstorm|[upkeep]
|upkeep
|
|t:|1654540547
|switch|p2a: Jirachi|Jirachi|100/100
|turn|3
|
|t:|1654540557
|switch|p1a: DigDug|Diggersby, M|84/100
|-damage|p1a: DigDug|78/100|[from] Stealth Rock
|move|p2a: Jirachi|Body Slam|p1a: DigDug
|-crit|p1a: DigDug
|-damage|p1a: DigDug|40/100
|
|-weather|Sandstorm|[upkeep]
|upkeep
|turn|4
|
|t:|1654540574
|switch|p2a: Hippowdon|Hippowdon, M|84/100
|move|p1a: DigDug|Earthquake|p2a: Hippowdon
|-damage|p2a: Hippowdon|51/100
|
|-weather|Sandstorm|[upkeep]
|upkeep
|turn|5
|
|t:|1654540581
|switch|p1a: Rodrigo|Salamence, M|100/100
|-ability|p1a: Rodrigo|Intimidate|boost
|-unboost|p2a: Hippowdon|atk|1
|move|p2a: Hippowdon|Slack Off|p2a: Hippowdon
|-heal|p2a: Hippowdon|100/100
|
|-weather|none
|upkeep
|turn|6
|
|t:|1654540594
|switch|p1a: Squishy|Reuniclus, M|100/100
|switch|p2a: Nihilego|Nihilego|100/100
|
|upkeep
|turn|7
|
|t:|1654540604
|switch|p2a: Jirachi|Jirachi|100/100
|move|p1a: Squishy|Psychic|p2a: Jirachi
|-resisted|p2a: Jirachi
|-damage|p2a: Jirachi|91/100
|
|-heal|p2a: Jirachi|97/100|[from] item: Leftovers
|upkeep
|turn|8
|
|t:|1654540617
|switch|p1a: Horacio|Cobalion|100/100
|-damage|p1a: Horacio|97/100|[from] Stealth Rock
|move|p2a: Jirachi|U-turn|p1a: Horacio
|-resisted|p1a: Horacio
|-damage|p1a: Horacio|94/100
|-damage|p2a: Jirachi|80/100|[from] item: Rocky Helmet|[of] p1a: Horacio
|
|t:|1654540619
|switch|p2a: Conkeldurr|Conkeldurr, F|100/100|[from]move: U-turn
|
|upkeep
|turn|9
|
|t:|1654540624
|switch|p1a: Rodrigo|Salamence, M|100/100
|-ability|p1a: Rodrigo|Intimidate|boost
|-unboost|p2a: Conkeldurr|atk|1
|move|p2a: Conkeldurr|Bulk Up|p2a: Conkeldurr
|-boost|p2a: Conkeldurr|atk|1
|-boost|p2a: Conkeldurr|def|1
|
|upkeep
|turn|10
|
|t:|1654540632
|move|p1a: Rodrigo|Hurricane|p2a: Conkeldurr
|-supereffective|p2a: Conkeldurr
|-damage|p2a: Conkeldurr|0 fnt
|faint|p2a: Conkeldurr
|
|upkeep
|-message|senegal forfeited.
|
|win|Corporate Donkey
|raw|Corporate Donkey's rating: 1371 &rarr; <strong>1387</strong><br />(+16 for winning)
|raw|senegal's rating: 1292 &rarr; <strong>1273</strong><br />(-19 for losing)
|l|☆senegal
