|raw|<div class="broadcast-blue"><strong>This battle is required to be public due to a player having a name starting with 'uult92q'.</div>
|j|☆UULT92Q DGONNB
|j|☆chiharu haru
|t:|1652193757
|gametype|singles
|player|p1|UULT92Q DGONNB|marlon|1311
|player|p2|chiharu haru|yellow|1574
|teamsize|p1|6
|teamsize|p2|6
|gen|8
|tier|[Gen 8] UU
|rated|
|rule|Sleep Clause Mod: Limit one foe put to sleep
|rule|Species Clause: Limit one of each Pokémon
|rule|OHKO Clause: OHKO moves are banned
|rule|Evasion Moves Clause: Evasion moves are banned
|rule|Endless Battle Clause: Forcing endless battles is banned
|rule|HP Percentage Mod: HP is shown in percentages
|rule|Dynamax Clause: You cannot dynamax
|clearpoke
|poke|p1|Excadrill, F|
|poke|p1|Cobalion|
|poke|p1|Aegislash, F|
|poke|p1|Celesteela|
|poke|p1|Slowbro-Galar, M|
|poke|p1|Gyarados, F|
|poke|p2|Scizor, M|
|poke|p2|Rotom-Wash|
|poke|p2|Hippowdon, F|
|poke|p2|Zarude|
|poke|p2|Moltres|
|poke|p2|Zygarde-10%|
|teampreview
|inactive|Battle timer is ON: inactive players will automatically lose when time's up. (requested by UULT92Q DGONNB)
|
|t:|1652193768
|start
|switch|p1a: Excadrill|Excadrill, F|100/100
|switch|p2a: Zygarde-10% off|Zygarde-10%|100/100
|-ability|p2a: Zygarde-10% off|Aura Break
|-ability|p1a: Excadrill|Mold Breaker
|turn|1
|
|t:|1652193771
|move|p2a: Zygarde-10% off|Thousand Arrows|p1a: Excadrill
|-supereffective|p1a: Excadrill
|-enditem|p1a: Excadrill|Focus Sash
|-damage|p1a: Excadrill|1/100
|move|p1a: Excadrill|Rock Tomb|p2a: Zygarde-10% off
|-resisted|p2a: Zygarde-10% off
|-damage|p2a: Zygarde-10% off|80/100
|-unboost|p2a: Zygarde-10% off|spe|1
|
|upkeep
|turn|2
|
|t:|1652193778
|move|p1a: Excadrill|Stealth Rock|p2a: Zygarde-10% off
|-sidestart|p2: chiharu haru|move: Stealth Rock
|move|p2a: Zygarde-10% off|Thousand Arrows|p1a: Excadrill
|-supereffective|p1a: Excadrill
|-damage|p1a: Excadrill|0 fnt
|faint|p1a: Excadrill
|
|upkeep
|
|t:|1652193805
|switch|p1a: Cobalion|Cobalion|100/100
|turn|3
|
|t:|1652193812
|switch|p2a: wishy washy|Rotom-Wash|100/100
|-damage|p2a: wishy washy|88/100|[from] Stealth Rock
|move|p1a: Cobalion|Swords Dance|p1a: Cobalion
|-boost|p1a: Cobalion|atk|2
|
|-heal|p2a: wishy washy|94/100|[from] item: Leftovers
|upkeep
|turn|4
|
|t:|1652193816
|move|p1a: Cobalion|Swords Dance|p1a: Cobalion
|-boost|p1a: Cobalion|atk|2
|move|p2a: wishy washy|Defog|p1a: Cobalion
|-unboost|p1a: Cobalion|evasion|1
|-sideend|p2: chiharu haru|Stealth Rock|[from] move: Defog|[of] p2a: wishy washy
|
|-heal|p2a: wishy washy|100/100|[from] item: Leftovers
|upkeep
|turn|5
|
|t:|1652193823
|switch|p2a: moltres leches|Moltres|100/100
|move|p1a: Cobalion|Close Combat|p2a: moltres leches
|-resisted|p2a: moltres leches
|-damage|p2a: moltres leches|25/100
|-unboost|p1a: Cobalion|def|1
|-unboost|p1a: Cobalion|spd|1
|-status|p1a: Cobalion|brn|[from] ability: Flame Body|[of] p2a: moltres leches
|
|-damage|p1a: Cobalion|94/100 brn|[from] brn
|upkeep
|turn|6
|
|t:|1652193827
|switch|p2a: command the sand|Hippowdon, F|100/100
|-weather|Sandstorm|[from] ability: Sand Stream|[of] p2a: command the sand
|move|p1a: Cobalion|Close Combat|p2a: command the sand
|-damage|p2a: command the sand|62/100
|-unboost|p1a: Cobalion|def|1
|-unboost|p1a: Cobalion|spd|1
|
|-weather|Sandstorm|[upkeep]
|-heal|p2a: command the sand|68/100|[from] item: Leftovers
|-damage|p1a: Cobalion|88/100 brn|[from] brn
|upkeep
|turn|7
|
|t:|1652193838
|switch|p1a: Aegislash|Aegislash, F|100/100
|-item|p1a: Aegislash|Air Balloon
|move|p2a: command the sand|Stealth Rock|p1a: Aegislash
|-sidestart|p1: UULT92Q DGONNB|move: Stealth Rock
|
|-weather|Sandstorm|[upkeep]
|-heal|p2a: command the sand|74/100|[from] item: Leftovers
|upkeep
|turn|8
|
|t:|1652193845
|switch|p2a: zapolite|Zarude|100/100
|move|p1a: Aegislash|Swords Dance|p1a: Aegislash
|-boost|p1a: Aegislash|atk|2
|
|-weather|Sandstorm|[upkeep]
|-damage|p2a: zapolite|95/100|[from] Sandstorm
|upkeep
|turn|9
|
|t:|1652193848
|move|p2a: zapolite|Darkest Lariat|p1a: Aegislash
|-supereffective|p1a: Aegislash
|-damage|p1a: Aegislash|0 fnt
|-enditem|p1a: Aegislash|Air Balloon
|faint|p1a: Aegislash
|
|-weather|Sandstorm|[upkeep]
|-damage|p2a: zapolite|89/100|[from] Sandstorm
|upkeep
|
|t:|1652193853
|switch|p1a: Slowbro|Slowbro-Galar, M|100/100
|-damage|p1a: Slowbro|88/100|[from] Stealth Rock
|turn|10
|
|t:|1652193855
|move|p2a: zapolite|Darkest Lariat|p1a: Slowbro
|-supereffective|p1a: Slowbro
|-damage|p1a: Slowbro|0 fnt
|faint|p1a: Slowbro
|
|-weather|none
|upkeep
|-message|UULT92Q DGONNB forfeited.
|
|win|chiharu haru
|raw|UULT92Q DGONNB's rating: 1311 &rarr; <strong>1304</strong><br />(-7 for losing)
|raw|chiharu haru's rating: 1574 &rarr; <strong>1581</strong><br />(+7 for winning)
|l|☆UULT92Q DGONNB
|j| aro nova
