|j|☆randomloudnoises
|j|☆Exi_Dudi
|t:|1666702140
|gametype|singles
|player|p1|randomloudnoises|ethan-gen2|1182
|player|p2|Exi_Dudi|doctor-gen8|1442
|teamsize|p1|6
|teamsize|p2|6
|gen|8
|tier|[Gen 8] UU
|rated|
|rule|Sleep Clause Mod: Limit one foe put to sleep
|rule|Species Clause: Limit one of each Pokémon
|rule|OHKO Clause: OHKO moves are banned
|rule|Evasion Items Clause: Evasion items are banned
|rule|Evasion Moves Clause: Evasion moves are banned
|rule|Endless Battle Clause: Forcing endless battles is banned
|rule|HP Percentage Mod: HP is shown in percentages
|rule|Dynamax Clause: You cannot dynamax
|clearpoke
|poke|p1|Torkoal, M|
|poke|p1|Politoed, F|
|poke|p1|Azumarill, F|
|poke|p1|Darmanitan, M|
|poke|p1|Gyarados, M|
|poke|p1|Claydol|
|poke|p2|Cofagrigus, M|
|poke|p2|Primarina, M|
|poke|p2|Chansey, F|
|poke|p2|Scizor, F|
|poke|p2|Salamence, M|
|poke|p2|Hippowdon, M|
|teampreview
|inactive|Battle timer is ON: inactive players will automatically lose when time's up. (requested by Exi_Dudi)
|
|t:|1666702163
|start
|switch|p1a: Gyarados|Gyarados, M|100/100
|switch|p2a: Scizor|Scizor, F|100/100
|-ability|p1a: Gyarados|Intimidate|boost
|-unboost|p2a: Scizor|atk|1
|turn|1
|
|t:|1666702171
|move|p1a: Gyarados|Dragon Dance|p1a: Gyarados
|-boost|p1a: Gyarados|atk|1
|-boost|p1a: Gyarados|spe|1
|move|p2a: Scizor|U-turn|p1a: Gyarados
|-resisted|p1a: Gyarados
|-damage|p1a: Gyarados|86/100
|
|t:|1666702174
|switch|p2a: Cofagrigus|Cofagrigus, M|100/100|[from]move: U-turn
|
|-heal|p1a: Gyarados|92/100|[from] item: Leftovers
|upkeep
|turn|2
|
|t:|1666702181
|move|p1a: Gyarados|Waterfall|p2a: Cofagrigus
|-damage|p2a: Cofagrigus|59/100
|-activate|p2a: Cofagrigus|ability: Mummy|Intimidate|[of] p1a: Gyarados
|move|p2a: Cofagrigus|Iron Defense|p2a: Cofagrigus
|-boost|p2a: Cofagrigus|def|2
|
|-heal|p1a: Gyarados|98/100|[from] item: Leftovers
|upkeep
|turn|3
|
|t:|1666702196
|switch|p1a: Torkoal|Torkoal, M|100/100
|-weather|SunnyDay|[from] ability: Drought|[of] p1a: Torkoal
|move|p2a: Cofagrigus|Iron Defense|p2a: Cofagrigus
|-boost|p2a: Cofagrigus|def|2
|
|-weather|SunnyDay|[upkeep]
|upkeep
|turn|4
|
|t:|1666702203
|move|p2a: Cofagrigus|Rest|p2a: Cofagrigus
|-status|p2a: Cofagrigus|slp|[from] move: Rest
|-heal|p2a: Cofagrigus|100/100 slp|[silent]
|-enditem|p2a: Cofagrigus|Chesto Berry|[eat]
|-curestatus|p2a: Cofagrigus|slp|[msg]
|move|p1a: Torkoal|Overheat|p2a: Cofagrigus
|-damage|p2a: Cofagrigus|19/100
|-unboost|p1a: Torkoal|spa|2
|-enditem|p1a: Torkoal|White Herb
|-clearnegativeboost|p1a: Torkoal|[silent]
|
|-weather|SunnyDay|[upkeep]
|upkeep
|turn|5
|
|t:|1666702216
|move|p2a: Cofagrigus|Rest|p2a: Cofagrigus
|-status|p2a: Cofagrigus|slp|[from] move: Rest
|-heal|p2a: Cofagrigus|100/100 slp|[silent]
|move|p1a: Torkoal|Overheat|p2a: Cofagrigus|[miss]
|-miss|p1a: Torkoal|p2a: Cofagrigus
|
|-weather|SunnyDay|[upkeep]
|upkeep
|turn|6
|
|t:|1666702223
|cant|p2a: Cofagrigus|slp
|move|p1a: Torkoal|Overheat|p2a: Cofagrigus
|-damage|p2a: Cofagrigus|8/100 slp
|-unboost|p1a: Torkoal|spa|2
|
|-weather|SunnyDay|[upkeep]
|upkeep
|turn|7
|
|t:|1666702232
|switch|p2a: Chansey|Chansey, F|100/100
|move|p1a: Torkoal|Overheat|p2a: Chansey
|-damage|p2a: Chansey|88/100
|-unboost|p1a: Torkoal|spa|2
|
|-weather|none
|upkeep
|turn|8
|
|t:|1666702240
|switch|p1a: Gyarados|Gyarados, M|98/100
|-ability|p1a: Gyarados|Intimidate|boost
|-unboost|p2a: Chansey|atk|1
|move|p2a: Chansey|Wish|p2a: Chansey
|
|-heal|p1a: Gyarados|100/100|[from] item: Leftovers
|upkeep
|turn|9
|
|t:|1666702248
|switch|p2a: Cofagrigus|Cofagrigus, M|8/100 slp
|move|p1a: Gyarados|Dragon Dance|p1a: Gyarados
|-boost|p1a: Gyarados|atk|1
|-boost|p1a: Gyarados|spe|1
|
|-heal|p2a: Cofagrigus|100/100 slp|[from] move: Wish|[wisher] Chansey
|upkeep
|turn|10
|
|t:|1666702256
|move|p1a: Gyarados|Dragon Dance|p1a: Gyarados
|-boost|p1a: Gyarados|atk|1
|-boost|p1a: Gyarados|spe|1
|cant|p2a: Cofagrigus|slp
|
|upkeep
|turn|11
|
|t:|1666702262
|move|p1a: Gyarados|Waterfall|p2a: Cofagrigus
|-damage|p2a: Cofagrigus|48/100 slp
|-activate|p2a: Cofagrigus|ability: Mummy|Intimidate|[of] p1a: Gyarados
|-curestatus|p2a: Cofagrigus|slp|[msg]
|move|p2a: Cofagrigus|Iron Defense|p2a: Cofagrigus
|-boost|p2a: Cofagrigus|def|2
|
|upkeep
|turn|12
|
|t:|1666702270
|move|p1a: Gyarados|Waterfall|p2a: Cofagrigus
|-damage|p2a: Cofagrigus|21/100
|move|p2a: Cofagrigus|Iron Defense|p2a: Cofagrigus
|-boost|p2a: Cofagrigus|def|2
|
|upkeep
|turn|13
|
|t:|1666702287
|move|p1a: Gyarados|Waterfall|p2a: Cofagrigus
|-damage|p2a: Cofagrigus|2/100
|move|p2a: Cofagrigus|Rest|p2a: Cofagrigus
|-status|p2a: Cofagrigus|slp|[from] move: Rest
|-heal|p2a: Cofagrigus|100/100 slp|[silent]
|
|upkeep
|turn|14
|
|t:|1666702294
|move|p1a: Gyarados|Dragon Dance|p1a: Gyarados
|-boost|p1a: Gyarados|atk|1
|-boost|p1a: Gyarados|spe|1
|cant|p2a: Cofagrigus|slp
|
|upkeep
|turn|15
|
|t:|1666702299
|move|p1a: Gyarados|Dragon Dance|p1a: Gyarados
|-boost|p1a: Gyarados|atk|1
|-boost|p1a: Gyarados|spe|1
|cant|p2a: Cofagrigus|slp
|
|upkeep
|turn|16
|
|t:|1666702303
|move|p1a: Gyarados|Dragon Dance|p1a: Gyarados
|-boost|p1a: Gyarados|atk|1
|-boost|p1a: Gyarados|spe|1
|-curestatus|p2a: Cofagrigus|slp|[msg]
|move|p2a: Cofagrigus|Iron Defense|p2a: Cofagrigus
|-boost|p2a: Cofagrigus|def|2
|
|upkeep
|turn|17
|
|t:|1666702309
|move|p1a: Gyarados|Dragon Dance|p1a: Gyarados
|-boost|p1a: Gyarados|atk|1
|-boost|p1a: Gyarados|spe|1
|move|p2a: Cofagrigus|Body Press|p1a: Gyarados
|-resisted|p1a: Gyarados
|-damage|p1a: Gyarados|12/100
|
|-heal|p1a: Gyarados|18/100|[from] item: Leftovers
|upkeep
|turn|18
|
|t:|1666702318
|move|p1a: Gyarados|Stone Edge|p2a: Cofagrigus
|-damage|p2a: Cofagrigus|78/100
|move|p2a: Cofagrigus|Body Press|p1a: Gyarados
|-resisted|p1a: Gyarados
|-damage|p1a: Gyarados|0 fnt
|faint|p1a: Gyarados
|
|upkeep
|
|t:|1666702325
|switch|p1a: Politoed|Politoed, F|100/100
|-weather|RainDance|[from] ability: Drizzle|[of] p1a: Politoed
|turn|19
|
|t:|1666702333
|switch|p2a: Chansey|Chansey, F|88/100
|move|p1a: Politoed|Weather Ball|p2a: Chansey
|-damage|p2a: Chansey|56/100
|
|-weather|RainDance|[upkeep]
|upkeep
|turn|20
|-message|randomloudnoises forfeited.
|
|win|Exi_Dudi
|raw|randomloudnoises's rating: 1182 &rarr; <strong>1173</strong><br />(-9 for losing)
|raw|Exi_Dudi's rating: 1442 &rarr; <strong>1449</strong><br />(+7 for winning)
|l|☆randomloudnoises
||Ladder isn't responding, score probably updated but might not have (Request timeout).
