|j|☆2 headed boy
|j|☆FatFighter2
|t:|1604931358
|player|p1|2 headed boy|erika-gen2|1664
|player|p2|FatFighter2|misty|1438
|teamsize|p1|6
|teamsize|p2|6
|gametype|singles
|gen|8
|tier|[Gen 8] UU
|rated|
|clearpoke
|poke|p1|Shuckle, M|
|poke|p1|Blacephalon|
|poke|p1|Bisharp, F|
|poke|p1|Azumarill, F|
|poke|p1|Scizor, F|
|poke|p1|Latias, F|
|poke|p2|Stakataka|
|poke|p2|Glastrier|
|poke|p2|Hatterene, F|
|poke|p2|Marowak-Alola, M|
|poke|p2|Cresselia, F|
|poke|p2|Diancie|
|rule|Sleep Clause Mod: Limit one foe put to sleep
|rule|Species Clause: Limit one of each Pokémon
|rule|OHKO Clause: OHKO moves are banned
|rule|Evasion Moves Clause: Evasion moves are banned
|rule|Endless Battle Clause: Forcing endless battles is banned
|rule|HP Percentage Mod: HP is shown in percentages
|rule|Dynamax Clause: You cannot dynamax
|teampreview
|j| SanJl
|
|t:|1604931368
|start
|switch|p1a: Scizor|Scizor, F|100/100
|switch|p2a: Hatterene|Hatterene, F|100/100
|turn|1
|
|t:|1604931375
|move|p1a: Scizor|Bullet Punch|p2a: Hatterene
|-supereffective|p2a: Hatterene
|-damage|p2a: Hatterene|9/100
|-damage|p1a: Scizor|91/100|[from] item: Life Orb
|move|p2a: Hatterene|Trick Room|p2a: Hatterene
|-fieldstart|move: Trick Room|[of] p2a: Hatterene
|
|upkeep
|turn|2
|
|t:|1604931380
|move|p1a: Scizor|Bullet Punch|p2a: Hatterene
|-supereffective|p2a: Hatterene
|-damage|p2a: Hatterene|0 fnt
|-damage|p1a: Scizor|81/100|[from] item: Life Orb
|faint|p2a: Hatterene
|
|upkeep
|
|t:|1604931387
|switch|p2a: Marowak|Marowak-Alola, M|100/100
|turn|3
|
|t:|1604931392
|switch|p1a: Shuckle|Shuckle, M|100/100
|move|p2a: Marowak|Flare Blitz|p1a: Shuckle
|-crit|p1a: Shuckle
|-damage|p1a: Shuckle|21/100
|
|upkeep
|turn|4
|-enditem|p1a: Shuckle|Custap Berry|[eat]
|-activate|p1a: Shuckle|item: Custap Berry|[consumed]
|
|t:|1604931412
|move|p1a: Shuckle|Encore|p2a: Marowak
|-start|p2a: Marowak|Encore
|move|p2a: Marowak|Flare Blitz|p1a: Shuckle
|-crit|p1a: Shuckle
|-damage|p1a: Shuckle|0 fnt
|faint|p1a: Shuckle
|
|upkeep
|
|t:|1604931417
|switch|p1a: Azumarill|Azumarill, F|100/100
|turn|5
|
|t:|1604931455
|switch|p2a: Stakataka|Stakataka|100/100
|move|p1a: Azumarill|Belly Drum|p1a: Azumarill
|-damage|p1a: Azumarill|50/100
|-setboost|p1a: Azumarill|atk|6|[from] move: Belly Drum
|-enditem|p1a: Azumarill|Sitrus Berry|[eat]
|-heal|p1a: Azumarill|75/100|[from] item: Sitrus Berry
|
|-fieldend|move: Trick Room
|upkeep
|turn|6
|
|t:|1604931481
|move|p1a: Azumarill|Aqua Jet|p2a: Stakataka
|-supereffective|p2a: Stakataka
|-damage|p2a: Stakataka|0 fnt
|faint|p2a: Stakataka
|
|upkeep
|
|t:|1604931487
|switch|p2a: Cresselia|Cresselia, F|100/100
|turn|7
|
|t:|1604931492
|move|p1a: Azumarill|Knock Off|p2a: Cresselia
|-supereffective|p2a: Cresselia
|-damage|p2a: Cresselia|0 fnt
|-enditem|p2a: Cresselia|Leftovers|[from] move: Knock Off|[of] p1a: Azumarill
|faint|p2a: Cresselia
|
|upkeep
|-message|FatFighter2 forfeited.
|
|win|2 headed boy
|l|☆FatFighter2
