|j|☆b冰葑Bing_Feng
|j|☆Rauli94
|t:|1667395835
|gametype|singles
|player|p1|b冰葑Bing_Feng|266|1459
|player|p2|Rauli94|170|1348
|teamsize|p1|6
|teamsize|p2|6
|gen|8
|tier|[Gen 8] UU
|rated|
|rule|Sleep Clause Mod: Limit one foe put to sleep
|rule|Species Clause: Limit one of each Pokémon
|rule|OHKO Clause: OHKO moves are banned
|rule|Evasion Items Clause: Evasion items are banned
|rule|Evasion Moves Clause: Evasion moves are banned
|rule|Endless Battle Clause: Forcing endless battles is banned
|rule|HP Percentage Mod: HP is shown in percentages
|rule|Dynamax Clause: You cannot dynamax
|clearpoke
|poke|p1|Cobalion|
|poke|p1|Hydreigon, F|
|poke|p1|Regieleki|
|poke|p1|Salamence, M|
|poke|p1|Zarude-Dada|
|poke|p1|Darmanitan, M|
|poke|p2|Hydreigon, M|
|poke|p2|Primarina, F|
|poke|p2|Scizor, F|
|poke|p2|Incineroar, M|
|poke|p2|Cobalion|
|poke|p2|Amoonguss, M|
|teampreview
|inactive|Battle timer is ON: inactive players will automatically lose when time's up. (requested by b冰葑Bing_Feng)
|
|t:|1667395862
|start
|switch|p1a: Cobalion|Cobalion|100/100
|switch|p2a: Primarina|Primarina, F|100/100
|turn|1
|
|t:|1667395868
|switch|p2a: Scizor|Scizor, F|100/100
|move|p1a: Cobalion|Thunder Wave|p2a: Scizor
|-status|p2a: Scizor|par
|
|upkeep
|turn|2
|
|t:|1667395874
|move|p1a: Cobalion|Stealth Rock|p2a: Scizor
|-sidestart|p2: Rauli94|move: Stealth Rock
|move|p2a: Scizor|U-turn|p1a: Cobalion
|-resisted|p1a: Cobalion
|-damage|p1a: Cobalion|95/100
|-damage|p2a: Scizor|84/100 par|[from] item: Rocky Helmet|[of] p1a: Cobalion
|
|t:|1667395880
|switch|p2a: Amoonguss|Amoonguss, M|100/100|[from]move: U-turn
|-damage|p2a: Amoonguss|88/100|[from] Stealth Rock
|
|upkeep
|turn|3
|
|t:|1667395887
|switch|p2a: Scizor|Scizor, F|84/100 par
|-damage|p2a: Scizor|71/100 par|[from] Stealth Rock
|move|p1a: Cobalion|Thunder Wave|p2a: Scizor
|-fail|p2a: Scizor|par
|
|-heal|p2a: Scizor|78/100 par|[from] item: Leftovers
|upkeep
|turn|4
|
|t:|1667395891
|move|p1a: Cobalion|Volt Switch|p2a: Scizor
|-damage|p2a: Scizor|61/100 par
|
|t:|1667395897
|switch|p1a: Darmanitan|Darmanitan, M|100/100|[from]move: Volt Switch
|cant|p2a: Scizor|par
|
|-heal|p2a: Scizor|67/100 par|[from] item: Leftovers
|upkeep
|turn|5
|
|t:|1667395906
|switch|p2a: Primarina|Primarina, F|100/100
|-damage|p2a: Primarina|88/100|[from] Stealth Rock
|move|p1a: Darmanitan|U-turn|p2a: Primarina
|-resisted|p2a: Primarina
|-damage|p2a: Primarina|77/100
|
|t:|1667395916
|switch|p1a: Regieleki|Regieleki|100/100|[from]move: U-turn
|
|-heal|p2a: Primarina|83/100|[from] item: Leftovers
|upkeep
|turn|6
|
|t:|1667395920
|move|p2a: Primarina|Protect|p2a: Primarina
|-singleturn|p2a: Primarina|Protect
|move|p1a: Regieleki|Volt Switch|p2a: Primarina
|-activate|p2a: Primarina|move: Protect
|
|-heal|p2a: Primarina|89/100|[from] item: Leftovers
|upkeep
|turn|7
|
|t:|1667395932
|switch|p2a: Amoonguss|Amoonguss, M|100/100
|-damage|p2a: Amoonguss|88/100|[from] Stealth Rock
|move|p1a: Regieleki|Volt Switch|p2a: Amoonguss
|-resisted|p2a: Amoonguss
|-damage|p2a: Amoonguss|77/100
|
|t:|1667395938
|switch|p1a: Darmanitan|Darmanitan, M|100/100|[from]move: Volt Switch
|
|upkeep
|turn|8
|
|t:|1667395942
|move|p1a: Darmanitan|U-turn|p2a: Amoonguss
|-damage|p2a: Amoonguss|52/100
|
|t:|1667395944
|switch|p1a: Cobalion|Cobalion|95/100|[from]move: U-turn
|move|p2a: Amoonguss|Sludge Bomb|p1a: Cobalion
|-immune|p1a: Cobalion
|
|upkeep
|turn|9
|
|t:|1667395949
|switch|p2a: Scizor|Scizor, F|67/100 par
|-damage|p2a: Scizor|55/100 par|[from] Stealth Rock
|move|p1a: Cobalion|Volt Switch|p2a: Scizor
|-damage|p2a: Scizor|38/100 par
|
|t:|1667395952
|switch|p1a: Regieleki|Regieleki|100/100|[from]move: Volt Switch
|
|-heal|p2a: Scizor|44/100 par|[from] item: Leftovers
|upkeep
|turn|10
|
|t:|1667395956
|switch|p2a: Amoonguss|Amoonguss, M|85/100
|-damage|p2a: Amoonguss|73/100|[from] Stealth Rock
|move|p1a: Regieleki|Volt Switch|p2a: Amoonguss
|-resisted|p2a: Amoonguss
|-damage|p2a: Amoonguss|62/100
|
|t:|1667395968
|switch|p1a: Salamence|Salamence, M|100/100|[from]move: Volt Switch
|
|upkeep
|turn|11
|
|t:|1667395974
|move|p1a: Salamence|Dragon Dance|p1a: Salamence
|-boost|p1a: Salamence|atk|1
|-boost|p1a: Salamence|spe|1
|move|p2a: Amoonguss|Clear Smog|p1a: Salamence
|-damage|p1a: Salamence|80/100
|-clearboost|p1a: Salamence
|
|upkeep
|turn|12
|
|t:|1667395983
|switch|p2a: Incineroar|Incineroar, M|100/100
|-damage|p2a: Incineroar|76/100|[from] Stealth Rock
|-ability|p2a: Incineroar|Intimidate|boost
|-unboost|p1a: Salamence|atk|1
|move|p1a: Salamence|Dual Wingbeat|p2a: Incineroar
|-damage|p2a: Incineroar|62/100
|-damage|p2a: Incineroar|47/100
|-hitcount|p2a: Incineroar|2
|
|upkeep
|turn|13
|
|t:|1667395987
|switch|p1a: Cobalion|Cobalion|95/100
|move|p2a: Incineroar|Knock Off|p1a: Cobalion
|-resisted|p1a: Cobalion
|-damage|p1a: Cobalion|78/100
|-damage|p2a: Incineroar|31/100|[from] item: Rocky Helmet|[of] p1a: Cobalion
|-ability|p1a: Cobalion|Justified|boost
|-boost|p1a: Cobalion|atk|1
|-enditem|p1a: Cobalion|Rocky Helmet|[from] move: Knock Off|[of] p2a: Incineroar
|
|upkeep
|turn|14
|
|t:|1667395993
|move|p1a: Cobalion|Volt Switch|p2a: Incineroar
|-damage|p2a: Incineroar|23/100
|
|t:|1667395997
|switch|p1a: Darmanitan|Darmanitan, M|100/100|[from]move: Volt Switch
|move|p2a: Incineroar|Flare Blitz|p1a: Darmanitan
|-resisted|p1a: Darmanitan
|-damage|p1a: Darmanitan|56/100
|-damage|p2a: Incineroar|10/100|[from] Recoil
|
|upkeep
|turn|15
|
|t:|1667396002
|move|p1a: Darmanitan|U-turn|p2a: Incineroar
|-damage|p2a: Incineroar|0 fnt
|faint|p2a: Incineroar
|
|t:|1667396006
|switch|p1a: Cobalion|Cobalion|78/100|[from]move: U-turn
|
|upkeep
|
|t:|1667396009
|switch|p2a: Scizor|Scizor, F|44/100 par
|-damage|p2a: Scizor|32/100 par|[from] Stealth Rock
|turn|16
|
|t:|1667396011
|move|p1a: Cobalion|Volt Switch|p2a: Scizor
|-damage|p2a: Scizor|15/100 par
|
|t:|1667396016
|switch|p1a: Zarude|Zarude-Dada|100/100|[from]move: Volt Switch
|move|p2a: Scizor|Defog|p1a: Zarude
|-unboost|p1a: Zarude|evasion|1
|-sideend|p2: Rauli94|Stealth Rock|[from] move: Defog|[of] p2a: Scizor
|
|-heal|p2a: Scizor|21/100 par|[from] item: Leftovers
|upkeep
|turn|17
|
|t:|1667396021
|move|p1a: Zarude|U-turn|p2a: Scizor
|-resisted|p2a: Scizor
|-damage|p2a: Scizor|8/100 par
|
|t:|1667396023
|switch|p1a: Cobalion|Cobalion|78/100|[from]move: U-turn
|move|p2a: Scizor|Roost|p2a: Scizor
|-heal|p2a: Scizor|58/100 par
|-singleturn|p2a: Scizor|move: Roost
|
|-heal|p2a: Scizor|64/100 par|[from] item: Leftovers
|upkeep
|turn|18
|
|t:|1667396031
|move|p2a: Scizor|Bullet Punch|p1a: Cobalion
|-resisted|p1a: Cobalion
|-damage|p1a: Cobalion|69/100
|move|p1a: Cobalion|Stealth Rock|p2a: Scizor
|-sidestart|p2: Rauli94|move: Stealth Rock
|
|-heal|p2a: Scizor|71/100 par|[from] item: Leftovers
|upkeep
|turn|19
|
|t:|1667396035
|move|p1a: Cobalion|Volt Switch|p2a: Scizor
|-damage|p2a: Scizor|53/100 par
|
|t:|1667396037
|switch|p1a: Darmanitan|Darmanitan, M|56/100|[from]move: Volt Switch
|move|p2a: Scizor|Defog|p1a: Darmanitan
|-unboost|p1a: Darmanitan|evasion|1
|-sideend|p2: Rauli94|Stealth Rock|[from] move: Defog|[of] p2a: Scizor
|
|-heal|p2a: Scizor|59/100 par|[from] item: Leftovers
|upkeep
|turn|20
|
|t:|1667396043
|switch|p2a: Primarina|Primarina, F|89/100
|move|p1a: Darmanitan|Flare Blitz|p2a: Primarina
|-resisted|p2a: Primarina
|-damage|p2a: Primarina|51/100
|-damage|p1a: Darmanitan|43/100|[from] Recoil
|
|-heal|p2a: Primarina|57/100|[from] item: Leftovers
|upkeep
|turn|21
|
|t:|1667396047
|switch|p1a: Cobalion|Cobalion|69/100
|move|p2a: Primarina|Whirlpool|p1a: Cobalion
|-damage|p1a: Cobalion|51/100
|-activate|p1a: Cobalion|move: Whirlpool|[of] p2a: Primarina
|
|-heal|p2a: Primarina|63/100|[from] item: Leftovers
|-damage|p1a: Cobalion|39/100|[from] move: Whirlpool|[partiallytrapped]
|upkeep
|turn|22
|
|t:|1667396052
|move|p2a: Primarina|Protect|p2a: Primarina
|-singleturn|p2a: Primarina|Protect
|move|p1a: Cobalion|Stealth Rock|p2a: Primarina
|-sidestart|p2: Rauli94|move: Stealth Rock
|
|-heal|p2a: Primarina|69/100|[from] item: Leftovers
|-damage|p1a: Cobalion|26/100|[from] move: Whirlpool|[partiallytrapped]
|upkeep
|turn|23
|
|t:|1667396057
|move|p2a: Primarina|Protect|p2a: Primarina
|-singleturn|p2a: Primarina|Protect
|move|p1a: Cobalion|Volt Switch|p2a: Primarina
|-activate|p2a: Primarina|move: Protect
|
|-heal|p2a: Primarina|75/100|[from] item: Leftovers
|-damage|p1a: Cobalion|14/100|[from] move: Whirlpool|[partiallytrapped]
|upkeep
|turn|24
|
|t:|1667396068
|switch|p2a: Amoonguss|Amoonguss, M|95/100
|-damage|p2a: Amoonguss|83/100|[from] Stealth Rock
|move|p1a: Cobalion|Thunder Wave|p2a: Amoonguss
|-status|p2a: Amoonguss|par
|
|-end|p1a: Cobalion|Whirlpool|[partiallytrapped]|[silent]
|upkeep
|turn|25
|
|t:|1667396072
|move|p1a: Cobalion|Iron Head|p2a: Amoonguss
|-damage|p2a: Amoonguss|55/100 par
|cant|p2a: Amoonguss|flinch
|
|upkeep
|turn|26
|
|t:|1667396082
|switch|p2a: Scizor|Scizor, F|59/100 par
|-damage|p2a: Scizor|47/100 par|[from] Stealth Rock
|move|p1a: Cobalion|Iron Head|p2a: Scizor
|-resisted|p2a: Scizor
|-damage|p2a: Scizor|37/100 par
|
|-heal|p2a: Scizor|44/100 par|[from] item: Leftovers
|upkeep
|turn|27
|
|t:|1667396085
|move|p1a: Cobalion|Iron Head|p2a: Scizor
|-resisted|p2a: Scizor
|-damage|p2a: Scizor|34/100 par
|cant|p2a: Scizor|flinch
|
|-heal|p2a: Scizor|40/100 par|[from] item: Leftovers
|upkeep
|turn|28
|
|t:|1667396088
|move|p1a: Cobalion|Volt Switch|p2a: Scizor
|-damage|p2a: Scizor|25/100 par
|
|t:|1667396094
|switch|p1a: Darmanitan|Darmanitan, M|43/100|[from]move: Volt Switch
|cant|p2a: Scizor|par
|
|-heal|p2a: Scizor|31/100 par|[from] item: Leftovers
|upkeep
|turn|29
|c|☆Rauli94|well
|
|t:|1667396104
|switch|p2a: Primarina|Primarina, F|75/100
|-damage|p2a: Primarina|63/100|[from] Stealth Rock
|move|p1a: Darmanitan|U-turn|p2a: Primarina
|-resisted|p2a: Primarina
|-damage|p2a: Primarina|51/100
|
|t:|1667396107
|switch|p1a: Regieleki|Regieleki|100/100|[from]move: U-turn
|
|-heal|p2a: Primarina|57/100|[from] item: Leftovers
|upkeep
|turn|30
|
|t:|1667396111
|move|p2a: Primarina|Protect|p2a: Primarina
|-singleturn|p2a: Primarina|Protect
|move|p1a: Regieleki|Thunderbolt|p2a: Primarina
|-activate|p2a: Primarina|move: Protect
|
|-heal|p2a: Primarina|63/100|[from] item: Leftovers
|upkeep
|turn|31
|
|t:|1667396115
|switch|p2a: Amoonguss|Amoonguss, M|88/100 par
|-damage|p2a: Amoonguss|76/100 par|[from] Stealth Rock
|move|p1a: Regieleki|Thunderbolt|p2a: Amoonguss
|-resisted|p2a: Amoonguss
|-damage|p2a: Amoonguss|63/100 par
|
|upkeep
|turn|32
|
|t:|1667396119
|move|p1a: Regieleki|Thunderbolt|p2a: Amoonguss
|-resisted|p2a: Amoonguss
|-damage|p2a: Amoonguss|49/100 par
|move|p2a: Amoonguss|Foul Play|p1a: Regieleki
|-crit|p1a: Regieleki
|-damage|p1a: Regieleki|38/100
|
|upkeep
|turn|33
|
|t:|1667396124
|move|p1a: Regieleki|Volt Switch|p2a: Amoonguss
|-resisted|p2a: Amoonguss
|-damage|p2a: Amoonguss|39/100 par
|
|t:|1667396126
|switch|p1a: Cobalion|Cobalion|14/100|[from]move: Volt Switch
|move|p2a: Amoonguss|Foul Play|p1a: Cobalion
|-resisted|p1a: Cobalion
|-damage|p1a: Cobalion|6/100
|-ability|p1a: Cobalion|Justified|boost
|-boost|p1a: Cobalion|atk|1
|
|upkeep
|turn|34
|
|t:|1667396151
|switch|p2a: Scizor|Scizor, F|31/100 par
|-damage|p2a: Scizor|18/100 par|[from] Stealth Rock
|move|p1a: Cobalion|Iron Head|p2a: Scizor
|-resisted|p2a: Scizor
|-damage|p2a: Scizor|3/100 par
|
|-heal|p2a: Scizor|10/100 par|[from] item: Leftovers
|upkeep
|turn|35
|
|t:|1667396157
|move|p2a: Scizor|Bullet Punch|p1a: Cobalion
|-resisted|p1a: Cobalion
|-damage|p1a: Cobalion|0 fnt
|faint|p1a: Cobalion
|
|-heal|p2a: Scizor|16/100 par|[from] item: Leftovers
|upkeep
|
|t:|1667396163
|switch|p1a: Zarude|Zarude-Dada|100/100
|turn|36
|
|t:|1667396168
|move|p1a: Zarude|Darkest Lariat|p2a: Scizor
|-damage|p2a: Scizor|0 fnt
|faint|p2a: Scizor
|
|upkeep
|
|t:|1667396172
|switch|p2a: Cobalion|Cobalion|100/100
|-damage|p2a: Cobalion|97/100|[from] Stealth Rock
|turn|37
|
|t:|1667396177
|switch|p1a: Hydreigon|Hydreigon, F|100/100
|move|p2a: Cobalion|Calm Mind|p2a: Cobalion
|-boost|p2a: Cobalion|spa|1
|-boost|p2a: Cobalion|spd|1
|
|-heal|p2a: Cobalion|100/100|[from] item: Leftovers
|upkeep
|turn|38
|
|t:|1667396182
|move|p1a: Hydreigon|Fire Blast|p2a: Cobalion
|-supereffective|p2a: Cobalion
|-damage|p2a: Cobalion|40/100
|move|p2a: Cobalion|Calm Mind|p2a: Cobalion
|-boost|p2a: Cobalion|spa|1
|-boost|p2a: Cobalion|spd|1
|
|-heal|p2a: Cobalion|46/100|[from] item: Leftovers
|upkeep
|turn|39
|
|t:|1667396185
|move|p2a: Cobalion|Protect|p2a: Cobalion
|-singleturn|p2a: Cobalion|Protect
|move|p1a: Hydreigon|Fire Blast|p2a: Cobalion
|-activate|p2a: Cobalion|move: Protect
|
|-heal|p2a: Cobalion|52/100|[from] item: Leftovers
|upkeep
|turn|40
|
|t:|1667396188
|move|p1a: Hydreigon|Fire Blast|p2a: Cobalion
|-supereffective|p2a: Cobalion
|-damage|p2a: Cobalion|12/100
|move|p2a: Cobalion|Focus Blast|p1a: Hydreigon|[miss]
|-miss|p2a: Cobalion|p1a: Hydreigon
|
|-heal|p2a: Cobalion|19/100|[from] item: Leftovers
|upkeep
|turn|41
|c|☆Rauli94|welll
|c|☆Rauli94|no chance
|
|t:|1667396202
|move|p2a: Cobalion|Protect|p2a: Cobalion
|-singleturn|p2a: Cobalion|Protect
|move|p1a: Hydreigon|Fire Blast|p2a: Cobalion
|-activate|p2a: Cobalion|move: Protect
|
|-heal|p2a: Cobalion|25/100|[from] item: Leftovers
|upkeep
|turn|42
|
|t:|1667396204
|move|p1a: Hydreigon|Fire Blast|p2a: Cobalion
|-supereffective|p2a: Cobalion
|-damage|p2a: Cobalion|0 fnt
|faint|p2a: Cobalion
|
|upkeep
|
|t:|1667396209
|switch|p2a: Hydreigon|Hydreigon, M|100/100
|-damage|p2a: Hydreigon|88/100|[from] Stealth Rock
|turn|43
|
|t:|1667396221
|switch|p1a: Regieleki|Regieleki|38/100
|move|p2a: Hydreigon|Dragon Dance|p2a: Hydreigon
|-boost|p2a: Hydreigon|atk|1
|-boost|p2a: Hydreigon|spe|1
|
|upkeep
|turn|44
|
|t:|1667396226
|move|p1a: Regieleki|Thunder Wave|p2a: Hydreigon
|-status|p2a: Hydreigon|par
|move|p2a: Hydreigon|Crunch|p1a: Regieleki
|-damage|p1a: Regieleki|0 fnt
|faint|p1a: Regieleki
|-damage|p2a: Hydreigon|78/100 par|[from] item: Life Orb
|
|upkeep
|
|t:|1667396230
|switch|p1a: Darmanitan|Darmanitan, M|43/100
|turn|45
|
|t:|1667396238
|move|p1a: Darmanitan|U-turn|p2a: Hydreigon
|-supereffective|p2a: Hydreigon
|-damage|p2a: Hydreigon|21/100 par
|
|t:|1667396242
|switch|p1a: Salamence|Salamence, M|80/100|[from]move: U-turn
|move|p2a: Hydreigon|Outrage|p1a: Salamence
|-supereffective|p1a: Salamence
|-damage|p1a: Salamence|0 fnt
|faint|p1a: Salamence
|-damage|p2a: Hydreigon|11/100 par|[from] item: Life Orb
|
|upkeep
|
|t:|1667396245
|switch|p1a: Darmanitan|Darmanitan, M|43/100
|turn|46
|
|t:|1667396248
|move|p1a: Darmanitan|U-turn|p2a: Hydreigon
|-supereffective|p2a: Hydreigon
|-damage|p2a: Hydreigon|0 fnt
|faint|p2a: Hydreigon
|
|t:|1667396250
|switch|p1a: Zarude|Zarude-Dada|100/100|[from]move: U-turn
|
|upkeep
|
|t:|1667396254
|switch|p2a: Amoonguss|Amoonguss, M|72/100 par
|-damage|p2a: Amoonguss|60/100 par|[from] Stealth Rock
|turn|47
|
|t:|1667396256
|move|p1a: Zarude|U-turn|p2a: Amoonguss
|-damage|p2a: Amoonguss|27/100 par
|
|t:|1667396259
|switch|p1a: Darmanitan|Darmanitan, M|43/100|[from]move: U-turn
|cant|p2a: Amoonguss|par
|
|upkeep
|turn|48
|c|☆Rauli94|wow
|c|☆Rauli94|wow
|c|☆Rauli94|wow
|
|t:|1667396275
|move|p1a: Darmanitan|U-turn|p2a: Amoonguss
|-damage|p2a: Amoonguss|0 fnt
|faint|p2a: Amoonguss
|
|t:|1667396278
|switch|p1a: Zarude|Zarude-Dada|100/100|[from]move: U-turn
|
|upkeep
|c|☆Rauli94|gg lucker
|-message|Rauli94 forfeited.
|
|win|b冰葑Bing_Feng
|raw|b冰葑Bing_Feng's rating: 1476 &rarr; <strong>1489</strong><br />(+13 for winning)
|raw|Rauli94's rating: 1348 &rarr; <strong>1335</strong><br />(-13 for losing)
|c|☆b冰葑Bing_Feng|gg
|l|☆Rauli94
|c|☆b冰葑Bing_Feng|wp
||Ladder isn't responding, score probably updated but might not have (Request timeout).
