|j|‽Solobigbagalert
|j|☆Lucckyy
|t:|1609299321
|player|p1|Solobigbagalert|red-gen1|1657
|player|p2|Lucckyy|86|1595
|teamsize|p1|6
|teamsize|p2|6
|gametype|singles
|gen|8
|tier|[Gen 8] UU
|rated|
|clearpoke
|poke|p1|Magnezone|
|poke|p1|Haxorus, M|
|poke|p1|Slowking, F|
|poke|p1|Jirachi|
|poke|p1|Latias, F|
|poke|p1|Nidoqueen, F|
|poke|p2|Chansey, F|
|poke|p2|Eiscue, M|
|poke|p2|Tangrowth, M|
|poke|p2|Latias, F|
|poke|p2|Quagsire, M|
|poke|p2|Slowbro-Galar, M|
|rule|Sleep Clause Mod: Limit one foe put to sleep
|rule|Species Clause: Limit one of each Pokémon
|rule|OHKO Clause: OHKO moves are banned
|rule|Evasion Moves Clause: Evasion moves are banned
|rule|Endless Battle Clause: Forcing endless battles is banned
|rule|HP Percentage Mod: HP is shown in percentages
|rule|Dynamax Clause: You cannot dynamax
|teampreview
|
|t:|1609299358
|start
|switch|p1a: Jirachi|Jirachi|100/100
|switch|p2a: Latias|Latias, F|100/100
|turn|1
|
|t:|1609299371
|switch|p2a: Slowbro|Slowbro-Galar, M|100/100
|move|p1a: Jirachi|Trick|p2a: Slowbro
|-activate|p1a: Jirachi|move: Trick|[of] p2a: Slowbro
|-item|p2a: Slowbro|Choice Scarf|[from] move: Trick
|-item|p1a: Jirachi|Assault Vest|[from] move: Trick
|
|upkeep
|turn|2
|
|t:|1609299377
|move|p1a: Jirachi|U-turn|p2a: Slowbro
|-damage|p2a: Slowbro|81/100
|
|t:|1609299381
|switch|p1a: Slowking|Slowking, F|100/100|[from]move: U-turn
|move|p2a: Slowbro|Future Sight|p1a: Slowking
|-start|p2a: Slowbro|move: Future Sight
|
|upkeep
|turn|3
|
|t:|1609299389
|switch|p2a: Chansey|Chansey, F|100/100
|move|p1a: Slowking|Teleport|p1a: Slowking
|
|t:|1609299393
|switch|p1a: Jirachi|Jirachi|100/100|[from]move: Teleport
|
|upkeep
|turn|4
|
|t:|1609299401
|move|p1a: Jirachi|Iron Head|p2a: Chansey
|-damage|p2a: Chansey|79/100
|move|p2a: Chansey|Stealth Rock|p1a: Jirachi
|-sidestart|p1: Solobigbagalert|move: Stealth Rock
|
|-end|p1a: Jirachi|move: Future Sight
|-resisted|p1a: Jirachi
|-damage|p1a: Jirachi|92/100
|upkeep
|turn|5
|
|t:|1609299406
|switch|p2a: Tangrowth|Tangrowth, M|100/100
|move|p1a: Jirachi|U-turn|p2a: Tangrowth
|-supereffective|p2a: Tangrowth
|-damage|p2a: Tangrowth|80/100
|-damage|p1a: Jirachi|75/100|[from] item: Rocky Helmet|[of] p2a: Tangrowth
|
|t:|1609299410
|switch|p1a: Latias|Latias, F|100/100|[from]move: U-turn
|-damage|p1a: Latias|88/100|[from] Stealth Rock
|
|upkeep
|turn|6
|
|t:|1609299416
|switch|p1a: Nidoqueen|Nidoqueen, F|100/100
|-damage|p1a: Nidoqueen|95/100|[from] Stealth Rock
|switch|p2a: Slowbro|Slowbro-Galar, M|100/100
|
|upkeep
|turn|7
|
|t:|1609299422
|switch|p2a: Latias|Latias, F|100/100
|move|p1a: Nidoqueen|Stealth Rock|p2a: Latias
|-sidestart|p2: Lucckyy|move: Stealth Rock
|
|upkeep
|turn|8
|
|t:|1609299432
|switch|p1a: Slowking|Slowking, F|100/100
|move|p2a: Latias|Mystical Fire|p1a: Slowking
|-resisted|p1a: Slowking
|-damage|p1a: Slowking|94/100
|-unboost|p1a: Slowking|spa|1
|
|upkeep
|turn|9
|
|t:|1609299436
|move|p2a: Latias|Defog|p1a: Slowking
|-unboost|p1a: Slowking|evasion|1
|-sideend|p1: Solobigbagalert|Stealth Rock|[from] move: Defog|[of] p2a: Latias
|-sideend|p2: Lucckyy|Stealth Rock|[from] move: Defog|[of] p2a: Latias
|move|p1a: Slowking|Teleport|p1a: Slowking
|
|t:|1609299440
|switch|p1a: Jirachi|Jirachi|75/100|[from]move: Teleport
|
|upkeep
|turn|10
|
|t:|1609299448
|switch|p2a: Tangrowth|Tangrowth, M|100/100
|switch|p1a: Latias|Latias, F|88/100
|
|upkeep
|turn|11
|
|t:|1609299457
|switch|p1a: Nidoqueen|Nidoqueen, F|95/100
|move|p2a: Tangrowth|Knock Off|p1a: Nidoqueen
|-damage|p1a: Nidoqueen|71/100
|-enditem|p1a: Nidoqueen|Life Orb|[from] move: Knock Off|[of] p2a: Tangrowth
|
|upkeep
|turn|12
|
|t:|1609299462
|switch|p2a: Latias|Latias, F|100/100
|move|p1a: Nidoqueen|Stealth Rock|p2a: Latias
|-sidestart|p2: Lucckyy|move: Stealth Rock
|
|upkeep
|turn|13
|
|t:|1609299469
|switch|p1a: Jirachi|Jirachi|75/100
|move|p2a: Latias|Defog|p1a: Jirachi
|-unboost|p1a: Jirachi|evasion|1
|-sideend|p2: Lucckyy|Stealth Rock|[from] move: Defog|[of] p2a: Latias
|
|upkeep
|turn|14
|
|t:|1609299476
|switch|p1a: Latias|Latias, F|88/100
|move|p2a: Latias|Mystical Fire|p1a: Latias
|-resisted|p1a: Latias
|-damage|p1a: Latias|80/100
|-unboost|p1a: Latias|spa|1
|
|upkeep
|turn|15
|j| jeff bozo
|
|t:|1609299485
|switch|p2a: Slowbro|Slowbro-Galar, M|100/100
|switch|p1a: Nidoqueen|Nidoqueen, F|71/100
|
|upkeep
|turn|16
|
|t:|1609299490
|switch|p2a: Latias|Latias, F|100/100
|move|p1a: Nidoqueen|Stealth Rock|p2a: Latias
|-sidestart|p2: Lucckyy|move: Stealth Rock
|
|upkeep
|turn|17
|
|t:|1609299496
|switch|p1a: Slowking|Slowking, F|100/100
|move|p2a: Latias|Defog|p1a: Slowking
|-unboost|p1a: Slowking|evasion|1
|-sideend|p2: Lucckyy|Stealth Rock|[from] move: Defog|[of] p2a: Latias
|
|upkeep
|turn|18
|
|t:|1609299501
|switch|p2a: Slowbro|Slowbro-Galar, M|100/100
|move|p1a: Slowking|Teleport|p1a: Slowking
|
|t:|1609299504
|switch|p1a: Nidoqueen|Nidoqueen, F|71/100|[from]move: Teleport
|
|upkeep
|turn|19
|
|t:|1609299507
|move|p1a: Nidoqueen|Stealth Rock|p2a: Slowbro
|-sidestart|p2: Lucckyy|move: Stealth Rock
|move|p2a: Slowbro|Future Sight|p1a: Nidoqueen
|-start|p2a: Slowbro|move: Future Sight
|
|upkeep
|turn|20
|
|t:|1609299512
|switch|p1a: Latias|Latias, F|80/100
|switch|p2a: Latias|Latias, F|100/100
|
|upkeep
|turn|21
|
|t:|1609299523
|switch|p2a: Slowbro|Slowbro-Galar, M|100/100
|-damage|p2a: Slowbro|88/100|[from] Stealth Rock
|move|p1a: Latias|Draco Meteor|p2a: Slowbro
|-damage|p2a: Slowbro|2/100
|-unboost|p1a: Latias|spa|2
|-damage|p1a: Latias|70/100|[from] item: Life Orb
|
|-end|p1a: Latias|move: Future Sight
|-resisted|p1a: Latias
|-damage|p1a: Latias|42/100
|upkeep
|turn|22
|
|t:|1609299532
|switch|p1a: Haxorus|Haxorus, M|100/100
|-ability|p1a: Haxorus|Mold Breaker
|switch|p2a: Chansey|Chansey, F|79/100
|-damage|p2a: Chansey|67/100|[from] Stealth Rock
|
|upkeep
|turn|23
|
|t:|1609299536
|switch|p2a: Tangrowth|Tangrowth, M|100/100
|-damage|p2a: Tangrowth|88/100|[from] Stealth Rock
|move|p1a: Haxorus|Swords Dance|p1a: Haxorus
|-boost|p1a: Haxorus|atk|2
|
|upkeep
|turn|24
|
|t:|1609299543
|move|p1a: Haxorus|Poison Jab|p2a: Tangrowth
|-supereffective|p2a: Tangrowth
|-damage|p2a: Tangrowth|4/100
|-status|p2a: Tangrowth|psn
|-damage|p1a: Haxorus|84/100|[from] item: Rocky Helmet|[of] p2a: Tangrowth
|-damage|p1a: Haxorus|74/100|[from] item: Life Orb
|move|p2a: Tangrowth|Worry Seed|p1a: Haxorus
|-endability|p1a: Haxorus|Mold Breaker|[from] move: Worry Seed
|-ability|p1a: Haxorus|Insomnia|[from] move: Worry Seed
|
|-damage|p2a: Tangrowth|0 fnt|[from] psn
|faint|p2a: Tangrowth
|upkeep
|
|t:|1609299547
|switch|p2a: Eiscue|Eiscue, M|100/100
|-damage|p2a: Eiscue|76/100|[from] Stealth Rock
|turn|25
|j| rayman38
|
|t:|1609299560
|move|p1a: Haxorus|Scale Shot|p2a: Eiscue
|-activate|p2a: Eiscue|ability: Ice Face
|-damage|p2a: Eiscue|76/100
|detailschange|p2a: Eiscue|Eiscue-Noice, M
|-crit|p2a: Eiscue
|-damage|p2a: Eiscue|0 fnt
|-hitcount|p2a: Eiscue|2
|-unboost|p1a: Haxorus|def|1
|-boost|p1a: Haxorus|spe|1
|-damage|p1a: Haxorus|64/100|[from] item: Life Orb
|faint|p2a: Eiscue
|
|upkeep
|
|t:|1609299564
|switch|p2a: Quagsire|Quagsire, M|100/100
|-damage|p2a: Quagsire|94/100|[from] Stealth Rock
|turn|26
|
|t:|1609299606
|switch|p1a: Latias|Latias, F|42/100
|move|p2a: Quagsire|Earthquake|p1a: Latias
|-immune|p1a: Latias|[from] ability: Levitate
|
|-heal|p2a: Quagsire|100/100|[from] item: Leftovers
|upkeep
|turn|27
|-message|Lucckyy forfeited.
|
|win|Solobigbagalert
|l|☆Lucckyy
|raw|Solobigbagalert's rating: 1657 &rarr; <strong>1674</strong><br />(+17 for winning)
|raw|Lucckyy's rating: 1595 &rarr; <strong>1579</strong><br />(-16 for losing)
|l| rayman38
