|j|☆Davey3Hunnid
|j|☆Buster118
|t:|1621394526
|gametype|singles
|player|p1|Davey3Hunnid|169|1151
|player|p2|Buster118|blaine|1355
|teamsize|p1|6
|teamsize|p2|6
|gen|8
|tier|[Gen 8] UU
|rated|
|rule|Sleep Clause Mod: Limit one foe put to sleep
|rule|Species Clause: Limit one of each Pokémon
|rule|OHKO Clause: OHKO moves are banned
|rule|Evasion Moves Clause: Evasion moves are banned
|rule|Endless Battle Clause: Forcing endless battles is banned
|rule|HP Percentage Mod: HP is shown in percentages
|rule|Dynamax Clause: You cannot dynamax
|clearpoke
|poke|p1|Mew|
|poke|p1|Zarude-Dada|
|poke|p1|Goodra, M|
|poke|p1|Kommo-o, M|
|poke|p1|Metagross|
|poke|p1|Salamence, M|
|poke|p2|Lycanroc-Dusk, M|
|poke|p2|Kommo-o, M|
|poke|p2|Rotom-Heat|
|poke|p2|Scizor, M|
|poke|p2|Amoonguss, M|
|poke|p2|Keldeo-Resolute|
|teampreview
|inactive|Battle timer is ON: inactive players will automatically lose when time's up. (requested by Davey3Hunnid)
|
|t:|1621394549
|start
|switch|p1a: Mew|Mew|100/100
|switch|p2a: Rotom|Rotom-Heat|100/100
|turn|1
|
|t:|1621394559
|move|p1a: Mew|Calm Mind|p1a: Mew
|-boost|p1a: Mew|spa|1
|-boost|p1a: Mew|spd|1
|move|p2a: Rotom|Overheat|p1a: Mew|[miss]
|-miss|p2a: Rotom|p1a: Mew
|
|upkeep
|turn|2
|
|t:|1621394570
|move|p1a: Mew|Iron Defense|p1a: Mew
|-boost|p1a: Mew|def|2
|move|p2a: Rotom|Toxic|p1a: Mew
|-status|p1a: Mew|tox
|-activate|p1a: Mew|ability: Synchronize
|-status|p2a: Rotom|tox
|
|-damage|p1a: Mew|94/100 tox|[from] psn
|-damage|p2a: Rotom|95/100 tox|[from] psn
|upkeep
|turn|3
|
|t:|1621394591
|move|p1a: Mew|Calm Mind|p1a: Mew
|-boost|p1a: Mew|spa|1
|-boost|p1a: Mew|spd|1
|move|p2a: Rotom|Overheat|p1a: Mew
|-damage|p1a: Mew|71/100 tox
|-unboost|p2a: Rotom|spa|2
|
|-damage|p1a: Mew|59/100 tox|[from] psn
|-damage|p2a: Rotom|83/100 tox|[from] psn
|upkeep
|turn|4
|
|t:|1621394604
|move|p1a: Mew|Psychic|p2a: Rotom
|-damage|p2a: Rotom|5/100 tox
|move|p2a: Rotom|Volt Switch|p1a: Mew
|-crit|p1a: Mew
|-damage|p1a: Mew|20/100 tox
|-enditem|p1a: Mew|Mago Berry|[eat]
|-heal|p1a: Mew|53/100 tox|[from] item: Mago Berry
|inactive|Buster118 has 120 seconds left.
|
|t:|1621394644
|switch|p2a: Lycanroc|Lycanroc-Dusk, M|100/100|[from]move: Volt Switch
|
|-damage|p1a: Mew|34/100 tox|[from] psn
|upkeep
|turn|5
|
|t:|1621394654
|move|p2a: Lycanroc|Crunch|p1a: Mew
|-supereffective|p1a: Mew
|-damage|p1a: Mew|0 fnt
|faint|p1a: Mew
|-damage|p2a: Lycanroc|91/100|[from] item: Life Orb
|
|upkeep
|
|t:|1621394662
|switch|p1a: Kommo-o|Kommo-o, M|100/100
|turn|6
|
|t:|1621394670
|switch|p2a: Kommo-o|Kommo-o, M|100/100
|move|p1a: Kommo-o|Clangorous Soul|p1a: Kommo-o
|-boost|p1a: Kommo-o|atk|1
|-boost|p1a: Kommo-o|def|1
|-boost|p1a: Kommo-o|spa|1
|-boost|p1a: Kommo-o|spd|1
|-boost|p1a: Kommo-o|spe|1
|-damage|p1a: Kommo-o|68/100
|
|upkeep
|turn|7
|
|t:|1621394684
|move|p1a: Kommo-o|Scale Shot|p2a: Kommo-o
|-supereffective|p2a: Kommo-o
|-damage|p2a: Kommo-o|80/100
|-supereffective|p2a: Kommo-o
|-damage|p2a: Kommo-o|58/100
|-supereffective|p2a: Kommo-o
|-damage|p2a: Kommo-o|37/100
|-supereffective|p2a: Kommo-o
|-damage|p2a: Kommo-o|13/100
|-supereffective|p2a: Kommo-o
|-crit|p2a: Kommo-o
|-damage|p2a: Kommo-o|0 fnt
|faint|p2a: Kommo-o
|-hitcount|p2: Kommo-o|5
|-unboost|p1a: Kommo-o|def|1
|-boost|p1a: Kommo-o|spe|1
|
|upkeep
|
|t:|1621394697
|switch|p2a: Amoonguss|Amoonguss, M|100/100
|turn|8
|
|t:|1621394710
|move|p1a: Kommo-o|Scale Shot|p2a: Amoonguss
|-damage|p2a: Amoonguss|81/100
|-damage|p2a: Amoonguss|63/100
|-hitcount|p2a: Amoonguss|2
|-unboost|p1a: Kommo-o|def|1
|-boost|p1a: Kommo-o|spe|1
|move|p2a: Amoonguss|Spore|p1a: Kommo-o
|-status|p1a: Kommo-o|slp|[from] move: Spore
|-enditem|p1a: Kommo-o|Lum Berry|[eat]
|-curestatus|p1a: Kommo-o|slp|[msg]
|
|upkeep
|turn|9
|
|t:|1621394723
|move|p1a: Kommo-o|Scale Shot|p2a: Amoonguss
|-damage|p2a: Amoonguss|43/100
|-damage|p2a: Amoonguss|23/100
|-damage|p2a: Amoonguss|6/100
|-hitcount|p2a: Amoonguss|3
|-unboost|p1a: Kommo-o|def|1
|-boost|p1a: Kommo-o|spe|1
|move|p2a: Amoonguss|Spore|p1a: Kommo-o
|-status|p1a: Kommo-o|slp|[from] move: Spore
|
|upkeep
|turn|10
|
|t:|1621394738
|switch|p2a: Lycanroc|Lycanroc-Dusk, M|91/100
|cant|p1a: Kommo-o|slp
|
|upkeep
|turn|11
|
|t:|1621394746
|-curestatus|p1a: Kommo-o|slp|[msg]
|move|p1a: Kommo-o|Drain Punch|p2a: Lycanroc
|-supereffective|p2a: Lycanroc
|-damage|p2a: Lycanroc|0 fnt
|-heal|p1a: Kommo-o|100/100|[from] drain|[of] p2a: Lycanroc
|faint|p2a: Lycanroc
|
|upkeep
|
|t:|1621394767
|switch|p2a: Keldeo|Keldeo-Resolute|100/100
|turn|12
|
|t:|1621394779
|move|p1a: Kommo-o|Thunder Punch|p2a: Keldeo
|-supereffective|p2a: Keldeo
|-crit|p2a: Keldeo
|-damage|p2a: Keldeo|0 fnt
|faint|p2a: Keldeo
|
|upkeep
|
|t:|1621394783
|switch|p2a: Scizor|Scizor, M|100/100
|turn|13
|
|t:|1621394791
|move|p2a: Scizor|Bullet Punch|p1a: Kommo-o
|-damage|p1a: Kommo-o|30/100
|move|p1a: Kommo-o|Drain Punch|p2a: Scizor
|-damage|p2a: Scizor|42/100
|-heal|p1a: Kommo-o|61/100|[from] drain|[of] p2a: Scizor
|
|upkeep
|turn|14
|
|t:|1621394800
|move|p2a: Scizor|Bullet Punch|p1a: Kommo-o
|-damage|p1a: Kommo-o|0 fnt
|faint|p1a: Kommo-o
|
|upkeep
|
|t:|1621394815
|switch|p1a: Salamence|Salamence, M|100/100
|turn|15
|
|t:|1621394820
|move|p1a: Salamence|Earthquake|p2a: Scizor
|-crit|p2a: Scizor
|-damage|p2a: Scizor|0 fnt
|faint|p2a: Scizor
|-ability|p1a: Salamence|Moxie|boost
|-boost|p1a: Salamence|atk|1
|
|upkeep
|-message|Buster118 forfeited.
|
|win|Davey3Hunnid
|raw|Davey3Hunnid's rating: 1151 &rarr; <strong>1189</strong><br />(+38 for winning)
|raw|Buster118's rating: 1355 &rarr; <strong>1324</strong><br />(-31 for losing)
|l|☆Buster118
