|j|☆f41r tr4d3
|j|☆congelateur-sama
|t:|1634155484
|gametype|singles
|player|p1|f41r tr4d3|waiter-gen4dp|
|player|p2|congelateur-sama|#fcpl4raichicheurs|
|teamsize|p1|6
|teamsize|p2|6
|gen|8
|tier|[Gen 8] UU
|rated|Tournament battle
|rule|Sleep Clause Mod: Limit one foe put to sleep
|rule|Species Clause: Limit one of each Pokémon
|rule|OHKO Clause: OHKO moves are banned
|rule|Evasion Moves Clause: Evasion moves are banned
|rule|Endless Battle Clause: Forcing endless battles is banned
|rule|HP Percentage Mod: HP is shown in percentages
|rule|Dynamax Clause: You cannot dynamax
|clearpoke
|poke|p1|Chansey, F|
|poke|p1|Weezing-Galar, F|
|poke|p1|Skarmory, M|
|poke|p1|Latias, F|
|poke|p1|Dhelmise|
|poke|p1|Zygarde-10%|
|poke|p2|Skarmory, M|
|poke|p2|Mienshao, M|
|poke|p2|Slowking, M|
|poke|p2|Excadrill, F|
|poke|p2|Amoonguss, F|
|poke|p2|Hydreigon, F|
|teampreview
|inactive|Battle timer is ON: inactive players will automatically lose when time's up. (requested by f41r tr4d3)
|c|☆congelateur-sama|hf
|j| Azan's reforms
|j| Observation Hockey
|inactive|congelateur-sama has 120 seconds left.
|inactive|congelateur-sama has 90 seconds left.
|
|t:|1634155545
|start
|switch|p1a: Weezing|Weezing-Galar, F|100/100
|switch|p2a: Flandre Scarlet|Slowking, M|100/100
|-ability|p1a: Weezing|Neutralizing Gas
|turn|1
|
|t:|1634155552
|move|p1a: Weezing|Sludge Bomb|p2a: Flandre Scarlet
|-damage|p2a: Flandre Scarlet|85/100
|move|p2a: Flandre Scarlet|Future Sight|p1a: Weezing
|-start|p2a: Flandre Scarlet|move: Future Sight
|
|upkeep
|turn|2
|
|t:|1634155558
|move|p1a: Weezing|Sludge Bomb|p2a: Flandre Scarlet
|-damage|p2a: Flandre Scarlet|69/100
|move|p2a: Flandre Scarlet|Teleport|p2a: Flandre Scarlet
|j| PenguinMLESJL
|inactive|congelateur-sama has 120 seconds left.
|
|t:|1634155589
|switch|p2a: Kaguya Houraisan|Mienshao, M|100/100|[from]move: Teleport
|
|upkeep
|turn|3
|inactive|congelateur-sama has 120 seconds left.
|
|t:|1634155600
|-end|p1a: Weezing|ability: Neutralizing Gas
|switch|p1a: Dhelmise|Dhelmise|100/100
|move|p2a: Kaguya Houraisan|U-turn|p1a: Dhelmise
|-damage|p1a: Dhelmise|75/100
|-damage|p2a: Kaguya Houraisan|91/100|[from] item: Life Orb
|inactive|congelateur-sama has 120 seconds left.
|
|t:|1634155610
|switch|p2a: Koishi Komeiji|Hydreigon, F|100/100|[from]move: U-turn
|
|-end|p1a: Dhelmise|move: Future Sight
|-damage|p1a: Dhelmise|34/100
|upkeep
|turn|4
|inactive|congelateur-sama has 120 seconds left.
|
|t:|1634155630
|switch|p1a: Chansey|Chansey, F|100/100
|move|p2a: Koishi Komeiji|U-turn|p1a: Chansey
|-damage|p1a: Chansey|90/100
|
|t:|1634155633
|switch|p2a: Kaguya Houraisan|Mienshao, M|100/100|[from]move: U-turn
|
|upkeep
|turn|5
|
|t:|1634155636
|switch|p1a: Weezing|Weezing-Galar, F|100/100
|-ability|p1a: Weezing|Neutralizing Gas
|move|p2a: Kaguya Houraisan|Knock Off|p1a: Weezing
|-resisted|p1a: Weezing
|-damage|p1a: Weezing|86/100
|-damage|p2a: Kaguya Houraisan|84/100|[from] item: Rocky Helmet|[of] p1a: Weezing
|-enditem|p1a: Weezing|Rocky Helmet|[from] move: Knock Off|[of] p2a: Kaguya Houraisan
|-damage|p2a: Kaguya Houraisan|74/100|[from] item: Life Orb
|
|upkeep
|turn|6
|
|t:|1634155649
|switch|p2a: Flandre Scarlet|Slowking, M|69/100
|move|p1a: Weezing|Sludge Bomb|p2a: Flandre Scarlet
|-damage|p2a: Flandre Scarlet|51/100
|
|upkeep
|turn|7
|
|t:|1634155672
|move|p1a: Weezing|Sludge Bomb|p2a: Flandre Scarlet
|-damage|p2a: Flandre Scarlet|34/100
|move|p2a: Flandre Scarlet|Teleport|p2a: Flandre Scarlet
|
|t:|1634155678
|switch|p2a: Rumia|Excadrill, F|100/100|[from]move: Teleport
|
|upkeep
|turn|8
|
|t:|1634155683
|-end|p1a: Weezing|ability: Neutralizing Gas
|-ability|p2a: Rumia|Mold Breaker
|switch|p1a: Skarmory|Skarmory, M|100/100
|move|p2a: Rumia|Stealth Rock|p1a: Skarmory
|-sidestart|p1: f41r tr4d3|move: Stealth Rock
|
|upkeep
|turn|9
|
|t:|1634155694
|switch|p2a: Flandre Scarlet|Slowking, M|34/100
|move|p1a: Skarmory|Stealth Rock|p2a: Flandre Scarlet
|-sidestart|p2: congelateur-sama|move: Stealth Rock
|
|upkeep
|turn|10
|
|t:|1634155700
|move|p1a: Skarmory|Spikes|p2a: Flandre Scarlet
|-sidestart|p2: congelateur-sama|Spikes
|move|p2a: Flandre Scarlet|Slack Off|p2a: Flandre Scarlet
|-heal|p2a: Flandre Scarlet|84/100
|
|upkeep
|turn|11
|
|t:|1634155708
|switch|p1a: Dhelmise|Dhelmise|34/100
|move|p2a: Flandre Scarlet|Future Sight|p1a: Dhelmise
|-start|p2a: Flandre Scarlet|move: Future Sight
|
|upkeep
|turn|12
|
|t:|1634155713
|switch|p2a: Koishi Komeiji|Hydreigon, F|100/100
|-damage|p2a: Koishi Komeiji|88/100|[from] Stealth Rock
|move|p1a: Dhelmise|Synthesis|p1a: Dhelmise
|-heal|p1a: Dhelmise|84/100
|
|upkeep
|turn|13
|
|t:|1634155728
|move|p2a: Koishi Komeiji|U-turn|p1a: Dhelmise
|-damage|p1a: Dhelmise|73/100
|
|t:|1634155732
|switch|p2a: Marisa Kirisame|Skarmory, M|100/100|[from]move: U-turn
|-damage|p2a: Marisa Kirisame|88/100|[from] Stealth Rock
|move|p1a: Dhelmise|Synthesis|p1a: Dhelmise
|-heal|p1a: Dhelmise|100/100
|
|-end|p1a: Dhelmise|move: Future Sight
|-damage|p1a: Dhelmise|61/100
|upkeep
|turn|14
|
|t:|1634155743
|switch|p2a: Reimu Hakurei|Amoonguss, F|100/100
|-damage|p2a: Reimu Hakurei|88/100|[from] Stealth Rock
|-damage|p2a: Reimu Hakurei|75/100|[from] Spikes
|move|p1a: Dhelmise|Rapid Spin|p2a: Reimu Hakurei
|-damage|p2a: Reimu Hakurei|64/100
|-boost|p1a: Dhelmise|spe|1
|-sideend|p1: f41r tr4d3|Stealth Rock|[from] move: Rapid Spin|[of] p1a: Dhelmise
|
|upkeep
|turn|15
|
|t:|1634155754
|switch|p1a: Skarmory|Skarmory, M|100/100
|move|p2a: Reimu Hakurei|Foul Play|p1a: Skarmory
|-damage|p1a: Skarmory|93/100
|
|upkeep
|turn|16
|
|t:|1634155759
|switch|p2a: Rumia|Excadrill, F|100/100
|-damage|p2a: Rumia|88/100|[from] Spikes
|-damage|p2a: Rumia|85/100|[from] Stealth Rock
|-ability|p2a: Rumia|Mold Breaker
|move|p1a: Skarmory|Spikes|p2a: Rumia
|-sidestart|p2: congelateur-sama|Spikes
|
|-heal|p2a: Rumia|91/100|[from] item: Leftovers
|upkeep
|turn|17
|
|t:|1634155762
|move|p2a: Rumia|Rapid Spin|p1a: Skarmory
|-resisted|p1a: Skarmory
|-damage|p1a: Skarmory|88/100
|-boost|p2a: Rumia|spe|1
|-sideend|p2: congelateur-sama|Spikes|[from] move: Rapid Spin|[of] p2a: Rumia
|-sideend|p2: congelateur-sama|Stealth Rock|[from] move: Rapid Spin|[of] p2a: Rumia
|move|p1a: Skarmory|Body Press|p2a: Rumia
|-supereffective|p2a: Rumia
|-damage|p2a: Rumia|0 fnt
|faint|p2a: Rumia
|
|upkeep
|j| BlueFins
|inactive|congelateur-sama has 120 seconds left.
|inactive|congelateur-sama has 90 seconds left.
|
|t:|1634155838
|switch|p2a: Koishi Komeiji|Hydreigon, F|88/100
|turn|18
|
|t:|1634155855
|switch|p1a: Chansey|Chansey, F|90/100
|move|p2a: Koishi Komeiji|U-turn|p1a: Chansey
|-damage|p1a: Chansey|79/100
|
|t:|1634155864
|switch|p2a: Kaguya Houraisan|Mienshao, M|74/100|[from]move: U-turn
|
|upkeep
|turn|19
|
|t:|1634155878
|switch|p1a: Weezing|Weezing-Galar, F|86/100
|-ability|p1a: Weezing|Neutralizing Gas
|move|p2a: Kaguya Houraisan|U-turn|p1a: Weezing
|-resisted|p1a: Weezing
|-damage|p1a: Weezing|81/100
|-damage|p2a: Kaguya Houraisan|64/100|[from] item: Life Orb
|
|t:|1634155880
|switch|p2a: Flandre Scarlet|Slowking, M|100/100|[from]move: U-turn
|
|upkeep
|turn|20
|
|t:|1634155887
|-end|p1a: Weezing|ability: Neutralizing Gas
|switch|p1a: Dhelmise|Dhelmise|61/100
|move|p2a: Flandre Scarlet|Future Sight|p1a: Dhelmise
|-start|p2a: Flandre Scarlet|move: Future Sight
|
|upkeep
|turn|21
|inactive|congelateur-sama has 90 seconds left.
|
|t:|1634155897
|switch|p2a: Marisa Kirisame|Skarmory, M|88/100
|move|p1a: Dhelmise|Knock Off|p2a: Marisa Kirisame
|-damage|p2a: Marisa Kirisame|72/100
|-enditem|p2a: Marisa Kirisame|Safety Goggles|[from] move: Knock Off|[of] p1a: Dhelmise
|
|upkeep
|turn|22
|inactive|congelateur-sama has 90 seconds left.
|
|t:|1634155906
|switch|p1a: Latias|Latias, F|100/100
|move|p2a: Marisa Kirisame|Spikes|p1a: Latias
|-sidestart|p1: f41r tr4d3|Spikes
|
|-end|p1a: Latias|move: Future Sight
|-resisted|p1a: Latias
|-damage|p1a: Latias|83/100
|upkeep
|turn|23
|l| BlueFins
|l| PenguinMLESJL
|
|t:|1634155915
|switch|p1a: Dhelmise|Dhelmise|61/100
|switch|p2a: Flandre Scarlet|Slowking, M|100/100
|
|upkeep
|turn|24
|
|t:|1634155919
|move|p1a: Dhelmise|Rapid Spin|p2a: Flandre Scarlet
|-damage|p2a: Flandre Scarlet|86/100
|-boost|p1a: Dhelmise|spe|1
|-sideend|p1: f41r tr4d3|Spikes|[from] move: Rapid Spin|[of] p1a: Dhelmise
|move|p2a: Flandre Scarlet|Scald|p1a: Dhelmise
|-resisted|p1a: Dhelmise
|-damage|p1a: Dhelmise|49/100
|
|upkeep
|turn|25
|
|t:|1634155924
|switch|p2a: Marisa Kirisame|Skarmory, M|72/100
|move|p1a: Dhelmise|Synthesis|p1a: Dhelmise
|-heal|p1a: Dhelmise|99/100
|
|upkeep
|turn|26
|
|t:|1634155928
|switch|p1a: Zygarde|Zygarde-10%|100/100
|-ability|p1a: Zygarde|Aura Break
|move|p2a: Marisa Kirisame|Spikes|p1a: Zygarde
|-sidestart|p1: f41r tr4d3|Spikes
|
|upkeep
|turn|27
|
|t:|1634155931
|move|p1a: Zygarde|Thousand Arrows|p2a: Marisa Kirisame
|-damage|p2a: Marisa Kirisame|39/100
|-start|p2a: Marisa Kirisame|Smack Down
|move|p2a: Marisa Kirisame|Iron Defense|p2a: Marisa Kirisame
|-boost|p2a: Marisa Kirisame|def|2
|
|upkeep
|turn|28
|
|t:|1634155935
|move|p1a: Zygarde|Thousand Arrows|p2a: Marisa Kirisame
|-supereffective|p2a: Marisa Kirisame
|-damage|p2a: Marisa Kirisame|3/100
|move|p2a: Marisa Kirisame|Roost|p2a: Marisa Kirisame
|-heal|p2a: Marisa Kirisame|53/100
|-singleturn|p2a: Marisa Kirisame|move: Roost
|
|upkeep
|turn|29
|
|t:|1634155941
|switch|p1a: Latias|Latias, F|83/100
|move|p2a: Marisa Kirisame|Roost|p2a: Marisa Kirisame
|-heal|p2a: Marisa Kirisame|100/100
|-singleturn|p2a: Marisa Kirisame|move: Roost
|
|upkeep
|turn|30
|
|t:|1634155945
|switch|p2a: Flandre Scarlet|Slowking, M|100/100
|move|p1a: Latias|Thunderbolt|p2a: Flandre Scarlet
|-supereffective|p2a: Flandre Scarlet
|-damage|p2a: Flandre Scarlet|60/100
|-damage|p1a: Latias|73/100|[from] item: Life Orb
|
|upkeep
|turn|31
|
|t:|1634155953
|switch|p1a: Dhelmise|Dhelmise|99/100
|switch|p2a: Reimu Hakurei|Amoonguss, F|97/100
|
|upkeep
|turn|32
|j| RandomTester7191
|
|t:|1634155960
|switch|p1a: Skarmory|Skarmory, M|88/100
|move|p2a: Reimu Hakurei|Foul Play|p1a: Skarmory
|-damage|p1a: Skarmory|80/100
|
|upkeep
|turn|33
|
|t:|1634155966
|switch|p2a: Koishi Komeiji|Hydreigon, F|88/100
|move|p1a: Skarmory|Spikes|p2a: Koishi Komeiji
|-sidestart|p2: congelateur-sama|Spikes
|
|upkeep
|turn|34
|
|t:|1634155978
|move|p2a: Koishi Komeiji|U-turn|p1a: Skarmory
|-resisted|p1a: Skarmory
|-damage|p1a: Skarmory|77/100
|
|t:|1634155981
|switch|p2a: Marisa Kirisame|Skarmory, M|100/100|[from]move: U-turn
|move|p1a: Skarmory|Spikes|p2a: Marisa Kirisame
|-sidestart|p2: congelateur-sama|Spikes
|
|upkeep
|turn|35
|
|t:|1634155985
|switch|p1a: Dhelmise|Dhelmise|99/100
|switch|p2a: Koishi Komeiji|Hydreigon, F|88/100
|
|upkeep
|turn|36
|
|t:|1634155992
|move|p2a: Koishi Komeiji|Dark Pulse|p1a: Dhelmise
|-supereffective|p1a: Dhelmise
|-damage|p1a: Dhelmise|20/100
|move|p1a: Dhelmise|Synthesis|p1a: Dhelmise
|-heal|p1a: Dhelmise|70/100
|
|upkeep
|turn|37
|
|t:|1634156002
|switch|p2a: Kaguya Houraisan|Mienshao, M|64/100
|-damage|p2a: Kaguya Houraisan|47/100|[from] Spikes
|switch|p1a: Weezing|Weezing-Galar, F|81/100
|-ability|p1a: Weezing|Neutralizing Gas
|-damage|p1a: Weezing|69/100|[from] Spikes
|
|upkeep
|turn|38
|
|t:|1634156018
|switch|p2a: Reimu Hakurei|Amoonguss, F|100/100
|-damage|p2a: Reimu Hakurei|84/100|[from] Spikes
|move|p1a: Weezing|Will-O-Wisp|p2a: Reimu Hakurei
|-status|p2a: Reimu Hakurei|brn
|
|-damage|p2a: Reimu Hakurei|78/100 brn|[from] brn
|upkeep
|turn|39
|
|t:|1634156032
|switch|p2a: Koishi Komeiji|Hydreigon, F|88/100
|-damage|p2a: Koishi Komeiji|72/100|[from] Spikes
|move|p1a: Weezing|Strange Steam|p2a: Koishi Komeiji
|-supereffective|p2a: Koishi Komeiji
|-damage|p2a: Koishi Komeiji|0 fnt
|faint|p2a: Koishi Komeiji
|
|upkeep
|-message|congelateur-sama forfeited.
|
|win|f41r tr4d3
|n|☆f41r tr4d3|f41rtr4d3
|n|☆congelateur-sama|congelateursama
|n| Azan's reforms|azansreforms
|n| Observation Hockey|observationhockey
|n| RandomTester7191|randomtester7191
