|j|☆UU is screwed
|j|☆Bamarah
|player|p1|UU is screwed|2|1485
|player|p2|Bamarah|eusine-gen2|1443
|teamsize|p1|6
|teamsize|p2|6
|gametype|singles
|gen|8
|tier|[Gen 8] UU
|rated|
|clearpoke
|poke|p1|Incineroar, F|
|poke|p1|Keldeo-Resolute|
|poke|p1|Skarmory, F|
|poke|p1|Scolipede, M|
|poke|p1|Starmie|
|poke|p1|Jirachi|
|poke|p2|Noivern, M|
|poke|p2|Keldeo-Resolute|
|poke|p2|Darmanitan, M|
|poke|p2|Chandelure, M|
|poke|p2|Skarmory, M|
|poke|p2|Blissey, F|
|rule|Sleep Clause Mod: Limit one foe put to sleep
|rule|Species Clause: Limit one of each Pokémon
|rule|OHKO Clause: OHKO moves are banned
|rule|Evasion Moves Clause: Evasion moves are banned
|rule|Endless Battle Clause: Forcing endless battles is banned
|rule|HP Percentage Mod: HP is shown in percentages
|rule|Dynamax Clause: You cannot dynamax
|teampreview
|inactive|Battle timer is ON: inactive players will automatically lose when time's up. (requested by Bamarah)
|
|start
|switch|p1a: Keldeo|Keldeo-Resolute|100/100
|switch|p2a: Darmanitan|Darmanitan, M, shiny|100/100
|turn|1
|
|move|p2a: Darmanitan|U-turn|p1a: Keldeo
|-resisted|p1a: Keldeo
|-damage|p1a: Keldeo|87/100
|
|switch|p2a: Noivern|Noivern, M, shiny|100/100|[from]move: U-turn
|move|p1a: Keldeo|Secret Sword|p2a: Noivern
|-resisted|p2a: Noivern
|-damage|p2a: Noivern|57/100
|
|upkeep
|turn|2
|
|switch|p1a: Jirachi|Jirachi|100/100
|move|p2a: Noivern|Hurricane|p1a: Jirachi|[miss]
|-miss|p2a: Noivern|p1a: Jirachi
|
|upkeep
|turn|3
|
|move|p2a: Noivern|Flamethrower|p1a: Jirachi
|-supereffective|p1a: Jirachi
|-damage|p1a: Jirachi|33/100
|-damage|p2a: Noivern|47/100|[from] item: Life Orb
|move|p1a: Jirachi|Doom Desire|p2a: Noivern
|-start|p1a: Jirachi|Doom Desire
|
|-heal|p1a: Jirachi|39/100|[from] item: Leftovers
|upkeep
|turn|4
|
|switch|p1a: Incineroar|Incineroar, F|100/100
|-ability|p1a: Incineroar|Intimidate|boost
|-unboost|p2a: Noivern|atk|1
|move|p2a: Noivern|Draco Meteor|p1a: Incineroar
|-damage|p1a: Incineroar|34/100
|-unboost|p2a: Noivern|spa|2
|-damage|p2a: Noivern|37/100|[from] item: Life Orb
|
|upkeep
|turn|5
|
|switch|p2a: Keldeo|Keldeo-Resolute|100/100
|move|p1a: Incineroar|Parting Shot|p2a: Keldeo
|-unboost|p2a: Keldeo|atk|1
|-unboost|p2a: Keldeo|spa|1
|
|switch|p1a: Keldeo|Keldeo-Resolute|87/100|[from]move: Parting Shot
|
|-end|p2a: Keldeo|move: Doom Desire
|-resisted|p2a: Keldeo
|-crit|p2a: Keldeo
|-damage|p2a: Keldeo|38/100
|upkeep
|turn|6
|
|switch|p2a: Chandelure|Chandelure, M, shiny|100/100
|move|p1a: Keldeo|Hydro Pump|p2a: Chandelure|[miss]
|-miss|p1a: Keldeo|p2a: Chandelure
|
|upkeep
|turn|7
|inactive|Bamarah has 120 seconds left.
|
|switch|p2a: Blissey|Blissey, F, shiny|100/100
|move|p1a: Keldeo|Hydro Pump|p2a: Blissey
|-damage|p2a: Blissey|77/100
|
|-heal|p2a: Blissey|83/100|[from] item: Leftovers
|upkeep
|turn|8
|
|switch|p1a: Skarmory|Skarmory, F|100/100
|move|p2a: Blissey|Thunder Wave|p1a: Skarmory
|-status|p1a: Skarmory|par
|
|-heal|p2a: Blissey|89/100|[from] item: Leftovers
|upkeep
|turn|9
|
|switch|p2a: Chandelure|Chandelure, M, shiny|100/100
|move|p1a: Skarmory|Spikes|p2a: Chandelure
|-sidestart|p2: Bamarah|Spikes
|
|upkeep
|turn|10
|
|switch|p1a: Jirachi|Jirachi|39/100
|move|p2a: Chandelure|Flamethrower|p1a: Jirachi
|-supereffective|p1a: Jirachi
|-damage|p1a: Jirachi|0 fnt
|faint|p1a: Jirachi
|
|upkeep
|
|switch|p1a: Keldeo|Keldeo-Resolute|87/100
|turn|11
|
|switch|p2a: Keldeo|Keldeo-Resolute|38/100
|-damage|p2a: Keldeo|26/100|[from] Spikes
|move|p1a: Keldeo|Scald|p2a: Keldeo
|-resisted|p2a: Keldeo
|-damage|p2a: Keldeo|0 fnt
|faint|p2a: Keldeo
|
|upkeep
|
|switch|p2a: Noivern|Noivern, M, shiny|37/100
|turn|12
|
|switch|p1a: Skarmory|Skarmory, F|100/100 par
|move|p2a: Noivern|Defog|p1a: Skarmory
|-unboost|p1a: Skarmory|evasion|1
|-sideend|p2: Bamarah|Spikes|[from] move: Defog|[of] p2a: Noivern
|
|upkeep
|turn|13
|j| Hugh Langford
|l| Hugh Langford
|
|move|p2a: Noivern|Flamethrower|p1a: Skarmory
|-supereffective|p1a: Skarmory
|-damage|p1a: Skarmory|6/100 par
|-damage|p2a: Noivern|27/100|[from] item: Life Orb
|cant|p1a: Skarmory|par
|
|upkeep
|turn|14
|-message|UU is screwed forfeited.
|
|win|Bamarah
|l|☆UU is screwed
