|j|☆UU baz
|j|☆uult1 freitas
|player|p1|UU baz|ltsurge|1546
|player|p2|uult1 freitas|swimmerm-gen3|1637
|teamsize|p1|6
|teamsize|p2|6
|gametype|singles
|gen|8
|tier|[Gen 8] UU
|rated|
|clearpoke
|poke|p1|Reuniclus, F|
|poke|p1|Pangoro, F|
|poke|p1|Sylveon, F|
|poke|p1|Morpeko, F|
|poke|p1|Rhyperior, M|
|poke|p1|Chandelure, M|
|poke|p2|Sigilyph, F|
|poke|p2|Gigalith, M|
|poke|p2|Incineroar, M|
|poke|p2|Flygon, M|
|poke|p2|Doublade, F|
|poke|p2|Roserade, M|
|rule|Sleep Clause Mod: Limit one foe put to sleep
|rule|Species Clause: Limit one of each Pokémon
|rule|OHKO Clause: OHKO moves are banned
|rule|Evasion Moves Clause: Evasion moves are banned
|rule|Endless Battle Clause: Forcing endless battles is banned
|rule|HP Percentage Mod: HP is shown in percentages
|rule|Dynamax Clause: You cannot dynamax
|teampreview
|
|start
|switch|p1a: Morpeko|Morpeko, F|100/100
|switch|p2a: Flygon|Flygon, M|100/100
|turn|1
|
|move|p1a: Morpeko|Protect|p1a: Morpeko
|-singleturn|p1a: Morpeko|Protect
|move|p2a: Flygon|Earthquake|p1a: Morpeko
|-activate|p1a: Morpeko|move: Protect
|
|-formechange|p1a: Morpeko|Morpeko-Hangry||[from] ability: Hunger Switch
|upkeep
|turn|2
|
|switch|p1a: Sylveon|Sylveon, F|100/100
|move|p2a: Flygon|Earthquake|p1a: Sylveon
|-damage|p1a: Sylveon|60/100
|
|-heal|p1a: Sylveon|66/100|[from] item: Leftovers
|upkeep
|turn|3
|
|switch|p1a: Pangoro|Pangoro, F|100/100
|move|p2a: Flygon|U-turn|p1a: Pangoro
|-damage|p1a: Pangoro|74/100
|
|switch|p2a: Roserade|Roserade, M|100/100|[from]move: U-turn
|
|upkeep
|turn|4
|
|switch|p1a: Reuniclus|Reuniclus, F|100/100
|move|p2a: Roserade|Sludge Bomb|p1a: Reuniclus
|-damage|p1a: Reuniclus|73/100
|-damage|p2a: Roserade|91/100|[from] item: Life Orb
|
|upkeep
|turn|5
|
|switch|p2a: Gigalith|Gigalith, M|100/100
|-weather|Sandstorm|[from] ability: Sand Stream|[of] p2a: Gigalith
|move|p1a: Reuniclus|Knock Off|p2a: Gigalith
|-damage|p2a: Gigalith|90/100
|-enditem|p2a: Gigalith|Leftovers|[from] move: Knock Off|[of] p1a: Reuniclus
|
|-weather|Sandstorm|[upkeep]
|-damage|p1a: Reuniclus|67/100|[from] Sandstorm
|upkeep
|turn|6
|
|switch|p1a: Pangoro|Pangoro, F|74/100
|move|p2a: Gigalith|Stealth Rock|p1a: Pangoro
|-sidestart|p1: UU baz|move: Stealth Rock
|
|-weather|Sandstorm|[upkeep]
|-damage|p1a: Pangoro|68/100|[from] Sandstorm
|upkeep
|turn|7
|
|switch|p2a: Flygon|Flygon, M|100/100
|move|p1a: Pangoro|Close Combat|p2a: Flygon
|-damage|p2a: Flygon|0 fnt
|-unboost|p1a: Pangoro|def|1
|-unboost|p1a: Pangoro|spd|1
|faint|p2a: Flygon
|
|-weather|Sandstorm|[upkeep]
|-damage|p1a: Pangoro|62/100|[from] Sandstorm
|upkeep
|
|switch|p2a: Roserade|Roserade, M|91/100
|turn|8
|
|switch|p1a: Reuniclus|Reuniclus, F|99/100
|-damage|p1a: Reuniclus|87/100|[from] Stealth Rock
|move|p2a: Roserade|Spikes|p1a: Reuniclus
|-sidestart|p1: UU baz|Spikes
|
|-weather|Sandstorm|[upkeep]
|-damage|p2a: Roserade|84/100|[from] Sandstorm
|-damage|p1a: Reuniclus|81/100|[from] Sandstorm
|upkeep
|turn|9
|
|switch|p2a: Gigalith|Gigalith, M|90/100
|move|p1a: Reuniclus|Knock Off|p2a: Gigalith
|-damage|p2a: Gigalith|83/100
|
|-weather|none
|upkeep
|turn|10
|j| Bale2711
|
|move|p1a: Reuniclus|Energy Ball|p2a: Gigalith
|-supereffective|p2a: Gigalith
|-damage|p2a: Gigalith|47/100
|move|p2a: Gigalith|Toxic|p1a: Reuniclus
|-status|p1a: Reuniclus|tox
|
|-damage|p1a: Reuniclus|75/100 tox|[from] psn
|upkeep
|turn|11
|
|switch|p1a: Rhyperior|Rhyperior, M|100/100
|-damage|p1a: Rhyperior|88/100|[from] Spikes
|-damage|p1a: Rhyperior|82/100|[from] Stealth Rock
|switch|p2a: Incineroar|Incineroar, M|100/100
|-ability|p2a: Incineroar|Intimidate|boost
|-unboost|p1a: Rhyperior|atk|1
|
|-heal|p1a: Rhyperior|88/100|[from] item: Leftovers
|upkeep
|turn|12
|
|switch|p2a: SIGAO|Sigilyph, F|100/100
|move|p1a: Rhyperior|Stealth Rock|p2a: SIGAO
|-sidestart|p2: uult1 freitas|move: Stealth Rock
|
|-heal|p1a: Rhyperior|94/100|[from] item: Leftovers
|upkeep
|turn|13
|
|switch|p1a: Reuniclus|Reuniclus, F|100/100 tox
|-damage|p1a: Reuniclus|88/100 tox|[from] Stealth Rock
|-damage|p1a: Reuniclus|75/100 tox|[from] Spikes
|move|p2a: SIGAO|Energy Ball|p1a: Reuniclus
|-damage|p1a: Reuniclus|62/100 tox
|
|-damage|p1a: Reuniclus|56/100 tox|[from] psn
|upkeep
|turn|14
|
|switch|p2a: Gigalith|Gigalith, M|47/100
|-damage|p2a: Gigalith|35/100|[from] Stealth Rock
|-weather|Sandstorm|[from] ability: Sand Stream|[of] p2a: Gigalith
|move|p1a: Reuniclus|Knock Off|p2a: Gigalith
|-damage|p2a: Gigalith|28/100
|
|-weather|Sandstorm|[upkeep]
|-damage|p1a: Reuniclus|50/100 tox|[from] Sandstorm
|-damage|p1a: Reuniclus|37/100 tox|[from] psn
|upkeep
|turn|15
|
|switch|p1a: Rhyperior|Rhyperior, M|94/100
|-damage|p1a: Rhyperior|82/100|[from] Spikes
|-damage|p1a: Rhyperior|76/100|[from] Stealth Rock
|switch|p2a: Roserade|Roserade, M|84/100
|-damage|p2a: Roserade|72/100|[from] Stealth Rock
|
|-weather|Sandstorm|[upkeep]
|-damage|p2a: Roserade|66/100|[from] Sandstorm
|-heal|p1a: Rhyperior|82/100|[from] item: Leftovers
|upkeep
|turn|16
|
|switch|p1a: Reuniclus|Reuniclus, F|71/100 tox
|-damage|p1a: Reuniclus|58/100 tox|[from] Stealth Rock
|-damage|p1a: Reuniclus|46/100 tox|[from] Spikes
|move|p2a: Roserade|Leaf Storm|p1a: Reuniclus
|-damage|p1a: Reuniclus|9/100 tox
|-unboost|p2a: Roserade|spa|2
|-damage|p2a: Roserade|56/100|[from] item: Life Orb
|
|-weather|Sandstorm|[upkeep]
|-damage|p2a: Roserade|50/100|[from] Sandstorm
|-damage|p1a: Reuniclus|3/100 tox|[from] Sandstorm
|-damage|p1a: Reuniclus|0 fnt|[from] psn
|faint|p1a: Reuniclus
|upkeep
|
|switch|p1a: Morpeko|Morpeko, F|100/100
|-damage|p1a: Morpeko|88/100|[from] Spikes
|-damage|p1a: Morpeko|76/100|[from] Stealth Rock
|turn|17
|
|move|p1a: Morpeko|Aura Wheel|p2a: Roserade
|-resisted|p2a: Roserade
|-damage|p2a: Roserade|0 fnt
|-boost|p1a: Morpeko|spe|1
|-damage|p1a: Morpeko|66/100|[from] item: Life Orb
|faint|p2a: Roserade
|
|-weather|Sandstorm|[upkeep]
|-damage|p1a: Morpeko|60/100|[from] Sandstorm
|-formechange|p1a: Morpeko|Morpeko-Hangry||[from] ability: Hunger Switch
|upkeep
|
|switch|p2a: Incineroar|Incineroar, M|100/100
|-ability|p2a: Incineroar|Intimidate|boost
|-unboost|p1a: Morpeko|atk|1
|turn|18
|j| Flagellum Dei
|
|move|p1a: Morpeko|Rapid Spin|p2a: Incineroar
|-damage|p2a: Incineroar|86/100
|-boost|p1a: Morpeko|spe|1
|-sideend|p1: UU baz|Spikes|[from] move: Rapid Spin|[of] p1a: Morpeko
|-sideend|p1: UU baz|Stealth Rock|[from] move: Rapid Spin|[of] p1a: Morpeko
|-damage|p1a: Morpeko|50/100|[from] item: Life Orb
|move|p2a: Incineroar|Close Combat|p1a: Morpeko
|-supereffective|p1a: Morpeko
|-damage|p1a: Morpeko|0 fnt
|-unboost|p2a: Incineroar|def|1
|-unboost|p2a: Incineroar|spd|1
|faint|p1a: Morpeko
|
|-weather|none
|upkeep
|
|switch|p1a: Rhyperior|Rhyperior, M|82/100
|turn|19
|
|switch|p2a: SIGAO|Sigilyph, F|100/100
|move|p1a: Rhyperior|Stone Edge|p2a: SIGAO
|-supereffective|p2a: SIGAO
|-damage|p2a: SIGAO|0 fnt
|faint|p2a: SIGAO
|
|-heal|p1a: Rhyperior|88/100|[from] item: Leftovers
|upkeep
|
|switch|p2a: Doublade|Doublade, F|100/100
|-damage|p2a: Doublade|94/100|[from] Stealth Rock
|turn|20
|j| mayer dreamin'
|
|move|p1a: Rhyperior|Earthquake|p2a: Doublade
|-supereffective|p2a: Doublade
|-damage|p2a: Doublade|50/100
|move|p2a: Doublade|Close Combat|p1a: Rhyperior
|-supereffective|p1a: Rhyperior
|-damage|p1a: Rhyperior|58/100
|-unboost|p2a: Doublade|def|1
|-unboost|p2a: Doublade|spd|1
|
|-heal|p1a: Rhyperior|64/100|[from] item: Leftovers
|upkeep
|turn|21
|
|move|p2a: Doublade|Shadow Sneak|p1a: Rhyperior
|-damage|p1a: Rhyperior|54/100
|move|p1a: Rhyperior|Earthquake|p2a: Doublade
|-supereffective|p2a: Doublade
|-damage|p2a: Doublade|0 fnt
|faint|p2a: Doublade
|
|-heal|p1a: Rhyperior|61/100|[from] item: Leftovers
|upkeep
|j| pokemonisfun
|
|switch|p2a: Incineroar|Incineroar, M|86/100
|-ability|p2a: Incineroar|Intimidate|boost
|-unboost|p1a: Rhyperior|atk|1
|turn|22
|-message|uult1 freitas forfeited.
|
|win|UU baz
|l|☆uult1 freitas
|c|☆UU baz|gg
|l| Flagellum Dei
|l| mayer dreamin'
|l| Bale2711
|raw|UU baz's rating: 1546 &rarr; <strong>1571</strong><br />(+25 for winning)
|raw|uult1 freitas's rating: 1637 &rarr; <strong>1612</strong><br />(-25 for losing)
