|j|☆rng is a skill
|j|☆Amane Misa
|t:|1609707252
|player|p1|rng is a skill|roxie|
|player|p2|Amane Misa|#amanemisa|
|teamsize|p1|6
|teamsize|p2|6
|gametype|singles
|gen|8
|tier|[Gen 8] UU
|rated|Tournament battle
|clearpoke
|poke|p1|Porygon-Z|
|poke|p1|Slowbro-Galar, F|
|poke|p1|Zeraora|
|poke|p1|Skarmory, M|
|poke|p1|Volcanion|
|poke|p1|Chansey, F|
|poke|p2|Shuckle, M|
|poke|p2|Gyarados, M|
|poke|p2|Bisharp, M|
|poke|p2|Celesteela|
|poke|p2|Mimikyu, F|
|poke|p2|Diggersby, F|
|rule|Sleep Clause Mod: Limit one foe put to sleep
|rule|Species Clause: Limit one of each Pokémon
|rule|OHKO Clause: OHKO moves are banned
|rule|Evasion Moves Clause: Evasion moves are banned
|rule|Endless Battle Clause: Forcing endless battles is banned
|rule|HP Percentage Mod: HP is shown in percentages
|rule|Dynamax Clause: You cannot dynamax
|teampreview
|j| KrookKing
|j| Mygrein ㋡
|j| BigFatMantis
|j| clownslayer49
|c|☆rng is a skill|Hf
|
|t:|1609707268
|start
|switch|p1a: Zeraora|Zeraora|100/100
|switch|p2a: Shuckle|Shuckle, M|100/100
|turn|1
|j| laevin ㋛
|l| KrookKing
|
|t:|1609707310
|move|p1a: Zeraora|Plasma Fists|p2a: Shuckle
|-crit|p2a: Shuckle
|-damage|p2a: Shuckle|58/100
|-fieldactivate|move: Ion Deluge
|-enditem|p2a: Shuckle|Red Card|[of] p1a: Zeraora
|drag|p1a: Skarmory|Skarmory, M|100/100
|move|p2a: Shuckle|Sticky Web|p1a: Skarmory
|-sidestart|p1: rng is a skill|move: Sticky Web
|
|upkeep
|turn|2
|j| KrookKing
|c|☆Amane Misa|you too
|
|t:|1609707319
|move|p1a: Skarmory|Spikes|p2a: Shuckle
|-sidestart|p2: Amane Misa|Spikes
|move|p2a: Shuckle|Encore|p1a: Skarmory
|-start|p1a: Skarmory|Encore
|
|upkeep
|turn|3
|
|t:|1609707321
|move|p1a: Skarmory|Spikes|p2a: Shuckle
|-sidestart|p2: Amane Misa|Spikes
|move|p2a: Shuckle|Stealth Rock|p1a: Skarmory
|-sidestart|p1: rng is a skill|move: Stealth Rock
|
|upkeep
|turn|4
|
|t:|1609707333
|switch|p1a: Volcanion|Volcanion|100/100
|move|p2a: Shuckle|Infestation|p1a: Volcanion
|-resisted|p1a: Volcanion
|-damage|p1a: Volcanion|99/100
|-activate|p1a: Volcanion|move: Infestation|[of] p2a: Shuckle
|
|-damage|p1a: Volcanion|87/100|[from] move: Infestation|[partiallytrapped]
|upkeep
|turn|5
|
|t:|1609707340
|move|p1a: Volcanion|Steam Eruption|p2a: Shuckle
|-supereffective|p2a: Shuckle
|-damage|p2a: Shuckle|0 fnt
|faint|p2a: Shuckle
|
|-end|p1a: Volcanion|Infestation|[partiallytrapped]|[silent]
|upkeep
|
|t:|1609707348
|switch|p2a: Gyarados|Gyarados, M|100/100
|turn|6
|
|t:|1609707354
|move|p2a: Gyarados|Dragon Dance|p2a: Gyarados
|-boost|p2a: Gyarados|atk|1
|-boost|p2a: Gyarados|spe|1
|move|p1a: Volcanion|Defog|p2a: Gyarados
|-unboost|p2a: Gyarados|evasion|1
|-sideend|p2: Amane Misa|Spikes|[from] move: Defog|[of] p1a: Volcanion
|-sideend|p1: rng is a skill|Stealth Rock|[from] move: Defog|[of] p1a: Volcanion
|-sideend|p1: rng is a skill|Sticky Web|[from] move: Defog|[of] p1a: Volcanion
|
|upkeep
|turn|7
|j| Mindnight
|
|t:|1609707363
|switch|p1a: Skarmory|Skarmory, M|100/100
|move|p2a: Gyarados|Dragon Dance|p2a: Gyarados
|-boost|p2a: Gyarados|atk|1
|-boost|p2a: Gyarados|spe|1
|
|upkeep
|turn|8
|
|t:|1609707367
|move|p2a: Gyarados|Waterfall|p1a: Skarmory
|-damage|p1a: Skarmory|45/100
|-damage|p2a: Gyarados|84/100|[from] item: Rocky Helmet|[of] p1a: Skarmory
|cant|p1a: Skarmory|flinch
|
|upkeep
|turn|9
|c| KrookKing|ouch
|
|t:|1609707377
|move|p2a: Gyarados|Waterfall|p1a: Skarmory
|-damage|p1a: Skarmory|0 fnt
|-damage|p2a: Gyarados|67/100|[from] item: Rocky Helmet|[of] p1a: Skarmory
|faint|p1a: Skarmory
|-ability|p2a: Gyarados|Moxie|boost
|-boost|p2a: Gyarados|atk|1
|
|upkeep
|c| BigFatMantis|it's a skill
|c|☆rng is a skill|Whirlwind would have been lovely
|c|☆rng is a skill|But truly outplayed
|
|t:|1609707402
|switch|p1a: Slowbro|Slowbro-Galar, F|100/100
|turn|10
|
|t:|1609707408
|move|p2a: Gyarados|Waterfall|p1a: Slowbro
|-crit|p1a: Slowbro
|-damage|p1a: Slowbro|0 fnt
|faint|p1a: Slowbro
|-ability|p2a: Gyarados|Moxie|boost
|-boost|p2a: Gyarados|atk|1
|
|upkeep
|c|☆rng is a skill|Yeah gg
|-message|rng is a skill forfeited.
|
|win|Amane Misa
|n|☆rng is a skill|rngisaskill
|n|☆Amane Misa|amanemisa
|n| Mygrein ㋡|mygrein
|n| BigFatMantis|bigfatmantis
|n| clownslayer49|clownslayer49
|n| laevin ㋛|laevin
|n| KrookKing|krookking
|n| Mindnight|mindnight
|c|☆Amane Misa|gg
|l| KrookKing
|l|☆Amane Misa
|l| Mindnight
|l|☆rng is a skill
|l| clownslayer49
|l| laevin ㋛
|l| Mygrein ㋡
|l| BigFatMantis
|j| BigFatMantis
