|j|☆gijion mustard
|j|☆GelatinPrince2364
|player|p1|gijion mustard|tuberf|1800
|player|p2|GelatinPrince2364|169|1735
|teamsize|p1|6
|teamsize|p2|6
|gametype|singles
|gen|8
|tier|[Gen 8] UU
|rated|
|clearpoke
|poke|p1|Roserade, M|
|poke|p1|Gigalith, F|
|poke|p1|Flygon, F|
|poke|p1|Vaporeon, F|
|poke|p1|Durant, F|
|poke|p1|Alcremie, F|
|poke|p2|Umbreon, F|
|poke|p2|Weezing-Galar, F|
|poke|p2|Escavalier, F|
|poke|p2|Milotic, F|
|poke|p2|Hippowdon, F|
|poke|p2|Roserade, F|
|rule|Sleep Clause Mod: Limit one foe put to sleep
|rule|Species Clause: Limit one of each Pokémon
|rule|OHKO Clause: OHKO moves are banned
|rule|Evasion Moves Clause: Evasion moves are banned
|rule|Endless Battle Clause: Forcing endless battles is banned
|rule|HP Percentage Mod: HP is shown in percentages
|rule|Dynamax Clause: You cannot dynamax
|teampreview
|j| TSR
|j|+killin'time
|
|start
|switch|p1a: Vaporeon|Vaporeon, F|100/100
|switch|p2a: Escavalier|Escavalier, F|100/100
|turn|1
|
|move|p1a: Vaporeon|Scald|p2a: Escavalier
|-damage|p2a: Escavalier|79/100
|-status|p2a: Escavalier|brn
|move|p2a: Escavalier|Swords Dance|p2a: Escavalier
|-boost|p2a: Escavalier|atk|2
|
|-heal|p2a: Escavalier|85/100 brn|[from] item: Leftovers
|-damage|p2a: Escavalier|79/100 brn|[from] brn
|upkeep
|turn|2
|
|switch|p1a: Gigalith|Gigalith, F|100/100
|-weather|Sandstorm|[from] ability: Sand Stream|[of] p1a: Gigalith
|move|p2a: Escavalier|Megahorn|p1a: Gigalith|[miss]
|-miss|p2a: Escavalier|p1a: Gigalith
|
|-weather|Sandstorm|[upkeep]
|-heal|p2a: Escavalier|85/100 brn|[from] item: Leftovers
|-damage|p2a: Escavalier|79/100 brn|[from] brn
|upkeep
|turn|3
|
|switch|p2a: Weezing|Weezing-Galar, F|100/100
|move|p1a: Gigalith|Stealth Rock|p2a: Weezing
|-sidestart|p2: GelatinPrince2364|move: Stealth Rock
|
|-weather|Sandstorm|[upkeep]
|-damage|p2a: Weezing|95/100|[from] Sandstorm
|-heal|p2a: Weezing|100/100|[from] item: Black Sludge
|upkeep
|turn|4
|
|move|p2a: Weezing|Toxic|p1a: Gigalith
|-status|p1a: Gigalith|tox
|move|p1a: Gigalith|Heavy Slam|p2a: Weezing
|-supereffective|p2a: Weezing
|-damage|p2a: Weezing|51/100
|
|-weather|Sandstorm|[upkeep]
|-damage|p2a: Weezing|45/100|[from] Sandstorm
|-heal|p2a: Weezing|51/100|[from] item: Black Sludge
|-damage|p1a: Gigalith|94/100 tox|[from] psn
|upkeep
|turn|5
|
|switch|p2a: Hippowdon|Hippowdon, F|100/100
|-damage|p2a: Hippowdon|94/100|[from] Stealth Rock
|move|p1a: Gigalith|Heavy Slam|p2a: Hippowdon
|-damage|p2a: Hippowdon|88/100
|
|-weather|Sandstorm|[upkeep]
|-heal|p2a: Hippowdon|94/100|[from] item: Leftovers
|-heal|p1a: Gigalith|100/100 tox|[from] item: Leftovers
|-damage|p1a: Gigalith|88/100 tox|[from] psn
|upkeep
|turn|6
|
|switch|p1a: Vaporeon|Vaporeon, F|100/100
|move|p2a: Hippowdon|Stealth Rock|p1a: Vaporeon
|-sidestart|p1: gijion mustard|move: Stealth Rock
|
|-weather|none
|-heal|p2a: Hippowdon|99/100|[from] item: Leftovers
|upkeep
|turn|7
|
|switch|p2a: Umbreon|Umbreon, F|100/100
|-damage|p2a: Umbreon|88/100|[from] Stealth Rock
|move|p1a: Vaporeon|Ice Beam|p2a: Umbreon
|-damage|p2a: Umbreon|77/100
|
|-heal|p2a: Umbreon|83/100|[from] item: Leftovers
|upkeep
|turn|8
|
|switch|p1a: Roserade|Roserade, M|100/100
|-damage|p1a: Roserade|88/100|[from] Stealth Rock
|move|p2a: Umbreon|Taunt|p1a: Roserade
|-start|p1a: Roserade|move: Taunt
|
|-heal|p1a: Roserade|94/100|[from] item: Black Sludge
|-heal|p2a: Umbreon|89/100|[from] item: Leftovers
|upkeep
|turn|9
|
|switch|p1a: Durant|Durant, F|100/100
|-damage|p1a: Durant|88/100|[from] Stealth Rock
|switch|p2a: Escavalier|Escavalier, F|79/100 brn
|-damage|p2a: Escavalier|67/100 brn|[from] Stealth Rock
|
|-heal|p2a: Escavalier|73/100 brn|[from] item: Leftovers
|-damage|p2a: Escavalier|67/100 brn|[from] brn
|upkeep
|turn|10
|
|switch|p2a: Hippowdon|Hippowdon, F|99/100
|-damage|p2a: Hippowdon|94/100|[from] Stealth Rock
|-weather|Sandstorm|[from] ability: Sand Stream|[of] p2a: Hippowdon
|move|p1a: Durant|Iron Head|p2a: Hippowdon|[miss]
|-miss|p1a: Durant|p2a: Hippowdon
|
|-weather|Sandstorm|[upkeep]
|-heal|p2a: Hippowdon|99/100|[from] item: Leftovers
|upkeep
|turn|11
|
|switch|p1a: Flygon|Flygon, F|100/100
|-damage|p1a: Flygon|95/100|[from] Stealth Rock
|move|p2a: Hippowdon|Earthquake|p1a: Flygon
|-immune|p1a: Flygon|[from] ability: Levitate
|
|-weather|Sandstorm|[upkeep]
|-heal|p2a: Hippowdon|100/100|[from] item: Leftovers
|upkeep
|turn|12
|
|move|p1a: Flygon|U-turn|p2a: Hippowdon
|-damage|p2a: Hippowdon|90/100
|
|switch|p1a: Vaporeon|Vaporeon, F|100/100|[from]move: U-turn
|-damage|p1a: Vaporeon|88/100|[from] Stealth Rock
|move|p2a: Hippowdon|Slack Off|p2a: Hippowdon
|-heal|p2a: Hippowdon|100/100
|
|-weather|Sandstorm|[upkeep]
|-damage|p1a: Vaporeon|82/100|[from] Sandstorm
|-heal|p1a: Vaporeon|88/100|[from] item: Leftovers
|upkeep
|turn|13
|
|switch|p1a: Durant|Durant, F|88/100
|-damage|p1a: Durant|76/100|[from] Stealth Rock
|switch|p2a: Milotic|Milotic, F|100/100
|-damage|p2a: Milotic|88/100|[from] Stealth Rock
|
|-weather|Sandstorm|[upkeep]
|-damage|p2a: Milotic|82/100|[from] Sandstorm
|-heal|p2a: Milotic|88/100|[from] item: Leftovers
|upkeep
|turn|14
|
|switch|p1a: Vaporeon|Vaporeon, F|88/100
|-damage|p1a: Vaporeon|75/100|[from] Stealth Rock
|switch|p2a: Hippowdon|Hippowdon, F|100/100
|-damage|p2a: Hippowdon|94/100|[from] Stealth Rock
|
|-weather|none
|-heal|p1a: Vaporeon|82/100|[from] item: Leftovers
|-heal|p2a: Hippowdon|100/100|[from] item: Leftovers
|upkeep
|turn|15
|
|switch|p2a: Umbreon|Umbreon, F|89/100
|-damage|p2a: Umbreon|77/100|[from] Stealth Rock
|move|p1a: Vaporeon|Wish|p1a: Vaporeon
|
|-heal|p2a: Umbreon|83/100|[from] item: Leftovers
|-heal|p1a: Vaporeon|88/100|[from] item: Leftovers
|upkeep
|turn|16
|
|switch|p1a: Roserade|Roserade, M|94/100
|-damage|p1a: Roserade|82/100|[from] Stealth Rock
|move|p2a: Umbreon|Taunt|p1a: Roserade
|-start|p1a: Roserade|move: Taunt
|
|-heal|p1a: Roserade|100/100|[from] move: Wish|[wisher] Vaporeon
|-heal|p2a: Umbreon|89/100|[from] item: Leftovers
|upkeep
|turn|17
|
|move|p1a: Roserade|Sludge Bomb|p2a: Umbreon
|-damage|p2a: Umbreon|66/100
|move|p2a: Umbreon|Wish|p2a: Umbreon
|
|-heal|p2a: Umbreon|72/100|[from] item: Leftovers
|upkeep
|turn|18
|
|switch|p1a: Alcremie|Alcremie, F|100/100
|-damage|p1a: Alcremie|88/100|[from] Stealth Rock
|switch|p2a: Escavalier|Escavalier, F|67/100 brn
|-damage|p2a: Escavalier|54/100 brn|[from] Stealth Rock
|
|-heal|p2a: Escavalier|100/100 brn|[from] move: Wish|[wisher] Umbreon
|-heal|p1a: Alcremie|94/100|[from] item: Leftovers
|-damage|p2a: Escavalier|94/100 brn|[from] brn
|upkeep
|turn|19
|
|move|p1a: Alcremie|Mystical Fire|p2a: Escavalier
|-supereffective|p2a: Escavalier
|-damage|p2a: Escavalier|44/100 brn
|-unboost|p2a: Escavalier|spa|1
|move|p2a: Escavalier|Knock Off|p1a: Alcremie
|-resisted|p1a: Alcremie
|-damage|p1a: Alcremie|87/100
|-enditem|p1a: Alcremie|Leftovers|[from] move: Knock Off|[of] p2a: Escavalier
|
|-heal|p2a: Escavalier|50/100 brn|[from] item: Leftovers
|-damage|p2a: Escavalier|44/100 brn|[from] brn
|upkeep
|turn|20
|
|switch|p2a: Milotic|Milotic, F|88/100
|-damage|p2a: Milotic|76/100|[from] Stealth Rock
|move|p1a: Alcremie|Mystical Fire|p2a: Milotic
|-resisted|p2a: Milotic
|-damage|p2a: Milotic|70/100
|-unboost|p2a: Milotic|spa|1
|
|-heal|p2a: Milotic|76/100|[from] item: Leftovers
|upkeep
|turn|21
|
|switch|p1a: Roserade|Roserade, M|100/100
|-damage|p1a: Roserade|88/100|[from] Stealth Rock
|move|p2a: Milotic|Ice Beam|p1a: Roserade
|-supereffective|p1a: Roserade
|-damage|p1a: Roserade|54/100
|
|-heal|p1a: Roserade|60/100|[from] item: Black Sludge
|-heal|p2a: Milotic|82/100|[from] item: Leftovers
|upkeep
|turn|22
|
|move|p1a: Roserade|Toxic Spikes|p2a: Milotic
|-sidestart|p2: GelatinPrince2364|move: Toxic Spikes
|move|p2a: Milotic|Ice Beam|p1a: Roserade
|-supereffective|p1a: Roserade
|-damage|p1a: Roserade|25/100
|
|-heal|p1a: Roserade|32/100|[from] item: Black Sludge
|-heal|p2a: Milotic|89/100|[from] item: Leftovers
|upkeep
|turn|23
|
|move|p1a: Roserade|Leaf Storm|p2a: Milotic
|-supereffective|p2a: Milotic
|-damage|p2a: Milotic|2/100
|-unboost|p1a: Roserade|spa|2
|move|p2a: Milotic|Ice Beam|p1a: Roserade
|-supereffective|p1a: Roserade
|-damage|p1a: Roserade|0 fnt
|faint|p1a: Roserade
|
|-heal|p2a: Milotic|8/100|[from] item: Leftovers
|upkeep
|
|switch|p1a: Flygon|Flygon, F|95/100
|-damage|p1a: Flygon|89/100|[from] Stealth Rock
|turn|24
|
|move|p1a: Flygon|U-turn|p2a: Milotic
|-damage|p2a: Milotic|0 fnt
|faint|p2a: Milotic
|
|switch|p1a: Durant|Durant, F|76/100|[from]move: U-turn
|-damage|p1a: Durant|63/100|[from] Stealth Rock
|
|upkeep
|
|switch|p2a: Roserade|Roserade, F|100/100
|-sideend|p2: GelatinPrince2364|move: Toxic Spikes|[of] p2a: Roserade
|-damage|p2a: Roserade|88/100|[from] Stealth Rock
|turn|25
|
|switch|p2a: Hippowdon|Hippowdon, F|100/100
|-damage|p2a: Hippowdon|94/100|[from] Stealth Rock
|-weather|Sandstorm|[from] ability: Sand Stream|[of] p2a: Hippowdon
|move|p1a: Durant|Iron Head|p2a: Hippowdon|[miss]
|-miss|p1a: Durant|p2a: Hippowdon
|
|-weather|Sandstorm|[upkeep]
|-heal|p2a: Hippowdon|100/100|[from] item: Leftovers
|upkeep
|turn|26
|j| stony man bob
|
|switch|p1a: Flygon|Flygon, F|89/100
|-damage|p1a: Flygon|83/100|[from] Stealth Rock
|move|p2a: Hippowdon|Earthquake|p1a: Flygon
|-immune|p1a: Flygon|[from] ability: Levitate
|
|-weather|Sandstorm|[upkeep]
|upkeep
|turn|27
|
|move|p1a: Flygon|Fire Blast|p2a: Hippowdon
|-damage|p2a: Hippowdon|81/100
|move|p2a: Hippowdon|Earthquake|p1a: Flygon
|-immune|p1a: Flygon|[from] ability: Levitate
|
|-weather|Sandstorm|[upkeep]
|-heal|p2a: Hippowdon|88/100|[from] item: Leftovers
|upkeep
|turn|28
|
|move|p1a: Flygon|Fire Blast|p2a: Hippowdon|[miss]
|-miss|p1a: Flygon|p2a: Hippowdon
|move|p2a: Hippowdon|Earthquake|p1a: Flygon
|-immune|p1a: Flygon|[from] ability: Levitate
|
|-weather|Sandstorm|[upkeep]
|-heal|p2a: Hippowdon|94/100|[from] item: Leftovers
|upkeep
|turn|29
|
|move|p1a: Flygon|Fire Blast|p2a: Hippowdon
|-damage|p2a: Hippowdon|74/100
|move|p2a: Hippowdon|Earthquake|p1a: Flygon
|-immune|p1a: Flygon|[from] ability: Levitate
|
|-weather|none
|-heal|p2a: Hippowdon|80/100|[from] item: Leftovers
|upkeep
|turn|30
|
|move|p1a: Flygon|Fire Blast|p2a: Hippowdon|[miss]
|-miss|p1a: Flygon|p2a: Hippowdon
|move|p2a: Hippowdon|Slack Off|p2a: Hippowdon
|-heal|p2a: Hippowdon|100/100
|
|upkeep
|turn|31
|
|move|p1a: Flygon|Fire Blast|p2a: Hippowdon
|-damage|p2a: Hippowdon|82/100
|move|p2a: Hippowdon|Stealth Rock||[still]
|-fail|p2a: Hippowdon
|
|-heal|p2a: Hippowdon|88/100|[from] item: Leftovers
|upkeep
|turn|32
|
|move|p1a: Flygon|Fire Blast|p2a: Hippowdon
|-damage|p2a: Hippowdon|67/100
|move|p2a: Hippowdon|Earthquake|p1a: Flygon
|-immune|p1a: Flygon|[from] ability: Levitate
|
|-heal|p2a: Hippowdon|73/100|[from] item: Leftovers
|upkeep
|turn|33
|
|move|p1a: Flygon|Fire Blast|p2a: Hippowdon
|-damage|p2a: Hippowdon|52/100
|move|p2a: Hippowdon|Slack Off|p2a: Hippowdon
|-heal|p2a: Hippowdon|100/100
|
|upkeep
|turn|34
|
|switch|p1a: Alcremie|Alcremie, F|87/100
|-damage|p1a: Alcremie|75/100|[from] Stealth Rock
|move|p2a: Hippowdon|Earthquake|p1a: Alcremie
|-damage|p1a: Alcremie|40/100
|
|upkeep
|turn|35
|j| Z-Max Airstream
|
|move|p1a: Alcremie|Mystical Fire|p2a: Hippowdon
|-damage|p2a: Hippowdon|82/100
|-unboost|p2a: Hippowdon|spa|1
|move|p2a: Hippowdon|Earthquake|p1a: Alcremie
|-damage|p1a: Alcremie|4/100
|
|-heal|p2a: Hippowdon|88/100|[from] item: Leftovers
|upkeep
|turn|36
|
|move|p1a: Alcremie|Recover|p1a: Alcremie
|-heal|p1a: Alcremie|54/100
|move|p2a: Hippowdon|Roar|p1a: Alcremie
|drag|p1a: Gigalith|Gigalith, F|88/100 tox
|-damage|p1a: Gigalith|76/100 tox|[from] Stealth Rock
|-weather|Sandstorm|[from] ability: Sand Stream|[of] p1a: Gigalith
|
|-weather|Sandstorm|[upkeep]
|-heal|p2a: Hippowdon|94/100|[from] item: Leftovers
|-heal|p1a: Gigalith|82/100 tox|[from] item: Leftovers
|-damage|p1a: Gigalith|76/100 tox|[from] psn
|upkeep
|turn|37
|
|switch|p1a: Flygon|Flygon, F|83/100
|-damage|p1a: Flygon|77/100|[from] Stealth Rock
|move|p2a: Hippowdon|Earthquake|p1a: Flygon
|-immune|p1a: Flygon|[from] ability: Levitate
|
|-weather|Sandstorm|[upkeep]
|-heal|p2a: Hippowdon|99/100|[from] item: Leftovers
|upkeep
|turn|38
|
|move|p1a: Flygon|Earthquake|p2a: Hippowdon
|-damage|p2a: Hippowdon|76/100
|move|p2a: Hippowdon|Earthquake|p1a: Flygon
|-immune|p1a: Flygon|[from] ability: Levitate
|
|-weather|Sandstorm|[upkeep]
|-heal|p2a: Hippowdon|82/100|[from] item: Leftovers
|upkeep
|turn|39
|
|switch|p1a: Vaporeon|Vaporeon, F|88/100
|-damage|p1a: Vaporeon|75/100|[from] Stealth Rock
|move|p2a: Hippowdon|Slack Off|p2a: Hippowdon
|-heal|p2a: Hippowdon|100/100
|
|-weather|Sandstorm|[upkeep]
|-damage|p1a: Vaporeon|69/100|[from] Sandstorm
|-heal|p1a: Vaporeon|75/100|[from] item: Leftovers
|upkeep
|turn|40
|
|switch|p2a: Umbreon|Umbreon, F|72/100
|-damage|p2a: Umbreon|60/100|[from] Stealth Rock
|move|p1a: Vaporeon|Scald|p2a: Umbreon
|-damage|p2a: Umbreon|43/100
|-status|p2a: Umbreon|brn
|-activate|p2a: Umbreon|ability: Synchronize
|-status|p1a: Vaporeon|brn
|
|-weather|none
|-heal|p2a: Umbreon|49/100 brn|[from] item: Leftovers
|-heal|p1a: Vaporeon|82/100 brn|[from] item: Leftovers
|-damage|p2a: Umbreon|43/100 brn|[from] brn
|-damage|p1a: Vaporeon|75/100 brn|[from] brn
|upkeep
|turn|41
|
|move|p2a: Umbreon|Wish|p2a: Umbreon
|move|p1a: Vaporeon|Wish|p1a: Vaporeon
|
|-heal|p2a: Umbreon|49/100 brn|[from] item: Leftovers
|-heal|p1a: Vaporeon|82/100 brn|[from] item: Leftovers
|-damage|p2a: Umbreon|43/100 brn|[from] brn
|-damage|p1a: Vaporeon|75/100 brn|[from] brn
|upkeep
|turn|42
|
|switch|p1a: Durant|Durant, F|63/100
|-damage|p1a: Durant|51/100|[from] Stealth Rock
|move|p2a: Umbreon|Foul Play|p1a: Durant
|-damage|p1a: Durant|23/100
|
|-heal|p1a: Durant|100/100|[from] move: Wish|[wisher] Vaporeon
|-heal|p2a: Umbreon|93/100 brn|[from] move: Wish|[wisher] Umbreon
|-heal|p2a: Umbreon|99/100 brn|[from] item: Leftovers
|-damage|p2a: Umbreon|93/100 brn|[from] brn
|upkeep
|turn|43
|
|move|p2a: Umbreon|Protect|p2a: Umbreon
|-singleturn|p2a: Umbreon|Protect
|move|p1a: Durant|Iron Head|p2a: Umbreon
|-activate|p2a: Umbreon|move: Protect
|
|-heal|p2a: Umbreon|99/100 brn|[from] item: Leftovers
|-damage|p2a: Umbreon|93/100 brn|[from] brn
|upkeep
|turn|44
|
|switch|p2a: Hippowdon|Hippowdon, F|100/100
|-damage|p2a: Hippowdon|94/100|[from] Stealth Rock
|-weather|Sandstorm|[from] ability: Sand Stream|[of] p2a: Hippowdon
|move|p1a: Durant|Iron Head|p2a: Hippowdon|[miss]
|-miss|p1a: Durant|p2a: Hippowdon
|
|-weather|Sandstorm|[upkeep]
|-heal|p2a: Hippowdon|100/100|[from] item: Leftovers
|upkeep
|turn|45
|
|switch|p1a: Flygon|Flygon, F|77/100
|-damage|p1a: Flygon|71/100|[from] Stealth Rock
|move|p2a: Hippowdon|Roar|p1a: Flygon
|drag|p1a: Durant|Durant, F|100/100
|-damage|p1a: Durant|88/100|[from] Stealth Rock
|
|-weather|Sandstorm|[upkeep]
|upkeep
|turn|46
|
|switch|p1a: Flygon|Flygon, F|71/100
|-damage|p1a: Flygon|65/100|[from] Stealth Rock
|move|p2a: Hippowdon|Roar|p1a: Flygon
|drag|p1a: Alcremie|Alcremie, F|54/100
|-damage|p1a: Alcremie|42/100|[from] Stealth Rock
|
|-weather|Sandstorm|[upkeep]
|-damage|p1a: Alcremie|36/100|[from] Sandstorm
|upkeep
|turn|47
|
|move|p1a: Alcremie|Recover|p1a: Alcremie
|-heal|p1a: Alcremie|86/100
|move|p2a: Hippowdon|Earthquake|p1a: Alcremie
|-damage|p1a: Alcremie|52/100
|
|-weather|Sandstorm|[upkeep]
|-damage|p1a: Alcremie|46/100|[from] Sandstorm
|upkeep
|turn|48
|
|switch|p2a: Roserade|Roserade, F|88/100
|-damage|p2a: Roserade|76/100|[from] Stealth Rock
|move|p1a: Alcremie|Recover|p1a: Alcremie
|-heal|p1a: Alcremie|96/100
|
|-weather|none
|-heal|p2a: Roserade|82/100|[from] item: Black Sludge
|upkeep
|turn|49
|
|switch|p1a: Durant|Durant, F|88/100
|-damage|p1a: Durant|76/100|[from] Stealth Rock
|move|p2a: Roserade|Spikes|p1a: Durant
|-sidestart|p1: gijion mustard|Spikes
|
|-heal|p2a: Roserade|88/100|[from] item: Black Sludge
|upkeep
|turn|50
|
|switch|p2a: Hippowdon|Hippowdon, F|100/100
|-damage|p2a: Hippowdon|94/100|[from] Stealth Rock
|-weather|Sandstorm|[from] ability: Sand Stream|[of] p2a: Hippowdon
|move|p1a: Durant|Iron Head|p2a: Hippowdon
|-damage|p2a: Hippowdon|49/100
|
|-weather|Sandstorm|[upkeep]
|-heal|p2a: Hippowdon|56/100|[from] item: Leftovers
|upkeep
|turn|51
|
|move|p1a: Durant|Iron Head|p2a: Hippowdon
|-damage|p2a: Hippowdon|15/100
|move|p2a: Hippowdon|Slack Off|p2a: Hippowdon
|-heal|p2a: Hippowdon|65/100
|
|-weather|Sandstorm|[upkeep]
|-heal|p2a: Hippowdon|71/100|[from] item: Leftovers
|upkeep
|turn|52
|
|move|p1a: Durant|Iron Head|p2a: Hippowdon
|-damage|p2a: Hippowdon|25/100
|cant|p2a: Hippowdon|flinch
|
|-weather|Sandstorm|[upkeep]
|-heal|p2a: Hippowdon|31/100|[from] item: Leftovers
|upkeep
|turn|53
|
|switch|p2a: Escavalier|Escavalier, F|44/100 brn
|-damage|p2a: Escavalier|32/100 brn|[from] Stealth Rock
|move|p1a: Durant|Iron Head|p2a: Escavalier
|-resisted|p2a: Escavalier
|-damage|p2a: Escavalier|0 fnt
|faint|p2a: Escavalier
|
|-weather|Sandstorm|[upkeep]
|upkeep
|j|‽soundgirl personal
|c|☆GelatinPrince2364|you know what the worst part about playing you is
|c| TSR|agency flinch
|c|☆gijion mustard|whats up dog
|c|☆GelatinPrince2364|it's freaking dijon
|c|☆GelatinPrince2364|and it bothers me
|c|☆gijion mustard|LOL
|c|+killin'time|LOL
|c| TSR|LOOOL
|
|switch|p2a: Umbreon|Umbreon, F|93/100 brn
|-damage|p2a: Umbreon|80/100 brn|[from] Stealth Rock
|turn|54
|c| stony man bob|Goat
|j| My Jinji
|
|move|p2a: Umbreon|Protect|p2a: Umbreon
|-singleturn|p2a: Umbreon|Protect
|move|p1a: Durant|Iron Head|p2a: Umbreon
|-activate|p2a: Umbreon|move: Protect
|
|-weather|none
|-heal|p2a: Umbreon|86/100 brn|[from] item: Leftovers
|-damage|p2a: Umbreon|80/100 brn|[from] brn
|upkeep
|turn|55
|
|move|p1a: Durant|Iron Head|p2a: Umbreon
|-damage|p2a: Umbreon|9/100 brn
|move|p2a: Umbreon|Wish|p2a: Umbreon
|
|-heal|p2a: Umbreon|15/100 brn|[from] item: Leftovers
|-damage|p2a: Umbreon|9/100 brn|[from] brn
|upkeep
|turn|56
|c| stony man bob|ITS FREAKING DIJION
|j| Gen 8 Donny
|
|move|p1a: Durant|Iron Head|p2a: Umbreon
|-damage|p2a: Umbreon|0 fnt
|faint|p2a: Umbreon
|
|upkeep
|
|switch|p2a: Hippowdon|Hippowdon, F|31/100
|-damage|p2a: Hippowdon|25/100|[from] Stealth Rock
|-weather|Sandstorm|[from] ability: Sand Stream|[of] p2a: Hippowdon
|turn|57
|
|move|p1a: Durant|Iron Head|p2a: Hippowdon
|-damage|p2a: Hippowdon|0 fnt
|faint|p2a: Hippowdon
|
|-weather|Sandstorm|[upkeep]
|upkeep
|c| Gen 8 Donny|LOOLL
|
|switch|p2a: Roserade|Roserade, F|88/100
|-damage|p2a: Roserade|75/100|[from] Stealth Rock
|turn|58
|
|move|p1a: Durant|Iron Head|p2a: Roserade
|-damage|p2a: Roserade|0 fnt
|faint|p2a: Roserade
|
|-weather|Sandstorm|[upkeep]
|upkeep
|
|switch|p2a: Weezing|Weezing-Galar, F|51/100
|-damage|p2a: Weezing|39/100|[from] Stealth Rock
|turn|59
|
|move|p1a: Durant|Iron Head|p2a: Weezing
|-supereffective|p2a: Weezing
|-damage|p2a: Weezing|0 fnt
|faint|p2a: Weezing
|
|win|gijion mustard
|c|☆gijion mustard|gg
|raw|gijion mustard's rating: 1800 &rarr; <strong>1817</strong><br />(+17 for winning)
|raw|GelatinPrince2364's rating: 1735 &rarr; <strong>1719</strong><br />(-16 for losing)
|l| stony man bob
|l| Gen 8 Donny
|l| Z-Max Airstream
