|j|☆TheFlawlessWin
|j|☆Naviii 1
|t:|1604219772
|player|p1|TheFlawlessWin|lance|1682
|player|p2|Naviii 1|brendan-gen3rs|1662
|teamsize|p1|6
|teamsize|p2|6
|gametype|singles
|gen|8
|tier|[Gen 8] UU
|rated|
|clearpoke
|poke|p1|Druddigon, M|
|poke|p1|Tentacruel, F|
|poke|p1|Gardevoir, F|
|poke|p1|Rotom-Mow|
|poke|p1|Talonflame, M|
|poke|p1|Bisharp, M|
|poke|p2|Barbaracle, M|
|poke|p2|Slowbro-Galar, M|
|poke|p2|Sharpedo, M|
|poke|p2|Mimikyu, M|
|poke|p2|Noivern, F|
|poke|p2|Necrozma|
|rule|Sleep Clause Mod: Limit one foe put to sleep
|rule|Species Clause: Limit one of each Pokémon
|rule|OHKO Clause: OHKO moves are banned
|rule|Evasion Moves Clause: Evasion moves are banned
|rule|Endless Battle Clause: Forcing endless battles is banned
|rule|HP Percentage Mod: HP is shown in percentages
|rule|Dynamax Clause: You cannot dynamax
|teampreview
|inactive|Battle timer is ON: inactive players will automatically lose when time's up. (requested by Naviii 1)
|
|t:|1604219786
|start
|switch|p1a: Rotom|Rotom-Mow|100/100
|switch|p2a: Purp|Noivern, F|100/100
|turn|1
|
|t:|1604219793
|switch|p1a: Gardevoir|Gardevoir, F|100/100
|-ability|p1a: Gardevoir|Infiltrator|[from] ability: Trace|[of] p2a: Purp
|move|p2a: Purp|Hurricane|p1a: Gardevoir
|-damage|p1a: Gardevoir|18/100
|-start|p1a: Gardevoir|confusion
|
|upkeep
|turn|2
|
|t:|1604219802
|switch|p1a: Druddigon|Druddigon, M|100/100
|switch|p2a: Yogurt|Slowbro-Galar, M|100/100
|
|upkeep
|turn|3
|
|t:|1604219806
|move|p1a: Druddigon|Stealth Rock|p2a: Yogurt
|-sidestart|p2: Naviii 1|move: Stealth Rock
|move|p2a: Yogurt|Nasty Plot|p2a: Yogurt
|-boost|p2a: Yogurt|spa|2
|
|upkeep
|turn|4
|j| Crushy Soul
|j| Andresa<3
|
|t:|1604219811
|move|p2a: Yogurt|Sludge Bomb|p1a: Druddigon
|-damage|p1a: Druddigon|16/100
|move|p1a: Druddigon|Dragon Tail|p2a: Yogurt
|-damage|p2a: Yogurt|80/100
|drag|p2a: Fears|Mimikyu, M|100/100
|-damage|p2a: Fears|88/100|[from] Stealth Rock
|
|upkeep
|turn|5
|
|t:|1604219823
|switch|p2a: Monstrosity|Barbaracle, M|100/100
|-damage|p2a: Monstrosity|88/100|[from] Stealth Rock
|switch|p1a: Talonflame|Talonflame, M|100/100
|
|upkeep
|turn|6
|
|t:|1604219831
|move|p1a: Talonflame|Will-O-Wisp|p2a: Monstrosity
|-status|p2a: Monstrosity|brn
|move|p2a: Monstrosity|Stone Edge|p1a: Talonflame
|-supereffective|p1a: Talonflame
|-damage|p1a: Talonflame|0 fnt
|faint|p1a: Talonflame
|
|-damage|p2a: Monstrosity|82/100 brn|[from] brn
|upkeep
|
|t:|1604219838
|switch|p1a: Rotom|Rotom-Mow|100/100
|turn|7
|
|t:|1604219850
|move|p1a: Rotom|Thunderbolt|p2a: Monstrosity
|-supereffective|p2a: Monstrosity
|-damage|p2a: Monstrosity|0 fnt
|faint|p2a: Monstrosity
|
|upkeep
|
|t:|1604219860
|switch|p2a: Purp|Noivern, F|100/100
|-damage|p2a: Purp|76/100|[from] Stealth Rock
|turn|8
|inactive|Naviii 1 has 120 seconds left.
|inactive|Naviii 1 has 90 seconds left.
|inactive|TheFlawlessWin has 120 seconds left.
|
|t:|1604219953
|move|p2a: Purp|Flamethrower|p1a: Rotom
|-supereffective|p1a: Rotom
|-damage|p1a: Rotom|0 fnt
|faint|p1a: Rotom
|
|upkeep
|
|t:|1604219958
|switch|p1a: Tentacruel|Tentacruel, F|100/100
|turn|9
|
|t:|1604219965
|move|p2a: Purp|Flamethrower|p1a: Tentacruel
|-resisted|p1a: Tentacruel
|-damage|p1a: Tentacruel|86/100
|move|p1a: Tentacruel|Scald|p2a: Purp
|-resisted|p2a: Purp
|-damage|p2a: Purp|60/100
|-status|p2a: Purp|brn
|
|-heal|p1a: Tentacruel|92/100|[from] item: Black Sludge
|-damage|p2a: Purp|54/100 brn|[from] brn
|upkeep
|turn|10
|
|t:|1604219969
|switch|p2a: Yogurt|Slowbro-Galar, M|80/100
|-damage|p2a: Yogurt|68/100|[from] Stealth Rock
|move|p1a: Tentacruel|Toxic Spikes|p2a: Yogurt
|-sidestart|p2: Naviii 1|move: Toxic Spikes
|
|-heal|p1a: Tentacruel|98/100|[from] item: Black Sludge
|upkeep
|turn|11
|inactive|Naviii 1 has 90 seconds left.
|-activate|p2a: Yogurt|ability: Quick Draw
|
|t:|1604219975
|switch|p1a: Bisharp|Bisharp, M|100/100
|move|p2a: Yogurt|Flamethrower|p1a: Bisharp
|-supereffective|p1a: Bisharp
|-damage|p1a: Bisharp|0 fnt
|faint|p1a: Bisharp
|
|upkeep
|-message|TheFlawlessWin forfeited.
|
|win|Naviii 1
|l|☆TheFlawlessWin
|raw|TheFlawlessWin's rating: 1686 &rarr; <strong>1665</strong><br />(-21 for losing)
|raw|Naviii 1's rating: 1662 &rarr; <strong>1684</strong><br />(+22 for winning)
