|raw|<div class="broadcast-blue"><strong>This battle is required to be public due to a player having a name starting with 'uult91w'.</div>
|j|☆Savanai
|j|☆UULT91w udon
|t:|1651768594
|gametype|singles
|player|p1|Savanai|erika|1496
|player|p2|UULT91w udon|dawn|1516
|teamsize|p1|6
|teamsize|p2|6
|gen|8
|tier|[Gen 8] UU
|rated|
|rule|Sleep Clause Mod: Limit one foe put to sleep
|rule|Species Clause: Limit one of each Pokémon
|rule|OHKO Clause: OHKO moves are banned
|rule|Evasion Moves Clause: Evasion moves are banned
|rule|Endless Battle Clause: Forcing endless battles is banned
|rule|HP Percentage Mod: HP is shown in percentages
|rule|Dynamax Clause: You cannot dynamax
|clearpoke
|poke|p1|Entei|
|poke|p1|Slowking, F|
|poke|p1|Crobat, F|
|poke|p1|Zarude|
|poke|p1|Zygarde-10%|
|poke|p1|Cobalion|
|poke|p2|Salamence, F|
|poke|p2|Rotom-Wash|
|poke|p2|Scizor, M|
|poke|p2|Aegislash, M|
|poke|p2|Nidoqueen, F|
|poke|p2|Tangrowth, M|
|teampreview
|inactive|Battle timer is ON: inactive players will automatically lose when time's up. (requested by Savanai)
|inactive|Savanai has 120 seconds left.
|
|t:|1651768628
|start
|switch|p1a: Slowking|Slowking, F|100/100
|switch|p2a: Aegislash|Aegislash, M|100/100
|turn|1
|
|t:|1651768636
|switch|p1a: Zarude|Zarude|100/100
|-formechange|p2a: Aegislash|Aegislash-Blade||[from] ability: Stance Change
|move|p2a: Aegislash|Shadow Claw|p1a: Zarude
|-resisted|p1a: Zarude
|-damage|p1a: Zarude|69/100
|
|upkeep
|turn|2
|
|t:|1651768645
|switch|p2a: Scizor|Scizor, M|100/100
|move|p1a: Zarude|U-turn|p2a: Scizor
|-resisted|p2a: Scizor
|-damage|p2a: Scizor|92/100
|
|t:|1651768649
|switch|p1a: Entei|Entei|100/100|[from]move: U-turn
|-ability|p1a: Entei|Pressure
|
|upkeep
|turn|3
|
|t:|1651768654
|switch|p2a: Rotom|Rotom-Wash|100/100
|move|p1a: Entei|Substitute|p1a: Entei
|-start|p1a: Entei|Substitute
|-damage|p1a: Entei|76/100
|
|-heal|p1a: Entei|82/100|[from] item: Leftovers
|upkeep
|turn|4
|
|t:|1651768659
|move|p1a: Entei|Protect|p1a: Entei
|-singleturn|p1a: Entei|Protect
|move|p2a: Rotom|Volt Switch|p1a: Entei
|-activate|p1a: Entei|move: Protect
|
|-heal|p1a: Entei|88/100|[from] item: Leftovers
|upkeep
|turn|5
|
|t:|1651768663
|move|p1a: Entei|Calm Mind|p1a: Entei
|-boost|p1a: Entei|spa|1
|-boost|p1a: Entei|spd|1
|move|p2a: Rotom|Volt Switch|p1a: Entei
|-activate|p1a: Entei|move: Substitute|[damage]
|
|t:|1651768667
|switch|p2a: Nidoqueen|Nidoqueen, F|100/100|[from]move: Volt Switch
|
|-heal|p1a: Entei|94/100|[from] item: Leftovers
|upkeep
|turn|6
|
|t:|1651768671
|move|p1a: Entei|Lava Plume|p2a: Nidoqueen
|-damage|p2a: Nidoqueen|56/100
|move|p2a: Nidoqueen|Earth Power|p1a: Entei
|-supereffective|p1a: Entei
|-end|p1a: Entei|Substitute
|
|-heal|p1a: Entei|99/100|[from] item: Leftovers
|upkeep
|turn|7
|
|t:|1651768676
|move|p1a: Entei|Substitute|p1a: Entei
|-start|p1a: Entei|Substitute
|-damage|p1a: Entei|75/100
|move|p2a: Nidoqueen|Earth Power|p1a: Entei
|-supereffective|p1a: Entei
|-end|p1a: Entei|Substitute
|
|-heal|p1a: Entei|81/100|[from] item: Leftovers
|upkeep
|turn|8
|
|t:|1651768680
|switch|p1a: Slowking|Slowking, F|100/100
|move|p2a: Nidoqueen|Earth Power|p1a: Slowking
|-damage|p1a: Slowking|55/100
|
|upkeep
|turn|9
|
|t:|1651768697
|switch|p2a: Salamence|Salamence, F|100/100
|-ability|p2a: Salamence|Intimidate|boost
|-unboost|p1a: Slowking|atk|1
|move|p1a: Slowking|Teleport|p1a: Slowking
|
|t:|1651768707
|switch|p1a: Cobalion|Cobalion|100/100|[from]move: Teleport
|
|upkeep
|turn|10
|j| instant throw
|
|t:|1651768719
|switch|p1a: Slowking|Slowking, F|88/100
|move|p2a: Salamence|Fire Blast|p1a: Slowking
|-resisted|p1a: Slowking
|-damage|p1a: Slowking|68/100
|-status|p1a: Slowking|brn
|
|-damage|p1a: Slowking|62/100 brn|[from] brn
|upkeep
|turn|11
|
|t:|1651768731
|switch|p2a: Aegislash|Aegislash, M|100/100
|move|p1a: Slowking|Teleport|p1a: Slowking
|
|t:|1651768735
|switch|p1a: Entei|Entei|81/100|[from]move: Teleport
|-ability|p1a: Entei|Pressure
|
|-heal|p1a: Entei|88/100|[from] item: Leftovers
|upkeep
|turn|12
|
|t:|1651768740
|switch|p2a: Rotom|Rotom-Wash|100/100
|move|p1a: Entei|Substitute|p1a: Entei
|-start|p1a: Entei|Substitute
|-damage|p1a: Entei|63/100
|
|-heal|p1a: Entei|69/100|[from] item: Leftovers
|upkeep
|turn|13
|
|t:|1651768743
|move|p1a: Entei|Protect|p1a: Entei
|-singleturn|p1a: Entei|Protect
|move|p2a: Rotom|Hydro Pump|p1a: Entei
|-activate|p1a: Entei|move: Protect
|
|-heal|p1a: Entei|75/100|[from] item: Leftovers
|upkeep
|turn|14
|
|t:|1651768746
|move|p1a: Entei|Calm Mind|p1a: Entei
|-boost|p1a: Entei|spa|1
|-boost|p1a: Entei|spd|1
|move|p2a: Rotom|Hydro Pump|p1a: Entei
|-supereffective|p1a: Entei
|-end|p1a: Entei|Substitute
|
|-heal|p1a: Entei|81/100|[from] item: Leftovers
|upkeep
|turn|15
|
|t:|1651768756
|move|p1a: Entei|Substitute|p1a: Entei
|-start|p1a: Entei|Substitute
|-damage|p1a: Entei|56/100
|move|p2a: Rotom|Hydro Pump|p1a: Entei|[miss]
|-miss|p2a: Rotom|p1a: Entei
|
|-heal|p1a: Entei|62/100|[from] item: Leftovers
|upkeep
|turn|16
|
|t:|1651768761
|move|p1a: Entei|Protect|p1a: Entei
|-singleturn|p1a: Entei|Protect
|move|p2a: Rotom|Volt Switch|p1a: Entei
|-activate|p1a: Entei|move: Protect
|
|-heal|p1a: Entei|69/100|[from] item: Leftovers
|upkeep
|turn|17
|
|t:|1651768764
|move|p1a: Entei|Calm Mind|p1a: Entei
|-boost|p1a: Entei|spa|1
|-boost|p1a: Entei|spd|1
|move|p2a: Rotom|Volt Switch|p1a: Entei
|-crit|p1a: Entei
|-end|p1a: Entei|Substitute
|
|t:|1651768765
|switch|p2a: Aegislash|Aegislash, M|100/100|[from]move: Volt Switch
|
|-heal|p1a: Entei|75/100|[from] item: Leftovers
|upkeep
|turn|18
|
|t:|1651768772
|move|p1a: Entei|Protect|p1a: Entei
|-singleturn|p1a: Entei|Protect
|-formechange|p2a: Aegislash|Aegislash-Blade||[from] ability: Stance Change
|move|p2a: Aegislash|Shadow Claw|p1a: Entei
|-activate|p1a: Entei|move: Protect
|
|-heal|p1a: Entei|81/100|[from] item: Leftovers
|upkeep
|turn|19
|
|t:|1651768777
|switch|p2a: Salamence|Salamence, F|100/100
|-ability|p2a: Salamence|Intimidate|boost
|-unboost|p1a: Entei|atk|1
|move|p1a: Entei|Lava Plume|p2a: Salamence
|-resisted|p2a: Salamence
|-damage|p2a: Salamence|68/100
|
|-heal|p1a: Entei|87/100|[from] item: Leftovers
|upkeep
|turn|20
|
|t:|1651768783
|move|p1a: Entei|Protect|p1a: Entei
|-singleturn|p1a: Entei|Protect
|move|p2a: Salamence|Draco Meteor|p1a: Entei
|-activate|p1a: Entei|move: Protect
|
|-heal|p1a: Entei|93/100|[from] item: Leftovers
|upkeep
|turn|21
|
|t:|1651768786
|move|p1a: Entei|Lava Plume|p2a: Salamence
|-resisted|p2a: Salamence
|-damage|p2a: Salamence|38/100
|move|p2a: Salamence|Draco Meteor|p1a: Entei
|-damage|p1a: Entei|41/100
|-unboost|p2a: Salamence|spa|2
|
|-heal|p1a: Entei|48/100|[from] item: Leftovers
|upkeep
|turn|22
|
|t:|1651768793
|switch|p2a: Rotom|Rotom-Wash|100/100
|move|p1a: Entei|Lava Plume|p2a: Rotom
|-resisted|p2a: Rotom
|-damage|p2a: Rotom|72/100
|
|-heal|p1a: Entei|54/100|[from] item: Leftovers
|upkeep
|turn|23
|
|t:|1651768797
|move|p1a: Entei|Substitute|p1a: Entei
|-start|p1a: Entei|Substitute
|-damage|p1a: Entei|29/100
|move|p2a: Rotom|Volt Switch|p1a: Entei
|-activate|p1a: Entei|move: Substitute|[damage]
|
|t:|1651768801
|switch|p2a: Tangrowth|Tangrowth, M|100/100|[from]move: Volt Switch
|
|-heal|p1a: Entei|35/100|[from] item: Leftovers
|upkeep
|turn|24
|
|t:|1651768804
|move|p1a: Entei|Protect|p1a: Entei
|-singleturn|p1a: Entei|Protect
|move|p2a: Tangrowth|Earthquake|p1a: Entei
|-activate|p1a: Entei|move: Protect
|
|-heal|p1a: Entei|41/100|[from] item: Leftovers
|upkeep
|turn|25
|
|t:|1651768805
|move|p1a: Entei|Lava Plume|p2a: Tangrowth
|-supereffective|p2a: Tangrowth
|-damage|p2a: Tangrowth|34/100
|move|p2a: Tangrowth|Earthquake|p1a: Entei
|-supereffective|p1a: Entei
|-end|p1a: Entei|Substitute
|
|-heal|p1a: Entei|47/100|[from] item: Leftovers
|upkeep
|turn|26
|-message|UULT91w udon forfeited.
|
|win|Savanai
|raw|Savanai's rating: 1496 &rarr; <strong>1517</strong><br />(+21 for winning)
|raw|UULT91w udon's rating: 1516 &rarr; <strong>1495</strong><br />(-21 for losing)
|l|☆UULT91w udon
