|raw|<div class="broadcast-blue"><strong>This battle is required to be public due to a player having a name starting with 'uult91w'.</div>
|j|☆UULT91w Corp N
|j|☆UULT91w TT
|t:|1652059594
|gametype|singles
|player|p1|UULT91w Corp N|n|1661
|player|p2|UULT91w TT|cynthia|1582
|teamsize|p1|6
|teamsize|p2|6
|gen|8
|tier|[Gen 8] UU
|rated|
|rule|Sleep Clause Mod: Limit one foe put to sleep
|rule|Species Clause: Limit one of each Pokémon
|rule|OHKO Clause: OHKO moves are banned
|rule|Evasion Moves Clause: Evasion moves are banned
|rule|Endless Battle Clause: Forcing endless battles is banned
|rule|HP Percentage Mod: HP is shown in percentages
|rule|Dynamax Clause: You cannot dynamax
|clearpoke
|poke|p1|Keldeo-Resolute|
|poke|p1|Aegislash, M|
|poke|p1|Zarude-Dada|
|poke|p1|Cobalion|
|poke|p1|Mamoswine, F|
|poke|p1|Tentacruel, M|
|poke|p2|Hippowdon, M|
|poke|p2|Skarmory, M|
|poke|p2|Azumarill, M|
|poke|p2|Hydreigon, M|
|poke|p2|Tentacruel, M|
|poke|p2|Scizor, M|
|teampreview
|inactive|Battle timer is ON: inactive players will automatically lose when time's up. (requested by UULT91w Corp N)
|inactive|UULT91w TT has 120 seconds left.
|
|t:|1652059632
|start
|switch|p1a: Zarude|Zarude-Dada|100/100
|switch|p2a: Code|Scizor, M|100/100
|turn|1
|
|t:|1652059637
|move|p1a: Zarude|U-turn|p2a: Code
|-resisted|p2a: Code
|-damage|p2a: Code|91/100
|
|t:|1652059640
|switch|p1a: Cobalion|Cobalion|100/100|[from]move: U-turn
|move|p2a: Code|U-turn|p1a: Cobalion
|-resisted|p1a: Cobalion
|-damage|p1a: Cobalion|93/100
|-damage|p2a: Code|74/100|[from] item: Rocky Helmet|[of] p1a: Cobalion
|
|t:|1652059644
|switch|p2a: Tentacruel|Tentacruel, M, shiny|100/100|[from]move: U-turn
|
|upkeep
|turn|2
|
|t:|1652059649
|move|p1a: Cobalion|Volt Switch|p2a: Tentacruel
|-supereffective|p2a: Tentacruel
|-damage|p2a: Tentacruel|78/100
|
|t:|1652059652
|switch|p1a: Zarude|Zarude-Dada|100/100|[from]move: Volt Switch
|move|p2a: Tentacruel|Knock Off|p1a: Zarude
|-resisted|p1a: Zarude
|-damage|p1a: Zarude|93/100
|-enditem|p1a: Zarude|Choice Scarf|[from] move: Knock Off|[of] p2a: Tentacruel
|
|-heal|p2a: Tentacruel|84/100|[from] item: Black Sludge
|upkeep
|turn|3
|
|t:|1652059664
|move|p1a: Zarude|Darkest Lariat|p2a: Tentacruel
|-damage|p2a: Tentacruel|32/100
|move|p2a: Tentacruel|Knock Off|p1a: Zarude
|-resisted|p1a: Zarude
|-damage|p1a: Zarude|89/100
|
|-heal|p2a: Tentacruel|38/100|[from] item: Black Sludge
|upkeep
|turn|4
|
|t:|1652059680
|move|p1a: Zarude|Darkest Lariat|p2a: Tentacruel
|-damage|p2a: Tentacruel|0 fnt
|faint|p2a: Tentacruel
|
|upkeep
|
|t:|1652059682
|switch|p2a: Hydreigon|Hydreigon, M, shiny|100/100
|turn|5
|
|t:|1652059690
|switch|p1a: Tentacruel|Tentacruel, M|100/100
|move|p2a: Hydreigon|Draco Meteor|p1a: Tentacruel
|-damage|p1a: Tentacruel|49/100
|-unboost|p2a: Hydreigon|spa|2
|
|-heal|p1a: Tentacruel|55/100|[from] item: Black Sludge
|upkeep
|turn|6
|
|t:|1652059700
|switch|p2a: Hippowdon|Hippowdon, M, shiny|100/100
|-weather|Sandstorm|[from] ability: Sand Stream|[of] p2a: Hippowdon
|move|p1a: Tentacruel|Scald|p2a: Hippowdon
|-supereffective|p2a: Hippowdon
|-damage|p2a: Hippowdon|69/100
|
|-weather|Sandstorm|[upkeep]
|-damage|p1a: Tentacruel|49/100|[from] Sandstorm
|-heal|p1a: Tentacruel|55/100|[from] item: Black Sludge
|-heal|p2a: Hippowdon|75/100|[from] item: Leftovers
|upkeep
|turn|7
|
|t:|1652059710
|switch|p1a: Zarude|Zarude-Dada|89/100
|move|p2a: Hippowdon|Earthquake|p1a: Zarude
|-resisted|p1a: Zarude
|-damage|p1a: Zarude|72/100
|
|-weather|Sandstorm|[upkeep]
|-damage|p1a: Zarude|66/100|[from] Sandstorm
|-heal|p2a: Hippowdon|81/100|[from] item: Leftovers
|upkeep
|turn|8
|
|t:|1652059715
|move|p1a: Zarude|Power Whip|p2a: Hippowdon
|-supereffective|p2a: Hippowdon
|-damage|p2a: Hippowdon|0 fnt
|faint|p2a: Hippowdon
|
|-weather|Sandstorm|[upkeep]
|-damage|p1a: Zarude|60/100|[from] Sandstorm
|upkeep
|
|t:|1652059719
|switch|p2a: Hydreigon|Hydreigon, M, shiny|100/100
|turn|9
|j| youke
|j|@Lily
|
|t:|1652059738
|switch|p1a: Cobalion|Cobalion|93/100
|move|p2a: Hydreigon|Fire Blast|p1a: Cobalion
|-supereffective|p1a: Cobalion
|-damage|p1a: Cobalion|0 fnt
|faint|p1a: Cobalion
|
|-weather|Sandstorm|[upkeep]
|-damage|p2a: Hydreigon|94/100|[from] Sandstorm
|upkeep
|
|t:|1652059743
|switch|p1a: Keldeo|Keldeo-Resolute|100/100
|turn|10
|
|t:|1652059748
|switch|p2a: Azumarill|Azumarill, M|100/100
|move|p1a: Keldeo|Flip Turn|p2a: Azumarill
|-resisted|p2a: Azumarill
|-damage|p2a: Azumarill|93/100
|
|t:|1652059753
|switch|p1a: Tentacruel|Tentacruel, M|55/100|[from]move: Flip Turn
|
|-weather|none
|-heal|p1a: Tentacruel|61/100|[from] item: Black Sludge
|upkeep
|turn|11
|
|t:|1652059757
|switch|p2a: Code|Scizor, M|74/100
|move|p1a: Tentacruel|Sludge Bomb|p2a: Code
|-immune|p2a: Code
|
|-heal|p1a: Tentacruel|68/100|[from] item: Black Sludge
|upkeep
|turn|12
|
|t:|1652059763
|move|p1a: Tentacruel|Scald|p2a: Code
|-damage|p2a: Code|52/100
|move|p2a: Code|Knock Off|p1a: Tentacruel
|-damage|p1a: Tentacruel|33/100
|-enditem|p1a: Tentacruel|Black Sludge|[from] move: Knock Off|[of] p2a: Code
|
|upkeep
|turn|13
|
|t:|1652059771
|switch|p2a: Hydreigon|Hydreigon, M, shiny|94/100
|move|p1a: Tentacruel|Scald|p2a: Hydreigon
|-resisted|p2a: Hydreigon
|-damage|p2a: Hydreigon|80/100
|-status|p2a: Hydreigon|brn
|
|-damage|p2a: Hydreigon|74/100 brn|[from] brn
|upkeep
|turn|14
|
|t:|1652059779
|switch|p1a: Keldeo|Keldeo-Resolute|100/100
|move|p2a: Hydreigon|Dark Pulse|p1a: Keldeo
|-resisted|p1a: Keldeo
|-damage|p1a: Keldeo|77/100
|-ability|p1a: Keldeo|Justified|boost
|-boost|p1a: Keldeo|atk|1
|
|-heal|p1a: Keldeo|83/100|[from] item: Leftovers
|-damage|p2a: Hydreigon|68/100 brn|[from] brn
|upkeep
|turn|15
|
|t:|1652059787
|switch|p2a: Azumarill|Azumarill, M|93/100
|move|p1a: Keldeo|Flip Turn|p2a: Azumarill
|-resisted|p2a: Azumarill
|-damage|p2a: Azumarill|79/100
|
|t:|1652059790
|switch|p1a: Tentacruel|Tentacruel, M|33/100|[from]move: Flip Turn
|
|upkeep
|turn|16
|
|t:|1652059799
|switch|p2a: Code|Scizor, M|52/100
|move|p1a: Tentacruel|Sludge Bomb|p2a: Code
|-immune|p2a: Code
|
|upkeep
|turn|17
|
|t:|1652059801
|move|p1a: Tentacruel|Scald|p2a: Code
|-damage|p2a: Code|27/100
|move|p2a: Code|Roost|p2a: Code
|-heal|p2a: Code|77/100
|-singleturn|p2a: Code|move: Roost
|
|upkeep
|turn|18
|
|t:|1652059803
|switch|p2a: Hydreigon|Hydreigon, M, shiny|68/100 brn
|move|p1a: Tentacruel|Scald|p2a: Hydreigon
|-resisted|p2a: Hydreigon
|-damage|p2a: Hydreigon|56/100 brn
|
|-damage|p2a: Hydreigon|50/100 brn|[from] brn
|upkeep
|turn|19
|
|t:|1652059821
|move|p2a: Hydreigon|Draco Meteor|p1a: Tentacruel
|-damage|p1a: Tentacruel|0 fnt
|-unboost|p2a: Hydreigon|spa|2
|faint|p1a: Tentacruel
|
|-damage|p2a: Hydreigon|44/100 brn|[from] brn
|upkeep
|
|t:|1652059826
|switch|p1a: Keldeo|Keldeo-Resolute|83/100
|turn|20
|
|t:|1652059836
|switch|p2a: Code|Scizor, M|77/100
|move|p1a: Keldeo|Secret Sword|p2a: Code
|-damage|p2a: Code|39/100
|
|-heal|p1a: Keldeo|90/100|[from] item: Leftovers
|upkeep
|turn|21
|
|t:|1652059843
|move|p1a: Keldeo|Surf|p2a: Code
|-damage|p2a: Code|0 fnt
|faint|p2a: Code
|
|-heal|p1a: Keldeo|96/100|[from] item: Leftovers
|upkeep
|
|t:|1652059845
|switch|p2a: Azumarill|Azumarill, M|79/100
|turn|22
|inactive|UULT91w Corp N has 120 seconds left.
|
|t:|1652059887
|move|p1a: Keldeo|Surf|p2a: Azumarill
|-resisted|p2a: Azumarill
|-damage|p2a: Azumarill|53/100
|move|p2a: Azumarill|Liquidation|p1a: Keldeo
|-resisted|p1a: Keldeo
|-damage|p1a: Keldeo|48/100
|
|-heal|p1a: Keldeo|54/100|[from] item: Leftovers
|upkeep
|turn|23
|
|t:|1652059895
|move|p1a: Keldeo|Surf|p2a: Azumarill
|-resisted|p2a: Azumarill
|-damage|p2a: Azumarill|27/100
|move|p2a: Azumarill|Liquidation|p1a: Keldeo
|-resisted|p1a: Keldeo
|-damage|p1a: Keldeo|5/100
|-unboost|p1a: Keldeo|def|1
|
|-heal|p1a: Keldeo|11/100|[from] item: Leftovers
|upkeep
|turn|24
|inactive|UULT91w Corp N has 120 seconds left.
|
|t:|1652059907
|move|p1a: Keldeo|Surf|p2a: Azumarill
|-resisted|p2a: Azumarill
|-crit|p2a: Azumarill
|-damage|p2a: Azumarill|0 fnt
|faint|p2a: Azumarill
|
|-heal|p1a: Keldeo|17/100|[from] item: Leftovers
|upkeep
|
|t:|1652059909
|switch|p2a: Hydreigon|Hydreigon, M, shiny|44/100 brn
|turn|25
|
|t:|1652059919
|move|p2a: Hydreigon|Fire Blast|p1a: Keldeo
|-resisted|p1a: Keldeo
|-damage|p1a: Keldeo|0 fnt
|faint|p1a: Keldeo
|
|-damage|p2a: Hydreigon|38/100 brn|[from] brn
|upkeep
|
|t:|1652059930
|switch|p1a: Mamoswine|Mamoswine, F|100/100
|turn|26
|
|t:|1652059940
|switch|p2a: Skarmory|Skarmory, M, shiny|100/100
|move|p1a: Mamoswine|Ice Shard|p2a: Skarmory
|-damage|p2a: Skarmory|83/100
|
|upkeep
|turn|27
|
|t:|1652059943
|switch|p1a: Aegislash|Aegislash, M|100/100
|move|p2a: Skarmory|Iron Defense|p2a: Skarmory
|-boost|p2a: Skarmory|def|2
|
|upkeep
|turn|28
|
|t:|1652059946
|-formechange|p1a: Aegislash|Aegislash-Blade||[from] ability: Stance Change
|move|p1a: Aegislash|Shadow Ball|p2a: Skarmory
|-damage|p2a: Skarmory|1/100
|-unboost|p2a: Skarmory|spd|1
|move|p2a: Skarmory|Spikes|p1a: Aegislash
|-sidestart|p1: UULT91w Corp N|Spikes
|
|upkeep
|turn|29
|
|t:|1652059954
|move|p1a: Aegislash|Swords Dance|p1a: Aegislash
|-boost|p1a: Aegislash|atk|2
|move|p2a: Skarmory|Roost|p2a: Skarmory
|-heal|p2a: Skarmory|51/100
|-singleturn|p2a: Skarmory|move: Roost
|
|upkeep
|turn|30
|
|t:|1652059956
|switch|p2a: Hydreigon|Hydreigon, M, shiny|38/100 brn
|move|p1a: Aegislash|Swords Dance|p1a: Aegislash
|-boost|p1a: Aegislash|atk|2
|
|-damage|p2a: Hydreigon|32/100 brn|[from] brn
|upkeep
|turn|31
|
|t:|1652059964
|move|p1a: Aegislash|Shadow Sneak|p2a: Hydreigon
|-resisted|p2a: Hydreigon
|-damage|p2a: Hydreigon|0 fnt
|faint|p2a: Hydreigon
|
|upkeep
|
|t:|1652059966
|switch|p2a: Skarmory|Skarmory, M, shiny|51/100
|turn|32
|
|t:|1652059968
|move|p1a: Aegislash|Shadow Ball|p2a: Skarmory
|-damage|p2a: Skarmory|0 fnt
|faint|p2a: Skarmory
|
|win|UULT91w Corp N
|raw|UULT91w Corp N's rating: 1661 &rarr; <strong>1677</strong><br />(+16 for winning)
|raw|UULT91w TT's rating: 1582 &rarr; <strong>1566</strong><br />(-16 for losing)
|l|☆UULT91w TT
|l|☆UULT91w Corp N
|l|@Lily
||Ladder isn't responding, score probably updated but might not have (Request timeout).
