|j|☆Com.Corsola
|j|☆Celebiii
|t:|1661870629
|gametype|singles
|player|p1|Com.Corsola|dawn-gen4pt|1488
|player|p2|Celebiii|erika-gen2|1542
|teamsize|p1|6
|teamsize|p2|6
|gen|8
|tier|[Gen 8] UU
|rated|
|rule|Sleep Clause Mod: Limit one foe put to sleep
|rule|Species Clause: Limit one of each Pokémon
|rule|OHKO Clause: OHKO moves are banned
|rule|Evasion Items Clause: Evasion items are banned
|rule|Evasion Moves Clause: Evasion moves are banned
|rule|Endless Battle Clause: Forcing endless battles is banned
|rule|HP Percentage Mod: HP is shown in percentages
|rule|Dynamax Clause: You cannot dynamax
|clearpoke
|poke|p1|Jirachi|
|poke|p1|Swampert, M|
|poke|p1|Rotom-Wash|
|poke|p1|Mandibuzz, F|
|poke|p1|Zygarde-10%|
|poke|p1|Primarina, F|
|poke|p2|Celebi|
|poke|p2|Marowak-Alola, M|
|poke|p2|Skarmory, F|
|poke|p2|Slowking, F|
|poke|p2|Diggersby, M|
|poke|p2|Celesteela|
|teampreview
|inactive|Battle timer is ON: inactive players will automatically lose when time's up. (requested by Com.Corsola)
|
|t:|1661870643
|start
|switch|p1a: Rotom|Rotom-Wash|100/100
|switch|p2a: Diggersby|Diggersby, M|100/100
|turn|1
|
|t:|1661870649
|move|p2a: Diggersby|U-turn|p1a: Rotom
|-damage|p1a: Rotom|68/100
|
|t:|1661870653
|switch|p2a: Celebi|Celebi|100/100|[from]move: U-turn
|move|p1a: Rotom|Hydro Pump|p2a: Celebi
|-resisted|p2a: Celebi
|-damage|p2a: Celebi|84/100
|
|-heal|p1a: Rotom|74/100|[from] item: Leftovers
|upkeep
|turn|2
|
|t:|1661870658
|switch|p1a: Jirachi|Jirachi|100/100
|move|p2a: Celebi|Thunder Wave|p1a: Jirachi
|-status|p1a: Jirachi|par
|
|upkeep
|turn|3
|
|t:|1661870663
|switch|p2a: Marowak|Marowak-Alola, M|100/100
|move|p1a: Jirachi|U-turn|p2a: Marowak
|-resisted|p2a: Marowak
|-damage|p2a: Marowak|96/100
|
|t:|1661870669
|switch|p1a: Zygarde|Zygarde-10%|100/100|[from]move: U-turn
|-ability|p1a: Zygarde|Aura Break
|
|upkeep
|turn|4
|
|t:|1661870674
|switch|p2a: Celebi|Celebi|84/100
|move|p1a: Zygarde|Thousand Arrows|p2a: Celebi
|-resisted|p2a: Celebi
|-damage|p2a: Celebi|62/100
|
|upkeep
|turn|5
|
|t:|1661870682
|switch|p1a: Mandibuzz|Mandibuzz, F|100/100
|move|p2a: Celebi|Recover|p2a: Celebi
|-heal|p2a: Celebi|100/100
|
|upkeep
|turn|6
|
|t:|1661870686
|switch|p2a: Skarmory|Skarmory, F|100/100
|move|p1a: Mandibuzz|U-turn|p2a: Skarmory
|-resisted|p2a: Skarmory
|-damage|p2a: Skarmory|99/100
|-damage|p1a: Mandibuzz|84/100|[from] item: Rocky Helmet|[of] p2a: Skarmory
|
|t:|1661870692
|switch|p1a: Primarina|Primarina, F|100/100|[from]move: U-turn
|
|upkeep
|turn|7
|
|t:|1661870697
|switch|p2a: Celesteela|Celesteela|100/100
|move|p1a: Primarina|Substitute|p1a: Primarina
|-start|p1a: Primarina|Substitute
|-damage|p1a: Primarina|75/100
|
|-heal|p1a: Primarina|82/100|[from] item: Leftovers
|upkeep
|turn|8
|
|t:|1661870701
|move|p1a: Primarina|Calm Mind|p1a: Primarina
|-boost|p1a: Primarina|spa|1
|-boost|p1a: Primarina|spd|1
|move|p2a: Celesteela|Heavy Slam|p1a: Primarina
|-end|p1a: Primarina|Substitute
|
|-heal|p1a: Primarina|88/100|[from] item: Leftovers
|upkeep
|turn|9
|
|t:|1661870706
|move|p1a: Primarina|Scald|p2a: Celesteela
|-damage|p2a: Celesteela|70/100
|move|p2a: Celesteela|Heavy Slam|p1a: Primarina
|-damage|p1a: Primarina|38/100
|
|-heal|p1a: Primarina|44/100|[from] item: Leftovers
|-heal|p2a: Celesteela|76/100|[from] item: Leftovers
|upkeep
|turn|10
|
|t:|1661870716
|switch|p1a: Swampert|Swampert, M|100/100
|switch|p2a: Celebi|Celebi|100/100
|
|upkeep
|turn|11
|
|t:|1661870721
|switch|p1a: Jirachi|Jirachi|100/100 par
|move|p2a: Celebi|Leaf Storm|p1a: Jirachi
|-resisted|p1a: Jirachi
|-damage|p1a: Jirachi|71/100 par
|-unboost|p2a: Celebi|spa|2
|
|upkeep
|turn|12
|
|t:|1661870726
|switch|p2a: Skarmory|Skarmory, F|99/100
|cant|p1a: Jirachi|par
|
|upkeep
|turn|13
|
|t:|1661870735
|cant|p1a: Jirachi|par
|move|p2a: Skarmory|Spikes|p1a: Jirachi
|-sidestart|p1: Com.Corsola|Spikes
|
|upkeep
|turn|14
|
|t:|1661870743
|move|p1a: Jirachi|U-turn|p2a: Skarmory
|-resisted|p2a: Skarmory
|-damage|p2a: Skarmory|96/100
|-damage|p1a: Jirachi|54/100 par|[from] item: Rocky Helmet|[of] p2a: Skarmory
|
|t:|1661870747
|switch|p1a: Rotom|Rotom-Wash|74/100|[from]move: U-turn
|move|p2a: Skarmory|Body Press|p1a: Rotom
|-damage|p1a: Rotom|45/100
|
|-heal|p1a: Rotom|51/100|[from] item: Leftovers
|upkeep
|turn|15
|
|t:|1661870752
|switch|p2a: Celebi|Celebi|100/100
|move|p1a: Rotom|Will-O-Wisp|p2a: Celebi
|-status|p2a: Celebi|brn
|
|-heal|p1a: Rotom|57/100|[from] item: Leftovers
|-damage|p2a: Celebi|94/100 brn|[from] brn
|upkeep
|turn|16
|
|t:|1661870762
|switch|p1a: Mandibuzz|Mandibuzz, F|84/100
|move|p2a: Celebi|Thunder Wave|p1a: Mandibuzz
|-status|p1a: Mandibuzz|par
|
|-damage|p2a: Celebi|88/100 brn|[from] brn
|upkeep
|turn|17
|
|t:|1661870766
|-curestatus|p2a: Celebi|brn|[from] ability: Natural Cure
|switch|p2a: Skarmory|Skarmory, F|96/100
|move|p1a: Mandibuzz|Defog|p2a: Skarmory
|-unboost|p2a: Skarmory|evasion|1
|-sideend|p1: Com.Corsola|Spikes|[from] move: Defog|[of] p1a: Mandibuzz
|
|upkeep
|turn|18
|
|t:|1661870772
|move|p2a: Skarmory|Spikes|p1a: Mandibuzz
|-sidestart|p1: Com.Corsola|Spikes
|move|p1a: Mandibuzz|U-turn|p2a: Skarmory
|-resisted|p2a: Skarmory
|-damage|p2a: Skarmory|94/100
|-damage|p1a: Mandibuzz|67/100 par|[from] item: Rocky Helmet|[of] p2a: Skarmory
|
|t:|1661870775
|switch|p1a: Rotom|Rotom-Wash|57/100|[from]move: U-turn
|
|-heal|p1a: Rotom|63/100|[from] item: Leftovers
|upkeep
|turn|19
|
|t:|1661870781
|switch|p2a: Celebi|Celebi|88/100
|move|p1a: Rotom|Volt Switch|p2a: Celebi
|-resisted|p2a: Celebi
|-damage|p2a: Celebi|78/100
|
|t:|1661870786
|switch|p1a: Jirachi|Jirachi|54/100 par|[from]move: Volt Switch
|-damage|p1a: Jirachi|42/100 par|[from] Spikes
|
|upkeep
|turn|20
|
|t:|1661870792
|switch|p2a: Skarmory|Skarmory, F|94/100
|move|p1a: Jirachi|U-turn|p2a: Skarmory
|-resisted|p2a: Skarmory
|-damage|p2a: Skarmory|91/100
|-damage|p1a: Jirachi|26/100 par|[from] item: Rocky Helmet|[of] p2a: Skarmory
|
|t:|1661870798
|switch|p1a: Primarina|Primarina, F|44/100|[from]move: U-turn
|-damage|p1a: Primarina|32/100|[from] Spikes
|
|-heal|p1a: Primarina|38/100|[from] item: Leftovers
|upkeep
|turn|21
|
|t:|1661870803
|switch|p2a: Celebi|Celebi|78/100
|move|p1a: Primarina|Scald|p2a: Celebi
|-resisted|p2a: Celebi
|-damage|p2a: Celebi|63/100
|-status|p2a: Celebi|brn
|
|-heal|p1a: Primarina|44/100|[from] item: Leftovers
|-damage|p2a: Celebi|57/100 brn|[from] brn
|upkeep
|turn|22
|
|t:|1661870811
|switch|p1a: Mandibuzz|Mandibuzz, F|67/100 par
|move|p2a: Celebi|Recover|p2a: Celebi
|-heal|p2a: Celebi|100/100 brn
|
|-damage|p2a: Celebi|94/100 brn|[from] brn
|upkeep
|turn|23
|
|t:|1661870814
|-curestatus|p2a: Celebi|brn|[from] ability: Natural Cure
|switch|p2a: Skarmory|Skarmory, F|91/100
|cant|p1a: Mandibuzz|par
|
|upkeep
|turn|24
|-message|Com.Corsola forfeited.
|
|win|Celebiii
|raw|Com.Corsola's rating: 1488 &rarr; <strong>1471</strong><br />(-17 for losing)
|raw|Celebiii's rating: 1542 &rarr; <strong>1559</strong><br />(+17 for winning)
|l|☆Com.Corsola
