|html|<div class="broadcast-blue"><strong>[Gen 8] UU is currently suspecting Scizor! For information on how to participate check out the <a href="https://www.smogon.com/forums/threads/ss-uu-stage-12-2-spider-dance.3704866/">suspect thread</a>.</strong></div>
|j|☆galactest bro !
|j|☆DLLT LaForce
|t:|1658573065
|gametype|singles
|player|p1|galactest bro !|dragontamer|1381
|player|p2|DLLT LaForce|ghetsis-gen5bw|1519
|teamsize|p1|6
|teamsize|p2|6
|gen|8
|tier|[Gen 8] UU
|rated|
|rule|Sleep Clause Mod: Limit one foe put to sleep
|rule|Species Clause: Limit one of each Pokémon
|rule|OHKO Clause: OHKO moves are banned
|rule|Evasion Moves Clause: Evasion moves are banned
|rule|Endless Battle Clause: Forcing endless battles is banned
|rule|HP Percentage Mod: HP is shown in percentages
|rule|Dynamax Clause: You cannot dynamax
|clearpoke
|poke|p1|Hydreigon, F|
|poke|p1|Cobalion|
|poke|p1|Rotom-Wash|
|poke|p1|Slowbro-Galar, F|
|poke|p1|Mamoswine, F|
|poke|p1|Tangrowth, M|
|poke|p2|Celesteela|
|poke|p2|Keldeo-Resolute|
|poke|p2|Hippowdon, M|
|poke|p2|Scizor, M|
|poke|p2|Crobat, M|
|poke|p2|Tangrowth, F|
|teampreview
|
|t:|1658573092
|start
|switch|p1a: Tangrowth|Tangrowth, M|100/100
|switch|p2a: Celesteela|Celesteela|100/100
|turn|1
|
|t:|1658573098
|move|p2a: Celesteela|Toxic|p1a: Tangrowth
|-status|p1a: Tangrowth|tox
|move|p1a: Tangrowth|Knock Off|p2a: Celesteela
|-damage|p2a: Celesteela|82/100
|-enditem|p2a: Celesteela|Leftovers|[from] move: Knock Off|[of] p1a: Tangrowth
|
|-damage|p1a: Tangrowth|94/100 tox|[from] psn
|upkeep
|turn|2
|j| ajisawesome222
|
|t:|1658573128
|switch|p1a: Slowbro|Slowbro-Galar, F|100/100
|move|p2a: Celesteela|Leech Seed|p1a: Slowbro
|-start|p1a: Slowbro|move: Leech Seed
|
|-damage|p1a: Slowbro|88/100|[from] Leech Seed|[of] p2a: Celesteela
|-heal|p2a: Celesteela|94/100|[silent]
|upkeep
|turn|3
|
|t:|1658573138
|switch|p2a: Hippowdon|Hippowdon, M|100/100
|-weather|Sandstorm|[from] ability: Sand Stream|[of] p2a: Hippowdon
|switch|p1a: Rotom|Rotom-Wash|100/100
|
|-weather|Sandstorm|[upkeep]
|-damage|p1a: Rotom|94/100|[from] Sandstorm
|-heal|p1a: Rotom|100/100|[from] item: Leftovers
|upkeep
|turn|4
|
|t:|1658573152
|switch|p1a: Tangrowth|Tangrowth, M|100/100 tox
|move|p2a: Hippowdon|Toxic|p1a: Tangrowth
|-fail|p1a: Tangrowth|tox
|
|-weather|Sandstorm|[upkeep]
|-damage|p1a: Tangrowth|94/100 tox|[from] Sandstorm
|-damage|p1a: Tangrowth|88/100 tox|[from] psn
|upkeep
|turn|5
|
|t:|1658573161
|switch|p2a: Celesteela|Celesteela|94/100
|move|p1a: Tangrowth|Knock Off|p2a: Celesteela
|-damage|p2a: Celesteela|81/100
|
|-weather|Sandstorm|[upkeep]
|-damage|p1a: Tangrowth|82/100 tox|[from] Sandstorm
|-damage|p1a: Tangrowth|70/100 tox|[from] psn
|upkeep
|turn|6
|
|t:|1658573179
|switch|p1a: Rotom|Rotom-Wash|100/100
|move|p2a: Celesteela|Leech Seed|p1a: Rotom
|-start|p1a: Rotom|move: Leech Seed
|
|-weather|Sandstorm|[upkeep]
|-damage|p1a: Rotom|94/100|[from] Sandstorm
|-heal|p1a: Rotom|100/100|[from] item: Leftovers
|-damage|p1a: Rotom|88/100|[from] Leech Seed|[of] p2a: Celesteela
|-heal|p2a: Celesteela|90/100|[silent]
|upkeep
|turn|7
|
|t:|1658573193
|switch|p1a: Cobalion|Cobalion|100/100
|move|p2a: Celesteela|Toxic|p1a: Cobalion
|-immune|p1a: Cobalion
|
|-weather|none
|upkeep
|turn|8
|
|t:|1658573213
|move|p1a: Cobalion|Volt Switch|p2a: Celesteela
|-supereffective|p2a: Celesteela
|-damage|p2a: Celesteela|73/100
|
|t:|1658573217
|switch|p1a: Rotom|Rotom-Wash|88/100|[from]move: Volt Switch
|move|p2a: Celesteela|Leech Seed|p1a: Rotom
|-start|p1a: Rotom|move: Leech Seed
|
|-heal|p1a: Rotom|94/100|[from] item: Leftovers
|-damage|p1a: Rotom|82/100|[from] Leech Seed|[of] p2a: Celesteela
|-heal|p2a: Celesteela|83/100|[silent]
|upkeep
|turn|9
|
|t:|1658573268
|switch|p1a: Cobalion|Cobalion|100/100
|switch|p2a: Tangrowth|Tangrowth, F|100/100
|
|upkeep
|turn|10
|
|t:|1658573276
|move|p1a: Cobalion|Toxic|p2a: Tangrowth
|-status|p2a: Tangrowth|tox
|move|p2a: Tangrowth|Focus Blast|p1a: Cobalion
|-supereffective|p1a: Cobalion
|-damage|p1a: Cobalion|26/100
|
|-damage|p2a: Tangrowth|94/100 tox|[from] psn
|upkeep
|turn|11
|
|t:|1658573302
|switch|p1a: Tangrowth|Tangrowth, M|100/100 tox
|move|p2a: Tangrowth|Knock Off|p1a: Tangrowth
|-damage|p1a: Tangrowth|86/100 tox
|-enditem|p1a: Tangrowth|Assault Vest|[from] move: Knock Off|[of] p2a: Tangrowth
|
|-damage|p2a: Tangrowth|82/100 tox|[from] psn
|-damage|p1a: Tangrowth|80/100 tox|[from] psn
|upkeep
|turn|12
|
|t:|1658573312
|switch|p2a: Celesteela|Celesteela|83/100
|switch|p1a: Rotom|Rotom-Wash|82/100
|
|-heal|p1a: Rotom|88/100|[from] item: Leftovers
|upkeep
|turn|13
|
|t:|1658573319
|move|p1a: Rotom|Volt Switch|p2a: Celesteela
|-supereffective|p2a: Celesteela
|-damage|p2a: Celesteela|50/100
|
|t:|1658573323
|switch|p1a: Tangrowth|Tangrowth, M|100/100 tox|[from]move: Volt Switch
|move|p2a: Celesteela|Leech Seed|p1a: Tangrowth
|-immune|p1a: Tangrowth
|
|-damage|p1a: Tangrowth|94/100 tox|[from] psn
|upkeep
|turn|14
|
|t:|1658573331
|move|p2a: Celesteela|Flamethrower|p1a: Tangrowth
|-supereffective|p1a: Tangrowth
|-damage|p1a: Tangrowth|54/100 tox
|move|p1a: Tangrowth|Knock Off|p2a: Celesteela
|-damage|p2a: Celesteela|37/100
|
|-damage|p1a: Tangrowth|42/100 tox|[from] psn
|upkeep
|turn|15
|
|t:|1658573359
|switch|p1a: Rotom|Rotom-Wash|88/100
|move|p2a: Celesteela|Leech Seed|p1a: Rotom
|-start|p1a: Rotom|move: Leech Seed
|
|-heal|p1a: Rotom|94/100|[from] item: Leftovers
|-damage|p1a: Rotom|82/100|[from] Leech Seed|[of] p2a: Celesteela
|-heal|p2a: Celesteela|47/100|[silent]
|upkeep
|turn|16
|j| DanielRiodani
|
|t:|1658573367
|switch|p1a: Cobalion|Cobalion|26/100
|switch|p2a: Hippowdon|Hippowdon, M|100/100
|-weather|Sandstorm|[from] ability: Sand Stream|[of] p2a: Hippowdon
|
|-weather|Sandstorm|[upkeep]
|upkeep
|turn|17
|
|t:|1658573377
|switch|p2a: Crobat|Crobat, M|100/100
|move|p1a: Cobalion|Toxic|p2a: Crobat
|-immune|p2a: Crobat
|
|-weather|Sandstorm|[upkeep]
|-damage|p2a: Crobat|94/100|[from] Sandstorm
|upkeep
|turn|18
|
|t:|1658573389
|switch|p1a: Rotom|Rotom-Wash|82/100
|move|p2a: Crobat|Brave Bird|p1a: Rotom
|-resisted|p1a: Rotom
|-damage|p1a: Rotom|57/100
|-damage|p2a: Crobat|87/100|[from] Recoil
|
|-weather|Sandstorm|[upkeep]
|-damage|p2a: Crobat|81/100|[from] Sandstorm
|-damage|p1a: Rotom|51/100|[from] Sandstorm
|-heal|p1a: Rotom|57/100|[from] item: Leftovers
|upkeep
|turn|19
|
|t:|1658573406
|move|p2a: Crobat|U-turn|p1a: Rotom
|-damage|p1a: Rotom|38/100
|
|t:|1658573409
|switch|p2a: Tangrowth|Tangrowth, F|100/100 tox|[from]move: U-turn
|move|p1a: Rotom|Hydro Pump|p2a: Tangrowth
|-resisted|p2a: Tangrowth
|-damage|p2a: Tangrowth|87/100 tox
|
|-weather|Sandstorm|[upkeep]
|-damage|p1a: Rotom|32/100|[from] Sandstorm
|-damage|p2a: Tangrowth|81/100 tox|[from] Sandstorm
|-heal|p1a: Rotom|38/100|[from] item: Leftovers
|-damage|p2a: Tangrowth|75/100 tox|[from] psn
|upkeep
|turn|20
|
|t:|1658573420
|move|p1a: Rotom|Volt Switch|p2a: Tangrowth
|-resisted|p2a: Tangrowth
|-damage|p2a: Tangrowth|67/100 tox
|
|t:|1658573429
|switch|p1a: Cobalion|Cobalion|26/100|[from]move: Volt Switch
|move|p2a: Tangrowth|Power Whip|p1a: Cobalion
|-resisted|p1a: Cobalion
|-damage|p1a: Cobalion|11/100
|-damage|p2a: Tangrowth|50/100 tox|[from] item: Rocky Helmet|[of] p1a: Cobalion
|
|-weather|none
|-damage|p2a: Tangrowth|38/100 tox|[from] psn
|upkeep
|turn|21
|
|t:|1658573438
|switch|p2a: Hippowdon|Hippowdon, M|100/100
|-weather|Sandstorm|[from] ability: Sand Stream|[of] p2a: Hippowdon
|move|p1a: Cobalion|Stealth Rock|p2a: Hippowdon
|-sidestart|p2: DLLT LaForce|move: Stealth Rock
|
|-weather|Sandstorm|[upkeep]
|upkeep
|turn|22
|
|t:|1658573444
|move|p1a: Cobalion|Toxic|p2a: Hippowdon
|-status|p2a: Hippowdon|tox
|move|p2a: Hippowdon|Stealth Rock|p1a: Cobalion
|-sidestart|p1: galactest bro !|move: Stealth Rock
|
|-weather|Sandstorm|[upkeep]
|-damage|p2a: Hippowdon|94/100 tox|[from] psn
|upkeep
|turn|23
|
|t:|1658573460
|switch|p1a: Tangrowth|Tangrowth, M|75/100 tox
|-damage|p1a: Tangrowth|63/100 tox|[from] Stealth Rock
|move|p2a: Hippowdon|Toxic|p1a: Tangrowth
|-fail|p1a: Tangrowth|tox
|
|-weather|Sandstorm|[upkeep]
|-damage|p1a: Tangrowth|56/100 tox|[from] Sandstorm
|-heal|p2a: Hippowdon|100/100 tox|[from] item: Leftovers
|-damage|p2a: Hippowdon|88/100 tox|[from] psn
|-damage|p1a: Tangrowth|50/100 tox|[from] psn
|upkeep
|turn|24
|
|t:|1658573473
|switch|p2a: Celesteela|Celesteela|47/100
|-damage|p2a: Celesteela|34/100|[from] Stealth Rock
|switch|p1a: Hydreigon|Hydreigon, F|100/100
|-damage|p1a: Hydreigon|88/100|[from] Stealth Rock
|
|-weather|Sandstorm|[upkeep]
|-damage|p1a: Hydreigon|82/100|[from] Sandstorm
|upkeep
|turn|25
|
|t:|1658573501
|switch|p2a: Hippowdon|Hippowdon, M|88/100 tox
|-damage|p2a: Hippowdon|82/100 tox|[from] Stealth Rock
|move|p1a: Hydreigon|Flamethrower|p2a: Hippowdon
|-damage|p2a: Hippowdon|58/100 tox
|
|-weather|none
|-heal|p2a: Hippowdon|64/100 tox|[from] item: Leftovers
|-damage|p2a: Hippowdon|58/100 tox|[from] psn
|upkeep
|turn|26
|
|t:|1658573515
|switch|p1a: Mamoswine|Mamoswine, F|100/100
|-damage|p1a: Mamoswine|88/100|[from] Stealth Rock
|move|p2a: Hippowdon|Slack Off|p2a: Hippowdon
|-heal|p2a: Hippowdon|100/100 tox
|
|-damage|p2a: Hippowdon|88/100 tox|[from] psn
|upkeep
|turn|27
|
|t:|1658573530
|switch|p2a: Scizor|Scizor, M|100/100
|move|p1a: Mamoswine|Earthquake|p2a: Scizor
|-damage|p2a: Scizor|44/100
|-damage|p1a: Mamoswine|78/100|[from] item: Life Orb
|
|upkeep
|turn|28
|
|t:|1658573555
|move|p2a: Scizor|Bullet Punch|p1a: Mamoswine
|-supereffective|p1a: Mamoswine
|-damage|p1a: Mamoswine|18/100
|move|p1a: Mamoswine|Earthquake|p2a: Scizor
|-damage|p2a: Scizor|0 fnt
|faint|p2a: Scizor
|-damage|p1a: Mamoswine|8/100|[from] item: Life Orb
|
|upkeep
|
|t:|1658573561
|switch|p2a: Keldeo|Keldeo-Resolute|100/100
|-damage|p2a: Keldeo|94/100|[from] Stealth Rock
|turn|29
|
|t:|1658573575
|move|p1a: Mamoswine|Ice Shard|p2a: Keldeo
|-resisted|p2a: Keldeo
|-damage|p2a: Keldeo|76/100
|-damage|p1a: Mamoswine|0 fnt|[from] item: Life Orb
|faint|p1a: Mamoswine
|move|p2a: Keldeo|Scald|p1: Mamoswine|[notarget]
|-fail|p2a: Keldeo
|
|upkeep
|
|t:|1658573610
|switch|p1a: Hydreigon|Hydreigon, F|82/100
|-damage|p1a: Hydreigon|70/100|[from] Stealth Rock
|turn|30
|inactive|Battle timer is ON: inactive players will automatically lose when time's up. (requested by galactest bro !)
|
|t:|1658573643
|switch|p2a: Tangrowth|Tangrowth, F|71/100 tox
|-damage|p2a: Tangrowth|58/100 tox|[from] Stealth Rock
|move|p1a: Hydreigon|Draco Meteor|p2a: Tangrowth
|-damage|p2a: Tangrowth|11/100 tox
|-unboost|p1a: Hydreigon|spa|2
|
|-damage|p2a: Tangrowth|5/100 tox|[from] psn
|upkeep
|turn|31
|
|t:|1658573669
|switch|p1a: Tangrowth|Tangrowth, M|83/100 tox
|-damage|p1a: Tangrowth|71/100 tox|[from] Stealth Rock
|switch|p2a: Hippowdon|Hippowdon, M|88/100 tox
|-damage|p2a: Hippowdon|82/100 tox|[from] Stealth Rock
|-weather|Sandstorm|[from] ability: Sand Stream|[of] p2a: Hippowdon
|
|-weather|Sandstorm|[upkeep]
|-damage|p1a: Tangrowth|65/100 tox|[from] Sandstorm
|-heal|p2a: Hippowdon|88/100 tox|[from] item: Leftovers
|-damage|p2a: Hippowdon|82/100 tox|[from] psn
|-damage|p1a: Tangrowth|59/100 tox|[from] psn
|upkeep
|turn|32
|inactive|galactest bro ! has 120 seconds left.
|
|t:|1658573689
|switch|p2a: Tangrowth|Tangrowth, F|38/100 tox
|-damage|p2a: Tangrowth|25/100 tox|[from] Stealth Rock
|switch|p1a: Rotom|Rotom-Wash|38/100
|-damage|p1a: Rotom|26/100|[from] Stealth Rock
|
|-weather|Sandstorm|[upkeep]
|-damage|p1a: Rotom|20/100|[from] Sandstorm
|-damage|p2a: Tangrowth|19/100 tox|[from] Sandstorm
|-heal|p1a: Rotom|26/100|[from] item: Leftovers
|-damage|p2a: Tangrowth|13/100 tox|[from] psn
|upkeep
|turn|33
|inactive|galactest bro ! has 120 seconds left.
|
|t:|1658573701
|move|p1a: Rotom|Volt Switch|p2a: Tangrowth
|-resisted|p2a: Tangrowth
|-damage|p2a: Tangrowth|4/100 tox
|
|t:|1658573705
|switch|p1a: Tangrowth|Tangrowth, M|92/100 tox|[from]move: Volt Switch
|-damage|p1a: Tangrowth|79/100 tox|[from] Stealth Rock
|move|p2a: Tangrowth|Power Whip|p1a: Tangrowth
|-resisted|p1a: Tangrowth
|-damage|p1a: Tangrowth|66/100 tox
|
|-weather|Sandstorm|[upkeep]
|-damage|p2a: Tangrowth|0 fnt|[from] Sandstorm
|-damage|p1a: Tangrowth|60/100 tox|[from] Sandstorm
|faint|p2a: Tangrowth
|-damage|p1a: Tangrowth|54/100 tox|[from] psn
|upkeep
|
|t:|1658573725
|switch|p2a: Keldeo|Keldeo-Resolute|76/100
|-damage|p2a: Keldeo|70/100|[from] Stealth Rock
|turn|34
|inactive|galactest bro ! has 120 seconds left.
|
|t:|1658573768
|switch|p1a: Slowbro|Slowbro-Galar, F|100/100
|-damage|p1a: Slowbro|88/100|[from] Stealth Rock
|move|p2a: Keldeo|Air Slash|p1a: Slowbro
|-damage|p1a: Slowbro|40/100
|
|-weather|Sandstorm|[upkeep]
|-damage|p2a: Keldeo|64/100|[from] Sandstorm
|-damage|p1a: Slowbro|34/100|[from] Sandstorm
|upkeep
|turn|35
|inactive|galactest bro ! has 90 seconds left.
|
|t:|1658573796
|switch|p1a: Cobalion|Cobalion|11/100
|-damage|p1a: Cobalion|8/100|[from] Stealth Rock
|move|p2a: Keldeo|Air Slash|p1a: Cobalion
|-damage|p1a: Cobalion|0 fnt
|faint|p1a: Cobalion
|
|-weather|none
|upkeep
|
|t:|1658573804
|switch|p1a: Hydreigon|Hydreigon, F|70/100
|-damage|p1a: Hydreigon|57/100|[from] Stealth Rock
|turn|36
|inactive|galactest bro ! has 90 seconds left.
|
|t:|1658573810
|switch|p2a: Hippowdon|Hippowdon, M|82/100 tox
|-damage|p2a: Hippowdon|76/100 tox|[from] Stealth Rock
|-weather|Sandstorm|[from] ability: Sand Stream|[of] p2a: Hippowdon
|move|p1a: Hydreigon|Draco Meteor|p2a: Hippowdon|[miss]
|-miss|p1a: Hydreigon|p2a: Hippowdon
|
|-weather|Sandstorm|[upkeep]
|-damage|p1a: Hydreigon|51/100|[from] Sandstorm
|-heal|p2a: Hippowdon|82/100 tox|[from] item: Leftovers
|-damage|p2a: Hippowdon|76/100 tox|[from] psn
|upkeep
|turn|37
|inactive|galactest bro ! has 90 seconds left.
|c|☆galactest bro !|always hax ^^
|
|t:|1658573831
|switch|p1a: Tangrowth|Tangrowth, M|87/100 tox
|-damage|p1a: Tangrowth|75/100 tox|[from] Stealth Rock
|switch|p2a: Celesteela|Celesteela|34/100
|-damage|p2a: Celesteela|22/100|[from] Stealth Rock
|
|-weather|Sandstorm|[upkeep]
|-damage|p1a: Tangrowth|69/100 tox|[from] Sandstorm
|-damage|p1a: Tangrowth|62/100 tox|[from] psn
|upkeep
|turn|38
|
|t:|1658573841
|move|p2a: Celesteela|Flamethrower|p1a: Tangrowth
|-supereffective|p1a: Tangrowth
|-damage|p1a: Tangrowth|21/100 tox
|move|p1a: Tangrowth|Knock Off|p2a: Celesteela
|-damage|p2a: Celesteela|9/100
|
|-weather|Sandstorm|[upkeep]
|-damage|p1a: Tangrowth|15/100 tox|[from] Sandstorm
|-damage|p1a: Tangrowth|2/100 tox|[from] psn
|upkeep
|turn|39
|
|t:|1658573863
|switch|p1a: Slowbro|Slowbro-Galar, F|67/100
|-damage|p1a: Slowbro|55/100|[from] Stealth Rock
|move|p2a: Celesteela|Flamethrower|p1a: Slowbro
|-crit|p1a: Slowbro
|-damage|p1a: Slowbro|19/100
|
|-weather|Sandstorm|[upkeep]
|-damage|p1a: Slowbro|13/100|[from] Sandstorm
|upkeep
|turn|40
|inactive|galactest bro ! has 60 seconds left.
|
|t:|1658573889
|switch|p1a: Tangrowth|Tangrowth, M|35/100 tox
|-damage|p1a: Tangrowth|23/100 tox|[from] Stealth Rock
|move|p2a: Celesteela|Heavy Slam|p1a: Tangrowth
|-damage|p1a: Tangrowth|0 fnt
|faint|p1a: Tangrowth
|-ability|p2a: Celesteela|Beast Boost|boost
|-boost|p2a: Celesteela|spd|1
|
|-weather|none
|upkeep
|
|t:|1658573910
|switch|p1a: Hydreigon|Hydreigon, F|51/100
|-damage|p1a: Hydreigon|39/100|[from] Stealth Rock
|turn|41
|
|t:|1658573916
|switch|p2a: Hippowdon|Hippowdon, M|76/100 tox
|-damage|p2a: Hippowdon|70/100 tox|[from] Stealth Rock
|-weather|Sandstorm|[from] ability: Sand Stream|[of] p2a: Hippowdon
|move|p1a: Hydreigon|Dark Pulse|p2a: Hippowdon
|-damage|p2a: Hippowdon|37/100 tox
|
|-weather|Sandstorm|[upkeep]
|-damage|p1a: Hydreigon|33/100|[from] Sandstorm
|-heal|p2a: Hippowdon|43/100 tox|[from] item: Leftovers
|-damage|p2a: Hippowdon|37/100 tox|[from] psn
|upkeep
|turn|42
|
|t:|1658573929
|switch|p1a: Slowbro|Slowbro-Galar, F|46/100
|-damage|p1a: Slowbro|34/100|[from] Stealth Rock
|move|p2a: Hippowdon|Slack Off|p2a: Hippowdon
|-heal|p2a: Hippowdon|87/100 tox
|
|-weather|Sandstorm|[upkeep]
|-damage|p1a: Slowbro|28/100|[from] Sandstorm
|-heal|p2a: Hippowdon|93/100 tox|[from] item: Leftovers
|-damage|p2a: Hippowdon|81/100 tox|[from] psn
|upkeep
|turn|43
|
|t:|1658573944
|switch|p1a: Rotom|Rotom-Wash|26/100
|-damage|p1a: Rotom|13/100|[from] Stealth Rock
|move|p2a: Hippowdon|Toxic|p1a: Rotom
|-status|p1a: Rotom|tox
|
|-weather|Sandstorm|[upkeep]
|-damage|p1a: Rotom|7/100 tox|[from] Sandstorm
|-heal|p1a: Rotom|13/100 tox|[from] item: Leftovers
|-heal|p2a: Hippowdon|87/100 tox|[from] item: Leftovers
|-damage|p1a: Rotom|7/100 tox|[from] psn
|-damage|p2a: Hippowdon|69/100 tox|[from] psn
|upkeep
|turn|44
|inactive|DLLT LaForce has 120 seconds left.
|
|t:|1658573977
|switch|p1a: Slowbro|Slowbro-Galar, F|61/100
|-damage|p1a: Slowbro|48/100|[from] Stealth Rock
|switch|p2a: Celesteela|Celesteela|9/100
|-damage|p2a: Celesteela|0 fnt|[from] Stealth Rock
|faint|p2a: Celesteela
|
|-weather|Sandstorm|[upkeep]
|-damage|p1a: Slowbro|42/100|[from] Sandstorm
|upkeep
|inactive|DLLT LaForce has 120 seconds left.
|
|t:|1658573984
|switch|p2a: Keldeo|Keldeo-Resolute|64/100
|-damage|p2a: Keldeo|58/100|[from] Stealth Rock
|turn|45
|
|t:|1658574001
|switch|p1a: Rotom|Rotom-Wash|7/100 tox
|-damage|p1a: Rotom|0 fnt|[from] Stealth Rock
|faint|p1a: Rotom
|move|p2a: Keldeo|Scald|p1: Rotom|[notarget]
|-fail|p2a: Keldeo
|
|-weather|none
|upkeep
|
|t:|1658574013
|switch|p1a: Hydreigon|Hydreigon, F|33/100
|-damage|p1a: Hydreigon|20/100|[from] Stealth Rock
|turn|46
|
|t:|1658574020
|switch|p2a: Hippowdon|Hippowdon, M|69/100 tox
|-damage|p2a: Hippowdon|62/100 tox|[from] Stealth Rock
|-weather|Sandstorm|[from] ability: Sand Stream|[of] p2a: Hippowdon
|move|p1a: Hydreigon|Draco Meteor|p2a: Hippowdon
|-damage|p2a: Hippowdon|11/100 tox
|-unboost|p1a: Hydreigon|spa|2
|
|-weather|Sandstorm|[upkeep]
|-damage|p1a: Hydreigon|14/100|[from] Sandstorm
|-heal|p2a: Hippowdon|17/100 tox|[from] item: Leftovers
|-damage|p2a: Hippowdon|11/100 tox|[from] psn
|upkeep
|turn|47
|
|t:|1658574043
|switch|p2a: Crobat|Crobat, M|81/100
|move|p1a: Hydreigon|Draco Meteor|p2a: Crobat
|-damage|p2a: Crobat|42/100
|-unboost|p1a: Hydreigon|spa|2
|
|-weather|Sandstorm|[upkeep]
|-damage|p1a: Hydreigon|8/100|[from] Sandstorm
|-damage|p2a: Crobat|36/100|[from] Sandstorm
|upkeep
|turn|48
|
|t:|1658574052
|switch|p1a: Slowbro|Slowbro-Galar, F|76/100
|-damage|p1a: Slowbro|63/100|[from] Stealth Rock
|move|p2a: Crobat|Roost|p2a: Crobat
|-heal|p2a: Crobat|86/100
|-singleturn|p2a: Crobat|move: Roost
|
|-weather|Sandstorm|[upkeep]
|-damage|p2a: Crobat|80/100|[from] Sandstorm
|-damage|p1a: Slowbro|57/100|[from] Sandstorm
|upkeep
|turn|49
|
|t:|1658574063
|move|p2a: Crobat|Brave Bird|p1a: Slowbro
|-damage|p1a: Slowbro|28/100
|-damage|p2a: Crobat|69/100|[from] Recoil
|move|p1a: Slowbro|Slack Off|p1a: Slowbro
|-heal|p1a: Slowbro|78/100
|
|-weather|Sandstorm|[upkeep]
|-damage|p2a: Crobat|62/100|[from] Sandstorm
|-damage|p1a: Slowbro|72/100|[from] Sandstorm
|upkeep
|turn|50
|c| DanielRiodani|Gg already
|
|t:|1658574088
|move|p2a: Crobat|Taunt|p1a: Slowbro
|-start|p1a: Slowbro|move: Taunt
|cant|p1a: Slowbro|move: Taunt|Calm Mind
|
|-weather|none
|upkeep
|turn|51
|c|☆galactest bro !|nice play
|
|t:|1658574102
|move|p2a: Crobat|Brave Bird|p1a: Slowbro
|-damage|p1a: Slowbro|42/100
|-damage|p2a: Crobat|50/100|[from] Recoil
|move|p1a: Slowbro|Flamethrower|p2a: Crobat
|-damage|p2a: Crobat|26/100
|
|upkeep
|turn|52
|
|t:|1658574112
|move|p2a: Crobat|Brave Bird|p1a: Slowbro
|-damage|p1a: Slowbro|15/100
|-damage|p2a: Crobat|15/100|[from] Recoil
|move|p1a: Slowbro|Flamethrower|p2a: Crobat
|-damage|p2a: Crobat|0 fnt
|faint|p2a: Crobat
|
|-end|p1a: Slowbro|move: Taunt
|upkeep
|
|t:|1658574116
|switch|p2a: Keldeo|Keldeo-Resolute|58/100
|-damage|p2a: Keldeo|52/100|[from] Stealth Rock
|turn|53
|c|☆DLLT LaForce|gg
|c|☆galactest bro !|can i have your teams please ?
|c|☆galactest bro !|it's very cool
|
|t:|1658574134
|switch|p1a: Hydreigon|Hydreigon, F|8/100
|-damage|p1a: Hydreigon|0 fnt|[from] Stealth Rock
|faint|p1a: Hydreigon
|move|p2a: Keldeo|Scald|p1: Hydreigon|[notarget]
|-fail|p2a: Keldeo
|
|upkeep
|
|t:|1658574140
|switch|p1a: Slowbro|Slowbro-Galar, F|48/100
|-damage|p1a: Slowbro|36/100|[from] Stealth Rock
|turn|54
|
|t:|1658574169
|move|p2a: Keldeo|Scald|p1a: Slowbro
|-damage|p1a: Slowbro|0 fnt
|faint|p1a: Slowbro
|
|win|DLLT LaForce
|raw|galactest bro !'s rating: 1381 &rarr; <strong>1369</strong><br />(-12 for losing)
|raw|DLLT LaForce's rating: 1529 &rarr; <strong>1541</strong><br />(+12 for winning)
|c|☆DLLT LaForce|GG bro
|c|☆galactest bro !|gg
|c|☆DLLT LaForce|hope to dont fight u again, couse now u know my team lol
|l| ajisawesome222
