|j|☆CryNow%
|j|☆Fudarus
|t:|1665780916
|gametype|singles
|player|p1|CryNow%|unknown|1355
|player|p2|Fudarus|blackbelt-gen4|1626
|teamsize|p1|6
|teamsize|p2|6
|gen|8
|tier|[Gen 8] UU
|rated|
|rule|Sleep Clause Mod: Limit one foe put to sleep
|rule|Species Clause: Limit one of each Pokémon
|rule|OHKO Clause: OHKO moves are banned
|rule|Evasion Items Clause: Evasion items are banned
|rule|Evasion Moves Clause: Evasion moves are banned
|rule|Endless Battle Clause: Forcing endless battles is banned
|rule|HP Percentage Mod: HP is shown in percentages
|rule|Dynamax Clause: You cannot dynamax
|clearpoke
|poke|p1|Swampert, M|
|poke|p1|Thundurus-Therian, M|
|poke|p1|Dhelmise|
|poke|p1|Entei|
|poke|p1|Scizor, F|
|poke|p1|Nihilego|
|poke|p2|Mamoswine, M|
|poke|p2|Zarude-Dada|
|poke|p2|Slowking, M|
|poke|p2|Nihilego|
|poke|p2|Salamence, M|
|poke|p2|Cobalion|
|teampreview
|
|t:|1665780931
|start
|switch|p1a: Swampert|Swampert, M|100/100
|switch|p2a: Zarude|Zarude-Dada|100/100
|turn|1
|
|t:|1665780938
|switch|p1a: Scizor|Scizor, F|100/100
|move|p2a: Zarude|U-turn|p1a: Scizor
|-resisted|p1a: Scizor
|-damage|p1a: Scizor|91/100
|
|t:|1665780968
|switch|p2a: Cobalion|Cobalion|100/100|[from]move: U-turn
|
|upkeep
|turn|2
|
|t:|1665780973
|move|p2a: Cobalion|Stealth Rock|p1a: Scizor
|-sidestart|p1: CryNow%|move: Stealth Rock
|move|p1a: Scizor|U-turn|p2a: Cobalion
|-resisted|p2a: Cobalion
|-damage|p2a: Cobalion|93/100
|-damage|p1a: Scizor|75/100|[from] item: Rocky Helmet|[of] p2a: Cobalion
|
|t:|1665780991
|switch|p1a: Swampert|Swampert, M|100/100|[from]move: U-turn
|-damage|p1a: Swampert|94/100|[from] Stealth Rock
|
|-heal|p1a: Swampert|100/100|[from] item: Leftovers
|upkeep
|turn|3
|inactive|Battle timer is ON: inactive players will automatically lose when time's up. (requested by Fudarus)
|
|t:|1665781002
|switch|p2a: Slowking|Slowking, M|100/100
|move|p1a: Swampert|Stealth Rock|p2a: Slowking
|-sidestart|p2: Fudarus|move: Stealth Rock
|
|upkeep
|turn|4
|
|t:|1665781004
|move|p1a: Swampert|Toxic|p2a: Slowking
|-status|p2a: Slowking|tox
|move|p2a: Slowking|Teleport|p2a: Slowking
|
|t:|1665781009
|switch|p2a: Zarude|Zarude-Dada|100/100|[from]move: Teleport
|-damage|p2a: Zarude|88/100|[from] Stealth Rock
|
|upkeep
|turn|5
|
|t:|1665781017
|switch|p1a: Scizor|Scizor, F|75/100
|move|p2a: Zarude|U-turn|p1a: Scizor
|-resisted|p1a: Scizor
|-damage|p1a: Scizor|66/100
|
|t:|1665781021
|switch|p2a: Cobalion|Cobalion|93/100|[from]move: U-turn
|-damage|p2a: Cobalion|90/100|[from] Stealth Rock
|
|upkeep
|turn|6
|
|t:|1665781036
|move|p2a: Cobalion|Close Combat|p1a: Scizor
|-damage|p1a: Scizor|25/100
|-unboost|p2a: Cobalion|def|1
|-unboost|p2a: Cobalion|spd|1
|move|p1a: Scizor|Defog|p2a: Cobalion
|-unboost|p2a: Cobalion|evasion|1
|-sideend|p2: Fudarus|Stealth Rock|[from] move: Defog|[of] p1a: Scizor
|-sideend|p1: CryNow%|Stealth Rock|[from] move: Defog|[of] p1a: Scizor
|
|upkeep
|turn|7
|
|t:|1665781044
|switch|p1a: Swampert|Swampert, M|100/100
|move|p2a: Cobalion|Stealth Rock|p1a: Swampert
|-sidestart|p1: CryNow%|move: Stealth Rock
|
|upkeep
|turn|8
|
|t:|1665781056
|move|p2a: Cobalion|Close Combat|p1a: Swampert
|-damage|p1a: Swampert|60/100
|-unboost|p2a: Cobalion|def|1
|-unboost|p2a: Cobalion|spd|1
|move|p1a: Swampert|Flip Turn|p2a: Cobalion
|-damage|p2a: Cobalion|52/100
|-damage|p1a: Swampert|43/100|[from] item: Rocky Helmet|[of] p2a: Cobalion
|inactive|CryNow% has 120 seconds left.
|
|t:|1665781086
|switch|p1a: Dhelmise|Dhelmise|100/100|[from]move: Flip Turn
|
|upkeep
|turn|9
|inactive|CryNow% has 120 seconds left.
|
|t:|1665781093
|move|p2a: Cobalion|Iron Head|p1a: Dhelmise
|-damage|p1a: Dhelmise|66/100
|move|p1a: Dhelmise|Rapid Spin|p2a: Cobalion
|-resisted|p2a: Cobalion
|-damage|p2a: Cobalion|40/100
|-boost|p1a: Dhelmise|spe|1
|-damage|p1a: Dhelmise|49/100|[from] item: Rocky Helmet|[of] p2a: Cobalion
|-sideend|p1: CryNow%|Stealth Rock|[from] move: Rapid Spin|[of] p1a: Dhelmise
|
|upkeep
|turn|10
|
|t:|1665781099
|move|p2a: Cobalion|Stealth Rock|p1a: Dhelmise
|-sidestart|p1: CryNow%|move: Stealth Rock
|move|p1a: Dhelmise|Synthesis|p1a: Dhelmise
|-heal|p1a: Dhelmise|99/100
|
|upkeep
|turn|11
|
|t:|1665781106
|move|p2a: Cobalion|Iron Head|p1a: Dhelmise
|-damage|p1a: Dhelmise|68/100
|move|p1a: Dhelmise|Poltergeist|p2a: Cobalion
|-activate|p2a: Cobalion|move: Poltergeist|Rocky Helmet
|-damage|p2a: Cobalion|0 fnt
|faint|p2a: Cobalion
|
|upkeep
|
|t:|1665781116
|switch|p2a: Mamoswine|Mamoswine, M|100/100
|turn|12
|
|t:|1665781134
|switch|p1a: Swampert|Swampert, M|43/100
|-damage|p1a: Swampert|37/100|[from] Stealth Rock
|move|p2a: Mamoswine|Knock Off|p1a: Swampert
|-damage|p1a: Swampert|0 fnt
|-enditem|p1a: Swampert|Leftovers|[from] move: Knock Off|[of] p2a: Mamoswine
|faint|p1a: Swampert
|
|upkeep
|
|t:|1665781142
|switch|p1a: Scizor|Scizor, F|25/100
|turn|13
|
|t:|1665781147
|move|p1a: Scizor|Bullet Punch|p2a: Mamoswine
|-supereffective|p2a: Mamoswine
|-damage|p2a: Mamoswine|37/100
|move|p2a: Mamoswine|Knock Off|p1a: Scizor
|-damage|p1a: Scizor|0 fnt
|-enditem|p1a: Scizor|Heavy-Duty Boots|[from] move: Knock Off|[of] p2a: Mamoswine
|faint|p1a: Scizor
|
|upkeep
|
|t:|1665781174
|switch|p1a: Nihilego|Nihilego|100/100
|-damage|p1a: Nihilego|88/100|[from] Stealth Rock
|turn|14
|
|t:|1665781181
|switch|p2a: Salamence|Salamence, M|100/100
|-ability|p2a: Salamence|Intimidate|boost
|-unboost|p1a: Nihilego|atk|1
|move|p1a: Nihilego|Grass Knot|p2a: Salamence
|-resisted|p2a: Salamence
|-damage|p2a: Salamence|91/100
|
|upkeep
|turn|15
|
|t:|1665781185
|move|p1a: Nihilego|Meteor Beam||[still]
|-prepare|p1a: Nihilego|Meteor Beam
|-boost|p1a: Nihilego|spa|1
|-enditem|p1a: Nihilego|Power Herb
|-anim|p1a: Nihilego|Meteor Beam|p2a: Salamence
|-supereffective|p2a: Salamence
|-damage|p2a: Salamence|0 fnt
|faint|p2a: Salamence
|-ability|p1a: Nihilego|Beast Boost|boost
|-boost|p1a: Nihilego|spe|1
|
|upkeep
|
|t:|1665781191
|switch|p2a: Zarude|Zarude-Dada|88/100
|turn|16
|
|t:|1665781196
|move|p2a: Zarude|Darkest Lariat|p1a: Nihilego
|-damage|p1a: Nihilego|27/100
|move|p1a: Nihilego|Sludge Wave|p2a: Zarude
|-supereffective|p2a: Zarude
|-damage|p2a: Zarude|0 fnt
|faint|p2a: Zarude
|-ability|p1a: Nihilego|Beast Boost|boost
|-boost|p1a: Nihilego|spe|1
|
|upkeep
|
|t:|1665781202
|switch|p2a: Mamoswine|Mamoswine, M|37/100
|turn|17
|
|t:|1665781214
|move|p2a: Mamoswine|Ice Shard|p1a: Nihilego
|-damage|p1a: Nihilego|0 fnt
|faint|p1a: Nihilego
|
|upkeep
|
|t:|1665781219
|switch|p1a: Entei|Entei|100/100
|-damage|p1a: Entei|76/100|[from] Stealth Rock
|turn|18
|
|t:|1665781235
|switch|p1a: Dhelmise|Dhelmise|68/100
|switch|p2a: Slowking|Slowking, M|100/100 tox
|
|-damage|p2a: Slowking|94/100 tox|[from] psn
|upkeep
|turn|19
|
|t:|1665781240
|move|p1a: Dhelmise|Rapid Spin|p2a: Slowking
|-damage|p2a: Slowking|84/100 tox
|-boost|p1a: Dhelmise|spe|1
|-sideend|p1: CryNow%|Stealth Rock|[from] move: Rapid Spin|[of] p1a: Dhelmise
|move|p2a: Slowking|Teleport|p2a: Slowking
|
|t:|1665781246
|switch|p2a: Mamoswine|Mamoswine, M|37/100|[from]move: Teleport
|
|upkeep
|turn|20
|
|t:|1665781254
|switch|p1a: Thundurus|Thundurus-Therian, M|100/100
|move|p2a: Mamoswine|Knock Off|p1a: Thundurus
|-damage|p1a: Thundurus|17/100
|-enditem|p1a: Thundurus|Heavy-Duty Boots|[from] move: Knock Off|[of] p2a: Mamoswine
|
|upkeep
|turn|21
|
|t:|1665781261
|switch|p2a: Slowking|Slowking, M|100/100 tox
|move|p1a: Thundurus|Psychic|p2a: Slowking
|-resisted|p2a: Slowking
|-damage|p2a: Slowking|87/100 tox
|
|-damage|p2a: Slowking|81/100 tox|[from] psn
|upkeep
|turn|22
|
|t:|1665781266
|move|p1a: Thundurus|Thunderbolt|p2a: Slowking
|-supereffective|p2a: Slowking
|-damage|p2a: Slowking|0 fnt
|faint|p2a: Slowking
|
|upkeep
|
|t:|1665781271
|switch|p2a: Nihilego|Nihilego|100/100
|turn|23
|
|t:|1665781287
|move|p2a: Nihilego|Meteor Beam||[still]
|-prepare|p2a: Nihilego|Meteor Beam
|-boost|p2a: Nihilego|spa|1
|-enditem|p2a: Nihilego|Power Herb
|-anim|p2a: Nihilego|Meteor Beam|p1a: Thundurus
|-supereffective|p1a: Thundurus
|-damage|p1a: Thundurus|0 fnt
|faint|p1a: Thundurus
|-ability|p2a: Nihilego|Beast Boost|boost
|-boost|p2a: Nihilego|spe|1
|
|upkeep
|
|t:|1665781289
|switch|p1a: Dhelmise|Dhelmise|68/100
|turn|24
|
|t:|1665781294
|move|p2a: Nihilego|Sludge Wave|p1a: Dhelmise
|-damage|p1a: Dhelmise|5/100
|move|p1a: Dhelmise|Power Whip|p2a: Nihilego
|-damage|p2a: Nihilego|19/100
|
|upkeep
|turn|25
|
|t:|1665781306
|move|p2a: Nihilego|Sludge Wave|p1a: Dhelmise
|-damage|p1a: Dhelmise|0 fnt
|faint|p1a: Dhelmise
|-ability|p2a: Nihilego|Beast Boost|boost
|-boost|p2a: Nihilego|spe|1
|
|upkeep
|
|t:|1665781308
|switch|p1a: Entei|Entei|76/100
|turn|26
|c|☆Fudarus|Tg
|c|☆CryNow%|gg
|c|☆Fudarus|Gg
|
|t:|1665781317
|move|p1a: Entei|Extreme Speed|p2a: Nihilego
|-resisted|p2a: Nihilego
|-damage|p2a: Nihilego|0 fnt
|faint|p2a: Nihilego
|
|upkeep
|
|t:|1665781319
|switch|p2a: Mamoswine|Mamoswine, M|37/100
|turn|27
|
|t:|1665781324
|move|p1a: Entei|Extreme Speed|p2a: Mamoswine
|-crit|p2a: Mamoswine
|-damage|p2a: Mamoswine|0 fnt
|faint|p2a: Mamoswine
|
|win|CryNow%
|raw|CryNow%'s rating: 1355 &rarr; <strong>1389</strong><br />(+34 for winning)
|raw|Fudarus's rating: 1648 &rarr; <strong>1614</strong><br />(-34 for losing)
|c|☆Fudarus|For years i will wonder how tf did it live
|c|☆CryNow%|what thing?
|c|☆Fudarus|Dhel
|c|☆CryNow%|oh
||Ladder isn't responding, score probably updated but might not have (Request timeout).
