|j|☆jeza.p
|j|☆congelateur-sama
|t:|1648378037
|gametype|singles
|player|p1|jeza.p|lusamine|
|player|p2|congelateur-sama|#fcpl4raichicheurs|
|teamsize|p1|6
|teamsize|p2|6
|gen|8
|tier|[Gen 8] UU
|rule|Sleep Clause Mod: Limit one foe put to sleep
|rule|Species Clause: Limit one of each Pokémon
|rule|OHKO Clause: OHKO moves are banned
|rule|Evasion Moves Clause: Evasion moves are banned
|rule|Endless Battle Clause: Forcing endless battles is banned
|rule|HP Percentage Mod: HP is shown in percentages
|rule|Dynamax Clause: You cannot dynamax
|clearpoke
|poke|p1|Mamoswine, M|
|poke|p1|Azelf|
|poke|p1|Zarude|
|poke|p1|Chansey, F|
|poke|p1|Crobat, M|
|poke|p1|Primarina, F|
|poke|p2|Excadrill, F|
|poke|p2|Moltres-Galar|
|poke|p2|Mimikyu, F|
|poke|p2|Aegislash, M|
|poke|p2|Azelf|
|poke|p2|Jirachi|
|teampreview
|c|☆congelateur-sama|hf
|c|☆jeza.p|hf
|j| The Delta Maybca☆〜
|l| The Delta Maybca☆〜
|j| Chose Truc ☆
|j| Lauriane
|j| Cherbou
|j| Misabi
|j| Wedjene
|j| Gataen42
|j| Axfquaza
|j| MS3D
|j| AzZoCcX
|j| Alkione
|j| KalinAng3L
|c| Gataen42|10-1 ou 9-2 la réponse maintenant
|j| Boulicrok
|c|☆congelateur-sama|gataen tu en cb ?
|c|☆congelateur-sama|0-0
|c|☆congelateur-sama|ah oui
|j| marklanders9
|c| Gataen42|100 % de winrate en tout cas moi
|c| Alkione|GO ELODIE
|j| vico25
|c|☆congelateur-sama|wtf elodie
|inactive|Battle timer is ON: inactive players will automatically lose when time's up. (requested by congelateur-sama)
|
|t:|1648378193
|start
|switch|p1a: Zarude|Zarude|100/100
|switch|p2a: Excadrill|Excadrill, F|100/100
|-ability|p2a: Excadrill|Mold Breaker
|turn|1
|
|t:|1648378200
|move|p1a: Zarude|Power Whip|p2a: Excadrill|[miss]
|-miss|p1a: Zarude|p2a: Excadrill
|move|p2a: Excadrill|Stealth Rock|p1a: Zarude
|-sidestart|p1: jeza.p|move: Stealth Rock
|
|upkeep
|turn|2
|j| Toadow
|c| Alkione|Dodged ^^
|c| Wedjene|honteux ce t1
|c| Gataen42|bahahah
|j| Wabane ☯
|c| Boulicrok|:congeluck:
|c|☆congelateur-sama|ben voyons
|c| Gataen42|il y a des moments ou je dois me taire
|
|t:|1648378229
|move|p1a: Zarude|Power Whip|p2a: Excadrill
|-damage|p2a: Excadrill|11/100
|move|p2a: Excadrill|Rock Tomb|p1a: Zarude
|-damage|p1a: Zarude|80/100
|-unboost|p1a: Zarude|spe|1
|
|upkeep
|turn|3
|c| Chose Truc ☆|c'est h0nteux
|c| Alkione|oui y en a beaucoup gataen.........
|c| Gataen42|ouai.....
|inactive|jeza.p has 270 seconds left.
|
|t:|1648378254
|move|p2a: Excadrill|Rock Tomb|p1a: Zarude
|-damage|p1a: Zarude|61/100
|-unboost|p1a: Zarude|spe|1
|move|p1a: Zarude|Darkest Lariat|p2a: Excadrill
|-damage|p2a: Excadrill|0 fnt
|faint|p2a: Excadrill
|
|upkeep
|j| The Delta Maybca☆〜
|l| Axfquaza
|inactive|congelateur-sama has 270 seconds left.
|l| Cherbou
|inactive|congelateur-sama has 240 seconds left.
|
|t:|1648378323
|switch|p2a: Jirachi|Jirachi|100/100
|turn|4
|inactive|jeza.p has 270 seconds left.
|inactive|jeza.p has 240 seconds left.
|j| Flex OKLM
|l| The Delta Maybca☆〜
|inactive|jeza.p has 210 seconds left.
|inactive|jeza.p has 180 seconds left.
|
|t:|1648378426
|switch|p1a: Chansey|Chansey, F|100/100
|-damage|p1a: Chansey|88/100|[from] Stealth Rock
|move|p2a: Jirachi|U-turn|p1a: Chansey
|-damage|p1a: Chansey|75/100
|inactive|congelateur-sama has 240 seconds left.
|j| Le Dieun ❤ notor
|inactive|congelateur-sama has 210 seconds left.
|j| Broken Chen
|j| Icadis 4
|j| Astreau
|j| Greycat01
|inactive|congelateur-sama has 180 seconds left.
|
|t:|1648378511
|switch|p2a: Aegislash|Aegislash, M|100/100|[from]move: U-turn
|
|upkeep
|turn|5
|inactive|jeza.p has 180 seconds left.
|c| Greycat01|Go DS
|inactive|jeza.p has 150 seconds left.
|inactive|congelateur-sama has 150 seconds left.
|l| Icadis 4
|inactive|jeza.p has 120 seconds left.
|j| HaxxSel♔
|l| Chose Truc ☆
|
|t:|1648378598
|-formechange|p2a: Aegislash|Aegislash-Blade||[from] ability: Stance Change
|move|p2a: Aegislash|Close Combat|p1a: Chansey
|-supereffective|p1a: Chansey
|-damage|p1a: Chansey|14/100
|-unboost|p2a: Aegislash|def|1
|-unboost|p2a: Aegislash|spd|1
|move|p1a: Chansey|Teleport|p1a: Chansey
|j| Ryuji-Sensei
|j| Alzozo
|j| Yolej
|inactive|jeza.p has 90 seconds left.
|inactive|jeza.p has 60 seconds left.
|
|t:|1648378663
|switch|p1a: Azelf|Azelf|100/100|[from]move: Teleport
|
|upkeep
|turn|6
|j| Daruma
|inactive|congelateur-sama has 120 seconds left.
|
|t:|1648378694
|switch|p2a: Moltres|Moltres-Galar|100/100
|move|p1a: Azelf|Knock Off|p2a: Moltres
|-resisted|p2a: Moltres
|-damage|p2a: Moltres|84/100
|-enditem|p2a: Moltres|Chesto Berry|[from] move: Knock Off|[of] p1a: Azelf
|
|upkeep
|turn|7
|inactive|congelateur-sama has 120 seconds left.
|j| ZoneSmasH
|l| Alzozo
|
|t:|1648378718
|move|p1a: Azelf|U-turn|p2a: Moltres
|-damage|p2a: Moltres|61/100
|
|t:|1648378721
|switch|p1a: Primarina|Primarina, F|100/100|[from]move: U-turn
|-damage|p1a: Primarina|88/100|[from] Stealth Rock
|move|p2a: Moltres|Nasty Plot|p2a: Moltres
|-boost|p2a: Moltres|spa|2
|
|-heal|p1a: Primarina|94/100|[from] item: Leftovers
|upkeep
|turn|8
|
|t:|1648378729
|move|p2a: Moltres|Air Slash|p1a: Primarina
|-damage|p1a: Primarina|33/100
|move|p1a: Primarina|Moonblast|p2a: Moltres
|-supereffective|p2a: Moltres
|-damage|p2a: Moltres|0 fnt
|faint|p2a: Moltres
|
|-heal|p1a: Primarina|39/100|[from] item: Leftovers
|upkeep
|l| AzZoCcX
|j| AzZoCcX
|j| Alzozo
|inactive|congelateur-sama has 90 seconds left.
|inactive|congelateur-sama has 60 seconds left.
|j| Chose Truc ☆
|l| Le Dieun ❤ notor
|j| Draph
|j| Micciu20250
|inactive|congelateur-sama has 30 seconds left.
|
|t:|1648378824
|switch|p2a: Azelf|Azelf|100/100
|turn|9
|l| Greycat01
|inactive|jeza.p has 60 seconds left.
|j| iNastyy
|inactive|congelateur-sama has 30 seconds left.
|l| Ryuji-Sensei
|inactive|jeza.p has 30 seconds left.
|
|t:|1648378865
|move|p2a: Azelf|Energy Ball|p1a: Primarina
|-supereffective|p1a: Primarina
|-damage|p1a: Primarina|0 fnt
|faint|p1a: Primarina
|
|upkeep
|inactive|jeza.p has 30 seconds left this turn.
|j| Ryuji-Sensei
|inactive|jeza.p has 20 seconds left.
|
|t:|1648378879
|switch|p1a: Crobat|Crobat, M|100/100
|turn|10
|inactive|jeza.p has 30 seconds left this turn.
|
|t:|1648378885
|move|p1a: Crobat|U-turn|p2a: Azelf
|-supereffective|p2a: Azelf
|-damage|p2a: Azelf|42/100
|inactive|jeza.p has 30 seconds left this turn.
|
|t:|1648378895
|switch|p1a: Chansey|Chansey, F|14/100|[from]move: U-turn
|-damage|p1a: Chansey|1/100|[from] Stealth Rock
|move|p2a: Azelf|Fire Blast|p1a: Chansey
|-damage|p1a: Chansey|0 fnt
|faint|p1a: Chansey
|
|upkeep
|inactive|jeza.p has 30 seconds left this turn.
|l| Astreau
|j| Mattakata
|
|t:|1648378902
|switch|p1a: Crobat|Crobat, M|100/100
|turn|11
|j|%iron☂water ♫
|inactive|jeza.p has 30 seconds left.
|j| P.Otaku ☯
|
|t:|1648378917
|switch|p2a: Jirachi|Jirachi|100/100
|move|p1a: Crobat|U-turn|p2a: Jirachi
|-damage|p2a: Jirachi|82/100
|inactive|jeza.p has 30 seconds left this turn.
|inactive|jeza.p has 20 seconds left.
|
|t:|1648378930
|switch|p1a: Azelf|Azelf|100/100|[from]move: U-turn
|
|upkeep
|turn|12
|inactive|jeza.p has 30 seconds left this turn.
|
|t:|1648378936
|move|p2a: Jirachi|U-turn|p1a: Azelf
|-supereffective|p1a: Azelf
|-damage|p1a: Azelf|41/100
|inactive|jeza.p has 30 seconds left this turn.
|
|t:|1648378941
|switch|p2a: Azelf|Azelf|42/100|[from]move: U-turn
|move|p1a: Azelf|Knock Off|p2a: Azelf
|-supereffective|p2a: Azelf
|-damage|p2a: Azelf|0 fnt
|-enditem|p2a: Azelf|Expert Belt|[from] move: Knock Off|[of] p1a: Azelf
|faint|p2a: Azelf
|
|upkeep
|
|t:|1648378942
|switch|p2a: Jirachi|Jirachi|82/100
|turn|13
|c| Mattakata|scarf rachi does it again lmaoo
|inactive|jeza.p has 30 seconds left.
|j| Sharow 水上
|inactive|jeza.p has 20 seconds left.
|inactive|jeza.p has 15 seconds left.
|
|t:|1648378977
|move|p2a: Jirachi|Iron Head|p1a: Azelf
|-damage|p1a: Azelf|0 fnt
|faint|p1a: Azelf
|
|upkeep
|inactive|jeza.p has 20 seconds left this turn.
|inactive|jeza.p has 15 seconds left.
|
|t:|1648378983
|switch|p1a: Crobat|Crobat, M|100/100
|turn|14
|inactive|jeza.p has 25 seconds left this turn.
|inactive|jeza.p has 20 seconds left.
|inactive|jeza.p has 15 seconds left.
|
|t:|1648378993
|move|p2a: Jirachi|Iron Head|p1a: Crobat
|-damage|p1a: Crobat|58/100
|move|p1a: Crobat|Roost|p1a: Crobat
|-heal|p1a: Crobat|100/100
|-singleturn|p1a: Crobat|move: Roost
|
|upkeep
|turn|15
|inactive|jeza.p has 25 seconds left this turn.
|
|t:|1648378996
|move|p2a: Jirachi|Iron Head|p1a: Crobat
|-damage|p1a: Crobat|59/100
|move|p1a: Crobat|Roost|p1a: Crobat
|-heal|p1a: Crobat|100/100
|-singleturn|p1a: Crobat|move: Roost
|
|upkeep
|turn|16
|c| Draph|Les teams steel less ..
|
|t:|1648379000
|move|p2a: Jirachi|Iron Head|p1a: Crobat
|-damage|p1a: Crobat|62/100
|move|p1a: Crobat|Roost|p1a: Crobat
|-heal|p1a: Crobat|100/100
|-singleturn|p1a: Crobat|move: Roost
|
|upkeep
|turn|17
|j| Kssr ミ
|
|t:|1648379005
|move|p2a: Jirachi|Iron Head|p1a: Crobat
|-damage|p1a: Crobat|62/100
|move|p1a: Crobat|Roost|p1a: Crobat
|-heal|p1a: Crobat|100/100
|-singleturn|p1a: Crobat|move: Roost
|
|upkeep
|turn|18
|c| Mattakata|Tu vas en parler dans ton bouquin ?
|
|t:|1648379016
|move|p2a: Jirachi|Iron Head|p1a: Crobat
|-damage|p1a: Crobat|61/100
|move|p1a: Crobat|Brave Bird|p2a: Jirachi
|-resisted|p2a: Jirachi
|-damage|p2a: Jirachi|58/100
|-damage|p1a: Crobat|54/100|[from] Recoil
|
|upkeep
|turn|19
|
|t:|1648379020
|switch|p2a: Aegislash|Aegislash, M|100/100
|move|p1a: Crobat|Roost|p1a: Crobat
|-heal|p1a: Crobat|100/100
|-singleturn|p1a: Crobat|move: Roost
|
|upkeep
|turn|20
|inactive|jeza.p has 60 seconds left.
|
|t:|1648379053
|move|p1a: Crobat|U-turn|p2a: Aegislash
|-resisted|p2a: Aegislash
|-damage|p2a: Aegislash|97/100
|
|t:|1648379058
|switch|p1a: Zarude|Zarude|61/100|[from]move: U-turn
|move|p2a: Aegislash|Swords Dance|p2a: Aegislash
|-boost|p2a: Aegislash|atk|2
|
|-heal|p2a: Aegislash|100/100|[from] item: Leftovers
|upkeep
|turn|21
|
|t:|1648379063
|move|p1a: Zarude|Darkest Lariat|p2a: Aegislash
|-supereffective|p2a: Aegislash
|-damage|p2a: Aegislash|21/100
|-formechange|p2a: Aegislash|Aegislash-Blade||[from] ability: Stance Change
|move|p2a: Aegislash|Close Combat|p1a: Zarude
|-supereffective|p1a: Zarude
|-damage|p1a: Zarude|0 fnt
|-unboost|p2a: Aegislash|def|1
|-unboost|p2a: Aegislash|spd|1
|faint|p1a: Zarude
|
|-heal|p2a: Aegislash|28/100|[from] item: Leftovers
|upkeep
|l| Kssr ミ
|
|t:|1648379068
|switch|p1a: Mamoswine|Mamoswine, M|100/100
|-damage|p1a: Mamoswine|88/100|[from] Stealth Rock
|turn|22
|l| Alzozo
|inactive|congelateur-sama has 180 seconds left.
|j| Greycat01
|inactive|congelateur-sama has 150 seconds left.
|
|t:|1648379113
|-formechange|p2a: Aegislash|Aegislash||[from] ability: Stance Change
|move|p2a: Aegislash|King's Shield|p2a: Aegislash
|-singleturn|p2a: Aegislash|Protect
|move|p1a: Mamoswine|Earthquake|p2a: Aegislash
|-activate|p2a: Aegislash|move: Protect
|
|-heal|p2a: Aegislash|34/100|[from] item: Leftovers
|upkeep
|turn|23
|l| Sharow 水上
|inactive|congelateur-sama has 150 seconds left.
|inactive|congelateur-sama has 120 seconds left.
|
|t:|1648379170
|-formechange|p2a: Aegislash|Aegislash-Blade||[from] ability: Stance Change
|move|p2a: Aegislash|Shadow Sneak|p1a: Mamoswine
|-damage|p1a: Mamoswine|37/100
|move|p1a: Mamoswine|Earthquake|p2a: Aegislash
|-supereffective|p2a: Aegislash
|-damage|p2a: Aegislash|0 fnt
|faint|p2a: Aegislash
|
|upkeep
|j| Sharow 水上
|inactive|congelateur-sama has 90 seconds left.
|j| Kssr ミ
|inactive|congelateur-sama has 60 seconds left.
|l| Sharow 水上
|l| Draph
|j| Heorem
|j| Bulgroz
|
|t:|1648379232
|switch|p2a: Mimikyu|Mimikyu, F|100/100
|turn|24
|l| Yolej
|j| Sharow 水上
|j| Draph
|l| Draph
|inactive|congelateur-sama has 30 seconds left.
|
|t:|1648379266
|move|p1a: Mamoswine|Ice Shard|p2a: Mimikyu
|-activate|p2a: Mimikyu|ability: Disguise
|-damage|p2a: Mimikyu|100/100
|detailschange|p2a: Mimikyu|Mimikyu-Busted, F
|-damage|p2a: Mimikyu|88/100|[from] pokemon: Mimikyu-Busted
|move|p2a: Mimikyu|Swords Dance|p2a: Mimikyu
|-boost|p2a: Mimikyu|atk|2
|
|upkeep
|turn|25
|j| Yolej
|inactive|congelateur-sama has 30 seconds left.
|inactive|jeza.p has 60 seconds left.
|
|t:|1648379294
|move|p2a: Mimikyu|Shadow Sneak|p1a: Mamoswine
|-damage|p1a: Mamoswine|0 fnt
|faint|p1a: Mamoswine
|-damage|p2a: Mimikyu|78/100|[from] item: Life Orb
|
|upkeep
|inactive|congelateur-sama has 30 seconds left this turn.
|j| Draph
|
|t:|1648379314
|switch|p1a: Crobat|Crobat, M|100/100
|turn|26
|l| Draph
|inactive|jeza.p has 30 seconds left.
|j| noahbaggins
|
|t:|1648379338
|move|p2a: Mimikyu|Shadow Sneak|p1a: Crobat
|-damage|p1a: Crobat|50/100
|-damage|p2a: Mimikyu|68/100|[from] item: Life Orb
|move|p1a: Crobat|Brave Bird|p2a: Mimikyu
|-damage|p2a: Mimikyu|0 fnt
|faint|p2a: Mimikyu
|-damage|p1a: Crobat|34/100|[from] Recoil
|
|upkeep
|inactive|jeza.p has 30 seconds left this turn.
|l| Daruma
|
|t:|1648379346
|switch|p2a: Jirachi|Jirachi|58/100
|turn|27
|c|☆congelateur-sama|gg
|
|t:|1648379356
|move|p2a: Jirachi|Iron Head|p1a: Crobat
|-damage|p1a: Crobat|0 fnt
|faint|p1a: Crobat
|
|win|congelateur-sama
|c|☆jeza.p|gg
|l| Micciu20250
|l| ZoneSmasH
|l| Greycat01
|l| marklanders9
|l| Wedjene
|l| Flex OKLM
|l| HaxxSel♔
|l| iNastyy
|l| Gataen42
|l| Sharow 水上
|l| Mattakata
|l| P.Otaku ☯
|l|%iron☂water ♫
|l| noahbaggins
|l| Misabi
|j| PE MarioReL
|l| Ryuji-Sensei
|l| PE MarioReL
|j| P.Otaku ☯
|l| P.Otaku ☯
|l| Yolej
