|j|☆Peaker
|j|☆Low Ladder Terror
|t:|1606864724
|player|p1|Peaker|elesa|
|player|p2|Low Ladder Terror|teamrocket|
|teamsize|p1|6
|teamsize|p2|6
|gametype|singles
|gen|8
|tier|[Gen 8] UU
|rated|Tournament battle
|clearpoke
|poke|p1|Chansey, F|
|poke|p1|Quagsire, M|
|poke|p1|Jirachi|
|poke|p1|Palossand, F|
|poke|p1|Amoonguss, F|
|poke|p1|Salamence, F|
|poke|p2|Ninetales-Alola, F|
|poke|p2|Blaziken, F|
|poke|p2|Krookodile, F|
|poke|p2|Azumarill, F|
|poke|p2|Celesteela|
|poke|p2|Salamence, M|
|rule|Sleep Clause Mod: Limit one foe put to sleep
|rule|Species Clause: Limit one of each Pokémon
|rule|OHKO Clause: OHKO moves are banned
|rule|Evasion Moves Clause: Evasion moves are banned
|rule|Endless Battle Clause: Forcing endless battles is banned
|rule|HP Percentage Mod: HP is shown in percentages
|rule|Dynamax Clause: You cannot dynamax
|teampreview
|inactive|Battle timer is ON: inactive players will automatically lose when time's up. (requested by Low Ladder Terror)
|j| Lowtierviper
|
|t:|1606864752
|start
|switch|p1a: Jirachi|Jirachi|100/100
|switch|p2a: Krookodile|Krookodile, F|100/100
|-ability|p2a: Krookodile|Intimidate|boost
|-unboost|p1a: Jirachi|atk|1
|turn|1
|
|t:|1606864755
|switch|p1a: Palossand|Palossand, F|100/100
|move|p2a: Krookodile|Knock Off|p1a: Palossand
|-supereffective|p1a: Palossand
|-enditem|p1a: Palossand|Colbur Berry|[eat]
|-enditem|p1a: Palossand|Colbur Berry|[weaken]
|-damage|p1a: Palossand|69/100
|
|upkeep
|turn|2
|
|t:|1606864760
|move|p2a: Krookodile|Taunt|p1a: Palossand
|-start|p1a: Palossand|move: Taunt
|cant|p1a: Palossand|move: Taunt|Shore Up
|
|upkeep
|turn|3
|
|t:|1606864763
|move|p2a: Krookodile|Stealth Rock|p1a: Palossand
|-sidestart|p1: Peaker|move: Stealth Rock
|move|p1a: Palossand|Scorching Sands|p2a: Krookodile
|-damage|p2a: Krookodile|66/100
|-status|p2a: Krookodile|brn
|
|-damage|p2a: Krookodile|60/100 brn|[from] brn
|upkeep
|turn|4
|
|t:|1606864783
|switch|p2a: Ninetales|Ninetales-Alola, F|100/100
|-weather|Hail|[from] ability: Snow Warning|[of] p2a: Ninetales
|switch|p1a: Amoonguss|Amoonguss, F|100/100
|-damage|p1a: Amoonguss|88/100|[from] Stealth Rock
|
|-weather|Hail|[upkeep]
|-damage|p1a: Amoonguss|82/100|[from] Hail
|-heal|p1a: Amoonguss|88/100|[from] item: Black Sludge
|upkeep
|turn|5
|
|t:|1606864788
|switch|p1a: Jirachi|Jirachi|100/100
|-damage|p1a: Jirachi|94/100|[from] Stealth Rock
|move|p2a: Ninetales|Aurora Veil|p2a: Ninetales
|-sidestart|p2: Low Ladder Terror|move: Aurora Veil
|
|-weather|Hail|[upkeep]
|-damage|p1a: Jirachi|88/100|[from] Hail
|-heal|p1a: Jirachi|94/100|[from] item: Leftovers
|upkeep
|turn|6
|
|t:|1606864804
|switch|p2a: Blaziken|Blaziken, F|100/100
|move|p1a: Jirachi|Wish|p1a: Jirachi
|
|-weather|Hail|[upkeep]
|-damage|p2a: Blaziken|95/100|[from] Hail
|-damage|p1a: Jirachi|88/100|[from] Hail
|-heal|p1a: Jirachi|94/100|[from] item: Leftovers
|upkeep
|turn|7
|
|t:|1606864811
|switch|p1a: Palossand|Palossand, F|69/100
|-damage|p1a: Palossand|63/100|[from] Stealth Rock
|move|p2a: Blaziken|Swords Dance|p2a: Blaziken
|-boost|p2a: Blaziken|atk|2
|
|-weather|Hail|[upkeep]
|-damage|p2a: Blaziken|89/100|[from] Hail
|-damage|p1a: Palossand|57/100|[from] Hail
|-heal|p1a: Palossand|100/100|[from] move: Wish|[wisher] Jirachi
|-ability|p2a: Blaziken|Speed Boost|boost
|-boost|p2a: Blaziken|spe|1
|upkeep
|turn|8
|
|t:|1606864818
|move|p2a: Blaziken|Blaze Kick|p1a: Palossand
|-damage|p1a: Palossand|35/100
|-damage|p2a: Blaziken|79/100|[from] item: Life Orb
|move|p1a: Palossand|Toxic|p2a: Blaziken
|-status|p2a: Blaziken|tox
|
|-weather|none
|-damage|p2a: Blaziken|73/100 tox|[from] psn
|-ability|p2a: Blaziken|Speed Boost|boost
|-boost|p2a: Blaziken|spe|1
|upkeep
|turn|9
|
|t:|1606864826
|switch|p1a: Salamence|Salamence, F|100/100
|-ability|p1a: Salamence|Intimidate|boost
|-unboost|p2a: Blaziken|atk|1
|move|p2a: Blaziken|Close Combat|p1a: Salamence
|-resisted|p1a: Salamence
|-damage|p1a: Salamence|59/100
|-unboost|p2a: Blaziken|def|1
|-unboost|p2a: Blaziken|spd|1
|-damage|p2a: Blaziken|63/100 tox|[from] item: Life Orb
|
|-damage|p2a: Blaziken|51/100 tox|[from] psn
|-ability|p2a: Blaziken|Speed Boost|boost
|-boost|p2a: Blaziken|spe|1
|upkeep
|turn|10
|inactive|Low Ladder Terror has 120 seconds left.
|
|t:|1606864867
|switch|p1a: Palossand|Palossand, F|35/100
|-damage|p1a: Palossand|29/100|[from] Stealth Rock
|move|p2a: Blaziken|Close Combat|p1a: Palossand
|-immune|p1a: Palossand
|
|-damage|p2a: Blaziken|33/100 tox|[from] psn
|-ability|p2a: Blaziken|Speed Boost|boost
|-boost|p2a: Blaziken|spe|1
|upkeep
|turn|11
|
|t:|1606864873
|move|p2a: Blaziken|Blaze Kick|p1a: Palossand
|-damage|p1a: Palossand|0 fnt
|-damage|p2a: Blaziken|23/100 tox|[from] item: Life Orb
|faint|p1a: Palossand
|
|-damage|p2a: Blaziken|0 fnt|[from] psn
|faint|p2a: Blaziken
|upkeep
|inactive|Low Ladder Terror has 120 seconds left.
|
|t:|1606864900
|switch|p2a: Krookodile|Krookodile, F|60/100 brn
|switch|p1a: Salamence|Salamence, F|59/100
|-ability|p2a: Krookodile|Intimidate|boost
|-unboost|p1a: Salamence|atk|1
|-ability|p1a: Salamence|Intimidate|boost
|-unboost|p2a: Krookodile|atk|1
|turn|12
|
|t:|1606864906
|move|p2a: Krookodile|Taunt|p1a: Salamence
|-start|p1a: Salamence|move: Taunt
|cant|p1a: Salamence|move: Taunt|Roost
|
|-damage|p2a: Krookodile|54/100 brn|[from] brn
|-sideend|p2: Low Ladder Terror|move: Aurora Veil
|upkeep
|turn|13
|
|t:|1606864911
|switch|p1a: Amoonguss|Amoonguss, F|100/100
|-damage|p1a: Amoonguss|88/100|[from] Stealth Rock
|move|p2a: Krookodile|Knock Off|p1a: Amoonguss
|-damage|p1a: Amoonguss|76/100
|-enditem|p1a: Amoonguss|Black Sludge|[from] move: Knock Off|[of] p2a: Krookodile
|
|-damage|p2a: Krookodile|48/100 brn|[from] brn
|upkeep
|turn|14
|
|t:|1606864921
|switch|p2a: Ninetales|Ninetales-Alola, F|100/100
|-weather|Hail|[from] ability: Snow Warning|[of] p2a: Ninetales
|move|p1a: Amoonguss|Giga Drain|p2a: Ninetales
|-damage|p2a: Ninetales|78/100
|-heal|p1a: Amoonguss|85/100|[from] drain|[of] p2a: Ninetales
|
|-weather|Hail|[upkeep]
|-damage|p1a: Amoonguss|79/100|[from] Hail
|upkeep
|turn|15
|
|t:|1606864928
|switch|p1a: Jirachi|Jirachi|94/100
|-damage|p1a: Jirachi|88/100|[from] Stealth Rock
|move|p2a: Ninetales|Encore||[still]
|-fail|p2a: Ninetales
|
|-weather|Hail|[upkeep]
|-damage|p1a: Jirachi|82/100|[from] Hail
|-heal|p1a: Jirachi|88/100|[from] item: Leftovers
|upkeep
|turn|16
|
|t:|1606864931
|move|p2a: Ninetales|Aurora Veil|p2a: Ninetales
|-sidestart|p2: Low Ladder Terror|move: Aurora Veil
|move|p1a: Jirachi|Wish|p1a: Jirachi
|
|-weather|Hail|[upkeep]
|-damage|p1a: Jirachi|82/100|[from] Hail
|-heal|p1a: Jirachi|88/100|[from] item: Leftovers
|upkeep
|turn|17
|
|t:|1606864935
|move|p2a: Ninetales|Moonblast|p1a: Jirachi
|-resisted|p1a: Jirachi
|-damage|p1a: Jirachi|80/100
|move|p1a: Jirachi|U-turn|p2a: Ninetales
|-resisted|p2a: Ninetales
|-damage|p2a: Ninetales|73/100
|
|t:|1606864937
|switch|p1a: Salamence|Salamence, F|59/100|[from]move: U-turn
|-ability|p1a: Salamence|Intimidate|boost
|-unboost|p2a: Ninetales|atk|1
|
|-weather|Hail|[upkeep]
|-damage|p1a: Salamence|53/100|[from] Hail
|-heal|p1a: Salamence|100/100|[from] move: Wish|[wisher] Jirachi
|upkeep
|turn|18
|
|t:|1606864941
|switch|p1a: Jirachi|Jirachi|80/100
|-damage|p1a: Jirachi|74/100|[from] Stealth Rock
|move|p2a: Ninetales|Hypnosis|p1a: Jirachi|[miss]
|-miss|p2a: Ninetales|p1a: Jirachi
|
|-weather|none
|-heal|p1a: Jirachi|80/100|[from] item: Leftovers
|upkeep
|turn|19
|
|t:|1606864948
|move|p2a: Ninetales|Hypnosis|p1a: Jirachi
|-status|p1a: Jirachi|slp|[from] move: Hypnosis
|cant|p1a: Jirachi|slp
|
|-heal|p1a: Jirachi|86/100 slp|[from] item: Leftovers
|upkeep
|turn|20
|
|t:|1606864952
|switch|p2a: Azumarill|Azumarill, F|100/100
|-curestatus|p1a: Jirachi|slp|[msg]
|move|p1a: Jirachi|Iron Head|p2a: Azumarill
|-damage|p2a: Azumarill|84/100
|
|-heal|p1a: Jirachi|92/100|[from] item: Leftovers
|upkeep
|turn|21
|
|t:|1606864957
|switch|p1a: Amoonguss|Amoonguss, F|100/100
|-damage|p1a: Amoonguss|88/100|[from] Stealth Rock
|move|p2a: Azumarill|Belly Drum|p2a: Azumarill
|-damage|p2a: Azumarill|34/100
|-setboost|p2a: Azumarill|atk|6|[from] move: Belly Drum
|-enditem|p2a: Azumarill|Sitrus Berry|[eat]
|-heal|p2a: Azumarill|59/100|[from] item: Sitrus Berry
|
|upkeep
|turn|22
|
|t:|1606864960
|switch|p1a: Quagsire|Quagsire, M|100/100
|-damage|p1a: Quagsire|94/100|[from] Stealth Rock
|move|p2a: Azumarill|Knock Off|p1a: Quagsire
|-damage|p1a: Quagsire|68/100
|-enditem|p1a: Quagsire|Leftovers|[from] move: Knock Off|[of] p2a: Azumarill
|
|upkeep
|turn|23
|
|t:|1606864963
|move|p2a: Azumarill|Play Rough|p1a: Quagsire
|-damage|p1a: Quagsire|26/100
|move|p1a: Quagsire|Recover|p1a: Quagsire
|-heal|p1a: Quagsire|76/100
|
|-sideend|p2: Low Ladder Terror|move: Aurora Veil
|upkeep
|turn|24
|
|t:|1606864967
|move|p2a: Azumarill|Play Rough|p1a: Quagsire
|-damage|p1a: Quagsire|36/100
|move|p1a: Quagsire|Recover|p1a: Quagsire
|-heal|p1a: Quagsire|86/100
|
|upkeep
|turn|25
|
|t:|1606864973
|move|p2a: Azumarill|Play Rough|p1a: Quagsire|[miss]
|-miss|p2a: Azumarill|p1a: Quagsire
|move|p1a: Quagsire|Recover|p1a: Quagsire
|-heal|p1a: Quagsire|100/100
|
|upkeep
|turn|26
|
|t:|1606864978
|move|p2a: Azumarill|Play Rough|p1a: Quagsire
|-damage|p1a: Quagsire|61/100
|move|p1a: Quagsire|Toxic|p2a: Azumarill
|-status|p2a: Azumarill|tox
|
|-damage|p2a: Azumarill|53/100 tox|[from] psn
|upkeep
|turn|27
|
|t:|1606864988
|move|p2a: Azumarill|Play Rough|p1a: Quagsire
|-damage|p1a: Quagsire|19/100
|move|p1a: Quagsire|Recover|p1a: Quagsire
|-heal|p1a: Quagsire|69/100
|
|-damage|p2a: Azumarill|40/100 tox|[from] psn
|upkeep
|turn|28
|
|t:|1606864993
|move|p2a: Azumarill|Play Rough|p1a: Quagsire
|-damage|p1a: Quagsire|29/100
|move|p1a: Quagsire|Recover|p1a: Quagsire
|-heal|p1a: Quagsire|79/100
|
|-damage|p2a: Azumarill|22/100 tox|[from] psn
|upkeep
|turn|29
|
|t:|1606865000
|switch|p2a: Ninetales|Ninetales-Alola, F|73/100
|-weather|Hail|[from] ability: Snow Warning|[of] p2a: Ninetales
|move|p1a: Quagsire|Recover|p1a: Quagsire
|-heal|p1a: Quagsire|100/100
|
|-weather|Hail|[upkeep]
|-damage|p1a: Quagsire|94/100|[from] Hail
|upkeep
|turn|30
|
|t:|1606865007
|switch|p1a: Jirachi|Jirachi|92/100
|-damage|p1a: Jirachi|86/100|[from] Stealth Rock
|move|p2a: Ninetales|Aurora Veil|p2a: Ninetales
|-sidestart|p2: Low Ladder Terror|move: Aurora Veil
|
|-weather|Hail|[upkeep]
|-damage|p1a: Jirachi|80/100|[from] Hail
|-heal|p1a: Jirachi|86/100|[from] item: Leftovers
|upkeep
|turn|31
|
|t:|1606865022
|move|p2a: Ninetales|Hypnosis|p1a: Jirachi
|-status|p1a: Jirachi|slp|[from] move: Hypnosis
|cant|p1a: Jirachi|slp
|
|-weather|Hail|[upkeep]
|-damage|p1a: Jirachi|80/100 slp|[from] Hail
|-heal|p1a: Jirachi|86/100 slp|[from] item: Leftovers
|upkeep
|turn|32
|
|t:|1606865028
|switch|p2a: Salamence|Salamence, M|100/100
|cant|p1a: Jirachi|slp
|
|-weather|Hail|[upkeep]
|-damage|p2a: Salamence|94/100|[from] Hail
|-damage|p1a: Jirachi|80/100 slp|[from] Hail
|-heal|p1a: Jirachi|86/100 slp|[from] item: Leftovers
|upkeep
|turn|33
|
|t:|1606865034
|switch|p1a: Amoonguss|Amoonguss, F|100/100
|-damage|p1a: Amoonguss|88/100|[from] Stealth Rock
|move|p2a: Salamence|Outrage|p1a: Amoonguss
|-damage|p1a: Amoonguss|37/100
|
|-weather|none
|upkeep
|turn|34
|
|t:|1606865047
|move|p2a: Salamence|Outrage|p1a: Amoonguss|[from]lockedmove
|-damage|p1a: Amoonguss|0 fnt
|-start|p2a: Salamence|confusion|[fatigue]
|faint|p1a: Amoonguss
|-ability|p2a: Salamence|Moxie|boost
|-boost|p2a: Salamence|atk|1
|-enditem|p2a: Salamence|Lum Berry|[eat]
|-end|p2a: Salamence|confusion
|
|upkeep
|j| IstanGen4
|
|t:|1606865058
|switch|p1a: Quagsire|Quagsire, M|94/100
|-damage|p1a: Quagsire|88/100|[from] Stealth Rock
|turn|35
|l| IstanGen4
|
|t:|1606865062
|move|p2a: Salamence|Outrage|p1a: Quagsire
|-damage|p1a: Quagsire|40/100
|move|p1a: Quagsire|Recover|p1a: Quagsire
|-heal|p1a: Quagsire|90/100
|
|upkeep
|turn|36
|
|t:|1606865067
|move|p2a: Salamence|Outrage|p1a: Quagsire|[from]lockedmove
|-damage|p1a: Quagsire|46/100
|move|p1a: Quagsire|Recover|p1a: Quagsire
|-heal|p1a: Quagsire|96/100
|
|upkeep
|turn|37
|
|t:|1606865071
|move|p2a: Salamence|Outrage|p1a: Quagsire|[from]lockedmove
|-damage|p1a: Quagsire|49/100
|-start|p2a: Salamence|confusion|[fatigue]
|move|p1a: Quagsire|Recover|p1a: Quagsire
|-heal|p1a: Quagsire|99/100
|
|-sideend|p2: Low Ladder Terror|move: Aurora Veil
|upkeep
|turn|38
|
|t:|1606865086
|switch|p2a: Celesteela|Celesteela, shiny|100/100
|move|p1a: Quagsire|Toxic|p2a: Celesteela
|-immune|p2a: Celesteela
|
|upkeep
|turn|39
|
|t:|1606865094
|switch|p2a: Krookodile|Krookodile, F|48/100 brn
|-ability|p2a: Krookodile|Intimidate|boost
|-unboost|p1a: Quagsire|atk|1
|switch|p1a: Salamence|Salamence, F|100/100
|-ability|p1a: Salamence|Intimidate|boost
|-unboost|p2a: Krookodile|atk|1
|
|-damage|p2a: Krookodile|42/100 brn|[from] brn
|upkeep
|turn|40
|
|t:|1606865105
|move|p2a: Krookodile|Knock Off|p1a: Salamence
|-damage|p1a: Salamence|89/100
|-enditem|p1a: Salamence|Heavy-Duty Boots|[from] move: Knock Off|[of] p2a: Krookodile
|move|p1a: Salamence|Flamethrower|p2a: Krookodile
|-damage|p2a: Krookodile|10/100 brn
|
|-damage|p2a: Krookodile|4/100 brn|[from] brn
|upkeep
|turn|41
|
|t:|1606865112
|move|p2a: Krookodile|Taunt|p1a: Salamence
|-start|p1a: Salamence|move: Taunt
|cant|p1a: Salamence|move: Taunt|Defog
|
|-damage|p2a: Krookodile|0 fnt|[from] brn
|faint|p2a: Krookodile
|upkeep
|
|t:|1606865129
|switch|p2a: Salamence|Salamence, M|94/100
|turn|42
|
|t:|1606865134
|switch|p1a: Jirachi|Jirachi|86/100 slp
|-damage|p1a: Jirachi|80/100 slp|[from] Stealth Rock
|move|p2a: Salamence|Earthquake|p1a: Jirachi
|-supereffective|p1a: Jirachi
|-damage|p1a: Jirachi|23/100 slp
|
|-heal|p1a: Jirachi|30/100 slp|[from] item: Leftovers
|upkeep
|turn|43
|
|t:|1606865143
|-curestatus|p1a: Jirachi|slp|[msg]
|move|p1a: Jirachi|Protect|p1a: Jirachi
|-singleturn|p1a: Jirachi|Protect
|move|p2a: Salamence|Outrage|p1a: Jirachi
|-activate|p1a: Jirachi|move: Protect
|
|-heal|p1a: Jirachi|36/100|[from] item: Leftovers
|upkeep
|turn|44
|
|t:|1606865155
|switch|p1a: Salamence|Salamence, F|89/100
|-damage|p1a: Salamence|64/100|[from] Stealth Rock
|-ability|p1a: Salamence|Intimidate|boost
|-unboost|p2a: Salamence|atk|1
|move|p2a: Salamence|Earthquake|p1a: Salamence
|-immune|p1a: Salamence
|
|upkeep
|turn|45
|
|t:|1606865163
|switch|p1a: Quagsire|Quagsire, M|99/100
|-damage|p1a: Quagsire|93/100|[from] Stealth Rock
|move|p2a: Salamence|Outrage|p1a: Quagsire
|-damage|p1a: Quagsire|45/100
|
|upkeep
|turn|46
|
|t:|1606865167
|move|p2a: Salamence|Outrage|p1a: Quagsire|[from]lockedmove
|-damage|p1a: Quagsire|3/100
|move|p1a: Quagsire|Recover|p1a: Quagsire
|-heal|p1a: Quagsire|53/100
|
|upkeep
|turn|47
|
|t:|1606865171
|move|p2a: Salamence|Outrage|p1a: Quagsire|[from]lockedmove
|-damage|p1a: Quagsire|11/100
|-start|p2a: Salamence|confusion|[fatigue]
|move|p1a: Quagsire|Recover|p1a: Quagsire
|-heal|p1a: Quagsire|61/100
|
|upkeep
|turn|48
|
|t:|1606865181
|switch|p2a: Ninetales|Ninetales-Alola, F|73/100
|-weather|Hail|[from] ability: Snow Warning|[of] p2a: Ninetales
|move|p1a: Quagsire|Recover|p1a: Quagsire
|-heal|p1a: Quagsire|100/100
|
|-weather|Hail|[upkeep]
|-damage|p1a: Quagsire|94/100|[from] Hail
|upkeep
|turn|49
|
|t:|1606865189
|switch|p1a: Chansey|Chansey, F|100/100
|-damage|p1a: Chansey|88/100|[from] Stealth Rock
|move|p2a: Ninetales|Moonblast|p1a: Chansey
|-damage|p1a: Chansey|79/100
|
|-weather|Hail|[upkeep]
|-damage|p1a: Chansey|73/100|[from] Hail
|upkeep
|turn|50
|
|t:|1606865205
|move|p2a: Ninetales|Moonblast|p1a: Chansey
|-damage|p1a: Chansey|64/100
|-unboost|p1a: Chansey|spa|1
|move|p1a: Chansey|Toxic|p2a: Ninetales
|-status|p2a: Ninetales|tox
|
|-weather|Hail|[upkeep]
|-damage|p1a: Chansey|58/100|[from] Hail
|-damage|p2a: Ninetales|67/100 tox|[from] psn
|upkeep
|turn|51
|
|t:|1606865208
|move|p2a: Ninetales|Encore|p1a: Chansey
|-start|p1a: Chansey|Encore
|move|p1a: Chansey|Toxic|p2a: Ninetales
|-fail|p2a: Ninetales|tox
|
|-weather|Hail|[upkeep]
|-damage|p1a: Chansey|52/100|[from] Hail
|-damage|p2a: Ninetales|55/100 tox|[from] psn
|upkeep
|turn|52
|
|t:|1606865214
|switch|p1a: Jirachi|Jirachi|36/100
|-damage|p1a: Jirachi|30/100|[from] Stealth Rock
|move|p2a: Ninetales|Moonblast|p1a: Jirachi
|-resisted|p1a: Jirachi
|-damage|p1a: Jirachi|21/100
|-unboost|p1a: Jirachi|spa|1
|
|-weather|none
|-heal|p1a: Jirachi|28/100|[from] item: Leftovers
|-damage|p2a: Ninetales|37/100 tox|[from] psn
|upkeep
|turn|53
|c| Lowtierviper|stall vs sweppers + veil
|inactive|Low Ladder Terror has 120 seconds left.
|
|t:|1606865257
|move|p2a: Ninetales|Hypnosis|p1a: Jirachi|[miss]
|-miss|p2a: Ninetales|p1a: Jirachi
|move|p1a: Jirachi|Wish|p1a: Jirachi
|
|-heal|p1a: Jirachi|34/100|[from] item: Leftovers
|-damage|p2a: Ninetales|13/100 tox|[from] psn
|upkeep
|turn|54
|
|t:|1606865266
|move|p1a: Jirachi|Protect|p1a: Jirachi
|-singleturn|p1a: Jirachi|Protect
|move|p2a: Ninetales|Encore|p1a: Jirachi
|-activate|p1a: Jirachi|move: Protect
|
|-heal|p1a: Jirachi|84/100|[from] move: Wish|[wisher] Jirachi
|-heal|p1a: Jirachi|90/100|[from] item: Leftovers
|-damage|p2a: Ninetales|0 fnt|[from] psn
|faint|p2a: Ninetales
|upkeep
|
|t:|1606865284
|switch|p2a: Celesteela|Celesteela, shiny|100/100
|turn|55
|
|t:|1606865289
|move|p1a: Jirachi|Wish|p1a: Jirachi
|move|p2a: Celesteela|Meteor Beam||[still]
|-prepare|p2a: Celesteela|Meteor Beam
|-boost|p2a: Celesteela|spa|1
|-enditem|p2a: Celesteela|Power Herb
|-anim|p2a: Celesteela|Meteor Beam|p1a: Jirachi
|-resisted|p1a: Jirachi
|-crit|p1a: Jirachi
|-damage|p1a: Jirachi|63/100
|
|-heal|p1a: Jirachi|69/100|[from] item: Leftovers
|upkeep
|turn|56
|
|t:|1606865296
|move|p1a: Jirachi|U-turn|p2a: Celesteela
|-resisted|p2a: Celesteela
|-damage|p2a: Celesteela|97/100
|
|t:|1606865297
|switch|p1a: Chansey|Chansey, F|52/100|[from]move: U-turn
|-damage|p1a: Chansey|39/100|[from] Stealth Rock
|move|p2a: Celesteela|Meteor Beam||[still]
|-prepare|p2a: Celesteela|Meteor Beam
|-boost|p2a: Celesteela|spa|1
|
|-heal|p1a: Chansey|68/100|[from] move: Wish|[wisher] Jirachi
|upkeep
|turn|57
|
|t:|1606865301
|move|p2a: Celesteela|Meteor Beam|p1a: Chansey|[from]lockedmove
|-damage|p1a: Chansey|44/100
|move|p1a: Chansey|Soft-Boiled|p1a: Chansey
|-heal|p1a: Chansey|94/100
|
|upkeep
|turn|58
|
|t:|1606865306
|move|p2a: Celesteela|Air Slash|p1a: Chansey
|-damage|p1a: Chansey|72/100
|cant|p1a: Chansey|flinch
|
|upkeep
|turn|59
|
|t:|1606865311
|move|p2a: Celesteela|Air Slash|p1a: Chansey
|-damage|p1a: Chansey|50/100
|move|p1a: Chansey|Seismic Toss|p2a: Celesteela
|-damage|p2a: Celesteela|67/100
|
|upkeep
|turn|60
|
|t:|1606865316
|move|p2a: Celesteela|Air Slash|p1a: Chansey
|-damage|p1a: Chansey|28/100
|move|p1a: Chansey|Soft-Boiled|p1a: Chansey
|-heal|p1a: Chansey|78/100
|
|upkeep
|turn|61
|
|t:|1606865322
|move|p2a: Celesteela|Air Slash|p1a: Chansey
|-damage|p1a: Chansey|56/100
|move|p1a: Chansey|Seismic Toss|p2a: Celesteela
|-damage|p2a: Celesteela|37/100
|
|upkeep
|turn|62
|
|t:|1606865327
|move|p2a: Celesteela|Air Slash|p1a: Chansey
|-damage|p1a: Chansey|35/100
|cant|p1a: Chansey|flinch
|
|upkeep
|turn|63
|
|t:|1606865332
|move|p2a: Celesteela|Air Slash|p1a: Chansey
|-damage|p1a: Chansey|15/100
|cant|p1a: Chansey|flinch
|
|upkeep
|turn|64
|c| Lowtierviper|oof
|
|t:|1606865339
|move|p2a: Celesteela|Air Slash|p1a: Chansey
|-damage|p1a: Chansey|0 fnt
|faint|p1a: Chansey
|-ability|p2a: Celesteela|Beast Boost|boost
|-boost|p2a: Celesteela|spa|1
|
|upkeep
|
|t:|1606865344
|switch|p1a: Salamence|Salamence, F|64/100
|-damage|p1a: Salamence|40/100|[from] Stealth Rock
|-ability|p1a: Salamence|Intimidate|boost
|-unboost|p2a: Celesteela|atk|1
|turn|65
|inactive|Low Ladder Terror has 120 seconds left.
|inactive|Low Ladder Terror has 90 seconds left.
|
|t:|1606865423
|move|p2a: Celesteela|Air Slash|p1a: Salamence
|-damage|p1a: Salamence|0 fnt
|faint|p1a: Salamence
|-ability|p2a: Celesteela|Beast Boost|boost
|-boost|p2a: Celesteela|spa|1
|
|upkeep
|
|t:|1606865428
|switch|p1a: Quagsire|Quagsire, M|94/100
|-damage|p1a: Quagsire|88/100|[from] Stealth Rock
|turn|66
|
|t:|1606865433
|move|p2a: Celesteela|Air Slash|p1a: Quagsire
|-damage|p1a: Quagsire|45/100
|move|p1a: Quagsire|Scald|p2a: Celesteela
|-damage|p2a: Celesteela|20/100
|
|upkeep
|turn|67
|inactive|Low Ladder Terror has 90 seconds left.
|
|t:|1606865439
|move|p2a: Celesteela|Air Slash|p1a: Quagsire
|-damage|p1a: Quagsire|3/100
|move|p1a: Quagsire|Recover|p1a: Quagsire
|-heal|p1a: Quagsire|53/100
|
|upkeep
|turn|68
|
|t:|1606865444
|switch|p1a: Jirachi|Jirachi|69/100
|-damage|p1a: Jirachi|63/100|[from] Stealth Rock
|move|p2a: Celesteela|Air Slash|p1a: Jirachi
|-resisted|p1a: Jirachi
|-damage|p1a: Jirachi|32/100
|
|-heal|p1a: Jirachi|38/100|[from] item: Leftovers
|upkeep
|turn|69
|
|t:|1606865455
|move|p1a: Jirachi|Iron Head|p2a: Celesteela
|-resisted|p2a: Celesteela
|-damage|p2a: Celesteela|6/100
|move|p2a: Celesteela|Fire Blast|p1a: Jirachi|[miss]
|-miss|p2a: Celesteela|p1a: Jirachi
|
|-heal|p1a: Jirachi|44/100|[from] item: Leftovers
|upkeep
|turn|70
|j| mr. nosynergy
|
|t:|1606865461
|move|p1a: Jirachi|Iron Head|p2a: Celesteela
|-resisted|p2a: Celesteela
|-damage|p2a: Celesteela|0 fnt
|faint|p2a: Celesteela
|
|-heal|p1a: Jirachi|50/100|[from] item: Leftovers
|upkeep
|j| Adrift & Rising
|
|t:|1606865464
|switch|p2a: Salamence|Salamence, M|94/100
|turn|71
|
|t:|1606865469
|move|p2a: Salamence|Earthquake|p1a: Jirachi
|-supereffective|p1a: Jirachi
|-damage|p1a: Jirachi|0 fnt
|faint|p1a: Jirachi
|-ability|p2a: Salamence|Moxie|boost
|-boost|p2a: Salamence|atk|1
|
|upkeep
|
|t:|1606865471
|switch|p1a: Quagsire|Quagsire, M|53/100
|-damage|p1a: Quagsire|46/100|[from] Stealth Rock
|turn|72
|
|t:|1606865477
|move|p2a: Salamence|Outrage|p1a: Quagsire
|-damage|p1a: Quagsire|0 fnt
|faint|p1a: Quagsire
|
|win|Low Ladder Terror
|n|☆Peaker|peaker
|n|☆Low Ladder Terror|lowladderterror
|n| Lowtierviper|lowtierviper
|n| mr. nosynergy|mrnosynergy
|n| Adrift & Rising|adriftrising
|c|☆Peaker|lame
|l|☆Peaker
|c|☆Low Ladder Terror|lame what
|c| Lowtierviper|i mean you stalled all game
|c|☆Low Ladder Terror|lol
|c| Lowtierviper|talking about lame lmfao
|c|☆Low Ladder Terror|callin me lame
