|raw|<div class="broadcast-blue"><strong>This battle is required to be public due to a player having a name starting with 'UULT81x'.</div>
|j|☆use zygod
|j|☆UULT81x Drei
|t:|1621784379
|gametype|singles
|player|p1|use zygod|265|1277
|player|p2|UULT81x Drei|cynthia|1348
|teamsize|p1|6
|teamsize|p2|6
|gen|8
|tier|[Gen 8] UU
|rated|
|rule|Sleep Clause Mod: Limit one foe put to sleep
|rule|Species Clause: Limit one of each Pokémon
|rule|OHKO Clause: OHKO moves are banned
|rule|Evasion Moves Clause: Evasion moves are banned
|rule|Endless Battle Clause: Forcing endless battles is banned
|rule|HP Percentage Mod: HP is shown in percentages
|rule|Dynamax Clause: You cannot dynamax
|clearpoke
|poke|p1|Zygarde-10%|
|poke|p1|Scizor, M|
|poke|p1|Moltres|
|poke|p1|Mew|
|poke|p1|Kommo-o, M|
|poke|p1|Primarina, F|
|poke|p2|Lycanroc-Dusk, M|
|poke|p2|Scizor, M|
|poke|p2|Chandelure, F|
|poke|p2|Rotom-Wash|
|poke|p2|Rhyperior, F|
|poke|p2|Zarude|
|teampreview
|
|t:|1621784391
|start
|switch|p1a: Mew|Mew|100/100
|switch|p2a: Zarude|Zarude|100/100
|turn|1
|inactive|Battle timer is ON: inactive players will automatically lose when time's up. (requested by use zygod)
|
|t:|1621784400
|move|p2a: Zarude|U-turn|p1a: Mew
|-supereffective|p1a: Mew
|-damage|p1a: Mew|58/100
|
|t:|1621784406
|switch|p2a: Chandelure|Chandelure, F|100/100|[from]move: U-turn
|move|p1a: Mew|Spikes|p2a: Chandelure
|-sidestart|p2: UULT81x Drei|Spikes
|
|-heal|p1a: Mew|64/100|[from] item: Leftovers
|upkeep
|turn|2
|
|t:|1621784414
|switch|p1a: Kommo-o|Kommo-o, M|100/100
|switch|p2a: Zarude|Zarude|100/100
|-damage|p2a: Zarude|88/100|[from] Spikes
|
|upkeep
|turn|3
|
|t:|1621784426
|move|p2a: Zarude|U-turn|p1a: Kommo-o
|-resisted|p1a: Kommo-o
|-damage|p1a: Kommo-o|93/100
|-damage|p2a: Zarude|72/100|[from] item: Rocky Helmet|[of] p1a: Kommo-o
|
|t:|1621784429
|switch|p2a: Rotom|Rotom-Wash|100/100|[from]move: U-turn
|move|p1a: Kommo-o|Body Press|p2a: Rotom
|-damage|p2a: Rotom|54/100
|
|-heal|p2a: Rotom|60/100|[from] item: Leftovers
|upkeep
|turn|4
|
|t:|1621784443
|move|p2a: Rotom|Will-O-Wisp|p1a: Kommo-o
|-status|p1a: Kommo-o|brn
|move|p1a: Kommo-o|Toxic|p2a: Rotom
|-status|p2a: Rotom|tox
|
|-heal|p2a: Rotom|66/100 tox|[from] item: Leftovers
|-damage|p2a: Rotom|60/100 tox|[from] psn
|-damage|p1a: Kommo-o|87/100 brn|[from] brn
|upkeep
|turn|5
|
|t:|1621784450
|move|p2a: Rotom|Defog|p1a: Kommo-o
|-unboost|p1a: Kommo-o|evasion|1
|-sideend|p2: UULT81x Drei|Spikes|[from] move: Defog|[of] p2a: Rotom
|move|p1a: Kommo-o|Stealth Rock|p2a: Rotom
|-sidestart|p2: UULT81x Drei|move: Stealth Rock
|
|-heal|p2a: Rotom|66/100 tox|[from] item: Leftovers
|-damage|p2a: Rotom|54/100 tox|[from] psn
|-damage|p1a: Kommo-o|81/100 brn|[from] brn
|upkeep
|turn|6
|
|t:|1621784457
|move|p2a: Rotom|Defog|p1a: Kommo-o
|-unboost|p1a: Kommo-o|evasion|1
|-sideend|p2: UULT81x Drei|Stealth Rock|[from] move: Defog|[of] p2a: Rotom
|move|p1a: Kommo-o|Stealth Rock|p2a: Rotom
|-sidestart|p2: UULT81x Drei|move: Stealth Rock
|
|-heal|p2a: Rotom|60/100 tox|[from] item: Leftovers
|-damage|p2a: Rotom|41/100 tox|[from] psn
|-damage|p1a: Kommo-o|75/100 brn|[from] brn
|upkeep
|turn|7
|
|t:|1621784461
|move|p2a: Rotom|Volt Switch|p1a: Kommo-o
|-resisted|p1a: Kommo-o
|-damage|p1a: Kommo-o|63/100 brn
|
|t:|1621784470
|switch|p2a: Lycanroc|Lycanroc-Dusk, M|100/100|[from]move: Volt Switch
|-damage|p2a: Lycanroc|88/100|[from] Stealth Rock
|move|p1a: Kommo-o|Stealth Rock||[still]
|-fail|p1a: Kommo-o
|
|-damage|p1a: Kommo-o|57/100 brn|[from] brn
|upkeep
|turn|8
|
|t:|1621784478
|move|p2a: Lycanroc|Psychic Fangs|p1a: Kommo-o
|-supereffective|p1a: Kommo-o
|-damage|p1a: Kommo-o|0 fnt
|-damage|p2a: Lycanroc|72/100|[from] item: Rocky Helmet|[of] p1a: Kommo-o
|faint|p1a: Kommo-o
|-damage|p2a: Lycanroc|62/100|[from] item: Life Orb
|
|upkeep
|
|t:|1621784486
|switch|p1a: Zygarde|Zygarde-10%|100/100
|-ability|p1a: Zygarde|Aura Break
|turn|9
|
|t:|1621784494
|switch|p2a: Zarude|Zarude|72/100
|-damage|p2a: Zarude|59/100|[from] Stealth Rock
|move|p1a: Zygarde|Outrage|p2a: Zarude
|-damage|p2a: Zarude|0 fnt
|faint|p2a: Zarude
|
|upkeep
|
|t:|1621784497
|switch|p2a: Scizor|Scizor, M|100/100
|-damage|p2a: Scizor|88/100|[from] Stealth Rock
|turn|10
|
|t:|1621784502
|move|p1a: Zygarde|Outrage|p2a: Scizor|[from]lockedmove
|-resisted|p2a: Scizor
|-damage|p2a: Scizor|42/100
|-start|p1a: Zygarde|confusion|[fatigue]
|move|p2a: Scizor|Knock Off|p1a: Zygarde
|-damage|p1a: Zygarde|32/100
|-enditem|p1a: Zygarde|Choice Band|[from] move: Knock Off|[of] p2a: Scizor
|
|upkeep
|turn|11
|
|t:|1621784513
|switch|p1a: Moltres|Moltres|100/100
|move|p2a: Scizor|Roost|p2a: Scizor
|-heal|p2a: Scizor|92/100
|-singleturn|p2a: Scizor|move: Roost
|
|upkeep
|turn|12
|
|t:|1621784519
|switch|p2a: Rotom|Rotom-Wash|41/100 tox
|-damage|p2a: Rotom|29/100 tox|[from] Stealth Rock
|move|p1a: Moltres|U-turn|p2a: Rotom
|-damage|p2a: Rotom|15/100 tox
|
|t:|1621784526
|switch|p1a: Zygarde|Zygarde-10%|32/100|[from]move: U-turn
|-ability|p1a: Zygarde|Aura Break
|
|-heal|p2a: Rotom|22/100 tox|[from] item: Leftovers
|-damage|p2a: Rotom|15/100 tox|[from] psn
|upkeep
|turn|13
|
|t:|1621784530
|switch|p2a: Scizor|Scizor, M|92/100
|-damage|p2a: Scizor|80/100|[from] Stealth Rock
|move|p1a: Zygarde|Thousand Arrows|p2a: Scizor
|-damage|p2a: Scizor|40/100
|
|upkeep
|turn|14
|
|t:|1621784538
|switch|p1a: Moltres|Moltres|100/100
|move|p2a: Scizor|Roost|p2a: Scizor
|-heal|p2a: Scizor|90/100
|-singleturn|p2a: Scizor|move: Roost
|
|upkeep
|turn|15
|
|t:|1621784546
|switch|p2a: Rhyperior|Rhyperior, F|100/100
|-damage|p2a: Rhyperior|94/100|[from] Stealth Rock
|move|p1a: Moltres|Flamethrower|p2a: Rhyperior
|-resisted|p2a: Rhyperior
|-damage|p2a: Rhyperior|74/100
|-status|p2a: Rhyperior|brn
|
|-heal|p2a: Rhyperior|80/100 brn|[from] item: Leftovers
|-damage|p2a: Rhyperior|74/100 brn|[from] brn
|upkeep
|turn|16
|
|t:|1621784555
|switch|p1a: Primarina|Primarina, F|100/100
|move|p2a: Rhyperior|Stealth Rock|p1a: Primarina
|-sidestart|p1: use zygod|move: Stealth Rock
|
|-heal|p2a: Rhyperior|80/100 brn|[from] item: Leftovers
|-damage|p2a: Rhyperior|74/100 brn|[from] brn
|upkeep
|turn|17
|
|t:|1621784567
|move|p1a: Primarina|Calm Mind|p1a: Primarina
|-boost|p1a: Primarina|spa|1
|-boost|p1a: Primarina|spd|1
|move|p2a: Rhyperior|Stone Edge|p1a: Primarina
|-crit|p1a: Primarina
|-damage|p1a: Primarina|67/100
|
|-heal|p1a: Primarina|73/100|[from] item: Leftovers
|-heal|p2a: Rhyperior|80/100 brn|[from] item: Leftovers
|-damage|p2a: Rhyperior|74/100 brn|[from] brn
|upkeep
|turn|18
|
|t:|1621784572
|move|p1a: Primarina|Scald|p2a: Rhyperior
|-supereffective|p2a: Rhyperior
|-damage|p2a: Rhyperior|0 fnt
|faint|p2a: Rhyperior
|
|-heal|p1a: Primarina|79/100|[from] item: Leftovers
|upkeep
|
|t:|1621784577
|switch|p2a: Scizor|Scizor, M|90/100
|-damage|p2a: Scizor|78/100|[from] Stealth Rock
|turn|19
|
|t:|1621784582
|move|p2a: Scizor|Bullet Punch|p1a: Primarina
|-damage|p1a: Primarina|52/100
|move|p1a: Primarina|Scald|p2a: Scizor
|-damage|p2a: Scizor|5/100
|
|-heal|p1a: Primarina|58/100|[from] item: Leftovers
|upkeep
|turn|20
|
|t:|1621784589
|move|p2a: Scizor|Bullet Punch|p1a: Primarina
|-damage|p1a: Primarina|31/100
|move|p1a: Primarina|Draining Kiss|p2a: Scizor
|-resisted|p2a: Scizor
|-damage|p2a: Scizor|0 fnt
|-heal|p1a: Primarina|34/100|[from] drain|[of] p2a: Scizor
|faint|p2a: Scizor
|
|-heal|p1a: Primarina|40/100|[from] item: Leftovers
|upkeep
|
|t:|1621784594
|switch|p2a: Chandelure|Chandelure, F|100/100
|turn|21
|
|t:|1621784598
|move|p2a: Chandelure|Toxic|p1a: Primarina
|-status|p1a: Primarina|tox
|move|p1a: Primarina|Scald|p2a: Chandelure
|-supereffective|p2a: Chandelure
|-damage|p2a: Chandelure|0 fnt
|faint|p2a: Chandelure
|
|-heal|p1a: Primarina|46/100 tox|[from] item: Leftovers
|-damage|p1a: Primarina|40/100 tox|[from] psn
|upkeep
|
|t:|1621784601
|switch|p2a: Lycanroc|Lycanroc-Dusk, M|62/100
|-damage|p2a: Lycanroc|49/100|[from] Stealth Rock
|turn|22
|
|t:|1621784607
|move|p2a: Lycanroc|Accelerock|p1a: Primarina
|-damage|p1a: Primarina|12/100 tox
|-damage|p2a: Lycanroc|39/100|[from] item: Life Orb
|move|p1a: Primarina|Scald|p2a: Lycanroc
|-supereffective|p2a: Lycanroc
|-damage|p2a: Lycanroc|0 fnt
|faint|p2a: Lycanroc
|
|-heal|p1a: Primarina|18/100 tox|[from] item: Leftovers
|-damage|p1a: Primarina|5/100 tox|[from] psn
|upkeep
|
|t:|1621784610
|switch|p2a: Rotom|Rotom-Wash|15/100 tox
|-damage|p2a: Rotom|3/100 tox|[from] Stealth Rock
|turn|23
|
|t:|1621784614
|move|p2a: Rotom|Volt Switch|p1a: Primarina
|-supereffective|p1a: Primarina
|-damage|p1a: Primarina|0 fnt
|faint|p1a: Primarina
|
|-heal|p2a: Rotom|9/100 tox|[from] item: Leftovers
|-damage|p2a: Rotom|3/100 tox|[from] psn
|upkeep
|
|t:|1621784622
|switch|p1a: Zygarde|Zygarde-10%|32/100
|-damage|p1a: Zygarde|26/100|[from] Stealth Rock
|-ability|p1a: Zygarde|Aura Break
|turn|24
|
|t:|1621784625
|move|p1a: Zygarde|Thousand Arrows|p2a: Rotom
|-supereffective|p2a: Rotom
|-damage|p2a: Rotom|0 fnt
|faint|p2a: Rotom
|
|win|use zygod
|raw|use zygod's rating: 1295 &rarr; <strong>1324</strong><br />(+29 for winning)
|raw|UULT81x Drei's rating: 1348 &rarr; <strong>1325</strong><br />(-23 for losing)
|l|☆UULT81x Drei
