|j|☆estarossa
|j|☆esqimo589
|t:|1662836025
|gametype|singles
|player|p1|estarossa|#estarossa|
|player|p2|esqimo589|n|
|teamsize|p1|6
|teamsize|p2|6
|gen|8
|tier|[Gen 8] UU
|rule|Sleep Clause Mod: Limit one foe put to sleep
|rule|Species Clause: Limit one of each Pokémon
|rule|OHKO Clause: OHKO moves are banned
|rule|Evasion Items Clause: Evasion items are banned
|rule|Evasion Moves Clause: Evasion moves are banned
|rule|Endless Battle Clause: Forcing endless battles is banned
|rule|HP Percentage Mod: HP is shown in percentages
|rule|Dynamax Clause: You cannot dynamax
|clearpoke
|poke|p1|Vanilluxe, M|
|poke|p1|Excadrill, F|
|poke|p1|Amoonguss, M|
|poke|p1|Cobalion|
|poke|p1|Slowking, M|
|poke|p1|Noivern, F|
|poke|p2|Slowbro-Galar, F|
|poke|p2|Diggersby, M|
|poke|p2|Cobalion|
|poke|p2|Tangrowth, F|
|poke|p2|Primarina, F|
|poke|p2|Salamence, F|
|teampreview
|inactive|Battle timer is ON: inactive players will automatically lose when time's up. (requested by esqimo589)
|c|☆esqimo589|gl
|
|t:|1662836041
|start
|switch|p1a: Noivern|Noivern, F|100/100
|switch|p2a: goat|Cobalion|100/100
|turn|1
|c|☆estarossa|u2
|
|t:|1662836053
|switch|p2a: quack|Primarina, F|100/100
|move|p1a: Noivern|U-turn|p2a: quack
|-resisted|p2a: quack
|-damage|p2a: quack|95/100
|
|t:|1662836056
|switch|p1a: Vanilluxe|Vanilluxe, M|100/100|[from]move: U-turn
|-weather|Hail|[from] ability: Snow Warning|[of] p1a: Vanilluxe
|
|-weather|Hail|[upkeep]
|-damage|p2a: quack|89/100|[from] Hail
|-heal|p2a: quack|95/100|[from] item: Leftovers
|upkeep
|turn|2
|inactive|esqimo589 has 270 seconds left.
|
|t:|1662836096
|move|p1a: Vanilluxe|Freeze-Dry|p2a: quack
|-supereffective|p2a: quack
|-damage|p2a: quack|22/100
|move|p2a: quack|Moonblast|p1a: Vanilluxe
|-damage|p1a: Vanilluxe|54/100
|
|-weather|Hail|[upkeep]
|-damage|p2a: quack|16/100|[from] Hail
|-heal|p2a: quack|22/100|[from] item: Leftovers
|upkeep
|turn|3
|
|t:|1662836124
|move|p1a: Vanilluxe|Freeze-Dry|p2a: quack
|-supereffective|p2a: quack
|-damage|p2a: quack|0 fnt
|faint|p2a: quack
|
|-weather|Hail|[upkeep]
|upkeep
|
|t:|1662836126
|switch|p2a: goat|Cobalion|100/100
|turn|4
|
|t:|1662836138
|switch|p1a: Amoonguss|Amoonguss, M|100/100
|move|p2a: goat|Stealth Rock|p1a: Amoonguss
|-sidestart|p1: estarossa|move: Stealth Rock
|
|-weather|Hail|[upkeep]
|-damage|p2a: goat|94/100|[from] Hail
|-damage|p1a: Amoonguss|94/100|[from] Hail
|-heal|p1a: Amoonguss|100/100|[from] item: Black Sludge
|upkeep
|turn|5
|inactive|esqimo589 has 270 seconds left.
|
|t:|1662836148
|move|p2a: goat|Volt Switch|p1a: Amoonguss
|-resisted|p1a: Amoonguss
|-damage|p1a: Amoonguss|94/100
|
|t:|1662836150
|switch|p2a: whiteeyesbluedrag|Salamence, F|100/100|[from]move: Volt Switch
|-ability|p2a: whiteeyesbluedrag|Intimidate|boost
|-unboost|p1a: Amoonguss|atk|1
|move|p1a: Amoonguss|Spore|p2a: whiteeyesbluedrag
|-status|p2a: whiteeyesbluedrag|slp|[from] move: Spore
|
|-weather|none
|-heal|p1a: Amoonguss|100/100|[from] item: Black Sludge
|upkeep
|turn|6
|
|t:|1662836157
|switch|p2a: headache|Slowbro-Galar, F|100/100
|move|p1a: Amoonguss|Stun Spore|p2a: headache|[miss]
|-miss|p1a: Amoonguss|p2a: headache
|
|upkeep
|turn|7
|
|t:|1662836167
|switch|p1a: Excadrill|Excadrill, F|100/100
|-damage|p1a: Excadrill|97/100|[from] Stealth Rock
|-ability|p1a: Excadrill|Mold Breaker
|move|p2a: headache|Calm Mind|p2a: headache
|-boost|p2a: headache|spa|1
|-boost|p2a: headache|spd|1
|
|-heal|p1a: Excadrill|100/100|[from] item: Leftovers
|upkeep
|turn|8
|
|t:|1662836172
|switch|p2a: whiteeyesbluedrag|Salamence, F|100/100 slp
|-ability|p2a: whiteeyesbluedrag|Intimidate|boost
|-unboost|p1a: Excadrill|atk|1
|move|p1a: Excadrill|Rapid Spin|p2a: whiteeyesbluedrag
|-damage|p2a: whiteeyesbluedrag|88/100 slp
|-boost|p1a: Excadrill|spe|1
|-sideend|p1: estarossa|Stealth Rock|[from] move: Rapid Spin|[of] p1a: Excadrill
|
|upkeep
|turn|9
|
|t:|1662836185
|switch|p1a: Noivern|Noivern, F|100/100
|switch|p2a: tangrussy|Tangrowth, F|100/100
|
|upkeep
|turn|10
|
|t:|1662836190
|move|p1a: Noivern|U-turn|p2a: tangrussy
|-supereffective|p2a: tangrussy
|-damage|p2a: tangrussy|85/100
|
|t:|1662836192
|switch|p1a: Cobalion|Cobalion|100/100|[from]move: U-turn
|move|p2a: tangrussy|Knock Off|p1a: Cobalion
|-resisted|p1a: Cobalion
|-damage|p1a: Cobalion|90/100
|-damage|p2a: tangrussy|69/100|[from] item: Rocky Helmet|[of] p1a: Cobalion
|-ability|p1a: Cobalion|Justified|boost
|-boost|p1a: Cobalion|atk|1
|-enditem|p1a: Cobalion|Rocky Helmet|[from] move: Knock Off|[of] p2a: tangrussy
|
|upkeep
|turn|11
|
|t:|1662836199
|switch|p2a: whiteeyesbluedrag|Salamence, F|88/100 slp
|-ability|p2a: whiteeyesbluedrag|Intimidate|boost
|-unboost|p1a: Cobalion|atk|1
|move|p1a: Cobalion|Stealth Rock|p2a: whiteeyesbluedrag
|-sidestart|p2: esqimo589|move: Stealth Rock
|
|upkeep
|turn|12
|
|t:|1662836208
|switch|p1a: Noivern|Noivern, F|100/100
|switch|p2a: big chungus|Diggersby, M|100/100
|-damage|p2a: big chungus|94/100|[from] Stealth Rock
|
|upkeep
|turn|13
|
|t:|1662836230
|move|p2a: big chungus|U-turn|p1a: Noivern
|-resisted|p1a: Noivern
|-damage|p1a: Noivern|82/100
|
|t:|1662836233
|switch|p2a: goat|Cobalion|94/100|[from]move: U-turn
|-damage|p2a: goat|91/100|[from] Stealth Rock
|move|p1a: Noivern|U-turn|p2a: goat
|-resisted|p2a: goat
|-damage|p2a: goat|89/100
|-damage|p1a: Noivern|66/100|[from] item: Rocky Helmet|[of] p2a: goat
|
|t:|1662836242
|switch|p1a: Slowking|Slowking, M|100/100|[from]move: U-turn
|
|upkeep
|turn|14
|
|t:|1662836250
|move|p2a: goat|Stealth Rock|p1a: Slowking
|-sidestart|p1: estarossa|move: Stealth Rock
|move|p1a: Slowking|Scald|p2a: goat
|-damage|p2a: goat|52/100
|-status|p2a: goat|brn
|
|-damage|p2a: goat|46/100 brn|[from] brn
|upkeep
|turn|15
|
|t:|1662836256
|move|p2a: goat|Volt Switch|p1a: Slowking
|-supereffective|p1a: Slowking
|-damage|p1a: Slowking|79/100
|
|t:|1662836260
|switch|p2a: tangrussy|Tangrowth, F|100/100|[from]move: Volt Switch
|-damage|p2a: tangrussy|88/100|[from] Stealth Rock
|move|p1a: Slowking|Teleport|p1a: Slowking
|
|t:|1662836271
|switch|p1a: Noivern|Noivern, F|66/100|[from]move: Teleport
|
|upkeep
|turn|16
|
|t:|1662836275
|move|p1a: Noivern|U-turn|p2a: tangrussy
|-supereffective|p2a: tangrussy
|-damage|p2a: tangrussy|72/100
|
|t:|1662836283
|switch|p1a: Amoonguss|Amoonguss, M|100/100|[from]move: U-turn
|-damage|p1a: Amoonguss|88/100|[from] Stealth Rock
|move|p2a: tangrussy|Knock Off|p1a: Amoonguss
|-damage|p1a: Amoonguss|72/100
|-enditem|p1a: Amoonguss|Black Sludge|[from] move: Knock Off|[of] p2a: tangrussy
|
|upkeep
|turn|17
|
|t:|1662836293
|switch|p2a: headache|Slowbro-Galar, F|100/100
|-damage|p2a: headache|88/100|[from] Stealth Rock
|move|p1a: Amoonguss|Foul Play|p2a: headache
|-supereffective|p2a: headache
|-enditem|p2a: headache|Colbur Berry|[eat]
|-enditem|p2a: headache|Colbur Berry|[weaken]
|-damage|p2a: headache|76/100
|
|upkeep
|turn|18
|
|t:|1662836296
|switch|p1a: Excadrill|Excadrill, F|100/100
|-damage|p1a: Excadrill|97/100|[from] Stealth Rock
|-ability|p1a: Excadrill|Mold Breaker
|move|p2a: headache|Calm Mind|p2a: headache
|-boost|p2a: headache|spa|1
|-boost|p2a: headache|spd|1
|
|-heal|p1a: Excadrill|100/100|[from] item: Leftovers
|upkeep
|turn|19
|
|t:|1662836302
|switch|p2a: tangrussy|Tangrowth, F|100/100
|-damage|p2a: tangrussy|88/100|[from] Stealth Rock
|move|p1a: Excadrill|Rapid Spin|p2a: tangrussy
|-damage|p2a: tangrussy|77/100
|-boost|p1a: Excadrill|spe|1
|-sideend|p1: estarossa|Stealth Rock|[from] move: Rapid Spin|[of] p1a: Excadrill
|
|upkeep
|turn|20
|
|t:|1662836310
|switch|p1a: Cobalion|Cobalion|90/100
|move|p2a: tangrussy|Earthquake|p1a: Cobalion
|-supereffective|p1a: Cobalion
|-damage|p1a: Cobalion|53/100
|
|upkeep
|turn|21
|
|t:|1662836319
|move|p1a: Cobalion|Swords Dance|p1a: Cobalion
|-boost|p1a: Cobalion|atk|2
|move|p2a: tangrussy|Earthquake|p1a: Cobalion
|-supereffective|p1a: Cobalion
|-damage|p1a: Cobalion|12/100
|
|upkeep
|turn|22
|
|t:|1662836326
|switch|p2a: goat|Cobalion|46/100 brn
|-damage|p2a: goat|43/100 brn|[from] Stealth Rock
|move|p1a: Cobalion|Close Combat|p2a: goat
|-supereffective|p2a: goat
|-damage|p2a: goat|0 fnt
|-unboost|p1a: Cobalion|def|1
|-unboost|p1a: Cobalion|spd|1
|-damage|p1a: Cobalion|0 fnt|[from] item: Rocky Helmet|[of] p2a: goat
|faint|p2a: goat
|faint|p1a: Cobalion
|
|upkeep
|
|t:|1662836335
|switch|p2a: big chungus|Diggersby, M|94/100
|switch|p1a: Slowking|Slowking, M|100/100
|-damage|p2a: big chungus|88/100|[from] Stealth Rock
|turn|23
|
|t:|1662836339
|move|p2a: big chungus|U-turn|p1a: Slowking
|-supereffective|p1a: Slowking
|-damage|p1a: Slowking|60/100
|
|t:|1662836345
|switch|p2a: headache|Slowbro-Galar, F|100/100|[from]move: U-turn
|-damage|p2a: headache|88/100|[from] Stealth Rock
|move|p1a: Slowking|Teleport|p1a: Slowking
|
|t:|1662836361
|switch|p1a: Vanilluxe|Vanilluxe, M|54/100|[from]move: Teleport
|-weather|Hail|[from] ability: Snow Warning|[of] p1a: Vanilluxe
|
|-weather|Hail|[upkeep]
|-damage|p2a: headache|82/100|[from] Hail
|upkeep
|turn|24
|
|t:|1662836367
|switch|p2a: whiteeyesbluedrag|Salamence, F|88/100 slp
|-ability|p2a: whiteeyesbluedrag|Intimidate|boost
|-unboost|p1a: Vanilluxe|atk|1
|move|p1a: Vanilluxe|Blizzard|p2a: whiteeyesbluedrag
|-supereffective|p2a: whiteeyesbluedrag
|-damage|p2a: whiteeyesbluedrag|0 fnt
|faint|p2a: whiteeyesbluedrag
|
|-weather|Hail|[upkeep]
|upkeep
|
|t:|1662836370
|switch|p2a: big chungus|Diggersby, M|88/100
|-damage|p2a: big chungus|82/100|[from] Stealth Rock
|turn|25
|
|t:|1662836385
|switch|p1a: Noivern|Noivern, F|66/100
|move|p2a: big chungus|Body Slam|p1a: Noivern
|-damage|p1a: Noivern|1/100
|
|-weather|Hail|[upkeep]
|-damage|p2a: big chungus|76/100|[from] Hail
|-damage|p1a: Noivern|0 fnt|[from] Hail
|faint|p1a: Noivern
|upkeep
|
|t:|1662836391
|switch|p1a: Amoonguss|Amoonguss, M|100/100
|turn|26
|
|t:|1662836408
|move|p2a: big chungus|Body Slam|p1a: Amoonguss
|-damage|p1a: Amoonguss|61/100
|move|p1a: Amoonguss|Spore|p2a: big chungus
|-status|p2a: big chungus|slp|[from] move: Spore
|
|-weather|Hail|[upkeep]
|-damage|p2a: big chungus|70/100 slp|[from] Hail
|-damage|p1a: Amoonguss|55/100|[from] Hail
|upkeep
|turn|27
|
|t:|1662836414
|switch|p1a: Slowking|Slowking, M|94/100
|cant|p2a: big chungus|slp
|
|-weather|none
|upkeep
|turn|28
|
|t:|1662836417
|switch|p2a: tangrussy|Tangrowth, F|100/100
|-damage|p2a: tangrussy|88/100|[from] Stealth Rock
|move|p1a: Slowking|Teleport|p1a: Slowking
|
|t:|1662836419
|switch|p1a: Vanilluxe|Vanilluxe, M|54/100|[from]move: Teleport
|-weather|Hail|[from] ability: Snow Warning|[of] p1a: Vanilluxe
|
|-weather|Hail|[upkeep]
|-damage|p2a: tangrussy|82/100|[from] Hail
|upkeep
|turn|29
|
|t:|1662836423
|move|p1a: Vanilluxe|Blizzard|p2a: tangrussy
|-supereffective|p2a: tangrussy
|-damage|p2a: tangrussy|0 fnt
|faint|p2a: tangrussy
|
|-weather|Hail|[upkeep]
|upkeep
|
|t:|1662836426
|switch|p2a: headache|Slowbro-Galar, F|100/100
|-damage|p2a: headache|88/100|[from] Stealth Rock
|turn|30
|
|t:|1662836429
|move|p1a: Vanilluxe|Blizzard|p2a: headache
|-damage|p2a: headache|0 fnt
|faint|p2a: headache
|
|-weather|Hail|[upkeep]
|upkeep
|
|t:|1662836430
|switch|p2a: big chungus|Diggersby, M|70/100 slp
|-damage|p2a: big chungus|64/100 slp|[from] Stealth Rock
|turn|31
|
|t:|1662836434
|-curestatus|p2a: big chungus|slp|[msg]
|move|p2a: big chungus|Earthquake|p1a: Vanilluxe
|-damage|p1a: Vanilluxe|0 fnt
|faint|p1a: Vanilluxe
|
|-weather|Hail|[upkeep]
|-damage|p2a: big chungus|58/100|[from] Hail
|upkeep
|
|t:|1662836438
|switch|p1a: Slowking|Slowking, M|100/100
|turn|32
|
|t:|1662836440
|move|p2a: big chungus|Earthquake|p1a: Slowking
|-damage|p1a: Slowking|57/100
|move|p1a: Slowking|Scald|p2a: big chungus
|-supereffective|p2a: big chungus
|-damage|p2a: big chungus|0 fnt
|faint|p2a: big chungus
|
|win|estarossa
|c|☆estarossa|gg
|c|☆esqimo589|gg
|l|☆esqimo589
