|j|☆Fairlumbo
|j|☆Christo
|player|p1|Fairlumbo|209|1372
|player|p2|Christo|#christothegr8|1477
|teamsize|p1|6
|teamsize|p2|6
|gametype|singles
|gen|8
|tier|[Gen 8] UU
|rated|
|html|<div class="broadcast-blue"><strong>UU is currently suspecting Haxorus! For information on how to participate check out the <a href="https://www.smogon.com/forums/threads/3664575/">suspect thread</a>.</strong></div>
|clearpoke
|poke|p1|Pangoro, F|
|poke|p1|Gigalith, F|
|poke|p1|Flygon, M|
|poke|p1|Rotom-Wash|
|poke|p1|Doublade, F|
|poke|p1|Weezing-Galar, M|
|poke|p2|Machamp, F|
|poke|p2|Incineroar, F|
|poke|p2|Sylveon, F|
|poke|p2|Rotom-Wash|
|poke|p2|Noivern, F|
|poke|p2|Bronzong|
|rule|Sleep Clause Mod: Limit one foe put to sleep
|rule|Species Clause: Limit one of each Pokémon
|rule|OHKO Clause: OHKO moves are banned
|rule|Evasion Moves Clause: Evasion moves are banned
|rule|Endless Battle Clause: Forcing endless battles is banned
|rule|HP Percentage Mod: HP is shown in percentages
|rule|Dynamax Clause: You cannot dynamax
|teampreview
|
|start
|switch|p1a: Pangoro|Pangoro, F|100/100
|switch|p2a: Machamp|Machamp, F|100/100
|turn|1
|
|switch|p1a: Weezing|Weezing-Galar, M|100/100
|move|p2a: Machamp|Dynamic Punch|p1a: Weezing
|-resisted|p1a: Weezing
|-crit|p1a: Weezing
|-damage|p1a: Weezing|80/100
|-start|p1a: Weezing|confusion
|
|-heal|p1a: Weezing|86/100|[from] item: Black Sludge
|upkeep
|turn|2
|
|-activate|p1a: Weezing|confusion
|move|p1a: Weezing|Strange Steam|p2a: Machamp
|-supereffective|p2a: Machamp
|-damage|p2a: Machamp|50/100
|move|p2a: Machamp|Knock Off|p1a: Weezing
|-resisted|p1a: Weezing
|-damage|p1a: Weezing|70/100
|-enditem|p1a: Weezing|Black Sludge|[from] move: Knock Off|[of] p2a: Machamp
|
|upkeep
|turn|3
|
|switch|p2a: Rotom|Rotom-Wash|100/100
|-activate|p1a: Weezing|confusion
|-damage|p1a: Weezing|63/100|[from] confusion
|
|upkeep
|turn|4
|
|switch|p1a: Rotom|Rotom-Wash|100/100
|move|p2a: Rotom|Hydro Pump|p1a: Rotom
|-resisted|p1a: Rotom
|-damage|p1a: Rotom|79/100
|
|-heal|p1a: Rotom|85/100|[from] item: Leftovers
|upkeep
|turn|5
|
|move|p2a: Rotom|Volt Switch|p1a: Rotom
|-damage|p1a: Rotom|57/100
|j| hypertrakcar
|
|switch|p2a: Sylveon|Sylveon, F|100/100|[from]move: Volt Switch
|move|p1a: Rotom|Volt Switch|p2a: Sylveon
|-damage|p2a: Sylveon|82/100
|
|switch|p1a: Weezing|Weezing-Galar, M|63/100|[from]move: Volt Switch
|
|-heal|p2a: Sylveon|88/100|[from] item: Leftovers
|upkeep
|turn|6
|
|move|p2a: Sylveon|Protect|p2a: Sylveon
|-singleturn|p2a: Sylveon|Protect
|move|p1a: Weezing|Sludge Bomb|p2a: Sylveon
|-activate|p2a: Sylveon|move: Protect
|
|-heal|p2a: Sylveon|94/100|[from] item: Leftovers
|upkeep
|turn|7
|
|switch|p2a: Bronzong|Bronzong|100/100
|move|p1a: Weezing|Sludge Bomb|p2a: Bronzong
|-immune|p2a: Bronzong
|
|upkeep
|turn|8
|
|switch|p1a: Pangoro|Pangoro, F|100/100
|move|p2a: Bronzong|Stealth Rock|p1a: Pangoro
|-sidestart|p1: Fairlumbo|move: Stealth Rock
|
|upkeep
|turn|9
|
|move|p2a: Bronzong|Protect|p2a: Bronzong
|-singleturn|p2a: Bronzong|Protect
|move|p1a: Pangoro|Knock Off|p2a: Bronzong
|-activate|p2a: Bronzong|move: Protect
|
|upkeep
|turn|10
|
|switch|p2a: Rotom|Rotom-Wash|100/100
|move|p1a: Pangoro|Knock Off|p2a: Rotom
|-damage|p2a: Rotom|12/100
|-enditem|p2a: Rotom|Leftovers|[from] move: Knock Off|[of] p1a: Pangoro
|
|upkeep
|turn|11
|
|switch|p1a: Flygon|Flygon, M|100/100
|-damage|p1a: Flygon|95/100|[from] Stealth Rock
|move|p2a: Rotom|Thunder Wave|p1a: Flygon
|-immune|p1a: Flygon
|
|upkeep
|turn|12
|
|switch|p2a: Bronzong|Bronzong|100/100
|move|p1a: Flygon|U-turn|p2a: Bronzong
|-damage|p2a: Bronzong|81/100
|
|switch|p1a: Pangoro|Pangoro, F|100/100|[from]move: U-turn
|-damage|p1a: Pangoro|94/100|[from] Stealth Rock
|
|-heal|p2a: Bronzong|87/100|[from] item: Leftovers
|upkeep
|turn|13
|
|move|p2a: Bronzong|Protect|p2a: Bronzong
|-singleturn|p2a: Bronzong|Protect
|move|p1a: Pangoro|Knock Off|p2a: Bronzong
|-activate|p2a: Bronzong|move: Protect
|
|-heal|p2a: Bronzong|93/100|[from] item: Leftovers
|upkeep
|turn|14
|
|switch|p2a: Machamp|Machamp, F|50/100
|move|p1a: Pangoro|Knock Off|p2a: Machamp
|-resisted|p2a: Machamp
|-damage|p2a: Machamp|1/100
|-enditem|p2a: Machamp|Assault Vest|[from] move: Knock Off|[of] p1a: Pangoro
|
|upkeep
|turn|15
|
|switch|p1a: Doublade|Doublade, F|100/100
|-damage|p1a: Doublade|94/100|[from] Stealth Rock
|move|p2a: Machamp|Knock Off|p1a: Doublade
|-supereffective|p1a: Doublade
|-damage|p1a: Doublade|53/100
|-enditem|p1a: Doublade|Eviolite|[from] move: Knock Off|[of] p2a: Machamp
|
|upkeep
|turn|16
|
|switch|p2a: Incineroar|Incineroar, F|100/100
|-ability|p2a: Incineroar|Intimidate|boost
|-unboost|p1a: Doublade|atk|1
|move|p1a: Doublade|Close Combat|p2a: Incineroar
|-supereffective|p2a: Incineroar
|-damage|p2a: Incineroar|52/100
|-unboost|p1a: Doublade|def|1
|-unboost|p1a: Doublade|spd|1
|
|upkeep
|turn|17
|
|switch|p1a: Weezing|Weezing-Galar, M|63/100
|-damage|p1a: Weezing|51/100|[from] Stealth Rock
|move|p2a: Incineroar|Parting Shot|p1a: Weezing
|-unboost|p1a: Weezing|atk|1
|-unboost|p1a: Weezing|spa|1
|
|switch|p2a: Rotom|Rotom-Wash|12/100|[from]move: Parting Shot
|
|upkeep
|turn|18
|
|move|p2a: Rotom|Hydro Pump|p1a: Weezing
|-damage|p1a: Weezing|0 fnt
|faint|p1a: Weezing
|
|upkeep
|
|switch|p1a: Flygon|Flygon, M|95/100
|-damage|p1a: Flygon|89/100|[from] Stealth Rock
|turn|19
|
|switch|p2a: Noivern|Noivern, F|100/100
|move|p1a: Flygon|U-turn|p2a: Noivern
|-resisted|p2a: Noivern
|-damage|p2a: Noivern|87/100
|
|switch|p1a: Gigalith|Gigalith, F|100/100|[from]move: U-turn
|-damage|p1a: Gigalith|88/100|[from] Stealth Rock
|-weather|Sandstorm|[from] ability: Sand Stream|[of] p1a: Gigalith
|
|-weather|Sandstorm|[upkeep]
|-damage|p2a: Noivern|81/100|[from] Sandstorm
|-heal|p1a: Gigalith|94/100|[from] item: Leftovers
|upkeep
|turn|20
|
|switch|p2a: Rotom|Rotom-Wash|12/100
|move|p1a: Gigalith|Stealth Rock|p2a: Rotom
|-sidestart|p2: Christo|move: Stealth Rock
|
|-weather|Sandstorm|[upkeep]
|-damage|p2a: Rotom|5/100|[from] Sandstorm
|-heal|p1a: Gigalith|100/100|[from] item: Leftovers
|upkeep
|turn|21
|
|move|p2a: Rotom|Pain Split|p1a: Gigalith
|-sethp|p1a: Gigalith|52/100|[from] move: Pain Split|[silent]
|-sethp|p2a: Rotom|64/100|[from] move: Pain Split
|move|p1a: Gigalith|Rock Blast|p2a: Rotom
|-damage|p2a: Rotom|51/100
|-damage|p2a: Rotom|40/100
|-damage|p2a: Rotom|27/100
|-damage|p2a: Rotom|15/100
|-hitcount|p2a: Rotom|4
|
|-weather|Sandstorm|[upkeep]
|-damage|p2a: Rotom|9/100|[from] Sandstorm
|-heal|p1a: Gigalith|59/100|[from] item: Leftovers
|upkeep
|turn|22
|
|move|p2a: Rotom|Hydro Pump|p1a: Gigalith
|-supereffective|p1a: Gigalith
|-damage|p1a: Gigalith|16/100
|move|p1a: Gigalith|Toxic|p2a: Rotom
|-status|p2a: Rotom|tox
|
|-weather|Sandstorm|[upkeep]
|-damage|p2a: Rotom|3/100 tox|[from] Sandstorm
|-heal|p1a: Gigalith|22/100|[from] item: Leftovers
|-damage|p2a: Rotom|0 fnt|[from] psn
|faint|p2a: Rotom
|upkeep
|
|switch|p2a: Bronzong|Bronzong|93/100
|-damage|p2a: Bronzong|87/100|[from] Stealth Rock
|turn|23
|
|switch|p1a: Pangoro|Pangoro, F|94/100
|-damage|p1a: Pangoro|88/100|[from] Stealth Rock
|move|p2a: Bronzong|Earthquake|p1a: Pangoro
|-damage|p1a: Pangoro|61/100
|
|-weather|none
|-heal|p2a: Bronzong|93/100|[from] item: Leftovers
|upkeep
|turn|24
|
|move|p2a: Bronzong|Protect|p2a: Bronzong
|-singleturn|p2a: Bronzong|Protect
|move|p1a: Pangoro|Knock Off|p2a: Bronzong
|-activate|p2a: Bronzong|move: Protect
|
|-heal|p2a: Bronzong|99/100|[from] item: Leftovers
|upkeep
|turn|25
|
|switch|p2a: Machamp|Machamp, F|1/100
|-damage|p2a: Machamp|0 fnt|[from] Stealth Rock
|faint|p2a: Machamp
|move|p1a: Pangoro|Knock Off|p2: Machamp|[notarget]
|-fail|p1a: Pangoro
|
|upkeep
|
|switch|p2a: Incineroar|Incineroar, F|52/100
|-ability|p2a: Incineroar|Intimidate|boost
|-immune|p1a: Pangoro|[from] ability: Scrappy
|turn|26
|
|switch|p1a: Gigalith|Gigalith, F|22/100
|-damage|p1a: Gigalith|10/100|[from] Stealth Rock
|-weather|Sandstorm|[from] ability: Sand Stream|[of] p1a: Gigalith
|move|p2a: Incineroar|Flare Blitz|p1a: Gigalith
|-resisted|p1a: Gigalith
|-damage|p1a: Gigalith|0 fnt
|-damage|p2a: Incineroar|49/100|[from] Recoil
|faint|p1a: Gigalith
|
|-weather|Sandstorm|[upkeep]
|-damage|p2a: Incineroar|42/100|[from] Sandstorm
|upkeep
|
|switch|p1a: Rotom|Rotom-Wash|57/100
|-damage|p1a: Rotom|45/100|[from] Stealth Rock
|turn|27
|
|switch|p2a: Bronzong|Bronzong|99/100
|-damage|p2a: Bronzong|93/100|[from] Stealth Rock
|move|p1a: Rotom|Hydro Pump|p2a: Bronzong
|-damage|p2a: Bronzong|66/100
|
|-weather|Sandstorm|[upkeep]
|-damage|p1a: Rotom|38/100|[from] Sandstorm
|-heal|p1a: Rotom|45/100|[from] item: Leftovers
|-heal|p2a: Bronzong|72/100|[from] item: Leftovers
|upkeep
|turn|28
|
|move|p1a: Rotom|Will-O-Wisp|p2a: Bronzong
|-status|p2a: Bronzong|brn
|move|p2a: Bronzong|Toxic|p1a: Rotom|[miss]
|-miss|p2a: Bronzong|p1a: Rotom
|
|-weather|Sandstorm|[upkeep]
|-damage|p1a: Rotom|38/100|[from] Sandstorm
|-heal|p1a: Rotom|45/100|[from] item: Leftovers
|-heal|p2a: Bronzong|79/100 brn|[from] item: Leftovers
|-damage|p2a: Bronzong|72/100 brn|[from] brn
|upkeep
|turn|29
|
|switch|p1a: Doublade|Doublade, F|53/100
|-damage|p1a: Doublade|47/100|[from] Stealth Rock
|move|p2a: Bronzong|Toxic|p1a: Doublade
|-immune|p1a: Doublade
|
|-weather|Sandstorm|[upkeep]
|-heal|p2a: Bronzong|79/100 brn|[from] item: Leftovers
|-damage|p2a: Bronzong|72/100 brn|[from] brn
|upkeep
|turn|30
|
|switch|p2a: Incineroar|Incineroar, F|42/100
|-ability|p2a: Incineroar|Intimidate|boost
|-unboost|p1a: Doublade|atk|1
|move|p1a: Doublade|Shadow Sneak|p2a: Incineroar
|-resisted|p2a: Incineroar
|-crit|p2a: Incineroar
|-damage|p2a: Incineroar|29/100
|
|-weather|none
|upkeep
|turn|31
|
|move|p2a: Incineroar|Knock Off|p1a: Doublade
|-supereffective|p1a: Doublade
|-damage|p1a: Doublade|7/100
|move|p1a: Doublade|Close Combat|p2a: Incineroar
|-supereffective|p2a: Incineroar
|-damage|p2a: Incineroar|0 fnt
|-unboost|p1a: Doublade|def|1
|-unboost|p1a: Doublade|spd|1
|faint|p2a: Incineroar
|
|upkeep
|
|switch|p2a: Sylveon|Sylveon, F|94/100
|-damage|p2a: Sylveon|82/100|[from] Stealth Rock
|turn|32
|
|move|p1a: Doublade|Shadow Sneak|p2a: Sylveon
|-damage|p2a: Sylveon|70/100
|move|p2a: Sylveon|Wish|p2a: Sylveon
|
|-heal|p2a: Sylveon|76/100|[from] item: Leftovers
|upkeep
|turn|33
|
|move|p2a: Sylveon|Hyper Voice|p1a: Doublade
|-resisted|p1a: Doublade
|-damage|p1a: Doublade|0 fnt
|faint|p1a: Doublade
|
|-heal|p2a: Sylveon|100/100|[from] move: Wish|[wisher] Sylveon
|upkeep
|
|switch|p1a: Rotom|Rotom-Wash|45/100
|-damage|p1a: Rotom|32/100|[from] Stealth Rock
|turn|34
|
|switch|p2a: Bronzong|Bronzong|72/100 brn
|-damage|p2a: Bronzong|66/100 brn|[from] Stealth Rock
|move|p1a: Rotom|Will-O-Wisp|p2a: Bronzong
|-fail|p2a: Bronzong|brn
|
|-heal|p1a: Rotom|38/100|[from] item: Leftovers
|-heal|p2a: Bronzong|72/100 brn|[from] item: Leftovers
|-damage|p2a: Bronzong|66/100 brn|[from] brn
|upkeep
|turn|35
|
|switch|p1a: Flygon|Flygon, M|89/100
|-damage|p1a: Flygon|83/100|[from] Stealth Rock
|move|p2a: Bronzong|Toxic|p1a: Flygon|[miss]
|-miss|p2a: Bronzong|p1a: Flygon
|
|-heal|p2a: Bronzong|72/100 brn|[from] item: Leftovers
|-damage|p2a: Bronzong|66/100 brn|[from] brn
|upkeep
|turn|36
|
|move|p2a: Bronzong|Protect|p2a: Bronzong
|-singleturn|p2a: Bronzong|Protect
|move|p1a: Flygon|U-turn|p2a: Bronzong
|-activate|p2a: Bronzong|move: Protect
|
|-heal|p2a: Bronzong|72/100 brn|[from] item: Leftovers
|-damage|p2a: Bronzong|66/100 brn|[from] brn
|upkeep
|turn|37
|
|move|p1a: Flygon|U-turn|p2a: Bronzong
|-damage|p2a: Bronzong|49/100 brn
|
|switch|p1a: Pangoro|Pangoro, F|61/100|[from]move: U-turn
|-damage|p1a: Pangoro|55/100|[from] Stealth Rock
|move|p2a: Bronzong|Toxic|p1a: Pangoro
|-status|p1a: Pangoro|tox
|
|-heal|p2a: Bronzong|55/100 brn|[from] item: Leftovers
|-damage|p1a: Pangoro|49/100 tox|[from] psn
|-damage|p2a: Bronzong|49/100 brn|[from] brn
|upkeep
|turn|38
|
|move|p2a: Bronzong|Protect|p2a: Bronzong
|-singleturn|p2a: Bronzong|Protect
|move|p1a: Pangoro|Knock Off|p2a: Bronzong
|-activate|p2a: Bronzong|move: Protect
|
|-heal|p2a: Bronzong|55/100 brn|[from] item: Leftovers
|-damage|p1a: Pangoro|36/100 tox|[from] psn
|-damage|p2a: Bronzong|49/100 brn|[from] brn
|upkeep
|turn|39
|
|switch|p2a: Sylveon|Sylveon, F|100/100
|-damage|p2a: Sylveon|88/100|[from] Stealth Rock
|move|p1a: Pangoro|Knock Off|p2a: Sylveon
|-resisted|p2a: Sylveon
|-damage|p2a: Sylveon|56/100
|-enditem|p2a: Sylveon|Leftovers|[from] move: Knock Off|[of] p1a: Pangoro
|
|-damage|p1a: Pangoro|18/100 tox|[from] psn
|upkeep
|turn|40
|
|switch|p1a: Rotom|Rotom-Wash|38/100
|-damage|p1a: Rotom|26/100|[from] Stealth Rock
|move|p2a: Sylveon|Hyper Voice|p1a: Rotom
|-damage|p1a: Rotom|0 fnt
|faint|p1a: Rotom
|
|upkeep
|
|switch|p1a: Pangoro|Pangoro, F|18/100 tox
|-damage|p1a: Pangoro|12/100 tox|[from] Stealth Rock
|turn|41
|
|move|p2a: Sylveon|Protect|p2a: Sylveon
|-singleturn|p2a: Sylveon|Protect
|move|p1a: Pangoro|Close Combat|p2a: Sylveon
|-activate|p2a: Sylveon|move: Protect
|
|-damage|p1a: Pangoro|6/100 tox|[from] psn
|upkeep
|turn|42
|
|switch|p2a: Noivern|Noivern, F|81/100
|move|p1a: Pangoro|Close Combat|p2a: Noivern
|-resisted|p2a: Noivern
|-damage|p2a: Noivern|20/100
|-unboost|p1a: Pangoro|def|1
|-unboost|p1a: Pangoro|spd|1
|
|-damage|p1a: Pangoro|0 fnt|[from] psn
|faint|p1a: Pangoro
|upkeep
|
|switch|p1a: Flygon|Flygon, M|83/100
|-damage|p1a: Flygon|77/100|[from] Stealth Rock
|turn|43
|
|move|p1a: Flygon|U-turn|p2a: Noivern
|-resisted|p2a: Noivern
|-damage|p2a: Noivern|6/100
|move|p2a: Noivern|Hurricane|p1a: Flygon
|-damage|p1a: Flygon|8/100
|
|upkeep
|turn|44
|
|move|p1a: Flygon|U-turn|p2a: Noivern
|-resisted|p2a: Noivern
|-damage|p2a: Noivern|0 fnt
|faint|p2a: Noivern
|
|upkeep
|
|switch|p2a: Sylveon|Sylveon, F|56/100
|-damage|p2a: Sylveon|44/100|[from] Stealth Rock
|turn|45
|
|move|p1a: Flygon|U-turn|p2a: Sylveon
|-resisted|p2a: Sylveon
|-damage|p2a: Sylveon|36/100
|move|p2a: Sylveon|Hyper Voice|p1a: Flygon
|-supereffective|p1a: Flygon
|-damage|p1a: Flygon|0 fnt
|faint|p1a: Flygon
|
|win|Christo
|l|☆Christo
|l|☆Fairlumbo
