|html|<div class="broadcast-blue"><strong>[Gen 8] UU is currently suspecting Moltres-Galar! For information on how to participate check out the <a href="https://www.smogon.com/forums/threads/np-ss-uu-stage-12-get-lucky.3700621/">suspect thread</a>.</strong></div>
|j|☆Hydreigon > Latias
|j|☆Hastabouddah
|t:|1650895338
|gametype|singles
|player|p1|Hydreigon > Latias|guitarist|1491
|player|p2|Hastabouddah|tuberf|1492
|teamsize|p1|6
|teamsize|p2|6
|gen|8
|tier|[Gen 8] UU
|rated|
|rule|Sleep Clause Mod: Limit one foe put to sleep
|rule|Species Clause: Limit one of each Pokémon
|rule|OHKO Clause: OHKO moves are banned
|rule|Evasion Moves Clause: Evasion moves are banned
|rule|Endless Battle Clause: Forcing endless battles is banned
|rule|HP Percentage Mod: HP is shown in percentages
|rule|Dynamax Clause: You cannot dynamax
|clearpoke
|poke|p1|Chansey, F|
|poke|p1|Hippowdon, M|
|poke|p1|Primarina, F|
|poke|p1|Scizor, M|
|poke|p1|Zygarde-10%|
|poke|p1|Salamence, F|
|poke|p2|Weezing-Galar, F|
|poke|p2|Cloyster, F|
|poke|p2|Hitmonlee, M|
|poke|p2|Necrozma|
|poke|p2|Keldeo-Resolute|
|poke|p2|Nihilego|
|teampreview
|
|t:|1650895373
|start
|switch|p1a: Primarina|Primarina, F|100/100
|switch|p2a: Weezing|Weezing-Galar, F|100/100
|-fieldstart|move: Misty Terrain|[from] ability: Misty Surge|[of] p2a: Weezing
|turn|1
|
|t:|1650895382
|move|p2a: Weezing|Memento|p1a: Primarina
|-unboost|p1a: Primarina|atk|2
|-unboost|p1a: Primarina|spa|2
|faint|p2a: Weezing
|move|p1a: Primarina|Scald|p2: Weezing|[notarget]
|-fail|p1a: Primarina
|
|upkeep
|
|t:|1650895397
|switch|p2a: Necrozma|Necrozma|100/100
|turn|2
|
|t:|1650895402
|switch|p1a: Scizor|Scizor, M|100/100
|move|p2a: Necrozma|Dragon Dance|p2a: Necrozma
|-boost|p2a: Necrozma|atk|1
|-boost|p2a: Necrozma|spe|1
|
|upkeep
|turn|3
|
|t:|1650895409
|move|p2a: Necrozma|Heat Wave|p1a: Scizor
|-supereffective|p1a: Scizor
|-damage|p1a: Scizor|0 fnt
|faint|p1a: Scizor
|
|upkeep
|
|t:|1650895415
|switch|p1a: Hippowdon|Hippowdon, M|100/100
|turn|4
|
|t:|1650895425
|move|p2a: Necrozma|Photon Geyser|p1a: Hippowdon
|-damage|p1a: Hippowdon|57/100
|move|p1a: Hippowdon|Earthquake|p2a: Necrozma
|-damage|p2a: Necrozma|64/100
|
|upkeep
|turn|5
|
|t:|1650895431
|move|p2a: Necrozma|Dragon Dance|p2a: Necrozma
|-boost|p2a: Necrozma|atk|1
|-boost|p2a: Necrozma|spe|1
|move|p1a: Hippowdon|Slack Off|p1a: Hippowdon
|-heal|p1a: Hippowdon|100/100
|
|upkeep
|turn|6
|
|t:|1650895436
|move|p2a: Necrozma|Photon Geyser|p1a: Hippowdon
|-damage|p1a: Hippowdon|47/100
|move|p1a: Hippowdon|Earthquake|p2a: Necrozma
|-damage|p2a: Necrozma|24/100
|
|upkeep
|turn|7
|
|t:|1650895447
|move|p2a: Necrozma|Photon Geyser|p1a: Hippowdon
|-damage|p1a: Hippowdon|0 fnt
|faint|p1a: Hippowdon
|
|upkeep
|
|t:|1650895450
|switch|p1a: Chansey|Chansey, F|100/100
|turn|8
|
|t:|1650895477
|move|p2a: Necrozma|Photon Geyser|p1a: Chansey
|-damage|p1a: Chansey|34/100
|move|p1a: Chansey|Seismic Toss|p2a: Necrozma
|-damage|p2a: Necrozma|0 fnt
|faint|p2a: Necrozma
|
|-fieldend|Misty Terrain
|upkeep
|
|t:|1650895519
|switch|p2a: Hitmonlee|Hitmonlee, M|100/100
|turn|9
|
|t:|1650895531
|switch|p1a: Primarina|Primarina, F|100/100
|move|p2a: Hitmonlee|Bulk Up|p2a: Hitmonlee
|-boost|p2a: Hitmonlee|atk|1
|-boost|p2a: Hitmonlee|def|1
|
|upkeep
|turn|10
|
|t:|1650895560
|move|p2a: Hitmonlee|Stone Edge|p1a: Primarina
|-damage|p1a: Primarina|45/100
|move|p1a: Primarina|Moonblast|p2a: Hitmonlee
|-supereffective|p2a: Hitmonlee
|-damage|p2a: Hitmonlee|8/100
|
|-heal|p1a: Primarina|51/100|[from] item: Leftovers
|upkeep
|turn|11
|
|t:|1650895577
|move|p2a: Hitmonlee|Stone Edge|p1a: Primarina
|-damage|p1a: Primarina|0 fnt
|faint|p1a: Primarina
|
|upkeep
|
|t:|1650895581
|switch|p1a: Salamence|Salamence, F|100/100
|-ability|p1a: Salamence|Intimidate|boost
|-unboost|p2a: Hitmonlee|atk|1
|turn|12
|
|t:|1650895639
|move|p1a: Salamence|Flamethrower|p2a: Hitmonlee
|-damage|p2a: Hitmonlee|0 fnt
|faint|p2a: Hitmonlee
|
|upkeep
|
|t:|1650895650
|switch|p2a: Nihilego|Nihilego|100/100
|turn|13
|
|t:|1650895662
|switch|p1a: Chansey|Chansey, F|34/100
|move|p2a: Nihilego|Meteor Beam||[still]
|-prepare|p2a: Nihilego|Meteor Beam
|-boost|p2a: Nihilego|spa|1
|-enditem|p2a: Nihilego|Power Herb
|-anim|p2a: Nihilego|Meteor Beam|p1a: Chansey
|-damage|p1a: Chansey|6/100
|
|upkeep
|turn|14
|
|t:|1650895714
|move|p2a: Nihilego|Sludge Wave|p1a: Chansey
|-damage|p1a: Chansey|0 fnt
|faint|p1a: Chansey
|-ability|p2a: Nihilego|Beast Boost|boost
|-boost|p2a: Nihilego|spe|1
|
|upkeep
|
|t:|1650895729
|switch|p1a: Zygarde|Zygarde-10%|100/100
|-ability|p1a: Zygarde|Aura Break
|turn|15
|
|t:|1650895734
|move|p2a: Nihilego|Sludge Wave|p1a: Zygarde
|-resisted|p1a: Zygarde
|-damage|p1a: Zygarde|46/100
|move|p1a: Zygarde|Outrage|p2a: Nihilego
|-damage|p2a: Nihilego|0 fnt
|faint|p2a: Nihilego
|
|upkeep
|
|t:|1650895740
|switch|p2a: Cloyster|Cloyster, F|100/100
|turn|16
|
|t:|1650895742
|move|p1a: Zygarde|Outrage|p2a: Cloyster|[from]lockedmove
|-damage|p2a: Cloyster|36/100
|-start|p1a: Zygarde|confusion|[fatigue]
|move|p2a: Cloyster|Shell Smash|p2a: Cloyster
|-unboost|p2a: Cloyster|def|1
|-unboost|p2a: Cloyster|spd|1
|-boost|p2a: Cloyster|atk|2
|-boost|p2a: Cloyster|spa|2
|-boost|p2a: Cloyster|spe|2
|
|upkeep
|turn|17
|
|t:|1650895749
|move|p2a: Cloyster|Ice Shard|p1a: Zygarde
|-supereffective|p1a: Zygarde
|-damage|p1a: Zygarde|0 fnt
|faint|p1a: Zygarde
|
|upkeep
|
|t:|1650895752
|switch|p1a: Salamence|Salamence, F|100/100
|-ability|p1a: Salamence|Intimidate|boost
|-unboost|p2a: Cloyster|atk|1
|turn|18
|
|t:|1650895756
|move|p2a: Cloyster|Icicle Spear|p1a: Salamence
|-supereffective|p1a: Salamence
|-damage|p1a: Salamence|21/100
|-supereffective|p1a: Salamence
|-damage|p1a: Salamence|0 fnt
|faint|p1a: Salamence
|-hitcount|p1: Salamence|2
|
|win|Hastabouddah
|raw|Hydreigon &gt; Latias's rating: 1491 &rarr; <strong>1471</strong><br />(-20 for losing)
|raw|Hastabouddah's rating: 1492 &rarr; <strong>1512</strong><br />(+20 for winning)
|l|☆Hydreigon > Latias
||Ladder isn't responding, score probably updated but might not have (Request timeout).
