|j|☆djon
|j|☆Bhris Pink
|t:|1643675691
|gametype|singles
|player|p1|djon|102|1256
|player|p2|Bhris Pink|harlequin|1497
|teamsize|p1|6
|teamsize|p2|6
|gen|8
|tier|[Gen 8] UU
|rated|
|rule|Sleep Clause Mod: Limit one foe put to sleep
|rule|Species Clause: Limit one of each Pokémon
|rule|OHKO Clause: OHKO moves are banned
|rule|Evasion Moves Clause: Evasion moves are banned
|rule|Endless Battle Clause: Forcing endless battles is banned
|rule|HP Percentage Mod: HP is shown in percentages
|rule|Dynamax Clause: You cannot dynamax
|clearpoke
|poke|p1|Tentacruel, M|
|poke|p1|Amoonguss, M|
|poke|p1|Excadrill, M|
|poke|p1|Gyarados, M|
|poke|p1|Hydreigon, M|
|poke|p1|Salamence, M|
|poke|p2|Excadrill, F|
|poke|p2|Slowking, M|
|poke|p2|Amoonguss, M|
|poke|p2|Celesteela|
|poke|p2|Thundurus-Therian, M|
|poke|p2|Lycanroc-Dusk, F|
|teampreview
|inactive|Battle timer is ON: inactive players will automatically lose when time's up. (requested by djon)
|
|t:|1643675705
|start
|switch|p1a: Excadrill|Excadrill, M|100/100
|switch|p2a: Thundurus|Thundurus-Therian, M|100/100
|-ability|p1a: Excadrill|Mold Breaker
|turn|1
|j| Hydreigon > Latias
|j| klam141
|j|+Specs
|l| klam141
|inactive|Bhris Pink has 120 seconds left.
|
|t:|1643675736
|move|p2a: Thundurus|Focus Blast|p1a: Excadrill|[miss]
|-miss|p2a: Thundurus|p1a: Excadrill
|move|p1a: Excadrill|Iron Head|p2a: Thundurus
|-resisted|p2a: Thundurus
|-damage|p2a: Thundurus|67/100
|
|upkeep
|turn|2
|c|☆Bhris Pink|k
|
|t:|1643675747
|move|p2a: Thundurus|Knock Off|p1a: Excadrill
|-damage|p1a: Excadrill|71/100
|-enditem|p1a: Excadrill|Focus Sash|[from] move: Knock Off|[of] p2a: Thundurus
|move|p1a: Excadrill|Stealth Rock|p2a: Thundurus
|-sidestart|p2: Bhris Pink|move: Stealth Rock
|
|upkeep
|turn|3
|
|t:|1643675762
|switch|p1a: Amoonguss|Amoonguss, M|100/100
|move|p2a: Thundurus|Focus Blast|p1a: Amoonguss
|-resisted|p1a: Amoonguss
|-damage|p1a: Amoonguss|78/100
|-enditem|p1a: Amoonguss|Eject Button
|
|t:|1643675768
|switch|p1a: Salamence|Salamence, M|100/100
|-ability|p1a: Salamence|Intimidate|boost
|-unboost|p2a: Thundurus|atk|1
|
|upkeep
|turn|4
|
|t:|1643675774
|move|p1a: Salamence|Draco Meteor|p2a: Thundurus
|-damage|p2a: Thundurus|0 fnt
|-unboost|p1a: Salamence|spa|2
|faint|p2a: Thundurus
|
|upkeep
|
|t:|1643675777
|switch|p2a: Excadrill|Excadrill, F|100/100
|-damage|p2a: Excadrill|97/100|[from] Stealth Rock
|-ability|p2a: Excadrill|Mold Breaker
|turn|5
|
|t:|1643675782
|switch|p1a: Gyarados|Gyarados, M|100/100
|-ability|p1a: Gyarados|Intimidate|boost
|-unboost|p2a: Excadrill|atk|1
|move|p2a: Excadrill|Rapid Spin|p1a: Gyarados
|-damage|p1a: Gyarados|89/100
|-boost|p2a: Excadrill|spe|1
|-sideend|p2: Bhris Pink|Stealth Rock|[from] move: Rapid Spin|[of] p2a: Excadrill
|
|-heal|p2a: Excadrill|100/100|[from] item: Leftovers
|-heal|p1a: Gyarados|95/100|[from] item: Leftovers
|upkeep
|turn|6
|
|t:|1643675792
|switch|p2a: Amoonguss|Amoonguss, M|100/100
|switch|p1a: Salamence|Salamence, M|100/100
|-ability|p1a: Salamence|Intimidate|boost
|-unboost|p2a: Amoonguss|atk|1
|
|upkeep
|turn|7
|
|t:|1643675797
|switch|p2a: Slowking|Slowking, M|100/100
|move|p1a: Salamence|Hurricane|p2a: Slowking
|-damage|p2a: Slowking|57/100
|
|upkeep
|turn|8
|j|+AVARICE
|j| Aqua8Jet
|
|t:|1643675807
|move|p1a: Salamence|Hurricane|p2a: Slowking
|-damage|p2a: Slowking|11/100
|move|p2a: Slowking|Teleport|p2a: Slowking
|
|t:|1643675810
|switch|p2a: Excadrill|Excadrill, F|100/100|[from]move: Teleport
|-ability|p2a: Excadrill|Mold Breaker
|
|upkeep
|turn|9
|
|t:|1643675815
|switch|p1a: Amoonguss|Amoonguss, M|100/100
|move|p2a: Excadrill|Stealth Rock|p1a: Amoonguss
|-sidestart|p1: djon|move: Stealth Rock
|
|upkeep
|turn|10
|
|t:|1643675819
|switch|p2a: Amoonguss|Amoonguss, M|100/100
|move|p1a: Amoonguss|Spore|p2a: Amoonguss
|-immune|p2a: Amoonguss
|
|upkeep
|turn|11
|l| Aqua8Jet
|
|t:|1643675824
|switch|p2a: Celesteela|Celesteela|100/100
|move|p1a: Amoonguss|Sludge Bomb|p2a: Celesteela
|-immune|p2a: Celesteela
|
|upkeep
|turn|12
|
|t:|1643675828
|switch|p2a: Slowking|Slowking, M|44/100
|move|p1a: Amoonguss|Spore|p2a: Slowking
|-status|p2a: Slowking|slp|[from] move: Spore
|
|upkeep
|turn|13
|
|t:|1643675835
|switch|p1a: Tentacruel|Tentacruel, M|100/100
|-damage|p1a: Tentacruel|88/100|[from] Stealth Rock
|switch|p2a: Amoonguss|Amoonguss, M|100/100
|
|-heal|p1a: Tentacruel|94/100|[from] item: Black Sludge
|upkeep
|turn|14
|
|t:|1643675844
|move|p1a: Tentacruel|Rapid Spin|p2a: Amoonguss
|-damage|p2a: Amoonguss|94/100
|-boost|p1a: Tentacruel|spe|1
|-damage|p1a: Tentacruel|78/100|[from] item: Rocky Helmet|[of] p2a: Amoonguss
|-sideend|p1: djon|Stealth Rock|[from] move: Rapid Spin|[of] p1a: Tentacruel
|move|p2a: Amoonguss|Spore|p1a: Tentacruel
|-status|p1a: Tentacruel|slp|[from] move: Spore
|
|-heal|p1a: Tentacruel|84/100 slp|[from] item: Black Sludge
|upkeep
|turn|15
|
|t:|1643675849
|switch|p1a: Gyarados|Gyarados, M|95/100
|-ability|p1a: Gyarados|Intimidate|boost
|-unboost|p2a: Amoonguss|atk|1
|switch|p2a: Excadrill|Excadrill, F|100/100
|-ability|p2a: Excadrill|Mold Breaker
|
|-heal|p1a: Gyarados|100/100|[from] item: Leftovers
|upkeep
|turn|16
|
|t:|1643675853
|switch|p2a: Amoonguss|Amoonguss, M|100/100
|move|p1a: Gyarados|Waterfall|p2a: Amoonguss
|-resisted|p2a: Amoonguss
|-damage|p2a: Amoonguss|86/100
|-damage|p1a: Gyarados|84/100|[from] item: Rocky Helmet|[of] p2a: Amoonguss
|
|-heal|p1a: Gyarados|90/100|[from] item: Leftovers
|upkeep
|turn|17
|
|t:|1643675856
|move|p1a: Gyarados|Substitute|p1a: Gyarados
|-start|p1a: Gyarados|Substitute
|-damage|p1a: Gyarados|65/100
|move|p2a: Amoonguss|Foul Play|p1a: Gyarados
|-end|p1a: Gyarados|Substitute
|
|-heal|p1a: Gyarados|71/100|[from] item: Leftovers
|upkeep
|turn|18
|
|t:|1643675863
|switch|p1a: Amoonguss|Amoonguss, M|100/100
|move|p2a: Amoonguss|Sludge Bomb|p1a: Amoonguss
|-damage|p1a: Amoonguss|73/100
|
|upkeep
|turn|19
|
|t:|1643675867
|switch|p2a: Excadrill|Excadrill, F|100/100
|-ability|p2a: Excadrill|Mold Breaker
|move|p1a: Amoonguss|Sludge Bomb|p2a: Excadrill
|-immune|p2a: Excadrill
|
|upkeep
|turn|20
|
|t:|1643675871
|move|p2a: Excadrill|Stealth Rock|p1a: Amoonguss
|-sidestart|p1: djon|move: Stealth Rock
|move|p1a: Amoonguss|Giga Drain|p2a: Excadrill
|-damage|p2a: Excadrill|72/100
|-heal|p1a: Amoonguss|85/100|[from] drain|[of] p2a: Excadrill
|
|-heal|p2a: Excadrill|78/100|[from] item: Leftovers
|upkeep
|turn|21
|j| mushamu
|
|t:|1643675876
|move|p2a: Excadrill|Earthquake|p1a: Amoonguss
|-crit|p1a: Amoonguss
|-damage|p1a: Amoonguss|28/100
|move|p1a: Amoonguss|Foul Play|p2a: Excadrill
|-damage|p2a: Excadrill|29/100
|
|-heal|p2a: Excadrill|35/100|[from] item: Leftovers
|upkeep
|turn|22
|
|t:|1643675884
|switch|p1a: Salamence|Salamence, M|100/100
|-damage|p1a: Salamence|76/100|[from] Stealth Rock
|-ability|p1a: Salamence|Intimidate|boost
|-unboost|p2a: Excadrill|atk|1
|move|p2a: Excadrill|Iron Head|p1a: Salamence
|-damage|p1a: Salamence|37/100
|
|-heal|p2a: Excadrill|41/100|[from] item: Leftovers
|upkeep
|turn|23
|
|t:|1643675898
|switch|p2a: Slowking|Slowking, M|78/100 slp
|move|p1a: Salamence|Draco Meteor|p2a: Slowking
|-damage|p2a: Slowking|28/100 slp
|-unboost|p1a: Salamence|spa|2
|
|upkeep
|turn|24
|
|t:|1643675904
|switch|p2a: Excadrill|Excadrill, F|41/100
|-ability|p2a: Excadrill|Mold Breaker
|move|p1a: Salamence|Draco Meteor|p2a: Excadrill
|-resisted|p2a: Excadrill
|-damage|p2a: Excadrill|21/100
|-unboost|p1a: Salamence|spa|2
|
|-heal|p2a: Excadrill|27/100|[from] item: Leftovers
|upkeep
|turn|25
|
|t:|1643675916
|switch|p1a: Amoonguss|Amoonguss, M|61/100
|-damage|p1a: Amoonguss|49/100|[from] Stealth Rock
|move|p2a: Excadrill|Rapid Spin|p1a: Amoonguss
|-damage|p1a: Amoonguss|36/100
|-boost|p2a: Excadrill|spe|1
|
|-heal|p2a: Excadrill|33/100|[from] item: Leftovers
|upkeep
|turn|26
|
|t:|1643675927
|switch|p1a: Tentacruel|Tentacruel, M|84/100 slp
|-damage|p1a: Tentacruel|71/100 slp|[from] Stealth Rock
|move|p2a: Excadrill|Iron Head|p1a: Tentacruel
|-resisted|p1a: Tentacruel
|-damage|p1a: Tentacruel|42/100 slp
|
|-heal|p2a: Excadrill|39/100|[from] item: Leftovers
|-heal|p1a: Tentacruel|48/100 slp|[from] item: Black Sludge
|upkeep
|turn|27
|
|t:|1643675932
|move|p2a: Excadrill|Iron Head|p1a: Tentacruel
|-resisted|p1a: Tentacruel
|-damage|p1a: Tentacruel|22/100 slp
|cant|p1a: Tentacruel|slp
|
|-heal|p2a: Excadrill|45/100|[from] item: Leftovers
|-heal|p1a: Tentacruel|28/100 slp|[from] item: Black Sludge
|upkeep
|turn|28
|
|t:|1643675936
|move|p2a: Excadrill|Iron Head|p1a: Tentacruel
|-resisted|p1a: Tentacruel
|-damage|p1a: Tentacruel|1/100 slp
|cant|p1a: Tentacruel|slp
|
|-heal|p2a: Excadrill|51/100|[from] item: Leftovers
|-heal|p1a: Tentacruel|7/100 slp|[from] item: Black Sludge
|upkeep
|turn|29
|
|t:|1643675947
|move|p2a: Excadrill|Iron Head|p1a: Tentacruel
|-resisted|p1a: Tentacruel
|-damage|p1a: Tentacruel|0 fnt
|faint|p1a: Tentacruel
|
|-heal|p2a: Excadrill|57/100|[from] item: Leftovers
|upkeep
|
|t:|1643675952
|switch|p1a: Salamence|Salamence, M|37/100
|-damage|p1a: Salamence|13/100|[from] Stealth Rock
|-ability|p1a: Salamence|Intimidate|boost
|-unboost|p2a: Excadrill|atk|1
|turn|30
|
|t:|1643675957
|switch|p2a: Slowking|Slowking, M|62/100 slp
|move|p1a: Salamence|Hydro Pump|p2a: Slowking
|-resisted|p2a: Slowking
|-damage|p2a: Slowking|47/100 slp
|
|upkeep
|turn|31
|
|t:|1643675964
|switch|p2a: Amoonguss|Amoonguss, M|100/100
|move|p1a: Salamence|Hydro Pump|p2a: Amoonguss
|-resisted|p2a: Amoonguss
|-damage|p2a: Amoonguss|83/100
|
|upkeep
|turn|32
|
|t:|1643675971
|move|p1a: Salamence|Hydro Pump|p2a: Amoonguss|[miss]
|-miss|p1a: Salamence|p2a: Amoonguss
|move|p2a: Amoonguss|Spore|p1a: Salamence
|-status|p1a: Salamence|slp|[from] move: Spore
|
|upkeep
|turn|33
|
|t:|1643675974
|switch|p2a: Lycanroc|Lycanroc-Dusk, F|100/100
|cant|p1a: Salamence|slp
|
|upkeep
|turn|34
|
|t:|1643675977
|move|p2a: Lycanroc|Accelerock|p1a: Salamence
|-supereffective|p1a: Salamence
|-damage|p1a: Salamence|0 fnt
|faint|p1a: Salamence
|-damage|p2a: Lycanroc|91/100|[from] item: Life Orb
|
|upkeep
|
|t:|1643675987
|switch|p1a: Amoonguss|Amoonguss, M|70/100
|-damage|p1a: Amoonguss|57/100|[from] Stealth Rock
|turn|35
|
|t:|1643675997
|switch|p2a: Celesteela|Celesteela|100/100
|move|p1a: Amoonguss|Giga Drain|p2a: Celesteela
|-resisted|p2a: Celesteela
|-damage|p2a: Celesteela|95/100
|-heal|p1a: Amoonguss|59/100|[from] drain|[of] p2a: Celesteela
|
|upkeep
|turn|36
|
|t:|1643676003
|switch|p1a: Gyarados|Gyarados, M|71/100
|-damage|p1a: Gyarados|46/100|[from] Stealth Rock
|-ability|p1a: Gyarados|Intimidate|boost
|-unboost|p2a: Celesteela|atk|1
|move|p2a: Celesteela|Autotomize|p2a: Celesteela
|-boost|p2a: Celesteela|spe|2
|-start|p2a: Celesteela|Autotomize
|
|-heal|p1a: Gyarados|53/100|[from] item: Leftovers
|upkeep
|turn|37
|
|t:|1643676009
|move|p2a: Celesteela|Air Slash|p1a: Gyarados
|-damage|p1a: Gyarados|17/100
|move|p1a: Gyarados|Substitute|p1a: Gyarados
|-fail|p1a: Gyarados|move: Substitute|[weak]
|
|-heal|p1a: Gyarados|23/100|[from] item: Leftovers
|upkeep
|turn|38
|
|t:|1643676014
|move|p2a: Celesteela|Air Slash|p1a: Gyarados
|-damage|p1a: Gyarados|0 fnt
|faint|p1a: Gyarados
|-ability|p2a: Celesteela|Beast Boost|boost
|-boost|p2a: Celesteela|spa|1
|
|upkeep
|-message|djon forfeited.
|
|win|Bhris Pink
|raw|djon's rating: 1256 &rarr; <strong>1246</strong><br />(-10 for losing)
|raw|Bhris Pink's rating: 1497 &rarr; <strong>1505</strong><br />(+8 for winning)
|l|☆djon
|l|+Specs
|l|☆Bhris Pink
|j| hariyana grande
|l| hariyana grande
|j| klam141
|l| klam141
|j| supersecrettesting
|l| supersecrettesting
