|j|☆Comedier
|j|☆Appleking123
|t:|1654557602
|gametype|singles
|player|p1|Comedier|1|
|player|p2|Appleking123|hiker-gen4|
|teamsize|p1|6
|teamsize|p2|6
|gen|8
|tier|[Gen 8] UU
|rule|Sleep Clause Mod: Limit one foe put to sleep
|rule|Species Clause: Limit one of each Pokémon
|rule|OHKO Clause: OHKO moves are banned
|rule|Evasion Moves Clause: Evasion moves are banned
|rule|Endless Battle Clause: Forcing endless battles is banned
|rule|HP Percentage Mod: HP is shown in percentages
|rule|Dynamax Clause: You cannot dynamax
|clearpoke
|poke|p1|Tapu Bulu|
|poke|p1|Rotom-Heat|
|poke|p1|Primarina, M|
|poke|p1|Krookodile, F|
|poke|p1|Jirachi|
|poke|p1|Salamence, F|
|poke|p2|Torkoal, M|
|poke|p2|Venusaur, F|
|poke|p2|Darmanitan, M|
|poke|p2|Mamoswine, F|
|poke|p2|Hatterene, F|
|poke|p2|Chansey, F|
|teampreview
|
|t:|1654557621
|start
|switch|p1a: Krookodile|Krookodile, F|100/100
|switch|p2a: Cap|Hatterene, F|100/100
|-ability|p1a: Krookodile|Intimidate|boost
|-unboost|p2a: Cap|atk|1
|turn|1
|
|t:|1654557628
|switch|p1a: Jirachi|Jirachi|100/100
|move|p2a: Cap|Calm Mind|p2a: Cap
|-boost|p2a: Cap|spa|1
|-boost|p2a: Cap|spd|1
|
|upkeep
|turn|2
|
|t:|1654557631
|switch|p2a: Ralph|Torkoal, M|100/100
|-weather|SunnyDay|[from] ability: Drought|[of] p2a: Ralph
|move|p1a: Jirachi|Iron Head|p2a: Ralph
|-resisted|p2a: Ralph
|-damage|p2a: Ralph|93/100
|
|-weather|SunnyDay|[upkeep]
|upkeep
|turn|3
|
|t:|1654557636
|move|p1a: Jirachi|U-turn|p2a: Ralph
|-resisted|p2a: Ralph
|-damage|p2a: Ralph|88/100
|
|t:|1654557641
|switch|p1a: Rotom|Rotom-Heat|100/100|[from]move: U-turn
|move|p2a: Ralph|Lava Plume|p1a: Rotom
|-resisted|p1a: Rotom
|-damage|p1a: Rotom|83/100
|
|-weather|SunnyDay|[upkeep]
|upkeep
|turn|4
|
|t:|1654557646
|switch|p2a: Egg|Chansey, F|100/100
|move|p1a: Rotom|Volt Switch|p2a: Egg
|-damage|p2a: Egg|93/100
|
|t:|1654557649
|switch|p1a: Tapu Bulu|Tapu Bulu|100/100|[from]move: Volt Switch
|-fieldstart|move: Grassy Terrain|[from] ability: Grassy Surge|[of] p1a: Tapu Bulu
|
|-weather|SunnyDay|[upkeep]
|-heal|p2a: Egg|99/100|[from] Grassy Terrain
|upkeep
|turn|5
|
|t:|1654557655
|move|p1a: Tapu Bulu|Megahorn|p2a: Egg
|-damage|p2a: Egg|56/100
|move|p2a: Egg|Teleport|p2a: Egg
|
|t:|1654557658
|switch|p2a: Monke|Darmanitan, M|100/100|[from]move: Teleport
|
|-weather|SunnyDay|[upkeep]
|upkeep
|turn|6
|
|t:|1654557666
|switch|p1a: Salamence|Salamence, F|100/100
|-ability|p1a: Salamence|Intimidate|boost
|-unboost|p2a: Monke|atk|1
|move|p2a: Monke|Flare Blitz|p1a: Salamence
|-resisted|p1a: Salamence
|-damage|p1a: Salamence|69/100
|-damage|p2a: Monke|89/100|[from] Recoil
|
|-weather|SunnyDay|[upkeep]
|-heal|p2a: Monke|95/100|[from] Grassy Terrain
|upkeep
|turn|7
|
|t:|1654557681
|switch|p2a: Piggy|Mamoswine, F|100/100
|move|p1a: Salamence|Roost|p1a: Salamence
|-heal|p1a: Salamence|100/100
|-singleturn|p1a: Salamence|move: Roost
|
|-weather|SunnyDay|[upkeep]
|upkeep
|turn|8
|
|t:|1654557689
|switch|p1a: Primarina|Primarina, M|100/100
|move|p2a: Piggy|Knock Off|p1a: Primarina
|-resisted|p1a: Primarina
|-damage|p1a: Primarina|73/100
|-enditem|p1a: Primarina|Choice Specs|[from] move: Knock Off|[of] p2a: Piggy
|
|-weather|SunnyDay|[upkeep]
|-heal|p1a: Primarina|79/100|[from] Grassy Terrain
|-fieldend|move: Grassy Terrain
|upkeep
|turn|9
|
|t:|1654557699
|move|p2a: Piggy|Earthquake|p1a: Primarina
|-damage|p1a: Primarina|0 fnt
|faint|p1a: Primarina
|
|-weather|none
|upkeep
|
|t:|1654557706
|switch|p1a: Tapu Bulu|Tapu Bulu|100/100
|-fieldstart|move: Grassy Terrain|[from] ability: Grassy Surge|[of] p1a: Tapu Bulu
|turn|10
|
|t:|1654557713
|switch|p2a: Ralph|Torkoal, M|88/100
|-weather|SunnyDay|[from] ability: Drought|[of] p2a: Ralph
|move|p1a: Tapu Bulu|Horn Leech|p2a: Ralph
|-resisted|p2a: Ralph
|-damage|p2a: Ralph|65/100
|
|-weather|SunnyDay|[upkeep]
|-heal|p2a: Ralph|71/100|[from] Grassy Terrain
|upkeep
|turn|11
|
|t:|1654557717
|switch|p1a: Rotom|Rotom-Heat|83/100
|move|p2a: Ralph|Stealth Rock|p1a: Rotom
|-sidestart|p1: Comedier|move: Stealth Rock
|
|-weather|SunnyDay|[upkeep]
|-heal|p2a: Ralph|77/100|[from] Grassy Terrain
|upkeep
|turn|12
|
|t:|1654557720
|move|p1a: Rotom|Defog|p2a: Ralph
|-unboost|p2a: Ralph|evasion|1
|-sideend|p1: Comedier|Stealth Rock|[from] move: Defog|[of] p1a: Rotom
|-fieldend|move: Grassy Terrain
|move|p2a: Ralph|Lava Plume|p1a: Rotom
|-resisted|p1a: Rotom
|-damage|p1a: Rotom|65/100
|
|-weather|SunnyDay|[upkeep]
|upkeep
|turn|13
|
|t:|1654557724
|move|p1a: Rotom|Volt Switch|p2a: Ralph
|-damage|p2a: Ralph|43/100
|
|t:|1654557728
|switch|p1a: Krookodile|Krookodile, F|100/100|[from]move: Volt Switch
|-ability|p1a: Krookodile|Intimidate|boost
|-unboost|p2a: Ralph|atk|1
|move|p2a: Ralph|Stealth Rock|p1a: Krookodile
|-sidestart|p1: Comedier|move: Stealth Rock
|
|-weather|SunnyDay|[upkeep]
|upkeep
|turn|14
|
|t:|1654557734
|switch|p2a: Cap|Hatterene, F|100/100
|move|p1a: Krookodile|Earthquake|p2a: Cap
|-damage|p2a: Cap|62/100
|
|-weather|SunnyDay|[upkeep]
|-heal|p2a: Cap|68/100|[from] item: Leftovers
|upkeep
|turn|15
|
|t:|1654557740
|switch|p1a: Jirachi|Jirachi|100/100
|-damage|p1a: Jirachi|94/100|[from] Stealth Rock
|move|p2a: Cap|Mystical Fire|p1a: Jirachi
|-supereffective|p1a: Jirachi
|-damage|p1a: Jirachi|48/100
|-unboost|p1a: Jirachi|spa|1
|
|-weather|SunnyDay|[upkeep]
|-heal|p1a: Jirachi|54/100|[from] item: Leftovers
|-heal|p2a: Cap|74/100|[from] item: Leftovers
|upkeep
|turn|16
|
|t:|1654557744
|switch|p2a: Monke|Darmanitan, M|95/100
|move|p1a: Jirachi|Wish|p1a: Jirachi
|
|-weather|SunnyDay|[upkeep]
|-heal|p1a: Jirachi|60/100|[from] item: Leftovers
|upkeep
|turn|17
|
|t:|1654557748
|move|p1a: Jirachi|Protect|p1a: Jirachi
|-singleturn|p1a: Jirachi|Protect
|move|p2a: Monke|U-turn|p1a: Jirachi
|-activate|p1a: Jirachi|move: Protect
|
|-weather|none
|-heal|p1a: Jirachi|100/100|[from] move: Wish|[wisher] Jirachi
|upkeep
|turn|18
|
|t:|1654557752
|switch|p1a: Salamence|Salamence, F|100/100
|-ability|p1a: Salamence|Intimidate|boost
|-unboost|p2a: Monke|atk|1
|move|p2a: Monke|U-turn|p1a: Salamence
|-resisted|p1a: Salamence
|-crit|p1a: Salamence
|-damage|p1a: Salamence|87/100
|
|t:|1654557755
|switch|p2a: Piggy|Mamoswine, F|100/100|[from]move: U-turn
|
|upkeep
|turn|19
|
|t:|1654557762
|move|p2a: Piggy|Icicle Crash|p1a: Salamence
|-supereffective|p1a: Salamence
|-damage|p1a: Salamence|0 fnt
|faint|p1a: Salamence
|
|upkeep
|
|t:|1654557768
|switch|p1a: Rotom|Rotom-Heat|65/100
|turn|20
|
|t:|1654557775
|switch|p2a: Cap|Hatterene, F|74/100
|move|p1a: Rotom|Defog|p2a: Cap
|move|p2a: Cap|Defog|p1a: Rotom|[from]ability: Magic Bounce
|-unboost|p1a: Rotom|evasion|1
|-sideend|p1: Comedier|Stealth Rock|[from] move: Defog|[of] p2a: Cap
|
|-heal|p2a: Cap|80/100|[from] item: Leftovers
|upkeep
|turn|21
|
|t:|1654557780
|move|p1a: Rotom|Volt Switch|p2a: Cap
|-damage|p2a: Cap|52/100
|
|t:|1654557783
|switch|p1a: Jirachi|Jirachi|100/100|[from]move: Volt Switch
|move|p2a: Cap|Calm Mind|p2a: Cap
|-boost|p2a: Cap|spa|1
|-boost|p2a: Cap|spd|1
|
|-heal|p2a: Cap|58/100|[from] item: Leftovers
|upkeep
|turn|22
|
|t:|1654557787
|switch|p2a: Ralph|Torkoal, M|43/100
|-weather|SunnyDay|[from] ability: Drought|[of] p2a: Ralph
|move|p1a: Jirachi|U-turn|p2a: Ralph
|-resisted|p2a: Ralph
|-damage|p2a: Ralph|39/100
|
|t:|1654557791
|switch|p1a: Krookodile|Krookodile, F|100/100|[from]move: U-turn
|-ability|p1a: Krookodile|Intimidate|boost
|-unboost|p2a: Ralph|atk|1
|
|-weather|SunnyDay|[upkeep]
|upkeep
|turn|23
|
|t:|1654557793
|switch|p2a: Cap|Hatterene, F|58/100
|move|p1a: Krookodile|Earthquake|p2a: Cap
|-damage|p2a: Cap|21/100
|
|-weather|SunnyDay|[upkeep]
|-heal|p2a: Cap|27/100|[from] item: Leftovers
|upkeep
|turn|24
|
|t:|1654557796
|move|p1a: Krookodile|Earthquake|p2a: Cap
|-damage|p2a: Cap|0 fnt
|faint|p2a: Cap
|
|-weather|SunnyDay|[upkeep]
|upkeep
|
|t:|1654557799
|switch|p2a: Monke|Darmanitan, M|95/100
|turn|25
|
|t:|1654557801
|move|p2a: Monke|Flare Blitz|p1a: Krookodile
|-damage|p1a: Krookodile|0 fnt
|faint|p1a: Krookodile
|-damage|p2a: Monke|63/100|[from] Recoil
|
|-weather|SunnyDay|[upkeep]
|upkeep
|
|t:|1654557805
|switch|p1a: Rotom|Rotom-Heat|65/100
|turn|26
|
|t:|1654557808
|move|p2a: Monke|Flare Blitz|p1a: Rotom
|-resisted|p1a: Rotom
|-damage|p1a: Rotom|0 fnt
|faint|p1a: Rotom
|-damage|p2a: Monke|45/100|[from] Recoil
|
|-weather|SunnyDay|[upkeep]
|upkeep
|
|t:|1654557817
|switch|p1a: Jirachi|Jirachi|100/100
|turn|27
|
|t:|1654557819
|move|p1a: Jirachi|Protect|p1a: Jirachi
|-singleturn|p1a: Jirachi|Protect
|move|p2a: Monke|Flare Blitz|p1a: Jirachi
|-activate|p1a: Jirachi|move: Protect
|
|-weather|SunnyDay|[upkeep]
|upkeep
|turn|28
|
|t:|1654557823
|move|p2a: Monke|Flare Blitz|p1a: Jirachi
|-supereffective|p1a: Jirachi
|-damage|p1a: Jirachi|0 fnt
|faint|p1a: Jirachi
|-damage|p2a: Monke|7/100|[from] Recoil
|
|-weather|SunnyDay|[upkeep]
|upkeep
|c|☆Appleking123|gg
|
|t:|1654557826
|switch|p1a: Tapu Bulu|Tapu Bulu|100/100
|-fieldstart|move: Grassy Terrain|[from] ability: Grassy Surge|[of] p1a: Tapu Bulu
|turn|29
|
|t:|1654557828
|move|p2a: Monke|Flare Blitz|p1a: Tapu Bulu
|-supereffective|p1a: Tapu Bulu
|-damage|p1a: Tapu Bulu|0 fnt
|faint|p1a: Tapu Bulu
|-damage|p2a: Monke|0 fnt|[from] Recoil
|faint|p2a: Monke
|
|win|Appleking123
|c|☆Comedier|gg
