|raw|<div class="broadcast-blue"><strong>This battle is required to be public due to a player having a name starting with 'uult91w'.</div>
|j|☆UULT91w Micciu
|j|☆UULT91w udon
|t:|1652012408
|gametype|singles
|player|p1|UULT91w Micciu|teammagmagruntf-gen3|1513
|player|p2|UULT91w udon|dawn|1648
|teamsize|p1|6
|teamsize|p2|6
|gen|8
|tier|[Gen 8] UU
|rated|
|rule|Sleep Clause Mod: Limit one foe put to sleep
|rule|Species Clause: Limit one of each Pokémon
|rule|OHKO Clause: OHKO moves are banned
|rule|Evasion Moves Clause: Evasion moves are banned
|rule|Endless Battle Clause: Forcing endless battles is banned
|rule|HP Percentage Mod: HP is shown in percentages
|rule|Dynamax Clause: You cannot dynamax
|clearpoke
|poke|p1|Primarina, F|
|poke|p1|Amoonguss, F|
|poke|p1|Conkeldurr, F|
|poke|p1|Rotom-Heat|
|poke|p1|Jirachi|
|poke|p1|Zarude|
|poke|p2|Hydreigon, M|
|poke|p2|Cobalion|
|poke|p2|Azumarill, M|
|poke|p2|Tangrowth, F|
|poke|p2|Moltres|
|poke|p2|Aegislash, M|
|teampreview
|inactive|Battle timer is ON: inactive players will automatically lose when time's up. (requested by UULT91w Micciu)
|
|t:|1652012422
|start
|switch|p1a: Zarude|Zarude|100/100
|switch|p2a: Hydreigon|Hydreigon, M|100/100
|turn|1
|j| UULT91W ASK
|
|t:|1652012427
|switch|p2a: Cobalion|Cobalion|100/100
|move|p1a: Zarude|U-turn|p2a: Cobalion
|-resisted|p2a: Cobalion
|-damage|p2a: Cobalion|93/100
|-damage|p1a: Zarude|84/100|[from] item: Rocky Helmet|[of] p2a: Cobalion
|l| UULT91W ASK
|j| UULT91w Mimilucha
|
|t:|1652012442
|switch|p1a: Rotom|Rotom-Heat|100/100|[from]move: U-turn
|
|upkeep
|turn|2
|l| UULT91w Mimilucha
|
|t:|1652012451
|move|p2a: Cobalion|Stealth Rock|p1a: Rotom
|-sidestart|p1: UULT91w Micciu|move: Stealth Rock
|move|p1a: Rotom|Thunder Wave|p2a: Cobalion
|-status|p2a: Cobalion|par
|
|upkeep
|turn|3
|
|t:|1652012458
|switch|p2a: Hydreigon|Hydreigon, M|100/100
|move|p1a: Rotom|Thunder Wave|p2a: Hydreigon
|-status|p2a: Hydreigon|par
|
|upkeep
|turn|4
|
|t:|1652012464
|move|p1a: Rotom|Volt Switch|p2a: Hydreigon
|-resisted|p2a: Hydreigon
|-damage|p2a: Hydreigon|87/100 par
|
|t:|1652012466
|switch|p1a: Primarina|Primarina, F|100/100|[from]move: Volt Switch
|-damage|p1a: Primarina|88/100|[from] Stealth Rock
|move|p2a: Hydreigon|Dark Pulse|p1a: Primarina
|-resisted|p1a: Primarina
|-damage|p1a: Primarina|58/100
|
|-heal|p1a: Primarina|64/100|[from] item: Leftovers
|upkeep
|turn|5
|
|t:|1652012476
|switch|p2a: Tangrowth|Tangrowth, F|100/100
|move|p1a: Primarina|Substitute|p1a: Primarina
|-start|p1a: Primarina|Substitute
|-damage|p1a: Primarina|40/100
|
|-heal|p1a: Primarina|46/100|[from] item: Leftovers
|upkeep
|turn|6
|j| Rampagewebber
|j| P.Otaku❄
|
|t:|1652012488
|move|p1a: Primarina|Scald|p2a: Tangrowth
|-resisted|p2a: Tangrowth
|-damage|p2a: Tangrowth|90/100
|-status|p2a: Tangrowth|brn
|move|p2a: Tangrowth|Power Whip|p1a: Primarina
|-supereffective|p1a: Primarina
|-end|p1a: Primarina|Substitute
|
|-heal|p1a: Primarina|52/100|[from] item: Leftovers
|-damage|p2a: Tangrowth|84/100 brn|[from] brn
|upkeep
|turn|7
|
|t:|1652012493
|switch|p1a: Amoonguss|Amoonguss, F|100/100
|-damage|p1a: Amoonguss|88/100|[from] Stealth Rock
|move|p2a: Tangrowth|Knock Off|p1a: Amoonguss
|-damage|p1a: Amoonguss|80/100
|-damage|p2a: Tangrowth|67/100 brn|[from] item: Rocky Helmet|[of] p1a: Amoonguss
|-enditem|p1a: Amoonguss|Rocky Helmet|[from] move: Knock Off|[of] p2a: Tangrowth
|
|-damage|p2a: Tangrowth|61/100 brn|[from] brn
|upkeep
|turn|8
|
|t:|1652012502
|switch|p2a: Cobalion|Cobalion|93/100 par
|switch|p1a: Conkeldurr|Conkeldurr, F|100/100
|-damage|p1a: Conkeldurr|94/100|[from] Stealth Rock
|
|-heal|p1a: Conkeldurr|100/100|[from] item: Leftovers
|upkeep
|turn|9
|
|t:|1652012507
|switch|p2a: Azumarill|Azumarill, M|100/100
|move|p1a: Conkeldurr|Bulk Up|p1a: Conkeldurr
|-boost|p1a: Conkeldurr|atk|1
|-boost|p1a: Conkeldurr|def|1
|
|upkeep
|turn|10
|j| UULT91wdragonitenb
|
|t:|1652012511
|switch|p1a: Amoonguss|Amoonguss, F|100/100
|-damage|p1a: Amoonguss|88/100|[from] Stealth Rock
|move|p2a: Azumarill|Play Rough|p1a: Amoonguss|[miss]
|-miss|p2a: Azumarill|p1a: Amoonguss
|
|upkeep
|turn|11
|l| UULT91wdragonitenb
|
|t:|1652012524
|switch|p2a: Cobalion|Cobalion|93/100 par
|switch|p1a: Jirachi|Jirachi|100/100
|-damage|p1a: Jirachi|94/100|[from] Stealth Rock
|
|-heal|p1a: Jirachi|100/100|[from] item: Leftovers
|upkeep
|turn|12
|
|t:|1652012536
|move|p1a: Jirachi|Stealth Rock|p2a: Cobalion
|-sidestart|p2: UULT91w udon|move: Stealth Rock
|cant|p2a: Cobalion|par
|
|upkeep
|turn|13
|
|t:|1652012547
|move|p1a: Jirachi|Wish|p1a: Jirachi
|cant|p2a: Cobalion|par
|
|upkeep
|turn|14
|
|t:|1652012553
|switch|p1a: Primarina|Primarina, F|52/100
|-damage|p1a: Primarina|39/100|[from] Stealth Rock
|move|p2a: Cobalion|Swords Dance|p2a: Cobalion
|-boost|p2a: Cobalion|atk|2
|
|-heal|p1a: Primarina|95/100|[from] move: Wish|[wisher] Jirachi
|-heal|p1a: Primarina|100/100|[from] item: Leftovers
|upkeep
|turn|15
|
|t:|1652012559
|switch|p1a: Amoonguss|Amoonguss, F|100/100
|-damage|p1a: Amoonguss|88/100|[from] Stealth Rock
|cant|p2a: Cobalion|par
|
|upkeep
|turn|16
|
|t:|1652012564
|move|p2a: Cobalion|Stone Edge|p1a: Amoonguss
|-damage|p1a: Amoonguss|50/100
|move|p1a: Amoonguss|Foul Play|p2a: Cobalion
|-resisted|p2a: Cobalion
|-damage|p2a: Cobalion|73/100 par
|-damage|p1a: Amoonguss|34/100|[from] item: Rocky Helmet|[of] p2a: Cobalion
|-ability|p2a: Cobalion|Justified|boost
|-boost|p2a: Cobalion|atk|1
|
|upkeep
|turn|17
|
|t:|1652012584
|switch|p1a: Jirachi|Jirachi|100/100
|-damage|p1a: Jirachi|94/100|[from] Stealth Rock
|move|p2a: Cobalion|Close Combat|p1a: Jirachi
|-damage|p1a: Jirachi|0 fnt
|-unboost|p2a: Cobalion|def|1
|-unboost|p2a: Cobalion|spd|1
|faint|p1a: Jirachi
|
|upkeep
|j| chiharu haru
|l| chiharu haru
|
|t:|1652012597
|switch|p1a: Rotom|Rotom-Heat|100/100
|turn|18
|
|t:|1652012601
|switch|p2a: Tangrowth|Tangrowth, F|94/100 brn
|-damage|p2a: Tangrowth|82/100 brn|[from] Stealth Rock
|move|p1a: Rotom|Volt Switch|p2a: Tangrowth
|-resisted|p2a: Tangrowth
|-damage|p2a: Tangrowth|74/100 brn
|
|t:|1652012607
|switch|p1a: Conkeldurr|Conkeldurr, F|100/100|[from]move: Volt Switch
|-damage|p1a: Conkeldurr|94/100|[from] Stealth Rock
|
|-heal|p1a: Conkeldurr|100/100|[from] item: Leftovers
|-damage|p2a: Tangrowth|68/100 brn|[from] brn
|upkeep
|turn|19
|
|t:|1652012614
|switch|p2a: Azumarill|Azumarill, M|100/100
|-damage|p2a: Azumarill|88/100|[from] Stealth Rock
|move|p1a: Conkeldurr|Knock Off|p2a: Azumarill
|-resisted|p2a: Azumarill
|-damage|p2a: Azumarill|73/100
|-enditem|p2a: Azumarill|Choice Band|[from] move: Knock Off|[of] p1a: Conkeldurr
|
|upkeep
|turn|20
|
|t:|1652012633
|switch|p2a: Aegislash|Aegislash, M|100/100
|-damage|p2a: Aegislash|94/100|[from] Stealth Rock
|switch|p1a: Amoonguss|Amoonguss, F|67/100
|-damage|p1a: Amoonguss|55/100|[from] Stealth Rock
|
|upkeep
|turn|21
|
|t:|1652012642
|switch|p1a: Zarude|Zarude|84/100
|-damage|p1a: Zarude|72/100|[from] Stealth Rock
|-formechange|p2a: Aegislash|Aegislash-Blade||[from] ability: Stance Change
|move|p2a: Aegislash|Flash Cannon|p1a: Zarude
|-damage|p1a: Zarude|8/100
|-damage|p2a: Aegislash|84/100|[from] item: Life Orb
|
|upkeep
|turn|22
|
|t:|1652012655
|switch|p1a: Amoonguss|Amoonguss, F|88/100
|-damage|p1a: Amoonguss|76/100|[from] Stealth Rock
|move|p2a: Aegislash|Shadow Sneak|p1a: Amoonguss
|-damage|p1a: Amoonguss|58/100
|-damage|p2a: Aegislash|75/100|[from] item: Life Orb
|
|upkeep
|turn|23
|
|t:|1652012662
|switch|p2a: Moltres|Moltres|100/100
|move|p1a: Amoonguss|Spore|p2a: Moltres
|-status|p2a: Moltres|slp|[from] move: Spore
|
|upkeep
|turn|24
|
|t:|1652012671
|switch|p1a: Rotom|Rotom-Heat|100/100
|cant|p2a: Moltres|slp
|
|upkeep
|turn|25
|
|t:|1652012680
|switch|p2a: Tangrowth|Tangrowth, F|100/100 brn
|-damage|p2a: Tangrowth|88/100 brn|[from] Stealth Rock
|move|p1a: Rotom|Volt Switch|p2a: Tangrowth
|-resisted|p2a: Tangrowth
|-damage|p2a: Tangrowth|81/100 brn
|
|t:|1652012681
|switch|p1a: Conkeldurr|Conkeldurr, F|100/100|[from]move: Volt Switch
|-damage|p1a: Conkeldurr|94/100|[from] Stealth Rock
|
|-heal|p1a: Conkeldurr|100/100|[from] item: Leftovers
|-damage|p2a: Tangrowth|75/100 brn|[from] brn
|upkeep
|turn|26
|
|t:|1652012692
|switch|p2a: Azumarill|Azumarill, M|73/100
|-damage|p2a: Azumarill|61/100|[from] Stealth Rock
|move|p1a: Conkeldurr|Bulk Up|p1a: Conkeldurr
|-boost|p1a: Conkeldurr|atk|1
|-boost|p1a: Conkeldurr|def|1
|
|upkeep
|turn|27
|
|t:|1652012698
|move|p2a: Azumarill|Play Rough|p1a: Conkeldurr
|-supereffective|p1a: Conkeldurr
|-damage|p1a: Conkeldurr|34/100
|move|p1a: Conkeldurr|Drain Punch|p2a: Azumarill
|-resisted|p2a: Azumarill
|-damage|p2a: Azumarill|35/100
|-heal|p1a: Conkeldurr|46/100|[from] drain|[of] p2a: Azumarill
|
|-heal|p1a: Conkeldurr|52/100|[from] item: Leftovers
|upkeep
|turn|28
|j| UULT91wdragonitenb
|
|t:|1652012707
|switch|p1a: Amoonguss|Amoonguss, F|91/100
|-damage|p1a: Amoonguss|78/100|[from] Stealth Rock
|move|p2a: Azumarill|Play Rough|p1a: Amoonguss
|-resisted|p1a: Amoonguss
|-damage|p1a: Amoonguss|59/100
|
|upkeep
|turn|29
|
|t:|1652012721
|switch|p2a: Cobalion|Cobalion|73/100 par
|-damage|p2a: Cobalion|70/100 par|[from] Stealth Rock
|switch|p1a: Conkeldurr|Conkeldurr, F|52/100
|-damage|p1a: Conkeldurr|46/100|[from] Stealth Rock
|
|-heal|p1a: Conkeldurr|52/100|[from] item: Leftovers
|upkeep
|turn|30
|
|t:|1652012746
|switch|p2a: Azumarill|Azumarill, M|35/100
|-damage|p2a: Azumarill|23/100|[from] Stealth Rock
|move|p1a: Conkeldurr|Drain Punch|p2a: Azumarill
|-resisted|p2a: Azumarill
|-damage|p2a: Azumarill|6/100
|-heal|p1a: Conkeldurr|61/100|[from] drain|[of] p2a: Azumarill
|
|-heal|p1a: Conkeldurr|67/100|[from] item: Leftovers
|upkeep
|turn|31
|
|t:|1652012751
|move|p1a: Conkeldurr|Mach Punch|p2a: Azumarill
|-resisted|p2a: Azumarill
|-crit|p2a: Azumarill
|-damage|p2a: Azumarill|0 fnt
|faint|p2a: Azumarill
|
|-heal|p1a: Conkeldurr|73/100|[from] item: Leftovers
|upkeep
|
|t:|1652012755
|switch|p2a: Moltres|Moltres|100/100 slp
|turn|32
|
|t:|1652012761
|cant|p2a: Moltres|slp
|move|p1a: Conkeldurr|Knock Off|p2a: Moltres
|-damage|p2a: Moltres|71/100 slp
|-enditem|p2a: Moltres|Heavy-Duty Boots|[from] move: Knock Off|[of] p1a: Conkeldurr
|
|-heal|p1a: Conkeldurr|79/100|[from] item: Leftovers
|upkeep
|turn|33
|
|t:|1652012765
|switch|p1a: Rotom|Rotom-Heat|100/100
|cant|p2a: Moltres|slp
|
|upkeep
|turn|34
|
|t:|1652012773
|move|p1a: Rotom|Thunder Wave|p2a: Moltres|[miss]
|-miss|p1a: Rotom|p2a: Moltres
|-curestatus|p2a: Moltres|slp|[msg]
|move|p2a: Moltres|Defog|p1a: Rotom
|-unboost|p1a: Rotom|evasion|1
|-sideend|p1: UULT91w Micciu|Stealth Rock|[from] move: Defog|[of] p2a: Moltres
|-sideend|p2: UULT91w udon|Stealth Rock|[from] move: Defog|[of] p2a: Moltres
|
|upkeep
|turn|35
|
|t:|1652012779
|switch|p2a: Hydreigon|Hydreigon, M|87/100 par
|move|p1a: Rotom|Volt Switch|p2a: Hydreigon
|-resisted|p2a: Hydreigon
|-damage|p2a: Hydreigon|74/100 par
|
|t:|1652012784
|switch|p1a: Conkeldurr|Conkeldurr, F|79/100|[from]move: Volt Switch
|
|-heal|p1a: Conkeldurr|85/100|[from] item: Leftovers
|upkeep
|turn|36
|
|t:|1652012791
|move|p2a: Hydreigon|Draco Meteor|p1a: Conkeldurr
|-damage|p1a: Conkeldurr|4/100
|-unboost|p2a: Hydreigon|spa|2
|move|p1a: Conkeldurr|Bulk Up|p1a: Conkeldurr
|-boost|p1a: Conkeldurr|atk|1
|-boost|p1a: Conkeldurr|def|1
|
|-heal|p1a: Conkeldurr|10/100|[from] item: Leftovers
|upkeep
|turn|37
|
|t:|1652012798
|switch|p2a: Cobalion|Cobalion|70/100 par
|move|p1a: Conkeldurr|Mach Punch|p2a: Cobalion
|-supereffective|p2a: Cobalion
|-damage|p2a: Cobalion|20/100 par
|-damage|p1a: Conkeldurr|0 fnt|[from] item: Rocky Helmet|[of] p2a: Cobalion
|faint|p1a: Conkeldurr
|
|upkeep
|j| Opela
|
|t:|1652012805
|switch|p1a: Rotom|Rotom-Heat|100/100
|turn|38
|
|t:|1652012815
|switch|p2a: Hydreigon|Hydreigon, M|74/100 par
|move|p1a: Rotom|Volt Switch|p2a: Hydreigon
|-resisted|p2a: Hydreigon
|-crit|p2a: Hydreigon
|-damage|p2a: Hydreigon|52/100 par
|
|t:|1652012821
|switch|p1a: Primarina|Primarina, F|100/100|[from]move: Volt Switch
|
|upkeep
|turn|39
|
|t:|1652012827
|switch|p2a: Tangrowth|Tangrowth, F|100/100 brn
|move|p1a: Primarina|Substitute|p1a: Primarina
|-start|p1a: Primarina|Substitute
|-damage|p1a: Primarina|76/100
|
|-heal|p1a: Primarina|82/100|[from] item: Leftovers
|-damage|p2a: Tangrowth|94/100 brn|[from] brn
|upkeep
|turn|40
|
|t:|1652012831
|move|p1a: Primarina|Calm Mind|p1a: Primarina
|-boost|p1a: Primarina|spa|1
|-boost|p1a: Primarina|spd|1
|move|p2a: Tangrowth|Power Whip|p1a: Primarina
|-supereffective|p1a: Primarina
|-end|p1a: Primarina|Substitute
|
|-heal|p1a: Primarina|88/100|[from] item: Leftovers
|-damage|p2a: Tangrowth|88/100 brn|[from] brn
|upkeep
|turn|41
|
|t:|1652012845
|switch|p1a: Amoonguss|Amoonguss, F|92/100
|move|p2a: Tangrowth|Power Whip|p1a: Amoonguss|[miss]
|-miss|p2a: Tangrowth|p1a: Amoonguss
|
|-damage|p2a: Tangrowth|82/100 brn|[from] brn
|upkeep
|turn|42
|
|t:|1652012852
|switch|p2a: Cobalion|Cobalion|20/100 par
|move|p1a: Amoonguss|Sludge Bomb|p2a: Cobalion
|-immune|p2a: Cobalion
|
|upkeep
|turn|43
|
|t:|1652012856
|move|p2a: Cobalion|Stealth Rock|p1a: Amoonguss
|-sidestart|p1: UULT91w Micciu|move: Stealth Rock
|move|p1a: Amoonguss|Foul Play|p2a: Cobalion
|-resisted|p2a: Cobalion
|-damage|p2a: Cobalion|10/100 par
|-damage|p1a: Amoonguss|76/100|[from] item: Rocky Helmet|[of] p2a: Cobalion
|-ability|p2a: Cobalion|Justified|boost
|-boost|p2a: Cobalion|atk|1
|
|upkeep
|turn|44
|
|t:|1652012866
|cant|p2a: Cobalion|par
|move|p1a: Amoonguss|Foul Play|p2a: Cobalion
|-resisted|p2a: Cobalion
|-damage|p2a: Cobalion|0 fnt
|-damage|p1a: Amoonguss|59/100|[from] item: Rocky Helmet|[of] p2a: Cobalion
|faint|p2a: Cobalion
|
|upkeep
|
|t:|1652012869
|switch|p2a: Hydreigon|Hydreigon, M|52/100 par
|turn|45
|
|t:|1652012873
|switch|p1a: Zarude|Zarude|8/100
|-damage|p1a: Zarude|0 fnt|[from] Stealth Rock
|faint|p1a: Zarude
|move|p2a: Hydreigon|Dark Pulse|p1: Zarude|[notarget]
|-fail|p2a: Hydreigon
|
|upkeep
|
|t:|1652012877
|switch|p1a: Primarina|Primarina, F|88/100
|-damage|p1a: Primarina|75/100|[from] Stealth Rock
|turn|46
|l| UULT91wdragonitenb
|j| Allen-xia
|
|t:|1652012882
|switch|p2a: Tangrowth|Tangrowth, F|100/100 brn
|move|p1a: Primarina|Draining Kiss|p2a: Tangrowth
|-damage|p2a: Tangrowth|87/100 brn
|-heal|p1a: Primarina|87/100|[from] drain|[of] p2a: Tangrowth
|
|-heal|p1a: Primarina|93/100|[from] item: Leftovers
|-damage|p2a: Tangrowth|81/100 brn|[from] brn
|upkeep
|turn|47
|
|t:|1652012889
|switch|p1a: Amoonguss|Amoonguss, F|93/100
|-damage|p1a: Amoonguss|80/100|[from] Stealth Rock
|move|p2a: Tangrowth|Knock Off|p1a: Amoonguss
|-damage|p1a: Amoonguss|75/100
|
|-damage|p2a: Tangrowth|75/100 brn|[from] brn
|upkeep
|turn|48
|
|t:|1652012914
|switch|p2a: Hydreigon|Hydreigon, M|52/100 par
|move|p1a: Amoonguss|Sludge Bomb|p2a: Hydreigon
|-damage|p2a: Hydreigon|25/100 par
|
|upkeep
|turn|49
|
|t:|1652012918
|switch|p1a: Primarina|Primarina, F|93/100
|-damage|p1a: Primarina|80/100|[from] Stealth Rock
|move|p2a: Hydreigon|Dark Pulse|p1a: Primarina
|-resisted|p1a: Primarina
|-damage|p1a: Primarina|55/100
|
|-heal|p1a: Primarina|61/100|[from] item: Leftovers
|upkeep
|turn|50
|j| battlefleet
|
|t:|1652012923
|move|p1a: Primarina|Draining Kiss|p2a: Hydreigon
|-supereffective|p2a: Hydreigon
|-damage|p2a: Hydreigon|0 fnt
|-heal|p1a: Primarina|78/100|[from] drain|[of] p2a: Hydreigon
|faint|p2a: Hydreigon
|
|-heal|p1a: Primarina|85/100|[from] item: Leftovers
|upkeep
|
|t:|1652012937
|switch|p2a: Aegislash|Aegislash, M|75/100
|turn|51
|
|t:|1652012946
|move|p1a: Primarina|Calm Mind|p1a: Primarina
|-boost|p1a: Primarina|spa|1
|-boost|p1a: Primarina|spd|1
|-formechange|p2a: Aegislash|Aegislash-Blade||[from] ability: Stance Change
|move|p2a: Aegislash|Shadow Ball|p1a: Primarina
|-damage|p1a: Primarina|50/100
|-damage|p2a: Aegislash|65/100|[from] item: Life Orb
|
|-heal|p1a: Primarina|56/100|[from] item: Leftovers
|upkeep
|turn|52
|
|t:|1652012952
|switch|p2a: Tangrowth|Tangrowth, F|100/100 brn
|move|p1a: Primarina|Scald|p2a: Tangrowth
|-resisted|p2a: Tangrowth
|-damage|p2a: Tangrowth|86/100 brn
|
|-heal|p1a: Primarina|62/100|[from] item: Leftovers
|-damage|p2a: Tangrowth|79/100 brn|[from] brn
|upkeep
|turn|53
|
|t:|1652012961
|switch|p2a: Moltres|Moltres|71/100
|move|p1a: Primarina|Draining Kiss|p2a: Moltres
|-resisted|p2a: Moltres
|-damage|p2a: Moltres|55/100
|-heal|p1a: Primarina|74/100|[from] drain|[of] p2a: Moltres
|
|-heal|p1a: Primarina|80/100|[from] item: Leftovers
|upkeep
|turn|54
|
|t:|1652012967
|switch|p2a: Tangrowth|Tangrowth, F|100/100 brn
|move|p1a: Primarina|Substitute|p1a: Primarina
|-start|p1a: Primarina|Substitute
|-damage|p1a: Primarina|56/100
|
|-heal|p1a: Primarina|62/100|[from] item: Leftovers
|-damage|p2a: Tangrowth|94/100 brn|[from] brn
|upkeep
|turn|55
|
|t:|1652012970
|move|p1a: Primarina|Draining Kiss|p2a: Tangrowth
|-damage|p2a: Tangrowth|75/100 brn
|-heal|p1a: Primarina|78/100|[from] drain|[of] p2a: Tangrowth
|move|p2a: Tangrowth|Power Whip|p1a: Primarina
|-supereffective|p1a: Primarina
|-end|p1a: Primarina|Substitute
|
|-heal|p1a: Primarina|84/100|[from] item: Leftovers
|-damage|p2a: Tangrowth|69/100 brn|[from] brn
|upkeep
|turn|56
|
|t:|1652012975
|switch|p1a: Amoonguss|Amoonguss, F|100/100
|-damage|p1a: Amoonguss|88/100|[from] Stealth Rock
|move|p2a: Tangrowth|Power Whip|p1a: Amoonguss
|-resisted|p1a: Amoonguss
|-damage|p1a: Amoonguss|84/100
|
|-damage|p2a: Tangrowth|62/100 brn|[from] brn
|upkeep
|turn|57
|j| Aiyaru
|
|t:|1652012983
|move|p2a: Tangrowth|Earthquake|p1a: Amoonguss
|-damage|p1a: Amoonguss|76/100
|move|p1a: Amoonguss|Spore|p2a: Tangrowth
|-immune|p2a: Tangrowth
|
|-damage|p2a: Tangrowth|56/100 brn|[from] brn
|upkeep
|turn|58
|
|t:|1652012987
|switch|p2a: Moltres|Moltres|55/100
|move|p1a: Amoonguss|Spore|p2a: Moltres
|-status|p2a: Moltres|slp|[from] move: Spore
|
|upkeep
|turn|59
|j| UULT91wdragonitenb
|
|t:|1652012993
|cant|p2a: Moltres|slp
|move|p1a: Amoonguss|Sludge Bomb|p2a: Moltres
|-damage|p2a: Moltres|24/100 slp
|
|upkeep
|turn|60
|l| UULT91wdragonitenb
|
|t:|1652012995
|-curestatus|p2a: Moltres|slp|[msg]
|move|p2a: Moltres|Roost|p2a: Moltres
|-heal|p2a: Moltres|75/100
|-singleturn|p2a: Moltres|move: Roost
|move|p1a: Amoonguss|Sludge Bomb|p2a: Moltres
|-damage|p2a: Moltres|47/100
|-status|p2a: Moltres|psn
|
|-damage|p2a: Moltres|35/100 psn|[from] psn
|upkeep
|turn|61
|
|t:|1652013000
|switch|p1a: Rotom|Rotom-Heat|100/100
|move|p2a: Moltres|Hurricane|p1a: Rotom|[miss]
|-miss|p2a: Moltres|p1a: Rotom
|
|-damage|p2a: Moltres|23/100 psn|[from] psn
|upkeep
|turn|62
|-message|UULT91w udon forfeited.
|
|win|UULT91w Micciu
|raw|UULT91w Micciu's rating: 1513 &rarr; <strong>1540</strong><br />(+27 for winning)
|raw|UULT91w udon's rating: 1648 &rarr; <strong>1621</strong><br />(-27 for losing)
|l|☆UULT91w udon
|l| Rampagewebber
|c|☆UULT91w Micciu|so prodige
|l| battlefleet
|l| Opela
|l|☆UULT91w Micciu
|l| Aiyaru
|l| Allen-xia
|j| UULT91wdragonitenb
|l| UULT91wdragonitenb
