|j|☆big baz
|j|☆uum3 cute
|player|p1|big baz|ltsurge|1603
|player|p2|uum3 cute|beauty-gen7|1391
|teamsize|p1|6
|teamsize|p2|6
|gametype|singles
|gen|8
|tier|[Gen 8] UU
|rated|
|html|<div class="broadcast-red"><strong>UU is currently suspecting Mamoswine! For information on how to participate check out the <a href="https://www.smogon.com/forums/threads/3661513/">suspect thread</a>.</strong></div>
|clearpoke
|poke|p1|Chandelure, F|
|poke|p1|Sirfetch'd, M|
|poke|p1|Silvally-*|
|poke|p1|Cobalion|
|poke|p1|Umbreon, M|
|poke|p1|Vikavolt, F|
|poke|p2|Sandaconda, F|
|poke|p2|Mamoswine, M|
|poke|p2|Haxorus, F|
|poke|p2|Espeon, M|
|poke|p2|Vanilluxe, F|
|poke|p2|Araquanid, M|
|rule|Sleep Clause Mod: Limit one foe put to sleep
|rule|Species Clause: Limit one of each Pokémon
|rule|OHKO Clause: OHKO moves are banned
|rule|Evasion Moves Clause: Evasion moves are banned
|rule|Endless Battle Clause: Forcing endless battles is banned
|rule|HP Percentage Mod: HP is shown in percentages
|rule|Dynamax Clause: You cannot dynamax
|teampreview
|
|start
|switch|p1a: Vikavolt|Vikavolt, F|100/100
|switch|p2a: Espeon|Espeon, M|100/100
|turn|1
|
|move|p2a: Espeon|Psychic|p1a: Vikavolt
|-damage|p1a: Vikavolt|10/100
|move|p1a: Vikavolt|Bug Buzz|p2a: Espeon
|-supereffective|p2a: Espeon
|-damage|p2a: Espeon|0 fnt
|faint|p2a: Espeon
|
|upkeep
|
|switch|p2a: Sandaconda|Sandaconda, F|100/100
|turn|2
|
|move|p2a: Sandaconda|Body Press|p1a: Vikavolt
|-resisted|p1a: Vikavolt
|-damage|p1a: Vikavolt|0 fnt
|faint|p1a: Vikavolt
|
|upkeep
|
|switch|p1a: Sirfetch'd|Sirfetch'd, M|100/100
|turn|3
|
|move|p2a: Sandaconda|Earthquake|p1a: Sirfetch'd
|-damage|p1a: Sirfetch'd|50/100
|move|p1a: Sirfetch'd|Close Combat|p2a: Sandaconda
|-crit|p2a: Sandaconda
|-damage|p2a: Sandaconda|0 fnt
|-unboost|p1a: Sirfetch'd|def|1
|-unboost|p1a: Sirfetch'd|spd|1
|-weather|Sandstorm|[from] ability: Sand Spit|[of] p2a: Sandaconda
|faint|p2a: Sandaconda
|
|-weather|Sandstorm|[upkeep]
|-damage|p1a: Sirfetch'd|44/100|[from] Sandstorm
|upkeep
|
|switch|p2a: Mamoswine|Mamoswine, M|100/100
|turn|4
|
|switch|p1a: Umbreon|Umbreon, M|100/100
|move|p2a: Mamoswine|Earthquake|p1a: Umbreon
|-damage|p1a: Umbreon|44/100
|-damage|p2a: Mamoswine|91/100|[from] item: Life Orb
|
|-weather|Sandstorm|[upkeep]
|-damage|p1a: Umbreon|38/100|[from] Sandstorm
|-heal|p1a: Umbreon|44/100|[from] item: Leftovers
|upkeep
|turn|5
|
|move|p1a: Umbreon|Protect|p1a: Umbreon
|-singleturn|p1a: Umbreon|Protect
|move|p2a: Mamoswine|Earthquake|p1a: Umbreon
|-activate|p1a: Umbreon|move: Protect
|
|-weather|Sandstorm|[upkeep]
|-damage|p1a: Umbreon|38/100|[from] Sandstorm
|-heal|p1a: Umbreon|44/100|[from] item: Leftovers
|upkeep
|turn|6
|
|move|p2a: Mamoswine|Earthquake|p1a: Umbreon
|-crit|p1a: Umbreon
|-damage|p1a: Umbreon|0 fnt
|-damage|p2a: Mamoswine|81/100|[from] item: Life Orb
|faint|p1a: Umbreon
|
|-weather|Sandstorm|[upkeep]
|upkeep
|
|switch|p1a: Silvally|Silvally-Fairy|100/100
|turn|7
|
|move|p1a: Silvally|Multi-Attack|p2a: Mamoswine
|-damage|p2a: Mamoswine|34/100
|move|p2a: Mamoswine|Earthquake|p1a: Silvally
|-damage|p1a: Silvally|28/100
|-damage|p2a: Mamoswine|24/100|[from] item: Life Orb
|
|-weather|none
|upkeep
|turn|8
|
|move|p2a: Mamoswine|Ice Shard|p1a: Silvally
|-damage|p1a: Silvally|0 fnt
|-damage|p2a: Mamoswine|14/100|[from] item: Life Orb
|faint|p1a: Silvally
|
|upkeep
|
|switch|p1a: Cobalion|Cobalion|100/100
|turn|9
|
|switch|p2a: Araquanid|Araquanid, M|100/100
|move|p1a: Cobalion|Iron Head|p2a: Araquanid
|-resisted|p2a: Araquanid
|-damage|p2a: Araquanid|84/100
|-enditem|p2a: Araquanid|Red Card|[of] p1a: Cobalion
|drag|p1a: Sirfetch'd|Sirfetch'd, M|44/100
|
|upkeep
|turn|10
|
|switch|p2a: Vanilluxe|Vanilluxe, F|100/100
|-weather|Hail|[from] ability: Snow Warning|[of] p2a: Vanilluxe
|move|p1a: Sirfetch'd|Brave Bird|p2a: Vanilluxe
|-damage|p2a: Vanilluxe|0 fnt
|-damage|p1a: Sirfetch'd|9/100|[from] Recoil
|faint|p2a: Vanilluxe
|
|-weather|Hail|[upkeep]
|-damage|p1a: Sirfetch'd|3/100|[from] Hail
|upkeep
|
|switch|p2a: Haxorus|Haxorus, F|100/100
|-ability|p2a: Haxorus|Mold Breaker
|turn|11
|
|move|p2a: Haxorus|Dragon Dance|p2a: Haxorus
|-boost|p2a: Haxorus|atk|1
|-boost|p2a: Haxorus|spe|1
|move|p1a: Sirfetch'd|Brave Bird|p2a: Haxorus
|-damage|p2a: Haxorus|14/100
|-damage|p1a: Sirfetch'd|0 fnt|[from] Recoil
|faint|p1a: Sirfetch'd
|
|-weather|Hail|[upkeep]
|-damage|p2a: Haxorus|8/100|[from] Hail
|upkeep
|
|switch|p1a: Cobalion|Cobalion|100/100
|turn|12
|
|move|p2a: Haxorus|Earthquake|p1a: Cobalion
|-supereffective|p1a: Cobalion
|-enditem|p1a: Cobalion|Shuca Berry|[eat]
|-enditem|p1a: Cobalion|Shuca Berry|[weaken]
|-damage|p1a: Cobalion|36/100
|-damage|p2a: Haxorus|0 fnt|[from] item: Life Orb
|faint|p2a: Haxorus
|move|p1a: Cobalion|Iron Head|p2: Haxorus|[notarget]
|-fail|p1a: Cobalion
|
|-weather|Hail|[upkeep]
|-damage|p1a: Cobalion|30/100|[from] Hail
|upkeep
|
|switch|p2a: Mamoswine|Mamoswine, M|14/100
|turn|13
|
|move|p2a: Mamoswine|Ice Shard|p1a: Cobalion
|-resisted|p1a: Cobalion
|-damage|p1a: Cobalion|17/100
|-damage|p2a: Mamoswine|4/100|[from] item: Life Orb
|move|p1a: Cobalion|Iron Head|p2a: Mamoswine
|-supereffective|p2a: Mamoswine
|-damage|p2a: Mamoswine|0 fnt
|faint|p2a: Mamoswine
|
|-weather|Hail|[upkeep]
|-damage|p1a: Cobalion|11/100|[from] Hail
|upkeep
|
|switch|p2a: Araquanid|Araquanid, M|84/100
|turn|14
|
|move|p1a: Cobalion|Iron Head|p2a: Araquanid
|-resisted|p2a: Araquanid
|-damage|p2a: Araquanid|65/100
|move|p2a: Araquanid|Liquidation|p1a: Cobalion
|-damage|p1a: Cobalion|0 fnt
|faint|p1a: Cobalion
|
|-weather|none
|upkeep
|
|switch|p1a: Chandelure|Chandelure, F|100/100
|turn|15
|
|move|p1a: Chandelure|Shadow Ball|p2a: Araquanid
|-damage|p2a: Araquanid|28/100
|move|p2a: Araquanid|Liquidation|p1a: Chandelure
|-supereffective|p1a: Chandelure
|-damage|p1a: Chandelure|0 fnt
|faint|p1a: Chandelure
|
|win|uum3 cute
|l|☆big baz
|c|☆uum3 cute|gg
||Ladder (probably) updated, but score could not be retrieved (Response not received).
