|j|☆ExiDudi
|j|☆Rolerola
|t:|1666563285
|gametype|singles
|player|p1|ExiDudi|doctor|1478
|player|p2|Rolerola|iris|1517
|teamsize|p1|6
|teamsize|p2|6
|gen|8
|tier|[Gen 8] UU
|rated|
|rule|Sleep Clause Mod: Limit one foe put to sleep
|rule|Species Clause: Limit one of each Pokémon
|rule|OHKO Clause: OHKO moves are banned
|rule|Evasion Items Clause: Evasion items are banned
|rule|Evasion Moves Clause: Evasion moves are banned
|rule|Endless Battle Clause: Forcing endless battles is banned
|rule|HP Percentage Mod: HP is shown in percentages
|rule|Dynamax Clause: You cannot dynamax
|clearpoke
|poke|p1|Hatterene, F|
|poke|p1|Mandibuzz, F|
|poke|p1|Hippowdon, M|
|poke|p1|Chansey, F|
|poke|p1|Tangrowth, F|
|poke|p1|Chandelure, M|
|poke|p2|Keldeo-Resolute|
|poke|p2|Chansey, F|
|poke|p2|Nidoqueen, F|
|poke|p2|Scizor, F|
|poke|p2|Hatterene, F|
|poke|p2|Salamence, F|
|teampreview
|inactive|Battle timer is ON: inactive players will automatically lose when time's up. (requested by Rolerola)
|inactive|ExiDudi has 120 seconds left.
|
|t:|1666563319
|start
|switch|p1a: Chandelure|Chandelure, M|100/100
|switch|p2a: Keldeo|Keldeo-Resolute|100/100
|turn|1
|
|t:|1666563326
|switch|p2a: Chansey|Chansey, F|100/100
|switch|p1a: Tangrowth|Tangrowth, F|100/100
|
|upkeep
|turn|2
|
|t:|1666563331
|move|p2a: Chansey|Toxic|p1a: Tangrowth
|-status|p1a: Tangrowth|tox
|move|p1a: Tangrowth|Knock Off|p2a: Chansey
|-damage|p2a: Chansey|86/100
|-enditem|p2a: Chansey|Eviolite|[from] move: Knock Off|[of] p1a: Tangrowth
|
|-damage|p1a: Tangrowth|94/100 tox|[from] psn
|upkeep
|turn|3
|
|t:|1666563335
|switch|p1a: Hatterene|Hatterene, F|100/100
|move|p2a: Chansey|Teleport|p2a: Chansey
|
|t:|1666563340
|switch|p2a: Nidoqueen|Nidoqueen, F|100/100|[from]move: Teleport
|
|upkeep
|turn|4
|
|t:|1666563346
|switch|p1a: Hippowdon|Hippowdon, M|100/100
|-weather|Sandstorm|[from] ability: Sand Stream|[of] p1a: Hippowdon
|move|p2a: Nidoqueen|Sludge Wave|p1a: Hippowdon
|-resisted|p1a: Hippowdon
|-damage|p1a: Hippowdon|75/100
|
|-weather|Sandstorm|[upkeep]
|-heal|p1a: Hippowdon|81/100|[from] item: Leftovers
|upkeep
|turn|5
|
|t:|1666563353
|switch|p2a: Hatterene|Hatterene, F|100/100
|switch|p1a: Chandelure|Chandelure, M|100/100
|
|-weather|Sandstorm|[upkeep]
|-damage|p1a: Chandelure|94/100|[from] Sandstorm
|-damage|p2a: Hatterene|95/100|[from] Sandstorm
|-heal|p2a: Hatterene|100/100|[from] item: Leftovers
|upkeep
|turn|6
|
|t:|1666563358
|switch|p2a: Chansey|Chansey, F|86/100
|move|p1a: Chandelure|Fire Blast|p2a: Chansey
|-damage|p2a: Chansey|47/100
|
|-weather|Sandstorm|[upkeep]
|-damage|p1a: Chandelure|88/100|[from] Sandstorm
|-damage|p2a: Chansey|41/100|[from] Sandstorm
|upkeep
|turn|7
|
|t:|1666563363
|switch|p1a: Hatterene|Hatterene, F|100/100
|move|p2a: Chansey|Soft-Boiled|p2a: Chansey
|-heal|p2a: Chansey|91/100
|
|-weather|Sandstorm|[upkeep]
|-damage|p2a: Chansey|85/100|[from] Sandstorm
|-damage|p1a: Hatterene|95/100|[from] Sandstorm
|-heal|p1a: Hatterene|100/100|[from] item: Leftovers
|upkeep
|turn|8
|
|t:|1666563367
|move|p1a: Hatterene|Calm Mind|p1a: Hatterene
|-boost|p1a: Hatterene|spa|1
|-boost|p1a: Hatterene|spd|1
|move|p2a: Chansey|Teleport|p2a: Chansey
|
|t:|1666563370
|switch|p2a: Scizor|Scizor, F|100/100|[from]move: Teleport
|
|-weather|none
|upkeep
|turn|9
|
|t:|1666563373
|move|p2a: Scizor|U-turn|p1a: Hatterene
|-damage|p1a: Hatterene|54/100
|
|t:|1666563382
|switch|p2a: Chansey|Chansey, F|85/100|[from]move: U-turn
|move|p1a: Hatterene|Psyshock|p2a: Chansey
|-damage|p2a: Chansey|30/100
|
|-heal|p1a: Hatterene|60/100|[from] item: Leftovers
|upkeep
|turn|10
|
|t:|1666563390
|switch|p2a: Scizor|Scizor, F|100/100
|move|p1a: Hatterene|Draining Kiss|p2a: Scizor
|-resisted|p2a: Scizor
|-damage|p2a: Scizor|80/100
|-heal|p1a: Hatterene|77/100|[from] drain|[of] p2a: Scizor
|
|-heal|p1a: Hatterene|83/100|[from] item: Leftovers
|upkeep
|turn|11
|
|t:|1666563395
|move|p2a: Scizor|Bullet Punch|p1a: Hatterene
|-supereffective|p1a: Hatterene
|-damage|p1a: Hatterene|0 fnt
|faint|p1a: Hatterene
|
|upkeep
|
|t:|1666563398
|switch|p1a: Chandelure|Chandelure, M|88/100
|turn|12
|
|t:|1666563407
|switch|p2a: Keldeo|Keldeo-Resolute|100/100
|move|p1a: Chandelure|Shadow Ball|p2a: Keldeo
|-damage|p2a: Keldeo|27/100
|
|upkeep
|turn|13
|
|t:|1666563420
|switch|p1a: Mandibuzz|Mandibuzz, F|100/100
|move|p2a: Keldeo|Surf|p1a: Mandibuzz
|-damage|p1a: Mandibuzz|41/100
|
|upkeep
|turn|14
|
|t:|1666563423
|switch|p1a: Tangrowth|Tangrowth, F|100/100 tox
|move|p2a: Keldeo|Surf|p1a: Tangrowth
|-resisted|p1a: Tangrowth
|-damage|p1a: Tangrowth|75/100 tox
|
|-damage|p1a: Tangrowth|69/100 tox|[from] psn
|upkeep
|turn|15
|
|t:|1666563432
|switch|p2a: Salamence|Salamence, F|100/100
|-ability|p2a: Salamence|Intimidate|boost
|-unboost|p1a: Tangrowth|atk|1
|move|p1a: Tangrowth|Knock Off|p2a: Salamence
|-crit|p2a: Salamence
|-damage|p2a: Salamence|74/100
|-enditem|p2a: Salamence|Heavy-Duty Boots|[from] move: Knock Off|[of] p1a: Tangrowth
|
|-damage|p1a: Tangrowth|57/100 tox|[from] psn
|upkeep
|turn|16
|
|t:|1666563436
|switch|p1a: Chandelure|Chandelure, M|88/100
|move|p2a: Salamence|Wish|p2a: Salamence
|
|upkeep
|turn|17
|
|t:|1666563445
|move|p2a: Salamence|Protect|p2a: Salamence
|-singleturn|p2a: Salamence|Protect
|move|p1a: Chandelure|Fire Blast|p2a: Salamence
|-activate|p2a: Salamence|move: Protect
|
|-heal|p2a: Salamence|100/100|[from] move: Wish|[wisher] Salamence
|upkeep
|turn|18
|
|t:|1666563449
|move|p1a: Chandelure|Fire Blast|p2a: Salamence
|-resisted|p2a: Salamence
|-damage|p2a: Salamence|52/100
|move|p2a: Salamence|Wish|p2a: Salamence
|
|upkeep
|turn|19
|
|t:|1666563454
|switch|p1a: Hippowdon|Hippowdon, M|81/100
|-weather|Sandstorm|[from] ability: Sand Stream|[of] p1a: Hippowdon
|move|p2a: Salamence|Protect||[still]
|-fail|p2a: Salamence
|
|-weather|Sandstorm|[upkeep]
|-damage|p2a: Salamence|46/100|[from] Sandstorm
|-heal|p2a: Salamence|96/100|[from] move: Wish|[wisher] Salamence
|-heal|p1a: Hippowdon|87/100|[from] item: Leftovers
|upkeep
|turn|20
|
|t:|1666563459
|switch|p2a: Hatterene|Hatterene, F|100/100
|move|p1a: Hippowdon|Stealth Rock|p2a: Hatterene
|move|p2a: Hatterene|Stealth Rock|p1a: Hippowdon|[from]ability: Magic Bounce
|-sidestart|p1: ExiDudi|move: Stealth Rock
|
|-weather|Sandstorm|[upkeep]
|-damage|p2a: Hatterene|95/100|[from] Sandstorm
|-heal|p1a: Hippowdon|94/100|[from] item: Leftovers
|-heal|p2a: Hatterene|100/100|[from] item: Leftovers
|upkeep
|turn|21
|
|t:|1666563462
|switch|p1a: Chandelure|Chandelure, M|88/100
|-damage|p1a: Chandelure|63/100|[from] Stealth Rock
|move|p2a: Hatterene|Nuzzle|p1a: Chandelure
|-damage|p1a: Chandelure|57/100
|-status|p1a: Chandelure|par
|
|-weather|Sandstorm|[upkeep]
|-damage|p1a: Chandelure|51/100 par|[from] Sandstorm
|-damage|p2a: Hatterene|95/100|[from] Sandstorm
|-heal|p2a: Hatterene|100/100|[from] item: Leftovers
|upkeep
|turn|22
|
|t:|1666563472
|switch|p2a: Chansey|Chansey, F|30/100
|move|p1a: Chandelure|Fire Blast|p2a: Chansey
|-damage|p2a: Chansey|0 fnt
|faint|p2a: Chansey
|
|-weather|Sandstorm|[upkeep]
|-damage|p1a: Chandelure|45/100 par|[from] Sandstorm
|upkeep
|
|t:|1666563477
|switch|p2a: Nidoqueen|Nidoqueen, F|100/100
|turn|23
|
|t:|1666563486
|switch|p1a: Chansey|Chansey, F|100/100
|-damage|p1a: Chansey|88/100|[from] Stealth Rock
|move|p2a: Nidoqueen|Earth Power|p1a: Chansey
|-damage|p1a: Chansey|68/100
|
|-weather|none
|upkeep
|turn|24
|
|t:|1666563492
|switch|p2a: Scizor|Scizor, F|80/100
|move|p1a: Chansey|Soft-Boiled|p1a: Chansey
|-heal|p1a: Chansey|100/100
|
|upkeep
|turn|25
|
|t:|1666563501
|switch|p2a: Nidoqueen|Nidoqueen, F|100/100
|move|p1a: Chansey|Soft-Boiled||[still]
|-fail|p1a: Chansey|heal
|
|upkeep
|turn|26
|
|t:|1666563519
|switch|p2a: Hatterene|Hatterene, F|100/100
|move|p1a: Chansey|Seismic Toss|p2a: Hatterene
|-damage|p2a: Hatterene|69/100
|
|-heal|p2a: Hatterene|75/100|[from] item: Leftovers
|upkeep
|turn|27
|inactive|ExiDudi has 120 seconds left.
|
|t:|1666563561
|move|p2a: Hatterene|Mystical Fire|p1a: Chansey
|-damage|p1a: Chansey|94/100
|-unboost|p1a: Chansey|spa|1
|move|p1a: Chansey|Teleport|p1a: Chansey
|
|t:|1666563565
|switch|p1a: Chandelure|Chandelure, M|45/100 par|[from]move: Teleport
|-damage|p1a: Chandelure|20/100 par|[from] Stealth Rock
|
|-heal|p2a: Hatterene|81/100|[from] item: Leftovers
|upkeep
|turn|28
|inactive|Rolerola has 120 seconds left.
|inactive|Rolerola has 90 seconds left.
|
|t:|1666563626
|switch|p2a: Nidoqueen|Nidoqueen, F|100/100
|move|p1a: Chandelure|Shadow Ball|p2a: Nidoqueen
|-damage|p2a: Nidoqueen|35/100
|
|upkeep
|turn|29
|
|t:|1666563637
|switch|p1a: Hippowdon|Hippowdon, M|94/100
|-damage|p1a: Hippowdon|87/100|[from] Stealth Rock
|-weather|Sandstorm|[from] ability: Sand Stream|[of] p1a: Hippowdon
|move|p2a: Nidoqueen|Sludge Wave|p1a: Hippowdon
|-resisted|p1a: Hippowdon
|-damage|p1a: Hippowdon|59/100
|
|-weather|Sandstorm|[upkeep]
|-heal|p1a: Hippowdon|65/100|[from] item: Leftovers
|upkeep
|turn|30
|
|t:|1666563646
|switch|p2a: Hatterene|Hatterene, F|81/100
|switch|p1a: Mandibuzz|Mandibuzz, F|41/100
|
|-weather|Sandstorm|[upkeep]
|-damage|p2a: Hatterene|75/100|[from] Sandstorm
|-heal|p2a: Hatterene|81/100|[from] item: Leftovers
|upkeep
|turn|31
|
|t:|1666563649
|move|p1a: Mandibuzz|Defog|p2a: Hatterene
|move|p2a: Hatterene|Defog|p1a: Mandibuzz|[from]ability: Magic Bounce
|-unboost|p1a: Mandibuzz|evasion|1
|-sideend|p1: ExiDudi|Stealth Rock|[from] move: Defog|[of] p2a: Hatterene
|move|p2a: Hatterene|Calm Mind|p2a: Hatterene
|-boost|p2a: Hatterene|spa|1
|-boost|p2a: Hatterene|spd|1
|
|-weather|Sandstorm|[upkeep]
|-damage|p2a: Hatterene|75/100|[from] Sandstorm
|-heal|p2a: Hatterene|81/100|[from] item: Leftovers
|upkeep
|turn|32
|
|t:|1666563653
|move|p1a: Mandibuzz|Knock Off|p2a: Hatterene
|-damage|p2a: Hatterene|61/100
|-enditem|p2a: Hatterene|Leftovers|[from] move: Knock Off|[of] p1a: Mandibuzz
|move|p2a: Hatterene|Calm Mind|p2a: Hatterene
|-boost|p2a: Hatterene|spa|1
|-boost|p2a: Hatterene|spd|1
|
|-weather|Sandstorm|[upkeep]
|-damage|p2a: Hatterene|55/100|[from] Sandstorm
|upkeep
|turn|33
|
|t:|1666563658
|move|p1a: Mandibuzz|U-turn|p2a: Hatterene
|-damage|p2a: Hatterene|46/100
|
|t:|1666563661
|switch|p1a: Chandelure|Chandelure, M|20/100 par|[from]move: U-turn
|move|p2a: Hatterene|Draining Kiss|p1a: Chandelure
|-resisted|p1a: Chandelure
|-damage|p1a: Chandelure|0 fnt
|-heal|p2a: Hatterene|58/100|[from] drain|[of] p1a: Chandelure
|-status|p2a: Hatterene|brn|[from] ability: Flame Body|[of] p1a: Chandelure
|faint|p1a: Chandelure
|
|-weather|none
|-damage|p2a: Hatterene|52/100 brn|[from] brn
|upkeep
|
|t:|1666563668
|switch|p1a: Chansey|Chansey, F|94/100
|turn|34
|
|t:|1666563672
|move|p1a: Chansey|Seismic Toss|p2a: Hatterene
|-damage|p2a: Hatterene|21/100 brn
|move|p2a: Hatterene|Nuzzle|p1a: Chansey
|-damage|p1a: Chansey|93/100
|-status|p1a: Chansey|par
|
|-damage|p2a: Hatterene|15/100 brn|[from] brn
|upkeep
|turn|35
|
|t:|1666563682
|move|p2a: Hatterene|Draining Kiss|p1a: Chansey
|-damage|p1a: Chansey|80/100 par
|-heal|p2a: Hatterene|36/100 brn|[from] drain|[of] p1a: Chansey
|move|p1a: Chansey|Seismic Toss|p2a: Hatterene
|-damage|p2a: Hatterene|5/100 brn
|
|-damage|p2a: Hatterene|0 fnt|[from] brn
|faint|p2a: Hatterene
|upkeep
|
|t:|1666563692
|switch|p2a: Keldeo|Keldeo-Resolute|27/100
|turn|36
|
|t:|1666563699
|-curestatus|p1a: Chansey|par|[from] ability: Natural Cure
|switch|p1a: Mandibuzz|Mandibuzz, F|41/100
|move|p2a: Keldeo|Secret Sword|p1a: Mandibuzz
|-damage|p1a: Mandibuzz|0 fnt
|faint|p1a: Mandibuzz
|
|upkeep
|
|t:|1666563702
|switch|p1a: Hippowdon|Hippowdon, M|65/100
|-weather|Sandstorm|[from] ability: Sand Stream|[of] p1a: Hippowdon
|turn|37
|
|t:|1666563708
|switch|p2a: Salamence|Salamence, F|96/100
|-ability|p2a: Salamence|Intimidate|boost
|-unboost|p1a: Hippowdon|atk|1
|move|p1a: Hippowdon|Slack Off|p1a: Hippowdon
|-heal|p1a: Hippowdon|100/100
|
|-weather|Sandstorm|[upkeep]
|-damage|p2a: Salamence|90/100|[from] Sandstorm
|upkeep
|turn|38
|
|t:|1666563714
|move|p2a: Salamence|Wish|p2a: Salamence
|move|p1a: Hippowdon|Toxic|p2a: Salamence
|-status|p2a: Salamence|tox
|
|-weather|Sandstorm|[upkeep]
|-damage|p2a: Salamence|84/100 tox|[from] Sandstorm
|-damage|p2a: Salamence|78/100 tox|[from] psn
|upkeep
|turn|39
|
|t:|1666563728
|switch|p2a: Keldeo|Keldeo-Resolute|27/100
|move|p1a: Hippowdon|Earthquake|p2a: Keldeo
|-damage|p2a: Keldeo|0 fnt
|faint|p2a: Keldeo
|
|-weather|Sandstorm|[upkeep]
|upkeep
|
|t:|1666563732
|switch|p2a: Scizor|Scizor, F|80/100
|turn|40
|
|t:|1666563734
|move|p2a: Scizor|Dual Wingbeat|p1a: Hippowdon
|-damage|p1a: Hippowdon|78/100
|-crit|p1a: Hippowdon
|-damage|p1a: Hippowdon|45/100
|-hitcount|p1a: Hippowdon|2
|move|p1a: Hippowdon|Earthquake|p2a: Scizor
|-damage|p2a: Scizor|55/100
|
|-weather|Sandstorm|[upkeep]
|-heal|p1a: Hippowdon|51/100|[from] item: Leftovers
|upkeep
|turn|41
|
|t:|1666563738
|move|p2a: Scizor|Dual Wingbeat|p1a: Hippowdon
|-damage|p1a: Hippowdon|30/100
|-damage|p1a: Hippowdon|9/100
|-hitcount|p1a: Hippowdon|2
|move|p1a: Hippowdon|Slack Off|p1a: Hippowdon
|-heal|p1a: Hippowdon|59/100
|
|-weather|none
|-heal|p1a: Hippowdon|65/100|[from] item: Leftovers
|upkeep
|turn|42
|
|t:|1666563741
|move|p2a: Scizor|Dual Wingbeat|p1a: Hippowdon
|-damage|p1a: Hippowdon|43/100
|-damage|p1a: Hippowdon|22/100
|-hitcount|p1a: Hippowdon|2
|move|p1a: Hippowdon|Slack Off|p1a: Hippowdon
|-heal|p1a: Hippowdon|72/100
|
|-heal|p1a: Hippowdon|78/100|[from] item: Leftovers
|upkeep
|turn|43
|
|t:|1666563749
|switch|p2a: Salamence|Salamence, F|78/100 tox
|-ability|p2a: Salamence|Intimidate|boost
|-unboost|p1a: Hippowdon|atk|1
|move|p1a: Hippowdon|Slack Off|p1a: Hippowdon
|-heal|p1a: Hippowdon|100/100
|
|-damage|p2a: Salamence|72/100 tox|[from] psn
|upkeep
|turn|44
|
|t:|1666563752
|move|p2a: Salamence|Wish|p2a: Salamence
|move|p1a: Hippowdon|Stealth Rock|p2a: Salamence
|-sidestart|p2: Rolerola|move: Stealth Rock
|
|-damage|p2a: Salamence|59/100 tox|[from] psn
|upkeep
|turn|45
|
|t:|1666563755
|switch|p2a: Scizor|Scizor, F|55/100
|-damage|p2a: Scizor|42/100|[from] Stealth Rock
|move|p1a: Hippowdon|Earthquake|p2a: Scizor
|-damage|p2a: Scizor|23/100
|
|-heal|p2a: Scizor|81/100|[from] move: Wish|[wisher] Salamence
|upkeep
|turn|46
|
|t:|1666563762
|move|p2a: Scizor|Dual Wingbeat|p1a: Hippowdon
|-damage|p1a: Hippowdon|81/100
|-crit|p1a: Hippowdon
|-damage|p1a: Hippowdon|51/100
|-hitcount|p1a: Hippowdon|2
|move|p1a: Hippowdon|Earthquake|p2a: Scizor
|-damage|p2a: Scizor|62/100
|
|-heal|p1a: Hippowdon|57/100|[from] item: Leftovers
|upkeep
|turn|47
|
|t:|1666563766
|move|p2a: Scizor|Dual Wingbeat|p1a: Hippowdon
|-damage|p1a: Hippowdon|37/100
|-damage|p1a: Hippowdon|15/100
|-hitcount|p1a: Hippowdon|2
|move|p1a: Hippowdon|Slack Off|p1a: Hippowdon
|-heal|p1a: Hippowdon|65/100
|
|-heal|p1a: Hippowdon|72/100|[from] item: Leftovers
|upkeep
|turn|48
|
|t:|1666563771
|move|p2a: Scizor|Dual Wingbeat|p1a: Hippowdon
|-damage|p1a: Hippowdon|51/100
|-damage|p1a: Hippowdon|28/100
|-hitcount|p1a: Hippowdon|2
|move|p1a: Hippowdon|Slack Off|p1a: Hippowdon
|-heal|p1a: Hippowdon|78/100
|
|-heal|p1a: Hippowdon|85/100|[from] item: Leftovers
|upkeep
|turn|49
|
|t:|1666563775
|move|p2a: Scizor|Dual Wingbeat|p1a: Hippowdon|[miss]
|-miss|p2a: Scizor|p1a: Hippowdon
|move|p1a: Hippowdon|Slack Off|p1a: Hippowdon
|-heal|p1a: Hippowdon|100/100
|
|upkeep
|turn|50
|
|t:|1666563779
|switch|p2a: Salamence|Salamence, F|59/100 tox
|-damage|p2a: Salamence|35/100 tox|[from] Stealth Rock
|-ability|p2a: Salamence|Intimidate|boost
|-unboost|p1a: Hippowdon|atk|1
|move|p1a: Hippowdon|Earthquake|p2a: Salamence
|-immune|p2a: Salamence
|
|-damage|p2a: Salamence|28/100 tox|[from] psn
|upkeep
|turn|51
|
|t:|1666563783
|switch|p1a: Chansey|Chansey, F|80/100
|move|p2a: Salamence|Wish|p2a: Salamence
|
|-damage|p2a: Salamence|16/100 tox|[from] psn
|upkeep
|turn|52
|
|t:|1666563791
|switch|p2a: Nidoqueen|Nidoqueen, F|35/100
|-damage|p2a: Nidoqueen|29/100|[from] Stealth Rock
|move|p1a: Chansey|Teleport|p1a: Chansey
|
|t:|1666563796
|switch|p1a: Hippowdon|Hippowdon, M|100/100|[from]move: Teleport
|-weather|Sandstorm|[from] ability: Sand Stream|[of] p1a: Hippowdon
|
|-weather|Sandstorm|[upkeep]
|-heal|p2a: Nidoqueen|81/100|[from] move: Wish|[wisher] Salamence
|upkeep
|turn|53
|
|t:|1666563799
|move|p2a: Nidoqueen|Earth Power|p1a: Hippowdon
|-damage|p1a: Hippowdon|55/100
|move|p1a: Hippowdon|Earthquake|p2a: Nidoqueen
|-supereffective|p2a: Nidoqueen
|-damage|p2a: Nidoqueen|0 fnt
|faint|p2a: Nidoqueen
|
|-weather|Sandstorm|[upkeep]
|-heal|p1a: Hippowdon|61/100|[from] item: Leftovers
|upkeep
|-message|Rolerola forfeited.
|
|win|ExiDudi
|raw|ExiDudi's rating: 1478 &rarr; <strong>1500</strong><br />(+22 for winning)
|raw|Rolerola's rating: 1517 &rarr; <strong>1495</strong><br />(-22 for losing)
|l|☆Rolerola
||Ladder isn't responding, score probably updated but might not have (Request timeout).
