|j|☆ASSOLO IL RE
|j|☆big baz
|player|p1|ASSOLO IL RE|biker-gen2|1618
|player|p2|big baz|ltsurge|1416
|teamsize|p1|6
|teamsize|p2|6
|gametype|singles
|gen|8
|tier|[Gen 8] UU
|rated|
|clearpoke
|poke|p1|Primarina, M|
|poke|p1|Umbreon, F|
|poke|p1|Venusaur, F|
|poke|p1|Bronzong|
|poke|p1|Chandelure, M|
|poke|p1|Noivern, M|
|poke|p2|Bronzong|
|poke|p2|Rotom-Mow|
|poke|p2|Necrozma|
|poke|p2|Pangoro, F|
|poke|p2|Haxorus, M|
|poke|p2|Incineroar, F|
|rule|Sleep Clause Mod: Limit one foe put to sleep
|rule|Species Clause: Limit one of each Pokémon
|rule|OHKO Clause: OHKO moves are banned
|rule|Evasion Moves Clause: Evasion moves are banned
|rule|Endless Battle Clause: Forcing endless battles is banned
|rule|HP Percentage Mod: HP is shown in percentages
|rule|Dynamax Clause: You cannot dynamax
|teampreview
|j| pain perdu
|
|start
|switch|p1a: Primarina|Primarina, M|100/100
|switch|p2a: Incineroar|Incineroar, F|100/100
|-ability|p2a: Incineroar|Intimidate|boost
|-unboost|p1a: Primarina|atk|1
|turn|1
|
|switch|p2a: Bronzong|Bronzong|100/100
|move|p1a: Primarina|Moonblast|p2a: Bronzong
|-resisted|p2a: Bronzong
|-damage|p2a: Bronzong|87/100
|-unboost|p2a: Bronzong|spa|1
|
|-heal|p2a: Bronzong|93/100|[from] item: Leftovers
|upkeep
|turn|2
|
|move|p1a: Primarina|Calm Mind|p1a: Primarina
|-boost|p1a: Primarina|spa|1
|-boost|p1a: Primarina|spd|1
|move|p2a: Bronzong|Toxic|p1a: Primarina
|-status|p1a: Primarina|tox
|
|-heal|p2a: Bronzong|99/100|[from] item: Leftovers
|-damage|p1a: Primarina|94/100 tox|[from] psn
|upkeep
|turn|3
|
|move|p1a: Primarina|Moonblast|p2a: Bronzong
|-resisted|p2a: Bronzong
|-damage|p2a: Bronzong|81/100
|move|p2a: Bronzong|Gyro Ball|p1a: Primarina
|-damage|p1a: Primarina|76/100 tox
|
|-heal|p1a: Primarina|82/100 tox|[from] item: Leftovers
|-heal|p2a: Bronzong|87/100|[from] item: Leftovers
|-damage|p1a: Primarina|70/100 tox|[from] psn
|upkeep
|turn|4
|
|switch|p1a: Noivern|Noivern, M|100/100
|-item|p2a: Bronzong|Leftovers|[from] ability: Frisk|[of] p1a: Noivern|[identify]
|move|p2a: Bronzong|Gyro Ball|p1a: Noivern
|-damage|p1a: Noivern|51/100
|
|-heal|p2a: Bronzong|93/100|[from] item: Leftovers
|upkeep
|turn|5
|c|☆ASSOLO IL RE|i did not
|c|☆ASSOLO IL RE|click that
|
|move|p1a: Noivern|U-turn|p2a: Bronzong
|-damage|p2a: Bronzong|84/100
|
|switch|p1a: Primarina|Primarina, M|70/100 tox|[from]move: U-turn
|move|p2a: Bronzong|Gyro Ball|p1a: Primarina
|-damage|p1a: Primarina|53/100 tox
|
|-heal|p1a: Primarina|59/100 tox|[from] item: Leftovers
|-heal|p2a: Bronzong|90/100|[from] item: Leftovers
|-damage|p1a: Primarina|53/100 tox|[from] psn
|upkeep
|turn|6
|c| pain perdu|lmao
|c| pain perdu|why
|
|switch|p2a: Rotom|Rotom-Mow|100/100
|move|p1a: Primarina|Rest|p1a: Primarina
|-status|p1a: Primarina|slp|[from] move: Rest
|-heal|p1a: Primarina|100/100 slp|[silent]
|
|upkeep
|turn|7
|
|switch|p1a: Venusaur|Venusaur, F|100/100
|move|p2a: Rotom|Volt Switch|p1a: Venusaur
|-resisted|p1a: Venusaur
|-damage|p1a: Venusaur|91/100
|
|switch|p2a: Necrozma|Necrozma|100/100|[from]move: Volt Switch
|
|-heal|p1a: Venusaur|97/100|[from] item: Black Sludge
|upkeep
|turn|8
|
|switch|p2a: Pangoro|Pangoro, F|100/100
|switch|p1a: Umbreon|Umbreon, F|100/100
|
|upkeep
|turn|9
|
|move|p1a: Umbreon|Protect|p1a: Umbreon
|-singleturn|p1a: Umbreon|Protect
|move|p2a: Pangoro|Close Combat|p1a: Umbreon
|-activate|p1a: Umbreon|move: Protect
|
|upkeep
|turn|10
|
|switch|p1a: Venusaur|Venusaur, F|97/100
|move|p2a: Pangoro|Close Combat|p1a: Venusaur
|-resisted|p1a: Venusaur
|-damage|p1a: Venusaur|43/100
|-unboost|p2a: Pangoro|def|1
|-unboost|p2a: Pangoro|spd|1
|
|-heal|p1a: Venusaur|49/100|[from] item: Black Sludge
|upkeep
|turn|11
|
|move|p2a: Pangoro|Close Combat|p1a: Venusaur
|-resisted|p1a: Venusaur
|-damage|p1a: Venusaur|0 fnt
|-unboost|p2a: Pangoro|def|1
|-unboost|p2a: Pangoro|spd|1
|faint|p1a: Venusaur
|
|upkeep
|
|switch|p1a: Chandelure|Chandelure, M|100/100
|turn|12
|c| pain perdu|"tect is useless"
|
|switch|p2a: Incineroar|Incineroar, F|100/100
|-ability|p2a: Incineroar|Intimidate|boost
|-unboost|p1a: Chandelure|atk|1
|move|p1a: Chandelure|Overheat|p2a: Incineroar
|-resisted|p2a: Incineroar
|-damage|p2a: Incineroar|65/100
|-unboost|p1a: Chandelure|spa|2
|
|upkeep
|turn|13
|
|switch|p1a: Primarina|Primarina, M|100/100 slp
|move|p2a: Incineroar|Knock Off|p1a: Primarina
|-resisted|p1a: Primarina
|-damage|p1a: Primarina|78/100 slp
|-enditem|p1a: Primarina|Leftovers|[from] move: Knock Off|[of] p2a: Incineroar
|
|upkeep
|turn|14
|
|cant|p1a: Primarina|slp
|move|p1a: Primarina|Snore|p2a: Incineroar
|-supereffective|p2a: Incineroar
|-damage|p2a: Incineroar|25/100
|move|p2a: Incineroar|U-turn|p1a: Primarina
|-resisted|p1a: Primarina
|-damage|p1a: Primarina|67/100 slp
|
|switch|p2a: Rotom|Rotom-Mow|100/100|[from]move: U-turn
|
|upkeep
|turn|15
|
|switch|p1a: Bronzong|Bronzong|100/100
|move|p2a: Rotom|Volt Switch|p1a: Bronzong
|-damage|p1a: Bronzong|77/100
|
|switch|p2a: Pangoro|Pangoro, F|100/100|[from]move: Volt Switch
|
|-heal|p1a: Bronzong|84/100|[from] item: Leftovers
|upkeep
|turn|16
|
|move|p2a: Pangoro|Close Combat|p1a: Bronzong
|-damage|p1a: Bronzong|9/100
|-unboost|p2a: Pangoro|def|1
|-unboost|p2a: Pangoro|spd|1
|move|p1a: Bronzong|Stealth Rock|p2a: Pangoro
|-sidestart|p2: big baz|move: Stealth Rock
|
|-heal|p1a: Bronzong|15/100|[from] item: Leftovers
|upkeep
|turn|17
|
|move|p2a: Pangoro|Close Combat|p1a: Bronzong
|-damage|p1a: Bronzong|0 fnt
|-unboost|p2a: Pangoro|def|1
|-unboost|p2a: Pangoro|spd|1
|faint|p1a: Bronzong
|
|upkeep
|
|switch|p1a: Noivern|Noivern, M|51/100
|-item|p2a: Pangoro|Choice Band|[from] ability: Frisk|[of] p1a: Noivern|[identify]
|turn|18
|
|switch|p2a: Bronzong|Bronzong|90/100
|-damage|p2a: Bronzong|84/100|[from] Stealth Rock
|move|p1a: Noivern|U-turn|p2a: Bronzong
|-damage|p2a: Bronzong|74/100
|
|switch|p1a: Chandelure|Chandelure, M|100/100|[from]move: U-turn
|
|-heal|p2a: Bronzong|81/100|[from] item: Leftovers
|upkeep
|turn|19
|
|move|p2a: Bronzong|Protect|p2a: Bronzong
|-singleturn|p2a: Bronzong|Protect
|move|p1a: Chandelure|Fire Blast|p2a: Bronzong
|-activate|p2a: Bronzong|move: Protect
|
|-heal|p2a: Bronzong|87/100|[from] item: Leftovers
|upkeep
|turn|20
|j| Luna Rox
|
|switch|p2a: Incineroar|Incineroar, F|25/100
|-ability|p2a: Incineroar|Intimidate|boost
|-unboost|p1a: Chandelure|atk|1
|move|p1a: Chandelure|Fire Blast|p2a: Incineroar
|-resisted|p2a: Incineroar
|-damage|p2a: Incineroar|0 fnt
|faint|p2a: Incineroar
|
|upkeep
|inactive|Battle timer is ON: inactive players will automatically lose when time's up. (requested by ASSOLO IL RE)
|
|switch|p2a: Haxorus|Haxorus, M|100/100
|-damage|p2a: Haxorus|88/100|[from] Stealth Rock
|-ability|p2a: Haxorus|Mold Breaker
|turn|21
|j| Chumpstart
|
|switch|p1a: Umbreon|Umbreon, F|100/100
|move|p2a: Haxorus|Outrage|p1a: Umbreon
|-damage|p1a: Umbreon|45/100
|-damage|p2a: Haxorus|78/100|[from] item: Life Orb
|
|-heal|p1a: Umbreon|51/100|[from] item: Leftovers
|upkeep
|turn|22
|
|move|p1a: Umbreon|Protect|p1a: Umbreon
|-singleturn|p1a: Umbreon|Protect
|move|p2a: Haxorus|Outrage|p1a: Umbreon|[from]lockedmove
|-activate|p1a: Umbreon|move: Protect
|-start|p2a: Haxorus|confusion|[fatigue]
|
|-heal|p1a: Umbreon|57/100|[from] item: Leftovers
|upkeep
|turn|23
|
|switch|p2a: Pangoro|Pangoro, F|100/100
|-damage|p2a: Pangoro|94/100|[from] Stealth Rock
|move|p1a: Umbreon|Foul Play|p2a: Pangoro
|-resisted|p2a: Pangoro
|-damage|p2a: Pangoro|78/100
|
|-heal|p1a: Umbreon|63/100|[from] item: Leftovers
|upkeep
|turn|24
|
|move|p1a: Umbreon|Protect|p1a: Umbreon
|-singleturn|p1a: Umbreon|Protect
|move|p2a: Pangoro|Close Combat|p1a: Umbreon
|-activate|p1a: Umbreon|move: Protect
|
|-heal|p1a: Umbreon|70/100|[from] item: Leftovers
|upkeep
|turn|25
|c| Luna Rox|hey re, why dont u try doublade?
|c|☆ASSOLO IL RE|not my type of mon
|c| Luna Rox|u has bronzong tho :P
|c|☆ASSOLO IL RE|yes
|c|☆ASSOLO IL RE|thats a good mon
|inactive|ASSOLO IL RE has 120 seconds left.
|
|switch|p1a: Primarina|Primarina, M|67/100 slp
|move|p2a: Pangoro|Close Combat|p1a: Primarina
|-resisted|p1a: Primarina
|-damage|p1a: Primarina|21/100 slp
|-unboost|p2a: Pangoro|def|1
|-unboost|p2a: Pangoro|spd|1
|
|upkeep
|turn|26
|
|move|p2a: Pangoro|Close Combat|p1a: Primarina
|-resisted|p1a: Primarina
|-damage|p1a: Primarina|0 fnt
|-unboost|p2a: Pangoro|def|1
|-unboost|p2a: Pangoro|spd|1
|faint|p1a: Primarina
|
|upkeep
|
|switch|p1a: Chandelure|Chandelure, M|100/100
|turn|27
|c| Luna Rox|remember when doublade was S Tier
|c| Luna Rox|good times
|c|☆ASSOLO IL RE|lol
|
|move|p1a: Chandelure|Fire Blast|p2a: Pangoro
|-crit|p2a: Pangoro
|-damage|p2a: Pangoro|0 fnt
|faint|p2a: Pangoro
|
|upkeep
|c| Luna Rox|remember weavile
|c|☆ASSOLO IL RE|did he just
|c|☆ASSOLO IL RE|sac the wincon
|
|switch|p2a: Haxorus|Haxorus, M|78/100
|-damage|p2a: Haxorus|66/100|[from] Stealth Rock
|-ability|p2a: Haxorus|Mold Breaker
|turn|28
|c|☆ASSOLO IL RE|pain perdu
|c| Luna Rox|he's p good bro
|c| pain perdu|lmaoooooooooooo
|c| pain perdu|ye
|c| pain perdu|hes not bad
|inactive|ASSOLO IL RE has 120 seconds left.
|c| pain perdu|i sometimes play him o ladd
|c|☆big baz|how was it a wincon
|c| Luna Rox|im being seriously, mmkay
|c|☆big baz|walled by umbreon
|c|☆ASSOLO IL RE|pangoro
|c| Luna Rox|lol
|inactive|big baz has 120 seconds left.
|c|☆ASSOLO IL RE|is walled my umb?
|c| pain perdu|but why the fuck did he sacked the gorilla
|c|☆ASSOLO IL RE|by
|c| Luna Rox|pangoro has drain punch
|c|☆big baz|it had no cc left
|c| Luna Rox|rip
|c|☆ASSOLO IL RE|oh
|c|☆ASSOLO IL RE|ig i didnt see that
|c|☆big baz|you chumps lmap
|inactive|ASSOLO IL RE has 90 seconds left.
|c|☆big baz|good chat though
|c|☆ASSOLO IL RE|chump?
|c| Luna Rox|big baz
|c| Luna Rox|u can win
|c|☆ASSOLO IL RE|did u even play in uu masters
|c| Luna Rox|did u?
|c| pain perdu|lmaoooo
|inactive|ASSOLO IL RE has 60 seconds left.
|c|☆ASSOLO IL RE|are u stupid?
|c| pain perdu|ladder heroes r clowns
|
|switch|p1a: Noivern|Noivern, M|51/100
|-item|p2a: Haxorus|Life Orb|[from] ability: Frisk|[of] p1a: Noivern|[identify]
|move|p2a: Haxorus|Outrage|p1a: Noivern
|-supereffective|p1a: Noivern
|-damage|p1a: Noivern|0 fnt
|-damage|p2a: Haxorus|56/100|[from] item: Life Orb
|faint|p1a: Noivern
|
|upkeep
|c| Luna Rox|lets do the estarossa and run shedinja stall
|inactive|ASSOLO IL RE has 60 seconds left.
|
|switch|p1a: Umbreon|Umbreon, F|70/100
|turn|29
|
|move|p2a: Haxorus|Outrage|p1a: Umbreon|[from]lockedmove
|-damage|p1a: Umbreon|9/100
|-damage|p2a: Haxorus|46/100|[from] item: Life Orb
|-start|p2a: Haxorus|confusion|[fatigue]
|move|p1a: Umbreon|Foul Play|p2a: Haxorus
|-damage|p2a: Haxorus|0 fnt
|faint|p2a: Haxorus
|
|-heal|p1a: Umbreon|15/100|[from] item: Leftovers
|upkeep
|
|switch|p2a: Rotom|Rotom-Mow|100/100
|-damage|p2a: Rotom|88/100|[from] Stealth Rock
|turn|30
|
|move|p1a: Umbreon|Protect|p1a: Umbreon
|-singleturn|p1a: Umbreon|Protect
|move|p2a: Rotom|Thunderbolt|p1a: Umbreon
|-activate|p1a: Umbreon|move: Protect
|
|-heal|p1a: Umbreon|21/100|[from] item: Leftovers
|upkeep
|turn|31
|
|move|p2a: Rotom|Thunderbolt|p1a: Umbreon
|-damage|p1a: Umbreon|0 fnt
|faint|p1a: Umbreon
|
|upkeep
|
|switch|p1a: Chandelure|Chandelure, M|100/100
|turn|32
|
|switch|p2a: Bronzong|Bronzong|87/100
|-damage|p2a: Bronzong|81/100|[from] Stealth Rock
|move|p1a: Chandelure|Fire Blast|p2a: Bronzong
|-supereffective|p2a: Bronzong
|-damage|p2a: Bronzong|4/100
|
|-heal|p2a: Bronzong|10/100|[from] item: Leftovers
|upkeep
|turn|33
|
|move|p2a: Bronzong|Protect|p2a: Bronzong
|-singleturn|p2a: Bronzong|Protect
|move|p1a: Chandelure|Fire Blast|p2a: Bronzong
|-activate|p2a: Bronzong|move: Protect
|
|-heal|p2a: Bronzong|16/100|[from] item: Leftovers
|upkeep
|turn|34
|c| Luna Rox|come on crit
|
|move|p2a: Bronzong|Protect|p2a: Bronzong
|-singleturn|p2a: Bronzong|Protect
|move|p1a: Chandelure|Fire Blast|p2a: Bronzong
|-activate|p2a: Bronzong|move: Protect
|
|-heal|p2a: Bronzong|22/100|[from] item: Leftovers
|upkeep
|turn|35
|c| pain perdu|meh
|
|move|p2a: Bronzong|Protect||[still]
|-fail|p2a: Bronzong
|move|p1a: Chandelure|Fire Blast|p2a: Bronzong|[miss]
|-miss|p1a: Chandelure|p2a: Bronzong
|
|-heal|p2a: Bronzong|29/100|[from] item: Leftovers
|upkeep
|turn|36
|c| Luna Rox|why dont uswitch
|c| Luna Rox|and let bronzong com,e back in
|c| Luna Rox|and protect
|c|☆big baz|won anyway
|c| Luna Rox|lol
|
|move|p2a: Bronzong|Protect|p2a: Bronzong
|-singleturn|p2a: Bronzong|Protect
|move|p1a: Chandelure|Fire Blast|p2a: Bronzong
|-activate|p2a: Bronzong|move: Protect
|
|-heal|p2a: Bronzong|35/100|[from] item: Leftovers
|upkeep
|turn|37
|-message|ASSOLO IL RE forfeited.
|
|win|big baz
|l|☆ASSOLO IL RE
|l| Luna Rox
|c|☆big baz|easy
|c|☆big baz|lmao
|l| pain perdu
||Ladder (probably) updated, but score could not be retrieved (Response not received).
