|j|☆PiWang
|j|☆big baz
|player|p1|PiWang|290|1499
|player|p2|big baz|ltsurge|1466
|teamsize|p1|6
|teamsize|p2|6
|gametype|singles
|gen|8
|tier|[Gen 8] UU
|rated|
|clearpoke
|poke|p1|Crawdaunt, M|
|poke|p1|Talonflame, M|
|poke|p1|Slowbro-Galar, M|
|poke|p1|Tangela, F|
|poke|p1|Silvally-*|
|poke|p1|Toxtricity-Low-Key, F|
|poke|p2|Tyranitar, F|
|poke|p2|Palossand, F|
|poke|p2|Celebi|
|poke|p2|Keldeo-Resolute|
|poke|p2|Noivern, F|
|poke|p2|Durant, F|
|rule|Sleep Clause Mod: Limit one foe put to sleep
|rule|Species Clause: Limit one of each Pokémon
|rule|OHKO Clause: OHKO moves are banned
|rule|Evasion Moves Clause: Evasion moves are banned
|rule|Endless Battle Clause: Forcing endless battles is banned
|rule|HP Percentage Mod: HP is shown in percentages
|rule|Dynamax Clause: You cannot dynamax
|teampreview
|
|start
|switch|p1a: Silvally|Silvally-Fairy|100/100
|switch|p2a: Tyranitar|Tyranitar, F|100/100
|-weather|Sandstorm|[from] ability: Sand Stream|[of] p2a: Tyranitar
|turn|1
|
|switch|p2a: Palossand|Palossand, F|100/100
|move|p1a: Silvally|Parting Shot|p2a: Palossand|[miss]
|-miss|p1a: Silvally|p2a: Palossand
|
|-weather|Sandstorm|[upkeep]
|-damage|p1a: Silvally|94/100|[from] Sandstorm
|upkeep
|turn|2
|
|move|p1a: Silvally|Parting Shot|p2a: Palossand
|-unboost|p2a: Palossand|atk|1
|-unboost|p2a: Palossand|spa|1
|
|switch|p1a: Crawdaunt|Crawdaunt, M|100/100|[from]move: Parting Shot
|move|p2a: Palossand|Stealth Rock|p1a: Crawdaunt
|-sidestart|p1: PiWang|move: Stealth Rock
|
|-weather|Sandstorm|[upkeep]
|-damage|p1a: Crawdaunt|95/100|[from] Sandstorm
|upkeep
|turn|3
|
|switch|p2a: Keldeo|Keldeo-Resolute|100/100
|move|p1a: Crawdaunt|Knock Off|p2a: Keldeo
|-resisted|p2a: Keldeo
|-damage|p2a: Keldeo|44/100
|-ability|p2a: Keldeo|Justified|boost
|-boost|p2a: Keldeo|atk|1
|-enditem|p2a: Keldeo|Leftovers|[from] move: Knock Off|[of] p1a: Crawdaunt
|
|-weather|Sandstorm|[upkeep]
|-damage|p2a: Keldeo|37/100|[from] Sandstorm
|-damage|p1a: Crawdaunt|89/100|[from] Sandstorm
|upkeep
|turn|4
|
|switch|p1a: 吧老师|Slowbro-Galar, M, shiny|100/100
|-damage|p1a: 吧老师|88/100|[from] Stealth Rock
|move|p2a: Keldeo|Substitute|p2a: Keldeo
|-start|p2a: Keldeo|Substitute
|-damage|p2a: Keldeo|13/100
|
|-weather|Sandstorm|[upkeep]
|-damage|p2a: Keldeo|6/100|[from] Sandstorm
|-damage|p1a: 吧老师|82/100|[from] Sandstorm
|-heal|p1a: 吧老师|88/100|[from] item: Black Sludge
|upkeep
|turn|5
|
|move|p2a: Keldeo|Scald|p1a: 吧老师
|-damage|p1a: 吧老师|37/100
|move|p1a: 吧老师|Sludge Bomb|p2a: Keldeo
|-end|p2a: Keldeo|Substitute
|
|-weather|none
|-heal|p1a: 吧老师|43/100|[from] item: Black Sludge
|upkeep
|turn|6
|
|switch|p1a: Toxtricity|Toxtricity-Low-Key, F|100/100
|-damage|p1a: Toxtricity|88/100|[from] Stealth Rock
|move|p2a: Keldeo|Scald|p1a: Toxtricity
|-damage|p1a: Toxtricity|25/100
|
|upkeep
|turn|7
|
|move|p1a: Toxtricity|Sludge Wave|p2a: Keldeo
|-damage|p2a: Keldeo|0 fnt
|faint|p2a: Keldeo
|
|upkeep
|j| Hebrews 11-1
|
|switch|p2a: Tyranitar|Tyranitar, F|100/100
|-weather|Sandstorm|[from] ability: Sand Stream|[of] p2a: Tyranitar
|turn|8
|
|switch|p1a: 就你是藤蔓？|Tangela, F|100/100
|-damage|p1a: 就你是藤蔓？|88/100|[from] Stealth Rock
|move|p2a: Tyranitar|Stone Edge|p1a: 就你是藤蔓？
|-damage|p1a: 就你是藤蔓？|49/100
|
|-weather|Sandstorm|[upkeep]
|-damage|p1a: 就你是藤蔓？|43/100|[from] Sandstorm
|upkeep
|turn|9
|
|switch|p2a: Celebi|Celebi|100/100
|move|p1a: 就你是藤蔓？|Giga Drain|p2a: Celebi
|-resisted|p2a: Celebi
|-damage|p2a: Celebi|90/100
|-heal|p1a: 就你是藤蔓？|49/100|[from] drain|[of] p2a: Celebi
|
|-weather|Sandstorm|[upkeep]
|-damage|p2a: Celebi|84/100|[from] Sandstorm
|-damage|p1a: 就你是藤蔓？|43/100|[from] Sandstorm
|-heal|p2a: Celebi|90/100|[from] item: Leftovers
|upkeep
|turn|10
|
|switch|p1a: Silvally|Silvally-Fairy|94/100
|-damage|p1a: Silvally|82/100|[from] Stealth Rock
|move|p2a: Celebi|U-turn|p1a: Silvally
|-resisted|p1a: Silvally
|-damage|p1a: Silvally|75/100
|
|switch|p2a: Durant|Durant, F|100/100|[from]move: U-turn
|
|-weather|Sandstorm|[upkeep]
|-damage|p1a: Silvally|69/100|[from] Sandstorm
|upkeep
|turn|11
|
|switch|p1a: Talonflame|Talonflame, M, shiny|100/100
|move|p2a: Durant|Iron Head|p1a: Talonflame
|-resisted|p1a: Talonflame
|-damage|p1a: Talonflame|59/100
|-status|p2a: Durant|brn|[from] ability: Flame Body|[of] p1a: Talonflame
|-damage|p2a: Durant|91/100 brn|[from] item: Life Orb
|
|-weather|Sandstorm|[upkeep]
|-damage|p1a: Talonflame|53/100|[from] Sandstorm
|-damage|p2a: Durant|85/100 brn|[from] brn
|upkeep
|turn|12
|
|switch|p2a: Noivern|Noivern, F|100/100
|-item|p1a: Talonflame|Heavy-Duty Boots|[from] ability: Frisk|[of] p2a: Noivern|[identify]
|move|p1a: Talonflame|Will-O-Wisp|p2a: Noivern|[miss]
|-miss|p1a: Talonflame|p2a: Noivern
|
|-weather|none
|upkeep
|turn|13
|
|switch|p1a: Silvally|Silvally-Fairy|69/100
|-damage|p1a: Silvally|57/100|[from] Stealth Rock
|move|p2a: Noivern|Flamethrower|p1a: Silvally
|-damage|p1a: Silvally|40/100
|
|upkeep
|turn|14
|
|switch|p2a: Durant|Durant, F|85/100 brn
|move|p1a: Silvally|Defog|p2a: Durant
|-unboost|p2a: Durant|evasion|1
|-sideend|p1: PiWang|Stealth Rock|[from] move: Defog|[of] p1a: Silvally
|
|-damage|p2a: Durant|78/100 brn|[from] brn
|upkeep
|turn|15
|
|switch|p2a: Tyranitar|Tyranitar, F|100/100
|-weather|Sandstorm|[from] ability: Sand Stream|[of] p2a: Tyranitar
|switch|p1a: 就你是藤蔓？|Tangela, F|77/100
|
|-weather|Sandstorm|[upkeep]
|-damage|p1a: 就你是藤蔓？|71/100|[from] Sandstorm
|upkeep
|turn|16
|
|move|p2a: Tyranitar|Stone Edge|p1a: 就你是藤蔓？
|-damage|p1a: 就你是藤蔓？|28/100
|move|p1a: 就你是藤蔓？|Knock Off|p2a: Tyranitar
|-resisted|p2a: Tyranitar
|-damage|p2a: Tyranitar|94/100
|-enditem|p2a: Tyranitar|Choice Band|[from] move: Knock Off|[of] p1a: 就你是藤蔓？
|
|-weather|Sandstorm|[upkeep]
|-damage|p1a: 就你是藤蔓？|22/100|[from] Sandstorm
|upkeep
|turn|17
|
|switch|p1a: Silvally|Silvally-Fairy|40/100
|move|p2a: Tyranitar|Stone Edge|p1a: Silvally
|-damage|p1a: Silvally|0 fnt
|faint|p1a: Silvally
|
|-weather|Sandstorm|[upkeep]
|upkeep
|
|switch|p1a: Crawdaunt|Crawdaunt, M|89/100
|turn|18
|
|move|p2a: Tyranitar|Stone Edge|p1a: Crawdaunt
|-damage|p1a: Crawdaunt|1/100
|move|p1a: Crawdaunt|Crabhammer|p2a: Tyranitar|[miss]
|-miss|p1a: Crawdaunt|p2a: Tyranitar
|
|-weather|Sandstorm|[upkeep]
|-damage|p1a: Crawdaunt|0 fnt|[from] Sandstorm
|faint|p1a: Crawdaunt
|upkeep
|
|switch|p1a: 就你是藤蔓？|Tangela, F|55/100
|turn|19
|
|switch|p2a: Celebi|Celebi|90/100
|move|p1a: 就你是藤蔓？|Knock Off|p2a: Celebi
|-supereffective|p2a: Celebi
|-damage|p2a: Celebi|72/100
|-enditem|p2a: Celebi|Leftovers|[from] move: Knock Off|[of] p1a: 就你是藤蔓？
|
|-weather|none
|upkeep
|turn|20
|
|switch|p1a: Talonflame|Talonflame, M, shiny|53/100
|move|p2a: Celebi|Psychic|p1a: Talonflame
|-damage|p1a: Talonflame|14/100
|
|upkeep
|turn|21
|
|switch|p2a: Tyranitar|Tyranitar, F|94/100
|-weather|Sandstorm|[from] ability: Sand Stream|[of] p2a: Tyranitar
|move|p1a: Talonflame|Roost|p1a: Talonflame
|-heal|p1a: Talonflame|64/100
|-singleturn|p1a: Talonflame|move: Roost
|
|-weather|Sandstorm|[upkeep]
|-damage|p1a: Talonflame|58/100|[from] Sandstorm
|upkeep
|turn|22
|
|switch|p1a: 就你是藤蔓？|Tangela, F|89/100
|move|p2a: Tyranitar|Stone Edge|p1a: 就你是藤蔓？
|-damage|p1a: 就你是藤蔓？|63/100
|
|-weather|Sandstorm|[upkeep]
|-damage|p1a: 就你是藤蔓？|57/100|[from] Sandstorm
|upkeep
|turn|23
|
|switch|p2a: Celebi|Celebi|72/100
|switch|p1a: 吧老师|Slowbro-Galar, M, shiny|77/100
|
|-weather|Sandstorm|[upkeep]
|-damage|p2a: Celebi|66/100|[from] Sandstorm
|-damage|p1a: 吧老师|70/100|[from] Sandstorm
|-heal|p1a: 吧老师|77/100|[from] item: Black Sludge
|upkeep
|turn|24
|
|move|p2a: Celebi|Psychic|p1a: 吧老师
|-damage|p1a: 吧老师|42/100
|move|p1a: 吧老师|Fire Blast|p2a: Celebi
|-supereffective|p2a: Celebi
|-damage|p2a: Celebi|13/100
|
|-weather|Sandstorm|[upkeep]
|-damage|p2a: Celebi|6/100|[from] Sandstorm
|-damage|p1a: 吧老师|36/100|[from] Sandstorm
|-heal|p1a: 吧老师|42/100|[from] item: Black Sludge
|upkeep
|turn|25
|
|move|p2a: Celebi|U-turn|p1a: 吧老师
|-damage|p1a: 吧老师|29/100
|
|switch|p2a: Noivern|Noivern, F|100/100|[from]move: U-turn
|-item|p1a: 吧老师|Black Sludge|[from] ability: Frisk|[of] p2a: Noivern|[identify]
|move|p1a: 吧老师|Sludge Bomb|p2a: Noivern
|-damage|p2a: Noivern|48/100
|
|-weather|none
|-heal|p1a: 吧老师|35/100|[from] item: Black Sludge
|upkeep
|turn|26
|
|switch|p1a: 就你是藤蔓？|Tangela, F|91/100
|move|p2a: Noivern|Draco Meteor|p1a: 就你是藤蔓？
|-damage|p1a: 就你是藤蔓？|9/100
|-unboost|p2a: Noivern|spa|2
|
|upkeep
|turn|27
|
|switch|p1a: Talonflame|Talonflame, M, shiny|58/100
|move|p2a: Noivern|Draco Meteor|p1a: Talonflame
|-damage|p1a: Talonflame|21/100
|-unboost|p2a: Noivern|spa|2
|
|upkeep
|turn|28
|
|switch|p1a: 吧老师|Slowbro-Galar, M, shiny|69/100
|switch|p2a: Tyranitar|Tyranitar, F|94/100
|-weather|Sandstorm|[from] ability: Sand Stream|[of] p2a: Tyranitar
|
|-weather|Sandstorm|[upkeep]
|-damage|p1a: 吧老师|62/100|[from] Sandstorm
|-heal|p1a: 吧老师|69/100|[from] item: Black Sludge
|upkeep
|turn|29
|
|switch|p1a: 就你是藤蔓？|Tangela, F|42/100
|move|p2a: Tyranitar|Crunch|p1a: 就你是藤蔓？
|-damage|p1a: 就你是藤蔓？|21/100
|
|-weather|Sandstorm|[upkeep]
|-damage|p1a: 就你是藤蔓？|15/100|[from] Sandstorm
|upkeep
|turn|30
|
|switch|p1a: Talonflame|Talonflame, M, shiny|21/100
|move|p2a: Tyranitar|Crunch|p1a: Talonflame
|-damage|p1a: Talonflame|0 fnt
|faint|p1a: Talonflame
|
|-weather|Sandstorm|[upkeep]
|upkeep
|
|switch|p1a: 就你是藤蔓？|Tangela, F|49/100
|turn|31
|
|switch|p2a: Noivern|Noivern, F|48/100
|-item|p1a: 就你是藤蔓？|Eviolite|[from] ability: Frisk|[of] p2a: Noivern|[identify]
|move|p1a: 就你是藤蔓？|Giga Drain|p2a: Noivern
|-resisted|p2a: Noivern
|-damage|p2a: Noivern|40/100
|-heal|p1a: 就你是藤蔓？|52/100|[from] drain|[of] p2a: Noivern
|
|-weather|Sandstorm|[upkeep]
|-damage|p2a: Noivern|34/100|[from] Sandstorm
|-damage|p1a: 就你是藤蔓？|46/100|[from] Sandstorm
|upkeep
|turn|32
|
|switch|p1a: 吧老师|Slowbro-Galar, M, shiny|100/100
|move|p2a: Noivern|Draco Meteor|p1a: 吧老师
|-damage|p1a: 吧老师|37/100
|-unboost|p2a: Noivern|spa|2
|
|-weather|none
|-heal|p1a: 吧老师|43/100|[from] item: Black Sludge
|upkeep
|turn|33
|
|switch|p2a: Tyranitar|Tyranitar, F|94/100
|-weather|Sandstorm|[from] ability: Sand Stream|[of] p2a: Tyranitar
|switch|p1a: 就你是藤蔓？|Tangela, F|80/100
|
|-weather|Sandstorm|[upkeep]
|-damage|p1a: 就你是藤蔓？|74/100|[from] Sandstorm
|upkeep
|turn|34
|
|switch|p2a: Durant|Durant, F|78/100 brn
|move|p1a: 就你是藤蔓？|Sleep Powder||[still]
|-fail|p1a: 就你是藤蔓？
|
|-weather|Sandstorm|[upkeep]
|-damage|p1a: 就你是藤蔓？|68/100|[from] Sandstorm
|-damage|p2a: Durant|72/100 brn|[from] brn
|upkeep
|turn|35
|
|move|p2a: Durant|X-Scissor|p1a: 就你是藤蔓？
|-supereffective|p1a: 就你是藤蔓？
|-damage|p1a: 就你是藤蔓？|36/100
|-damage|p2a: Durant|62/100 brn|[from] item: Life Orb
|move|p1a: 就你是藤蔓？|Knock Off|p2a: Durant
|-damage|p2a: Durant|47/100 brn
|-enditem|p2a: Durant|Life Orb|[from] move: Knock Off|[of] p1a: 就你是藤蔓？
|
|-weather|Sandstorm|[upkeep]
|-damage|p1a: 就你是藤蔓？|30/100|[from] Sandstorm
|-damage|p2a: Durant|41/100 brn|[from] brn
|upkeep
|turn|36
|
|switch|p1a: 吧老师|Slowbro-Galar, M, shiny|77/100
|move|p2a: Durant|X-Scissor|p1a: 吧老师
|-damage|p1a: 吧老师|53/100
|
|-weather|Sandstorm|[upkeep]
|-damage|p1a: 吧老师|47/100|[from] Sandstorm
|-heal|p1a: 吧老师|53/100|[from] item: Black Sludge
|-damage|p2a: Durant|34/100 brn|[from] brn
|upkeep
|turn|37
|
|switch|p1a: 就你是藤蔓？|Tangela, F|63/100
|move|p2a: Durant|Crunch|p1a: 就你是藤蔓？
|-damage|p1a: 就你是藤蔓？|55/100
|
|-weather|none
|-damage|p2a: Durant|28/100 brn|[from] brn
|upkeep
|turn|38
|
|switch|p1a: 吧老师|Slowbro-Galar, M, shiny|86/100
|move|p2a: Durant|Hone Claws|p2a: Durant
|-boost|p2a: Durant|atk|1
|-boost|p2a: Durant|accuracy|1
|
|-heal|p1a: 吧老师|93/100|[from] item: Black Sludge
|-damage|p2a: Durant|22/100 brn|[from] brn
|upkeep
|turn|39
|
|switch|p1a: 就你是藤蔓？|Tangela, F|88/100
|move|p2a: Durant|Crunch|p1a: 就你是藤蔓？
|-damage|p1a: 就你是藤蔓？|76/100
|
|-damage|p2a: Durant|16/100 brn|[from] brn
|upkeep
|turn|40
|
|move|p2a: Durant|X-Scissor|p1a: 就你是藤蔓？
|-supereffective|p1a: 就你是藤蔓？
|-damage|p1a: 就你是藤蔓？|41/100
|move|p1a: 就你是藤蔓？|Giga Drain|p2a: Durant
|-resisted|p2a: Durant
|-damage|p2a: Durant|2/100 brn
|-heal|p1a: 就你是藤蔓？|46/100|[from] drain|[of] p2a: Durant
|
|-damage|p2a: Durant|0 fnt|[from] brn
|faint|p2a: Durant
|upkeep
|
|switch|p2a: Celebi|Celebi|6/100
|turn|41
|
|switch|p1a: 吧老师|Slowbro-Galar, M, shiny|100/100
|move|p2a: Celebi|Recover|p2a: Celebi
|-heal|p2a: Celebi|57/100
|
|upkeep
|turn|42
|
|move|p2a: Celebi|U-turn|p1a: 吧老师
|-damage|p1a: 吧老师|88/100
|
|switch|p2a: Tyranitar|Tyranitar, F|94/100|[from]move: U-turn
|-weather|Sandstorm|[from] ability: Sand Stream|[of] p2a: Tyranitar
|move|p1a: 吧老师|Nasty Plot|p1a: 吧老师
|-boost|p1a: 吧老师|spa|2
|
|-weather|Sandstorm|[upkeep]
|-damage|p1a: 吧老师|82/100|[from] Sandstorm
|-heal|p1a: 吧老师|88/100|[from] item: Black Sludge
|upkeep
|turn|43
|
|switch|p1a: 就你是藤蔓？|Tangela, F|79/100
|move|p2a: Tyranitar|Crunch|p1a: 就你是藤蔓？
|-damage|p1a: 就你是藤蔓？|58/100
|
|-weather|Sandstorm|[upkeep]
|-damage|p1a: 就你是藤蔓？|52/100|[from] Sandstorm
|upkeep
|turn|44
|
|switch|p2a: Celebi|Celebi|57/100
|switch|p1a: 吧老师|Slowbro-Galar, M, shiny|100/100
|
|-weather|Sandstorm|[upkeep]
|-damage|p2a: Celebi|50/100|[from] Sandstorm
|-damage|p1a: 吧老师|94/100|[from] Sandstorm
|-heal|p1a: 吧老师|100/100|[from] item: Black Sludge
|upkeep
|turn|45
|
|move|p2a: Celebi|U-turn|p1a: 吧老师
|-damage|p1a: 吧老师|89/100
|
|switch|p2a: Tyranitar|Tyranitar, F|94/100|[from]move: U-turn
|move|p1a: 吧老师|Sludge Bomb|p2a: Tyranitar
|-resisted|p2a: Tyranitar
|-damage|p2a: Tyranitar|80/100
|
|-weather|Sandstorm|[upkeep]
|-damage|p1a: 吧老师|83/100|[from] Sandstorm
|-heal|p1a: 吧老师|89/100|[from] item: Black Sludge
|upkeep
|turn|46
|
|switch|p2a: Noivern|Noivern, F|34/100
|-item|p1a: 吧老师|Black Sludge|[from] ability: Frisk|[of] p2a: Noivern|[identify]
|switch|p1a: 就你是藤蔓？|Tangela, F|86/100
|
|-weather|none
|upkeep
|turn|47
|
|move|p2a: Noivern|Flamethrower|p1a: 就你是藤蔓？
|-supereffective|p1a: 就你是藤蔓？
|-damage|p1a: 就你是藤蔓？|17/100
|move|p1a: 就你是藤蔓？|Sleep Powder|p2a: Noivern|[miss]
|-miss|p1a: 就你是藤蔓？|p2a: Noivern
|
|upkeep
|turn|48
|
|switch|p1a: 吧老师|Slowbro-Galar, M, shiny|100/100
|move|p2a: Noivern|Flamethrower|p1a: 吧老师
|-damage|p1a: 吧老师|70/100
|
|-heal|p1a: 吧老师|76/100|[from] item: Black Sludge
|upkeep
|turn|49
|
|move|p2a: Noivern|Draco Meteor|p1a: 吧老师
|-damage|p1a: 吧老师|10/100
|-unboost|p2a: Noivern|spa|2
|move|p1a: 吧老师|Psyshock|p2a: Noivern
|-damage|p2a: Noivern|0 fnt
|faint|p2a: Noivern
|
|-heal|p1a: 吧老师|16/100|[from] item: Black Sludge
|upkeep
|
|switch|p2a: Tyranitar|Tyranitar, F|80/100
|-weather|Sandstorm|[from] ability: Sand Stream|[of] p2a: Tyranitar
|turn|50
|
|move|p2a: Tyranitar|Crunch|p1a: 吧老师
|-supereffective|p1a: 吧老师
|-damage|p1a: 吧老师|0 fnt
|faint|p1a: 吧老师
|
|-weather|Sandstorm|[upkeep]
|upkeep
|
|switch|p1a: 就你是藤蔓？|Tangela, F|50/100
|turn|51
|
|switch|p2a: Celebi|Celebi|50/100
|switch|p1a: Toxtricity|Toxtricity-Low-Key, F|25/100
|
|-weather|Sandstorm|[upkeep]
|-damage|p1a: Toxtricity|19/100|[from] Sandstorm
|-damage|p2a: Celebi|44/100|[from] Sandstorm
|upkeep
|turn|52
|
|switch|p1a: 就你是藤蔓？|Tangela, F|83/100
|switch|p2a: Palossand|Palossand, F|100/100
|
|-weather|Sandstorm|[upkeep]
|-damage|p1a: 就你是藤蔓？|77/100|[from] Sandstorm
|upkeep
|turn|53
|
|switch|p2a: Celebi|Celebi|44/100
|move|p1a: 就你是藤蔓？|Sludge Bomb|p2a: Celebi
|-supereffective|p2a: Celebi
|-damage|p2a: Celebi|10/100
|-status|p2a: Celebi|psn
|
|-weather|Sandstorm|[upkeep]
|-damage|p2a: Celebi|4/100 psn|[from] Sandstorm
|-damage|p1a: 就你是藤蔓？|71/100|[from] Sandstorm
|-damage|p2a: Celebi|0 fnt|[from] psn
|faint|p2a: Celebi
|upkeep
|
|switch|p2a: Palossand|Palossand, F|100/100
|turn|54
|
|move|p1a: 就你是藤蔓？|Giga Drain|p2a: Palossand|[miss]
|-miss|p1a: 就你是藤蔓？|p2a: Palossand
|move|p2a: Palossand|Shadow Ball|p1a: 就你是藤蔓？
|-damage|p1a: 就你是藤蔓？|30/100
|
|-weather|none
|upkeep
|turn|55
|
|move|p1a: 就你是藤蔓？|Giga Drain|p2a: Palossand
|-supereffective|p2a: Palossand
|-damage|p2a: Palossand|40/100
|-heal|p1a: 就你是藤蔓？|65/100|[from] drain|[of] p2a: Palossand
|move|p2a: Palossand|Shadow Ball|p1a: 就你是藤蔓？
|-damage|p1a: 就你是藤蔓？|27/100
|
|upkeep
|turn|56
|
|switch|p2a: Tyranitar|Tyranitar, F|80/100
|-weather|Sandstorm|[from] ability: Sand Stream|[of] p2a: Tyranitar
|move|p1a: 就你是藤蔓？|Giga Drain|p2a: Tyranitar
|-supereffective|p2a: Tyranitar
|-damage|p2a: Tyranitar|45/100
|-heal|p1a: 就你是藤蔓？|45/100|[from] drain|[of] p2a: Tyranitar
|
|-weather|Sandstorm|[upkeep]
|-damage|p1a: 就你是藤蔓？|39/100|[from] Sandstorm
|upkeep
|turn|57
|
|move|p2a: Tyranitar|Stone Edge|p1a: 就你是藤蔓？|[miss]
|-miss|p2a: Tyranitar|p1a: 就你是藤蔓？
|move|p1a: 就你是藤蔓？|Giga Drain|p2a: Tyranitar
|-supereffective|p2a: Tyranitar
|-damage|p2a: Tyranitar|13/100
|-heal|p1a: 就你是藤蔓？|55/100|[from] drain|[of] p2a: Tyranitar
|
|-weather|Sandstorm|[upkeep]
|-damage|p1a: 就你是藤蔓？|49/100|[from] Sandstorm
|upkeep
|turn|58
|
|move|p2a: Tyranitar|Stone Edge|p1a: 就你是藤蔓？
|-damage|p1a: 就你是藤蔓？|21/100
|move|p1a: 就你是藤蔓？|Giga Drain|p2a: Tyranitar
|-supereffective|p2a: Tyranitar
|-damage|p2a: Tyranitar|0 fnt
|-heal|p1a: 就你是藤蔓？|28/100|[from] drain|[of] p2a: Tyranitar
|faint|p2a: Tyranitar
|
|-weather|Sandstorm|[upkeep]
|-damage|p1a: 就你是藤蔓？|22/100|[from] Sandstorm
|upkeep
|
|switch|p2a: Palossand|Palossand, F|40/100
|turn|59
|
|switch|p1a: Toxtricity|Toxtricity-Low-Key, F|19/100
|move|p2a: Palossand|Shadow Ball|p1a: Toxtricity
|-damage|p1a: Toxtricity|0 fnt
|faint|p1a: Toxtricity
|
|-weather|Sandstorm|[upkeep]
|upkeep
|
|switch|p1a: 就你是藤蔓？|Tangela, F|55/100
|turn|60
|
|move|p1a: 就你是藤蔓？|Giga Drain|p2a: Palossand
|-supereffective|p2a: Palossand
|-damage|p2a: Palossand|0 fnt
|-heal|p1a: 就你是藤蔓？|77/100|[from] drain|[of] p2a: Palossand
|faint|p2a: Palossand
|
|win|PiWang
|l|☆big baz
|raw|PiWang's rating: 1499 &rarr; <strong>1517</strong><br />(+18 for winning)
|raw|big baz's rating: 1466 &rarr; <strong>1448</strong><br />(-18 for losing)
|l| Hebrews 11-1
