|j|☆GryphonEX
|j|☆Kobemax51
|t:|1662641939
|gametype|singles
|player|p1|GryphonEX|2|1460
|player|p2|Kobemax51|169|1303
|teamsize|p1|6
|teamsize|p2|6
|gen|8
|tier|[Gen 8] UU
|rated|
|rule|Sleep Clause Mod: Limit one foe put to sleep
|rule|Species Clause: Limit one of each Pokémon
|rule|OHKO Clause: OHKO moves are banned
|rule|Evasion Items Clause: Evasion items are banned
|rule|Evasion Moves Clause: Evasion moves are banned
|rule|Endless Battle Clause: Forcing endless battles is banned
|rule|HP Percentage Mod: HP is shown in percentages
|rule|Dynamax Clause: You cannot dynamax
|clearpoke
|poke|p1|Hydreigon, F|
|poke|p1|Suicune|
|poke|p1|Zarude|
|poke|p1|Salamence, M|
|poke|p1|Chansey, F|
|poke|p1|Corsola-Galar, M|
|poke|p2|Azumarill, M|
|poke|p2|Salamence, F|
|poke|p2|Celesteela|
|poke|p2|Venusaur, M|
|poke|p2|Torkoal, F|
|poke|p2|Rotom-Heat|
|teampreview
|c|☆GryphonEX|Good luck!
|
|t:|1662641952
|start
|switch|p1a: Suicune|Suicune|100/100
|switch|p2a: Torkoal|Torkoal, F|100/100
|-ability|p1a: Suicune|Pressure
|-weather|SunnyDay|[from] ability: Drought|[of] p2a: Torkoal
|turn|1
|
|t:|1662641957
|move|p1a: Suicune|Calm Mind|p1a: Suicune
|-boost|p1a: Suicune|spa|1
|-boost|p1a: Suicune|spd|1
|move|p2a: Torkoal|Stealth Rock|p1a: Suicune
|-sidestart|p1: GryphonEX|move: Stealth Rock
|
|-weather|SunnyDay|[upkeep]
|upkeep
|turn|2
|
|t:|1662641960
|move|p1a: Suicune|Calm Mind|p1a: Suicune
|-boost|p1a: Suicune|spa|1
|-boost|p1a: Suicune|spd|1
|move|p2a: Torkoal|Yawn|p1a: Suicune
|-start|p1a: Suicune|move: Yawn|[of] p2a: Torkoal
|
|-weather|SunnyDay|[upkeep]
|upkeep
|turn|3
|
|t:|1662641964
|switch|p2a: Venusaur|Venusaur, M|100/100
|move|p1a: Suicune|Ice Beam|p2a: Venusaur
|-supereffective|p2a: Venusaur
|-damage|p2a: Venusaur|19/100
|
|-weather|SunnyDay|[upkeep]
|-end|p1a: Suicune|move: Yawn|[silent]
|-status|p1a: Suicune|slp
|upkeep
|turn|4
|
|t:|1662641969
|move|p2a: Venusaur|Swords Dance|p2a: Venusaur
|-boost|p2a: Venusaur|atk|2
|cant|p1a: Suicune|slp
|
|-weather|SunnyDay|[upkeep]
|upkeep
|turn|5
|
|t:|1662641972
|move|p2a: Venusaur|Seed Bomb|p1a: Suicune
|-supereffective|p1a: Suicune
|-damage|p1a: Suicune|0 fnt
|faint|p1a: Suicune
|-damage|p2a: Venusaur|9/100|[from] item: Life Orb
|
|-weather|SunnyDay|[upkeep]
|upkeep
|
|t:|1662641977
|switch|p1a: Salamence|Salamence, M|100/100
|-ability|p1a: Salamence|Intimidate|boost
|-unboost|p2a: Venusaur|atk|1
|turn|6
|
|t:|1662641980
|move|p2a: Venusaur|Knock Off|p1a: Salamence
|-damage|p1a: Salamence|64/100
|-enditem|p1a: Salamence|Heavy-Duty Boots|[from] move: Knock Off|[of] p2a: Venusaur
|-damage|p2a: Venusaur|0 fnt|[from] item: Life Orb
|faint|p2a: Venusaur
|move|p1a: Salamence|Flamethrower|p2: Venusaur|[notarget]
|-fail|p1a: Salamence
|
|-weather|SunnyDay|[upkeep]
|upkeep
|
|t:|1662641986
|switch|p2a: Rotom|Rotom-Heat|100/100
|turn|7
|c|☆GryphonEX|Now that’s a cool set
|inactive|Battle timer is ON: inactive players will automatically lose when time's up. (requested by Kobemax51)
|
|t:|1662641995
|switch|p1a: Chansey|Chansey, F|100/100
|-damage|p1a: Chansey|88/100|[from] Stealth Rock
|move|p2a: Rotom|Volt Switch|p1a: Chansey
|-damage|p1a: Chansey|74/100
|
|t:|1662642004
|switch|p2a: Azumarill|Azumarill, M|100/100|[from]move: Volt Switch
|
|-weather|SunnyDay|[upkeep]
|upkeep
|turn|8
|
|t:|1662642012
|switch|p1a: Corsola|Corsola-Galar, M|100/100
|-damage|p1a: Corsola|88/100|[from] Stealth Rock
|move|p2a: Azumarill|Belly Drum|p2a: Azumarill
|-damage|p2a: Azumarill|50/100
|-setboost|p2a: Azumarill|atk|6|[from] move: Belly Drum
|-enditem|p2a: Azumarill|Sitrus Berry|[eat]
|-heal|p2a: Azumarill|75/100|[from] item: Sitrus Berry
|
|-weather|none
|upkeep
|turn|9
|
|t:|1662642018
|move|p2a: Azumarill|Waterfall|p1a: Corsola
|-damage|p1a: Corsola|0 fnt
|faint|p1a: Corsola
|
|upkeep
|
|t:|1662642020
|switch|p1a: Zarude|Zarude|100/100
|-damage|p1a: Zarude|88/100|[from] Stealth Rock
|turn|10
|
|t:|1662642023
|move|p1a: Zarude|Power Whip|p2a: Azumarill
|-supereffective|p2a: Azumarill
|-damage|p2a: Azumarill|0 fnt
|faint|p2a: Azumarill
|
|upkeep
|
|t:|1662642026
|switch|p2a: Torkoal|Torkoal, F|100/100
|-weather|SunnyDay|[from] ability: Drought|[of] p2a: Torkoal
|turn|11
|
|t:|1662642035
|switch|p1a: Chansey|Chansey, F|74/100
|-damage|p1a: Chansey|62/100|[from] Stealth Rock
|move|p2a: Torkoal|Fire Blast|p1a: Chansey
|-crit|p1a: Chansey
|-damage|p1a: Chansey|40/100
|
|-weather|SunnyDay|[upkeep]
|upkeep
|turn|12
|
|t:|1662642038
|move|p1a: Chansey|Soft-Boiled|p1a: Chansey
|-heal|p1a: Chansey|90/100
|move|p2a: Torkoal|Fire Blast|p1a: Chansey|[miss]
|-miss|p2a: Torkoal|p1a: Chansey
|
|-weather|SunnyDay|[upkeep]
|upkeep
|turn|13
|
|t:|1662642043
|move|p1a: Chansey|Thunder Wave|p2a: Torkoal
|-status|p2a: Torkoal|par
|cant|p2a: Torkoal|par
|
|-weather|SunnyDay|[upkeep]
|upkeep
|turn|14
|
|t:|1662642051
|switch|p2a: Rotom|Rotom-Heat|100/100
|move|p1a: Chansey|Teleport|p1a: Chansey
|
|t:|1662642055
|switch|p1a: Hydreigon|Hydreigon, F|100/100|[from]move: Teleport
|-damage|p1a: Hydreigon|88/100|[from] Stealth Rock
|
|-weather|SunnyDay|[upkeep]
|upkeep
|turn|15
|
|t:|1662642057
|move|p1a: Hydreigon|Draco Meteor|p2a: Rotom
|-damage|p2a: Rotom|0 fnt
|-unboost|p1a: Hydreigon|spa|2
|faint|p2a: Rotom
|
|-weather|SunnyDay|[upkeep]
|upkeep
|
|t:|1662642063
|switch|p2a: Salamence|Salamence, F|100/100
|-ability|p2a: Salamence|Intimidate|boost
|-unboost|p1a: Hydreigon|atk|1
|turn|16
|
|t:|1662642067
|switch|p1a: Chansey|Chansey, F|90/100
|-damage|p1a: Chansey|77/100|[from] Stealth Rock
|move|p2a: Salamence|Tailwind|p2a: Salamence
|-sidestart|p2: Kobemax51|move: Tailwind
|
|-weather|SunnyDay|[upkeep]
|upkeep
|turn|17
|
|t:|1662642073
|switch|p2a: Celesteela|Celesteela|100/100
|move|p1a: Chansey|Thunder Wave|p2a: Celesteela
|-status|p2a: Celesteela|par
|
|-weather|SunnyDay|[upkeep]
|upkeep
|turn|18
|
|t:|1662642075
|move|p2a: Celesteela|Leech Seed|p1a: Chansey|[miss]
|-miss|p2a: Celesteela|p1a: Chansey
|move|p1a: Chansey|Teleport|p1a: Chansey
|
|t:|1662642076
|switch|p1a: Hydreigon|Hydreigon, F|88/100|[from]move: Teleport
|-damage|p1a: Hydreigon|76/100|[from] Stealth Rock
|
|-weather|none
|upkeep
|turn|19
|
|t:|1662642078
|move|p1a: Hydreigon|Flamethrower|p2a: Celesteela
|-supereffective|p2a: Celesteela
|-damage|p2a: Celesteela|40/100 par
|cant|p2a: Celesteela|par
|
|-heal|p2a: Celesteela|46/100 par|[from] item: Leftovers
|-sideend|p2: Kobemax51|move: Tailwind
|upkeep
|turn|20
|c|☆Kobemax51|Bahahahaha
|
|t:|1662642087
|move|p2a: Celesteela|Protect|p2a: Celesteela
|-singleturn|p2a: Celesteela|Protect
|move|p1a: Hydreigon|Flamethrower|p2a: Celesteela
|-activate|p2a: Celesteela|move: Protect
|
|-heal|p2a: Celesteela|52/100 par|[from] item: Leftovers
|upkeep
|turn|21
|
|t:|1662642090
|switch|p2a: Torkoal|Torkoal, F|100/100 par
|-weather|SunnyDay|[from] ability: Drought|[of] p2a: Torkoal
|move|p1a: Hydreigon|Flamethrower|p2a: Torkoal
|-resisted|p2a: Torkoal
|-damage|p2a: Torkoal|52/100 par
|
|-weather|SunnyDay|[upkeep]
|upkeep
|turn|22
|
|t:|1662642093
|move|p1a: Hydreigon|Flamethrower|p2a: Torkoal
|-resisted|p2a: Torkoal
|-damage|p2a: Torkoal|4/100 par
|move|p2a: Torkoal|Fire Blast|p1a: Hydreigon
|-resisted|p1a: Hydreigon
|-damage|p1a: Hydreigon|46/100
|
|-weather|SunnyDay|[upkeep]
|upkeep
|turn|23
|
|t:|1662642096
|move|p1a: Hydreigon|Flamethrower|p2a: Torkoal
|-resisted|p2a: Torkoal
|-damage|p2a: Torkoal|0 fnt
|faint|p2a: Torkoal
|
|-weather|SunnyDay|[upkeep]
|upkeep
|l|☆Kobemax51
|inactive|Kobemax51 disconnected and has a minute to reconnect!
|player|p2|
|j|☆Kobemax51
|inactive|Kobemax51 reconnected and has 140 seconds left.
|player|p2|Kobemax51|169
|
|t:|1662642108
|switch|p2a: Salamence|Salamence, F|100/100
|-ability|p2a: Salamence|Intimidate|boost
|-unboost|p1a: Hydreigon|atk|1
|turn|24
|
|t:|1662642114
|switch|p1a: Salamence|Salamence, M|64/100
|-damage|p1a: Salamence|39/100|[from] Stealth Rock
|-ability|p1a: Salamence|Intimidate|boost
|-unboost|p2a: Salamence|atk|1
|move|p2a: Salamence|Draco Meteor|p1a: Salamence
|-supereffective|p1a: Salamence
|-damage|p1a: Salamence|0 fnt
|-unboost|p2a: Salamence|spa|2
|faint|p1a: Salamence
|
|-weather|SunnyDay|[upkeep]
|upkeep
|
|t:|1662642121
|switch|p1a: Chansey|Chansey, F|77/100
|-damage|p1a: Chansey|65/100|[from] Stealth Rock
|turn|25
|
|t:|1662642125
|move|p2a: Salamence|Tailwind|p2a: Salamence
|-sidestart|p2: Kobemax51|move: Tailwind
|move|p1a: Chansey|Teleport|p1a: Chansey
|
|t:|1662642132
|switch|p1a: Zarude|Zarude|88/100|[from]move: Teleport
|-damage|p1a: Zarude|76/100|[from] Stealth Rock
|
|-weather|SunnyDay|[upkeep]
|upkeep
|turn|26
|
|t:|1662642136
|move|p2a: Salamence|Fire Blast|p1a: Zarude|[miss]
|-miss|p2a: Salamence|p1a: Zarude
|move|p1a: Zarude|Darkest Lariat|p2a: Salamence
|-damage|p2a: Salamence|40/100
|
|-weather|SunnyDay|[upkeep]
|upkeep
|turn|27
|
|t:|1662642138
|switch|p1a: Chansey|Chansey, F|65/100
|-damage|p1a: Chansey|53/100|[from] Stealth Rock
|move|p2a: Salamence|Fire Blast|p1a: Chansey
|-damage|p1a: Chansey|45/100
|-status|p1a: Chansey|brn
|
|-weather|SunnyDay|[upkeep]
|-damage|p1a: Chansey|38/100 brn|[from] brn
|upkeep
|turn|28
|
|t:|1662642141
|move|p2a: Salamence|Draco Meteor|p1a: Chansey
|-damage|p1a: Chansey|27/100 brn
|-unboost|p2a: Salamence|spa|2
|move|p1a: Chansey|Soft-Boiled|p1a: Chansey
|-heal|p1a: Chansey|77/100 brn
|
|-weather|none
|-damage|p1a: Chansey|71/100 brn|[from] brn
|-sideend|p2: Kobemax51|move: Tailwind
|upkeep
|turn|29
|
|t:|1662642145
|switch|p2a: Celesteela|Celesteela|52/100 par
|move|p1a: Chansey|Seismic Toss|p2a: Celesteela
|-damage|p2a: Celesteela|27/100 par
|
|-heal|p2a: Celesteela|33/100 par|[from] item: Leftovers
|-damage|p1a: Chansey|65/100 brn|[from] brn
|upkeep
|turn|30
|
|t:|1662642147
|move|p2a: Celesteela|Leech Seed|p1a: Chansey
|-start|p1a: Chansey|move: Leech Seed
|move|p1a: Chansey|Teleport|p1a: Chansey
|
|t:|1662642150
|-curestatus|p1a: Chansey|brn|[from] ability: Natural Cure
|switch|p1a: Hydreigon|Hydreigon, F|46/100|[from]move: Teleport
|-damage|p1a: Hydreigon|34/100|[from] Stealth Rock
|
|-heal|p2a: Celesteela|39/100 par|[from] item: Leftovers
|upkeep
|turn|31
|
|t:|1662642152
|move|p2a: Celesteela|Protect|p2a: Celesteela
|-singleturn|p2a: Celesteela|Protect
|move|p1a: Hydreigon|Flamethrower|p2a: Celesteela
|-activate|p2a: Celesteela|move: Protect
|
|-heal|p2a: Celesteela|45/100 par|[from] item: Leftovers
|upkeep
|turn|32
|
|t:|1662642157
|switch|p2a: Salamence|Salamence, F|40/100
|-ability|p2a: Salamence|Intimidate|boost
|-unboost|p1a: Hydreigon|atk|1
|move|p1a: Hydreigon|Flamethrower|p2a: Salamence
|-resisted|p2a: Salamence
|-damage|p2a: Salamence|16/100
|
|upkeep
|turn|33
|
|t:|1662642163
|switch|p1a: Chansey|Chansey, F|65/100
|-damage|p1a: Chansey|53/100|[from] Stealth Rock
|move|p2a: Salamence|Roost|p2a: Salamence
|-heal|p2a: Salamence|66/100
|-singleturn|p2a: Salamence|move: Roost
|
|upkeep
|turn|34
|
|t:|1662642166
|move|p2a: Salamence|Roost|p2a: Salamence
|-heal|p2a: Salamence|100/100
|-singleturn|p2a: Salamence|move: Roost
|move|p1a: Chansey|Thunder Wave|p2a: Salamence
|-status|p2a: Salamence|par
|
|upkeep
|turn|35
|
|t:|1662642169
|move|p1a: Chansey|Soft-Boiled|p1a: Chansey
|-heal|p1a: Chansey|100/100
|move|p2a: Salamence|Tailwind|p2a: Salamence
|-sidestart|p2: Kobemax51|move: Tailwind
|
|upkeep
|turn|36
|
|t:|1662642172
|switch|p2a: Celesteela|Celesteela|45/100 par
|move|p1a: Chansey|Seismic Toss|p2a: Celesteela
|-damage|p2a: Celesteela|20/100 par
|
|-heal|p2a: Celesteela|26/100 par|[from] item: Leftovers
|upkeep
|turn|37
|
|t:|1662642178
|cant|p2a: Celesteela|par
|move|p1a: Chansey|Teleport|p1a: Chansey
|
|t:|1662642180
|switch|p1a: Hydreigon|Hydreigon, F|34/100|[from]move: Teleport
|-damage|p1a: Hydreigon|21/100|[from] Stealth Rock
|
|-heal|p2a: Celesteela|32/100 par|[from] item: Leftovers
|upkeep
|turn|38
|
|t:|1662642182
|move|p2a: Celesteela|Protect|p2a: Celesteela
|-singleturn|p2a: Celesteela|Protect
|move|p1a: Hydreigon|Draco Meteor|p2a: Celesteela
|-activate|p2a: Celesteela|move: Protect
|
|-heal|p2a: Celesteela|38/100 par|[from] item: Leftovers
|-sideend|p2: Kobemax51|move: Tailwind
|upkeep
|turn|39
|
|t:|1662642187
|switch|p1a: Chansey|Chansey, F|100/100
|-damage|p1a: Chansey|88/100|[from] Stealth Rock
|move|p2a: Celesteela|Leech Seed|p1a: Chansey
|-start|p1a: Chansey|move: Leech Seed
|
|-heal|p2a: Celesteela|44/100 par|[from] item: Leftovers
|-damage|p1a: Chansey|76/100|[from] Leech Seed|[of] p2a: Celesteela
|-heal|p2a: Celesteela|66/100 par|[silent]
|upkeep
|turn|40
|
|t:|1662642191
|move|p2a: Celesteela|Heavy Slam|p1a: Chansey
|-damage|p1a: Chansey|51/100
|move|p1a: Chansey|Teleport|p1a: Chansey
|
|t:|1662642194
|switch|p1a: Hydreigon|Hydreigon, F|21/100|[from]move: Teleport
|-damage|p1a: Hydreigon|9/100|[from] Stealth Rock
|
|-heal|p2a: Celesteela|72/100 par|[from] item: Leftovers
|upkeep
|turn|41
|
|t:|1662642196
|move|p2a: Celesteela|Protect|p2a: Celesteela
|-singleturn|p2a: Celesteela|Protect
|move|p1a: Hydreigon|Roost|p1a: Hydreigon
|-heal|p1a: Hydreigon|59/100
|-singleturn|p1a: Hydreigon|move: Roost
|
|-heal|p2a: Celesteela|78/100 par|[from] item: Leftovers
|upkeep
|turn|42
|
|t:|1662642200
|switch|p1a: Chansey|Chansey, F|51/100
|-damage|p1a: Chansey|39/100|[from] Stealth Rock
|move|p2a: Celesteela|Leech Seed|p1a: Chansey
|-start|p1a: Chansey|move: Leech Seed
|
|-heal|p2a: Celesteela|84/100 par|[from] item: Leftovers
|-damage|p1a: Chansey|26/100|[from] Leech Seed|[of] p2a: Celesteela
|-heal|p2a: Celesteela|100/100 par|[silent]
|upkeep
|turn|43
|
|t:|1662642203
|move|p1a: Chansey|Soft-Boiled|p1a: Chansey
|-heal|p1a: Chansey|76/100
|cant|p2a: Celesteela|par
|
|-damage|p1a: Chansey|64/100|[from] Leech Seed|[of] p2a: Celesteela
|upkeep
|turn|44
|
|t:|1662642211
|move|p1a: Chansey|Soft-Boiled|p1a: Chansey
|-heal|p1a: Chansey|100/100
|move|p2a: Celesteela|Heavy Slam|p1a: Chansey
|-damage|p1a: Chansey|74/100
|
|-damage|p1a: Chansey|62/100|[from] Leech Seed|[of] p2a: Celesteela
|upkeep
|turn|45
|
|t:|1662642214
|move|p2a: Celesteela|Heavy Slam|p1a: Chansey
|-damage|p1a: Chansey|33/100
|move|p1a: Chansey|Teleport|p1a: Chansey
|
|t:|1662642221
|switch|p1a: Zarude|Zarude|76/100|[from]move: Teleport
|-damage|p1a: Zarude|64/100|[from] Stealth Rock
|
|upkeep
|turn|46
|
|t:|1662642223
|move|p1a: Zarude|Darkest Lariat|p2a: Celesteela
|-damage|p2a: Celesteela|50/100 par
|cant|p2a: Celesteela|par
|
|-heal|p2a: Celesteela|56/100 par|[from] item: Leftovers
|upkeep
|turn|47
|
|t:|1662642227
|cant|p2a: Celesteela|par
|move|p1a: Zarude|Darkest Lariat|p2a: Celesteela
|-damage|p2a: Celesteela|6/100 par
|
|-heal|p2a: Celesteela|12/100 par|[from] item: Leftovers
|upkeep
|turn|48
|c|☆Kobemax51|BAHAHAHAH TJAT LUCK
|c|☆Kobemax51|2 Times 2 stun
|
|t:|1662642244
|move|p2a: Celesteela|Protect|p2a: Celesteela
|-singleturn|p2a: Celesteela|Protect
|move|p1a: Zarude|Darkest Lariat|p2a: Celesteela
|-activate|p2a: Celesteela|move: Protect
|
|-heal|p2a: Celesteela|18/100 par|[from] item: Leftovers
|upkeep
|turn|49
|c|☆GryphonEX|Yeah that sucks
|
|t:|1662642252
|switch|p2a: Salamence|Salamence, F|100/100 par
|-ability|p2a: Salamence|Intimidate|boost
|-unboost|p1a: Zarude|atk|1
|move|p1a: Zarude|Darkest Lariat|p2a: Salamence
|-damage|p2a: Salamence|55/100 par
|
|upkeep
|turn|50
|c|☆Kobemax51|You got lose …
|
|t:|1662642264
|switch|p1a: Hydreigon|Hydreigon, F|59/100
|-damage|p1a: Hydreigon|47/100|[from] Stealth Rock
|cant|p2a: Salamence|par
|
|upkeep
|turn|51
|
|t:|1662642271
|move|p1a: Hydreigon|Draco Meteor|p2a: Salamence
|-supereffective|p2a: Salamence
|-damage|p2a: Salamence|0 fnt
|-unboost|p1a: Hydreigon|spa|2
|faint|p2a: Salamence
|
|upkeep
|
|t:|1662642274
|switch|p2a: Celesteela|Celesteela|18/100 par
|turn|52
|
|t:|1662642276
|switch|p1a: Chansey|Chansey, F|33/100
|-damage|p1a: Chansey|21/100|[from] Stealth Rock
|cant|p2a: Celesteela|par
|
|-heal|p2a: Celesteela|24/100 par|[from] item: Leftovers
|upkeep
|turn|53
|c|☆Kobemax51|Pffff
|c|☆Kobemax51|Bahahahahaaa
|c|☆Kobemax51|Let’s go
|
|t:|1662642289
|move|p2a: Celesteela|Leech Seed|p1a: Chansey
|-start|p1a: Chansey|move: Leech Seed
|move|p1a: Chansey|Teleport|p1a: Chansey
|
|t:|1662642293
|switch|p1a: Hydreigon|Hydreigon, F|47/100|[from]move: Teleport
|-damage|p1a: Hydreigon|35/100|[from] Stealth Rock
|
|-heal|p2a: Celesteela|30/100 par|[from] item: Leftovers
|upkeep
|turn|54
|
|t:|1662642294
|cant|p2a: Celesteela|par
|move|p1a: Hydreigon|Flamethrower|p2a: Celesteela
|-supereffective|p2a: Celesteela
|-damage|p2a: Celesteela|0 fnt
|faint|p2a: Celesteela
|
|win|GryphonEX
|raw|GryphonEX's rating: 1460 &rarr; <strong>1472</strong><br />(+12 for winning)
|raw|Kobemax51's rating: 1303 &rarr; <strong>1291</strong><br />(-12 for losing)
|c|☆Kobemax51|BAHAHAHAHAHAHAHAHAAHAHAHAHAA
|c|☆GryphonEX|That’s just rude
|c|☆Kobemax51|That just luck
|c|☆Kobemax51|Omg
|c|☆Kobemax51|Gg btw
|c|☆GryphonEX|gg
|c|☆GryphonEX|Cool veansur
|c|☆GryphonEX|I’ve never seen physical
|c|☆Kobemax51|Thx
|c|☆Kobemax51|that not a bad bad choice
|c|☆Kobemax51|Not the best
|c|☆Kobemax51|but alternztive
||Ladder isn't responding, score probably updated but might not have (Request timeout).
