|j|☆AchintITB
|j|☆Valiant Hearts
|t:|1619194684
|gametype|singles
|player|p1|AchintITB|2|1569
|player|p2|Valiant Hearts|acetrainerf|1600
|teamsize|p1|6
|teamsize|p2|6
|gen|8
|tier|[Gen 8] UU
|rated|
|clearpoke
|poke|p1|Scizor, F|
|poke|p1|Kommo-o, M|
|poke|p1|Rotom-Heat|
|poke|p1|Nihilego|
|poke|p1|Tangrowth, F|
|poke|p1|Moltres-Galar|
|poke|p2|Thundurus-Therian, M|
|poke|p2|Slowbro-Galar, F|
|poke|p2|Krookodile, M|
|poke|p2|Kommo-o, M|
|poke|p2|Mantine, M|
|poke|p2|Scizor, F|
|rule|Sleep Clause Mod: Limit one foe put to sleep
|rule|Species Clause: Limit one of each Pokémon
|rule|OHKO Clause: OHKO moves are banned
|rule|Evasion Moves Clause: Evasion moves are banned
|rule|Endless Battle Clause: Forcing endless battles is banned
|rule|HP Percentage Mod: HP is shown in percentages
|rule|Dynamax Clause: You cannot dynamax
|teampreview
|inactive|Battle timer is ON: inactive players will automatically lose when time's up. (requested by AchintITB)
|
|t:|1619194725
|start
|switch|p1a: Scizor|Scizor, F|100/100
|switch|p2a: Kommo-o|Kommo-o, M|100/100
|turn|1
|
|t:|1619194730
|move|p2a: Kommo-o|Flamethrower|p1a: Scizor
|-supereffective|p1a: Scizor
|-damage|p1a: Scizor|0 fnt
|faint|p1a: Scizor
|
|upkeep
|
|t:|1619194736
|switch|p1a: Moltres|Moltres-Galar|100/100
|turn|2
|
|t:|1619194741
|switch|p2a: Mantine|Mantine, M|100/100
|move|p1a: Moltres|Hurricane|p2a: Mantine|[miss]
|-miss|p1a: Moltres|p2a: Mantine
|
|upkeep
|turn|3
|
|t:|1619194746
|move|p1a: Moltres|U-turn|p2a: Mantine
|-resisted|p2a: Mantine
|-damage|p2a: Mantine|95/100
|
|t:|1619194750
|switch|p1a: Rotom|Rotom-Heat|100/100|[from]move: U-turn
|move|p2a: Mantine|Toxic|p1a: Rotom
|-status|p1a: Rotom|tox
|
|-damage|p1a: Rotom|94/100 tox|[from] psn
|upkeep
|turn|4
|
|t:|1619194756
|switch|p2a: Kommo-o|Kommo-o, M|100/100
|move|p1a: Rotom|Toxic|p2a: Kommo-o|[miss]
|-miss|p1a: Rotom|p2a: Kommo-o
|
|-damage|p1a: Rotom|82/100 tox|[from] psn
|upkeep
|turn|5
|
|t:|1619194760
|switch|p1a: Moltres|Moltres-Galar|100/100
|move|p2a: Kommo-o|Stealth Rock|p1a: Moltres
|-sidestart|p1: AchintITB|move: Stealth Rock
|
|upkeep
|turn|6
|
|t:|1619194765
|switch|p2a: Mantine|Mantine, M|95/100
|move|p1a: Moltres|U-turn|p2a: Mantine
|-resisted|p2a: Mantine
|-damage|p2a: Mantine|91/100
|
|t:|1619194767
|switch|p1a: Rotom|Rotom-Heat|82/100 tox|[from]move: U-turn
|
|-damage|p1a: Rotom|76/100 tox|[from] psn
|upkeep
|turn|7
|
|t:|1619194771
|switch|p2a: Kommo-o|Kommo-o, M|100/100
|move|p1a: Rotom|Defog|p2a: Kommo-o
|-unboost|p2a: Kommo-o|evasion|1
|-sideend|p1: AchintITB|Stealth Rock|[from] move: Defog|[of] p1a: Rotom
|
|-damage|p1a: Rotom|63/100 tox|[from] psn
|upkeep
|turn|8
|
|t:|1619194774
|move|p2a: Kommo-o|Stealth Rock|p1a: Rotom
|-sidestart|p1: AchintITB|move: Stealth Rock
|move|p1a: Rotom|Toxic|p2a: Kommo-o
|-status|p2a: Kommo-o|tox
|
|-damage|p2a: Kommo-o|94/100 tox|[from] psn
|-damage|p1a: Rotom|44/100 tox|[from] psn
|upkeep
|turn|9
|
|t:|1619194778
|move|p2a: Kommo-o|Body Press|p1a: Rotom
|-damage|p1a: Rotom|1/100 tox
|move|p1a: Rotom|Defog|p2a: Kommo-o
|-unboost|p2a: Kommo-o|evasion|1
|-sideend|p1: AchintITB|Stealth Rock|[from] move: Defog|[of] p1a: Rotom
|
|-heal|p2a: Kommo-o|100/100 tox|[from] item: Leftovers
|-damage|p2a: Kommo-o|88/100 tox|[from] psn
|-damage|p1a: Rotom|0 fnt|[from] psn
|faint|p1a: Rotom
|upkeep
|
|t:|1619194798
|switch|p1a: Kommo-o|Kommo-o, M|100/100
|turn|10
|
|t:|1619194808
|move|p1a: Kommo-o|Substitute|p1a: Kommo-o
|-start|p1a: Kommo-o|Substitute
|-damage|p1a: Kommo-o|75/100
|move|p2a: Kommo-o|Body Press|p1a: Kommo-o
|-end|p1a: Kommo-o|Substitute
|
|-heal|p2a: Kommo-o|94/100 tox|[from] item: Leftovers
|-damage|p2a: Kommo-o|76/100 tox|[from] psn
|upkeep
|turn|11
|
|t:|1619194813
|move|p1a: Kommo-o|Drain Punch|p2a: Kommo-o
|-damage|p2a: Kommo-o|54/100 tox
|-heal|p1a: Kommo-o|89/100|[from] drain|[of] p2a: Kommo-o
|move|p2a: Kommo-o|Body Press|p1a: Kommo-o
|-damage|p1a: Kommo-o|50/100
|
|-heal|p2a: Kommo-o|60/100 tox|[from] item: Leftovers
|-damage|p2a: Kommo-o|36/100 tox|[from] psn
|upkeep
|turn|12
|
|t:|1619194822
|move|p1a: Kommo-o|Drain Punch|p2a: Kommo-o
|-damage|p2a: Kommo-o|14/100 tox
|-heal|p1a: Kommo-o|64/100|[from] drain|[of] p2a: Kommo-o
|move|p2a: Kommo-o|Stealth Rock|p1a: Kommo-o
|-sidestart|p1: AchintITB|move: Stealth Rock
|
|-heal|p2a: Kommo-o|20/100 tox|[from] item: Leftovers
|-damage|p2a: Kommo-o|0 fnt|[from] psn
|faint|p2a: Kommo-o
|upkeep
|
|t:|1619194824
|switch|p2a: Thundurus|Thundurus-Therian, M|100/100
|turn|13
|
|t:|1619194834
|move|p2a: Thundurus|Psychic|p1a: Kommo-o
|-supereffective|p1a: Kommo-o
|-damage|p1a: Kommo-o|0 fnt
|faint|p1a: Kommo-o
|
|upkeep
|
|t:|1619194842
|switch|p1a: Nihilego|Nihilego|100/100
|-damage|p1a: Nihilego|88/100|[from] Stealth Rock
|turn|14
|
|t:|1619194848
|switch|p2a: Slowbro|Slowbro-Galar, F|100/100
|move|p1a: Nihilego|Power Gem|p2a: Slowbro
|-damage|p2a: Slowbro|56/100
|
|upkeep
|turn|15
|
|t:|1619194856
|switch|p1a: Moltres|Moltres-Galar|100/100
|-damage|p1a: Moltres|76/100|[from] Stealth Rock
|move|p2a: Slowbro|Slack Off|p2a: Slowbro
|-heal|p2a: Slowbro|100/100
|
|upkeep
|turn|16
|
|t:|1619194862
|switch|p2a: Krookodile|Krookodile, M|100/100
|-ability|p2a: Krookodile|Intimidate|boost
|-unboost|p1a: Moltres|atk|1
|move|p1a: Moltres|U-turn|p2a: Krookodile
|-supereffective|p2a: Krookodile
|-damage|p2a: Krookodile|79/100
|
|t:|1619194864
|switch|p1a: Tangrowth|Tangrowth, F|100/100|[from]move: U-turn
|-damage|p1a: Tangrowth|88/100|[from] Stealth Rock
|
|upkeep
|turn|17
|
|t:|1619194867
|switch|p2a: Slowbro|Slowbro-Galar, F|100/100
|move|p1a: Tangrowth|Sleep Powder|p2a: Slowbro
|-activate|p2a: Slowbro|item: Safety Goggles|Sleep Powder
|
|upkeep
|turn|18
|-message|AchintITB forfeited.
|
|win|Valiant Hearts
|raw|AchintITB's rating: 1569 &rarr; <strong>1551</strong><br />(-18 for losing)
|raw|Valiant Hearts's rating: 1600 &rarr; <strong>1618</strong><br />(+18 for winning)
|l|☆AchintITB
||Ladder isn't responding, score probably updated but might not have (Request timeout).
