|j|☆jpwhite
|j|☆DDD951
|t:|1653768926
|gametype|singles
|player|p1|jpwhite|artist|1319
|player|p2|DDD951|101|1411
|teamsize|p1|6
|teamsize|p2|6
|gen|8
|tier|[Gen 8] UU
|rated|
|rule|Sleep Clause Mod: Limit one foe put to sleep
|rule|Species Clause: Limit one of each Pokémon
|rule|OHKO Clause: OHKO moves are banned
|rule|Evasion Moves Clause: Evasion moves are banned
|rule|Endless Battle Clause: Forcing endless battles is banned
|rule|HP Percentage Mod: HP is shown in percentages
|rule|Dynamax Clause: You cannot dynamax
|clearpoke
|poke|p1|Araquanid, F|
|poke|p1|Excadrill, M|
|poke|p1|Thundurus-Therian, M|
|poke|p1|Scizor, M|
|poke|p1|Azumarill, F|
|poke|p1|Necrozma|
|poke|p2|Aegislash, M|
|poke|p2|Gyarados, F|
|poke|p2|Starmie|
|poke|p2|Mamoswine, F|
|poke|p2|Tangrowth, F|
|poke|p2|Darmanitan, M|
|teampreview
|inactive|Battle timer is ON: inactive players will automatically lose when time's up. (requested by jpwhite)
|
|t:|1653768946
|start
|switch|p1a: Araquanid|Araquanid, F|100/100
|switch|p2a: Gyarados|Gyarados, F|100/100
|-ability|p2a: Gyarados|Intimidate|boost
|-unboost|p1a: Araquanid|atk|1
|turn|1
|
|t:|1653768953
|move|p2a: Gyarados|Substitute|p2a: Gyarados
|-start|p2a: Gyarados|Substitute
|-damage|p2a: Gyarados|76/100
|move|p1a: Araquanid|Toxic||[still]
|-fail|p1a: Araquanid
|
|-heal|p2a: Gyarados|82/100|[from] item: Leftovers
|upkeep
|turn|2
|
|t:|1653768962
|switch|p1a: Scizor|Scizor, M|100/100
|move|p2a: Gyarados|Dragon Dance|p2a: Gyarados
|-boost|p2a: Gyarados|atk|1
|-boost|p2a: Gyarados|spe|1
|
|-heal|p2a: Gyarados|88/100|[from] item: Leftovers
|upkeep
|turn|3
|
|t:|1653768969
|move|p2a: Gyarados|Waterfall|p1a: Scizor
|-damage|p1a: Scizor|29/100
|move|p1a: Scizor|Knock Off|p2a: Gyarados
|-end|p2a: Gyarados|Substitute
|-damage|p1a: Scizor|19/100|[from] item: Life Orb
|
|-heal|p2a: Gyarados|94/100|[from] item: Leftovers
|upkeep
|turn|4
|
|t:|1653768978
|move|p1a: Scizor|Bullet Punch|p2a: Gyarados
|-resisted|p2a: Gyarados
|-crit|p2a: Gyarados
|-damage|p2a: Gyarados|61/100
|-damage|p1a: Scizor|9/100|[from] item: Life Orb
|move|p2a: Gyarados|Substitute|p2a: Gyarados
|-start|p2a: Gyarados|Substitute
|-damage|p2a: Gyarados|36/100
|
|-heal|p2a: Gyarados|42/100|[from] item: Leftovers
|upkeep
|turn|5
|
|t:|1653768987
|move|p1a: Scizor|Bullet Punch|p2a: Gyarados
|-resisted|p2a: Gyarados
|-activate|p2a: Gyarados|move: Substitute|[damage]
|-damage|p1a: Scizor|0 fnt|[from] item: Life Orb
|faint|p1a: Scizor
|move|p2a: Gyarados|Waterfall|p1: Scizor|[notarget]
|-fail|p2a: Gyarados
|
|-heal|p2a: Gyarados|48/100|[from] item: Leftovers
|upkeep
|
|t:|1653769004
|switch|p1a: Araquanid|Araquanid, F|100/100
|turn|6
|
|t:|1653769007
|move|p2a: Gyarados|Bounce||[still]
|-prepare|p2a: Gyarados|Bounce
|move|p1a: Araquanid|Liquidation|p2a: Gyarados|[miss]
|-miss|p1a: Araquanid|p2a: Gyarados
|
|-heal|p2a: Gyarados|54/100|[from] item: Leftovers
|upkeep
|turn|7
|
|t:|1653769023
|move|p1a: Araquanid|Protect|p1a: Araquanid
|-singleturn|p1a: Araquanid|Protect
|move|p2a: Gyarados|Bounce|p1a: Araquanid|[from]lockedmove
|-activate|p1a: Araquanid|move: Protect
|
|-heal|p2a: Gyarados|60/100|[from] item: Leftovers
|upkeep
|turn|8
|
|t:|1653769031
|move|p2a: Gyarados|Waterfall|p1a: Araquanid
|-resisted|p1a: Araquanid
|-damage|p1a: Araquanid|68/100
|move|p1a: Araquanid|Liquidation|p2a: Gyarados
|-resisted|p2a: Gyarados
|-end|p2a: Gyarados|Substitute
|
|-heal|p2a: Gyarados|66/100|[from] item: Leftovers
|-heal|p1a: Araquanid|75/100|[from] item: Leftovers
|upkeep
|turn|9
|
|t:|1653769041
|move|p2a: Gyarados|Dragon Dance|p2a: Gyarados
|-boost|p2a: Gyarados|atk|1
|-boost|p2a: Gyarados|spe|1
|move|p1a: Araquanid|Liquidation|p2a: Gyarados
|-resisted|p2a: Gyarados
|-damage|p2a: Gyarados|43/100
|
|-heal|p2a: Gyarados|49/100|[from] item: Leftovers
|-heal|p1a: Araquanid|81/100|[from] item: Leftovers
|upkeep
|turn|10
|
|t:|1653769050
|move|p2a: Gyarados|Substitute|p2a: Gyarados
|-start|p2a: Gyarados|Substitute
|-damage|p2a: Gyarados|24/100
|move|p1a: Araquanid|Liquidation|p2a: Gyarados
|-resisted|p2a: Gyarados
|-activate|p2a: Gyarados|move: Substitute|[damage]
|
|-heal|p2a: Gyarados|30/100|[from] item: Leftovers
|-heal|p1a: Araquanid|87/100|[from] item: Leftovers
|upkeep
|turn|11
|
|t:|1653769058
|move|p2a: Gyarados|Bounce||[still]
|-prepare|p2a: Gyarados|Bounce
|move|p1a: Araquanid|Liquidation|p2a: Gyarados|[miss]
|-miss|p1a: Araquanid|p2a: Gyarados
|
|-heal|p2a: Gyarados|36/100|[from] item: Leftovers
|-heal|p1a: Araquanid|93/100|[from] item: Leftovers
|upkeep
|turn|12
|
|t:|1653769065
|move|p1a: Araquanid|Protect|p1a: Araquanid
|-singleturn|p1a: Araquanid|Protect
|move|p2a: Gyarados|Bounce|p1a: Araquanid|[from]lockedmove
|-activate|p1a: Araquanid|move: Protect
|
|-heal|p2a: Gyarados|42/100|[from] item: Leftovers
|-heal|p1a: Araquanid|99/100|[from] item: Leftovers
|upkeep
|turn|13
|
|t:|1653769073
|move|p2a: Gyarados|Waterfall|p1a: Araquanid
|-resisted|p1a: Araquanid
|-damage|p1a: Araquanid|56/100
|move|p1a: Araquanid|Liquidation|p2a: Gyarados
|-resisted|p2a: Gyarados
|-end|p2a: Gyarados|Substitute
|
|-heal|p2a: Gyarados|48/100|[from] item: Leftovers
|-heal|p1a: Araquanid|62/100|[from] item: Leftovers
|upkeep
|turn|14
|
|t:|1653769082
|move|p2a: Gyarados|Waterfall|p1a: Araquanid
|-resisted|p1a: Araquanid
|-damage|p1a: Araquanid|20/100
|move|p1a: Araquanid|Liquidation|p2a: Gyarados
|-resisted|p2a: Gyarados
|-damage|p2a: Gyarados|25/100
|
|-heal|p2a: Gyarados|32/100|[from] item: Leftovers
|-heal|p1a: Araquanid|26/100|[from] item: Leftovers
|upkeep
|turn|15
|
|t:|1653769092
|move|p2a: Gyarados|Substitute|p2a: Gyarados
|-start|p2a: Gyarados|Substitute
|-damage|p2a: Gyarados|7/100
|move|p1a: Araquanid|Liquidation|p2a: Gyarados
|-resisted|p2a: Gyarados
|-activate|p2a: Gyarados|move: Substitute|[damage]
|
|-heal|p2a: Gyarados|13/100|[from] item: Leftovers
|-heal|p1a: Araquanid|32/100|[from] item: Leftovers
|upkeep
|turn|16
|
|t:|1653769100
|move|p2a: Gyarados|Waterfall|p1a: Araquanid
|-resisted|p1a: Araquanid
|-damage|p1a: Araquanid|0 fnt
|faint|p1a: Araquanid
|
|-heal|p2a: Gyarados|19/100|[from] item: Leftovers
|upkeep
|
|t:|1653769115
|switch|p1a: Necrozma|Necrozma|100/100
|turn|17
|
|t:|1653769117
|move|p2a: Gyarados|Waterfall|p1a: Necrozma
|-damage|p1a: Necrozma|20/100
|cant|p1a: Necrozma|flinch
|
|-heal|p2a: Gyarados|25/100|[from] item: Leftovers
|upkeep
|turn|18
|c|☆jpwhite|gg
|c|☆DDD951|gg
|-message|jpwhite forfeited.
|
|win|DDD951
|raw|jpwhite's rating: 1319 &rarr; <strong>1304</strong><br />(-15 for losing)
|raw|DDD951's rating: 1411 &rarr; <strong>1426</strong><br />(+15 for winning)
|l|☆jpwhite
||Ladder isn't responding, score probably updated but might not have (Request timeout).
