|j|☆SSRW26 Swoosh
|j|☆MilkyOmo
|t:|1610139672
|player|p1|SSRW26 Swoosh|korrina|1561
|player|p2|MilkyOmo|168|1459
|teamsize|p1|6
|teamsize|p2|6
|gametype|singles
|gen|8
|tier|[Gen 8] UU
|rated|
|clearpoke
|poke|p1|Thundurus, M|
|poke|p1|Scizor, M|
|poke|p1|Hatterene, F|
|poke|p1|Seismitoad, F|
|poke|p1|Zarude-Dada|
|poke|p1|Victini|
|poke|p2|Diggersby, M|
|poke|p2|Jirachi|
|poke|p2|Salamence, M|
|poke|p2|Bisharp, M|
|poke|p2|Tangrowth, F|
|poke|p2|Volcanion|
|rule|Sleep Clause Mod: Limit one foe put to sleep
|rule|Species Clause: Limit one of each Pokémon
|rule|OHKO Clause: OHKO moves are banned
|rule|Evasion Moves Clause: Evasion moves are banned
|rule|Endless Battle Clause: Forcing endless battles is banned
|rule|HP Percentage Mod: HP is shown in percentages
|rule|Dynamax Clause: You cannot dynamax
|teampreview
|inactive|Battle timer is ON: inactive players will automatically lose when time's up. (requested by SSRW26 Swoosh)
|
|t:|1610139698
|start
|switch|p1a: Victini|Victini|100/100
|switch|p2a: Diggersby|Diggersby, M|100/100
|turn|1
|inactive|SSRW26 Swoosh has 120 seconds left.
|
|t:|1610139734
|switch|p2a: Salamence|Salamence, M|100/100
|-ability|p2a: Salamence|Intimidate|boost
|-unboost|p1a: Victini|atk|1
|move|p1a: Victini|V-create|p2a: Salamence
|-resisted|p2a: Salamence
|-damage|p2a: Salamence|83/100
|-unboost|p1a: Victini|spe|1
|-unboost|p1a: Victini|def|1
|-unboost|p1a: Victini|spd|1
|
|upkeep
|turn|2
|inactive|SSRW26 Swoosh has 120 seconds left.
|
|t:|1610139755
|switch|p1a: Hatterene|Hatterene, F, shiny|100/100
|switch|p2a: Volcanion|Volcanion|100/100
|
|upkeep
|turn|3
|inactive|SSRW26 Swoosh has 120 seconds left.
|
|t:|1610139769
|switch|p1a: Seismitoad|Seismitoad, F, shiny|100/100
|move|p2a: Volcanion|Sludge Wave|p1a: Seismitoad
|-resisted|p1a: Seismitoad
|-damage|p1a: Seismitoad|75/100
|
|-heal|p1a: Seismitoad|81/100|[from] item: Leftovers
|upkeep
|turn|4
|
|t:|1610139782
|switch|p2a: Tangrowth|Tangrowth, F|100/100
|move|p1a: Seismitoad|Stealth Rock|p2a: Tangrowth
|-sidestart|p2: MilkyOmo|move: Stealth Rock
|
|-heal|p1a: Seismitoad|87/100|[from] item: Leftovers
|upkeep
|turn|5
|
|t:|1610139789
|switch|p1a: Scizor|Scizor, M|100/100
|move|p2a: Tangrowth|Knock Off|p1a: Scizor
|-damage|p1a: Scizor|74/100
|-enditem|p1a: Scizor|Choice Band|[from] move: Knock Off|[of] p2a: Tangrowth
|
|upkeep
|turn|6
|
|t:|1610139802
|move|p1a: Scizor|U-turn|p2a: Tangrowth
|-supereffective|p2a: Tangrowth
|-damage|p2a: Tangrowth|59/100
|-damage|p1a: Scizor|58/100|[from] item: Rocky Helmet|[of] p2a: Tangrowth
|
|t:|1610139809
|switch|p1a: Zarude|Zarude-Dada|100/100|[from]move: U-turn
|move|p2a: Tangrowth|Sleep Powder|p1a: Zarude
|-immune|p1a: Zarude
|
|upkeep
|turn|7
|
|t:|1610139820
|switch|p1a: Scizor|Scizor, M|58/100
|switch|p2a: Salamence|Salamence, M|83/100
|-ability|p2a: Salamence|Intimidate|boost
|-unboost|p1a: Scizor|atk|1
|
|upkeep
|turn|8
|
|t:|1610139826
|move|p2a: Salamence|Flamethrower|p1a: Scizor
|-supereffective|p1a: Scizor
|-damage|p1a: Scizor|0 fnt
|faint|p1a: Scizor
|
|upkeep
|
|t:|1610139828
|switch|p1a: Thundurus|Thundurus, M, shiny|100/100
|turn|9
|
|t:|1610139844
|move|p1a: Thundurus|Thunderbolt|p2a: Salamence
|-damage|p2a: Salamence|19/100
|-damage|p1a: Thundurus|91/100|[from] item: Life Orb
|move|p2a: Salamence|Flamethrower|p1a: Thundurus
|-damage|p1a: Thundurus|61/100
|
|upkeep
|turn|10
|
|t:|1610139854
|switch|p2a: Tangrowth|Tangrowth, F|92/100
|-damage|p2a: Tangrowth|80/100|[from] Stealth Rock
|move|p1a: Thundurus|Psychic|p2a: Tangrowth
|-damage|p2a: Tangrowth|22/100
|-damage|p1a: Thundurus|52/100|[from] item: Life Orb
|
|upkeep
|turn|11
|
|t:|1610139862
|switch|p2a: Jirachi|Jirachi|100/100
|-damage|p2a: Jirachi|94/100|[from] Stealth Rock
|move|p1a: Thundurus|Thunderbolt|p2a: Jirachi
|-damage|p2a: Jirachi|46/100
|-status|p2a: Jirachi|par
|-damage|p1a: Thundurus|42/100|[from] item: Life Orb
|
|-heal|p2a: Jirachi|52/100 par|[from] item: Leftovers
|upkeep
|turn|12
|
|t:|1610139887
|move|p1a: Thundurus|Thunderbolt|p2a: Jirachi
|-damage|p2a: Jirachi|3/100 par
|-damage|p1a: Thundurus|32/100|[from] item: Life Orb
|move|p2a: Jirachi|U-turn|p1a: Thundurus
|-resisted|p1a: Thundurus
|-damage|p1a: Thundurus|20/100
|
|t:|1610139897
|switch|p2a: Diggersby|Diggersby, M|100/100|[from]move: U-turn
|-damage|p2a: Diggersby|94/100|[from] Stealth Rock
|
|upkeep
|turn|13
|
|t:|1610139913
|switch|p1a: Seismitoad|Seismitoad, F, shiny|87/100
|move|p2a: Diggersby|Quick Attack|p1a: Seismitoad
|-damage|p1a: Seismitoad|54/100
|
|-heal|p1a: Seismitoad|60/100|[from] item: Leftovers
|upkeep
|turn|14
|j| am unlucky
|
|t:|1610139927
|switch|p2a: Jirachi|Jirachi|3/100 par
|-damage|p2a: Jirachi|0 fnt|[from] Stealth Rock
|faint|p2a: Jirachi
|move|p1a: Seismitoad|Knock Off|p2: Jirachi|[notarget]
|-fail|p1a: Seismitoad
|
|-heal|p1a: Seismitoad|66/100|[from] item: Leftovers
|upkeep
|
|t:|1610139933
|switch|p2a: Salamence|Salamence, M|19/100
|-ability|p2a: Salamence|Intimidate|boost
|-unboost|p1a: Seismitoad|atk|1
|turn|15
|
|t:|1610139938
|move|p2a: Salamence|Roost|p2a: Salamence
|-heal|p2a: Salamence|69/100
|-singleturn|p2a: Salamence|move: Roost
|move|p1a: Seismitoad|Knock Off|p2a: Salamence
|-damage|p2a: Salamence|59/100
|-enditem|p2a: Salamence|Heavy-Duty Boots|[from] move: Knock Off|[of] p1a: Seismitoad
|
|-heal|p1a: Seismitoad|72/100|[from] item: Leftovers
|upkeep
|turn|16
|
|t:|1610139943
|move|p2a: Salamence|Defog|p1a: Seismitoad
|-unboost|p1a: Seismitoad|evasion|1
|-sideend|p2: MilkyOmo|Stealth Rock|[from] move: Defog|[of] p2a: Salamence
|move|p1a: Seismitoad|Toxic|p2a: Salamence
|-status|p2a: Salamence|tox
|
|-heal|p1a: Seismitoad|78/100|[from] item: Leftovers
|-damage|p2a: Salamence|52/100 tox|[from] psn
|upkeep
|turn|17
|
|t:|1610139948
|switch|p2a: Tangrowth|Tangrowth, F|55/100
|move|p1a: Seismitoad|Stealth Rock|p2a: Tangrowth
|-sidestart|p2: MilkyOmo|move: Stealth Rock
|
|-heal|p1a: Seismitoad|84/100|[from] item: Leftovers
|upkeep
|turn|18
|
|t:|1610139962
|move|p1a: Seismitoad|Knock Off|p2a: Tangrowth
|-damage|p2a: Tangrowth|48/100
|-damage|p1a: Seismitoad|67/100|[from] item: Rocky Helmet|[of] p2a: Tangrowth
|-enditem|p2a: Tangrowth|Rocky Helmet|[from] move: Knock Off|[of] p1a: Seismitoad
|move|p2a: Tangrowth|Knock Off|p1a: Seismitoad
|-damage|p1a: Seismitoad|51/100
|-enditem|p1a: Seismitoad|Leftovers|[from] move: Knock Off|[of] p2a: Tangrowth
|
|upkeep
|turn|19
|
|t:|1610139989
|switch|p1a: Hatterene|Hatterene, F, shiny|100/100
|switch|p2a: Diggersby|Diggersby, M|94/100
|-damage|p2a: Diggersby|88/100|[from] Stealth Rock
|
|upkeep
|turn|20
|
|t:|1610140002
|move|p2a: Diggersby|Body Slam|p1a: Hatterene
|-damage|p1a: Hatterene|32/100
|move|p1a: Hatterene|Psyshock|p2a: Diggersby
|-damage|p2a: Diggersby|44/100
|
|-heal|p1a: Hatterene|38/100|[from] item: Leftovers
|upkeep
|turn|21
|inactive|SSRW26 Swoosh has 120 seconds left.
|
|t:|1610140038
|move|p2a: Diggersby|Body Slam|p1a: Hatterene
|-damage|p1a: Hatterene|0 fnt
|faint|p1a: Hatterene
|
|upkeep
|
|t:|1610140042
|switch|p1a: Zarude|Zarude-Dada|100/100
|turn|22
|
|t:|1610140060
|switch|p2a: Tangrowth|Tangrowth, F|81/100
|-damage|p2a: Tangrowth|68/100|[from] Stealth Rock
|move|p1a: Zarude|Bulk Up|p1a: Zarude
|-boost|p1a: Zarude|atk|1
|-boost|p1a: Zarude|def|1
|
|upkeep
|turn|23
|inactive|SSRW26 Swoosh has 120 seconds left.
|
|t:|1610140076
|move|p1a: Zarude|Darkest Lariat|p2a: Tangrowth
|-damage|p2a: Tangrowth|37/100
|move|p2a: Tangrowth|Knock Off|p1a: Zarude
|-resisted|p1a: Zarude
|-damage|p1a: Zarude|93/100
|-enditem|p1a: Zarude|Leftovers|[from] move: Knock Off|[of] p2a: Tangrowth
|
|upkeep
|turn|24
|inactive|SSRW26 Swoosh has 120 seconds left.
|
|t:|1610140090
|switch|p2a: Salamence|Salamence, M|52/100 tox
|-damage|p2a: Salamence|27/100 tox|[from] Stealth Rock
|-ability|p2a: Salamence|Intimidate|boost
|-unboost|p1a: Zarude|atk|1
|move|p1a: Zarude|Bulk Up|p1a: Zarude
|-boost|p1a: Zarude|atk|1
|-boost|p1a: Zarude|def|1
|
|-damage|p2a: Salamence|21/100 tox|[from] psn
|upkeep
|turn|25
|
|t:|1610140100
|move|p1a: Zarude|Darkest Lariat|p2a: Salamence
|-damage|p2a: Salamence|0 fnt
|faint|p2a: Salamence
|
|upkeep
|l| am unlucky
|
|t:|1610140109
|switch|p2a: Bisharp|Bisharp, M|100/100
|-damage|p2a: Bisharp|95/100|[from] Stealth Rock
|turn|26
|j| am unlucky
|
|t:|1610140122
|move|p1a: Zarude|Bulk Up|p1a: Zarude
|-boost|p1a: Zarude|atk|1
|-boost|p1a: Zarude|def|1
|move|p2a: Bisharp|Swords Dance|p2a: Bisharp
|-boost|p2a: Bisharp|atk|2
|
|upkeep
|turn|27
|c| am unlucky|good luck milky
|
|t:|1610140133
|move|p1a: Zarude|Darkest Lariat|p2a: Bisharp
|-resisted|p2a: Bisharp
|-damage|p2a: Bisharp|41/100
|move|p2a: Bisharp|Swords Dance|p2a: Bisharp
|-boost|p2a: Bisharp|atk|2
|
|upkeep
|turn|28
|c|☆MilkyOmo|that did a lot more than i thought it would
|
|t:|1610140156
|move|p1a: Zarude|Darkest Lariat|p2a: Bisharp
|-resisted|p2a: Bisharp
|-damage|p2a: Bisharp|0 fnt
|faint|p2a: Bisharp
|
|upkeep
|
|t:|1610140164
|switch|p2a: Volcanion|Volcanion|100/100
|-damage|p2a: Volcanion|76/100|[from] Stealth Rock
|turn|29
|
|t:|1610140178
|move|p1a: Zarude|Darkest Lariat|p2a: Volcanion
|-damage|p2a: Volcanion|0 fnt
|faint|p2a: Volcanion
|
|upkeep
|-message|MilkyOmo forfeited.
|
|win|SSRW26 Swoosh
|l|☆MilkyOmo
|l| am unlucky
||Ladder (probably) updated, but score could not be retrieved (Request timeout).
