|j|☆HaxxLR
|j|☆MegaTotomon
|t:|1649951802
|gametype|singles
|player|p1|HaxxLR|grimsley|1490
|player|p2|MegaTotomon|fantina|1629
|teamsize|p1|6
|teamsize|p2|6
|gen|8
|tier|[Gen 8] UU
|rated|
|rule|Sleep Clause Mod: Limit one foe put to sleep
|rule|Species Clause: Limit one of each Pokémon
|rule|OHKO Clause: OHKO moves are banned
|rule|Evasion Moves Clause: Evasion moves are banned
|rule|Endless Battle Clause: Forcing endless battles is banned
|rule|HP Percentage Mod: HP is shown in percentages
|rule|Dynamax Clause: You cannot dynamax
|clearpoke
|poke|p1|Incineroar, M|
|poke|p1|Amoonguss, M|
|poke|p1|Celesteela|
|poke|p1|Hatterene, F|
|poke|p1|Rotom-Wash|
|poke|p1|Zygarde-10%|
|poke|p2|Hippowdon, M|
|poke|p2|Chansey, F|
|poke|p2|Rotom-Wash|
|poke|p2|Tangrowth, M|
|poke|p2|Aegislash, F|
|poke|p2|Salamence, F|
|teampreview
|c|☆MegaTotomon|glhf
|j| Sacaen
|
|t:|1649951877
|start
|switch|p1a: Rotom|Rotom-Wash|100/100
|switch|p2a: Hungry Hippo|Hippowdon, M|100/100
|-weather|Sandstorm|[from] ability: Sand Stream|[of] p2a: Hungry Hippo
|turn|1
|
|t:|1649951918
|switch|p1a: Hatterene|Hatterene, F|100/100
|move|p2a: Hungry Hippo|Stealth Rock|p1a: Hatterene
|move|p1a: Hatterene|Stealth Rock|p2a: Hungry Hippo|[from]ability: Magic Bounce
|-sidestart|p2: MegaTotomon|move: Stealth Rock
|
|-weather|Sandstorm|[upkeep]
|-damage|p1a: Hatterene|95/100|[from] Sandstorm
|-heal|p1a: Hatterene|100/100|[from] item: Leftovers
|upkeep
|turn|2
|c|☆HaxxLR|hf
|
|t:|1649951953
|switch|p2a: Chanseee|Chansey, F|100/100
|-damage|p2a: Chanseee|88/100|[from] Stealth Rock
|move|p1a: Hatterene|Calm Mind|p1a: Hatterene
|-boost|p1a: Hatterene|spa|1
|-boost|p1a: Hatterene|spd|1
|
|-weather|Sandstorm|[upkeep]
|-damage|p2a: Chanseee|82/100|[from] Sandstorm
|-damage|p1a: Hatterene|95/100|[from] Sandstorm
|-heal|p1a: Hatterene|100/100|[from] item: Leftovers
|upkeep
|turn|3
|
|t:|1649951966
|move|p2a: Chanseee|Seismic Toss|p1a: Hatterene
|-damage|p1a: Hatterene|69/100
|move|p1a: Hatterene|Psyshock|p2a: Chanseee
|-damage|p2a: Chanseee|46/100
|
|-weather|Sandstorm|[upkeep]
|-damage|p2a: Chanseee|40/100|[from] Sandstorm
|-damage|p1a: Hatterene|63/100|[from] Sandstorm
|-heal|p1a: Hatterene|69/100|[from] item: Leftovers
|upkeep
|turn|4
|
|t:|1649951982
|move|p1a: Hatterene|Calm Mind|p1a: Hatterene
|-boost|p1a: Hatterene|spa|1
|-boost|p1a: Hatterene|spd|1
|move|p2a: Chanseee|Teleport|p2a: Chanseee
|
|t:|1649951984
|switch|p2a: Broken|Aegislash, F|100/100|[from]move: Teleport
|-damage|p2a: Broken|94/100|[from] Stealth Rock
|
|-weather|Sandstorm|[upkeep]
|-damage|p1a: Hatterene|63/100|[from] Sandstorm
|-heal|p1a: Hatterene|69/100|[from] item: Leftovers
|upkeep
|turn|5
|
|t:|1649951999
|switch|p1a: Incineroar|Incineroar, M|100/100
|-ability|p1a: Incineroar|Intimidate|boost
|-unboost|p2a: Broken|atk|1
|-formechange|p2a: Broken|Aegislash-Blade||[from] ability: Stance Change
|move|p2a: Broken|Shadow Ball|p1a: Incineroar
|-resisted|p1a: Incineroar
|-damage|p1a: Incineroar|69/100
|
|-weather|none
|upkeep
|turn|6
|j| Arxtric
|l| Arxtric
|
|t:|1649952013
|switch|p2a: DDRevolution|Salamence, F|100/100
|-ability|p2a: DDRevolution|Intimidate|boost
|-unboost|p1a: Incineroar|atk|1
|move|p1a: Incineroar|Toxic|p2a: DDRevolution
|-status|p2a: DDRevolution|tox
|
|-damage|p2a: DDRevolution|94/100 tox|[from] psn
|upkeep
|turn|7
|
|t:|1649952036
|switch|p1a: Rotom|Rotom-Wash|100/100
|move|p2a: DDRevolution|Defog|p1a: Rotom
|-unboost|p1a: Rotom|evasion|1
|-sideend|p2: MegaTotomon|Stealth Rock|[from] move: Defog|[of] p2a: DDRevolution
|
|-damage|p2a: DDRevolution|82/100 tox|[from] psn
|upkeep
|turn|8
|
|t:|1649952046
|switch|p2a: Tang!|Tangrowth, M|100/100
|move|p1a: Rotom|Trick|p2a: Tang!
|-activate|p1a: Rotom|move: Trick|[of] p2a: Tang!
|-item|p2a: Tang!|Choice Scarf|[from] move: Trick
|-item|p1a: Rotom|Assault Vest|[from] move: Trick
|
|upkeep
|turn|9
|
|t:|1649952057
|move|p1a: Rotom|Volt Switch|p2a: Tang!
|-resisted|p2a: Tang!
|-damage|p2a: Tang!|90/100
|
|t:|1649952061
|switch|p1a: Amoonguss|Amoonguss, M|100/100|[from]move: Volt Switch
|move|p2a: Tang!|Knock Off|p1a: Amoonguss
|-damage|p1a: Amoonguss|83/100
|-damage|p2a: Tang!|73/100|[from] item: Rocky Helmet|[of] p1a: Amoonguss
|-enditem|p1a: Amoonguss|Rocky Helmet|[from] move: Knock Off|[of] p2a: Tang!
|
|upkeep
|turn|10
|
|t:|1649952088
|switch|p1a: Incineroar|Incineroar, M|69/100
|-ability|p1a: Incineroar|Intimidate|boost
|-unboost|p2a: Tang!|atk|1
|move|p2a: Tang!|Knock Off|p1a: Incineroar
|-resisted|p1a: Incineroar
|-damage|p1a: Incineroar|62/100
|-enditem|p1a: Incineroar|Heavy-Duty Boots|[from] move: Knock Off|[of] p2a: Tang!
|
|upkeep
|turn|11
|
|t:|1649952106
|switch|p2a: La Lavadora|Rotom-Wash|100/100
|move|p1a: Incineroar|Toxic|p2a: La Lavadora
|-status|p2a: La Lavadora|tox
|
|-damage|p2a: La Lavadora|94/100 tox|[from] psn
|upkeep
|turn|12
|
|t:|1649952118
|switch|p1a: Rotom|Rotom-Wash|100/100
|move|p2a: La Lavadora|Volt Switch|p1a: Rotom
|-damage|p1a: Rotom|82/100
|
|t:|1649952124
|switch|p2a: Chanseee|Chansey, F|40/100|[from]move: Volt Switch
|
|upkeep
|turn|13
|
|t:|1649952129
|move|p1a: Rotom|Volt Switch|p2a: Chanseee
|-crit|p2a: Chanseee
|-damage|p2a: Chanseee|27/100
|
|t:|1649952133
|switch|p1a: Incineroar|Incineroar, M|62/100|[from]move: Volt Switch
|-ability|p1a: Incineroar|Intimidate|boost
|-unboost|p2a: Chanseee|atk|1
|move|p2a: Chanseee|Soft-Boiled|p2a: Chanseee
|-heal|p2a: Chanseee|77/100
|
|upkeep
|turn|14
|
|t:|1649952155
|switch|p2a: Hungry Hippo|Hippowdon, M|100/100
|-weather|Sandstorm|[from] ability: Sand Stream|[of] p2a: Hungry Hippo
|move|p1a: Incineroar|Knock Off|p2a: Hungry Hippo
|-damage|p2a: Hungry Hippo|76/100
|-enditem|p2a: Hungry Hippo|Leftovers|[from] move: Knock Off|[of] p1a: Incineroar
|
|-weather|Sandstorm|[upkeep]
|-damage|p1a: Incineroar|56/100|[from] Sandstorm
|upkeep
|turn|15
|
|t:|1649952182
|switch|p1a: Rotom|Rotom-Wash|82/100
|switch|p2a: La Lavadora|Rotom-Wash|94/100 tox
|
|-weather|Sandstorm|[upkeep]
|-damage|p2a: La Lavadora|88/100 tox|[from] Sandstorm
|-damage|p1a: Rotom|75/100|[from] Sandstorm
|-damage|p2a: La Lavadora|82/100 tox|[from] psn
|upkeep
|turn|16
|
|t:|1649952192
|move|p2a: La Lavadora|Volt Switch|p1a: Rotom
|-damage|p1a: Rotom|58/100
|
|t:|1649952196
|switch|p2a: Tang!|Tangrowth, M|100/100|[from]move: Volt Switch
|move|p1a: Rotom|Volt Switch|p2a: Tang!
|-resisted|p2a: Tang!
|-damage|p2a: Tang!|89/100
|
|t:|1649952212
|switch|p1a: Amoonguss|Amoonguss, M|100/100|[from]move: Volt Switch
|
|-weather|Sandstorm|[upkeep]
|-damage|p2a: Tang!|83/100|[from] Sandstorm
|-damage|p1a: Amoonguss|94/100|[from] Sandstorm
|upkeep
|turn|17
|
|t:|1649952227
|switch|p2a: Chanseee|Chansey, F|77/100
|switch|p1a: Incineroar|Incineroar, M|56/100
|-ability|p1a: Incineroar|Intimidate|boost
|-unboost|p2a: Chanseee|atk|1
|
|-weather|Sandstorm|[upkeep]
|-damage|p1a: Incineroar|50/100|[from] Sandstorm
|-damage|p2a: Chanseee|71/100|[from] Sandstorm
|upkeep
|turn|18
|
|t:|1649952243
|switch|p2a: Tang!|Tangrowth, M|100/100
|move|p1a: Incineroar|Toxic|p2a: Tang!|[miss]
|-miss|p1a: Incineroar|p2a: Tang!
|
|-weather|none
|upkeep
|turn|19
|
|t:|1649952265
|switch|p1a: Amoonguss|Amoonguss, M|100/100
|switch|p2a: Hungry Hippo|Hippowdon, M|76/100
|-weather|Sandstorm|[from] ability: Sand Stream|[of] p2a: Hungry Hippo
|
|-weather|Sandstorm|[upkeep]
|-damage|p1a: Amoonguss|94/100|[from] Sandstorm
|upkeep
|turn|20
|
|t:|1649952297
|switch|p1a: Hatterene|Hatterene, F|69/100
|move|p2a: Hungry Hippo|Stealth Rock|p1a: Hatterene
|move|p1a: Hatterene|Stealth Rock|p2a: Hungry Hippo|[from]ability: Magic Bounce
|-sidestart|p2: MegaTotomon|move: Stealth Rock
|
|-weather|Sandstorm|[upkeep]
|-damage|p1a: Hatterene|63/100|[from] Sandstorm
|-heal|p1a: Hatterene|69/100|[from] item: Leftovers
|upkeep
|turn|21
|
|t:|1649952315
|switch|p2a: Broken|Aegislash, F|94/100
|-damage|p2a: Broken|88/100|[from] Stealth Rock
|switch|p1a: Rotom|Rotom-Wash|58/100
|
|-weather|Sandstorm|[upkeep]
|-damage|p1a: Rotom|51/100|[from] Sandstorm
|upkeep
|turn|22
|j| Hungray
|
|t:|1649952342
|move|p1a: Rotom|Volt Switch|p2a: Broken
|-damage|p2a: Broken|60/100
|
|t:|1649952375
|switch|p1a: Celesteela|Celesteela|100/100|[from]move: Volt Switch
|-formechange|p2a: Broken|Aegislash-Blade||[from] ability: Stance Change
|move|p2a: Broken|Shadow Ball|p1a: Celesteela
|-damage|p1a: Celesteela|55/100
|
|-weather|Sandstorm|[upkeep]
|-heal|p1a: Celesteela|61/100|[from] item: Leftovers
|upkeep
|turn|23
|
|t:|1649952395
|switch|p2a: Hungry Hippo|Hippowdon, M|76/100
|-damage|p2a: Hungry Hippo|70/100|[from] Stealth Rock
|move|p1a: Celesteela|Leech Seed|p2a: Hungry Hippo
|-start|p2a: Hungry Hippo|move: Leech Seed
|
|-weather|none
|-heal|p1a: Celesteela|67/100|[from] item: Leftovers
|-damage|p2a: Hungry Hippo|58/100|[from] Leech Seed|[of] p1a: Celesteela
|-heal|p1a: Celesteela|80/100|[silent]
|upkeep
|turn|24
|
|t:|1649952417
|switch|p1a: Incineroar|Incineroar, M|50/100
|-ability|p1a: Incineroar|Intimidate|boost
|-unboost|p2a: Hungry Hippo|atk|1
|move|p2a: Hungry Hippo|Slack Off|p2a: Hungry Hippo
|-heal|p2a: Hungry Hippo|100/100
|
|-damage|p2a: Hungry Hippo|88/100|[from] Leech Seed|[of] p1a: Incineroar
|-heal|p1a: Incineroar|63/100|[silent]
|upkeep
|turn|25
|
|t:|1649952461
|move|p1a: Incineroar|Parting Shot|p2a: Hungry Hippo
|-unboost|p2a: Hungry Hippo|atk|1
|-unboost|p2a: Hungry Hippo|spa|1
|
|t:|1649952475
|switch|p1a: Hatterene|Hatterene, F|69/100|[from]move: Parting Shot
|move|p2a: Hungry Hippo|Stealth Rock|p1a: Hatterene
|move|p1a: Hatterene|Stealth Rock||[from]ability: Magic Bounce|[still]
|-fail|p1a: Hatterene
|
|-heal|p1a: Hatterene|75/100|[from] item: Leftovers
|-damage|p2a: Hungry Hippo|76/100|[from] Leech Seed|[of] p1a: Hatterene
|-heal|p1a: Hatterene|91/100|[silent]
|upkeep
|turn|26
|
|t:|1649952488
|switch|p2a: Chanseee|Chansey, F|71/100
|-damage|p2a: Chanseee|59/100|[from] Stealth Rock
|move|p1a: Hatterene|Mystical Fire|p2a: Chanseee
|-damage|p2a: Chanseee|51/100
|-unboost|p2a: Chanseee|spa|1
|
|-heal|p1a: Hatterene|97/100|[from] item: Leftovers
|upkeep
|turn|27
|
|t:|1649952500
|move|p1a: Hatterene|Calm Mind|p1a: Hatterene
|-boost|p1a: Hatterene|spa|1
|-boost|p1a: Hatterene|spd|1
|move|p2a: Chanseee|Teleport|p2a: Chanseee
|
|t:|1649952502
|switch|p2a: Broken|Aegislash, F|60/100|[from]move: Teleport
|-damage|p2a: Broken|53/100|[from] Stealth Rock
|
|-heal|p1a: Hatterene|100/100|[from] item: Leftovers
|upkeep
|turn|28
|
|t:|1649952522
|-formechange|p2a: Broken|Aegislash-Blade||[from] ability: Stance Change
|move|p2a: Broken|Shadow Ball|p1a: Hatterene
|-supereffective|p1a: Hatterene
|-damage|p1a: Hatterene|6/100
|move|p1a: Hatterene|Mystical Fire|p2a: Broken
|-supereffective|p2a: Broken
|-damage|p2a: Broken|0 fnt
|faint|p2a: Broken
|
|-heal|p1a: Hatterene|12/100|[from] item: Leftovers
|upkeep
|
|t:|1649952532
|switch|p2a: DDRevolution|Salamence, F|82/100 tox
|-ability|p2a: DDRevolution|Intimidate|boost
|-unboost|p1a: Hatterene|atk|1
|turn|29
|
|t:|1649952544
|move|p2a: DDRevolution|Dual Wingbeat|p1a: Hatterene
|-damage|p1a: Hatterene|0 fnt
|faint|p1a: Hatterene
|-hitcount|p1: Hatterene|1
|
|-damage|p2a: DDRevolution|76/100 tox|[from] psn
|upkeep
|
|t:|1649952561
|switch|p1a: Zygarde|Zygarde-10%|100/100
|-ability|p1a: Zygarde|Aura Break
|turn|30
|
|t:|1649952568
|move|p1a: Zygarde|Thousand Arrows|p2a: DDRevolution
|-crit|p2a: DDRevolution
|-damage|p2a: DDRevolution|0 fnt
|faint|p2a: DDRevolution
|
|upkeep
|
|t:|1649952577
|switch|p2a: Hungry Hippo|Hippowdon, M|76/100
|-damage|p2a: Hungry Hippo|70/100|[from] Stealth Rock
|-weather|Sandstorm|[from] ability: Sand Stream|[of] p2a: Hungry Hippo
|turn|31
|
|t:|1649952611
|switch|p1a: Incineroar|Incineroar, M|63/100
|-ability|p1a: Incineroar|Intimidate|boost
|-unboost|p2a: Hungry Hippo|atk|1
|move|p2a: Hungry Hippo|Slack Off|p2a: Hungry Hippo
|-heal|p2a: Hungry Hippo|100/100
|
|-weather|Sandstorm|[upkeep]
|-damage|p1a: Incineroar|57/100|[from] Sandstorm
|upkeep
|turn|32
|
|t:|1649952624
|move|p1a: Incineroar|Toxic|p2a: Hungry Hippo|[miss]
|-miss|p1a: Incineroar|p2a: Hungry Hippo
|move|p2a: Hungry Hippo|Stealth Rock|p1a: Incineroar
|-sidestart|p1: HaxxLR|move: Stealth Rock
|
|-weather|Sandstorm|[upkeep]
|-damage|p1a: Incineroar|51/100|[from] Sandstorm
|upkeep
|turn|33
|
|t:|1649952631
|switch|p2a: La Lavadora|Rotom-Wash|82/100 tox
|-damage|p2a: La Lavadora|69/100 tox|[from] Stealth Rock
|move|p1a: Incineroar|Toxic|p2a: La Lavadora
|-fail|p2a: La Lavadora|tox
|
|-weather|Sandstorm|[upkeep]
|-damage|p2a: La Lavadora|63/100 tox|[from] Sandstorm
|-damage|p1a: Incineroar|45/100|[from] Sandstorm
|-damage|p2a: La Lavadora|57/100 tox|[from] psn
|upkeep
|turn|34
|
|t:|1649952637
|switch|p1a: Rotom|Rotom-Wash|51/100
|-damage|p1a: Rotom|39/100|[from] Stealth Rock
|move|p2a: La Lavadora|Volt Switch|p1a: Rotom
|-damage|p1a: Rotom|22/100
|
|t:|1649952643
|switch|p2a: Chanseee|Chansey, F|51/100|[from]move: Volt Switch
|-damage|p2a: Chanseee|39/100|[from] Stealth Rock
|
|-weather|Sandstorm|[upkeep]
|-damage|p1a: Rotom|16/100|[from] Sandstorm
|-damage|p2a: Chanseee|32/100|[from] Sandstorm
|upkeep
|turn|35
|
|t:|1649952647
|move|p1a: Rotom|Volt Switch|p2a: Chanseee
|-damage|p2a: Chanseee|25/100
|
|t:|1649952655
|switch|p1a: Incineroar|Incineroar, M|45/100|[from]move: Volt Switch
|-damage|p1a: Incineroar|20/100|[from] Stealth Rock
|-ability|p1a: Incineroar|Intimidate|boost
|-unboost|p2a: Chanseee|atk|1
|move|p2a: Chanseee|Soft-Boiled|p2a: Chanseee
|-heal|p2a: Chanseee|75/100
|
|-weather|none
|upkeep
|turn|36
|
|t:|1649952677
|move|p1a: Incineroar|Knock Off|p2a: Chanseee
|-damage|p2a: Chanseee|52/100
|-enditem|p2a: Chanseee|Eviolite|[from] move: Knock Off|[of] p1a: Incineroar
|move|p2a: Chanseee|Seismic Toss|p1a: Incineroar
|-damage|p1a: Incineroar|0 fnt
|faint|p1a: Incineroar
|
|upkeep
|j| Onilky
|
|t:|1649952685
|switch|p1a: Zygarde|Zygarde-10%|100/100
|-damage|p1a: Zygarde|94/100|[from] Stealth Rock
|-ability|p1a: Zygarde|Aura Break
|turn|37
|
|t:|1649952691
|switch|p2a: Hungry Hippo|Hippowdon, M|100/100
|-damage|p2a: Hungry Hippo|94/100|[from] Stealth Rock
|-weather|Sandstorm|[from] ability: Sand Stream|[of] p2a: Hungry Hippo
|move|p1a: Zygarde|Thousand Arrows|p2a: Hungry Hippo
|-damage|p2a: Hungry Hippo|57/100
|
|-weather|Sandstorm|[upkeep]
|upkeep
|turn|38
|
|t:|1649952704
|switch|p1a: Celesteela|Celesteela|80/100
|-damage|p1a: Celesteela|67/100|[from] Stealth Rock
|move|p2a: Hungry Hippo|Slack Off|p2a: Hungry Hippo
|-heal|p2a: Hungry Hippo|100/100
|
|-weather|Sandstorm|[upkeep]
|-heal|p1a: Celesteela|73/100|[from] item: Leftovers
|upkeep
|turn|39
|
|t:|1649952724
|move|p1a: Celesteela|Heavy Slam|p2a: Hungry Hippo
|-damage|p2a: Hungry Hippo|84/100
|move|p2a: Hungry Hippo|Fire Fang|p1a: Celesteela
|-supereffective|p1a: Celesteela
|-damage|p1a: Celesteela|45/100
|
|-weather|Sandstorm|[upkeep]
|-heal|p1a: Celesteela|51/100|[from] item: Leftovers
|upkeep
|turn|40
|
|t:|1649952731
|switch|p2a: Tang!|Tangrowth, M|100/100
|-damage|p2a: Tang!|88/100|[from] Stealth Rock
|move|p1a: Celesteela|Leech Seed|p2a: Tang!
|-immune|p2a: Tang!
|
|-weather|Sandstorm|[upkeep]
|-damage|p2a: Tang!|82/100|[from] Sandstorm
|-heal|p1a: Celesteela|57/100|[from] item: Leftovers
|upkeep
|turn|41
|
|t:|1649952737
|switch|p1a: Amoonguss|Amoonguss, M|100/100
|-damage|p1a: Amoonguss|88/100|[from] Stealth Rock
|move|p2a: Tang!|Knock Off|p1a: Amoonguss
|-damage|p1a: Amoonguss|78/100
|
|-weather|none
|upkeep
|turn|42
|
|t:|1649952759
|switch|p2a: Chanseee|Chansey, F|52/100
|-damage|p2a: Chanseee|39/100|[from] Stealth Rock
|switch|p1a: Zygarde|Zygarde-10%|94/100
|-damage|p1a: Zygarde|88/100|[from] Stealth Rock
|-ability|p1a: Zygarde|Aura Break
|
|upkeep
|turn|43
|
|t:|1649952769
|switch|p2a: Tang!|Tangrowth, M|100/100
|-damage|p2a: Tang!|88/100|[from] Stealth Rock
|move|p1a: Zygarde|Outrage|p2a: Tang!
|-damage|p2a: Tang!|35/100
|
|upkeep
|turn|44
|
|t:|1649952782
|move|p1a: Zygarde|Outrage|p2a: Tang!|[from]lockedmove
|-damage|p2a: Tang!|0 fnt
|faint|p2a: Tang!
|-start|p1a: Zygarde|confusion|[fatigue]
|
|upkeep
|
|t:|1649952784
|switch|p2a: Hungry Hippo|Hippowdon, M|84/100
|-damage|p2a: Hungry Hippo|78/100|[from] Stealth Rock
|-weather|Sandstorm|[from] ability: Sand Stream|[of] p2a: Hungry Hippo
|turn|45
|
|t:|1649952790
|switch|p1a: Celesteela|Celesteela|57/100
|-damage|p1a: Celesteela|44/100|[from] Stealth Rock
|move|p2a: Hungry Hippo|Fire Fang|p1a: Celesteela
|-supereffective|p1a: Celesteela
|-damage|p1a: Celesteela|15/100
|
|-weather|Sandstorm|[upkeep]
|-heal|p1a: Celesteela|21/100|[from] item: Leftovers
|upkeep
|turn|46
|
|t:|1649952798
|move|p1a: Celesteela|Protect|p1a: Celesteela
|-singleturn|p1a: Celesteela|Protect
|move|p2a: Hungry Hippo|Fire Fang|p1a: Celesteela
|-activate|p1a: Celesteela|move: Protect
|
|-weather|Sandstorm|[upkeep]
|-heal|p1a: Celesteela|27/100|[from] item: Leftovers
|upkeep
|turn|47
|
|t:|1649952818
|move|p1a: Celesteela|Leech Seed|p2a: Hungry Hippo
|-start|p2a: Hungry Hippo|move: Leech Seed
|move|p2a: Hungry Hippo|Fire Fang|p1a: Celesteela
|-supereffective|p1a: Celesteela
|-damage|p1a: Celesteela|2/100
|-status|p1a: Celesteela|brn
|
|-weather|Sandstorm|[upkeep]
|-heal|p1a: Celesteela|8/100 brn|[from] item: Leftovers
|-damage|p2a: Hungry Hippo|65/100|[from] Leech Seed|[of] p1a: Celesteela
|-heal|p1a: Celesteela|21/100 brn|[silent]
|-damage|p1a: Celesteela|15/100 brn|[from] brn
|upkeep
|turn|48
|
|t:|1649952836
|move|p1a: Celesteela|Leech Seed||[still]
|-fail|p1a: Celesteela
|move|p2a: Hungry Hippo|Slack Off|p2a: Hungry Hippo
|-heal|p2a: Hungry Hippo|100/100
|
|-weather|Sandstorm|[upkeep]
|-heal|p1a: Celesteela|21/100 brn|[from] item: Leftovers
|-damage|p2a: Hungry Hippo|88/100|[from] Leech Seed|[of] p1a: Celesteela
|-heal|p1a: Celesteela|34/100 brn|[silent]
|-damage|p1a: Celesteela|28/100 brn|[from] brn
|upkeep
|turn|49
|
|t:|1649952846
|switch|p1a: Zygarde|Zygarde-10%|88/100
|-damage|p1a: Zygarde|82/100|[from] Stealth Rock
|-ability|p1a: Zygarde|Aura Break
|switch|p2a: La Lavadora|Rotom-Wash|57/100 tox
|-damage|p2a: La Lavadora|44/100 tox|[from] Stealth Rock
|
|-weather|none
|-damage|p2a: La Lavadora|38/100 tox|[from] psn
|upkeep
|turn|50
|
|t:|1649952867
|move|p2a: La Lavadora|Trick|p1a: Zygarde
|-activate|p2a: La Lavadora|move: Trick|[of] p1a: Zygarde
|-item|p1a: Zygarde|Choice Scarf|[from] move: Trick
|-item|p2a: La Lavadora|Choice Band|[from] move: Trick
|move|p1a: Zygarde|Thousand Arrows|p2a: La Lavadora
|-supereffective|p2a: La Lavadora
|-damage|p2a: La Lavadora|0 fnt
|faint|p2a: La Lavadora
|
|upkeep
|
|t:|1649952870
|switch|p2a: Hungry Hippo|Hippowdon, M|88/100
|-damage|p2a: Hungry Hippo|82/100|[from] Stealth Rock
|-weather|Sandstorm|[from] ability: Sand Stream|[of] p2a: Hungry Hippo
|turn|51
|
|t:|1649952880
|switch|p1a: Rotom|Rotom-Wash|16/100
|-damage|p1a: Rotom|3/100|[from] Stealth Rock
|move|p2a: Hungry Hippo|Fire Fang|p1a: Rotom
|-resisted|p1a: Rotom
|-damage|p1a: Rotom|0 fnt
|faint|p1a: Rotom
|
|-weather|Sandstorm|[upkeep]
|upkeep
|
|t:|1649952887
|switch|p1a: Amoonguss|Amoonguss, M|100/100
|-damage|p1a: Amoonguss|88/100|[from] Stealth Rock
|turn|52
|
|t:|1649952894
|move|p2a: Hungry Hippo|Earthquake|p1a: Amoonguss
|-damage|p1a: Amoonguss|62/100
|move|p1a: Amoonguss|Spore|p2a: Hungry Hippo
|-status|p2a: Hungry Hippo|slp|[from] move: Spore
|
|-weather|Sandstorm|[upkeep]
|-damage|p1a: Amoonguss|56/100|[from] Sandstorm
|upkeep
|turn|53
|
|t:|1649952900
|switch|p1a: Zygarde|Zygarde-10%|82/100
|-damage|p1a: Zygarde|76/100|[from] Stealth Rock
|-ability|p1a: Zygarde|Aura Break
|cant|p2a: Hungry Hippo|slp
|
|-weather|Sandstorm|[upkeep]
|upkeep
|turn|54
|
|t:|1649952907
|move|p1a: Zygarde|Thousand Arrows|p2a: Hungry Hippo
|-damage|p2a: Hungry Hippo|58/100 slp
|-curestatus|p2a: Hungry Hippo|slp|[msg]
|move|p2a: Hungry Hippo|Slack Off|p2a: Hungry Hippo
|-heal|p2a: Hungry Hippo|100/100
|
|-weather|Sandstorm|[upkeep]
|upkeep
|turn|55
|
|t:|1649952914
|switch|p1a: Celesteela|Celesteela|28/100 brn
|-damage|p1a: Celesteela|16/100 brn|[from] Stealth Rock
|move|p2a: Hungry Hippo|Fire Fang|p1a: Celesteela
|-supereffective|p1a: Celesteela
|-damage|p1a: Celesteela|0 fnt
|faint|p1a: Celesteela
|
|-weather|none
|upkeep
|
|t:|1649952921
|switch|p1a: Amoonguss|Amoonguss, M|89/100
|-damage|p1a: Amoonguss|77/100|[from] Stealth Rock
|turn|56
|
|t:|1649952928
|move|p2a: Hungry Hippo|Earthquake|p1a: Amoonguss
|-damage|p1a: Amoonguss|49/100
|move|p1a: Amoonguss|Giga Drain|p2a: Hungry Hippo
|-supereffective|p2a: Hungry Hippo
|-damage|p2a: Hungry Hippo|63/100
|-heal|p1a: Amoonguss|67/100|[from] drain|[of] p2a: Hungry Hippo
|
|upkeep
|turn|57
|
|t:|1649952936
|switch|p2a: Chanseee|Chansey, F|39/100
|-damage|p2a: Chanseee|27/100|[from] Stealth Rock
|move|p1a: Amoonguss|Giga Drain|p2a: Chanseee
|-damage|p2a: Chanseee|17/100
|-heal|p1a: Amoonguss|76/100|[from] drain|[of] p2a: Chanseee
|
|upkeep
|turn|58
|
|t:|1649952939
|switch|p1a: Zygarde|Zygarde-10%|76/100
|-damage|p1a: Zygarde|70/100|[from] Stealth Rock
|-ability|p1a: Zygarde|Aura Break
|move|p2a: Chanseee|Soft-Boiled|p2a: Chanseee
|-heal|p2a: Chanseee|67/100
|
|upkeep
|turn|59
|
|t:|1649952953
|move|p1a: Zygarde|Outrage|p2a: Chanseee
|-damage|p2a: Chanseee|13/100
|move|p2a: Chanseee|Soft-Boiled|p2a: Chanseee
|-heal|p2a: Chanseee|63/100
|
|upkeep
|turn|60
|
|t:|1649953051
|move|p1a: Zygarde|Outrage|p2a: Chanseee|[from]lockedmove
|-damage|p2a: Chanseee|12/100
|-start|p1a: Zygarde|confusion|[fatigue]
|move|p2a: Chanseee|Soft-Boiled|p2a: Chanseee
|-heal|p2a: Chanseee|62/100
|
|upkeep
|turn|61
|
|t:|1649953058
|switch|p1a: Amoonguss|Amoonguss, M|100/100
|-damage|p1a: Amoonguss|88/100|[from] Stealth Rock
|move|p2a: Chanseee|Soft-Boiled|p2a: Chanseee
|-heal|p2a: Chanseee|100/100
|
|upkeep
|turn|62
|
|t:|1649953066
|switch|p1a: Zygarde|Zygarde-10%|70/100
|-damage|p1a: Zygarde|64/100|[from] Stealth Rock
|-ability|p1a: Zygarde|Aura Break
|move|p2a: Chanseee|Seismic Toss|p1a: Zygarde
|-damage|p1a: Zygarde|24/100
|
|upkeep
|turn|63
|
|t:|1649953075
|move|p1a: Zygarde|Superpower|p2a: Chanseee
|-supereffective|p2a: Chanseee
|-damage|p2a: Chanseee|30/100
|-unboost|p1a: Zygarde|atk|1
|-unboost|p1a: Zygarde|def|1
|move|p2a: Chanseee|Seismic Toss|p1a: Zygarde
|-damage|p1a: Zygarde|0 fnt
|faint|p1a: Zygarde
|
|upkeep
|c|☆HaxxLR|gg
|l| Hungray
|
|t:|1649953086
|switch|p1a: Amoonguss|Amoonguss, M|100/100
|-damage|p1a: Amoonguss|88/100|[from] Stealth Rock
|turn|64
|
|t:|1649953090
|move|p2a: Chanseee|Soft-Boiled|p2a: Chanseee
|-heal|p2a: Chanseee|80/100
|move|p1a: Amoonguss|Sludge Bomb|p2a: Chanseee
|-damage|p2a: Chanseee|66/100
|-status|p2a: Chanseee|psn
|
|-damage|p2a: Chanseee|54/100 psn|[from] psn
|upkeep
|turn|65
|
|t:|1649953093
|move|p2a: Chanseee|Soft-Boiled|p2a: Chanseee
|-heal|p2a: Chanseee|100/100 psn
|move|p1a: Amoonguss|Sludge Bomb|p2a: Chanseee
|-damage|p2a: Chanseee|88/100 psn
|
|-damage|p2a: Chanseee|75/100 psn|[from] psn
|upkeep
|turn|66
|
|t:|1649953108
|move|p2a: Chanseee|Seismic Toss|p1a: Amoonguss
|-damage|p1a: Amoonguss|65/100
|move|p1a: Amoonguss|Sludge Bomb|p2a: Chanseee
|-damage|p2a: Chanseee|62/100 psn
|
|-damage|p2a: Chanseee|49/100 psn|[from] psn
|upkeep
|turn|67
|
|t:|1649953113
|move|p2a: Chanseee|Soft-Boiled|p2a: Chanseee
|-heal|p2a: Chanseee|99/100 psn
|move|p1a: Amoonguss|Sludge Bomb|p2a: Chanseee
|-damage|p2a: Chanseee|87/100 psn
|
|-damage|p2a: Chanseee|74/100 psn|[from] psn
|upkeep
|turn|68
|
|t:|1649953118
|move|p2a: Chanseee|Seismic Toss|p1a: Amoonguss
|-damage|p1a: Amoonguss|42/100
|move|p1a: Amoonguss|Sludge Bomb|p2a: Chanseee
|-damage|p2a: Chanseee|62/100 psn
|
|-damage|p2a: Chanseee|50/100 psn|[from] psn
|upkeep
|turn|69
|
|t:|1649953122
|move|p2a: Chanseee|Soft-Boiled|p2a: Chanseee
|-heal|p2a: Chanseee|99/100 psn
|move|p1a: Amoonguss|Sludge Bomb|p2a: Chanseee
|-damage|p2a: Chanseee|88/100 psn
|
|-damage|p2a: Chanseee|75/100 psn|[from] psn
|upkeep
|turn|70
|
|t:|1649953124
|move|p2a: Chanseee|Seismic Toss|p1a: Amoonguss
|-damage|p1a: Amoonguss|19/100
|move|p1a: Amoonguss|Sludge Bomb|p2a: Chanseee
|-damage|p2a: Chanseee|63/100 psn
|
|-damage|p2a: Chanseee|50/100 psn|[from] psn
|upkeep
|turn|71
|
|t:|1649953127
|move|p2a: Chanseee|Seismic Toss|p1a: Amoonguss
|-damage|p1a: Amoonguss|0 fnt
|faint|p1a: Amoonguss
|
|win|MegaTotomon
|raw|HaxxLR's rating: 1490 &rarr; <strong>1478</strong><br />(-12 for losing)
|raw|MegaTotomon's rating: 1629 &rarr; <strong>1641</strong><br />(+12 for winning)
|c|☆MegaTotomon|gg
|l|☆MegaTotomon
