|html|<div class="broadcast-blue"><strong>[Gen 8] UU is currently suspecting Moltres-Galar! For information on how to participate check out the <a href="https://www.smogon.com/forums/threads/np-ss-uu-stage-12-get-lucky.3700621/">suspect thread</a>.</strong></div>
|j|☆R3Zz3Nn15
|j|☆HaxxLR
|t:|1650106197
|gametype|singles
|player|p1|R3Zz3Nn15|pilot|1247
|player|p2|HaxxLR|grimsley|1453
|teamsize|p1|6
|teamsize|p2|6
|gen|8
|tier|[Gen 8] UU
|rated|
|rule|Sleep Clause Mod: Limit one foe put to sleep
|rule|Species Clause: Limit one of each Pokémon
|rule|OHKO Clause: OHKO moves are banned
|rule|Evasion Moves Clause: Evasion moves are banned
|rule|Endless Battle Clause: Forcing endless battles is banned
|rule|HP Percentage Mod: HP is shown in percentages
|rule|Dynamax Clause: You cannot dynamax
|clearpoke
|poke|p1|Aegislash, M|
|poke|p1|Rotom-Heat|
|poke|p1|Keldeo-Resolute|
|poke|p1|Hydreigon, F|
|poke|p1|Nidoking, M|
|poke|p1|Azelf|
|poke|p2|Raikou|
|poke|p2|Scizor, M|
|poke|p2|Mamoswine, M|
|poke|p2|Swampert, M|
|poke|p2|Mandibuzz, F|
|poke|p2|Amoonguss, F|
|teampreview
|inactive|Battle timer is ON: inactive players will automatically lose when time's up. (requested by R3Zz3Nn15)
|inactive|HaxxLR has 120 seconds left.
|inactive|HaxxLR has 90 seconds left.
|
|t:|1650106303
|start
|switch|p1a: Azelf|Azelf|100/100
|switch|p2a: Mandibuzz|Mandibuzz, F|100/100
|turn|1
|
|t:|1650106320
|switch|p1a: Rotom|Rotom-Heat|100/100
|move|p2a: Mandibuzz|U-turn|p1a: Rotom
|-resisted|p1a: Rotom
|-damage|p1a: Rotom|95/100
|inactive|HaxxLR has 120 seconds left.
|
|t:|1650106354
|switch|p2a: Raikou|Raikou|100/100|[from]move: U-turn
|-ability|p2a: Raikou|Pressure
|
|upkeep
|turn|2
|
|t:|1650106361
|move|p2a: Raikou|Scald|p1a: Rotom
|-supereffective|p1a: Rotom
|-damage|p1a: Rotom|56/100
|move|p1a: Rotom|Volt Switch|p2a: Raikou
|-resisted|p2a: Raikou
|-damage|p2a: Raikou|86/100
|
|t:|1650106376
|switch|p1a: Hydreigon|Hydreigon, F|100/100|[from]move: Volt Switch
|
|upkeep
|turn|3
|inactive|HaxxLR has 120 seconds left.
|
|t:|1650106393
|switch|p2a: Mandibuzz|Mandibuzz, F|100/100
|move|p1a: Hydreigon|Dark Pulse|p2a: Mandibuzz
|-resisted|p2a: Mandibuzz
|-damage|p2a: Mandibuzz|83/100
|
|upkeep
|turn|4
|inactive|HaxxLR has 120 seconds left.
|
|t:|1650106400
|switch|p1a: Rotom|Rotom-Heat|56/100
|move|p2a: Mandibuzz|U-turn|p1a: Rotom
|-resisted|p1a: Rotom
|-damage|p1a: Rotom|50/100
|inactive|HaxxLR has 120 seconds left.
|
|t:|1650106410
|switch|p2a: Raikou|Raikou|86/100|[from]move: U-turn
|-ability|p2a: Raikou|Pressure
|
|upkeep
|turn|5
|
|t:|1650106417
|move|p2a: Raikou|Scald|p1a: Rotom
|-supereffective|p1a: Rotom
|-damage|p1a: Rotom|4/100
|move|p1a: Rotom|Pain Split|p2a: Raikou
|-sethp|p2a: Raikou|45/100|[from] move: Pain Split|[silent]
|-sethp|p1a: Rotom|48/100|[from] move: Pain Split
|
|upkeep
|turn|6
|
|t:|1650106429
|move|p2a: Raikou|Scald|p1a: Rotom
|-supereffective|p1a: Rotom
|-damage|p1a: Rotom|6/100
|move|p1a: Rotom|Overheat|p2a: Raikou
|-damage|p2a: Raikou|0 fnt
|-unboost|p1a: Rotom|spa|2
|faint|p2a: Raikou
|
|upkeep
|inactive|HaxxLR has 120 seconds left.
|inactive|HaxxLR has 90 seconds left.
|
|t:|1650106495
|switch|p2a: Mamoswine|Mamoswine, M|100/100
|turn|7
|
|t:|1650106500
|move|p2a: Mamoswine|Ice Shard|p1a: Rotom
|-resisted|p1a: Rotom
|-damage|p1a: Rotom|0 fnt
|faint|p1a: Rotom
|-damage|p2a: Mamoswine|91/100|[from] item: Life Orb
|
|upkeep
|
|t:|1650106512
|switch|p1a: Keldeo|Keldeo-Resolute|100/100
|turn|8
|
|t:|1650106520
|switch|p2a: Amoonguss|Amoonguss, F|100/100
|move|p1a: Keldeo|Flip Turn|p2a: Amoonguss
|-resisted|p2a: Amoonguss
|-damage|p2a: Amoonguss|95/100
|-damage|p1a: Keldeo|84/100|[from] item: Rocky Helmet|[of] p2a: Amoonguss
|
|t:|1650106529
|switch|p1a: Nidoking|Nidoking, M|100/100|[from]move: Flip Turn
|
|upkeep
|turn|9
|
|t:|1650106533
|switch|p2a: Swampert|Swampert, M|100/100
|move|p1a: Nidoking|Substitute|p1a: Nidoking
|-start|p1a: Nidoking|Substitute
|-damage|p1a: Nidoking|76/100
|
|upkeep
|turn|10
|
|t:|1650106542
|move|p1a: Nidoking|Earth Power|p2a: Swampert
|-damage|p2a: Swampert|58/100
|move|p2a: Swampert|Earthquake|p1a: Nidoking
|-supereffective|p1a: Nidoking
|-end|p1a: Nidoking|Substitute
|
|-heal|p2a: Swampert|64/100|[from] item: Leftovers
|upkeep
|turn|11
|
|t:|1650106552
|switch|p1a: Azelf|Azelf|100/100
|move|p2a: Swampert|Flip Turn|p1a: Azelf
|-damage|p1a: Azelf|62/100
|
|t:|1650106560
|switch|p2a: Mandibuzz|Mandibuzz, F|83/100|[from]move: Flip Turn
|
|upkeep
|turn|12
|
|t:|1650106567
|move|p1a: Azelf|Dazzling Gleam|p2a: Mandibuzz
|-supereffective|p2a: Mandibuzz
|-damage|p2a: Mandibuzz|25/100
|-damage|p1a: Azelf|52/100|[from] item: Life Orb
|move|p2a: Mandibuzz|U-turn|p1a: Azelf
|-supereffective|p1a: Azelf
|-damage|p1a: Azelf|16/100
|inactive|HaxxLR has 120 seconds left.
|
|t:|1650106583
|switch|p2a: Scizor|Scizor, M|100/100|[from]move: U-turn
|
|upkeep
|turn|13
|
|t:|1650106588
|switch|p1a: Aegislash|Aegislash, M|100/100
|move|p2a: Scizor|Bullet Punch|p1a: Aegislash
|-resisted|p1a: Aegislash
|-damage|p1a: Aegislash|88/100
|
|-heal|p1a: Aegislash|94/100|[from] item: Leftovers
|upkeep
|turn|14
|
|t:|1650106597
|move|p2a: Scizor|Knock Off|p1a: Aegislash
|-supereffective|p1a: Aegislash
|-damage|p1a: Aegislash|36/100
|-enditem|p1a: Aegislash|Leftovers|[from] move: Knock Off|[of] p2a: Scizor
|move|p1a: Aegislash|Substitute|p1a: Aegislash
|-start|p1a: Aegislash|Substitute
|-damage|p1a: Aegislash|11/100
|
|upkeep
|turn|15
|inactive|HaxxLR has 120 seconds left.
|
|t:|1650106617
|move|p1a: Aegislash|King's Shield|p1a: Aegislash
|-singleturn|p1a: Aegislash|Protect
|move|p2a: Scizor|Knock Off|p1a: Aegislash
|-activate|p1a: Aegislash|move: Protect
|-unboost|p2a: Scizor|atk|1
|
|upkeep
|turn|16
|
|t:|1650106624
|move|p2a: Scizor|Knock Off|p1a: Aegislash
|-supereffective|p1a: Aegislash
|-end|p1a: Aegislash|Substitute
|-formechange|p1a: Aegislash|Aegislash-Blade||[from] ability: Stance Change
|move|p1a: Aegislash|Shadow Ball|p2a: Scizor
|-damage|p2a: Scizor|62/100
|
|upkeep
|turn|17
|
|t:|1650106634
|move|p2a: Scizor|Roost|p2a: Scizor
|-heal|p2a: Scizor|100/100
|-singleturn|p2a: Scizor|move: Roost
|move|p1a: Aegislash|Shadow Ball|p2a: Scizor
|-damage|p2a: Scizor|61/100
|
|upkeep
|turn|18
|
|t:|1650106641
|-formechange|p1a: Aegislash|Aegislash||[from] ability: Stance Change
|move|p1a: Aegislash|King's Shield|p1a: Aegislash
|-singleturn|p1a: Aegislash|Protect
|move|p2a: Scizor|Roost|p2a: Scizor
|-heal|p2a: Scizor|100/100
|-singleturn|p2a: Scizor|move: Roost
|
|upkeep
|turn|19
|
|t:|1650106648
|move|p2a: Scizor|Knock Off|p1a: Aegislash
|-supereffective|p1a: Aegislash
|-damage|p1a: Aegislash|0 fnt
|faint|p1a: Aegislash
|
|upkeep
|
|t:|1650106660
|switch|p1a: Hydreigon|Hydreigon, F|100/100
|turn|20
|inactive|HaxxLR has 120 seconds left.
|
|t:|1650106704
|move|p2a: Scizor|Bullet Punch|p1a: Hydreigon
|-damage|p1a: Hydreigon|75/100
|move|p1a: Hydreigon|Flamethrower|p2a: Scizor
|-supereffective|p2a: Scizor
|-damage|p2a: Scizor|0 fnt
|faint|p2a: Scizor
|
|upkeep
|j| linoone927
|
|t:|1650106711
|switch|p2a: Mandibuzz|Mandibuzz, F|25/100
|turn|21
|
|t:|1650106725
|move|p1a: Hydreigon|Flamethrower|p2a: Mandibuzz
|-damage|p2a: Mandibuzz|1/100
|move|p2a: Mandibuzz|Roost|p2a: Mandibuzz
|-heal|p2a: Mandibuzz|51/100
|-singleturn|p2a: Mandibuzz|move: Roost
|
|upkeep
|turn|22
|
|t:|1650106742
|switch|p1a: Nidoking|Nidoking, M|76/100
|move|p2a: Mandibuzz|Roost|p2a: Mandibuzz
|-heal|p2a: Mandibuzz|100/100
|-singleturn|p2a: Mandibuzz|move: Roost
|
|upkeep
|turn|23
|
|t:|1650106753
|switch|p2a: Swampert|Swampert, M|64/100
|move|p1a: Nidoking|Substitute|p1a: Nidoking
|-start|p1a: Nidoking|Substitute
|-damage|p1a: Nidoking|51/100
|
|-heal|p2a: Swampert|70/100|[from] item: Leftovers
|upkeep
|turn|24
|
|t:|1650106759
|move|p1a: Nidoking|Earth Power|p2a: Swampert
|-damage|p2a: Swampert|22/100
|move|p2a: Swampert|Flip Turn|p1a: Nidoking
|-supereffective|p1a: Nidoking
|-end|p1a: Nidoking|Substitute
|
|t:|1650106763
|switch|p2a: Mamoswine|Mamoswine, M|91/100|[from]move: Flip Turn
|
|upkeep
|turn|25
|
|t:|1650106780
|switch|p1a: Keldeo|Keldeo-Resolute|84/100
|move|p2a: Mamoswine|Ice Shard|p1a: Keldeo
|-resisted|p1a: Keldeo
|-damage|p1a: Keldeo|67/100
|-damage|p2a: Mamoswine|81/100|[from] item: Life Orb
|
|upkeep
|turn|26
|
|t:|1650106791
|switch|p2a: Amoonguss|Amoonguss, F|100/100
|move|p1a: Keldeo|Icy Wind|p2a: Amoonguss
|-supereffective|p2a: Amoonguss
|-damage|p2a: Amoonguss|50/100
|-unboost|p2a: Amoonguss|spe|1
|
|upkeep
|turn|27
|
|t:|1650106810
|switch|p1a: Azelf|Azelf|16/100
|switch|p2a: Mamoswine|Mamoswine, M|81/100
|
|upkeep
|turn|28
|
|t:|1650106816
|move|p2a: Mamoswine|Ice Shard|p1a: Azelf
|-damage|p1a: Azelf|0 fnt
|faint|p1a: Azelf
|-damage|p2a: Mamoswine|71/100|[from] item: Life Orb
|
|upkeep
|
|t:|1650106821
|switch|p1a: Keldeo|Keldeo-Resolute|67/100
|turn|29
|
|t:|1650106833
|switch|p2a: Swampert|Swampert, M|22/100
|move|p1a: Keldeo|Icy Wind|p2a: Swampert
|-damage|p2a: Swampert|0 fnt
|faint|p2a: Swampert
|
|upkeep
|
|t:|1650106840
|switch|p2a: Mamoswine|Mamoswine, M|71/100
|turn|30
|
|t:|1650106858
|switch|p1a: Nidoking|Nidoking, M|51/100
|move|p2a: Mamoswine|Knock Off|p1a: Nidoking
|-damage|p1a: Nidoking|0 fnt
|-enditem|p1a: Nidoking|Life Orb|[from] move: Knock Off|[of] p2a: Mamoswine
|faint|p1a: Nidoking
|-damage|p2a: Mamoswine|61/100|[from] item: Life Orb
|
|upkeep
|
|t:|1650106866
|switch|p1a: Keldeo|Keldeo-Resolute|67/100
|turn|31
|
|t:|1650106875
|switch|p2a: Mandibuzz|Mandibuzz, F|100/100
|move|p1a: Keldeo|Scald|p2a: Mandibuzz
|-damage|p2a: Mandibuzz|52/100
|
|upkeep
|turn|32
|
|t:|1650106885
|switch|p2a: Amoonguss|Amoonguss, F|83/100
|move|p1a: Keldeo|Scald|p2a: Amoonguss
|-resisted|p2a: Amoonguss
|-damage|p2a: Amoonguss|53/100
|
|upkeep
|turn|33
|l|☆R3Zz3Nn15
|inactive|R3Zz3Nn15 disconnected and has a minute to reconnect!
|player|p1|
|inactive|R3Zz3Nn15 has 30 seconds to reconnect!
|inactive|R3Zz3Nn15 has 20 seconds to reconnect!
|inactive|R3Zz3Nn15 has 15 seconds to reconnect!
|inactive|R3Zz3Nn15 has 10 seconds to reconnect!
|inactive|R3Zz3Nn15 has 5 seconds to reconnect!
|-message|R3Zz3Nn15 lost due to inactivity.
|
|win|HaxxLR
|raw|R3Zz3Nn15's rating: 1247 &rarr; <strong>1235</strong><br />(-12 for losing)
|raw|HaxxLR's rating: 1453 &rarr; <strong>1462</strong><br />(+9 for winning)
|l| linoone927
