|j|☆Jemlife
|j|☆DQ Low Tier Legend
|t:|1664466334
|gametype|singles
|player|p1|Jemlife|skyla|1303
|player|p2|DQ Low Tier Legend|lucas|1528
|teamsize|p1|6
|teamsize|p2|6
|gen|8
|tier|[Gen 8] UU
|rated|
|rule|Sleep Clause Mod: Limit one foe put to sleep
|rule|Species Clause: Limit one of each Pokémon
|rule|OHKO Clause: OHKO moves are banned
|rule|Evasion Items Clause: Evasion items are banned
|rule|Evasion Moves Clause: Evasion moves are banned
|rule|Endless Battle Clause: Forcing endless battles is banned
|rule|HP Percentage Mod: HP is shown in percentages
|rule|Dynamax Clause: You cannot dynamax
|clearpoke
|poke|p1|Jirachi|
|poke|p1|Hydreigon, F|
|poke|p1|Moltres|
|poke|p1|Nidoking, M|
|poke|p1|Conkeldurr, F|
|poke|p1|Chansey, F|
|poke|p2|Diggersby, M|
|poke|p2|Togekiss, M|
|poke|p2|Cobalion|
|poke|p2|Seismitoad, F|
|poke|p2|Rotom-Wash|
|poke|p2|Salamence, F|
|teampreview
|
|t:|1664466388
|start
|switch|p1a: Jirachi|Jirachi|100/100
|switch|p2a: Rotom|Rotom-Wash|100/100
|turn|1
|
|t:|1664466396
|move|p2a: Rotom|Volt Switch|p1a: Jirachi
|-damage|p1a: Jirachi|79/100
|
|t:|1664466400
|switch|p2a: Seismitoad|Seismitoad, F|100/100|[from]move: Volt Switch
|move|p1a: Jirachi|Doom Desire|p2a: Seismitoad
|-start|p1a: Jirachi|Doom Desire
|
|-heal|p1a: Jirachi|85/100|[from] item: Leftovers
|upkeep
|turn|2
|inactive|Battle timer is ON: inactive players will automatically lose when time's up. (requested by Jemlife)
|
|t:|1664466409
|switch|p1a: Hydreigon|Hydreigon, F|100/100
|move|p2a: Seismitoad|Stealth Rock|p1a: Hydreigon
|-sidestart|p1: Jemlife|move: Stealth Rock
|
|upkeep
|turn|3
|
|t:|1664466418
|move|p1a: Hydreigon|Dark Pulse|p2a: Seismitoad
|-damage|p2a: Seismitoad|66/100
|move|p2a: Seismitoad|Knock Off|p1a: Hydreigon
|-resisted|p1a: Hydreigon
|-damage|p1a: Hydreigon|88/100
|-enditem|p1a: Hydreigon|Choice Scarf|[from] move: Knock Off|[of] p2a: Seismitoad
|
|-end|p2a: Seismitoad|move: Doom Desire
|-resisted|p2a: Seismitoad
|-damage|p2a: Seismitoad|46/100
|-heal|p2a: Seismitoad|52/100|[from] item: Leftovers
|upkeep
|turn|4
|
|t:|1664466427
|move|p1a: Hydreigon|Dark Pulse|p2a: Seismitoad
|-damage|p2a: Seismitoad|21/100
|cant|p2a: Seismitoad|flinch
|
|-heal|p2a: Seismitoad|27/100|[from] item: Leftovers
|upkeep
|turn|5
|
|t:|1664466431
|switch|p2a: Togekiss|Togekiss, M|100/100
|move|p1a: Hydreigon|Dark Pulse|p2a: Togekiss
|-resisted|p2a: Togekiss
|-damage|p2a: Togekiss|83/100
|
|-heal|p2a: Togekiss|89/100|[from] item: Leftovers
|upkeep
|turn|6
|
|t:|1664466439
|switch|p1a: Jirachi|Jirachi|85/100
|-damage|p1a: Jirachi|79/100|[from] Stealth Rock
|move|p2a: Togekiss|Nasty Plot|p2a: Togekiss
|-boost|p2a: Togekiss|spa|2
|
|-heal|p2a: Togekiss|95/100|[from] item: Leftovers
|-heal|p1a: Jirachi|85/100|[from] item: Leftovers
|upkeep
|turn|7
|
|t:|1664466445
|move|p2a: Togekiss|Flamethrower|p1a: Jirachi
|-supereffective|p1a: Jirachi
|-damage|p1a: Jirachi|13/100
|move|p1a: Jirachi|Doom Desire|p2a: Togekiss
|-start|p1a: Jirachi|Doom Desire
|
|-heal|p2a: Togekiss|100/100|[from] item: Leftovers
|-heal|p1a: Jirachi|19/100|[from] item: Leftovers
|upkeep
|turn|8
|
|t:|1664466456
|switch|p2a: Rotom|Rotom-Wash|100/100
|switch|p1a: Moltres|Moltres|100/100
|
|upkeep
|turn|9
|
|t:|1664466462
|switch|p1a: Chansey|Chansey, F|100/100
|-damage|p1a: Chansey|88/100|[from] Stealth Rock
|move|p2a: Rotom|Hydro Pump|p1a: Chansey
|-damage|p1a: Chansey|72/100
|
|-end|p2a: Rotom|move: Doom Desire
|-resisted|p2a: Rotom
|-damage|p2a: Rotom|82/100
|upkeep
|turn|10
|
|t:|1664466475
|switch|p2a: Seismitoad|Seismitoad, F|27/100
|move|p1a: Chansey|Teleport|p1a: Chansey
|
|t:|1664466487
|switch|p1a: Conkeldurr|Conkeldurr, F|100/100|[from]move: Teleport
|-damage|p1a: Conkeldurr|95/100|[from] Stealth Rock
|
|-heal|p2a: Seismitoad|33/100|[from] item: Leftovers
|-status|p1a: Conkeldurr|brn|[from] item: Flame Orb
|upkeep
|turn|11
|inactive|Jemlife has 120 seconds left.
|
|t:|1664466532
|switch|p2a: Salamence|Salamence, F|100/100
|-ability|p2a: Salamence|Intimidate|boost
|-unboost|p1a: Conkeldurr|atk|1
|move|p1a: Conkeldurr|Drain Punch|p2a: Salamence
|-resisted|p2a: Salamence
|-damage|p2a: Salamence|75/100
|-heal|p1a: Conkeldurr|100/100 brn|[from] drain|[of] p2a: Salamence
|
|-damage|p1a: Conkeldurr|95/100 brn|[from] brn
|upkeep
|turn|12
|inactive|Jemlife has 120 seconds left.
|
|t:|1664466548
|switch|p1a: Moltres|Moltres|100/100
|move|p2a: Salamence|Hurricane|p1a: Moltres|[miss]
|-miss|p2a: Salamence|p1a: Moltres
|
|upkeep
|turn|13
|
|t:|1664466552
|switch|p2a: Rotom|Rotom-Wash|82/100
|move|p1a: Moltres|Defog|p2a: Rotom
|-unboost|p2a: Rotom|evasion|1
|-sideend|p1: Jemlife|Stealth Rock|[from] move: Defog|[of] p1a: Moltres
|
|upkeep
|turn|14
|
|t:|1664466558
|switch|p1a: Chansey|Chansey, F|72/100
|move|p2a: Rotom|Trick|p1a: Chansey
|-activate|p2a: Rotom|move: Trick|[of] p1a: Chansey
|-item|p1a: Chansey|Choice Scarf|[from] move: Trick
|-item|p2a: Rotom|Eviolite|[from] move: Trick
|
|upkeep
|turn|15
|
|t:|1664466563
|move|p2a: Rotom|Volt Switch|p1a: Chansey
|-damage|p1a: Chansey|58/100
|
|t:|1664466565
|switch|p2a: Seismitoad|Seismitoad, F|33/100|[from]move: Volt Switch
|move|p1a: Chansey|Teleport|p1a: Chansey
|
|t:|1664466570
|switch|p1a: Conkeldurr|Conkeldurr, F|95/100 brn|[from]move: Teleport
|
|-heal|p2a: Seismitoad|39/100|[from] item: Leftovers
|-damage|p1a: Conkeldurr|89/100 brn|[from] brn
|upkeep
|turn|16
|
|t:|1664466581
|switch|p2a: Togekiss|Togekiss, M|100/100
|move|p1a: Conkeldurr|Knock Off|p2a: Togekiss
|-resisted|p2a: Togekiss
|-damage|p2a: Togekiss|74/100
|-enditem|p2a: Togekiss|Leftovers|[from] move: Knock Off|[of] p1a: Conkeldurr
|
|-damage|p1a: Conkeldurr|83/100 brn|[from] brn
|upkeep
|turn|17
|
|t:|1664466597
|switch|p1a: Nidoking|Nidoking, M|100/100
|move|p2a: Togekiss|Air Slash|p1a: Nidoking
|-damage|p1a: Nidoking|57/100
|
|upkeep
|turn|18
|
|t:|1664466606
|switch|p2a: Seismitoad|Seismitoad, F|39/100
|move|p1a: Nidoking|Ice Beam|p2a: Seismitoad
|-crit|p2a: Seismitoad
|-damage|p2a: Seismitoad|0 fnt
|faint|p2a: Seismitoad
|
|upkeep
|
|t:|1664466612
|switch|p2a: Rotom|Rotom-Wash|82/100
|turn|19
|
|t:|1664466616
|switch|p1a: Chansey|Chansey, F|58/100
|move|p2a: Rotom|Hydro Pump|p1a: Chansey
|-damage|p1a: Chansey|37/100
|
|upkeep
|turn|20
|
|t:|1664466620
|move|p2a: Rotom|Volt Switch|p1a: Chansey
|-damage|p1a: Chansey|21/100
|
|t:|1664466627
|switch|p2a: Cobalion|Cobalion|100/100|[from]move: Volt Switch
|move|p1a: Chansey|Stealth Rock|p2a: Cobalion
|-sidestart|p2: DQ Low Tier Legend|move: Stealth Rock
|
|upkeep
|turn|21
|
|t:|1664466635
|switch|p1a: Moltres|Moltres|100/100
|move|p2a: Cobalion|Swords Dance|p2a: Cobalion
|-boost|p2a: Cobalion|atk|2
|
|upkeep
|turn|22
|
|t:|1664466639
|move|p2a: Cobalion|Stone Edge|p1a: Moltres
|-supereffective|p1a: Moltres
|-damage|p1a: Moltres|0 fnt
|faint|p1a: Moltres
|
|upkeep
|
|t:|1664466644
|switch|p1a: Hydreigon|Hydreigon, F|88/100
|turn|23
|
|t:|1664466647
|move|p2a: Cobalion|Close Combat|p1a: Hydreigon
|-supereffective|p1a: Hydreigon
|-damage|p1a: Hydreigon|0 fnt
|-unboost|p2a: Cobalion|def|1
|-unboost|p2a: Cobalion|spd|1
|faint|p1a: Hydreigon
|
|upkeep
|
|t:|1664466651
|switch|p1a: Conkeldurr|Conkeldurr, F|83/100 brn
|turn|24
|
|t:|1664466659
|switch|p2a: Salamence|Salamence, F|75/100
|-ability|p2a: Salamence|Intimidate|boost
|-unboost|p1a: Conkeldurr|atk|1
|move|p1a: Conkeldurr|Drain Punch|p2a: Salamence
|-resisted|p2a: Salamence
|-damage|p2a: Salamence|52/100
|-heal|p1a: Conkeldurr|95/100 brn|[from] drain|[of] p2a: Salamence
|
|-damage|p1a: Conkeldurr|89/100 brn|[from] brn
|upkeep
|turn|25
|
|t:|1664466673
|switch|p1a: Chansey|Chansey, F|21/100
|move|p2a: Salamence|Defog|p1a: Chansey
|-unboost|p1a: Chansey|evasion|1
|-sideend|p2: DQ Low Tier Legend|Stealth Rock|[from] move: Defog|[of] p2a: Salamence
|
|upkeep
|turn|26
|
|t:|1664466678
|move|p2a: Salamence|Roost|p2a: Salamence
|-heal|p2a: Salamence|100/100
|-singleturn|p2a: Salamence|move: Roost
|move|p1a: Chansey|Stealth Rock|p2a: Salamence
|-sidestart|p2: DQ Low Tier Legend|move: Stealth Rock
|
|upkeep
|turn|27
|
|t:|1664466681
|switch|p1a: Nidoking|Nidoking, M|57/100
|move|p2a: Salamence|Defog|p1a: Nidoking
|-unboost|p1a: Nidoking|evasion|1
|-sideend|p2: DQ Low Tier Legend|Stealth Rock|[from] move: Defog|[of] p2a: Salamence
|
|upkeep
|turn|28
|
|t:|1664466691
|switch|p2a: Cobalion|Cobalion|100/100
|move|p1a: Nidoking|Sludge Wave|p2a: Cobalion
|-immune|p2a: Cobalion
|
|upkeep
|turn|29
|
|t:|1664466696
|switch|p2a: Rotom|Rotom-Wash|82/100
|move|p1a: Nidoking|Earth Power|p2a: Rotom
|-immune|p2a: Rotom|[from] ability: Levitate
|
|upkeep
|turn|30
|
|t:|1664466706
|switch|p1a: Chansey|Chansey, F|21/100
|move|p2a: Rotom|Hydro Pump|p1a: Chansey
|-damage|p1a: Chansey|0 fnt
|faint|p1a: Chansey
|
|upkeep
|
|t:|1664466715
|switch|p1a: Conkeldurr|Conkeldurr, F|89/100 brn
|turn|31
|
|t:|1664466719
|move|p2a: Rotom|Volt Switch|p1a: Conkeldurr
|-damage|p1a: Conkeldurr|42/100 brn
|
|t:|1664466723
|switch|p2a: Salamence|Salamence, F|100/100|[from]move: Volt Switch
|-ability|p2a: Salamence|Intimidate|boost
|-unboost|p1a: Conkeldurr|atk|1
|move|p1a: Conkeldurr|Knock Off|p2a: Salamence
|-damage|p2a: Salamence|63/100
|-enditem|p2a: Salamence|Heavy-Duty Boots|[from] move: Knock Off|[of] p1a: Conkeldurr
|
|-damage|p1a: Conkeldurr|36/100 brn|[from] brn
|upkeep
|turn|32
|inactive|DQ Low Tier Legend has 120 seconds left.
|
|t:|1664466755
|switch|p1a: Jirachi|Jirachi|19/100
|move|p2a: Salamence|Flamethrower|p1a: Jirachi
|-supereffective|p1a: Jirachi
|-damage|p1a: Jirachi|0 fnt
|faint|p1a: Jirachi
|
|upkeep
|
|t:|1664466760
|switch|p1a: Nidoking|Nidoking, M|57/100
|turn|33
|
|t:|1664466764
|switch|p2a: Rotom|Rotom-Wash|82/100
|move|p1a: Nidoking|Ice Beam|p2a: Rotom
|-resisted|p2a: Rotom
|-damage|p2a: Rotom|55/100
|
|upkeep
|turn|34
|
|t:|1664466767
|move|p2a: Rotom|Hydro Pump|p1a: Nidoking
|-supereffective|p1a: Nidoking
|-damage|p1a: Nidoking|0 fnt
|faint|p1a: Nidoking
|
|upkeep
|
|t:|1664466770
|switch|p1a: Conkeldurr|Conkeldurr, F|36/100 brn
|turn|35
|
|t:|1664466772
|move|p2a: Rotom|Volt Switch|p1a: Conkeldurr
|-damage|p1a: Conkeldurr|0 fnt
|faint|p1a: Conkeldurr
|
|win|DQ Low Tier Legend
|raw|Jemlife's rating: 1303 &rarr; <strong>1294</strong><br />(-9 for losing)
|raw|DQ Low Tier Legend's rating: 1528 &rarr; <strong>1537</strong><br />(+9 for winning)
|c|☆Jemlife|gg
|l|☆Jemlife
||Ladder isn't responding, score probably updated but might not have (Request timeout).
