|j|☆Springerk
|j|☆Camalarcos
|t:|1654813394
|gametype|singles
|player|p1|Springerk|candice|1458
|player|p2|Camalarcos|dawn|1368
|teamsize|p1|6
|teamsize|p2|6
|gen|8
|tier|[Gen 8] UU
|rated|
|rule|Sleep Clause Mod: Limit one foe put to sleep
|rule|Species Clause: Limit one of each Pokémon
|rule|OHKO Clause: OHKO moves are banned
|rule|Evasion Moves Clause: Evasion moves are banned
|rule|Endless Battle Clause: Forcing endless battles is banned
|rule|HP Percentage Mod: HP is shown in percentages
|rule|Dynamax Clause: You cannot dynamax
|clearpoke
|poke|p1|Guzzlord|
|poke|p1|Moltres|
|poke|p1|Cobalion|
|poke|p1|Diancie|
|poke|p1|Slowbro-Galar, M|
|poke|p1|Tapu Bulu|
|poke|p2|Hippowdon, F|
|poke|p2|Excadrill, M|
|poke|p2|Nihilego|
|poke|p2|Zarude|
|poke|p2|Skarmory, F|
|poke|p2|Gastrodon, F|
|teampreview
|
|t:|1654813421
|start
|switch|p1a: Tapu Bulu|Tapu Bulu|100/100
|switch|p2a: Zarude|Zarude|100/100
|-fieldstart|move: Grassy Terrain|[from] ability: Grassy Surge|[of] p1a: Tapu Bulu
|turn|1
|
|t:|1654813432
|move|p2a: Zarude|U-turn|p1a: Tapu Bulu
|-damage|p1a: Tapu Bulu|73/100
|
|t:|1654813437
|switch|p2a: Skarmory|Skarmory, F|100/100|[from]move: U-turn
|move|p1a: Tapu Bulu|Horn Leech|p2a: Skarmory
|-resisted|p2a: Skarmory
|-damage|p2a: Skarmory|94/100
|-heal|p1a: Tapu Bulu|77/100|[from] drain|[of] p2a: Skarmory
|
|-heal|p1a: Tapu Bulu|83/100|[from] Grassy Terrain
|-heal|p2a: Skarmory|99/100|[from] item: Leftovers
|upkeep
|turn|2
|
|t:|1654813451
|switch|p1a: Moltres|Moltres|100/100
|switch|p2a: Gastrodon|Gastrodon, F|100/100
|
|upkeep
|turn|3
|
|t:|1654813463
|move|p1a: Moltres|U-turn|p2a: Gastrodon
|-damage|p2a: Gastrodon|87/100
|
|t:|1654813468
|switch|p1a: Tapu Bulu|Tapu Bulu|83/100|[from]move: U-turn
|move|p2a: Gastrodon|Toxic|p1a: Tapu Bulu
|-status|p1a: Tapu Bulu|tox
|
|-heal|p1a: Tapu Bulu|89/100 tox|[from] Grassy Terrain
|-heal|p2a: Gastrodon|93/100|[from] Grassy Terrain
|-damage|p1a: Tapu Bulu|83/100 tox|[from] psn
|upkeep
|turn|4
|
|t:|1654813477
|switch|p1a: Moltres|Moltres|100/100
|switch|p2a: Skarmory|Skarmory, F|99/100
|
|-heal|p2a: Skarmory|100/100|[from] item: Leftovers
|upkeep
|turn|5
|
|t:|1654813485
|switch|p2a: Gastrodon|Gastrodon, F|93/100
|move|p1a: Moltres|U-turn|p2a: Gastrodon
|-damage|p2a: Gastrodon|78/100
|
|t:|1654813490
|switch|p1a: Guzzlord|Guzzlord|100/100|[from]move: U-turn
|
|-heal|p2a: Gastrodon|84/100|[from] Grassy Terrain
|-fieldend|move: Grassy Terrain
|upkeep
|turn|6
|
|t:|1654813496
|move|p1a: Guzzlord|Knock Off|p2a: Gastrodon
|-crit|p2a: Gastrodon
|-damage|p2a: Gastrodon|0 fnt
|-enditem|p2a: Gastrodon|Heavy-Duty Boots|[from] move: Knock Off|[of] p1a: Guzzlord
|faint|p2a: Gastrodon
|-ability|p1a: Guzzlord|Beast Boost|boost
|-boost|p1a: Guzzlord|atk|1
|
|upkeep
|
|t:|1654813501
|switch|p2a: Skarmory|Skarmory, F|100/100
|turn|7
|
|t:|1654813504
|move|p2a: Skarmory|Body Press|p1a: Guzzlord
|-supereffective|p1a: Guzzlord
|-damage|p1a: Guzzlord|48/100
|move|p1a: Guzzlord|Knock Off|p2a: Skarmory
|-damage|p2a: Skarmory|36/100
|-enditem|p2a: Skarmory|Leftovers|[from] move: Knock Off|[of] p1a: Guzzlord
|
|upkeep
|turn|8
|
|t:|1654813513
|switch|p1a: Moltres|Moltres|100/100
|move|p2a: Skarmory|Roost|p2a: Skarmory
|-heal|p2a: Skarmory|86/100
|-singleturn|p2a: Skarmory|move: Roost
|
|upkeep
|turn|9
|
|t:|1654813519
|switch|p2a: Nihilego|Nihilego|100/100
|move|p1a: Moltres|U-turn|p2a: Nihilego
|-resisted|p2a: Nihilego
|-damage|p2a: Nihilego|89/100
|
|t:|1654813529
|switch|p1a: Cobalion|Cobalion|100/100|[from]move: U-turn
|
|-heal|p2a: Nihilego|95/100|[from] item: Black Sludge
|upkeep
|turn|10
|
|t:|1654813536
|switch|p2a: Hippowdon|Hippowdon, F|100/100
|-weather|Sandstorm|[from] ability: Sand Stream|[of] p2a: Hippowdon
|move|p1a: Cobalion|Stealth Rock|p2a: Hippowdon
|-sidestart|p2: Camalarcos|move: Stealth Rock
|
|-weather|Sandstorm|[upkeep]
|upkeep
|turn|11
|
|t:|1654813545
|switch|p1a: Tapu Bulu|Tapu Bulu|83/100 tox
|-fieldstart|move: Grassy Terrain|[from] ability: Grassy Surge|[of] p1a: Tapu Bulu
|move|p2a: Hippowdon|Stealth Rock|p1a: Tapu Bulu
|-sidestart|p1: Springerk|move: Stealth Rock
|
|-weather|Sandstorm|[upkeep]
|-damage|p1a: Tapu Bulu|77/100 tox|[from] Sandstorm
|-heal|p1a: Tapu Bulu|83/100 tox|[from] Grassy Terrain
|-damage|p1a: Tapu Bulu|77/100 tox|[from] psn
|upkeep
|turn|12
|
|t:|1654813551
|switch|p1a: Moltres|Moltres|100/100
|switch|p2a: Skarmory|Skarmory, F|86/100
|-damage|p2a: Skarmory|74/100|[from] Stealth Rock
|
|-weather|Sandstorm|[upkeep]
|-damage|p1a: Moltres|94/100|[from] Sandstorm
|upkeep
|turn|13
|
|t:|1654813555
|switch|p2a: Nihilego|Nihilego|95/100
|-damage|p2a: Nihilego|82/100|[from] Stealth Rock
|move|p1a: Moltres|Flamethrower|p2a: Nihilego
|-resisted|p2a: Nihilego
|-damage|p2a: Nihilego|72/100
|
|-weather|Sandstorm|[upkeep]
|-damage|p1a: Moltres|88/100|[from] Sandstorm
|-heal|p2a: Nihilego|78/100|[from] Grassy Terrain
|-heal|p2a: Nihilego|84/100|[from] item: Black Sludge
|upkeep
|turn|14
|
|t:|1654813566
|move|p2a: Nihilego|Power Gem|p1a: Moltres
|-supereffective|p1a: Moltres
|-damage|p1a: Moltres|0 fnt
|faint|p1a: Moltres
|-ability|p2a: Nihilego|Beast Boost|boost
|-boost|p2a: Nihilego|spa|1
|
|-weather|Sandstorm|[upkeep]
|-heal|p2a: Nihilego|90/100|[from] Grassy Terrain
|-heal|p2a: Nihilego|96/100|[from] item: Black Sludge
|upkeep
|
|t:|1654813569
|switch|p1a: Cobalion|Cobalion|100/100
|-damage|p1a: Cobalion|97/100|[from] Stealth Rock
|turn|15
|
|t:|1654813577
|switch|p2a: Hippowdon|Hippowdon, F|100/100
|-damage|p2a: Hippowdon|94/100|[from] Stealth Rock
|move|p1a: Cobalion|Close Combat|p2a: Hippowdon
|-damage|p2a: Hippowdon|68/100
|-unboost|p1a: Cobalion|def|1
|-unboost|p1a: Cobalion|spd|1
|
|-weather|Sandstorm|[upkeep]
|-heal|p1a: Cobalion|100/100|[from] Grassy Terrain
|-heal|p2a: Hippowdon|74/100|[from] Grassy Terrain
|-fieldend|move: Grassy Terrain
|upkeep
|turn|16
|
|t:|1654813583
|switch|p1a: Tapu Bulu|Tapu Bulu|77/100 tox
|-fieldstart|move: Grassy Terrain|[from] ability: Grassy Surge|[of] p1a: Tapu Bulu
|move|p2a: Hippowdon|Earthquake|p1a: Tapu Bulu
|-resisted|p1a: Tapu Bulu
|-damage|p1a: Tapu Bulu|71/100 tox
|
|-weather|Sandstorm|[upkeep]
|-damage|p1a: Tapu Bulu|65/100 tox|[from] Sandstorm
|-heal|p1a: Tapu Bulu|71/100 tox|[from] Grassy Terrain
|-heal|p2a: Hippowdon|80/100|[from] Grassy Terrain
|-damage|p1a: Tapu Bulu|65/100 tox|[from] psn
|upkeep
|turn|17
|
|t:|1654813590
|switch|p1a: Slowbro|Slowbro-Galar, M|100/100
|-damage|p1a: Slowbro|88/100|[from] Stealth Rock
|switch|p2a: Skarmory|Skarmory, F|74/100
|-damage|p2a: Skarmory|61/100|[from] Stealth Rock
|
|-weather|none
|-heal|p1a: Slowbro|94/100|[from] Grassy Terrain
|upkeep
|turn|18
|
|t:|1654813596
|switch|p2a: Zarude|Zarude|100/100
|-damage|p2a: Zarude|88/100|[from] Stealth Rock
|move|p1a: Slowbro|Flamethrower|p2a: Zarude
|-supereffective|p2a: Zarude
|-damage|p2a: Zarude|42/100
|
|-heal|p2a: Zarude|48/100|[from] Grassy Terrain
|-heal|p1a: Slowbro|99/100|[from] Grassy Terrain
|upkeep
|turn|19
|
|t:|1654813604
|switch|p1a: Cobalion|Cobalion|100/100
|-damage|p1a: Cobalion|97/100|[from] Stealth Rock
|move|p2a: Zarude|U-turn|p1a: Cobalion
|-resisted|p1a: Cobalion
|-damage|p1a: Cobalion|90/100
|-damage|p2a: Zarude|31/100|[from] item: Rocky Helmet|[of] p1a: Cobalion
|
|t:|1654813610
|switch|p2a: Hippowdon|Hippowdon, F|80/100|[from]move: U-turn
|-damage|p2a: Hippowdon|74/100|[from] Stealth Rock
|-weather|Sandstorm|[from] ability: Sand Stream|[of] p2a: Hippowdon
|
|-weather|Sandstorm|[upkeep]
|-heal|p1a: Cobalion|96/100|[from] Grassy Terrain
|-heal|p2a: Hippowdon|80/100|[from] Grassy Terrain
|upkeep
|turn|20
|
|t:|1654813619
|switch|p1a: Tapu Bulu|Tapu Bulu|65/100 tox
|move|p2a: Hippowdon|Earthquake|p1a: Tapu Bulu
|-resisted|p1a: Tapu Bulu
|-damage|p1a: Tapu Bulu|58/100 tox
|
|-weather|Sandstorm|[upkeep]
|-damage|p1a: Tapu Bulu|52/100 tox|[from] Sandstorm
|-heal|p1a: Tapu Bulu|58/100 tox|[from] Grassy Terrain
|-heal|p2a: Hippowdon|86/100|[from] Grassy Terrain
|-damage|p1a: Tapu Bulu|52/100 tox|[from] psn
|-fieldend|move: Grassy Terrain
|upkeep
|turn|21
|
|t:|1654813632
|switch|p2a: Excadrill|Excadrill, M|100/100
|-damage|p2a: Excadrill|97/100|[from] Stealth Rock
|move|p1a: Tapu Bulu|Synthesis|p1a: Tapu Bulu
|-heal|p1a: Tapu Bulu|77/100 tox
|
|-weather|Sandstorm|[upkeep]
|-damage|p1a: Tapu Bulu|71/100 tox|[from] Sandstorm
|-damage|p1a: Tapu Bulu|58/100 tox|[from] psn
|upkeep
|turn|22
|
|t:|1654813646
|move|p2a: Excadrill|Iron Head|p1a: Tapu Bulu
|-supereffective|p1a: Tapu Bulu
|-damage|p1a: Tapu Bulu|0 fnt
|faint|p1a: Tapu Bulu
|
|-weather|Sandstorm|[upkeep]
|upkeep
|
|t:|1654813651
|switch|p1a: Cobalion|Cobalion|96/100
|-damage|p1a: Cobalion|93/100|[from] Stealth Rock
|turn|23
|
|t:|1654813660
|switch|p1a: Guzzlord|Guzzlord|48/100
|-damage|p1a: Guzzlord|36/100|[from] Stealth Rock
|move|p2a: Excadrill|Earthquake|p1a: Guzzlord
|-damage|p1a: Guzzlord|0 fnt
|faint|p1a: Guzzlord
|
|-weather|Sandstorm|[upkeep]
|upkeep
|
|t:|1654813669
|switch|p1a: Diancie|Diancie|100/100
|-damage|p1a: Diancie|88/100|[from] Stealth Rock
|turn|24
|
|t:|1654813673
|move|p1a: Diancie|Protect|p1a: Diancie
|-singleturn|p1a: Diancie|Protect
|move|p2a: Excadrill|Iron Head|p1a: Diancie
|-activate|p1a: Diancie|move: Protect
|
|-weather|Sandstorm|[upkeep]
|-heal|p1a: Diancie|94/100|[from] item: Leftovers
|upkeep
|turn|25
|
|t:|1654813677
|move|p2a: Excadrill|Earthquake|p1a: Diancie
|-supereffective|p1a: Diancie
|-damage|p1a: Diancie|0 fnt
|faint|p1a: Diancie
|
|-weather|Sandstorm|[upkeep]
|upkeep
|-message|Springerk forfeited.
|
|win|Camalarcos
|raw|Springerk's rating: 1458 &rarr; <strong>1433</strong><br />(-25 for losing)
|raw|Camalarcos's rating: 1368 &rarr; <strong>1393</strong><br />(+25 for winning)
|l|☆Springerk
||Ladder isn't responding, score probably updated but might not have (Request timeout).
