|j|☆Y1theking100
|j|☆Alfasenpai
|player|p1|Y1theking100|palmer|1140
|player|p2|Alfasenpai|shadowtriad|1150
|teamsize|p1|6
|teamsize|p2|6
|gametype|singles
|gen|8
|tier|[Gen 8] UU
|rated|
|clearpoke
|poke|p1|Clawitzer, F|
|poke|p1|Lycanroc-Dusk, F|
|poke|p1|Talonflame, F|
|poke|p1|Aegislash, F|
|poke|p1|Tyranitar, M|
|poke|p1|Blissey, F|
|poke|p2|Toxtricity, F|
|poke|p2|Tyranitar, F|
|poke|p2|Cloyster, M|
|poke|p2|Xatu, M|
|poke|p2|Aegislash, F|
|poke|p2|Lycanroc, M|
|rule|Sleep Clause Mod: Limit one foe put to sleep
|rule|Species Clause: Limit one of each Pokémon
|rule|OHKO Clause: OHKO moves are banned
|rule|Evasion Moves Clause: Evasion moves are banned
|rule|Endless Battle Clause: Forcing endless battles is banned
|rule|HP Percentage Mod: HP is shown in percentages
|rule|Dynamax Clause: You cannot dynamax
|teampreview
|
|start
|switch|p1a: Aegislash|Aegislash, F|100/100
|switch|p2a: Lycanroc|Lycanroc, M|100/100
|turn|1
|
|move|p2a: Lycanroc|Taunt|p1a: Aegislash
|-start|p1a: Aegislash|move: Taunt
|-formechange|p1a: Aegislash|Aegislash-Blade||[from] ability: Stance Change
|move|p1a: Aegislash|Flash Cannon|p2a: Lycanroc
|-supereffective|p2a: Lycanroc
|-crit|p2a: Lycanroc
|-enditem|p2a: Lycanroc|Focus Sash
|-damage|p2a: Lycanroc|1/100
|
|upkeep
|turn|2
|
|move|p2a: Lycanroc|Stealth Rock|p1a: Aegislash
|-sidestart|p1: Y1theking100|move: Stealth Rock
|move|p1a: Aegislash|Flash Cannon|p2a: Lycanroc
|-supereffective|p2a: Lycanroc
|-damage|p2a: Lycanroc|0 fnt
|faint|p2a: Lycanroc
|
|upkeep
|
|switch|p2a: Aegislash|Aegislash, F|100/100
|turn|3
|inactive|Battle timer is ON: inactive players will automatically lose when time's up. (requested by Alfasenpai)
|
|switch|p1a: Tyranitar|Tyranitar, M|100/100
|-damage|p1a: Tyranitar|88/100|[from] Stealth Rock
|-weather|Sandstorm|[from] ability: Sand Stream|[of] p1a: Tyranitar
|-formechange|p2a: Aegislash|Aegislash-Blade||[from] ability: Stance Change
|move|p2a: Aegislash|Close Combat|p1a: Tyranitar
|-supereffective|p1a: Tyranitar
|-damage|p1a: Tyranitar|0 fnt
|-unboost|p2a: Aegislash|def|1
|-unboost|p2a: Aegislash|spd|1
|faint|p1a: Tyranitar
|
|-weather|Sandstorm|[upkeep]
|upkeep
|
|switch|p1a: Aegislash|Aegislash, F|100/100
|-damage|p1a: Aegislash|94/100|[from] Stealth Rock
|turn|4
|
|switch|p2a: Tyranitar|Tyranitar, F|100/100
|-formechange|p1a: Aegislash|Aegislash-Blade||[from] ability: Stance Change
|move|p1a: Aegislash|Shadow Ball|p2a: Tyranitar
|-resisted|p2a: Tyranitar
|-damage|p2a: Tyranitar|78/100
|-unboost|p2a: Tyranitar|spd|1
|
|-weather|Sandstorm|[upkeep]
|upkeep
|turn|5
|
|switch|p1a: Talonflame|Talonflame, F|100/100
|move|p2a: Tyranitar|Crunch|p1a: Talonflame
|-damage|p1a: Talonflame|44/100
|
|-weather|Sandstorm|[upkeep]
|-damage|p1a: Talonflame|38/100|[from] Sandstorm
|upkeep
|turn|6
|
|move|p1a: Talonflame|Roost|p1a: Talonflame
|-heal|p1a: Talonflame|88/100
|-singleturn|p1a: Talonflame|move: Roost
|move|p2a: Tyranitar|Rock Polish|p2a: Tyranitar
|-boost|p2a: Tyranitar|spe|2
|
|-weather|Sandstorm|[upkeep]
|-damage|p1a: Talonflame|82/100|[from] Sandstorm
|upkeep
|turn|7
|
|move|p2a: Tyranitar|Stone Edge|p1a: Talonflame|[miss]
|-miss|p2a: Tyranitar|p1a: Talonflame
|move|p1a: Talonflame|Bulk Up|p1a: Talonflame
|-boost|p1a: Talonflame|atk|1
|-boost|p1a: Talonflame|def|1
|
|-weather|none
|upkeep
|turn|8
|
|move|p2a: Tyranitar|Stone Edge|p1a: Talonflame
|-supereffective|p1a: Talonflame
|-damage|p1a: Talonflame|0 fnt
|faint|p1a: Talonflame
|
|upkeep
|
|switch|p1a: Aegislash|Aegislash, F|94/100
|-damage|p1a: Aegislash|88/100|[from] Stealth Rock
|turn|9
|
|move|p2a: Tyranitar|Crunch|p1a: Aegislash
|-supereffective|p1a: Aegislash
|-damage|p1a: Aegislash|10/100
|-formechange|p1a: Aegislash|Aegislash-Blade||[from] ability: Stance Change
|move|p1a: Aegislash|Flash Cannon|p2a: Tyranitar
|-supereffective|p2a: Tyranitar
|-damage|p2a: Tyranitar|0 fnt
|faint|p2a: Tyranitar
|
|upkeep
|
|switch|p2a: Aegislash|Aegislash, F|100/100
|turn|10
|
|switch|p1a: Blissey|Blissey, F|100/100
|-damage|p1a: Blissey|88/100|[from] Stealth Rock
|move|p2a: Aegislash|Autotomize|p2a: Aegislash
|-boost|p2a: Aegislash|spe|2
|-start|p2a: Aegislash|Autotomize
|
|-heal|p1a: Blissey|94/100|[from] item: Leftovers
|upkeep
|turn|11
|
|move|p2a: Aegislash|Swords Dance|p2a: Aegislash
|-boost|p2a: Aegislash|atk|2
|move|p1a: Blissey|Stealth Rock|p2a: Aegislash
|-sidestart|p2: Alfasenpai|move: Stealth Rock
|
|-heal|p1a: Blissey|99/100|[from] item: Leftovers
|upkeep
|turn|12
|c|☆Alfasenpai|Nice play
|c|☆Alfasenpai|Very good
|c|☆Y1theking100|thanks
|
|switch|p1a: Clawitzer|Clawitzer, F|100/100
|-damage|p1a: Clawitzer|88/100|[from] Stealth Rock
|-formechange|p2a: Aegislash|Aegislash-Blade||[from] ability: Stance Change
|move|p2a: Aegislash|Close Combat|p1a: Clawitzer
|-damage|p1a: Clawitzer|0 fnt
|-unboost|p2a: Aegislash|def|1
|-unboost|p2a: Aegislash|spd|1
|faint|p1a: Clawitzer
|
|upkeep
|
|switch|p1a: Aegislash|Aegislash, F|10/100
|-damage|p1a: Aegislash|4/100|[from] Stealth Rock
|turn|13
|
|-formechange|p1a: Aegislash|Aegislash-Blade||[from] ability: Stance Change
|move|p1a: Aegislash|Shadow Sneak|p2a: Aegislash
|-supereffective|p2a: Aegislash
|-damage|p2a: Aegislash|0 fnt
|faint|p2a: Aegislash
|
|upkeep
|
|switch|p2a: Cloyster|Cloyster, M|100/100
|-damage|p2a: Cloyster|76/100|[from] Stealth Rock
|turn|14
|
|move|p1a: Aegislash|Shadow Sneak|p2a: Cloyster
|-crit|p2a: Cloyster
|-damage|p2a: Cloyster|52/100
|move|p2a: Cloyster|Shell Smash|p2a: Cloyster
|-unboost|p2a: Cloyster|def|1
|-unboost|p2a: Cloyster|spd|1
|-boost|p2a: Cloyster|atk|2
|-boost|p2a: Cloyster|spa|2
|-boost|p2a: Cloyster|spe|2
|
|upkeep
|turn|15
|
|move|p1a: Aegislash|Shadow Sneak|p2a: Cloyster
|-damage|p2a: Cloyster|25/100
|move|p2a: Cloyster|Icicle Spear|p1a: Aegislash
|-resisted|p1a: Aegislash
|-damage|p1a: Aegislash|0 fnt
|-hitcount|p1a: Aegislash|1
|faint|p1a: Aegislash
|
|upkeep
|
|switch|p1a: Lycanroc|Lycanroc-Dusk, F|100/100
|-damage|p1a: Lycanroc|88/100|[from] Stealth Rock
|turn|16
|
|move|p1a: Lycanroc|Accelerock|p2a: Cloyster
|-supereffective|p2a: Cloyster
|-damage|p2a: Cloyster|0 fnt
|faint|p2a: Cloyster
|
|upkeep
|
|switch|p2a: Xatu|Xatu, M|100/100
|-damage|p2a: Xatu|76/100|[from] Stealth Rock
|turn|17
|
|move|p1a: Lycanroc|Swords Dance|p1a: Lycanroc
|-boost|p1a: Lycanroc|atk|2
|move|p2a: Xatu|Reflect|p2a: Xatu
|-sidestart|p2: Alfasenpai|Reflect
|
|upkeep
|turn|18
|
|move|p1a: Lycanroc|Accelerock|p2a: Xatu
|-supereffective|p2a: Xatu
|-damage|p2a: Xatu|0 fnt
|faint|p2a: Xatu
|
|upkeep
|
|switch|p2a: Toxtricity|Toxtricity, F|100/100
|-damage|p2a: Toxtricity|88/100|[from] Stealth Rock
|turn|19
|
|move|p1a: Lycanroc|Psychic Fangs|p2a: Toxtricity
|-sideend|p2: Alfasenpai|Reflect
|-supereffective|p2a: Toxtricity
|-damage|p2a: Toxtricity|0 fnt
|faint|p2a: Toxtricity
|
|win|Y1theking100
|c|☆Y1theking100|gg
|l|☆Alfasenpai
||Ladder (probably) updated, but score could not be retrieved (Request timeout).
