|j|☆DRSoupShame
|j|☆lion56789
|t:|1657614761
|gametype|singles
|player|p1|DRSoupShame|169|1353
|player|p2|lion56789|170|1455
|teamsize|p1|6
|teamsize|p2|6
|gen|8
|tier|[Gen 8] UU
|rated|
|rule|Sleep Clause Mod: Limit one foe put to sleep
|rule|Species Clause: Limit one of each Pokémon
|rule|OHKO Clause: OHKO moves are banned
|rule|Evasion Moves Clause: Evasion moves are banned
|rule|Endless Battle Clause: Forcing endless battles is banned
|rule|HP Percentage Mod: HP is shown in percentages
|rule|Dynamax Clause: You cannot dynamax
|clearpoke
|poke|p1|Hydreigon, F|
|poke|p1|Scizor, F|
|poke|p1|Keldeo-Resolute|
|poke|p1|Chansey, F|
|poke|p1|Slowking, F|
|poke|p1|Amoonguss, M|
|poke|p2|Umbreon, M|
|poke|p2|Slowbro-Galar, M|
|poke|p2|Weezing-Galar, M|
|poke|p2|Nidoqueen, F|
|poke|p2|Nihilego|
|poke|p2|Toxicroak, F|
|teampreview
|
|t:|1657614774
|start
|switch|p1a: Keldeo|Keldeo-Resolute|100/100
|switch|p2a: Slowbro|Slowbro-Galar, M|100/100
|turn|1
|-activate|p2a: Slowbro|item: Quick Claw
|
|t:|1657614780
|switch|p1a: Hydreigon|Hydreigon, F|100/100
|move|p2a: Slowbro|Shell Side Arm|p1a: Hydreigon|[anim] Shell Side Arm Special
|-damage|p1a: Hydreigon|53/100
|-hint|Special Shell Side Arm
|
|upkeep
|turn|2
|
|t:|1657614789
|switch|p2a: Weezing|Weezing-Galar, M|100/100
|move|p1a: Hydreigon|Draco Meteor|p2a: Weezing
|-immune|p2a: Weezing
|
|upkeep
|turn|3
|
|t:|1657614796
|switch|p1a: Chansey|Chansey, F|100/100
|move|p2a: Weezing|Will-O-Wisp|p1a: Chansey
|-status|p1a: Chansey|brn
|
|-damage|p1a: Chansey|94/100 brn|[from] brn
|upkeep
|turn|4
|
|t:|1657614803
|switch|p2a: Toxicroak|Toxicroak, F|100/100
|move|p1a: Chansey|Stealth Rock|p2a: Toxicroak
|-sidestart|p2: lion56789|move: Stealth Rock
|
|-damage|p1a: Chansey|88/100 brn|[from] brn
|upkeep
|turn|5
|
|t:|1657614810
|-curestatus|p1a: Chansey|brn|[from] ability: Natural Cure
|switch|p1a: Amoonguss|Amoonguss, M|100/100
|move|p2a: Toxicroak|Knock Off|p1a: Amoonguss
|-damage|p1a: Amoonguss|83/100
|-damage|p2a: Toxicroak|84/100|[from] item: Rocky Helmet|[of] p1a: Amoonguss
|-enditem|p1a: Amoonguss|Rocky Helmet|[from] move: Knock Off|[of] p2a: Toxicroak
|
|-heal|p2a: Toxicroak|90/100|[from] item: Black Sludge
|upkeep
|turn|6
|
|t:|1657614821
|switch|p2a: Nidoqueen|Nidoqueen, F|100/100
|-damage|p2a: Nidoqueen|94/100|[from] Stealth Rock
|move|p1a: Amoonguss|Spore|p2a: Nidoqueen
|-status|p2a: Nidoqueen|slp|[from] move: Spore
|
|upkeep
|turn|7
|
|t:|1657614829
|switch|p2a: Slowbro|Slowbro-Galar, M|100/100
|-damage|p2a: Slowbro|88/100|[from] Stealth Rock
|switch|p1a: Scizor|Scizor, F|100/100
|
|upkeep
|turn|8
|
|t:|1657614842
|switch|p1a: Slowking|Slowking, F|100/100
|switch|p2a: Toxicroak|Toxicroak, F|90/100
|-damage|p2a: Toxicroak|84/100|[from] Stealth Rock
|
|-heal|p2a: Toxicroak|90/100|[from] item: Black Sludge
|upkeep
|turn|9
|
|t:|1657614850
|switch|p2a: Umbreon|Umbreon, M|100/100
|-damage|p2a: Umbreon|88/100|[from] Stealth Rock
|move|p1a: Slowking|Psyshock|p2a: Umbreon
|-immune|p2a: Umbreon
|
|-heal|p2a: Umbreon|94/100|[from] item: Leftovers
|upkeep
|turn|10
|
|t:|1657614857
|move|p2a: Umbreon|Foul Play|p1a: Slowking
|-supereffective|p1a: Slowking
|-enditem|p1a: Slowking|Colbur Berry|[eat]
|-enditem|p1a: Slowking|Colbur Berry|[weaken]
|-damage|p1a: Slowking|86/100
|move|p1a: Slowking|Teleport|p1a: Slowking
|
|t:|1657614864
|switch|p1a: Scizor|Scizor, F|100/100|[from]move: Teleport
|
|-heal|p2a: Umbreon|99/100|[from] item: Leftovers
|upkeep
|turn|11
|
|t:|1657614870
|switch|p2a: Weezing|Weezing-Galar, M|100/100
|-damage|p2a: Weezing|88/100|[from] Stealth Rock
|move|p1a: Scizor|Knock Off|p2a: Weezing
|-resisted|p2a: Weezing
|-damage|p2a: Weezing|71/100
|-damage|p1a: Scizor|84/100|[from] item: Rocky Helmet|[of] p2a: Weezing
|-enditem|p2a: Weezing|Rocky Helmet|[from] move: Knock Off|[of] p1a: Scizor
|-damage|p1a: Scizor|74/100|[from] item: Life Orb
|
|upkeep
|turn|12
|
|t:|1657614881
|switch|p1a: Keldeo|Keldeo-Resolute|100/100
|move|p2a: Weezing|Defog|p1a: Keldeo
|-unboost|p1a: Keldeo|evasion|1
|-sideend|p2: lion56789|Stealth Rock|[from] move: Defog|[of] p2a: Weezing
|
|upkeep
|turn|13
|
|t:|1657614890
|switch|p2a: Umbreon|Umbreon, M|99/100
|move|p1a: Keldeo|Air Slash|p2a: Umbreon
|-damage|p2a: Umbreon|85/100
|
|-heal|p2a: Umbreon|91/100|[from] item: Leftovers
|upkeep
|turn|14
|
|t:|1657614898
|switch|p1a: Hydreigon|Hydreigon, F|53/100
|move|p2a: Umbreon|Foul Play|p1a: Hydreigon
|-resisted|p1a: Hydreigon
|-damage|p1a: Hydreigon|38/100
|
|-heal|p2a: Umbreon|97/100|[from] item: Leftovers
|upkeep
|turn|15
|
|t:|1657614906
|move|p2a: Umbreon|Protect|p2a: Umbreon
|-singleturn|p2a: Umbreon|Protect
|move|p1a: Hydreigon|Roost|p1a: Hydreigon
|-heal|p1a: Hydreigon|88/100
|-singleturn|p1a: Hydreigon|move: Roost
|
|-heal|p2a: Umbreon|100/100|[from] item: Leftovers
|upkeep
|turn|16
|j| The Benz Mafia
|
|t:|1657614913
|switch|p1a: Scizor|Scizor, F|74/100
|move|p2a: Umbreon|Wish|p2a: Umbreon
|
|upkeep
|turn|17
|
|t:|1657614920
|move|p1a: Scizor|Swords Dance|p1a: Scizor
|-boost|p1a: Scizor|atk|2
|move|p2a: Umbreon|Foul Play|p1a: Scizor
|-damage|p1a: Scizor|0 fnt
|faint|p1a: Scizor
|
|upkeep
|
|t:|1657614941
|switch|p1a: Chansey|Chansey, F|88/100
|turn|18
|
|t:|1657614946
|switch|p2a: Toxicroak|Toxicroak, F|90/100
|move|p1a: Chansey|Stealth Rock|p2a: Toxicroak
|-sidestart|p2: lion56789|move: Stealth Rock
|
|-heal|p2a: Toxicroak|96/100|[from] item: Black Sludge
|upkeep
|turn|19
|j| Lormet
|
|t:|1657614956
|switch|p1a: Amoonguss|Amoonguss, M|100/100
|move|p2a: Toxicroak|Knock Off|p1a: Amoonguss
|-damage|p1a: Amoonguss|89/100
|
|-heal|p2a: Toxicroak|100/100|[from] item: Black Sludge
|upkeep
|turn|20
|
|t:|1657614967
|move|p2a: Toxicroak|Drain Punch|p1a: Amoonguss
|-resisted|p1a: Amoonguss
|-damage|p1a: Amoonguss|78/100
|move|p1a: Amoonguss|Foul Play|p2a: Toxicroak
|-resisted|p2a: Toxicroak
|-damage|p2a: Toxicroak|86/100
|
|-heal|p2a: Toxicroak|92/100|[from] item: Black Sludge
|upkeep
|turn|21
|
|t:|1657614976
|switch|p1a: Slowking|Slowking, F|100/100
|move|p2a: Toxicroak|Bulk Up|p2a: Toxicroak
|-boost|p2a: Toxicroak|atk|1
|-boost|p2a: Toxicroak|def|1
|
|-heal|p2a: Toxicroak|99/100|[from] item: Black Sludge
|upkeep
|turn|22
|
|t:|1657614984
|switch|p2a: Umbreon|Umbreon, M|100/100
|-damage|p2a: Umbreon|88/100|[from] Stealth Rock
|move|p1a: Slowking|Psyshock|p2a: Umbreon
|-immune|p2a: Umbreon
|
|-heal|p2a: Umbreon|94/100|[from] item: Leftovers
|upkeep
|turn|23
|
|t:|1657614993
|switch|p1a: Keldeo|Keldeo-Resolute|100/100
|move|p2a: Umbreon|Foul Play|p1a: Keldeo
|-resisted|p1a: Keldeo
|-damage|p1a: Keldeo|91/100
|-ability|p1a: Keldeo|Justified|boost
|-boost|p1a: Keldeo|atk|1
|
|-heal|p2a: Umbreon|99/100|[from] item: Leftovers
|upkeep
|turn|24
|
|t:|1657615002
|move|p2a: Umbreon|Protect|p2a: Umbreon
|-singleturn|p2a: Umbreon|Protect
|move|p1a: Keldeo|Secret Sword|p2a: Umbreon
|-activate|p2a: Umbreon|move: Protect
|
|-heal|p2a: Umbreon|100/100|[from] item: Leftovers
|upkeep
|turn|25
|
|t:|1657615012
|switch|p2a: Slowbro|Slowbro-Galar, M|88/100
|-damage|p2a: Slowbro|76/100|[from] Stealth Rock
|move|p1a: Keldeo|Secret Sword|p2a: Slowbro
|-resisted|p2a: Slowbro
|-damage|p2a: Slowbro|65/100
|
|upkeep
|turn|26
|
|t:|1657615020
|switch|p1a: Chansey|Chansey, F|88/100
|move|p2a: Slowbro|Shell Side Arm|p1a: Chansey|[anim] Shell Side Arm Physical
|-damage|p1a: Chansey|68/100
|-hint|Physical Shell Side Arm
|
|upkeep
|turn|27
|
|t:|1657615026
|move|p1a: Chansey|Soft-Boiled|p1a: Chansey
|-heal|p1a: Chansey|100/100
|move|p2a: Slowbro|Slack Off|p2a: Slowbro
|-heal|p2a: Slowbro|100/100
|
|upkeep
|turn|28
|
|t:|1657615032
|switch|p2a: Nihilego|Nihilego|100/100
|-damage|p2a: Nihilego|88/100|[from] Stealth Rock
|move|p1a: Chansey|Teleport|p1a: Chansey
|
|t:|1657615044
|switch|p1a: Slowking|Slowking, F|100/100|[from]move: Teleport
|
|upkeep
|turn|29
|
|t:|1657615050
|switch|p2a: Umbreon|Umbreon, M|100/100
|-damage|p2a: Umbreon|88/100|[from] Stealth Rock
|move|p1a: Slowking|Scald|p2a: Umbreon
|-damage|p2a: Umbreon|70/100
|
|-heal|p2a: Umbreon|76/100|[from] item: Leftovers
|upkeep
|turn|30
|
|t:|1657615059
|move|p2a: Umbreon|Heal Bell|p2a: Umbreon
|-activate|p2a: Umbreon|move: Heal Bell
|-curestatus|p2: Nidoqueen|slp|[msg]
|move|p1a: Slowking|Teleport|p1a: Slowking
|
|t:|1657615073
|switch|p1a: Keldeo|Keldeo-Resolute|91/100|[from]move: Teleport
|
|-heal|p2a: Umbreon|82/100|[from] item: Leftovers
|upkeep
|turn|31
|
|t:|1657615079
|move|p2a: Umbreon|Protect|p2a: Umbreon
|-singleturn|p2a: Umbreon|Protect
|move|p1a: Keldeo|Hydro Pump|p2a: Umbreon
|-activate|p2a: Umbreon|move: Protect
|
|-heal|p2a: Umbreon|89/100|[from] item: Leftovers
|upkeep
|turn|32
|
|t:|1657615086
|move|p1a: Keldeo|Hydro Pump|p2a: Umbreon
|-damage|p2a: Umbreon|50/100
|move|p2a: Umbreon|Wish|p2a: Umbreon
|
|-heal|p2a: Umbreon|56/100|[from] item: Leftovers
|upkeep
|turn|33
|
|t:|1657615092
|switch|p1a: Hydreigon|Hydreigon, F|88/100
|move|p2a: Umbreon|Foul Play|p1a: Hydreigon
|-resisted|p1a: Hydreigon
|-damage|p1a: Hydreigon|72/100
|
|-heal|p2a: Umbreon|100/100|[from] move: Wish|[wisher] Umbreon
|upkeep
|turn|34
|
|t:|1657615102
|move|p2a: Umbreon|Protect|p2a: Umbreon
|-singleturn|p2a: Umbreon|Protect
|move|p1a: Hydreigon|Draco Meteor|p2a: Umbreon
|-activate|p2a: Umbreon|move: Protect
|
|upkeep
|turn|35
|
|t:|1657615107
|switch|p1a: Keldeo|Keldeo-Resolute|91/100
|move|p2a: Umbreon|Wish|p2a: Umbreon
|
|upkeep
|turn|36
|
|t:|1657615112
|move|p2a: Umbreon|Protect|p2a: Umbreon
|-singleturn|p2a: Umbreon|Protect
|move|p1a: Keldeo|Secret Sword|p2a: Umbreon
|-activate|p2a: Umbreon|move: Protect
|
|upkeep
|turn|37
|
|t:|1657615120
|switch|p2a: Nidoqueen|Nidoqueen, F|94/100
|-damage|p2a: Nidoqueen|88/100|[from] Stealth Rock
|move|p1a: Keldeo|Secret Sword|p2a: Nidoqueen
|-resisted|p2a: Nidoqueen
|-damage|p2a: Nidoqueen|71/100
|
|upkeep
|turn|38
|
|t:|1657615130
|switch|p1a: Chansey|Chansey, F|100/100
|move|p2a: Nidoqueen|Stealth Rock|p1a: Chansey
|-sidestart|p1: DRSoupShame|move: Stealth Rock
|
|upkeep
|turn|39
|
|t:|1657615136
|switch|p2a: Toxicroak|Toxicroak, F|99/100
|-damage|p2a: Toxicroak|92/100|[from] Stealth Rock
|move|p1a: Chansey|Seismic Toss|p2a: Toxicroak
|-damage|p2a: Toxicroak|65/100
|
|-heal|p2a: Toxicroak|72/100|[from] item: Black Sludge
|upkeep
|turn|40
|
|t:|1657615146
|move|p2a: Toxicroak|Drain Punch|p1a: Chansey
|-supereffective|p1a: Chansey
|-damage|p1a: Chansey|62/100
|-heal|p2a: Toxicroak|100/100|[from] drain|[of] p1a: Chansey
|move|p1a: Chansey|Teleport|p1a: Chansey
|
|t:|1657615152
|switch|p1a: Hydreigon|Hydreigon, F|72/100|[from]move: Teleport
|-damage|p1a: Hydreigon|60/100|[from] Stealth Rock
|
|upkeep
|turn|41
|
|t:|1657615157
|move|p1a: Hydreigon|Fire Blast|p2a: Toxicroak
|-damage|p2a: Toxicroak|28/100
|move|p2a: Toxicroak|Drain Punch|p1a: Hydreigon
|-supereffective|p1a: Hydreigon
|-damage|p1a: Hydreigon|0 fnt
|-heal|p2a: Toxicroak|54/100|[from] drain|[of] p1a: Hydreigon
|faint|p1a: Hydreigon
|
|-heal|p2a: Toxicroak|61/100|[from] item: Black Sludge
|upkeep
|-message|DRSoupShame forfeited.
|
|win|lion56789
|raw|DRSoupShame's rating: 1353 &rarr; <strong>1339</strong><br />(-14 for losing)
|raw|lion56789's rating: 1455 &rarr; <strong>1469</strong><br />(+14 for winning)
|l|☆DRSoupShame
|l| The Benz Mafia
|l|☆lion56789
