|j|☆rulky
|j|☆pif
|t:|1667246905
|gametype|singles
|player|p1|rulky|maid|1679
|player|p2|pif|102|1810
|teamsize|p1|6
|teamsize|p2|6
|gen|8
|tier|[Gen 8] UU
|rated|
|rule|Sleep Clause Mod: Limit one foe put to sleep
|rule|Species Clause: Limit one of each Pokémon
|rule|OHKO Clause: OHKO moves are banned
|rule|Evasion Items Clause: Evasion items are banned
|rule|Evasion Moves Clause: Evasion moves are banned
|rule|Endless Battle Clause: Forcing endless battles is banned
|rule|HP Percentage Mod: HP is shown in percentages
|rule|Dynamax Clause: You cannot dynamax
|clearpoke
|poke|p1|Primarina, M|
|poke|p1|Jirachi|
|poke|p1|Nidoqueen, F|
|poke|p1|Salamence, F|
|poke|p1|Zarude|
|poke|p1|Scizor, F|
|poke|p2|Toxtricity, F|
|poke|p2|Sylveon, F|
|poke|p2|Scizor, M|
|poke|p2|Hippowdon, M|
|poke|p2|Rotom-Wash|
|poke|p2|Milotic, F|
|teampreview
|j| Hatmindaria
|c| Hatmindaria|battling the UU current champion won't be easy
|c|☆rulky|Short fatty
|c|☆pif|;
|c|☆pif|i wouldnt say rulky is a champion of much
|c|☆pif|besides being toxic
|c| Hatmindaria|scizor is the only common mon
|
|t:|1667247007
|start
|switch|p1a: funky monkey|Zarude|100/100
|switch|p2a: punchy wunchy|Scizor, M|100/100
|turn|1
|c|☆rulky|Nah am gods gifts to smogon
|
|t:|1667247012
|move|p1a: funky monkey|U-turn|p2a: punchy wunchy
|-resisted|p2a: punchy wunchy
|-damage|p2a: punchy wunchy|92/100
|
|t:|1667247015
|switch|p1a: punchy wunchy|Scizor, F|100/100|[from]move: U-turn
|move|p2a: punchy wunchy|Knock Off|p1a: punchy wunchy
|-damage|p1a: punchy wunchy|76/100
|-enditem|p1a: punchy wunchy|Heavy-Duty Boots|[from] move: Knock Off|[of] p2a: punchy wunchy
|
|upkeep
|turn|2
|c|☆pif|youre a cword
|
|t:|1667247026
|move|p1a: punchy wunchy|Knock Off|p2a: punchy wunchy
|-damage|p2a: punchy wunchy|70/100
|-enditem|p2a: punchy wunchy|Heavy-Duty Boots|[from] move: Knock Off|[of] p1a: punchy wunchy
|move|p2a: punchy wunchy|U-turn|p1a: punchy wunchy
|-resisted|p1a: punchy wunchy
|-damage|p1a: punchy wunchy|64/100
|
|t:|1667247030
|switch|p2a: funky punky|Toxtricity, F|100/100|[from]move: U-turn
|
|upkeep
|turn|3
|
|t:|1667247034
|switch|p1a: inch by flinch|Jirachi|100/100
|move|p2a: funky punky|Volt Switch|p1a: inch by flinch
|-damage|p1a: inch by flinch|51/100
|
|t:|1667247041
|switch|p2a: hip(pos) dont lie|Hippowdon, M|100/100|[from]move: Volt Switch
|-weather|Sandstorm|[from] ability: Sand Stream|[of] p2a: hip(pos) dont lie
|
|-weather|Sandstorm|[upkeep]
|-heal|p1a: inch by flinch|58/100|[from] item: Leftovers
|upkeep
|turn|4
|
|t:|1667247044
|move|p1a: inch by flinch|U-turn|p2a: hip(pos) dont lie
|-damage|p2a: hip(pos) dont lie|90/100
|-damage|p1a: inch by flinch|41/100|[from] item: Rocky Helmet|[of] p2a: hip(pos) dont lie
|
|t:|1667247045
|switch|p1a: seal that squeals|Primarina, M|100/100|[from]move: U-turn
|move|p2a: hip(pos) dont lie|Stealth Rock|p1a: seal that squeals
|-sidestart|p1: rulky|move: Stealth Rock
|
|-weather|Sandstorm|[upkeep]
|-damage|p1a: seal that squeals|94/100|[from] Sandstorm
|upkeep
|turn|5
|c| Hatmindaria|huh that has to be modest
|c|☆pif|hydro you wont
|c|☆rulky|I will
|n|!rulky|rulky
|
|t:|1667247086
|switch|p2a: smekky snek|Milotic, F|100/100
|move|p1a: seal that squeals|Moonblast|p2a: smekky snek
|-damage|p2a: smekky snek|46/100
|
|-weather|Sandstorm|[upkeep]
|-damage|p2a: smekky snek|40/100|[from] Sandstorm
|-damage|p1a: seal that squeals|88/100|[from] Sandstorm
|upkeep
|turn|6
|c|☆pif|you are a c word
|
|t:|1667247096
|switch|p2a: kitty katty|Sylveon, F|100/100
|switch|p1a: punchy wunchy|Scizor, F|64/100
|-damage|p1a: punchy wunchy|51/100|[from] Stealth Rock
|
|-weather|Sandstorm|[upkeep]
|-damage|p2a: kitty katty|94/100|[from] Sandstorm
|-heal|p2a: kitty katty|100/100|[from] item: Leftovers
|upkeep
|turn|7
|
|t:|1667247100
|move|p1a: punchy wunchy|Knock Off|p2a: kitty katty
|-resisted|p2a: kitty katty
|-damage|p2a: kitty katty|85/100
|-enditem|p2a: kitty katty|Leftovers|[from] move: Knock Off|[of] p1a: punchy wunchy
|move|p2a: kitty katty|Wish|p2a: kitty katty
|
|-weather|none
|upkeep
|turn|8
|
|t:|1667247106
|switch|p2a: smekky snek|Milotic, F|40/100
|move|p1a: punchy wunchy|U-turn|p2a: smekky snek
|-damage|p2a: smekky snek|15/100
|
|t:|1667247115
|switch|p1a: queenbean 69420|Nidoqueen, F|100/100|[from]move: U-turn
|-damage|p1a: queenbean 69420|94/100|[from] Stealth Rock
|
|-heal|p2a: smekky snek|65/100|[from] move: Wish|[wisher] kitty katty
|upkeep
|turn|9
|
|t:|1667247120
|move|p1a: queenbean 69420|Sludge Wave|p2a: smekky snek
|-damage|p2a: smekky snek|25/100
|move|p2a: smekky snek|Scald|p1a: queenbean 69420
|-supereffective|p1a: queenbean 69420
|-damage|p1a: queenbean 69420|33/100
|
|upkeep
|turn|10
|
|t:|1667247125
|move|p1a: queenbean 69420|Sludge Wave|p2a: smekky snek
|-crit|p2a: smekky snek
|-damage|p2a: smekky snek|0 fnt
|faint|p2a: smekky snek
|
|upkeep
|
|t:|1667247129
|switch|p2a: funky punky|Toxtricity, F|100/100
|turn|11
|c|☆pif|pick
|
|t:|1667247136
|switch|p1a: inch by flinch|Jirachi|41/100
|-damage|p1a: inch by flinch|35/100|[from] Stealth Rock
|move|p2a: funky punky|Boomburst|p1a: inch by flinch
|-resisted|p1a: inch by flinch
|-damage|p1a: inch by flinch|0 fnt
|faint|p1a: inch by flinch
|
|upkeep
|
|t:|1667247138
|switch|p1a: funky monkey|Zarude|100/100
|-damage|p1a: funky monkey|88/100|[from] Stealth Rock
|turn|12
|c|☆pif|pick
|
|t:|1667247143
|move|p1a: funky monkey|U-turn|p2a: funky punky
|-resisted|p2a: funky punky
|-damage|p2a: funky punky|84/100
|
|t:|1667247147
|switch|p1a: punchy wunchy|Scizor, F|51/100|[from]move: U-turn
|-damage|p1a: punchy wunchy|39/100|[from] Stealth Rock
|move|p2a: funky punky|Boomburst|p1a: punchy wunchy
|-resisted|p1a: punchy wunchy
|-damage|p1a: punchy wunchy|0 fnt
|faint|p1a: punchy wunchy
|
|upkeep
|
|t:|1667247158
|switch|p1a: funky monkey|Zarude|88/100
|-damage|p1a: funky monkey|76/100|[from] Stealth Rock
|turn|13
|c|☆pif|pick
|
|t:|1667247163
|move|p1a: funky monkey|Darkest Lariat|p2a: funky punky
|-damage|p2a: funky punky|20/100
|move|p2a: funky punky|Boomburst|p1a: funky monkey
|-damage|p1a: funky monkey|0 fnt
|faint|p1a: funky monkey
|
|upkeep
|c| Hatmindaria|palossand where are you
|c| Hatmindaria|runerigusss come here
|
|t:|1667247184
|switch|p1a: airy scary|Salamence, F|100/100
|-ability|p1a: airy scary|Intimidate|boost
|-unboost|p2a: funky punky|atk|1
|turn|14
|c|☆pif|runerigussy
|
|t:|1667247213
|switch|p2a: kitty katty|Sylveon, F|85/100
|move|p1a: airy scary|Flamethrower|p2a: kitty katty
|-damage|p2a: kitty katty|72/100
|
|upkeep
|turn|15
|
|t:|1667247233
|move|p1a: airy scary|Toxic|p2a: kitty katty
|-status|p2a: kitty katty|tox
|move|p2a: kitty katty|Hyper Voice|p1a: airy scary
|-supereffective|p1a: airy scary
|-damage|p1a: airy scary|20/100
|
|-damage|p2a: kitty katty|66/100 tox|[from] psn
|upkeep
|turn|16
|
|t:|1667247250
|switch|p1a: queenbean 69420|Nidoqueen, F|33/100
|-damage|p1a: queenbean 69420|27/100|[from] Stealth Rock
|move|p2a: kitty katty|Hyper Voice|p1a: queenbean 69420
|-resisted|p1a: queenbean 69420
|-damage|p1a: queenbean 69420|6/100
|
|-damage|p2a: kitty katty|54/100 tox|[from] psn
|upkeep
|turn|17
|
|t:|1667247264
|switch|p2a: punchy wunchy|Scizor, M|70/100
|move|p1a: queenbean 69420|Stealth Rock|p2a: punchy wunchy
|-sidestart|p2: pif|move: Stealth Rock
|
|upkeep
|turn|18
|
|t:|1667247269
|move|p2a: punchy wunchy|Bullet Punch|p1a: queenbean 69420
|-damage|p1a: queenbean 69420|0 fnt
|faint|p1a: queenbean 69420
|
|upkeep
|
|t:|1667247270
|switch|p1a: seal that squeals|Primarina, M|88/100
|-damage|p1a: seal that squeals|76/100|[from] Stealth Rock
|turn|19
|
|t:|1667247275
|move|p2a: punchy wunchy|Bullet Punch|p1a: seal that squeals
|-damage|p1a: seal that squeals|38/100
|move|p1a: seal that squeals|Scald|p2a: punchy wunchy
|-damage|p2a: punchy wunchy|0 fnt
|faint|p2a: punchy wunchy
|
|upkeep
|
|t:|1667247279
|switch|p2a: funky punky|Toxtricity, F|20/100
|-damage|p2a: funky punky|7/100|[from] Stealth Rock
|turn|20
|
|t:|1667247283
|move|p2a: funky punky|Volt Switch|p1a: seal that squeals
|-supereffective|p1a: seal that squeals
|-damage|p1a: seal that squeals|0 fnt
|faint|p1a: seal that squeals
|
|t:|1667247286
|switch|p2a: wishy washy|Rotom-Wash|100/100|[from]move: Volt Switch
|-damage|p2a: wishy washy|88/100|[from] Stealth Rock
|
|upkeep
|c|☆pif|gg
|
|t:|1667247293
|switch|p1a: airy scary|Salamence, F|20/100
|-ability|p1a: airy scary|Intimidate|boost
|-unboost|p2a: wishy washy|atk|1
|turn|21
|
|t:|1667247296
|move|p2a: wishy washy|Volt Switch|p1a: airy scary
|-crit|p1a: airy scary
|-damage|p1a: airy scary|0 fnt
|faint|p1a: airy scary
|
|win|pif
|raw|rulky's rating: 1679 &rarr; <strong>1666</strong><br />(-13 for losing)
|raw|pif's rating: 1810 &rarr; <strong>1823</strong><br />(+13 for winning)
|l|!rulky
|l| Hatmindaria
||Ladder isn't responding, score probably updated but might not have (Request timeout).
