|inactive|Battle timer is ON: inactive players will automatically lose when time's up.
|j|☆Noo00b69
|j|☆Zephyyyr
|t:|1656967048
|gametype|singles
|player|p1|Noo00b69|ethan|
|player|p2|Zephyyyr|richboy|
|teamsize|p1|6
|teamsize|p2|6
|gen|8
|tier|[Gen 8] UU
|rated|Tournament battle
|rule|Sleep Clause Mod: Limit one foe put to sleep
|rule|Species Clause: Limit one of each Pokémon
|rule|OHKO Clause: OHKO moves are banned
|rule|Evasion Moves Clause: Evasion moves are banned
|rule|Endless Battle Clause: Forcing endless battles is banned
|rule|HP Percentage Mod: HP is shown in percentages
|rule|Dynamax Clause: You cannot dynamax
|rule|Blitz: Super-fast timer
|clearpoke
|poke|p1|Conkeldurr, M|
|poke|p1|Torkoal, M|
|poke|p1|Venusaur, M|
|poke|p1|Darmanitan, F|
|poke|p1|Salamence, F|
|poke|p1|Scizor, F|
|poke|p2|Toxtricity, F|
|poke|p2|Azumarill, F|
|poke|p2|Hydreigon, F|
|poke|p2|Mamoswine, F|
|poke|p2|Celesteela|
|poke|p2|Excadrill, F|
|teampreview
|
|t:|1656967050
|start
|switch|p1a: Torkoal|Torkoal, M|100/100
|switch|p2a: Excadrill|Excadrill, F|100/100
|-ability|p2a: Excadrill|Mold Breaker
|-weather|SunnyDay|[from] ability: Drought|[of] p1a: Torkoal
|turn|1
|j| UBCS Mimilucha
|
|t:|1656967053
|move|p2a: Excadrill|Earthquake|p1a: Torkoal
|-supereffective|p1a: Torkoal
|-damage|p1a: Torkoal|30/100
|move|p1a: Torkoal|Yawn|p2a: Excadrill
|-start|p2a: Excadrill|move: Yawn|[of] p1a: Torkoal
|
|-weather|SunnyDay|[upkeep]
|upkeep
|turn|2
|inactive|Zephyyyr has 10 seconds left.
|
|t:|1656967061
|switch|p2a: Hydreigon|Hydreigon, F|100/100
|switch|p1a: Darmanitan|Darmanitan, F|100/100
|
|-weather|SunnyDay|[upkeep]
|upkeep
|turn|3
|
|t:|1656967065
|move|p2a: Hydreigon|Draco Meteor|p1a: Darmanitan
|-damage|p1a: Darmanitan|4/100
|-unboost|p2a: Hydreigon|spa|2
|move|p1a: Darmanitan|Flare Blitz|p2a: Hydreigon
|-resisted|p2a: Hydreigon
|-damage|p2a: Hydreigon|30/100
|-damage|p1a: Darmanitan|0 fnt|[from] Recoil
|faint|p1a: Darmanitan
|
|-weather|SunnyDay|[upkeep]
|upkeep
|
|t:|1656967070
|switch|p1a: Conkeldurr|Conkeldurr, M|100/100
|turn|4
|j|+suloxiv ✿
|
|t:|1656967074
|move|p2a: Hydreigon|Draco Meteor|p1a: Conkeldurr
|-damage|p1a: Conkeldurr|61/100
|-unboost|p2a: Hydreigon|spa|2
|move|p1a: Conkeldurr|Facade|p2a: Hydreigon
|-damage|p2a: Hydreigon|0 fnt
|faint|p2a: Hydreigon
|
|-weather|SunnyDay|[upkeep]
|-status|p1a: Conkeldurr|brn|[from] item: Flame Orb
|upkeep
|j|+Aiyaru
|j|%pokemonisfun
|
|t:|1656967077
|switch|p2a: Azumarill|Azumarill, F|100/100
|turn|5
|
|t:|1656967080
|switch|p1a: Venusaur|Venusaur, M|100/100
|move|p2a: Azumarill|Play Rough|p1a: Venusaur
|-resisted|p1a: Venusaur
|-damage|p1a: Venusaur|65/100
|
|-weather|SunnyDay|[upkeep]
|upkeep
|turn|6
|
|t:|1656967084
|move|p1a: Venusaur|Leech Seed|p2a: Azumarill|[miss]
|-miss|p1a: Venusaur|p2a: Azumarill
|move|p2a: Azumarill|Knock Off|p1a: Venusaur
|-damage|p1a: Venusaur|13/100
|-enditem|p1a: Venusaur|Life Orb|[from] move: Knock Off|[of] p2a: Azumarill
|
|-weather|SunnyDay|[upkeep]
|upkeep
|turn|7
|
|t:|1656967086
|move|p2a: Azumarill|Aqua Jet|p1a: Venusaur
|-resisted|p1a: Venusaur
|-damage|p1a: Venusaur|6/100
|move|p1a: Venusaur|Giga Drain|p2a: Azumarill
|-supereffective|p2a: Azumarill
|-damage|p2a: Azumarill|12/100
|-heal|p1a: Venusaur|53/100|[from] drain|[of] p2a: Azumarill
|-enditem|p2a: Azumarill|Sitrus Berry|[eat]
|-heal|p2a: Azumarill|37/100|[from] item: Sitrus Berry
|
|-weather|SunnyDay|[upkeep]
|upkeep
|turn|8
|
|t:|1656967091
|switch|p2a: Excadrill|Excadrill, F|100/100
|-ability|p2a: Excadrill|Mold Breaker
|move|p1a: Venusaur|Giga Drain|p2a: Excadrill
|-damage|p2a: Excadrill|55/100
|-heal|p1a: Venusaur|78/100|[from] drain|[of] p2a: Excadrill
|
|-weather|none
|upkeep
|turn|9
|c|%pokemonisfun|jkr
|c|%pokemonisfun|WHAT
|c| UBCS Mimilucha|leech seed ??
|
|t:|1656967095
|switch|p1a: Torkoal|Torkoal, M|30/100
|-weather|SunnyDay|[from] ability: Drought|[of] p1a: Torkoal
|move|p2a: Excadrill|Stealth Rock|p1a: Torkoal
|-sidestart|p1: Noo00b69|move: Stealth Rock
|
|-weather|SunnyDay|[upkeep]
|upkeep
|turn|10
|
|t:|1656967098
|switch|p1a: Venusaur|Venusaur, M|78/100
|-damage|p1a: Venusaur|66/100|[from] Stealth Rock
|move|p2a: Excadrill|Earthquake|p1a: Venusaur
|-damage|p1a: Venusaur|0 fnt
|faint|p1a: Venusaur
|
|-weather|SunnyDay|[upkeep]
|upkeep
|c| UBCS Mimilucha|lmao
|c|%pokemonisfun|leechy
|
|t:|1656967102
|switch|p1a: Conkeldurr|Conkeldurr, M|61/100 brn
|-damage|p1a: Conkeldurr|55/100 brn|[from] Stealth Rock
|turn|11
|
|t:|1656967104
|switch|p2a: Toxtricity|Toxtricity, F|100/100
|move|p1a: Conkeldurr|Drain Punch|p2a: Toxtricity
|-resisted|p2a: Toxtricity
|-damage|p2a: Toxtricity|49/100
|-heal|p1a: Conkeldurr|73/100 brn|[from] drain|[of] p2a: Toxtricity
|
|-weather|SunnyDay|[upkeep]
|-damage|p1a: Conkeldurr|67/100 brn|[from] brn
|upkeep
|turn|12
|
|t:|1656967109
|move|p2a: Toxtricity|Boomburst|p1a: Conkeldurr
|-damage|p1a: Conkeldurr|0 fnt
|faint|p1a: Conkeldurr
|-damage|p2a: Toxtricity|39/100|[from] item: Life Orb
|
|-weather|SunnyDay|[upkeep]
|upkeep
|
|t:|1656967111
|switch|p1a: Scizor|Scizor, F|100/100
|-damage|p1a: Scizor|88/100|[from] Stealth Rock
|turn|13
|c|%pokemonisfun|boomy
|inactive|Noo00b69 has 10 seconds left.
|
|t:|1656967116
|move|p1a: Scizor|Bullet Punch|p2a: Toxtricity
|-resisted|p2a: Toxtricity
|-damage|p2a: Toxtricity|0 fnt
|faint|p2a: Toxtricity
|
|-weather|SunnyDay|[upkeep]
|upkeep
|
|t:|1656967119
|switch|p2a: Celesteela|Celesteela|100/100
|turn|14
|c|%pokemonisfun|punchy
|
|t:|1656967122
|switch|p1a: Torkoal|Torkoal, M|30/100
|-damage|p1a: Torkoal|5/100|[from] Stealth Rock
|move|p2a: Celesteela|Flamethrower|p1a: Torkoal
|-resisted|p1a: Torkoal
|-damage|p1a: Torkoal|0 fnt
|faint|p1a: Torkoal
|-ability|p2a: Celesteela|Beast Boost|boost
|-boost|p2a: Celesteela|spa|1
|
|-weather|SunnyDay|[upkeep]
|upkeep
|
|t:|1656967125
|switch|p1a: Salamence|Salamence, F|100/100
|-ability|p1a: Salamence|Intimidate|boost
|-unboost|p2a: Celesteela|atk|1
|turn|15
|inactive|Noo00b69 has 10 seconds left.
|inactive|Noo00b69 has 5 seconds left.
|-message|Noo00b69 lost due to inactivity.
|
|win|Zephyyyr
|n|☆Noo00b69|noo00b69
|n|☆Zephyyyr|zephyyyr
|n| UBCS Mimilucha|ubcsmimilucha
|n| suloxiv ✿|suloxiv
|n| Aiyaru|aiyaru
|n| pokemonisfun|pokemonisfun
