|j|☆gallademast3r
|j|☆big baz
|player|p1|gallademast3r|blackbelt-gen4dp|1384
|player|p2|big baz|ltsurge|1513
|teamsize|p1|6
|teamsize|p2|6
|gametype|singles
|gen|8
|tier|[Gen 8] UU
|rated|
|clearpoke
|poke|p1|Heracross, M|
|poke|p1|Weezing-Galar, M|
|poke|p1|Indeedee, M|
|poke|p1|Blissey, F|
|poke|p1|Rotom-Wash|
|poke|p1|Incineroar, M|
|poke|p2|Weezing-Galar, F|
|poke|p2|Umbreon, M|
|poke|p2|Aegislash, F|
|poke|p2|Pangoro, M|
|poke|p2|Kyurem|
|poke|p2|Araquanid, M|
|rule|Sleep Clause Mod: Limit one foe put to sleep
|rule|Species Clause: Limit one of each Pokémon
|rule|OHKO Clause: OHKO moves are banned
|rule|Evasion Moves Clause: Evasion moves are banned
|rule|Endless Battle Clause: Forcing endless battles is banned
|rule|HP Percentage Mod: HP is shown in percentages
|rule|Dynamax Clause: You cannot dynamax
|teampreview
|c|☆gallademast3r|gl hf
|c|☆big baz|hf
|
|start
|switch|p1a: Rotom|Rotom-Wash|100/100
|switch|p2a: Kyurem|Kyurem|100/100
|-ability|p2a: Kyurem|Pressure
|turn|1
|
|move|p1a: Rotom|Volt Switch|p2a: Kyurem
|-resisted|p2a: Kyurem
|-damage|p2a: Kyurem|86/100
|
|switch|p1a: Blissey|Blissey, F|100/100|[from]move: Volt Switch
|move|p2a: Kyurem|Freeze-Dry|p1a: Blissey
|-damage|p1a: Blissey|89/100
|
|-heal|p2a: Kyurem|92/100|[from] item: Leftovers
|-heal|p1a: Blissey|95/100|[from] item: Leftovers
|upkeep
|turn|2
|
|switch|p2a: Araquanid|Araquanid, M|100/100
|move|p1a: Blissey|Thunder Wave|p2a: Araquanid
|-status|p2a: Araquanid|par
|
|-heal|p1a: Blissey|100/100|[from] item: Leftovers
|upkeep
|turn|3
|
|switch|p1a: Rotom|Rotom-Wash|100/100
|move|p2a: Araquanid|Liquidation|p1a: Rotom
|-resisted|p1a: Rotom
|-damage|p1a: Rotom|30/100
|
|upkeep
|turn|4
|
|move|p1a: Rotom|Volt Switch|p2a: Araquanid
|-supereffective|p2a: Araquanid
|-damage|p2a: Araquanid|50/100 par
|
|switch|p1a: Weezing|Weezing-Galar, M|100/100|[from]move: Volt Switch
|-ability|p1a: Weezing|Neutralizing Gas
|cant|p2a: Araquanid|par
|
|upkeep
|turn|5
|
|switch|p2a: Umbreon|Umbreon, M|100/100
|move|p1a: Weezing|Strange Steam|p2a: Umbreon
|-supereffective|p2a: Umbreon
|-damage|p2a: Umbreon|74/100
|-start|p2a: Umbreon|confusion
|
|-heal|p2a: Umbreon|80/100|[from] item: Leftovers
|upkeep
|turn|6
|
|switch|p1a: Blissey|Blissey, F|100/100
|-activate|p2a: Umbreon|confusion
|move|p2a: Umbreon|Heal Bell|p2a: Umbreon
|-activate|p2a: Umbreon|move: Heal Bell
|-curestatus|p2: Araquanid|par|[msg]
|
|-heal|p2a: Umbreon|86/100|[from] item: Leftovers
|upkeep
|turn|7
|
|-end|p2a: Umbreon|confusion
|move|p2a: Umbreon|Wish|p2a: Umbreon
|move|p1a: Blissey|Stealth Rock|p2a: Umbreon
|-sidestart|p2: big baz|move: Stealth Rock
|
|-heal|p2a: Umbreon|92/100|[from] item: Leftovers
|upkeep
|turn|8
|
|switch|p2a: Pangoro|Pangoro, M|100/100
|-damage|p2a: Pangoro|94/100|[from] Stealth Rock
|switch|p1a: Rotom|Rotom-Wash|30/100
|
|-heal|p2a: Pangoro|100/100|[from] move: Wish|[wisher] Umbreon
|upkeep
|turn|9
|
|move|p1a: Rotom|Volt Switch|p2a: Pangoro
|-damage|p2a: Pangoro|56/100
|
|switch|p1a: Weezing|Weezing-Galar, M|100/100|[from]move: Volt Switch
|-ability|p1a: Weezing|Neutralizing Gas
|move|p2a: Pangoro|Knock Off|p1a: Weezing
|-resisted|p1a: Weezing
|-damage|p1a: Weezing|76/100
|-enditem|p1a: Weezing|Black Sludge|[from] move: Knock Off|[of] p2a: Pangoro
|
|upkeep
|turn|10
|
|switch|p2a: Umbreon|Umbreon, M|92/100
|-damage|p2a: Umbreon|80/100|[from] Stealth Rock
|move|p1a: Weezing|Strange Steam|p2a: Umbreon
|-supereffective|p2a: Umbreon
|-damage|p2a: Umbreon|49/100
|
|-heal|p2a: Umbreon|56/100|[from] item: Leftovers
|upkeep
|turn|11
|
|switch|p1a: Heracross|Heracross, M|100/100
|move|p2a: Umbreon|Wish|p2a: Umbreon
|
|-heal|p2a: Umbreon|62/100|[from] item: Leftovers
|-status|p1a: Heracross|brn|[from] item: Flame Orb
|upkeep
|turn|12
|
|switch|p2a: Weezing|Weezing-Galar, F|100/100
|-ability|p2a: Weezing|Neutralizing Gas
|-damage|p2a: Weezing|88/100|[from] Stealth Rock
|move|p1a: Heracross|Knock Off|p2a: Weezing
|-resisted|p2a: Weezing
|-damage|p2a: Weezing|83/100
|-enditem|p2a: Weezing|Black Sludge|[from] move: Knock Off|[of] p1a: Heracross
|
|-heal|p2a: Weezing|100/100|[from] move: Wish|[wisher] Umbreon
|-damage|p1a: Heracross|95/100 brn|[from] brn
|upkeep
|turn|13
|
|switch|p1a: Incineroar|Incineroar, M|100/100
|move|p2a: Weezing|Defog|p1a: Incineroar
|-unboost|p1a: Incineroar|evasion|1
|-sideend|p2: big baz|Stealth Rock|[from] move: Defog|[of] p2a: Weezing
|
|upkeep
|turn|14
|j| colbur gabin
|
|move|p1a: Incineroar|Taunt|p2a: Weezing
|-start|p2a: Weezing|move: Taunt
|move|p2a: Weezing|Sludge Bomb|p1a: Incineroar
|-damage|p1a: Incineroar|79/100
|
|upkeep
|turn|15
|
|move|p1a: Incineroar|U-turn|p2a: Weezing
|-resisted|p2a: Weezing
|-damage|p2a: Weezing|98/100
|
|switch|p1a: Blissey|Blissey, F|100/100|[from]move: U-turn
|move|p2a: Weezing|Sludge Bomb|p1a: Blissey
|-damage|p1a: Blissey|90/100
|
|-heal|p1a: Blissey|96/100|[from] item: Leftovers
|upkeep
|turn|16
|
|switch|p2a: Araquanid|Araquanid, M|50/100
|move|p1a: Blissey|Thunder Wave|p2a: Araquanid
|-status|p2a: Araquanid|par
|
|-heal|p1a: Blissey|100/100|[from] item: Leftovers
|upkeep
|turn|17
|
|switch|p1a: Weezing|Weezing-Galar, M|76/100
|-ability|p1a: Weezing|Neutralizing Gas
|cant|p2a: Araquanid|par
|
|upkeep
|turn|18
|
|switch|p2a: Umbreon|Umbreon, M|62/100
|move|p1a: Weezing|Strange Steam|p2a: Umbreon
|-supereffective|p2a: Umbreon
|-damage|p2a: Umbreon|35/100
|
|-heal|p2a: Umbreon|41/100|[from] item: Leftovers
|upkeep
|turn|19
|
|switch|p1a: Blissey|Blissey, F|100/100
|move|p2a: Umbreon|Wish|p2a: Umbreon
|
|-heal|p2a: Umbreon|47/100|[from] item: Leftovers
|upkeep
|turn|20
|inactive|Battle timer is ON: inactive players will automatically lose when time's up. (requested by gallademast3r)
|
|move|p2a: Umbreon|Heal Bell|p2a: Umbreon
|-activate|p2a: Umbreon|move: Heal Bell
|-curestatus|p2: Araquanid|par|[msg]
|move|p1a: Blissey|Stealth Rock|p2a: Umbreon
|-sidestart|p2: big baz|move: Stealth Rock
|
|-heal|p2a: Umbreon|97/100|[from] move: Wish|[wisher] Umbreon
|-heal|p2a: Umbreon|100/100|[from] item: Leftovers
|upkeep
|turn|21
|
|move|p2a: Umbreon|Wish|p2a: Umbreon
|move|p1a: Blissey|Thunder Wave|p2a: Umbreon
|-status|p2a: Umbreon|par
|-activate|p2a: Umbreon|ability: Synchronize
|-status|p1a: Blissey|par
|
|upkeep
|turn|22
|
|switch|p2a: Pangoro|Pangoro, M|56/100
|-damage|p2a: Pangoro|50/100|[from] Stealth Rock
|switch|p1a: Indeedee|Indeedee, M|100/100
|-fieldstart|move: Psychic Terrain|[from] ability: Psychic Surge|[of] p1a: Indeedee
|
|-heal|p2a: Pangoro|100/100|[from] move: Wish|[wisher] Umbreon
|upkeep
|turn|23
|
|move|p1a: Indeedee|Dazzling Gleam|p2a: Pangoro
|-supereffective|p2a: Pangoro
|-damage|p2a: Pangoro|0 fnt
|faint|p2a: Pangoro
|
|upkeep
|
|switch|p2a: Aegislash|Aegislash, F|100/100
|-damage|p2a: Aegislash|94/100|[from] Stealth Rock
|turn|24
|-message|big baz forfeited.
|
|win|gallademast3r
|l|☆big baz
|c|☆gallademast3r|but what set is this?
|l| colbur gabin
|raw|gallademast3r's rating: 1384 &rarr; <strong>1411</strong><br />(+27 for winning)
|raw|big baz's rating: 1496 &rarr; <strong>1470</strong><br />(-26 for losing)
