|j|☆gijion chilli
|j|☆ChampagneSapiTest
|player|p1|gijion chilli|103|1664
|player|p2|ChampagneSapiTest|volkner|1382
|teamsize|p1|6
|teamsize|p2|6
|gametype|singles
|gen|8
|tier|[Gen 8] UU
|rated|
|clearpoke
|poke|p1|Machamp, F|
|poke|p1|Weavile, M|
|poke|p1|Duraludon, M|
|poke|p1|Weezing-Galar, F|
|poke|p1|Doublade, M|
|poke|p1|Gardevoir, M|
|poke|p2|Avalugg, F|
|poke|p2|Inteleon, F|
|poke|p2|Gardevoir, M|
|poke|p2|Sandaconda, F|
|poke|p2|Mantine, M|
|poke|p2|Bewear, M|
|rule|Sleep Clause Mod: Limit one foe put to sleep
|rule|Species Clause: Limit one of each Pokémon
|rule|OHKO Clause: OHKO moves are banned
|rule|Evasion Moves Clause: Evasion moves are banned
|rule|Endless Battle Clause: Forcing endless battles is banned
|rule|HP Percentage Mod: HP is shown in percentages
|rule|Dynamax Clause: You cannot dynamax
|teampreview
|j|+killin'time
|c|☆gijion chilli|Hf
|
|start
|switch|p1a: Duraludon|Duraludon, M|100/100
|switch|p2a: Gardevoir|Gardevoir, M|100/100
|-ability|p2a: Gardevoir|Heavy Metal|[from] ability: Trace|[of] p1a: Duraludon
|turn|1
|
|move|p1a: Duraludon|Flash Cannon|p2a: Gardevoir
|-supereffective|p2a: Gardevoir
|-damage|p2a: Gardevoir|26/100
|move|p2a: Gardevoir|Moonblast|p1a: Duraludon
|-enditem|p1a: Duraludon|Focus Sash
|-damage|p1a: Duraludon|1/100
|
|-heal|p2a: Gardevoir|32/100|[from] item: Leftovers
|upkeep
|turn|2
|
|move|p1a: Duraludon|Stealth Rock|p2a: Gardevoir
|-sidestart|p2: ChampagneSapiTest|move: Stealth Rock
|move|p2a: Gardevoir|Moonblast|p1a: Duraludon
|-damage|p1a: Duraludon|0 fnt
|faint|p1a: Duraludon
|
|-heal|p2a: Gardevoir|38/100|[from] item: Leftovers
|upkeep
|
|switch|p1a: Machamp|Machamp, F|100/100
|turn|3
|
|switch|p2a: Sandaconda|Sandaconda, F|100/100
|-damage|p2a: Sandaconda|94/100|[from] Stealth Rock
|move|p1a: Machamp|Bullet Punch|p2a: Sandaconda
|-damage|p2a: Sandaconda|84/100
|
|-heal|p2a: Sandaconda|90/100|[from] item: Leftovers
|-status|p1a: Machamp|brn|[from] item: Flame Orb
|upkeep
|turn|4
|
|move|p1a: Machamp|Knock Off|p2a: Sandaconda
|-damage|p2a: Sandaconda|55/100
|-enditem|p2a: Sandaconda|Leftovers|[from] move: Knock Off|[of] p1a: Machamp
|move|p2a: Sandaconda|Earthquake|p1a: Machamp
|-damage|p1a: Machamp|57/100 brn
|
|-damage|p1a: Machamp|50/100 brn|[from] brn
|upkeep
|turn|5
|
|move|p1a: Machamp|Close Combat|p2a: Sandaconda
|-damage|p2a: Sandaconda|0 fnt
|-unboost|p1a: Machamp|def|1
|-unboost|p1a: Machamp|spd|1
|faint|p2a: Sandaconda
|
|-damage|p1a: Machamp|44/100 brn|[from] brn
|upkeep
|
|switch|p2a: Inteleon|Inteleon, F|100/100
|-damage|p2a: Inteleon|88/100|[from] Stealth Rock
|turn|6
|
|move|p1a: Machamp|Bullet Punch|p2a: Inteleon
|-resisted|p2a: Inteleon
|-damage|p2a: Inteleon|67/100
|move|p2a: Inteleon|Scald|p1a: Machamp
|-damage|p1a: Machamp|0 fnt
|faint|p1a: Machamp
|
|upkeep
|
|switch|p1a: Weezing|Weezing-Galar, F|100/100
|turn|7
|
|switch|p2a: Mantine|Mantine, M|100/100
|move|p1a: Weezing|Sludge Bomb|p2a: Mantine
|-damage|p2a: Mantine|81/100
|
|upkeep
|turn|8
|
|move|p1a: Weezing|Toxic|p2a: Mantine
|-status|p2a: Mantine|tox
|move|p2a: Mantine|Defog|p1a: Weezing
|-unboost|p1a: Weezing|evasion|1
|-sideend|p2: ChampagneSapiTest|Stealth Rock|[from] move: Defog|[of] p2a: Mantine
|
|-damage|p2a: Mantine|75/100 tox|[from] psn
|upkeep
|turn|9
|
|switch|p1a: Weavile|Weavile, M|100/100
|-ability|p1a: Weavile|Pressure
|move|p2a: Mantine|Scald|p1a: Weavile
|-damage|p1a: Weavile|69/100
|
|-damage|p2a: Mantine|63/100 tox|[from] psn
|upkeep
|turn|10
|
|move|p1a: Weavile|Knock Off|p2a: Mantine
|-damage|p2a: Mantine|0 fnt
|-enditem|p2a: Mantine|Heavy-Duty Boots|[from] move: Knock Off|[of] p1a: Weavile
|-damage|p1a: Weavile|59/100|[from] item: Life Orb
|faint|p2a: Mantine
|
|upkeep
|
|switch|p2a: Inteleon|Inteleon, F|67/100
|turn|11
|
|move|p1a: Weavile|Ice Shard|p2a: Inteleon
|-resisted|p2a: Inteleon
|-damage|p2a: Inteleon|44/100
|-damage|p1a: Weavile|49/100|[from] item: Life Orb
|move|p2a: Inteleon|Scald|p1a: Weavile
|-damage|p1a: Weavile|0 fnt
|faint|p1a: Weavile
|
|upkeep
|
|switch|p1a: Weezing|Weezing-Galar, F|100/100
|turn|12
|
|switch|p2a: Avalugg|Avalugg, F|100/100
|move|p1a: Weezing|Sludge Bomb|p2a: Avalugg
|-damage|p2a: Avalugg|40/100
|-status|p2a: Avalugg|psn
|
|-damage|p2a: Avalugg|28/100 psn|[from] psn
|upkeep
|turn|13
|
|move|p1a: Weezing|Sludge Bomb|p2a: Avalugg
|-damage|p2a: Avalugg|0 fnt
|faint|p2a: Avalugg
|
|upkeep
|
|switch|p2a: Bewear|Bewear, M|100/100
|turn|14
|
|move|p1a: Weezing|Strange Steam|p2a: Bewear
|-supereffective|p2a: Bewear
|-damage|p2a: Bewear|37/100
|move|p2a: Bewear|Bulk Up|p2a: Bewear
|-boost|p2a: Bewear|atk|1
|-boost|p2a: Bewear|def|1
|
|-heal|p2a: Bewear|43/100|[from] item: Leftovers
|upkeep
|turn|15
|-message|ChampagneSapiTest forfeited.
|
|win|gijion chilli
|l|☆ChampagneSapiTest
|c|☆gijion chilli|Gg
|raw|gijion chilli's rating: 1664 &rarr; <strong>1670</strong><br />(+6 for winning)
|raw|ChampagneSapiTest's rating: 1382 &rarr; <strong>1375</strong><br />(-7 for losing)
