|j|☆Lady Writer ❀
|j|☆HaxxLR
|inactive|Battle timer is ON: inactive players will automatically lose when time's up.
|t:|1649264896
|gametype|singles
|player|p1|Lady Writer ❀|klara|
|player|p2|HaxxLR|grimsley|
|teamsize|p1|6
|teamsize|p2|6
|gen|8
|tier|[Gen 8] UU
|rated|Tournament battle
|rule|Sleep Clause Mod: Limit one foe put to sleep
|rule|Species Clause: Limit one of each Pokémon
|rule|OHKO Clause: OHKO moves are banned
|rule|Evasion Moves Clause: Evasion moves are banned
|rule|Endless Battle Clause: Forcing endless battles is banned
|rule|HP Percentage Mod: HP is shown in percentages
|rule|Dynamax Clause: You cannot dynamax
|clearpoke
|poke|p1|Roserade, M|
|poke|p1|Mandibuzz, F|
|poke|p1|Mamoswine, F|
|poke|p1|Cobalion|
|poke|p1|Slowking, F|
|poke|p1|Azelf|
|poke|p2|Azelf|
|poke|p2|Hydreigon, M|
|poke|p2|Swampert, F|
|poke|p2|Scizor, F|
|poke|p2|Tapu Bulu|
|poke|p2|Rotom-Heat|
|teampreview
|j|*Lady Monita ✿
|inactive|Lady Writer ❀ also wants the timer to be on.
|inactive|Lady Writer ❀ has 120 seconds left.
|inactive|HaxxLR has 120 seconds left.
|inactive|HaxxLR has 90 seconds left.
|
|t:|1649264965
|start
|switch|p1a: Mandibuzz|Mandibuzz, F|100/100
|switch|p2a: Rotom|Rotom-Heat|100/100
|turn|1
|
|t:|1649264990
|move|p2a: Rotom|Volt Switch|p1a: Mandibuzz
|-supereffective|p1a: Mandibuzz
|-damage|p1a: Mandibuzz|59/100
|inactive|HaxxLR has 120 seconds left.
|
|t:|1649265022
|switch|p2a: Hydreigon|Hydreigon, M|100/100|[from]move: Volt Switch
|move|p1a: Mandibuzz|Knock Off|p2a: Hydreigon
|-resisted|p2a: Hydreigon
|-damage|p2a: Hydreigon|87/100
|-enditem|p2a: Hydreigon|Choice Specs|[from] move: Knock Off|[of] p1a: Mandibuzz
|
|upkeep
|turn|2
|inactive|Lady Writer ❀ has 120 seconds left.
|
|t:|1649265080
|move|p2a: Hydreigon|Draco Meteor|p1a: Mandibuzz
|-damage|p1a: Mandibuzz|0 fnt
|-unboost|p2a: Hydreigon|spa|2
|faint|p1a: Mandibuzz
|
|upkeep
|
|t:|1649265089
|switch|p1a: Cobalion|Cobalion|100/100
|turn|3
|
|t:|1649265105
|switch|p2a: Swampert|Swampert, F|100/100
|move|p1a: Cobalion|Stealth Rock|p2a: Swampert
|-sidestart|p2: HaxxLR|move: Stealth Rock
|
|upkeep
|turn|4
|
|t:|1649265120
|switch|p1a: Roserade|Roserade, M|100/100
|move|p2a: Swampert|Flip Turn|p1a: Roserade
|-resisted|p1a: Roserade
|-damage|p1a: Roserade|83/100
|inactive|HaxxLR has 90 seconds left.
|
|t:|1649265137
|switch|p2a: Hydreigon|Hydreigon, M|87/100|[from]move: Flip Turn
|-damage|p2a: Hydreigon|74/100|[from] Stealth Rock
|
|-heal|p1a: Roserade|89/100|[from] item: Black Sludge
|upkeep
|turn|5
|
|t:|1649265144
|move|p2a: Hydreigon|Flamethrower|p1a: Roserade
|-supereffective|p1a: Roserade
|-damage|p1a: Roserade|40/100
|move|p1a: Roserade|Stun Spore|p2a: Hydreigon
|-status|p2a: Hydreigon|par
|
|-heal|p1a: Roserade|46/100|[from] item: Black Sludge
|upkeep
|turn|6
|inactive|HaxxLR has 90 seconds left.
|
|t:|1649265160
|move|p1a: Roserade|Synthesis|p1a: Roserade
|-heal|p1a: Roserade|96/100
|move|p2a: Hydreigon|Flamethrower|p1a: Roserade
|-supereffective|p1a: Roserade
|-damage|p1a: Roserade|46/100
|
|-heal|p1a: Roserade|53/100|[from] item: Black Sludge
|upkeep
|turn|7
|
|t:|1649265169
|move|p1a: Roserade|Synthesis|p1a: Roserade
|-heal|p1a: Roserade|100/100
|move|p2a: Hydreigon|U-turn|p1a: Roserade
|-damage|p1a: Roserade|78/100
|
|t:|1649265179
|switch|p2a: Azelf|Azelf|100/100|[from]move: U-turn
|-damage|p2a: Azelf|88/100|[from] Stealth Rock
|
|-heal|p1a: Roserade|84/100|[from] item: Black Sludge
|upkeep
|turn|8
|
|t:|1649265192
|switch|p1a: Slowking|Slowking, F|100/100
|move|p2a: Azelf|U-turn|p1a: Slowking
|-supereffective|p1a: Slowking
|-damage|p1a: Slowking|72/100
|inactive|HaxxLR has 90 seconds left.
|
|t:|1649265208
|switch|p2a: Hydreigon|Hydreigon, M|74/100 par|[from]move: U-turn
|-damage|p2a: Hydreigon|62/100 par|[from] Stealth Rock
|
|upkeep
|turn|9
|inactive|HaxxLR has 90 seconds left.
|
|t:|1649265235
|switch|p1a: Roserade|Roserade, M|84/100
|move|p2a: Hydreigon|Draco Meteor|p1a: Roserade|[miss]
|-miss|p2a: Hydreigon|p1a: Roserade
|
|-heal|p1a: Roserade|90/100|[from] item: Black Sludge
|upkeep
|turn|10
|
|t:|1649265243
|move|p1a: Roserade|Sludge Bomb|p2a: Hydreigon
|-damage|p2a: Hydreigon|11/100 par
|cant|p2a: Hydreigon|par
|
|-heal|p1a: Roserade|96/100|[from] item: Black Sludge
|upkeep
|turn|11
|
|t:|1649265265
|switch|p2a: Scizor|Scizor, F|100/100
|move|p1a: Roserade|Spikes|p2a: Scizor
|-sidestart|p2: HaxxLR|Spikes
|
|-heal|p1a: Roserade|100/100|[from] item: Black Sludge
|upkeep
|turn|12
|
|t:|1649265271
|switch|p1a: Cobalion|Cobalion|100/100
|move|p2a: Scizor|U-turn|p1a: Cobalion
|-resisted|p1a: Cobalion
|-damage|p1a: Cobalion|92/100
|-damage|p2a: Scizor|84/100|[from] item: Rocky Helmet|[of] p1a: Cobalion
|
|t:|1649265283
|switch|p2a: Azelf|Azelf|88/100|[from]move: U-turn
|-damage|p2a: Azelf|76/100|[from] Stealth Rock
|
|upkeep
|turn|13
|
|t:|1649265290
|switch|p1a: Slowking|Slowking, F|100/100
|move|p2a: Azelf|Flamethrower|p1a: Slowking
|-resisted|p1a: Slowking
|-damage|p1a: Slowking|89/100
|-status|p1a: Slowking|brn
|
|-damage|p1a: Slowking|83/100 brn|[from] brn
|upkeep
|turn|14
|
|t:|1649265315
|move|p2a: Azelf|U-turn|p1a: Slowking
|-supereffective|p1a: Slowking
|-damage|p1a: Slowking|53/100 brn
|
|t:|1649265324
|switch|p2a: Swampert|Swampert, F|100/100|[from]move: U-turn
|-damage|p2a: Swampert|88/100|[from] Spikes
|-damage|p2a: Swampert|82/100|[from] Stealth Rock
|move|p1a: Slowking|Teleport|p1a: Slowking
|
|t:|1649265328
|switch|p1a: Azelf|Azelf|100/100|[from]move: Teleport
|
|-heal|p2a: Swampert|88/100|[from] item: Leftovers
|upkeep
|turn|15
|
|t:|1649265337
|switch|p2a: Hydreigon|Hydreigon, M|11/100 par
|-damage|p2a: Hydreigon|0 fnt|[from] Stealth Rock
|faint|p2a: Hydreigon
|move|p1a: Azelf|Energy Ball|p2: Hydreigon|[notarget]
|-fail|p1a: Azelf
|
|upkeep
|
|t:|1649265353
|switch|p2a: Tapu Bulu|Tapu Bulu|100/100
|-fieldstart|move: Grassy Terrain|[from] ability: Grassy Surge|[of] p2a: Tapu Bulu
|turn|16
|
|t:|1649265366
|move|p1a: Azelf|U-turn|p2a: Tapu Bulu
|-damage|p2a: Tapu Bulu|87/100
|
|t:|1649265368
|switch|p1a: Roserade|Roserade, M|100/100|[from]move: U-turn
|move|p2a: Tapu Bulu|Horn Leech|p1a: Roserade
|-resisted|p1a: Roserade
|-damage|p1a: Roserade|83/100
|-heal|p2a: Tapu Bulu|95/100|[from] drain|[of] p1a: Roserade
|
|-heal|p1a: Roserade|89/100|[from] Grassy Terrain
|-heal|p1a: Roserade|96/100|[from] item: Black Sludge
|-heal|p2a: Tapu Bulu|100/100|[from] Grassy Terrain
|upkeep
|turn|17
|
|t:|1649265376
|switch|p2a: Rotom|Rotom-Heat|100/100
|move|p1a: Roserade|Spikes|p2a: Rotom
|-sidestart|p2: HaxxLR|Spikes
|
|-heal|p1a: Roserade|100/100|[from] Grassy Terrain
|upkeep
|turn|18
|
|t:|1649265382
|move|p2a: Rotom|Defog|p1a: Roserade
|-unboost|p1a: Roserade|evasion|1
|-sideend|p2: HaxxLR|Spikes|[from] move: Defog|[of] p2a: Rotom
|-sideend|p2: HaxxLR|Stealth Rock|[from] move: Defog|[of] p2a: Rotom
|-fieldend|move: Grassy Terrain
|move|p1a: Roserade|Sludge Bomb|p2a: Rotom
|-damage|p2a: Rotom|57/100
|
|upkeep
|turn|19
|
|t:|1649265397
|move|p2a: Rotom|Volt Switch|p1a: Roserade
|-resisted|p1a: Roserade
|-damage|p1a: Roserade|89/100
|
|t:|1649265401
|switch|p2a: Scizor|Scizor, F|84/100|[from]move: Volt Switch
|move|p1a: Roserade|Synthesis|p1a: Roserade
|-heal|p1a: Roserade|100/100
|
|upkeep
|turn|20
|inactive|HaxxLR has 90 seconds left.
|
|t:|1649265408
|switch|p1a: Cobalion|Cobalion|92/100
|move|p2a: Scizor|U-turn|p1a: Cobalion
|-resisted|p1a: Cobalion
|-damage|p1a: Cobalion|84/100
|-damage|p2a: Scizor|68/100|[from] item: Rocky Helmet|[of] p1a: Cobalion
|inactive|HaxxLR has 90 seconds left.
|j| DOOR MONEY
|
|t:|1649265425
|switch|p2a: Azelf|Azelf|76/100|[from]move: U-turn
|
|upkeep
|turn|21
|
|t:|1649265432
|move|p2a: Azelf|Energy Ball|p1a: Cobalion
|-resisted|p1a: Cobalion
|-damage|p1a: Cobalion|63/100
|move|p1a: Cobalion|Stealth Rock|p2a: Azelf
|-sidestart|p2: HaxxLR|move: Stealth Rock
|
|upkeep
|turn|22
|inactive|HaxxLR has 90 seconds left.
|c| DOOR MONEY|woo go lady writer
|
|t:|1649265448
|switch|p1a: Slowking|Slowking, F|86/100 brn
|move|p2a: Azelf|Energy Ball|p1a: Slowking
|-supereffective|p1a: Slowking
|-damage|p1a: Slowking|24/100 brn
|
|-damage|p1a: Slowking|18/100 brn|[from] brn
|upkeep
|turn|23
|
|t:|1649265466
|switch|p1a: Cobalion|Cobalion|63/100
|move|p2a: Azelf|Energy Ball|p1a: Cobalion
|-resisted|p1a: Cobalion
|-damage|p1a: Cobalion|42/100
|
|upkeep
|turn|24
|
|t:|1649265478
|switch|p1a: Slowking|Slowking, F|51/100 brn
|move|p2a: Azelf|Flamethrower|p1a: Slowking
|-resisted|p1a: Slowking
|-damage|p1a: Slowking|39/100 brn
|
|-damage|p1a: Slowking|33/100 brn|[from] brn
|upkeep
|turn|25
|inactive|HaxxLR has 90 seconds left.
|
|t:|1649265488
|switch|p1a: Roserade|Roserade, M|100/100
|move|p2a: Azelf|Flamethrower|p1a: Roserade
|-supereffective|p1a: Roserade
|-damage|p1a: Roserade|36/100
|
|-heal|p1a: Roserade|42/100|[from] item: Black Sludge
|upkeep
|turn|26
|inactive|HaxxLR has 90 seconds left.
|
|t:|1649265499
|move|p2a: Azelf|Flamethrower|p1a: Roserade
|-supereffective|p1a: Roserade
|-damage|p1a: Roserade|0 fnt
|faint|p1a: Roserade
|
|upkeep
|
|t:|1649265504
|switch|p1a: Azelf|Azelf|100/100
|turn|27
|inactive|HaxxLR has 90 seconds left.
|
|t:|1649265523
|switch|p2a: Tapu Bulu|Tapu Bulu|100/100
|-fieldstart|move: Grassy Terrain|[from] ability: Grassy Surge|[of] p2a: Tapu Bulu
|move|p1a: Azelf|U-turn|p2a: Tapu Bulu
|-damage|p2a: Tapu Bulu|85/100
|
|t:|1649265532
|switch|p1a: Mamoswine|Mamoswine, F|100/100|[from]move: U-turn
|
|-heal|p2a: Tapu Bulu|92/100|[from] Grassy Terrain
|upkeep
|turn|28
|l| DOOR MONEY
|
|t:|1649265540
|move|p1a: Mamoswine|Icicle Crash|p2a: Tapu Bulu
|-supereffective|p2a: Tapu Bulu
|-damage|p2a: Tapu Bulu|2/100
|move|p2a: Tapu Bulu|Horn Leech|p1a: Mamoswine
|-supereffective|p1a: Mamoswine
|-damage|p1a: Mamoswine|2/100
|-heal|p2a: Tapu Bulu|54/100|[from] drain|[of] p1a: Mamoswine
|
|-heal|p1a: Mamoswine|8/100|[from] Grassy Terrain
|-heal|p2a: Tapu Bulu|60/100|[from] Grassy Terrain
|upkeep
|turn|29
|
|t:|1649265551
|switch|p2a: Rotom|Rotom-Heat|57/100
|move|p1a: Mamoswine|Icicle Crash|p2a: Rotom|[miss]
|-miss|p1a: Mamoswine|p2a: Rotom
|
|-heal|p1a: Mamoswine|14/100|[from] Grassy Terrain
|upkeep
|turn|30
|inactive|HaxxLR has 90 seconds left.
|
|t:|1649265566
|switch|p1a: Slowking|Slowking, F|66/100 brn
|move|p2a: Rotom|Volt Switch|p1a: Slowking
|-supereffective|p1a: Slowking
|-damage|p1a: Slowking|24/100 brn
|inactive|HaxxLR has 90 seconds left.
|
|t:|1649265575
|switch|p2a: Azelf|Azelf|76/100|[from]move: Volt Switch
|-damage|p2a: Azelf|63/100|[from] Stealth Rock
|
|-heal|p1a: Slowking|30/100 brn|[from] Grassy Terrain
|-damage|p1a: Slowking|24/100 brn|[from] brn
|upkeep
|turn|31
|inactive|HaxxLR has 90 seconds left.
|
|t:|1649265587
|move|p2a: Azelf|Energy Ball|p1a: Slowking
|-supereffective|p1a: Slowking
|-damage|p1a: Slowking|0 fnt
|faint|p1a: Slowking
|
|-fieldend|move: Grassy Terrain
|upkeep
|
|t:|1649265589
|switch|p1a: Azelf|Azelf|100/100
|turn|32
|inactive|HaxxLR has 90 seconds left.
|
|t:|1649265605
|switch|p2a: Tapu Bulu|Tapu Bulu|60/100
|-fieldstart|move: Grassy Terrain|[from] ability: Grassy Surge|[of] p2a: Tapu Bulu
|move|p1a: Azelf|U-turn|p2a: Tapu Bulu
|-damage|p2a: Tapu Bulu|47/100
|
|t:|1649265615
|switch|p1a: Mamoswine|Mamoswine, F|14/100|[from]move: U-turn
|
|-heal|p1a: Mamoswine|20/100|[from] Grassy Terrain
|-heal|p2a: Tapu Bulu|53/100|[from] Grassy Terrain
|upkeep
|turn|33
|
|t:|1649265627
|switch|p2a: Rotom|Rotom-Heat|57/100
|move|p1a: Mamoswine|Icicle Crash|p2a: Rotom
|-resisted|p2a: Rotom
|-damage|p2a: Rotom|26/100
|
|-heal|p1a: Mamoswine|26/100|[from] Grassy Terrain
|upkeep
|turn|34
|
|t:|1649265637
|move|p2a: Rotom|Overheat|p1a: Mamoswine|[miss]
|-miss|p2a: Rotom|p1a: Mamoswine
|move|p1a: Mamoswine|Knock Off|p2a: Rotom
|-damage|p2a: Rotom|0 fnt
|-enditem|p2a: Rotom|Heavy-Duty Boots|[from] move: Knock Off|[of] p1a: Mamoswine
|faint|p2a: Rotom
|
|-heal|p1a: Mamoswine|32/100|[from] Grassy Terrain
|upkeep
|inactive|HaxxLR has 90 seconds left.
|
|t:|1649265659
|switch|p2a: Swampert|Swampert, F|88/100
|-damage|p2a: Swampert|82/100|[from] Stealth Rock
|turn|35
|
|t:|1649265665
|move|p1a: Mamoswine|Icicle Crash|p2a: Swampert
|-damage|p2a: Swampert|25/100
|move|p2a: Swampert|Flip Turn|p1a: Mamoswine
|-supereffective|p1a: Mamoswine
|-damage|p1a: Mamoswine|0 fnt
|faint|p1a: Mamoswine
|
|t:|1649265674
|switch|p2a: Azelf|Azelf|63/100|[from]move: Flip Turn
|-damage|p2a: Azelf|51/100|[from] Stealth Rock
|
|upkeep
|
|t:|1649265676
|switch|p1a: Azelf|Azelf|100/100
|turn|36
|
|t:|1649265686
|switch|p2a: Swampert|Swampert, F|25/100
|-damage|p2a: Swampert|19/100|[from] Stealth Rock
|move|p1a: Azelf|U-turn|p2a: Swampert
|-damage|p2a: Swampert|4/100
|
|t:|1649265688
|switch|p1a: Cobalion|Cobalion|42/100|[from]move: U-turn
|
|-heal|p1a: Cobalion|48/100|[from] Grassy Terrain
|-heal|p2a: Swampert|10/100|[from] Grassy Terrain
|-heal|p2a: Swampert|16/100|[from] item: Leftovers
|-fieldend|move: Grassy Terrain
|upkeep
|turn|37
|
|t:|1649265697
|move|p1a: Cobalion|Close Combat|p2a: Swampert
|-damage|p2a: Swampert|0 fnt
|-unboost|p1a: Cobalion|def|1
|-unboost|p1a: Cobalion|spd|1
|faint|p2a: Swampert
|
|upkeep
|
|t:|1649265700
|switch|p2a: Azelf|Azelf|51/100
|-damage|p2a: Azelf|39/100|[from] Stealth Rock
|turn|38
|
|t:|1649265705
|move|p2a: Azelf|Flamethrower|p1a: Cobalion
|-supereffective|p1a: Cobalion
|-damage|p1a: Cobalion|0 fnt
|faint|p1a: Cobalion
|
|upkeep
|
|t:|1649265706
|switch|p1a: Azelf|Azelf|100/100
|turn|39
|
|t:|1649265722
|move|p2a: Azelf|U-turn|p1a: Azelf
|-supereffective|p1a: Azelf
|-damage|p1a: Azelf|31/100
|c|☆Lady Writer ❀|as
|c|☆Lady Writer ❀|if
|c|☆Lady Writer ❀|lmao
|
|t:|1649265725
|switch|p2a: Tapu Bulu|Tapu Bulu|53/100|[from]move: U-turn
|-fieldstart|move: Grassy Terrain|[from] ability: Grassy Surge|[of] p2a: Tapu Bulu
|move|p1a: Azelf|Flamethrower|p2a: Tapu Bulu
|-supereffective|p2a: Tapu Bulu
|-damage|p2a: Tapu Bulu|0 fnt
|faint|p2a: Tapu Bulu
|
|upkeep
|
|t:|1649265734
|switch|p2a: Scizor|Scizor, F|68/100
|turn|40
|c|☆Lady Writer ❀|literally have never won an azelf on azelf speed tie
|-message|Lady Writer ❀ forfeited.
|
|win|HaxxLR
|n|☆Lady Writer ❀|ladywriter
|n|☆HaxxLR|haxxlr
|n|*Lady Monita ✿|ladymonita
|l|*Lady Monita ✿
|l|☆Lady Writer ❀
