|j|☆swedishboy69
|j|☆Xyllia
|t:|1667521109
|gametype|singles
|player|p1|swedishboy69|n|
|player|p2|Xyllia|dawn-gen4pt|
|teamsize|p1|6
|teamsize|p2|6
|gen|8
|tier|[Gen 8] UU
|rated|Tournament battle
|rule|Sleep Clause Mod: Limit one foe put to sleep
|rule|Species Clause: Limit one of each Pokémon
|rule|OHKO Clause: OHKO moves are banned
|rule|Evasion Items Clause: Evasion items are banned
|rule|Evasion Moves Clause: Evasion moves are banned
|rule|Endless Battle Clause: Forcing endless battles is banned
|rule|HP Percentage Mod: HP is shown in percentages
|rule|Dynamax Clause: You cannot dynamax
|clearpoke
|poke|p1|Conkeldurr, F|
|poke|p1|Hatterene, F|
|poke|p1|Moltres|
|poke|p1|Hippowdon, F|
|poke|p1|Slowking, M|
|poke|p1|Jirachi|
|poke|p2|Hydreigon, F|
|poke|p2|Cobalion|
|poke|p2|Tangrowth, M|
|poke|p2|Rotom-Wash|
|poke|p2|Diggersby, F|
|poke|p2|Crobat, F|
|teampreview
|inactive|Battle timer is ON: inactive players will automatically lose when time's up. (requested by Xyllia)
|j|+romanji ≛
|
|t:|1667521132
|start
|switch|p1a: Jirachi|Jirachi|100/100
|switch|p2a: Hydreigon|Hydreigon, F|100/100
|turn|1
|j| Appleking123
|
|t:|1667521149
|move|p1a: Jirachi|U-turn|p2a: Hydreigon
|-supereffective|p2a: Hydreigon
|-damage|p2a: Hydreigon|56/100
|
|t:|1667521153
|switch|p1a: Conkeldurr|Conkeldurr, F|100/100|[from]move: U-turn
|move|p2a: Hydreigon|Dark Pulse|p1a: Conkeldurr
|-resisted|p1a: Conkeldurr
|-damage|p1a: Conkeldurr|55/100
|
|-status|p1a: Conkeldurr|brn|[from] item: Flame Orb
|upkeep
|turn|2
|
|t:|1667521169
|switch|p2a: Cobalion|Cobalion|100/100
|switch|p1a: Moltres|Moltres|100/100
|
|upkeep
|turn|3
|
|t:|1667521174
|switch|p2a: Rotom|Rotom-Wash|100/100
|move|p1a: Moltres|Flamethrower|p2a: Rotom
|-resisted|p2a: Rotom
|-damage|p2a: Rotom|75/100
|
|-heal|p2a: Rotom|81/100|[from] item: Leftovers
|upkeep
|turn|4
|
|t:|1667521184
|move|p1a: Moltres|U-turn|p2a: Rotom
|-damage|p2a: Rotom|66/100
|
|t:|1667521190
|switch|p1a: Jirachi|Jirachi|100/100|[from]move: U-turn
|move|p2a: Rotom|Volt Switch|p1a: Jirachi
|-damage|p1a: Jirachi|75/100
|
|t:|1667521193
|switch|p2a: Cobalion|Cobalion|100/100|[from]move: Volt Switch
|
|upkeep
|turn|5
|
|t:|1667521199
|move|p1a: Jirachi|Fire Punch|p2a: Cobalion
|-supereffective|p2a: Cobalion
|-damage|p2a: Cobalion|63/100
|-damage|p1a: Jirachi|58/100|[from] item: Rocky Helmet|[of] p2a: Cobalion
|move|p2a: Cobalion|Swords Dance|p2a: Cobalion
|-boost|p2a: Cobalion|atk|2
|
|upkeep
|turn|6
|
|t:|1667521209
|switch|p1a: Hatterene|Hatterene, F|100/100
|move|p2a: Cobalion|Stealth Rock|p1a: Hatterene
|move|p1a: Hatterene|Stealth Rock|p2a: Cobalion|[from]ability: Magic Bounce
|-sidestart|p2: Xyllia|move: Stealth Rock
|
|upkeep
|turn|7
|
|t:|1667521212
|switch|p1a: Moltres|Moltres|100/100
|move|p2a: Cobalion|Iron Head|p1a: Moltres
|-resisted|p1a: Moltres
|-damage|p1a: Moltres|63/100
|
|upkeep
|turn|8
|
|t:|1667521219
|move|p2a: Cobalion|Stealth Rock|p1a: Moltres
|-sidestart|p1: swedishboy69|move: Stealth Rock
|move|p1a: Moltres|Flamethrower|p2a: Cobalion
|-supereffective|p2a: Cobalion
|-damage|p2a: Cobalion|0 fnt
|faint|p2a: Cobalion
|
|upkeep
|
|t:|1667521223
|switch|p2a: Rotom|Rotom-Wash|66/100
|-damage|p2a: Rotom|54/100|[from] Stealth Rock
|turn|9
|
|t:|1667521230
|move|p1a: Moltres|Roost|p1a: Moltres
|-heal|p1a: Moltres|100/100
|-singleturn|p1a: Moltres|move: Roost
|move|p2a: Rotom|Volt Switch|p1a: Moltres
|-damage|p1a: Moltres|69/100
|
|t:|1667521236
|switch|p2a: Tangrowth|Tangrowth, M|100/100|[from]move: Volt Switch
|-damage|p2a: Tangrowth|88/100|[from] Stealth Rock
|
|upkeep
|turn|10
|
|t:|1667521240
|move|p1a: Moltres|U-turn|p2a: Tangrowth
|-supereffective|p2a: Tangrowth
|-damage|p2a: Tangrowth|70/100
|
|t:|1667521249
|switch|p1a: Hatterene|Hatterene, F|100/100|[from]move: U-turn
|-damage|p1a: Hatterene|88/100|[from] Stealth Rock
|move|p2a: Tangrowth|Knock Off|p1a: Hatterene
|-damage|p1a: Hatterene|72/100
|-enditem|p1a: Hatterene|Leftovers|[from] move: Knock Off|[of] p2a: Tangrowth
|
|upkeep
|turn|11
|inactive|Xyllia has 120 seconds left.
|
|t:|1667521290
|move|p2a: Tangrowth|Sludge Bomb|p1a: Hatterene
|-supereffective|p1a: Hatterene
|-damage|p1a: Hatterene|25/100
|move|p1a: Hatterene|Draining Kiss|p2a: Tangrowth
|-damage|p2a: Tangrowth|53/100
|-heal|p1a: Hatterene|41/100|[from] drain|[of] p2a: Tangrowth
|
|upkeep
|turn|12
|
|t:|1667521297
|move|p2a: Tangrowth|Power Whip|p1a: Hatterene|[miss]
|-miss|p2a: Tangrowth|p1a: Hatterene
|move|p1a: Hatterene|Mystical Fire|p2a: Tangrowth
|-supereffective|p2a: Tangrowth
|-damage|p2a: Tangrowth|19/100
|-unboost|p2a: Tangrowth|spa|1
|
|upkeep
|turn|13
|inactive|Xyllia has 120 seconds left.
|
|t:|1667521315
|switch|p1a: Jirachi|Jirachi|58/100
|-damage|p1a: Jirachi|52/100|[from] Stealth Rock
|move|p2a: Tangrowth|Power Whip|p1a: Jirachi
|-resisted|p1a: Jirachi
|-damage|p1a: Jirachi|30/100
|
|upkeep
|turn|14
|
|t:|1667521318
|switch|p2a: Crobat|Crobat, F|100/100
|move|p1a: Jirachi|U-turn|p2a: Crobat
|-resisted|p2a: Crobat
|-damage|p2a: Crobat|94/100
|
|t:|1667521325
|switch|p1a: Slowking|Slowking, M|100/100|[from]move: U-turn
|-damage|p1a: Slowking|88/100|[from] Stealth Rock
|
|upkeep
|turn|15
|
|t:|1667521333
|move|p2a: Crobat|U-turn|p1a: Slowking
|-supereffective|p1a: Slowking
|-damage|p1a: Slowking|58/100
|
|t:|1667521336
|switch|p2a: Hydreigon|Hydreigon, F|56/100|[from]move: U-turn
|-damage|p2a: Hydreigon|44/100|[from] Stealth Rock
|move|p1a: Slowking|Scald|p2a: Hydreigon
|-resisted|p2a: Hydreigon
|-damage|p2a: Hydreigon|27/100
|-status|p2a: Hydreigon|brn
|
|-damage|p2a: Hydreigon|20/100 brn|[from] brn
|upkeep
|turn|16
|
|t:|1667521349
|switch|p1a: Hippowdon|Hippowdon, F|100/100
|-damage|p1a: Hippowdon|94/100|[from] Stealth Rock
|-weather|Sandstorm|[from] ability: Sand Stream|[of] p1a: Hippowdon
|move|p2a: Hydreigon|Draco Meteor|p1a: Hippowdon
|-damage|p1a: Hippowdon|9/100
|-unboost|p2a: Hydreigon|spa|2
|
|-weather|Sandstorm|[upkeep]
|-damage|p2a: Hydreigon|14/100 brn|[from] Sandstorm
|-damage|p2a: Hydreigon|8/100 brn|[from] brn
|upkeep
|turn|17
|
|t:|1667521354
|switch|p1a: Hatterene|Hatterene, F|41/100
|-damage|p1a: Hatterene|29/100|[from] Stealth Rock
|move|p2a: Hydreigon|Draco Meteor|p1a: Hatterene
|-immune|p1a: Hatterene
|
|-weather|Sandstorm|[upkeep]
|-damage|p2a: Hydreigon|2/100 brn|[from] Sandstorm
|-damage|p1a: Hatterene|23/100|[from] Sandstorm
|-damage|p2a: Hydreigon|0 fnt|[from] brn
|faint|p2a: Hydreigon
|upkeep
|
|t:|1667521357
|switch|p2a: Crobat|Crobat, F|94/100
|turn|18
|
|t:|1667521362
|switch|p1a: Hippowdon|Hippowdon, F|9/100
|-damage|p1a: Hippowdon|3/100|[from] Stealth Rock
|move|p2a: Crobat|Brave Bird|p1a: Hippowdon
|-damage|p1a: Hippowdon|0 fnt
|-damage|p2a: Crobat|78/100|[from] item: Rocky Helmet|[of] p1a: Hippowdon
|faint|p1a: Hippowdon
|-damage|p2a: Crobat|77/100|[from] Recoil
|
|-weather|Sandstorm|[upkeep]
|-damage|p2a: Crobat|71/100|[from] Sandstorm
|upkeep
|
|t:|1667521366
|switch|p1a: Jirachi|Jirachi|30/100
|-damage|p1a: Jirachi|24/100|[from] Stealth Rock
|turn|19
|
|t:|1667521377
|switch|p2a: Rotom|Rotom-Wash|54/100
|-damage|p2a: Rotom|42/100|[from] Stealth Rock
|move|p1a: Jirachi|U-turn|p2a: Rotom
|-damage|p2a: Rotom|23/100
|
|t:|1667521382
|switch|p1a: Conkeldurr|Conkeldurr, F|55/100 brn|[from]move: U-turn
|-damage|p1a: Conkeldurr|49/100 brn|[from] Stealth Rock
|
|-weather|Sandstorm|[upkeep]
|-damage|p2a: Rotom|17/100|[from] Sandstorm
|-damage|p1a: Conkeldurr|43/100 brn|[from] Sandstorm
|-heal|p2a: Rotom|23/100|[from] item: Leftovers
|-damage|p1a: Conkeldurr|37/100 brn|[from] brn
|upkeep
|turn|20
|
|t:|1667521404
|switch|p1a: Moltres|Moltres|69/100
|move|p2a: Rotom|Volt Switch|p1a: Moltres
|-supereffective|p1a: Moltres
|-damage|p1a: Moltres|3/100
|
|t:|1667521406
|switch|p2a: Crobat|Crobat, F|71/100|[from]move: Volt Switch
|
|-weather|none
|upkeep
|turn|21
|
|t:|1667521411
|move|p2a: Crobat|Brave Bird|p1a: Moltres
|-damage|p1a: Moltres|0 fnt
|faint|p1a: Moltres
|-damage|p2a: Crobat|70/100|[from] Recoil
|
|upkeep
|
|t:|1667521416
|switch|p1a: Jirachi|Jirachi|24/100
|-damage|p1a: Jirachi|18/100|[from] Stealth Rock
|turn|22
|
|t:|1667521438
|move|p1a: Jirachi|Iron Head|p2a: Crobat
|-damage|p2a: Crobat|33/100
|move|p2a: Crobat|Roost|p2a: Crobat
|-heal|p2a: Crobat|83/100
|-singleturn|p2a: Crobat|move: Roost
|
|upkeep
|turn|23
|
|t:|1667521441
|move|p1a: Jirachi|Iron Head|p2a: Crobat
|-damage|p2a: Crobat|43/100
|move|p2a: Crobat|Roost|p2a: Crobat
|-heal|p2a: Crobat|93/100
|-singleturn|p2a: Crobat|move: Roost
|
|upkeep
|turn|24
|
|t:|1667521450
|move|p1a: Jirachi|Iron Head|p2a: Crobat
|-damage|p2a: Crobat|55/100
|move|p2a: Crobat|Roost|p2a: Crobat
|-heal|p2a: Crobat|100/100
|-singleturn|p2a: Crobat|move: Roost
|
|upkeep
|turn|25
|l| Appleking123
|
|t:|1667521463
|switch|p1a: Hatterene|Hatterene, F|23/100
|-damage|p1a: Hatterene|11/100|[from] Stealth Rock
|move|p2a: Crobat|Brave Bird|p1a: Hatterene
|-damage|p1a: Hatterene|0 fnt
|faint|p1a: Hatterene
|-damage|p2a: Crobat|97/100|[from] Recoil
|
|upkeep
|
|t:|1667521466
|switch|p1a: Slowking|Slowking, M|91/100
|-damage|p1a: Slowking|79/100|[from] Stealth Rock
|turn|26
|inactive|Xyllia has 120 seconds left.
|
|t:|1667521506
|move|p2a: Crobat|U-turn|p1a: Slowking
|-supereffective|p1a: Slowking
|-damage|p1a: Slowking|53/100
|
|t:|1667521508
|switch|p2a: Tangrowth|Tangrowth, M|52/100|[from]move: U-turn
|-damage|p2a: Tangrowth|40/100|[from] Stealth Rock
|move|p1a: Slowking|Psychic|p2a: Tangrowth
|-damage|p2a: Tangrowth|20/100
|
|upkeep
|turn|27
|
|t:|1667521525
|move|p2a: Tangrowth|Power Whip|p1a: Slowking
|-supereffective|p1a: Slowking
|-damage|p1a: Slowking|0 fnt
|faint|p1a: Slowking
|
|upkeep
|
|t:|1667521531
|switch|p1a: Conkeldurr|Conkeldurr, F|37/100 brn
|-damage|p1a: Conkeldurr|31/100 brn|[from] Stealth Rock
|turn|28
|c|☆swedishboy69|gg
|c|☆Xyllia|gg
|
|t:|1667521545
|move|p1a: Conkeldurr|Drain Punch|p2a: Tangrowth
|-damage|p2a: Tangrowth|0 fnt
|-heal|p1a: Conkeldurr|42/100 brn|[from] drain|[of] p2a: Tangrowth
|faint|p2a: Tangrowth
|
|-damage|p1a: Conkeldurr|36/100 brn|[from] brn
|upkeep
|
|t:|1667521547
|switch|p2a: Crobat|Crobat, F|97/100
|turn|29
|
|t:|1667521550
|move|p2a: Crobat|Brave Bird|p1a: Conkeldurr
|-supereffective|p1a: Conkeldurr
|-damage|p1a: Conkeldurr|0 fnt
|faint|p1a: Conkeldurr
|-damage|p2a: Crobat|86/100|[from] Recoil
|
|upkeep
|
|t:|1667521551
|switch|p1a: Jirachi|Jirachi|18/100
|-damage|p1a: Jirachi|12/100|[from] Stealth Rock
|turn|30
|
|t:|1667521556
|move|p1a: Jirachi|Thunder Punch|p2a: Crobat
|-supereffective|p2a: Crobat
|-damage|p2a: Crobat|34/100
|-status|p2a: Crobat|par
|move|p2a: Crobat|Brave Bird|p1a: Jirachi
|-resisted|p1a: Jirachi
|-crit|p1a: Jirachi
|-damage|p1a: Jirachi|0 fnt
|faint|p1a: Jirachi
|-damage|p2a: Crobat|30/100 par|[from] Recoil
|
|win|Xyllia
|n|☆swedishboy69|swedishboy69
|n|☆Xyllia|xyllia
|n| romanji ≛|romanji
