|j|☆Mygrein ㋡
|j|☆Amane Misa
|t:|1609706229
|player|p1|Mygrein ㋡|guitarist-gen2|
|player|p2|Amane Misa|#amanemisa|
|teamsize|p1|6
|teamsize|p2|6
|gametype|singles
|gen|8
|tier|[Gen 8] UU
|rated|Tournament battle
|clearpoke
|poke|p1|Latias, F|
|poke|p1|Tentacruel, F|
|poke|p1|Skarmory, F|
|poke|p1|Terrakion|
|poke|p1|Zeraora|
|poke|p1|Marowak-Alola, M|
|poke|p2|Shuckle, M|
|poke|p2|Gyarados, M|
|poke|p2|Bisharp, F|
|poke|p2|Celesteela|
|poke|p2|Mimikyu, M|
|poke|p2|Diggersby, F|
|rule|Sleep Clause Mod: Limit one foe put to sleep
|rule|Species Clause: Limit one of each Pokémon
|rule|OHKO Clause: OHKO moves are banned
|rule|Evasion Moves Clause: Evasion moves are banned
|rule|Endless Battle Clause: Forcing endless battles is banned
|rule|HP Percentage Mod: HP is shown in percentages
|rule|Dynamax Clause: You cannot dynamax
|teampreview
|j| BlueFins
|j| Can'tFight
|c|☆Mygrein ㋡|bl
|j| gglrg
|inactive|Battle timer is ON: inactive players will automatically lose when time's up. (requested by Amane Misa)
|
|t:|1609706265
|start
|switch|p1a: Skarmory|Skarmory, F|100/100
|switch|p2a: Shuckle|Shuckle, M|100/100
|turn|1
|
|t:|1609706271
|move|p1a: Skarmory|Spikes|p2a: Shuckle
|-sidestart|p2: Amane Misa|Spikes
|move|p2a: Shuckle|Sticky Web|p1a: Skarmory
|-sidestart|p1: Mygrein ㋡|move: Sticky Web
|
|upkeep
|turn|2
|
|t:|1609706273
|move|p1a: Skarmory|Spikes|p2a: Shuckle
|-sidestart|p2: Amane Misa|Spikes
|move|p2a: Shuckle|Stealth Rock|p1a: Skarmory
|-sidestart|p1: Mygrein ㋡|move: Stealth Rock
|
|upkeep
|turn|3
|
|t:|1609706276
|move|p1a: Skarmory|Spikes|p2a: Shuckle
|-sidestart|p2: Amane Misa|Spikes
|move|p2a: Shuckle|Encore|p1a: Skarmory
|-start|p1a: Skarmory|Encore
|
|upkeep
|turn|4
|j| BigFatMantis
|inactive|Amane Misa has 120 seconds left.
|
|t:|1609706325
|switch|p1a: Zeraora|Zeraora|100/100
|move|p2a: Shuckle|Infestation|p1a: Zeraora
|-damage|p1a: Zeraora|98/100
|-activate|p1a: Zeraora|move: Infestation|[of] p2a: Shuckle
|
|-damage|p1a: Zeraora|86/100|[from] move: Infestation|[partiallytrapped]
|upkeep
|turn|5
|
|t:|1609706332
|move|p1a: Zeraora|Volt Switch|p2a: Shuckle
|-damage|p2a: Shuckle|87/100
|-enditem|p2a: Shuckle|Red Card|[of] p1a: Zeraora
|drag|p1a: Tentacruel|Tentacruel, F|100/100
|-activate|p1a: Tentacruel|move: Sticky Web
|-fail|p1a: Tentacruel|unboost|[from] ability: Clear Body|[of] p1a: Tentacruel
|-damage|p1a: Tentacruel|88/100|[from] Stealth Rock
|move|p2a: Shuckle|Infestation|p1a: Tentacruel
|-resisted|p1a: Tentacruel
|-damage|p1a: Tentacruel|87/100
|-activate|p1a: Tentacruel|move: Infestation|[of] p2a: Shuckle
|
|-heal|p1a: Tentacruel|93/100|[from] item: Black Sludge
|-damage|p1a: Tentacruel|81/100|[from] move: Infestation|[partiallytrapped]
|upkeep
|turn|6
|
|t:|1609706342
|move|p1a: Tentacruel|Scald|p2a: Shuckle
|-supereffective|p2a: Shuckle
|-damage|p2a: Shuckle|57/100
|move|p2a: Shuckle|Encore|p1a: Tentacruel
|-start|p1a: Tentacruel|Encore
|
|-heal|p1a: Tentacruel|87/100|[from] item: Black Sludge
|-damage|p1a: Tentacruel|75/100|[from] move: Infestation|[partiallytrapped]
|upkeep
|turn|7
|
|t:|1609706346
|switch|p2a: Celesteela|Celesteela|100/100
|move|p1a: Tentacruel|Scald|p2a: Celesteela
|-damage|p2a: Celesteela|75/100
|
|-heal|p1a: Tentacruel|81/100|[from] item: Black Sludge
|-end|p1a: Tentacruel|Infestation|[partiallytrapped]|[silent]
|upkeep
|turn|8
|j| piosforedeyo
|c| piosforedeyo|hellow
|
|t:|1609706366
|switch|p1a: Zeraora|Zeraora|86/100
|move|p2a: Celesteela|Autotomize|p2a: Celesteela
|-boost|p2a: Celesteela|spe|2
|-start|p2a: Celesteela|Autotomize
|
|upkeep
|turn|9
|
|t:|1609706379
|switch|p1a: Terrakion|Terrakion|100/100
|-activate|p1a: Terrakion|move: Sticky Web
|-unboost|p1a: Terrakion|spe|1
|-damage|p1a: Terrakion|94/100|[from] Stealth Rock
|move|p2a: Celesteela|Meteor Beam||[still]
|-prepare|p2a: Celesteela|Meteor Beam
|-boost|p2a: Celesteela|spa|1
|-enditem|p2a: Celesteela|Power Herb
|-anim|p2a: Celesteela|Meteor Beam|p1a: Terrakion
|-resisted|p1a: Terrakion
|-damage|p1a: Terrakion|62/100
|
|upkeep
|turn|10
|inactive|Mygrein ㋡ has 120 seconds left.
|
|t:|1609706415
|move|p2a: Celesteela|Air Slash|p1a: Terrakion
|-damage|p1a: Terrakion|0 fnt
|faint|p1a: Terrakion
|-ability|p2a: Celesteela|Beast Boost|boost
|-boost|p2a: Celesteela|spa|1
|
|upkeep
|
|t:|1609706421
|switch|p1a: Zeraora|Zeraora|86/100
|turn|11
|
|t:|1609706424
|move|p2a: Celesteela|Fire Blast|p1a: Zeraora
|-damage|p1a: Zeraora|0 fnt
|faint|p1a: Zeraora
|-ability|p2a: Celesteela|Beast Boost|boost
|-boost|p2a: Celesteela|spa|1
|
|upkeep
|inactive|Mygrein ㋡ has 120 seconds left.
|c| Can'tFight|oh shit
|c| BigFatMantis|Fire Blast
|c| BigFatMantis|that's brilliant tech
|
|t:|1609706441
|switch|p1a: Skarmory|Skarmory, F|100/100
|-damage|p1a: Skarmory|88/100|[from] Stealth Rock
|turn|12
|
|t:|1609706443
|move|p2a: Celesteela|Fire Blast|p1a: Skarmory
|-supereffective|p1a: Skarmory
|-damage|p1a: Skarmory|0 fnt
|faint|p1a: Skarmory
|-ability|p2a: Celesteela|Beast Boost|boost
|-boost|p2a: Celesteela|spa|1
|
|upkeep
|c| Can'tFight|high risk high reward
|inactive|Mygrein ㋡ has 120 seconds left.
|c| BigFatMantis|I never even realized it was an option
|c|☆Mygrein ㋡|barely a risk
|c| Can'tFight|i mean if flamethrower is an option
|
|t:|1609706465
|switch|p1a: Latias|Latias, F|100/100
|-damage|p1a: Latias|88/100|[from] Stealth Rock
|turn|13
|
|t:|1609706469
|move|p2a: Celesteela|Air Slash|p1a: Latias
|-damage|p1a: Latias|0 fnt
|faint|p1a: Latias
|-ability|p2a: Celesteela|Beast Boost|boost
|-boost|p2a: Celesteela|spa|1
|
|upkeep
|
|t:|1609706471
|switch|p1a: Tentacruel|Tentacruel, F|81/100
|-damage|p1a: Tentacruel|68/100|[from] Stealth Rock
|-activate|p1a: Tentacruel|move: Sticky Web
|-fail|p1a: Tentacruel|unboost|[from] ability: Clear Body|[of] p1a: Tentacruel
|turn|14
|c| Can'tFight|i missed 4 hydro pumps yesterday
|
|t:|1609706474
|move|p2a: Celesteela|Air Slash|p1a: Tentacruel
|-crit|p1a: Tentacruel
|-damage|p1a: Tentacruel|0 fnt
|faint|p1a: Tentacruel
|-ability|p2a: Celesteela|Beast Boost|boost
|-boost|p2a: Celesteela|spa|1
|
|upkeep
|c| Can'tFight|theres risk
|
|t:|1609706477
|switch|p1a: Marowak|Marowak-Alola, M|100/100
|-activate|p1a: Marowak|move: Sticky Web
|-unboost|p1a: Marowak|spe|1
|-damage|p1a: Marowak|76/100|[from] Stealth Rock
|turn|15
|
|t:|1609706480
|move|p2a: Celesteela|Air Slash|p1a: Marowak
|-damage|p1a: Marowak|0 fnt
|faint|p1a: Marowak
|
|win|Amane Misa
|n|☆Mygrein ㋡|mygrein
|n|☆Amane Misa|amanemisa
|n| BlueFins|bluefins
|n| Can'tFight|cantfight
|n| gglrg|gglrg
|n| BigFatMantis|bigfatmantis
|n| piosforedeyo|piosforedeyo
|l| gglrg
|c| piosforedeyo|wow that celestila
|c|☆Mygrein ㋡|gg
|l|☆Mygrein ㋡
