|j|☆bioche80
|j|☆Fairlumbo
|t:|1640797118
|gametype|singles
|player|p1|bioche80|hugh|1443
|player|p2|Fairlumbo|n|1393
|teamsize|p1|6
|teamsize|p2|6
|gen|8
|tier|[Gen 8] UU
|rated|
|rule|Sleep Clause Mod: Limit one foe put to sleep
|rule|Species Clause: Limit one of each Pokémon
|rule|OHKO Clause: OHKO moves are banned
|rule|Evasion Moves Clause: Evasion moves are banned
|rule|Endless Battle Clause: Forcing endless battles is banned
|rule|HP Percentage Mod: HP is shown in percentages
|rule|Dynamax Clause: You cannot dynamax
|clearpoke
|poke|p1|Nihilego|
|poke|p1|Moltres-Galar|
|poke|p1|Swampert, F|
|poke|p1|Darmanitan, M|
|poke|p1|Tapu Bulu|
|poke|p1|Jirachi|
|poke|p2|Celesteela|
|poke|p2|Azelf|
|poke|p2|Excadrill, M|
|poke|p2|Moltres-Galar|
|poke|p2|Lycanroc-Dusk, M|
|poke|p2|Hatterene, F|
|teampreview
|inactive|Battle timer is ON: inactive players will automatically lose when time's up. (requested by Fairlumbo)
|inactive|Fairlumbo has 120 seconds left.
|
|t:|1640797152
|start
|switch|p1a: Darmanitan|Darmanitan, M|100/100
|switch|p2a: Hatterene|Hatterene, F|100/100
|turn|1
|
|t:|1640797158
|move|p1a: Darmanitan|Flare Blitz|p2a: Hatterene
|-damage|p2a: Hatterene|33/100
|-damage|p1a: Darmanitan|80/100|[from] Recoil
|move|p2a: Hatterene|Psyshock|p1a: Darmanitan
|-damage|p1a: Darmanitan|20/100
|
|-heal|p2a: Hatterene|39/100|[from] item: Leftovers
|upkeep
|turn|2
|
|t:|1640797187
|move|p1a: Darmanitan|Flare Blitz|p2a: Hatterene
|-damage|p2a: Hatterene|0 fnt
|faint|p2a: Hatterene
|-damage|p1a: Darmanitan|8/100|[from] Recoil
|
|upkeep
|
|t:|1640797190
|switch|p2a: Lycanroc|Lycanroc-Dusk, M|100/100
|turn|3
|
|t:|1640797195
|switch|p1a: Tapu Bulu|Tapu Bulu|100/100
|-fieldstart|move: Grassy Terrain|[from] ability: Grassy Surge|[of] p1a: Tapu Bulu
|move|p2a: Lycanroc|Accelerock|p1a: Tapu Bulu
|-damage|p1a: Tapu Bulu|78/100
|-damage|p2a: Lycanroc|84/100|[from] item: Rocky Helmet|[of] p1a: Tapu Bulu
|-damage|p2a: Lycanroc|74/100|[from] item: Life Orb
|
|-heal|p2a: Lycanroc|80/100|[from] Grassy Terrain
|-heal|p1a: Tapu Bulu|84/100|[from] Grassy Terrain
|upkeep
|turn|4
|
|t:|1640797215
|switch|p2a: Celesteela|Celesteela|100/100
|move|p1a: Tapu Bulu|Toxic|p2a: Celesteela
|-immune|p2a: Celesteela
|
|-heal|p1a: Tapu Bulu|90/100|[from] Grassy Terrain
|upkeep
|turn|5
|
|t:|1640797225
|switch|p1a: Swampert|Swampert, F|100/100
|move|p2a: Celesteela|Flamethrower|p1a: Swampert
|-resisted|p1a: Swampert
|-damage|p1a: Swampert|91/100
|
|-heal|p1a: Swampert|98/100|[from] Grassy Terrain
|-heal|p1a: Swampert|100/100|[from] item: Leftovers
|upkeep
|turn|6
|
|t:|1640797235
|move|p2a: Celesteela|Air Slash|p1a: Swampert
|-damage|p1a: Swampert|77/100
|cant|p1a: Swampert|flinch
|
|-heal|p1a: Swampert|83/100|[from] Grassy Terrain
|-heal|p1a: Swampert|90/100|[from] item: Leftovers
|upkeep
|turn|7
|
|t:|1640797251
|move|p2a: Celesteela|Air Slash|p1a: Swampert
|-damage|p1a: Swampert|65/100
|move|p1a: Swampert|Stealth Rock|p2a: Celesteela
|-sidestart|p2: Fairlumbo|move: Stealth Rock
|
|-heal|p1a: Swampert|72/100|[from] Grassy Terrain
|-heal|p1a: Swampert|78/100|[from] item: Leftovers
|-fieldend|move: Grassy Terrain
|upkeep
|turn|8
|
|t:|1640797262
|move|p2a: Celesteela|Air Slash|p1a: Swampert
|-damage|p1a: Swampert|52/100
|move|p1a: Swampert|Flip Turn|p2a: Celesteela
|-damage|p2a: Celesteela|80/100
|
|t:|1640797269
|switch|p1a: Darmanitan|Darmanitan, M|8/100|[from]move: Flip Turn
|
|upkeep
|turn|9
|
|t:|1640797289
|move|p1a: Darmanitan|Flare Blitz|p2a: Celesteela
|-supereffective|p2a: Celesteela
|-damage|p2a: Celesteela|0 fnt
|faint|p2a: Celesteela
|-damage|p1a: Darmanitan|0 fnt|[from] Recoil
|faint|p1a: Darmanitan
|
|upkeep
|
|t:|1640797317
|switch|p1a: Moltres|Moltres-Galar|100/100
|switch|p2a: Lycanroc|Lycanroc-Dusk, M|80/100
|-damage|p2a: Lycanroc|68/100|[from] Stealth Rock
|turn|10
|
|t:|1640797325
|switch|p1a: Tapu Bulu|Tapu Bulu|90/100
|-fieldstart|move: Grassy Terrain|[from] ability: Grassy Surge|[of] p1a: Tapu Bulu
|move|p2a: Lycanroc|Swords Dance|p2a: Lycanroc
|-boost|p2a: Lycanroc|atk|2
|
|-heal|p2a: Lycanroc|74/100|[from] Grassy Terrain
|-heal|p1a: Tapu Bulu|96/100|[from] Grassy Terrain
|upkeep
|turn|11
|
|t:|1640797335
|move|p2a: Lycanroc|Accelerock|p1a: Tapu Bulu
|-damage|p1a: Tapu Bulu|49/100
|-damage|p2a: Lycanroc|58/100|[from] item: Rocky Helmet|[of] p1a: Tapu Bulu
|-damage|p2a: Lycanroc|48/100|[from] item: Life Orb
|move|p1a: Tapu Bulu|Horn Leech|p2a: Lycanroc
|-supereffective|p2a: Lycanroc
|-damage|p2a: Lycanroc|0 fnt
|-heal|p1a: Tapu Bulu|69/100|[from] drain|[of] p2a: Lycanroc
|faint|p2a: Lycanroc
|
|-heal|p1a: Tapu Bulu|75/100|[from] Grassy Terrain
|upkeep
|
|t:|1640797349
|switch|p2a: Azelf|Azelf|100/100
|-damage|p2a: Azelf|88/100|[from] Stealth Rock
|turn|12
|
|t:|1640797358
|move|p2a: Azelf|Fire Blast|p1a: Tapu Bulu|[miss]
|-miss|p2a: Azelf|p1a: Tapu Bulu
|move|p1a: Tapu Bulu|Horn Leech|p2a: Azelf
|-damage|p2a: Azelf|20/100
|-heal|p1a: Tapu Bulu|100/100|[from] drain|[of] p2a: Azelf
|
|upkeep
|turn|13
|
|t:|1640797366
|switch|p1a: Moltres|Moltres-Galar|100/100
|move|p2a: Azelf|Fire Blast|p1a: Moltres
|-damage|p1a: Moltres|79/100
|
|upkeep
|turn|14
|
|t:|1640797373
|move|p2a: Azelf|Dazzling Gleam|p1a: Moltres
|-supereffective|p1a: Moltres
|-damage|p1a: Moltres|48/100
|-ability|p1a: Moltres|Berserk|boost
|-boost|p1a: Moltres|spa|1
|move|p1a: Moltres|Fiery Wrath|p2a: Azelf
|-supereffective|p2a: Azelf
|-damage|p2a: Azelf|0 fnt
|faint|p2a: Azelf
|
|-fieldend|move: Grassy Terrain
|upkeep
|
|t:|1640797379
|switch|p2a: Excadrill|Excadrill, M|100/100
|-damage|p2a: Excadrill|97/100|[from] Stealth Rock
|-ability|p2a: Excadrill|Mold Breaker
|turn|15
|
|t:|1640797389
|move|p2a: Excadrill|Rapid Spin|p1a: Moltres
|-damage|p1a: Moltres|30/100
|-boost|p2a: Excadrill|spe|1
|-sideend|p2: Fairlumbo|Stealth Rock|[from] move: Rapid Spin|[of] p2a: Excadrill
|move|p1a: Moltres|Fiery Wrath|p2a: Excadrill
|-damage|p2a: Excadrill|40/100
|
|-heal|p2a: Excadrill|46/100|[from] item: Leftovers
|upkeep
|turn|16
|
|t:|1640797398
|switch|p2a: Moltres|Moltres-Galar|100/100
|move|p1a: Moltres|Fiery Wrath|p2a: Moltres
|-resisted|p2a: Moltres
|-damage|p2a: Moltres|80/100
|
|upkeep
|turn|17
|
|t:|1640797405
|switch|p1a: Nihilego|Nihilego|100/100
|move|p2a: Moltres|Agility|p2a: Moltres
|-boost|p2a: Moltres|spe|2
|
|upkeep
|turn|18
|
|t:|1640797413
|move|p2a: Moltres|Nasty Plot|p2a: Moltres
|-boost|p2a: Moltres|spa|2
|move|p1a: Nihilego|Power Gem|p2a: Moltres
|-supereffective|p2a: Moltres
|-damage|p2a: Moltres|0 fnt
|faint|p2a: Moltres
|-ability|p1a: Nihilego|Beast Boost|boost
|-boost|p1a: Nihilego|spa|1
|
|upkeep
|
|t:|1640797418
|switch|p2a: Excadrill|Excadrill, M|46/100
|-ability|p2a: Excadrill|Mold Breaker
|turn|19
|c|☆bioche80|serious
|
|t:|1640797425
|move|p1a: Nihilego|Power Gem|p2a: Excadrill
|-resisted|p2a: Excadrill
|-damage|p2a: Excadrill|17/100
|move|p2a: Excadrill|Swords Dance|p2a: Excadrill
|-boost|p2a: Excadrill|atk|2
|
|-heal|p2a: Excadrill|23/100|[from] item: Leftovers
|upkeep
|turn|20
|
|t:|1640797433
|move|p1a: Nihilego|Power Gem|p2a: Excadrill
|-resisted|p2a: Excadrill
|-damage|p2a: Excadrill|0 fnt
|faint|p2a: Excadrill
|
|win|bioche80
|raw|bioche80's rating: 1443 &rarr; <strong>1460</strong><br />(+17 for winning)
|raw|Fairlumbo's rating: 1393 &rarr; <strong>1376</strong><br />(-17 for losing)
|l|☆Fairlumbo
|c|☆bioche80|gg
||Ladder isn't responding, score probably updated but might not have (Request timeout).
