|j|☆Adrift and Alone
|j|☆gijion mustard
|player|p1|Adrift and Alone|ethan-gen2|1678
|player|p2|gijion mustard|cowgirl|1689
|teamsize|p1|6
|teamsize|p2|6
|gametype|singles
|gen|8
|tier|[Gen 8] UU
|rated|
|clearpoke
|poke|p1|Cloyster, F|
|poke|p1|Rhyperior, F|
|poke|p1|Weezing-Galar, M|
|poke|p1|Reuniclus, M|
|poke|p1|Doublade, F|
|poke|p1|Noivern, M|
|poke|p2|Weezing-Galar, M|
|poke|p2|Tsareena, F|
|poke|p2|Rhyperior, F|
|poke|p2|Ninetales, M|
|poke|p2|Copperajah, F|
|poke|p2|Noivern, M|
|rule|Sleep Clause Mod: Limit one foe put to sleep
|rule|Species Clause: Limit one of each Pokémon
|rule|OHKO Clause: OHKO moves are banned
|rule|Evasion Moves Clause: Evasion moves are banned
|rule|Endless Battle Clause: Forcing endless battles is banned
|rule|HP Percentage Mod: HP is shown in percentages
|rule|Dynamax Clause: You cannot dynamax
|teampreview
|
|start
|switch|p1a: Reuniclus|Reuniclus, M|100/100
|switch|p2a: Tsareena|Tsareena, F|100/100
|turn|1
|inactive|Battle timer is ON: inactive players will automatically lose when time's up. (requested by Adrift and Alone)
|
|move|p2a: Tsareena|U-turn|p1a: Reuniclus
|-supereffective|p1a: Reuniclus
|-damage|p1a: Reuniclus|50/100
|
|switch|p2a: Copperajah|Copperajah, F|100/100|[from]move: U-turn
|move|p1a: Reuniclus|Focus Blast|p2a: Copperajah
|-supereffective|p2a: Copperajah
|-damage|p2a: Copperajah|18/100
|
|upkeep
|turn|2
|inactive|Adrift and Alone has 120 seconds left.
|
|switch|p1a: Doublade|Doublade, F|100/100
|move|p2a: Copperajah|Heat Crash|p1a: Doublade
|-supereffective|p1a: Doublade
|-damage|p1a: Doublade|57/100
|
|upkeep
|turn|3
|j| Ha I suck
|
|switch|p2a: Rhyperior|Rhyperior, F|100/100
|move|p1a: Doublade|Iron Head|p2a: Rhyperior
|-supereffective|p2a: Rhyperior
|-damage|p2a: Rhyperior|65/100
|
|-heal|p2a: Rhyperior|71/100|[from] item: Leftovers
|upkeep
|turn|4
|
|switch|p1a: Cloyster|Cloyster, F|100/100
|move|p2a: Rhyperior|Earthquake|p1a: Cloyster
|-damage|p1a: Cloyster|64/100
|
|-heal|p2a: Rhyperior|77/100|[from] item: Leftovers
|upkeep
|turn|5
|
|switch|p2a: Weezing|Weezing-Galar, M|100/100
|move|p1a: Cloyster|Icicle Spear|p2a: Weezing
|-damage|p2a: Weezing|89/100
|-damage|p2a: Weezing|77/100
|-damage|p2a: Weezing|64/100
|-damage|p2a: Weezing|51/100
|-damage|p2a: Weezing|40/100
|-hitcount|p2a: Weezing|5
|
|-heal|p2a: Weezing|46/100|[from] item: Black Sludge
|upkeep
|turn|6
|
|switch|p2a: Copperajah|Copperajah, F|18/100
|move|p1a: Cloyster|Icicle Spear|p2a: Copperajah
|-resisted|p2a: Copperajah
|-crit|p2a: Copperajah
|-damage|p2a: Copperajah|4/100
|-resisted|p2a: Copperajah
|-damage|p2a: Copperajah|0 fnt
|-hitcount|p2a: Copperajah|2
|faint|p2a: Copperajah
|
|upkeep
|
|switch|p2a: Ninetales|Ninetales, M|100/100
|-weather|SunnyDay|[from] ability: Drought|[of] p2a: Ninetales
|turn|7
|
|switch|p1a: Noivern|Noivern, M|100/100
|-item|p2a: Ninetales|Heavy-Duty Boots|[from] ability: Frisk|[of] p1a: Noivern|[identify]
|move|p2a: Ninetales|Fire Blast|p1a: Noivern
|-resisted|p1a: Noivern
|-damage|p1a: Noivern|58/100
|
|-weather|SunnyDay|[upkeep]
|upkeep
|turn|8
|
|switch|p2a: Rhyperior|Rhyperior, F|77/100
|move|p1a: Noivern|Draco Meteor|p2a: Rhyperior
|-damage|p2a: Rhyperior|33/100
|-unboost|p1a: Noivern|spa|2
|
|-weather|SunnyDay|[upkeep]
|-heal|p2a: Rhyperior|39/100|[from] item: Leftovers
|upkeep
|turn|9
|
|move|p1a: Noivern|Roost|p1a: Noivern
|-heal|p1a: Noivern|100/100
|-singleturn|p1a: Noivern|move: Roost
|move|p2a: Rhyperior|Stealth Rock|p1a: Noivern
|-sidestart|p1: Adrift and Alone|move: Stealth Rock
|
|-weather|SunnyDay|[upkeep]
|-heal|p2a: Rhyperior|46/100|[from] item: Leftovers
|upkeep
|turn|10
|
|switch|p1a: Weezing|Weezing-Galar, M|100/100
|-damage|p1a: Weezing|88/100|[from] Stealth Rock
|move|p2a: Rhyperior|Stone Edge|p1a: Weezing
|-crit|p1a: Weezing
|-damage|p1a: Weezing|26/100
|
|-weather|SunnyDay|[upkeep]
|-heal|p1a: Weezing|32/100|[from] item: Black Sludge
|-heal|p2a: Rhyperior|52/100|[from] item: Leftovers
|upkeep
|turn|11
|
|move|p1a: Weezing|Defog|p2a: Rhyperior
|-unboost|p2a: Rhyperior|evasion|1
|-sideend|p1: Adrift and Alone|Stealth Rock|[from] move: Defog|[of] p1a: Weezing
|move|p2a: Rhyperior|Heavy Slam|p1a: Weezing
|-supereffective|p1a: Weezing
|-damage|p1a: Weezing|0 fnt
|faint|p1a: Weezing
|
|-weather|none
|-heal|p2a: Rhyperior|58/100|[from] item: Leftovers
|upkeep
|
|switch|p1a: Cloyster|Cloyster, F|64/100
|turn|12
|
|switch|p2a: Weezing|Weezing-Galar, M|46/100
|move|p1a: Cloyster|Icicle Spear|p2a: Weezing
|-damage|p2a: Weezing|33/100
|-damage|p2a: Weezing|20/100
|-damage|p2a: Weezing|9/100
|-damage|p2a: Weezing|0 fnt
|-hitcount|p2a: Weezing|4
|faint|p2a: Weezing
|
|upkeep
|
|switch|p2a: Ninetales|Ninetales, M|100/100
|-weather|SunnyDay|[from] ability: Drought|[of] p2a: Ninetales
|turn|13
|
|switch|p2a: Rhyperior|Rhyperior, F|58/100
|switch|p1a: Noivern|Noivern, M|100/100
|-item|p2a: Rhyperior|Leftovers|[from] ability: Frisk|[of] p1a: Noivern|[identify]
|
|-weather|SunnyDay|[upkeep]
|-heal|p2a: Rhyperior|64/100|[from] item: Leftovers
|upkeep
|turn|14
|
|switch|p1a: Cloyster|Cloyster, F|64/100
|move|p2a: Rhyperior|Earthquake|p1a: Cloyster
|-damage|p1a: Cloyster|25/100
|
|-weather|SunnyDay|[upkeep]
|-heal|p2a: Rhyperior|70/100|[from] item: Leftovers
|upkeep
|turn|15
|
|switch|p2a: Ninetales|Ninetales, M|100/100
|move|p1a: Cloyster|Icicle Spear|p2a: Ninetales
|-resisted|p2a: Ninetales
|-damage|p2a: Ninetales|89/100
|-resisted|p2a: Ninetales
|-damage|p2a: Ninetales|75/100
|-resisted|p2a: Ninetales
|-damage|p2a: Ninetales|62/100
|-resisted|p2a: Ninetales
|-crit|p2a: Ninetales
|-damage|p2a: Ninetales|42/100
|-resisted|p2a: Ninetales
|-damage|p2a: Ninetales|30/100
|-hitcount|p2a: Ninetales|5
|
|-weather|SunnyDay|[upkeep]
|upkeep
|turn|16
|
|switch|p1a: Noivern|Noivern, M|100/100
|-item|p2a: Ninetales|Heavy-Duty Boots|[from] ability: Frisk|[of] p1a: Noivern|[identify]
|move|p2a: Ninetales|Fire Blast|p1a: Noivern|[miss]
|-miss|p2a: Ninetales|p1a: Noivern
|
|-weather|SunnyDay|[upkeep]
|upkeep
|turn|17
|
|switch|p2a: Rhyperior|Rhyperior, F|70/100
|move|p1a: Noivern|Draco Meteor|p2a: Rhyperior
|-damage|p2a: Rhyperior|26/100
|-unboost|p1a: Noivern|spa|2
|
|-weather|none
|-heal|p2a: Rhyperior|32/100|[from] item: Leftovers
|upkeep
|turn|18
|
|switch|p1a: Rhyperior|Rhyperior, F|100/100
|move|p2a: Rhyperior|Stone Edge|p1a: Rhyperior|[miss]
|-miss|p2a: Rhyperior|p1a: Rhyperior
|
|-heal|p2a: Rhyperior|38/100|[from] item: Leftovers
|upkeep
|turn|19
|
|move|p2a: Rhyperior|Stealth Rock|p1a: Rhyperior
|-sidestart|p1: Adrift and Alone|move: Stealth Rock
|move|p1a: Rhyperior|Earthquake|p2a: Rhyperior
|-supereffective|p2a: Rhyperior
|-damage|p2a: Rhyperior|0 fnt
|faint|p2a: Rhyperior
|
|upkeep
|
|switch|p2a: Tsareena|Tsareena, F|100/100
|turn|20
|
|switch|p1a: Doublade|Doublade, F|57/100
|-damage|p1a: Doublade|51/100|[from] Stealth Rock
|move|p2a: Tsareena|U-turn|p1a: Doublade
|-resisted|p1a: Doublade
|-crit|p1a: Doublade
|-damage|p1a: Doublade|47/100
|
|switch|p2a: Ninetales|Ninetales, M|30/100|[from]move: U-turn
|-weather|SunnyDay|[from] ability: Drought|[of] p2a: Ninetales
|
|-weather|SunnyDay|[upkeep]
|upkeep
|turn|21
|
|switch|p1a: Noivern|Noivern, M|100/100
|-item|p2a: Ninetales|Heavy-Duty Boots|[from] ability: Frisk|[of] p1a: Noivern|[identify]
|move|p2a: Ninetales|Fire Blast|p1a: Noivern
|-resisted|p1a: Noivern
|-damage|p1a: Noivern|58/100
|
|-weather|SunnyDay|[upkeep]
|upkeep
|turn|22
|
|move|p1a: Noivern|Draco Meteor|p2a: Ninetales
|-damage|p2a: Ninetales|0 fnt
|-unboost|p1a: Noivern|spa|2
|faint|p2a: Ninetales
|
|-weather|SunnyDay|[upkeep]
|upkeep
|
|switch|p2a: Noivern|Noivern, M|100/100
|turn|23
|-message|gijion mustard forfeited.
|
|win|Adrift and Alone
|l|☆gijion mustard
|raw|Adrift and Alone's rating: 1678 &rarr; <strong>1699</strong><br />(+21 for winning)
|raw|gijion mustard's rating: 1689 &rarr; <strong>1668</strong><br />(-21 for losing)
|c|☆Adrift and Alone|ez clap
|l| Ha I suck
|l|☆Adrift and Alone
|j|☆Adrift and Alone
|player|p1|Adrift and Alone|ethan-gen2
