|j|☆Meta is for sheep
|j|☆UULT91w mush
|t:|1661643100
|gametype|singles
|player|p1|Meta is for sheep|yellow|1372
|player|p2|UULT91w mush|erika-masters|1586
|teamsize|p1|6
|teamsize|p2|6
|gen|8
|tier|[Gen 8] UU
|rated|
|rule|Sleep Clause Mod: Limit one foe put to sleep
|rule|Species Clause: Limit one of each Pokémon
|rule|OHKO Clause: OHKO moves are banned
|rule|Evasion Items Clause: Evasion items are banned
|rule|Evasion Moves Clause: Evasion moves are banned
|rule|Endless Battle Clause: Forcing endless battles is banned
|rule|HP Percentage Mod: HP is shown in percentages
|rule|Dynamax Clause: You cannot dynamax
|clearpoke
|poke|p1|Drapion, M|
|poke|p1|Centiskorch, F|
|poke|p1|Weezing-Galar, F|
|poke|p1|Araquanid, F|
|poke|p1|Flygon, M|
|poke|p1|Heliolisk, F|
|poke|p2|Thundurus-Therian, M|
|poke|p2|Zarude|
|poke|p2|Moltres|
|poke|p2|Slowking, F|
|poke|p2|Cobalion|
|poke|p2|Diggersby, M|
|teampreview
|inactive|Battle timer is ON: inactive players will automatically lose when time's up. (requested by UULT91w mush)
|
|t:|1661643157
|start
|switch|p1a: Budget Volcarona|Centiskorch, F|100/100
|switch|p2a: Diggersby|Diggersby, M|100/100
|turn|1
|
|t:|1661643164
|switch|p1a: Fly-Gon-Jinn|Flygon, M|100/100
|move|p2a: Diggersby|Earthquake|p1a: Fly-Gon-Jinn
|-immune|p1a: Fly-Gon-Jinn|[from] ability: Levitate
|
|upkeep
|turn|2
|
|t:|1661643169
|switch|p2a: Slowking|Slowking, F|100/100
|move|p1a: Fly-Gon-Jinn|Scorching Sands|p2a: Slowking
|-damage|p2a: Slowking|77/100
|-status|p2a: Slowking|brn
|
|-damage|p2a: Slowking|71/100 brn|[from] brn
|upkeep
|turn|3
|
|t:|1661643175
|switch|p1a: Budget Volcarona|Centiskorch, F|100/100
|move|p2a: Slowking|Teleport|p2a: Slowking
|
|t:|1661643178
|switch|p2a: Moltres|Moltres|100/100|[from]move: Teleport
|
|upkeep
|turn|4
|j| terrors
|
|t:|1661643183
|switch|p1a: Major Tom|Araquanid, F|100/100
|move|p2a: Moltres|Hurricane|p1a: Major Tom
|-supereffective|p1a: Major Tom
|-damage|p1a: Major Tom|12/100
|
|upkeep
|turn|5
|
|t:|1661643191
|switch|p2a: Cobalion|Cobalion|100/100
|move|p1a: Major Tom|Scald|p2a: Cobalion
|-damage|p2a: Cobalion|5/100
|
|upkeep
|turn|6
|
|t:|1661643201
|move|p2a: Cobalion|Close Combat|p1a: Major Tom
|-resisted|p1a: Major Tom
|-damage|p1a: Major Tom|0 fnt
|-unboost|p2a: Cobalion|def|1
|-unboost|p2a: Cobalion|spd|1
|faint|p1a: Major Tom
|
|upkeep
|
|t:|1661643208
|switch|p1a: The Pressure|Drapion, M|100/100
|turn|7
|inactive|UULT91w mush has 120 seconds left.
|
|t:|1661643250
|move|p2a: Cobalion|Stealth Rock|p1a: The Pressure
|-sidestart|p1: Meta is for sheep|move: Stealth Rock
|move|p1a: The Pressure|Acupressure|p1a: The Pressure
|-boost|p1a: The Pressure|evasion|2
|
|upkeep
|turn|8
|
|t:|1661643252
|move|p2a: Cobalion|Close Combat|p1a: The Pressure|[miss]
|-miss|p2a: Cobalion|p1a: The Pressure
|move|p1a: The Pressure|Acupressure|p1a: The Pressure
|-boost|p1a: The Pressure|spa|2
|
|upkeep
|turn|9
|
|t:|1661643255
|move|p2a: Cobalion|Close Combat|p1a: The Pressure
|-damage|p1a: The Pressure|67/100
|-unboost|p2a: Cobalion|def|1
|-unboost|p2a: Cobalion|spd|1
|move|p1a: The Pressure|Acupressure|p1a: The Pressure
|-boost|p1a: The Pressure|def|2
|
|-heal|p1a: The Pressure|73/100|[from] item: Black Sludge
|upkeep
|turn|10
|
|t:|1661643258
|move|p2a: Cobalion|Close Combat|p1a: The Pressure
|-damage|p1a: The Pressure|57/100
|-unboost|p2a: Cobalion|def|1
|-unboost|p2a: Cobalion|spd|1
|move|p1a: The Pressure|Acupressure|p1a: The Pressure
|-boost|p1a: The Pressure|spd|2
|
|-heal|p1a: The Pressure|63/100|[from] item: Black Sludge
|upkeep
|turn|11
|j| a1012
|j| sasha n_n
|l| terrors
|
|t:|1661643268
|move|p2a: Cobalion|Close Combat|p1a: The Pressure|[miss]
|-miss|p2a: Cobalion|p1a: The Pressure
|move|p1a: The Pressure|Acupressure|p1a: The Pressure
|-boost|p1a: The Pressure|accuracy|2
|
|-heal|p1a: The Pressure|69/100|[from] item: Black Sludge
|upkeep
|turn|12
|c| sasha n_n|LMFAOOO
|
|t:|1661643270
|move|p2a: Cobalion|Close Combat|p1a: The Pressure
|-damage|p1a: The Pressure|51/100
|-unboost|p2a: Cobalion|def|1
|-unboost|p2a: Cobalion|spd|1
|move|p1a: The Pressure|Acupressure|p1a: The Pressure
|-boost|p1a: The Pressure|spa|2
|
|-heal|p1a: The Pressure|57/100|[from] item: Black Sludge
|upkeep
|turn|13
|
|t:|1661643273
|move|p2a: Cobalion|Close Combat|p1a: The Pressure
|-damage|p1a: The Pressure|41/100
|-unboost|p2a: Cobalion|def|1
|-unboost|p2a: Cobalion|spd|1
|move|p1a: The Pressure|Acupressure|p1a: The Pressure
|-boost|p1a: The Pressure|def|2
|
|-heal|p1a: The Pressure|47/100|[from] item: Black Sludge
|upkeep
|turn|14
|c| a1012|o nah
|
|t:|1661643277
|move|p2a: Cobalion|Swords Dance|p2a: Cobalion
|-boost|p2a: Cobalion|atk|2
|move|p1a: The Pressure|Acupressure|p1a: The Pressure
|-boost|p1a: The Pressure|evasion|2
|
|-heal|p1a: The Pressure|53/100|[from] item: Black Sludge
|upkeep
|turn|15
|j| Zangoose360
|j| Azick
|
|t:|1661643283
|move|p2a: Cobalion|Close Combat|p1a: The Pressure
|-damage|p1a: The Pressure|32/100
|-unboost|p2a: Cobalion|def|1
|-unboost|p2a: Cobalion|spd|1
|move|p1a: The Pressure|Acupressure|p1a: The Pressure
|-boost|p1a: The Pressure|spa|2
|
|-heal|p1a: The Pressure|39/100|[from] item: Black Sludge
|upkeep
|turn|16
|c| Azick|common mush L
|
|t:|1661643290
|move|p2a: Cobalion|Iron Head|p1a: The Pressure
|-damage|p1a: The Pressure|23/100
|move|p1a: The Pressure|Rest|p1a: The Pressure
|-status|p1a: The Pressure|slp|[from] move: Rest
|-heal|p1a: The Pressure|100/100 slp|[silent]
|
|upkeep
|turn|17
|l| Zangoose360
|
|t:|1661643313
|move|p2a: Cobalion|Iron Head|p1a: The Pressure
|-damage|p1a: The Pressure|87/100 slp
|cant|p1a: The Pressure|slp
|
|-heal|p1a: The Pressure|93/100 slp|[from] item: Black Sludge
|upkeep
|turn|18
|
|t:|1661643317
|move|p2a: Cobalion|Iron Head|p1a: The Pressure|[miss]
|-miss|p2a: Cobalion|p1a: The Pressure
|cant|p1a: The Pressure|slp
|
|-heal|p1a: The Pressure|99/100 slp|[from] item: Black Sludge
|upkeep
|turn|19
|
|t:|1661643319
|move|p2a: Cobalion|Iron Head|p1a: The Pressure|[miss]
|-miss|p2a: Cobalion|p1a: The Pressure
|-curestatus|p1a: The Pressure|slp|[msg]
|move|p1a: The Pressure|Acupressure|p1a: The Pressure
|-boost|p1a: The Pressure|atk|2
|
|-heal|p1a: The Pressure|100/100|[from] item: Black Sludge
|upkeep
|turn|20
|
|t:|1661643321
|move|p2a: Cobalion|Iron Head|p1a: The Pressure
|-damage|p1a: The Pressure|87/100
|move|p1a: The Pressure|Acupressure|p1a: The Pressure
|-boost|p1a: The Pressure|def|2
|
|-heal|p1a: The Pressure|93/100|[from] item: Black Sludge
|upkeep
|turn|21
|
|t:|1661643324
|move|p2a: Cobalion|Iron Head|p1a: The Pressure|[miss]
|-miss|p2a: Cobalion|p1a: The Pressure
|move|p1a: The Pressure|Acupressure|p1a: The Pressure
|-boost|p1a: The Pressure|evasion|2
|
|-heal|p1a: The Pressure|99/100|[from] item: Black Sludge
|upkeep
|turn|22
|
|t:|1661643329
|move|p2a: Cobalion|Iron Head|p1a: The Pressure|[miss]
|-miss|p2a: Cobalion|p1a: The Pressure
|move|p1a: The Pressure|Acupressure|p1a: The Pressure
|-boost|p1a: The Pressure|spe|2
|
|-heal|p1a: The Pressure|100/100|[from] item: Black Sludge
|upkeep
|turn|23
|
|t:|1661643332
|move|p1a: The Pressure|Acupressure|p1a: The Pressure
|-boost|p1a: The Pressure|spe|2
|move|p2a: Cobalion|Iron Head|p1a: The Pressure
|-damage|p1a: The Pressure|89/100
|
|-heal|p1a: The Pressure|95/100|[from] item: Black Sludge
|upkeep
|turn|24
|
|t:|1661643334
|move|p1a: The Pressure|Acupressure|p1a: The Pressure
|-boost|p1a: The Pressure|accuracy|2
|move|p2a: Cobalion|Iron Head|p1a: The Pressure|[miss]
|-miss|p2a: Cobalion|p1a: The Pressure
|
|-heal|p1a: The Pressure|100/100|[from] item: Black Sludge
|upkeep
|turn|25
|
|t:|1661643337
|move|p1a: The Pressure|Acupressure|p1a: The Pressure
|-boost|p1a: The Pressure|accuracy|2
|move|p2a: Cobalion|Iron Head|p1a: The Pressure|[miss]
|-miss|p2a: Cobalion|p1a: The Pressure
|
|upkeep
|turn|26
|
|t:|1661643339
|move|p1a: The Pressure|Acupressure|p1a: The Pressure
|-boost|p1a: The Pressure|spe|2
|move|p2a: Cobalion|Iron Head|p1a: The Pressure
|-damage|p1a: The Pressure|89/100
|
|-heal|p1a: The Pressure|95/100|[from] item: Black Sludge
|upkeep
|turn|27
|
|t:|1661643342
|move|p1a: The Pressure|Acupressure|p1a: The Pressure
|-boost|p1a: The Pressure|atk|2
|move|p2a: Cobalion|Swords Dance|p2a: Cobalion
|-boost|p2a: Cobalion|atk|2
|
|-heal|p1a: The Pressure|100/100|[from] item: Black Sludge
|upkeep
|turn|28
|
|t:|1661643350
|move|p1a: The Pressure|Acupressure|p1a: The Pressure
|-boost|p1a: The Pressure|spd|2
|move|p2a: Cobalion|Iron Head|p1a: The Pressure|[miss]
|-miss|p2a: Cobalion|p1a: The Pressure
|
|upkeep
|turn|29
|
|t:|1661643354
|move|p1a: The Pressure|Acupressure|p1a: The Pressure
|-boost|p1a: The Pressure|atk|2
|move|p2a: Cobalion|Swords Dance|p2a: Cobalion
|-boost|p2a: Cobalion|atk|2
|
|upkeep
|turn|30
|
|t:|1661643358
|move|p1a: The Pressure|Acupressure|p1a: The Pressure
|-boost|p1a: The Pressure|spd|2
|move|p2a: Cobalion|Swords Dance|p2a: Cobalion
|-boost|p2a: Cobalion|atk|0
|
|upkeep
|turn|31
|
|t:|1661643361
|switch|p2a: Slowking|Slowking, F|100/100 brn
|move|p1a: The Pressure|Night Slash|p2a: Slowking
|-supereffective|p2a: Slowking
|-enditem|p2a: Slowking|Colbur Berry|[eat]
|-enditem|p2a: Slowking|Colbur Berry|[weaken]
|-damage|p2a: Slowking|35/100 brn
|
|-damage|p2a: Slowking|28/100 brn|[from] brn
|upkeep
|turn|32
|
|t:|1661643366
|move|p1a: The Pressure|Night Slash|p2a: Slowking
|-supereffective|p2a: Slowking
|-damage|p2a: Slowking|0 fnt
|faint|p2a: Slowking
|
|upkeep
|-message|UULT91w mush forfeited.
|
|win|Meta is for sheep
|raw|Meta is for sheep's rating: 1372 &rarr; <strong>1403</strong><br />(+31 for winning)
|raw|UULT91w mush's rating: 1586 &rarr; <strong>1555</strong><br />(-31 for losing)
|l|☆UULT91w mush
|l| a1012
|c|☆Meta is for sheep|Couldnt handle the pressure
||Ladder isn't responding, score probably updated but might not have (Request timeout).
