|j|☆Eltoras
|j|☆trader hos
|player|p1|Eltoras|blue|1374
|player|p2|trader hos|266|1384
|teamsize|p1|6
|teamsize|p2|6
|gametype|singles
|gen|8
|tier|[Gen 8] UU
|rated|
|clearpoke
|poke|p1|Tyranitar, F|
|poke|p1|Starmie|
|poke|p1|Skarmory, M|
|poke|p1|Weezing-Galar, M|
|poke|p1|Conkeldurr, F|
|poke|p1|Blissey, F|
|poke|p2|Tyranitar, M|
|poke|p2|Lycanroc, F|
|poke|p2|Sylveon, F|
|poke|p2|Seismitoad, F|
|poke|p2|Skarmory, F|
|poke|p2|Aegislash, F|
|rule|Sleep Clause Mod: Limit one foe put to sleep
|rule|Species Clause: Limit one of each Pokémon
|rule|OHKO Clause: OHKO moves are banned
|rule|Evasion Moves Clause: Evasion moves are banned
|rule|Endless Battle Clause: Forcing endless battles is banned
|rule|HP Percentage Mod: HP is shown in percentages
|rule|Dynamax Clause: You cannot dynamax
|teampreview
|
|start
|switch|p1a: Skarmory|Skarmory, M|100/100
|switch|p2a: Skarmory|Skarmory, F|100/100
|turn|1
|inactive|Battle timer is ON: inactive players will automatically lose when time's up. (requested by trader hos)
|
|move|p1a: Skarmory|Spikes|p2a: Skarmory
|-sidestart|p2: trader hos|Spikes
|move|p2a: Skarmory|Spikes|p1a: Skarmory
|-sidestart|p1: Eltoras|Spikes
|
|upkeep
|turn|2
|
|move|p1a: Skarmory|Spikes|p2a: Skarmory
|-sidestart|p2: trader hos|Spikes
|move|p2a: Skarmory|Spikes|p1a: Skarmory
|-sidestart|p1: Eltoras|Spikes
|
|upkeep
|turn|3
|
|switch|p2a: Aegislash|Aegislash, F|100/100
|-damage|p2a: Aegislash|84/100|[from] Spikes
|move|p1a: Skarmory|Spikes|p2a: Aegislash
|-sidestart|p2: trader hos|Spikes
|
|upkeep
|turn|4
|
|-formechange|p2a: Aegislash|Aegislash-Blade||[from] ability: Stance Change
|move|p2a: Aegislash|Flash Cannon|p1a: Skarmory
|-resisted|p1a: Skarmory
|-damage|p1a: Skarmory|49/100
|move|p1a: Skarmory|Whirlwind|p2a: Aegislash
|drag|p2a: Sylveon|Sylveon, F|100/100
|-damage|p2a: Sylveon|76/100|[from] Spikes
|
|-heal|p2a: Sylveon|82/100|[from] item: Leftovers
|upkeep
|turn|5
|j| 467 11 11p
|
|switch|p1a: Blissey|Blissey, F|100/100
|move|p2a: Sylveon|Wish|p2a: Sylveon
|
|-heal|p2a: Sylveon|88/100|[from] item: Leftovers
|upkeep
|turn|6
|
|switch|p2a: Seismitoad|Seismitoad, F|100/100
|-damage|p2a: Seismitoad|76/100|[from] Spikes
|move|p1a: Blissey|Teleport|p1a: Blissey
|
|switch|p1a: Conkeldurr|Conkeldurr, F|100/100|[from]move: Teleport
|-damage|p1a: Conkeldurr|84/100|[from] Spikes
|
|-heal|p2a: Seismitoad|100/100|[from] move: Wish|[wisher] Sylveon
|-status|p1a: Conkeldurr|brn|[from] item: Flame Orb
|upkeep
|turn|7
|
|move|p2a: Seismitoad|Earthquake|p1a: Conkeldurr
|-crit|p1a: Conkeldurr
|-damage|p1a: Conkeldurr|32/100 brn
|move|p1a: Conkeldurr|Knock Off|p2a: Seismitoad
|-damage|p2a: Seismitoad|62/100
|-enditem|p2a: Seismitoad|Leftovers|[from] move: Knock Off|[of] p1a: Conkeldurr
|
|-damage|p1a: Conkeldurr|26/100 brn|[from] brn
|upkeep
|turn|8
|
|switch|p1a: Weezing|Weezing-Galar, M|100/100
|move|p2a: Seismitoad|Earthquake|p1a: Weezing
|-immune|p1a: Weezing|[from] ability: Levitate
|
|upkeep
|turn|9
|
|switch|p2a: Aegislash|Aegislash, F|84/100
|-damage|p2a: Aegislash|59/100|[from] Spikes
|move|p1a: Weezing|Dazzling Gleam|p2a: Aegislash
|-resisted|p2a: Aegislash
|-damage|p2a: Aegislash|46/100
|
|upkeep
|turn|10
|
|switch|p1a: Blissey|Blissey, F|100/100
|-formechange|p2a: Aegislash|Aegislash-Blade||[from] ability: Stance Change
|move|p2a: Aegislash|Flash Cannon|p1a: Blissey
|-crit|p1a: Blissey
|-damage|p1a: Blissey|60/100
|
|upkeep
|turn|11
|
|switch|p2a: Skarmory|Skarmory, F|100/100
|move|p1a: Blissey|Soft-Boiled|p1a: Blissey
|-heal|p1a: Blissey|100/100
|
|upkeep
|turn|12
|
|move|p2a: Skarmory|Defog|p1a: Blissey
|-unboost|p1a: Blissey|evasion|1
|-sideend|p1: Eltoras|Spikes|[from] move: Defog|[of] p2a: Skarmory
|-sideend|p2: trader hos|Spikes|[from] move: Defog|[of] p2a: Skarmory
|move|p1a: Blissey|Seismic Toss|p2a: Skarmory
|-damage|p2a: Skarmory|71/100
|-damage|p1a: Blissey|84/100|[from] item: Rocky Helmet|[of] p2a: Skarmory
|
|upkeep
|turn|13
|
|switch|p1a: Skarmory|Skarmory, M|49/100
|move|p2a: Skarmory|Spikes|p1a: Skarmory
|-sidestart|p1: Eltoras|Spikes
|
|upkeep
|turn|14
|
|switch|p2a: Seismitoad|Seismitoad, F|62/100
|move|p1a: Skarmory|Roost|p1a: Skarmory
|-heal|p1a: Skarmory|99/100
|-singleturn|p1a: Skarmory|move: Roost
|
|upkeep
|turn|15
|
|move|p1a: Skarmory|Spikes|p2a: Seismitoad
|-sidestart|p2: trader hos|Spikes
|move|p2a: Seismitoad|Stealth Rock|p1a: Skarmory
|-sidestart|p1: Eltoras|move: Stealth Rock
|
|upkeep
|turn|16
|
|move|p1a: Skarmory|Body Press|p2a: Seismitoad
|-damage|p2a: Seismitoad|38/100
|move|p2a: Seismitoad|Scald|p1a: Skarmory
|-damage|p1a: Skarmory|65/100
|-status|p1a: Skarmory|brn
|
|-damage|p1a: Skarmory|59/100 brn|[from] brn
|upkeep
|turn|17
|
|switch|p2a: Aegislash|Aegislash, F|46/100
|-damage|p2a: Aegislash|34/100|[from] Spikes
|move|p1a: Skarmory|Roost|p1a: Skarmory
|-heal|p1a: Skarmory|100/100 brn
|-singleturn|p1a: Skarmory|move: Roost
|
|-damage|p1a: Skarmory|95/100 brn|[from] brn
|upkeep
|turn|18
|
|switch|p2a: Sylveon|Sylveon, F|88/100
|-damage|p2a: Sylveon|75/100|[from] Spikes
|switch|p1a: Blissey|Blissey, F|84/100
|
|-heal|p2a: Sylveon|81/100|[from] item: Leftovers
|upkeep
|turn|19
|
|move|p2a: Sylveon|Wish|p2a: Sylveon
|move|p1a: Blissey|Stealth Rock|p2a: Sylveon
|-sidestart|p2: trader hos|move: Stealth Rock
|
|-heal|p2a: Sylveon|88/100|[from] item: Leftovers
|upkeep
|turn|20
|
|switch|p2a: Aegislash|Aegislash, F|34/100
|-damage|p2a: Aegislash|22/100|[from] Spikes
|-damage|p2a: Aegislash|16/100|[from] Stealth Rock
|move|p1a: Blissey|Teleport|p1a: Blissey
|
|switch|p1a: Tyranitar|Tyranitar, F|100/100|[from]move: Teleport
|-damage|p1a: Tyranitar|88/100|[from] Stealth Rock
|-damage|p1a: Tyranitar|76/100|[from] Spikes
|-weather|Sandstorm|[from] ability: Sand Stream|[of] p1a: Tyranitar
|
|-weather|Sandstorm|[upkeep]
|-heal|p2a: Aegislash|91/100|[from] move: Wish|[wisher] Sylveon
|upkeep
|turn|21
|
|move|p1a: Tyranitar|Fire Punch|p2a: Aegislash
|-supereffective|p2a: Aegislash
|-damage|p2a: Aegislash|19/100
|-formechange|p2a: Aegislash|Aegislash-Blade||[from] ability: Stance Change
|move|p2a: Aegislash|Flash Cannon|p1a: Tyranitar
|-supereffective|p1a: Tyranitar
|-damage|p1a: Tyranitar|0 fnt
|faint|p1a: Tyranitar
|
|-weather|Sandstorm|[upkeep]
|upkeep
|
|switch|p1a: Starmie|Starmie|100/100
|-damage|p1a: Starmie|88/100|[from] Spikes
|-damage|p1a: Starmie|76/100|[from] Stealth Rock
|turn|22
|
|switch|p2a: Sylveon|Sylveon, F|88/100
|-damage|p2a: Sylveon|75/100|[from] Stealth Rock
|-damage|p2a: Sylveon|63/100|[from] Spikes
|move|p1a: Starmie|Psyshock|p2a: Sylveon
|-damage|p2a: Sylveon|21/100
|
|-weather|Sandstorm|[upkeep]
|-damage|p1a: Starmie|70/100|[from] Sandstorm
|-damage|p2a: Sylveon|15/100|[from] Sandstorm
|-heal|p2a: Sylveon|21/100|[from] item: Leftovers
|upkeep
|turn|23
|
|move|p2a: Sylveon|Protect|p2a: Sylveon
|-singleturn|p2a: Sylveon|Protect
|move|p1a: Starmie|Psyshock|p2a: Sylveon
|-activate|p2a: Sylveon|move: Protect
|
|-weather|Sandstorm|[upkeep]
|-damage|p1a: Starmie|64/100|[from] Sandstorm
|-damage|p2a: Sylveon|15/100|[from] Sandstorm
|-heal|p2a: Sylveon|21/100|[from] item: Leftovers
|upkeep
|turn|24
|
|move|p1a: Starmie|Psyshock|p2a: Sylveon
|-damage|p2a: Sylveon|0 fnt
|faint|p2a: Sylveon
|
|-weather|none
|upkeep
|
|switch|p2a: Tyranitar|Tyranitar, M|100/100
|-damage|p2a: Tyranitar|88/100|[from] Stealth Rock
|-damage|p2a: Tyranitar|76/100|[from] Spikes
|-weather|Sandstorm|[from] ability: Sand Stream|[of] p2a: Tyranitar
|turn|25
|
|switch|p1a: Weezing|Weezing-Galar, M|100/100
|-damage|p1a: Weezing|88/100|[from] Stealth Rock
|move|p2a: Tyranitar|Dragon Dance|p2a: Tyranitar
|-boost|p2a: Tyranitar|atk|1
|-boost|p2a: Tyranitar|spe|1
|
|-weather|Sandstorm|[upkeep]
|-damage|p1a: Weezing|82/100|[from] Sandstorm
|-heal|p1a: Weezing|88/100|[from] item: Black Sludge
|upkeep
|turn|26
|
|move|p2a: Tyranitar|Stone Edge|p1a: Weezing
|-crit|p1a: Weezing
|-damage|p1a: Weezing|4/100
|move|p1a: Weezing|Dazzling Gleam|p2a: Tyranitar
|-supereffective|p2a: Tyranitar
|-damage|p2a: Tyranitar|43/100
|
|-weather|Sandstorm|[upkeep]
|-damage|p1a: Weezing|0 fnt|[from] Sandstorm
|faint|p1a: Weezing
|upkeep
|
|switch|p1a: Conkeldurr|Conkeldurr, F|26/100 brn
|-damage|p1a: Conkeldurr|20/100 brn|[from] Stealth Rock
|-damage|p1a: Conkeldurr|8/100 brn|[from] Spikes
|turn|27
|
|move|p1a: Conkeldurr|Mach Punch|p2a: Tyranitar
|-supereffective|p2a: Tyranitar
|-enditem|p2a: Tyranitar|Chople Berry|[eat]
|-enditem|p2a: Tyranitar|Chople Berry|[weaken]
|-damage|p2a: Tyranitar|0 fnt
|faint|p2a: Tyranitar
|
|-weather|Sandstorm|[upkeep]
|-damage|p1a: Conkeldurr|2/100 brn|[from] Sandstorm
|-damage|p1a: Conkeldurr|0 fnt|[from] brn
|faint|p1a: Conkeldurr
|upkeep
|
|switch|p2a: Lycanroc|Lycanroc, F|100/100
|switch|p1a: Starmie|Starmie|64/100
|-damage|p2a: Lycanroc|88/100|[from] Spikes
|-damage|p2a: Lycanroc|76/100|[from] Stealth Rock
|-damage|p1a: Starmie|51/100|[from] Spikes
|-damage|p1a: Starmie|39/100|[from] Stealth Rock
|turn|28
|
|switch|p1a: Skarmory|Skarmory, M|95/100 brn
|-damage|p1a: Skarmory|82/100 brn|[from] Stealth Rock
|move|p2a: Lycanroc|Stone Edge|p1a: Skarmory
|-damage|p1a: Skarmory|43/100 brn
|-damage|p2a: Lycanroc|66/100|[from] item: Life Orb
|
|-weather|Sandstorm|[upkeep]
|-damage|p1a: Skarmory|37/100 brn|[from] brn
|upkeep
|turn|29
|
|move|p2a: Lycanroc|Stone Edge|p1a: Skarmory|[miss]
|-miss|p2a: Lycanroc|p1a: Skarmory
|move|p1a: Skarmory|Roost|p1a: Skarmory
|-heal|p1a: Skarmory|87/100 brn
|-singleturn|p1a: Skarmory|move: Roost
|
|-weather|none
|-damage|p1a: Skarmory|81/100 brn|[from] brn
|upkeep
|turn|30
|c|☆trader hos|jadsiofjaoidsjfioasdf
|
|switch|p2a: Skarmory|Skarmory, F|71/100
|-damage|p2a: Skarmory|58/100|[from] Stealth Rock
|move|p1a: Skarmory|Body Press|p2a: Skarmory
|-damage|p2a: Skarmory|49/100
|-damage|p1a: Skarmory|65/100 brn|[from] item: Rocky Helmet|[of] p2a: Skarmory
|
|-damage|p1a: Skarmory|59/100 brn|[from] brn
|upkeep
|turn|31
|
|move|p1a: Skarmory|Roost|p1a: Skarmory
|-heal|p1a: Skarmory|100/100 brn
|-singleturn|p1a: Skarmory|move: Roost
|move|p2a: Skarmory|Roost|p2a: Skarmory
|-heal|p2a: Skarmory|99/100
|-singleturn|p2a: Skarmory|move: Roost
|
|-damage|p1a: Skarmory|95/100 brn|[from] brn
|upkeep
|turn|32
|
|move|p1a: Skarmory|Spikes|p2a: Skarmory
|-sidestart|p2: trader hos|Spikes
|move|p2a: Skarmory|Spikes|p1a: Skarmory
|-sidestart|p1: Eltoras|Spikes
|
|-damage|p1a: Skarmory|89/100 brn|[from] brn
|upkeep
|turn|33
|
|move|p1a: Skarmory|Spikes|p2a: Skarmory
|-sidestart|p2: trader hos|Spikes
|move|p2a: Skarmory|Whirlwind|p1a: Skarmory
|drag|p1a: Blissey|Blissey, F|84/100
|
|upkeep
|turn|34
|
|move|p2a: Skarmory|Spikes|p1a: Blissey
|-sidestart|p1: Eltoras|Spikes
|move|p1a: Blissey|Teleport|p1a: Blissey
|
|switch|p1a: Skarmory|Skarmory, M|89/100 brn|[from]move: Teleport
|-damage|p1a: Skarmory|76/100 brn|[from] Stealth Rock
|
|-damage|p1a: Skarmory|70/100 brn|[from] brn
|upkeep
|turn|35
|
|move|p1a: Skarmory|Whirlwind|p2a: Skarmory
|drag|p2a: Seismitoad|Seismitoad, F|38/100
|-damage|p2a: Seismitoad|32/100|[from] Stealth Rock
|-damage|p2a: Seismitoad|7/100|[from] Spikes
|
|-damage|p1a: Skarmory|64/100 brn|[from] brn
|upkeep
|turn|36
|
|move|p1a: Skarmory|Roost|p1a: Skarmory
|-heal|p1a: Skarmory|100/100 brn
|-singleturn|p1a: Skarmory|move: Roost
|move|p2a: Seismitoad|Scald|p1a: Skarmory
|-damage|p1a: Skarmory|67/100 brn
|
|-damage|p1a: Skarmory|61/100 brn|[from] brn
|upkeep
|turn|37
|
|switch|p1a: Blissey|Blissey, F|84/100
|move|p2a: Seismitoad|Scald|p1a: Blissey
|-damage|p1a: Blissey|75/100
|
|upkeep
|turn|38
|
|move|p2a: Seismitoad|Knock Off|p1a: Blissey
|-damage|p1a: Blissey|57/100
|-enditem|p1a: Blissey|Heavy-Duty Boots|[from] move: Knock Off|[of] p2a: Seismitoad
|move|p1a: Blissey|Seismic Toss|p2a: Seismitoad
|-damage|p2a: Seismitoad|0 fnt
|faint|p2a: Seismitoad
|
|upkeep
|
|switch|p2a: Skarmory|Skarmory, F|99/100
|-damage|p2a: Skarmory|87/100|[from] Stealth Rock
|turn|39
|
|move|p1a: Blissey|Soft-Boiled|p1a: Blissey
|-heal|p1a: Blissey|100/100
|move|p2a: Skarmory|Whirlwind|p1a: Blissey
|drag|p1a: Skarmory|Skarmory, M|61/100 brn
|-damage|p1a: Skarmory|49/100 brn|[from] Stealth Rock
|
|-damage|p1a: Skarmory|43/100 brn|[from] brn
|upkeep
|turn|40
|
|move|p1a: Skarmory|Whirlwind|p2a: Skarmory
|drag|p2a: Lycanroc|Lycanroc, F|66/100
|-damage|p2a: Lycanroc|54/100|[from] Stealth Rock
|-damage|p2a: Lycanroc|29/100|[from] Spikes
|
|-damage|p1a: Skarmory|37/100 brn|[from] brn
|upkeep
|turn|41
|
|move|p2a: Lycanroc|Stone Edge|p1a: Skarmory
|-damage|p1a: Skarmory|0 fnt
|-damage|p2a: Lycanroc|19/100|[from] item: Life Orb
|faint|p1a: Skarmory
|
|upkeep
|
|switch|p1a: Starmie|Starmie|39/100
|-damage|p1a: Starmie|27/100|[from] Stealth Rock
|-damage|p1a: Starmie|2/100|[from] Spikes
|turn|42
|
|move|p2a: Lycanroc|Accelerock|p1a: Starmie
|-damage|p1a: Starmie|0 fnt
|-damage|p2a: Lycanroc|9/100|[from] item: Life Orb
|faint|p1a: Starmie
|
|upkeep
|
|switch|p1a: Blissey|Blissey, F|100/100
|-damage|p1a: Blissey|88/100|[from] Stealth Rock
|-damage|p1a: Blissey|63/100|[from] Spikes
|turn|43
|
|move|p2a: Lycanroc|Close Combat|p1a: Blissey
|-supereffective|p1a: Blissey
|-damage|p1a: Blissey|0 fnt
|-unboost|p2a: Lycanroc|def|1
|-unboost|p2a: Lycanroc|spd|1
|-damage|p2a: Lycanroc|0 fnt|[from] item: Life Orb
|faint|p1a: Blissey
|faint|p2a: Lycanroc
|
|win|trader hos
