|j|☆DarkHorse344
|j|☆Polybius32
|t:|1667490070
|gametype|singles
|player|p1|DarkHorse344|brendan-gen3rs|1335
|player|p2|Polybius32|grimsley|1421
|teamsize|p1|6
|teamsize|p2|6
|gen|8
|tier|[Gen 8] UU
|rated|
|rule|Sleep Clause Mod: Limit one foe put to sleep
|rule|Species Clause: Limit one of each Pokémon
|rule|OHKO Clause: OHKO moves are banned
|rule|Evasion Items Clause: Evasion items are banned
|rule|Evasion Moves Clause: Evasion moves are banned
|rule|Endless Battle Clause: Forcing endless battles is banned
|rule|HP Percentage Mod: HP is shown in percentages
|rule|Dynamax Clause: You cannot dynamax
|clearpoke
|poke|p1|Registeel|
|poke|p1|Zygarde-10%|
|poke|p1|Chansey, F|
|poke|p1|Amoonguss, F|
|poke|p1|Conkeldurr, F|
|poke|p1|Salamence, M|
|poke|p2|Guzzlord|
|poke|p2|Regice|
|poke|p2|Necrozma|
|poke|p2|Mimikyu, M|
|poke|p2|Xurkitree|
|poke|p2|Magneton|
|teampreview
|
|t:|1667490093
|start
|switch|p1a: Amoonguss|Amoonguss, F|100/100
|switch|p2a: Tien|Magneton, shiny|100/100
|turn|1
|
|t:|1667490100
|move|p2a: Tien|Volt Switch|p1a: Amoonguss
|-resisted|p1a: Amoonguss
|-damage|p1a: Amoonguss|85/100
|
|t:|1667490106
|switch|p2a: Jim|Regice|100/100|[from]move: Volt Switch
|move|p1a: Amoonguss|Spore|p2a: Jim
|-status|p2a: Jim|slp|[from] move: Spore
|
|upkeep
|turn|2
|
|t:|1667490112
|switch|p1a: Conkeldurr|Conkeldurr, F|100/100
|cant|p2a: Jim|slp
|
|-status|p1a: Conkeldurr|brn|[from] item: Flame Orb
|upkeep
|turn|3
|
|t:|1667490116
|switch|p2a: Mr. Widemouth|Guzzlord|100/100
|move|p1a: Conkeldurr|Knock Off|p2a: Mr. Widemouth
|-resisted|p2a: Mr. Widemouth
|-damage|p2a: Mr. Widemouth|86/100
|-enditem|p2a: Mr. Widemouth|Leftovers|[from] move: Knock Off|[of] p1a: Conkeldurr
|
|-damage|p1a: Conkeldurr|95/100 brn|[from] brn
|upkeep
|turn|4
|
|t:|1667490121
|switch|p2a: Gimme Candy|Mimikyu, M|100/100
|move|p1a: Conkeldurr|Drain Punch|p2a: Gimme Candy
|-immune|p2a: Gimme Candy
|
|-damage|p1a: Conkeldurr|89/100 brn|[from] brn
|upkeep
|turn|5
|
|t:|1667490123
|move|p2a: Gimme Candy|Swords Dance|p2a: Gimme Candy
|-boost|p2a: Gimme Candy|atk|2
|move|p1a: Conkeldurr|Knock Off|p2a: Gimme Candy
|-activate|p2a: Gimme Candy|ability: Disguise
|-damage|p2a: Gimme Candy|100/100
|-enditem|p2a: Gimme Candy|Razor Claw|[from] move: Knock Off|[of] p1a: Conkeldurr
|detailschange|p2a: Gimme Candy|Mimikyu-Busted, M
|-damage|p2a: Gimme Candy|88/100|[from] pokemon: Mimikyu-Busted
|
|-damage|p1a: Conkeldurr|83/100 brn|[from] brn
|upkeep
|turn|6
|
|t:|1667490132
|switch|p1a: Amoonguss|Amoonguss, F|100/100
|move|p2a: Gimme Candy|Shadow Claw|p1a: Amoonguss
|-crit|p1a: Amoonguss
|-damage|p1a: Amoonguss|40/100
|-damage|p2a: Gimme Candy|72/100|[from] item: Rocky Helmet|[of] p1a: Amoonguss
|
|upkeep
|turn|7
|
|t:|1667490136
|switch|p1a: Salamence|Salamence, M|100/100
|-ability|p1a: Salamence|Intimidate|boost
|-unboost|p2a: Gimme Candy|atk|1
|move|p2a: Gimme Candy|Shadow Claw|p1a: Salamence
|-damage|p1a: Salamence|54/100
|
|upkeep
|turn|8
|
|t:|1667490149
|move|p1a: Salamence|Dual Wingbeat|p2a: Gimme Candy
|-crit|p2a: Gimme Candy
|-damage|p2a: Gimme Candy|29/100
|-damage|p2a: Gimme Candy|1/100
|-hitcount|p2a: Gimme Candy|2
|move|p2a: Gimme Candy|Shadow Claw|p1a: Salamence
|-damage|p1a: Salamence|12/100
|
|upkeep
|turn|9
|
|t:|1667490160
|switch|p1a: Amoonguss|Amoonguss, F|73/100
|move|p2a: Gimme Candy|Shadow Sneak|p1a: Amoonguss
|-damage|p1a: Amoonguss|56/100
|-damage|p2a: Gimme Candy|0 fnt|[from] item: Rocky Helmet|[of] p1a: Amoonguss
|faint|p2a: Gimme Candy
|
|upkeep
|
|t:|1667490169
|switch|p2a: Ashen Demon|Necrozma|100/100
|turn|10
|
|t:|1667490207
|switch|p1a: Chansey|Chansey, F|100/100
|move|p2a: Ashen Demon|Calm Mind|p2a: Ashen Demon
|-boost|p2a: Ashen Demon|spa|1
|-boost|p2a: Ashen Demon|spd|1
|
|upkeep
|turn|11
|
|t:|1667490211
|move|p2a: Ashen Demon|Calm Mind|p2a: Ashen Demon
|-boost|p2a: Ashen Demon|spa|1
|-boost|p2a: Ashen Demon|spd|1
|move|p1a: Chansey|Thunder Wave|p2a: Ashen Demon
|-status|p2a: Ashen Demon|par
|
|upkeep
|turn|12
|
|t:|1667490234
|move|p2a: Ashen Demon|Calm Mind|p2a: Ashen Demon
|-boost|p2a: Ashen Demon|spa|1
|-boost|p2a: Ashen Demon|spd|1
|move|p1a: Chansey|Teleport|p1a: Chansey
|
|t:|1667490235
|switch|p1a: Conkeldurr|Conkeldurr, F|83/100 brn|[from]move: Teleport
|
|-damage|p1a: Conkeldurr|77/100 brn|[from] brn
|upkeep
|turn|13
|
|t:|1667490238
|move|p1a: Conkeldurr|Knock Off|p2a: Ashen Demon
|-supereffective|p2a: Ashen Demon
|-damage|p2a: Ashen Demon|45/100 par
|-enditem|p2a: Ashen Demon|Chesto Berry|[from] move: Knock Off|[of] p1a: Conkeldurr
|cant|p2a: Ashen Demon|par
|
|-damage|p1a: Conkeldurr|71/100 brn|[from] brn
|upkeep
|turn|14
|
|t:|1667490243
|move|p1a: Conkeldurr|Facade|p2a: Ashen Demon
|-damage|p2a: Ashen Demon|0 fnt
|faint|p2a: Ashen Demon
|
|-damage|p1a: Conkeldurr|65/100 brn|[from] brn
|upkeep
|
|t:|1667490249
|switch|p2a: Tien|Magneton, shiny|100/100
|turn|15
|
|t:|1667490254
|switch|p1a: Chansey|Chansey, F|100/100
|move|p2a: Tien|Volt Switch|p1a: Chansey
|-damage|p1a: Chansey|90/100
|
|t:|1667490259
|switch|p2a: Mr. Widemouth|Guzzlord|86/100|[from]move: Volt Switch
|
|upkeep
|turn|16
|
|t:|1667490278
|switch|p1a: Salamence|Salamence, M|12/100
|-ability|p1a: Salamence|Intimidate|boost
|-unboost|p2a: Mr. Widemouth|atk|1
|move|p2a: Mr. Widemouth|Stockpile|p2a: Mr. Widemouth
|-start|p2a: Mr. Widemouth|stockpile1
|-boost|p2a: Mr. Widemouth|def|1
|-boost|p2a: Mr. Widemouth|spd|1
|
|upkeep
|turn|17
|j| Angelwingsmygoons
|
|t:|1667490286
|switch|p1a: Registeel|Registeel|100/100
|move|p2a: Mr. Widemouth|Sludge Bomb|p1a: Registeel
|-immune|p1a: Registeel
|
|upkeep
|turn|18
|
|t:|1667490290
|move|p1a: Registeel|Iron Defense|p1a: Registeel
|-boost|p1a: Registeel|def|2
|move|p2a: Mr. Widemouth|Body Press|p1a: Registeel
|-supereffective|p1a: Registeel
|-damage|p1a: Registeel|88/100
|
|-heal|p1a: Registeel|94/100|[from] item: Leftovers
|upkeep
|turn|19
|
|t:|1667490299
|switch|p2a: Man-at-Legs|Xurkitree|100/100
|move|p1a: Registeel|Amnesia|p1a: Registeel
|-boost|p1a: Registeel|spd|2
|
|-heal|p1a: Registeel|99/100|[from] item: Leftovers
|upkeep
|turn|20
|
|t:|1667490302
|move|p2a: Man-at-Legs|Zap Cannon|p1a: Registeel|[miss]
|-miss|p2a: Man-at-Legs|p1a: Registeel
|-enditem|p2a: Man-at-Legs|Blunder Policy
|-boost|p2a: Man-at-Legs|spe|2
|move|p1a: Registeel|Amnesia|p1a: Registeel
|-boost|p1a: Registeel|spd|2
|
|-heal|p1a: Registeel|100/100|[from] item: Leftovers
|upkeep
|turn|21
|
|t:|1667490307
|move|p2a: Man-at-Legs|Zap Cannon|p1a: Registeel
|-damage|p1a: Registeel|82/100
|-status|p1a: Registeel|par
|move|p1a: Registeel|Amnesia|p1a: Registeel
|-boost|p1a: Registeel|spd|2
|
|-heal|p1a: Registeel|88/100 par|[from] item: Leftovers
|upkeep
|turn|22
|
|t:|1667490316
|move|p2a: Man-at-Legs|Thunderbolt|p1a: Registeel
|-damage|p1a: Registeel|78/100 par
|cant|p1a: Registeel|par
|
|-heal|p1a: Registeel|84/100 par|[from] item: Leftovers
|upkeep
|turn|23
|
|t:|1667490319
|move|p2a: Man-at-Legs|Thunderbolt|p1a: Registeel
|-damage|p1a: Registeel|73/100 par
|move|p1a: Registeel|Iron Defense|p1a: Registeel
|-boost|p1a: Registeel|def|2
|
|-heal|p1a: Registeel|79/100 par|[from] item: Leftovers
|upkeep
|turn|24
|
|t:|1667490325
|move|p2a: Man-at-Legs|Thunderbolt|p1a: Registeel
|-damage|p1a: Registeel|68/100 par
|cant|p1a: Registeel|par
|
|-heal|p1a: Registeel|74/100 par|[from] item: Leftovers
|upkeep
|turn|25
|
|t:|1667490328
|move|p2a: Man-at-Legs|Thunderbolt|p1a: Registeel
|-damage|p1a: Registeel|64/100 par
|cant|p1a: Registeel|par
|
|-heal|p1a: Registeel|70/100 par|[from] item: Leftovers
|upkeep
|turn|26
|
|t:|1667490331
|move|p2a: Man-at-Legs|Thunderbolt|p1a: Registeel
|-damage|p1a: Registeel|59/100 par
|move|p1a: Registeel|Body Press|p2a: Man-at-Legs
|-damage|p2a: Man-at-Legs|0 fnt
|faint|p2a: Man-at-Legs
|
|-heal|p1a: Registeel|65/100 par|[from] item: Leftovers
|upkeep
|
|t:|1667490341
|switch|p2a: Jim|Regice|100/100 slp
|turn|27
|
|t:|1667490344
|-curestatus|p2a: Jim|slp|[msg]
|move|p2a: Jim|Focus Blast|p1a: Registeel
|-supereffective|p1a: Registeel
|-damage|p1a: Registeel|52/100 par
|move|p1a: Registeel|Body Press|p2a: Jim
|-supereffective|p2a: Jim
|-damage|p2a: Jim|0 fnt
|faint|p2a: Jim
|
|-heal|p1a: Registeel|58/100 par|[from] item: Leftovers
|upkeep
|
|t:|1667490353
|switch|p2a: Tien|Magneton, shiny|100/100
|turn|28
|
|t:|1667490356
|move|p2a: Tien|Thunderbolt|p1a: Registeel
|-damage|p1a: Registeel|49/100 par
|cant|p1a: Registeel|par
|
|-heal|p1a: Registeel|55/100 par|[from] item: Leftovers
|upkeep
|turn|29
|
|t:|1667490358
|move|p2a: Tien|Thunderbolt|p1a: Registeel
|-damage|p1a: Registeel|47/100 par
|cant|p1a: Registeel|par
|
|-heal|p1a: Registeel|53/100 par|[from] item: Leftovers
|upkeep
|turn|30
|
|t:|1667490361
|move|p2a: Tien|Thunderbolt|p1a: Registeel
|-damage|p1a: Registeel|46/100 par
|move|p1a: Registeel|Body Press|p2a: Tien
|-supereffective|p2a: Tien
|-damage|p2a: Tien|0 fnt
|faint|p2a: Tien
|
|-heal|p1a: Registeel|52/100 par|[from] item: Leftovers
|upkeep
|
|t:|1667490363
|switch|p2a: Mr. Widemouth|Guzzlord|86/100
|turn|31
|
|t:|1667490366
|move|p2a: Mr. Widemouth|Stockpile|p2a: Mr. Widemouth
|-start|p2a: Mr. Widemouth|stockpile1
|-boost|p2a: Mr. Widemouth|def|1
|-boost|p2a: Mr. Widemouth|spd|1
|move|p1a: Registeel|Body Press|p2a: Mr. Widemouth
|-supereffective|p2a: Mr. Widemouth
|-crit|p2a: Mr. Widemouth
|-damage|p2a: Mr. Widemouth|0 fnt
|faint|p2a: Mr. Widemouth
|
|win|DarkHorse344
|raw|DarkHorse344's rating: 1335 &rarr; <strong>1360</strong><br />(+25 for winning)
|raw|Polybius32's rating: 1421 &rarr; <strong>1396</strong><br />(-25 for losing)
|c|☆Polybius32|gg
|c|☆DarkHorse344|gg!
