|j|☆Angelborn
|j|☆uult1 anish
|player|p1|Angelborn|crasherwake|1442
|player|p2|uult1 anish|ash|1589
|teamsize|p1|6
|teamsize|p2|6
|gametype|singles
|gen|8
|tier|[Gen 8] UU
|rated|
|clearpoke
|poke|p1|Golisopod, F|
|poke|p1|Escavalier, M|
|poke|p1|Weezing-Galar, M|
|poke|p1|Umbreon, F|
|poke|p1|Gastrodon-East, F|
|poke|p1|Gigalith, F|
|poke|p2|Roserade, M|
|poke|p2|Milotic, M|
|poke|p2|Incineroar, M|
|poke|p2|Stunfisk-Galar, F|
|poke|p2|Noivern, M|
|poke|p2|Sylveon, F|
|rule|Sleep Clause Mod: Limit one foe put to sleep
|rule|Species Clause: Limit one of each Pokémon
|rule|OHKO Clause: OHKO moves are banned
|rule|Evasion Moves Clause: Evasion moves are banned
|rule|Endless Battle Clause: Forcing endless battles is banned
|rule|HP Percentage Mod: HP is shown in percentages
|rule|Dynamax Clause: You cannot dynamax
|teampreview
|c|☆Angelborn|gl / hf
|c|☆uult1 anish|u2
|
|start
|switch|p1a: Varian|Escavalier, M|100/100
|switch|p2a: snekky snek|Milotic, M|100/100
|turn|1
|
|move|p2a: snekky snek|Scald|p1a: Varian
|-damage|p1a: Varian|81/100
|move|p1a: Varian|Knock Off|p2a: snekky snek
|-damage|p2a: snekky snek|77/100
|-enditem|p2a: snekky snek|Leftovers|[from] move: Knock Off|[of] p1a: Varian
|
|-heal|p1a: Varian|87/100|[from] item: Leftovers
|upkeep
|turn|2
|
|move|p2a: snekky snek|Toxic|p1a: Varian
|-immune|p1a: Varian
|move|p1a: Varian|Megahorn|p2a: snekky snek
|-damage|p2a: snekky snek|32/100
|
|-heal|p1a: Varian|94/100|[from] item: Leftovers
|upkeep
|turn|3
|
|move|p2a: snekky snek|Recover|p2a: snekky snek
|-heal|p2a: snekky snek|82/100
|move|p1a: Varian|Megahorn|p2a: snekky snek
|-damage|p2a: snekky snek|41/100
|
|-heal|p1a: Varian|99/100|[from] item: Leftovers
|upkeep
|turn|4
|
|move|p2a: snekky snek|Recover|p2a: snekky snek
|-heal|p2a: snekky snek|91/100
|move|p1a: Varian|Megahorn|p2a: snekky snek
|-damage|p2a: snekky snek|47/100
|
|-heal|p1a: Varian|100/100|[from] item: Leftovers
|upkeep
|turn|5
|
|move|p2a: snekky snek|Recover|p2a: snekky snek
|-heal|p2a: snekky snek|97/100
|move|p1a: Varian|Megahorn|p2a: snekky snek
|-damage|p2a: snekky snek|51/100
|
|upkeep
|turn|6
|
|move|p2a: snekky snek|Recover|p2a: snekky snek
|-heal|p2a: snekky snek|100/100
|move|p1a: Varian|Megahorn|p2a: snekky snek
|-damage|p2a: snekky snek|59/100
|
|upkeep
|turn|7
|
|move|p2a: snekky snek|Scald|p1a: Varian
|-damage|p1a: Varian|83/100
|move|p1a: Varian|Megahorn|p2a: snekky snek
|-damage|p2a: snekky snek|13/100
|
|-heal|p1a: Varian|89/100|[from] item: Leftovers
|upkeep
|turn|8
|
|switch|p1a: Therazane|Gigalith, F, shiny|100/100
|-weather|Sandstorm|[from] ability: Sand Stream|[of] p1a: Therazane
|move|p2a: snekky snek|Recover|p2a: snekky snek
|-heal|p2a: snekky snek|63/100
|
|-weather|Sandstorm|[upkeep]
|-damage|p2a: snekky snek|57/100|[from] Sandstorm
|upkeep
|turn|9
|
|move|p2a: snekky snek|Recover|p2a: snekky snek
|-heal|p2a: snekky snek|100/100
|move|p1a: Therazane|Toxic|p2a: snekky snek
|-status|p2a: snekky snek|tox
|
|-weather|Sandstorm|[upkeep]
|-damage|p2a: snekky snek|94/100 tox|[from] Sandstorm
|-damage|p2a: snekky snek|88/100 tox|[from] psn
|upkeep
|turn|10
|
|switch|p2a: stuntfisk|Stunfisk-Galar, F|100/100
|move|p1a: Therazane|Stealth Rock|p2a: stuntfisk
|-sidestart|p2: uult1 anish|move: Stealth Rock
|
|-weather|Sandstorm|[upkeep]
|upkeep
|turn|11
|
|switch|p1a: Mal'Ganis|Weezing-Galar, M|100/100
|move|p2a: stuntfisk|Stealth Rock|p1a: Mal'Ganis
|-sidestart|p1: Angelborn|move: Stealth Rock
|
|-weather|Sandstorm|[upkeep]
|-damage|p1a: Mal'Ganis|95/100|[from] Sandstorm
|-heal|p1a: Mal'Ganis|100/100|[from] item: Black Sludge
|upkeep
|turn|12
|
|switch|p2a: scratchy matchy|Incineroar, M|100/100
|-ability|p2a: scratchy matchy|Intimidate|boost
|-unboost|p1a: Mal'Ganis|atk|1
|move|p1a: Mal'Ganis|Strange Steam|p2a: scratchy matchy
|-crit|p2a: scratchy matchy
|-damage|p2a: scratchy matchy|75/100
|
|-weather|none
|upkeep
|turn|13
|
|switch|p1a: Varian|Escavalier, M|89/100
|-damage|p1a: Varian|76/100|[from] Stealth Rock
|move|p2a: scratchy matchy|Knock Off|p1a: Varian
|-damage|p1a: Varian|41/100
|-enditem|p1a: Varian|Leftovers|[from] move: Knock Off|[of] p2a: scratchy matchy
|
|upkeep
|turn|14
|
|switch|p1a: Vashj|Gastrodon-East, F|100/100
|-damage|p1a: Vashj|94/100|[from] Stealth Rock
|move|p2a: scratchy matchy|Parting Shot|p1a: Vashj
|-unboost|p1a: Vashj|atk|1
|-unboost|p1a: Vashj|spa|1
|
|switch|p2a: flower power|Roserade, M|100/100|[from]move: Parting Shot
|-damage|p2a: flower power|88/100|[from] Stealth Rock
|
|-heal|p2a: flower power|94/100|[from] item: Black Sludge
|-heal|p1a: Vashj|100/100|[from] item: Leftovers
|upkeep
|turn|15
|
|switch|p2a: scratchy matchy|Incineroar, M|75/100
|-ability|p2a: scratchy matchy|Intimidate|boost
|-unboost|p1a: Vashj|atk|1
|switch|p1a: Golisopod|Golisopod, F|100/100
|
|upkeep
|turn|16
|
|switch|p2a: batzy watzy|Noivern, M|100/100
|-item|p1a: Golisopod|Heavy-Duty Boots|[from] ability: Frisk|[of] p2a: batzy watzy|[identify]
|switch|p1a: Vashj|Gastrodon-East, F|100/100
|-damage|p1a: Vashj|94/100|[from] Stealth Rock
|
|-heal|p1a: Vashj|100/100|[from] item: Leftovers
|upkeep
|turn|17
|
|switch|p2a: flower power|Roserade, M|94/100
|-damage|p2a: flower power|82/100|[from] Stealth Rock
|move|p1a: Vashj|Scald|p2a: flower power
|-resisted|p2a: flower power
|-damage|p2a: flower power|65/100
|-status|p2a: flower power|brn
|
|-heal|p2a: flower power|71/100 brn|[from] item: Black Sludge
|-damage|p2a: flower power|65/100 brn|[from] brn
|upkeep
|turn|18
|
|switch|p1a: Elune|Umbreon, F, shiny|100/100
|-damage|p1a: Elune|88/100|[from] Stealth Rock
|move|p2a: flower power|Leaf Storm|p1a: Elune
|-damage|p1a: Elune|45/100
|-unboost|p2a: flower power|spa|2
|
|-heal|p2a: flower power|71/100 brn|[from] item: Black Sludge
|-heal|p1a: Elune|51/100|[from] item: Leftovers
|-damage|p2a: flower power|65/100 brn|[from] brn
|upkeep
|turn|19
|
|move|p2a: flower power|Spikes|p1a: Elune
|-sidestart|p1: Angelborn|Spikes
|move|p1a: Elune|Wish|p1a: Elune
|
|-heal|p2a: flower power|71/100 brn|[from] item: Black Sludge
|-heal|p1a: Elune|57/100|[from] item: Leftovers
|-damage|p2a: flower power|65/100 brn|[from] brn
|upkeep
|turn|20
|
|switch|p2a: scratchy matchy|Incineroar, M|75/100
|-ability|p2a: scratchy matchy|Intimidate|boost
|-unboost|p1a: Elune|atk|1
|switch|p1a: Varian|Escavalier, M|41/100
|-damage|p1a: Varian|28/100|[from] Stealth Rock
|-damage|p1a: Varian|16/100|[from] Spikes
|
|-heal|p1a: Varian|73/100|[from] move: Wish|[wisher] Elune
|upkeep
|turn|21
|
|switch|p1a: Vashj|Gastrodon-East, F|100/100
|-damage|p1a: Vashj|94/100|[from] Stealth Rock
|-damage|p1a: Vashj|82/100|[from] Spikes
|move|p2a: scratchy matchy|Toxic|p1a: Vashj|[miss]
|-miss|p2a: scratchy matchy|p1a: Vashj
|
|-heal|p1a: Vashj|88/100|[from] item: Leftovers
|upkeep
|turn|22
|
|move|p2a: scratchy matchy|Parting Shot|p1a: Vashj
|-unboost|p1a: Vashj|atk|1
|-unboost|p1a: Vashj|spa|1
|
|switch|p2a: flower power|Roserade, M|65/100|[from]move: Parting Shot
|-damage|p2a: flower power|53/100|[from] Stealth Rock
|move|p1a: Vashj|Earth Power|p2a: flower power
|-damage|p2a: flower power|28/100
|
|-heal|p2a: flower power|35/100|[from] item: Black Sludge
|-heal|p1a: Vashj|94/100|[from] item: Leftovers
|upkeep
|turn|23
|
|switch|p1a: Mal'Ganis|Weezing-Galar, M|100/100
|-damage|p1a: Mal'Ganis|88/100|[from] Stealth Rock
|move|p2a: flower power|Synthesis|p2a: flower power
|-heal|p2a: flower power|84/100
|
|-heal|p2a: flower power|91/100|[from] item: Black Sludge
|-heal|p1a: Mal'Ganis|94/100|[from] item: Black Sludge
|upkeep
|turn|24
|
|move|p2a: flower power|Sludge Bomb|p1a: Mal'Ganis
|-damage|p1a: Mal'Ganis|29/100
|move|p1a: Mal'Ganis|Defog|p2a: flower power
|-unboost|p2a: flower power|evasion|1
|-sideend|p2: uult1 anish|Stealth Rock|[from] move: Defog|[of] p1a: Mal'Ganis
|-sideend|p1: Angelborn|Spikes|[from] move: Defog|[of] p1a: Mal'Ganis
|-sideend|p1: Angelborn|Stealth Rock|[from] move: Defog|[of] p1a: Mal'Ganis
|
|-heal|p2a: flower power|97/100|[from] item: Black Sludge
|-heal|p1a: Mal'Ganis|35/100|[from] item: Black Sludge
|upkeep
|turn|25
|
|switch|p1a: Varian|Escavalier, M|73/100
|move|p2a: flower power|Spikes|p1a: Varian
|-sidestart|p1: Angelborn|Spikes
|
|-heal|p2a: flower power|100/100|[from] item: Black Sludge
|upkeep
|turn|26
|j| AF Kiin
|
|switch|p2a: batzy watzy|Noivern, M|100/100
|move|p1a: Varian|Knock Off|p2a: batzy watzy
|-damage|p2a: batzy watzy|65/100
|-enditem|p2a: batzy watzy|Heavy-Duty Boots|[from] move: Knock Off|[of] p1a: Varian
|
|upkeep
|turn|27
|
|switch|p2a: singy thingy|Sylveon, F|100/100
|switch|p1a: Therazane|Gigalith, F, shiny|100/100
|-damage|p1a: Therazane|88/100|[from] Spikes
|-weather|Sandstorm|[from] ability: Sand Stream|[of] p1a: Therazane
|
|-weather|Sandstorm|[upkeep]
|-damage|p2a: singy thingy|94/100|[from] Sandstorm
|-heal|p2a: singy thingy|100/100|[from] item: Leftovers
|-heal|p1a: Therazane|94/100|[from] item: Leftovers
|upkeep
|turn|28
|
|move|p2a: singy thingy|Heal Bell|p2a: singy thingy
|-activate|p2a: singy thingy|move: Heal Bell
|-curestatus|p2: snekky snek|tox|[msg]
|move|p1a: Therazane|Stealth Rock|p2a: singy thingy
|-sidestart|p2: uult1 anish|move: Stealth Rock
|
|-weather|Sandstorm|[upkeep]
|-damage|p2a: singy thingy|94/100|[from] Sandstorm
|-heal|p2a: singy thingy|100/100|[from] item: Leftovers
|-heal|p1a: Therazane|100/100|[from] item: Leftovers
|upkeep
|turn|29
|
|switch|p2a: stuntfisk|Stunfisk-Galar, F|100/100
|-damage|p2a: stuntfisk|97/100|[from] Stealth Rock
|move|p1a: Therazane|Toxic|p2a: stuntfisk
|-immune|p2a: stuntfisk
|
|-weather|Sandstorm|[upkeep]
|-heal|p2a: stuntfisk|100/100|[from] item: Leftovers
|upkeep
|turn|30
|
|switch|p1a: Mal'Ganis|Weezing-Galar, M|35/100
|move|p2a: stuntfisk|Stealth Rock|p1a: Mal'Ganis
|-sidestart|p1: Angelborn|move: Stealth Rock
|
|-weather|Sandstorm|[upkeep]
|-damage|p1a: Mal'Ganis|29/100|[from] Sandstorm
|-heal|p1a: Mal'Ganis|35/100|[from] item: Black Sludge
|upkeep
|turn|31
|
|switch|p2a: flower power|Roserade, M|100/100
|-damage|p2a: flower power|88/100|[from] Stealth Rock
|move|p1a: Mal'Ganis|Defog|p2a: flower power
|-unboost|p2a: flower power|evasion|1
|-sideend|p2: uult1 anish|Stealth Rock|[from] move: Defog|[of] p1a: Mal'Ganis
|-sideend|p1: Angelborn|Spikes|[from] move: Defog|[of] p1a: Mal'Ganis
|-sideend|p1: Angelborn|Stealth Rock|[from] move: Defog|[of] p1a: Mal'Ganis
|
|-weather|none
|-heal|p2a: flower power|94/100|[from] item: Black Sludge
|-heal|p1a: Mal'Ganis|41/100|[from] item: Black Sludge
|upkeep
|turn|32
|
|switch|p1a: Golisopod|Golisopod, F|100/100
|move|p2a: flower power|Spikes|p1a: Golisopod
|-sidestart|p1: Angelborn|Spikes
|
|-heal|p2a: flower power|100/100|[from] item: Black Sludge
|upkeep
|turn|33
|
|switch|p2a: batzy watzy|Noivern, M|65/100
|-item|p1a: Golisopod|Heavy-Duty Boots|[from] ability: Frisk|[of] p2a: batzy watzy|[identify]
|move|p1a: Golisopod|First Impression|p2a: batzy watzy
|-resisted|p2a: batzy watzy
|-damage|p2a: batzy watzy|32/100
|
|upkeep
|turn|34
|
|move|p2a: batzy watzy|Roost|p2a: batzy watzy
|-heal|p2a: batzy watzy|82/100
|-singleturn|p2a: batzy watzy|move: Roost
|move|p1a: Golisopod|Spikes|p2a: batzy watzy
|-sidestart|p2: uult1 anish|Spikes
|
|upkeep
|turn|35
|
|switch|p2a: stuntfisk|Stunfisk-Galar, F|100/100
|-damage|p2a: stuntfisk|88/100|[from] Spikes
|move|p1a: Golisopod|Spikes|p2a: stuntfisk
|-sidestart|p2: uult1 anish|Spikes
|
|-heal|p2a: stuntfisk|94/100|[from] item: Leftovers
|upkeep
|turn|36
|
|switch|p2a: batzy watzy|Noivern, M|82/100
|-item|p1a: Golisopod|Heavy-Duty Boots|[from] ability: Frisk|[of] p2a: batzy watzy|[identify]
|move|p1a: Golisopod|Liquidation|p2a: batzy watzy
|-resisted|p2a: batzy watzy
|-damage|p2a: batzy watzy|52/100
|
|upkeep
|turn|37
|
|move|p2a: batzy watzy|Defog|p1a: Golisopod
|-unboost|p1a: Golisopod|evasion|1
|-sideend|p1: Angelborn|Spikes|[from] move: Defog|[of] p2a: batzy watzy
|-sideend|p2: uult1 anish|Spikes|[from] move: Defog|[of] p2a: batzy watzy
|move|p1a: Golisopod|Spikes|p2a: batzy watzy
|-sidestart|p2: uult1 anish|Spikes
|
|upkeep
|turn|38
|
|move|p2a: batzy watzy|Defog|p1a: Golisopod
|-unboost|p1a: Golisopod|evasion|1
|-sideend|p2: uult1 anish|Spikes|[from] move: Defog|[of] p2a: batzy watzy
|move|p1a: Golisopod|Leech Life|p2a: batzy watzy
|-resisted|p2a: batzy watzy
|-damage|p2a: batzy watzy|22/100
|
|upkeep
|turn|39
|
|move|p2a: batzy watzy|Draco Meteor|p1a: Golisopod
|-damage|p1a: Golisopod|42/100
|-unboost|p2a: batzy watzy|spa|2
|-activate|p1a: Golisopod|ability: Emergency Exit
|
|switch|p1a: Varian|Escavalier, M|73/100
|
|upkeep
|turn|40
|
|switch|p2a: snekky snek|Milotic, M|88/100
|move|p1a: Varian|Knock Off|p2a: snekky snek
|-damage|p2a: snekky snek|73/100
|
|upkeep
|turn|41
|
|switch|p1a: Elune|Umbreon, F, shiny|57/100
|move|p2a: snekky snek|Scald|p1a: Elune
|-damage|p1a: Elune|38/100
|
|-heal|p1a: Elune|44/100|[from] item: Leftovers
|upkeep
|turn|42
|
|switch|p2a: stuntfisk|Stunfisk-Galar, F|94/100
|move|p1a: Elune|Wish|p1a: Elune
|
|-heal|p1a: Elune|50/100|[from] item: Leftovers
|-heal|p2a: stuntfisk|100/100|[from] item: Leftovers
|upkeep
|turn|43
|
|switch|p1a: Mal'Ganis|Weezing-Galar, M|41/100
|move|p2a: stuntfisk|Stealth Rock|p1a: Mal'Ganis
|-sidestart|p1: Angelborn|move: Stealth Rock
|
|-heal|p1a: Mal'Ganis|99/100|[from] move: Wish|[wisher] Elune
|-heal|p1a: Mal'Ganis|100/100|[from] item: Black Sludge
|upkeep
|turn|44
|
|switch|p2a: flower power|Roserade, M|100/100
|move|p1a: Mal'Ganis|Defog|p2a: flower power
|-unboost|p2a: flower power|evasion|1
|-sideend|p1: Angelborn|Stealth Rock|[from] move: Defog|[of] p1a: Mal'Ganis
|
|upkeep
|turn|45
|
|switch|p1a: Varian|Escavalier, M|73/100
|move|p2a: flower power|Spikes|p1a: Varian
|-sidestart|p1: Angelborn|Spikes
|
|upkeep
|turn|46
|
|switch|p2a: snekky snek|Milotic, M|73/100
|move|p1a: Varian|Knock Off|p2a: snekky snek
|-damage|p2a: snekky snek|57/100
|
|upkeep
|turn|47
|
|switch|p1a: Vashj|Gastrodon-East, F|94/100
|-damage|p1a: Vashj|82/100|[from] Spikes
|move|p2a: snekky snek|Scald|p1a: Vashj
|-ability|p1a: Vashj|Storm Drain|boost
|-boost|p1a: Vashj|spa|1
|
|-heal|p1a: Vashj|88/100|[from] item: Leftovers
|upkeep
|turn|48
|
|move|p2a: snekky snek|Recover|p2a: snekky snek
|-heal|p2a: snekky snek|100/100
|move|p1a: Vashj|Earth Power|p2a: snekky snek
|-damage|p2a: snekky snek|71/100
|
|-heal|p1a: Vashj|94/100|[from] item: Leftovers
|upkeep
|turn|49
|
|switch|p2a: batzy watzy|Noivern, M|22/100
|-item|p1a: Vashj|Leftovers|[from] ability: Frisk|[of] p2a: batzy watzy|[identify]
|move|p1a: Vashj|Earth Power|p2a: batzy watzy
|-immune|p2a: batzy watzy
|
|-heal|p1a: Vashj|99/100|[from] item: Leftovers
|upkeep
|turn|50
|
|move|p2a: batzy watzy|Roost|p2a: batzy watzy
|-heal|p2a: batzy watzy|72/100
|-singleturn|p2a: batzy watzy|move: Roost
|move|p1a: Vashj|Earth Power|p2a: batzy watzy
|-damage|p2a: batzy watzy|17/100
|
|-heal|p1a: Vashj|100/100|[from] item: Leftovers
|upkeep
|turn|51
|
|switch|p2a: flower power|Roserade, M|100/100
|move|p1a: Vashj|Earth Power|p2a: flower power
|-damage|p2a: flower power|45/100
|
|-heal|p2a: flower power|51/100|[from] item: Black Sludge
|upkeep
|turn|52
|
|switch|p1a: Varian|Escavalier, M|73/100
|-damage|p1a: Varian|60/100|[from] Spikes
|move|p2a: flower power|Synthesis|p2a: flower power
|-heal|p2a: flower power|100/100
|
|upkeep
|turn|53
|
|switch|p2a: snekky snek|Milotic, M|71/100
|switch|p1a: Therazane|Gigalith, F, shiny|100/100
|-damage|p1a: Therazane|88/100|[from] Spikes
|-weather|Sandstorm|[from] ability: Sand Stream|[of] p1a: Therazane
|
|-weather|Sandstorm|[upkeep]
|-damage|p2a: snekky snek|65/100|[from] Sandstorm
|-heal|p1a: Therazane|94/100|[from] item: Leftovers
|upkeep
|turn|54
|
|move|p2a: snekky snek|Toxic|p1a: Therazane
|-status|p1a: Therazane|tox
|move|p1a: Therazane|Stealth Rock|p2a: snekky snek
|-sidestart|p2: uult1 anish|move: Stealth Rock
|
|-weather|Sandstorm|[upkeep]
|-damage|p2a: snekky snek|59/100|[from] Sandstorm
|-heal|p1a: Therazane|100/100 tox|[from] item: Leftovers
|-damage|p1a: Therazane|94/100 tox|[from] psn
|upkeep
|turn|55
|
|switch|p1a: Mal'Ganis|Weezing-Galar, M|100/100
|move|p2a: snekky snek|Recover|p2a: snekky snek
|-heal|p2a: snekky snek|100/100
|
|-weather|Sandstorm|[upkeep]
|-damage|p2a: snekky snek|94/100|[from] Sandstorm
|-damage|p1a: Mal'Ganis|95/100|[from] Sandstorm
|-heal|p1a: Mal'Ganis|100/100|[from] item: Black Sludge
|upkeep
|turn|56
|
|switch|p2a: stuntfisk|Stunfisk-Galar, F|100/100
|-damage|p2a: stuntfisk|97/100|[from] Stealth Rock
|switch|p1a: Vashj|Gastrodon-East, F|100/100
|-damage|p1a: Vashj|88/100|[from] Spikes
|
|-weather|Sandstorm|[upkeep]
|-heal|p1a: Vashj|94/100|[from] item: Leftovers
|-heal|p2a: stuntfisk|100/100|[from] item: Leftovers
|upkeep
|turn|57
|
|switch|p2a: flower power|Roserade, M|100/100
|-damage|p2a: flower power|88/100|[from] Stealth Rock
|move|p1a: Vashj|Scald|p2a: flower power
|-resisted|p2a: flower power
|-damage|p2a: flower power|71/100
|
|-weather|none
|-heal|p2a: flower power|78/100|[from] item: Black Sludge
|-heal|p1a: Vashj|99/100|[from] item: Leftovers
|upkeep
|turn|58
|
|switch|p2a: scratchy matchy|Incineroar, M|75/100
|-ability|p2a: scratchy matchy|Intimidate|boost
|-unboost|p1a: Vashj|atk|1
|switch|p1a: Varian|Escavalier, M|60/100
|-damage|p1a: Varian|48/100|[from] Spikes
|
|upkeep
|turn|59
|
|move|p2a: scratchy matchy|Knock Off|p1a: Varian
|-damage|p1a: Varian|25/100
|move|p1a: Varian|Knock Off|p2a: scratchy matchy
|-resisted|p2a: scratchy matchy
|-damage|p2a: scratchy matchy|61/100
|-enditem|p2a: scratchy matchy|Heavy-Duty Boots|[from] move: Knock Off|[of] p1a: Varian
|
|upkeep
|turn|60
|
|switch|p1a: Vashj|Gastrodon-East, F|99/100
|-damage|p1a: Vashj|88/100|[from] Spikes
|move|p2a: scratchy matchy|Knock Off|p1a: Vashj
|-damage|p1a: Vashj|58/100
|-enditem|p1a: Vashj|Leftovers|[from] move: Knock Off|[of] p2a: scratchy matchy
|
|upkeep
|turn|61
|
|move|p2a: scratchy matchy|Parting Shot|p1a: Vashj
|-unboost|p1a: Vashj|atk|1
|-unboost|p1a: Vashj|spa|1
|
|switch|p2a: flower power|Roserade, M|78/100|[from]move: Parting Shot
|-damage|p2a: flower power|65/100|[from] Stealth Rock
|move|p1a: Vashj|Recover|p1a: Vashj
|-heal|p1a: Vashj|100/100
|
|-heal|p2a: flower power|71/100|[from] item: Black Sludge
|upkeep
|turn|62
|
|switch|p1a: Mal'Ganis|Weezing-Galar, M|100/100
|move|p2a: flower power|Spikes|p1a: Mal'Ganis
|-sidestart|p1: Angelborn|Spikes
|
|-heal|p2a: flower power|78/100|[from] item: Black Sludge
|upkeep
|turn|63
|
|move|p2a: flower power|Sludge Bomb|p1a: Mal'Ganis
|-damage|p1a: Mal'Ganis|38/100
|move|p1a: Mal'Ganis|Fire Blast|p2a: flower power
|-supereffective|p2a: flower power
|-crit|p2a: flower power
|-damage|p2a: flower power|0 fnt
|faint|p2a: flower power
|
|-heal|p1a: Mal'Ganis|44/100|[from] item: Black Sludge
|upkeep
|
|switch|p2a: scratchy matchy|Incineroar, M|61/100
|-damage|p2a: scratchy matchy|36/100|[from] Stealth Rock
|-ability|p2a: scratchy matchy|Intimidate|boost
|-unboost|p1a: Mal'Ganis|atk|1
|turn|64
|j| airports
|c|☆uult1 anish|come on
|
|move|p2a: scratchy matchy|Flare Blitz|p1a: Mal'Ganis
|-damage|p1a: Mal'Ganis|15/100
|-damage|p2a: scratchy matchy|28/100|[from] Recoil
|move|p1a: Mal'Ganis|Defog|p2a: scratchy matchy
|-unboost|p2a: scratchy matchy|evasion|1
|-sideend|p2: uult1 anish|Stealth Rock|[from] move: Defog|[of] p1a: Mal'Ganis
|-sideend|p1: Angelborn|Spikes|[from] move: Defog|[of] p1a: Mal'Ganis
|
|-heal|p1a: Mal'Ganis|21/100|[from] item: Black Sludge
|upkeep
|turn|65
|
|switch|p1a: Therazane|Gigalith, F, shiny|94/100 tox
|-weather|Sandstorm|[from] ability: Sand Stream|[of] p1a: Therazane
|move|p2a: scratchy matchy|Parting Shot|p1a: Therazane
|-unboost|p1a: Therazane|atk|1
|-unboost|p1a: Therazane|spa|1
|
|switch|p2a: stuntfisk|Stunfisk-Galar, F|100/100|[from]move: Parting Shot
|
|-weather|Sandstorm|[upkeep]
|-heal|p1a: Therazane|100/100 tox|[from] item: Leftovers
|-damage|p1a: Therazane|94/100 tox|[from] psn
|upkeep
|turn|66
|
|switch|p1a: Mal'Ganis|Weezing-Galar, M|21/100
|move|p2a: stuntfisk|Stealth Rock|p1a: Mal'Ganis
|-sidestart|p1: Angelborn|move: Stealth Rock
|
|-weather|Sandstorm|[upkeep]
|-damage|p1a: Mal'Ganis|15/100|[from] Sandstorm
|-heal|p1a: Mal'Ganis|21/100|[from] item: Black Sludge
|upkeep
|turn|67
|
|switch|p2a: snekky snek|Milotic, M|94/100
|move|p1a: Mal'Ganis|Defog|p2a: snekky snek
|-unboost|p2a: snekky snek|evasion|1
|-sideend|p1: Angelborn|Stealth Rock|[from] move: Defog|[of] p1a: Mal'Ganis
|
|-weather|Sandstorm|[upkeep]
|-damage|p2a: snekky snek|88/100|[from] Sandstorm
|-damage|p1a: Mal'Ganis|15/100|[from] Sandstorm
|-heal|p1a: Mal'Ganis|21/100|[from] item: Black Sludge
|upkeep
|turn|68
|
|switch|p1a: Vashj|Gastrodon-East, F|100/100
|move|p2a: snekky snek|Toxic|p1a: Vashj
|-status|p1a: Vashj|tox
|
|-weather|Sandstorm|[upkeep]
|-damage|p2a: snekky snek|82/100|[from] Sandstorm
|-damage|p1a: Vashj|94/100 tox|[from] psn
|upkeep
|turn|69
|
|switch|p1a: Elune|Umbreon, F, shiny|50/100
|move|p2a: snekky snek|Ice Beam|p1a: Elune
|-damage|p1a: Elune|36/100
|
|-weather|none
|-heal|p1a: Elune|42/100|[from] item: Leftovers
|upkeep
|turn|70
|
|switch|p2a: scratchy matchy|Incineroar, M|28/100
|-ability|p2a: scratchy matchy|Intimidate|boost
|-unboost|p1a: Elune|atk|1
|move|p1a: Elune|Heal Bell|p1a: Elune
|-activate|p1a: Elune|move: Heal Bell
|-curestatus|p1: Vashj|tox|[msg]
|-curestatus|p1: Therazane|tox|[msg]
|
|-heal|p1a: Elune|48/100|[from] item: Leftovers
|upkeep
|turn|71
|
|move|p1a: Elune|Protect|p1a: Elune
|-singleturn|p1a: Elune|Protect
|move|p2a: scratchy matchy|Flare Blitz|p1a: Elune
|-activate|p1a: Elune|move: Protect
|
|-heal|p1a: Elune|54/100|[from] item: Leftovers
|upkeep
|turn|72
|
|switch|p1a: Vashj|Gastrodon-East, F|94/100
|move|p2a: scratchy matchy|Knock Off|p1a: Vashj
|-damage|p1a: Vashj|76/100
|
|upkeep
|turn|73
|
|move|p2a: scratchy matchy|Parting Shot|p1a: Vashj
|-unboost|p1a: Vashj|atk|1
|-unboost|p1a: Vashj|spa|1
|
|switch|p2a: stuntfisk|Stunfisk-Galar, F|100/100|[from]move: Parting Shot
|move|p1a: Vashj|Earth Power|p2a: stuntfisk
|-supereffective|p2a: stuntfisk
|-damage|p2a: stuntfisk|77/100
|
|-heal|p2a: stuntfisk|83/100|[from] item: Leftovers
|upkeep
|turn|74
|
|switch|p1a: Mal'Ganis|Weezing-Galar, M|21/100
|move|p2a: stuntfisk|Stealth Rock|p1a: Mal'Ganis
|-sidestart|p1: Angelborn|move: Stealth Rock
|
|-heal|p1a: Mal'Ganis|27/100|[from] item: Black Sludge
|-heal|p2a: stuntfisk|90/100|[from] item: Leftovers
|upkeep
|turn|75
|
|switch|p2a: scratchy matchy|Incineroar, M|28/100
|-ability|p2a: scratchy matchy|Intimidate|boost
|-unboost|p1a: Mal'Ganis|atk|1
|move|p1a: Mal'Ganis|Defog|p2a: scratchy matchy
|-unboost|p2a: scratchy matchy|evasion|1
|-sideend|p1: Angelborn|Stealth Rock|[from] move: Defog|[of] p1a: Mal'Ganis
|
|-heal|p1a: Mal'Ganis|33/100|[from] item: Black Sludge
|upkeep
|turn|76
|
|switch|p1a: Vashj|Gastrodon-East, F|76/100
|move|p2a: scratchy matchy|Flare Blitz|p1a: Vashj
|-resisted|p1a: Vashj
|-damage|p1a: Vashj|58/100
|-damage|p2a: scratchy matchy|22/100|[from] Recoil
|
|upkeep
|turn|77
|
|move|p2a: scratchy matchy|Parting Shot|p1a: Vashj
|-unboost|p1a: Vashj|atk|1
|-unboost|p1a: Vashj|spa|1
|
|switch|p2a: stuntfisk|Stunfisk-Galar, F|90/100|[from]move: Parting Shot
|move|p1a: Vashj|Recover|p1a: Vashj
|-heal|p1a: Vashj|100/100
|
|-heal|p2a: stuntfisk|96/100|[from] item: Leftovers
|upkeep
|turn|78
|
|switch|p1a: Mal'Ganis|Weezing-Galar, M|33/100
|move|p2a: stuntfisk|Stealth Rock|p1a: Mal'Ganis
|-sidestart|p1: Angelborn|move: Stealth Rock
|
|-heal|p1a: Mal'Ganis|39/100|[from] item: Black Sludge
|-heal|p2a: stuntfisk|100/100|[from] item: Leftovers
|upkeep
|turn|79
|-message|uult1 anish forfeited.
|
|win|Angelborn
|l|☆uult1 anish
|raw|Angelborn's rating: 1442 &rarr; <strong>1470</strong><br />(+28 for winning)
|raw|uult1 anish's rating: 1590 &rarr; <strong>1562</strong><br />(-28 for losing)
