|j|☆hide_ya_moms
|j|☆esqimo589
|t:|1663452047
|gametype|singles
|player|p1|hide_ya_moms|pokemaniac|1096
|player|p2|esqimo589|n|1185
|teamsize|p1|6
|teamsize|p2|6
|gen|8
|tier|[Gen 8] UU
|rated|
|rule|Sleep Clause Mod: Limit one foe put to sleep
|rule|Species Clause: Limit one of each Pokémon
|rule|OHKO Clause: OHKO moves are banned
|rule|Evasion Items Clause: Evasion items are banned
|rule|Evasion Moves Clause: Evasion moves are banned
|rule|Endless Battle Clause: Forcing endless battles is banned
|rule|HP Percentage Mod: HP is shown in percentages
|rule|Dynamax Clause: You cannot dynamax
|clearpoke
|poke|p1|Nidoking, M|
|poke|p1|Zarude-Dada|
|poke|p1|Moltres|
|poke|p1|Crawdaunt, M|
|poke|p1|Chansey, F|
|poke|p1|Skarmory, F|
|poke|p2|Starmie|
|poke|p2|Skarmory, M|
|poke|p2|Chansey, F|
|poke|p2|Dhelmise|
|poke|p2|Diggersby, M|
|poke|p2|Scizor, M|
|teampreview
|inactive|Battle timer is ON: inactive players will automatically lose when time's up. (requested by esqimo589)
|j| Barthamiah
|
|t:|1663452058
|start
|switch|p1a: Skarmory|Skarmory, F|100/100
|switch|p2a: im hard|Skarmory, M|100/100
|turn|1
|
|t:|1663452064
|move|p2a: im hard|Spikes|p1a: Skarmory
|-sidestart|p1: hide_ya_moms|Spikes
|move|p1a: Skarmory|Stealth Rock|p2a: im hard
|-sidestart|p2: esqimo589|move: Stealth Rock
|
|upkeep
|turn|2
|
|t:|1663452070
|move|p2a: im hard|Iron Defense|p2a: im hard
|-boost|p2a: im hard|def|2
|move|p1a: Skarmory|Body Press|p2a: im hard
|-damage|p2a: im hard|91/100
|-damage|p1a: Skarmory|84/100|[from] item: Rocky Helmet|[of] p2a: im hard
|
|upkeep
|turn|3
|
|t:|1663452084
|move|p1a: Skarmory|Iron Defense|p1a: Skarmory
|-boost|p1a: Skarmory|def|2
|move|p2a: im hard|Spikes|p1a: Skarmory
|-sidestart|p1: hide_ya_moms|Spikes
|
|upkeep
|turn|4
|
|t:|1663452088
|move|p1a: Skarmory|Iron Defense|p1a: Skarmory
|-boost|p1a: Skarmory|def|2
|move|p2a: im hard|Iron Defense|p2a: im hard
|-boost|p2a: im hard|def|2
|
|upkeep
|turn|5
|
|t:|1663452093
|move|p1a: Skarmory|Iron Defense|p1a: Skarmory
|-boost|p1a: Skarmory|def|2
|move|p2a: im hard|Iron Defense|p2a: im hard
|-boost|p2a: im hard|def|2
|
|upkeep
|turn|6
|
|t:|1663452103
|move|p2a: im hard|Spikes|p1a: Skarmory
|-sidestart|p1: hide_ya_moms|Spikes
|move|p1a: Skarmory|Body Press|p2a: im hard
|-damage|p2a: im hard|73/100
|-damage|p1a: Skarmory|68/100|[from] item: Rocky Helmet|[of] p2a: im hard
|
|upkeep
|turn|7
|
|t:|1663452112
|switch|p2a: the anchor|Dhelmise|100/100
|move|p1a: Skarmory|Body Press|p2a: the anchor
|-immune|p2a: the anchor
|
|upkeep
|turn|8
|
|t:|1663452126
|switch|p1a: Zarude|Zarude-Dada|100/100
|-damage|p1a: Zarude|76/100|[from] Spikes
|move|p2a: the anchor|Rapid Spin|p1a: Zarude
|-damage|p1a: Zarude|62/100
|-boost|p2a: the anchor|spe|1
|-sideend|p2: esqimo589|Stealth Rock|[from] move: Rapid Spin|[of] p2a: the anchor
|
|upkeep
|turn|9
|
|t:|1663452137
|switch|p2a: im hard|Skarmory, M|73/100
|move|p1a: Zarude|Darkest Lariat|p2a: im hard
|-damage|p2a: im hard|45/100
|-damage|p1a: Zarude|45/100|[from] item: Rocky Helmet|[of] p2a: im hard
|
|upkeep
|turn|10
|
|t:|1663452148
|switch|p1a: Moltres|Moltres|100/100
|move|p2a: im hard|Roost|p2a: im hard
|-heal|p2a: im hard|95/100
|-singleturn|p2a: im hard|move: Roost
|
|upkeep
|turn|11
|
|t:|1663452157
|switch|p2a: egg|Chansey, F|100/100
|move|p1a: Moltres|Mystical Fire|p2a: egg
|-damage|p2a: egg|90/100
|-unboost|p2a: egg|spa|1
|
|upkeep
|turn|12
|
|t:|1663452170
|switch|p1a: Skarmory|Skarmory, F|68/100
|move|p2a: egg|Teleport|p2a: egg
|
|t:|1663452174
|switch|p2a: a fishy star|Starmie, shiny|100/100|[from]move: Teleport
|
|upkeep
|turn|13
|
|t:|1663452190
|switch|p2a: budget genesect|Scizor, M|100/100
|switch|p1a: Nidoking|Nidoking, M, shiny|100/100
|-damage|p1a: Nidoking|76/100|[from] Spikes
|
|upkeep
|turn|14
|
|t:|1663452198
|switch|p2a: egg|Chansey, F|90/100
|move|p1a: Nidoking|Fire Blast|p2a: egg
|-damage|p2a: egg|72/100
|
|upkeep
|turn|15
|
|t:|1663452223
|switch|p1a: Skarmory|Skarmory, F|68/100
|move|p2a: egg|Teleport|p2a: egg
|
|t:|1663452232
|switch|p2a: budget genesect|Scizor, M|100/100|[from]move: Teleport
|
|upkeep
|turn|16
|
|t:|1663452238
|move|p1a: Skarmory|Iron Defense|p1a: Skarmory
|-boost|p1a: Skarmory|def|2
|move|p2a: budget genesect|Knock Off|p1a: Skarmory
|-damage|p1a: Skarmory|57/100
|-damage|p2a: budget genesect|84/100|[from] item: Rocky Helmet|[of] p1a: Skarmory
|-enditem|p1a: Skarmory|Rocky Helmet|[from] move: Knock Off|[of] p2a: budget genesect
|
|upkeep
|turn|17
|
|t:|1663452245
|move|p1a: Skarmory|Iron Defense|p1a: Skarmory
|-boost|p1a: Skarmory|def|2
|move|p2a: budget genesect|U-turn|p1a: Skarmory
|-resisted|p1a: Skarmory
|-damage|p1a: Skarmory|55/100
|
|t:|1663452247
|switch|p2a: the anchor|Dhelmise|100/100|[from]move: U-turn
|
|upkeep
|turn|18
|
|t:|1663452257
|move|p1a: Skarmory|Roost|p1a: Skarmory
|-heal|p1a: Skarmory|100/100
|-singleturn|p1a: Skarmory|move: Roost
|move|p2a: the anchor|Anchor Shot|p1a: Skarmory
|-resisted|p1a: Skarmory
|-damage|p1a: Skarmory|97/100
|-activate|p1a: Skarmory|trapped
|
|upkeep
|turn|19
|
|t:|1663452275
|move|p1a: Skarmory|Stealth Rock|p2a: the anchor
|-sidestart|p2: esqimo589|move: Stealth Rock
|move|p2a: the anchor|Rapid Spin|p1a: Skarmory
|-resisted|p1a: Skarmory
|-damage|p1a: Skarmory|96/100
|-boost|p2a: the anchor|spe|1
|-sideend|p2: esqimo589|Stealth Rock|[from] move: Rapid Spin|[of] p2a: the anchor
|
|upkeep
|turn|20
|
|t:|1663452282
|move|p2a: the anchor|Rapid Spin|p1a: Skarmory
|-resisted|p1a: Skarmory
|-damage|p1a: Skarmory|94/100
|-boost|p2a: the anchor|spe|1
|move|p1a: Skarmory|Iron Defense|p1a: Skarmory
|-boost|p1a: Skarmory|def|2
|
|upkeep
|turn|21
|
|t:|1663452290
|move|p2a: the anchor|Rapid Spin|p1a: Skarmory
|-resisted|p1a: Skarmory
|-damage|p1a: Skarmory|93/100
|-boost|p2a: the anchor|spe|1
|move|p1a: Skarmory|Stealth Rock|p2a: the anchor
|-sidestart|p2: esqimo589|move: Stealth Rock
|
|upkeep
|turn|22
|
|t:|1663452308
|move|p2a: the anchor|Rapid Spin|p1a: Skarmory
|-resisted|p1a: Skarmory
|-damage|p1a: Skarmory|92/100
|-boost|p2a: the anchor|spe|1
|-sideend|p2: esqimo589|Stealth Rock|[from] move: Rapid Spin|[of] p2a: the anchor
|move|p1a: Skarmory|Stealth Rock|p2a: the anchor
|-sidestart|p2: esqimo589|move: Stealth Rock
|
|upkeep
|turn|23
|
|t:|1663452316
|move|p2a: the anchor|Rapid Spin|p1a: Skarmory
|-resisted|p1a: Skarmory
|-damage|p1a: Skarmory|91/100
|-boost|p2a: the anchor|spe|1
|-sideend|p2: esqimo589|Stealth Rock|[from] move: Rapid Spin|[of] p2a: the anchor
|move|p1a: Skarmory|Stealth Rock|p2a: the anchor
|-sidestart|p2: esqimo589|move: Stealth Rock
|
|upkeep
|turn|24
|
|t:|1663452324
|move|p2a: the anchor|Rapid Spin|p1a: Skarmory
|-resisted|p1a: Skarmory
|-damage|p1a: Skarmory|89/100
|-boost|p2a: the anchor|spe|1
|-sideend|p2: esqimo589|Stealth Rock|[from] move: Rapid Spin|[of] p2a: the anchor
|move|p1a: Skarmory|Stealth Rock|p2a: the anchor
|-sidestart|p2: esqimo589|move: Stealth Rock
|
|upkeep
|turn|25
|
|t:|1663452331
|move|p2a: the anchor|Rapid Spin|p1a: Skarmory
|-resisted|p1a: Skarmory
|-damage|p1a: Skarmory|88/100
|-sideend|p2: esqimo589|Stealth Rock|[from] move: Rapid Spin|[of] p2a: the anchor
|move|p1a: Skarmory|Stealth Rock|p2a: the anchor
|-sidestart|p2: esqimo589|move: Stealth Rock
|
|upkeep
|turn|26
|
|t:|1663452340
|move|p2a: the anchor|Rapid Spin|p1a: Skarmory
|-resisted|p1a: Skarmory
|-damage|p1a: Skarmory|87/100
|-sideend|p2: esqimo589|Stealth Rock|[from] move: Rapid Spin|[of] p2a: the anchor
|move|p1a: Skarmory|Stealth Rock|p2a: the anchor
|-sidestart|p2: esqimo589|move: Stealth Rock
|
|upkeep
|turn|27
|j| amogusroxyrrrr
|
|t:|1663452360
|move|p2a: the anchor|Rapid Spin|p1a: Skarmory
|-resisted|p1a: Skarmory
|-damage|p1a: Skarmory|86/100
|-sideend|p2: esqimo589|Stealth Rock|[from] move: Rapid Spin|[of] p2a: the anchor
|move|p1a: Skarmory|Stealth Rock|p2a: the anchor
|-sidestart|p2: esqimo589|move: Stealth Rock
|
|upkeep
|turn|28
|j| Liz Angeles
|
|t:|1663452365
|move|p2a: the anchor|Rapid Spin|p1a: Skarmory
|-resisted|p1a: Skarmory
|-damage|p1a: Skarmory|85/100
|-sideend|p2: esqimo589|Stealth Rock|[from] move: Rapid Spin|[of] p2a: the anchor
|move|p1a: Skarmory|Stealth Rock|p2a: the anchor
|-sidestart|p2: esqimo589|move: Stealth Rock
|
|upkeep
|turn|29
|
|t:|1663452371
|move|p2a: the anchor|Rapid Spin|p1a: Skarmory
|-resisted|p1a: Skarmory
|-damage|p1a: Skarmory|83/100
|-sideend|p2: esqimo589|Stealth Rock|[from] move: Rapid Spin|[of] p2a: the anchor
|move|p1a: Skarmory|Stealth Rock|p2a: the anchor
|-sidestart|p2: esqimo589|move: Stealth Rock
|
|upkeep
|turn|30
|c|☆esqimo589|I HAVE
|
|t:|1663452378
|move|p2a: the anchor|Rapid Spin|p1a: Skarmory
|-resisted|p1a: Skarmory
|-damage|p1a: Skarmory|82/100
|-sideend|p2: esqimo589|Stealth Rock|[from] move: Rapid Spin|[of] p2a: the anchor
|move|p1a: Skarmory|Stealth Rock|p2a: the anchor
|-sidestart|p2: esqimo589|move: Stealth Rock
|
|upkeep
|turn|31
|c|☆esqimo589|SUCCESSFULLY TRAPPED A SKARMORY
|
|t:|1663452392
|move|p2a: the anchor|Rapid Spin|p1a: Skarmory
|-resisted|p1a: Skarmory
|-damage|p1a: Skarmory|81/100
|-sideend|p2: esqimo589|Stealth Rock|[from] move: Rapid Spin|[of] p2a: the anchor
|move|p1a: Skarmory|Stealth Rock|p2a: the anchor
|-sidestart|p2: esqimo589|move: Stealth Rock
|
|upkeep
|turn|32
|
|t:|1663452401
|move|p2a: the anchor|Rapid Spin|p1a: Skarmory
|-resisted|p1a: Skarmory
|-damage|p1a: Skarmory|80/100
|-sideend|p2: esqimo589|Stealth Rock|[from] move: Rapid Spin|[of] p2a: the anchor
|move|p1a: Skarmory|Stealth Rock|p2a: the anchor
|-sidestart|p2: esqimo589|move: Stealth Rock
|
|upkeep
|turn|33
|
|t:|1663452407
|move|p2a: the anchor|Rapid Spin|p1a: Skarmory
|-resisted|p1a: Skarmory
|-damage|p1a: Skarmory|78/100
|-sideend|p2: esqimo589|Stealth Rock|[from] move: Rapid Spin|[of] p2a: the anchor
|move|p1a: Skarmory|Stealth Rock|p2a: the anchor
|-sidestart|p2: esqimo589|move: Stealth Rock
|
|upkeep
|turn|34
|j| Queen of Bean ✿
|
|t:|1663452412
|move|p2a: the anchor|Rapid Spin|p1a: Skarmory
|-resisted|p1a: Skarmory
|-damage|p1a: Skarmory|77/100
|-sideend|p2: esqimo589|Stealth Rock|[from] move: Rapid Spin|[of] p2a: the anchor
|move|p1a: Skarmory|Stealth Rock|p2a: the anchor
|-sidestart|p2: esqimo589|move: Stealth Rock
|
|upkeep
|turn|35
|
|t:|1663452418
|move|p2a: the anchor|Rapid Spin|p1a: Skarmory
|-resisted|p1a: Skarmory
|-damage|p1a: Skarmory|76/100
|-sideend|p2: esqimo589|Stealth Rock|[from] move: Rapid Spin|[of] p2a: the anchor
|move|p1a: Skarmory|Stealth Rock|p2a: the anchor
|-sidestart|p2: esqimo589|move: Stealth Rock
|
|upkeep
|turn|36
|c| Queen of Bean ✿|lmao
|c|☆esqimo589|im laughing maniacally
|
|t:|1663452424
|move|p2a: the anchor|Rapid Spin|p1a: Skarmory
|-resisted|p1a: Skarmory
|-damage|p1a: Skarmory|75/100
|-sideend|p2: esqimo589|Stealth Rock|[from] move: Rapid Spin|[of] p2a: the anchor
|move|p1a: Skarmory|Stealth Rock|p2a: the anchor
|-sidestart|p2: esqimo589|move: Stealth Rock
|
|upkeep
|turn|37
|c|☆esqimo589|this is so pointless but i love it
|c|☆hide_ya_moms|do you have a move that can kill me maybe
|
|t:|1663452444
|move|p2a: the anchor|Rapid Spin|p1a: Skarmory
|-resisted|p1a: Skarmory
|-damage|p1a: Skarmory|74/100
|-sideend|p2: esqimo589|Stealth Rock|[from] move: Rapid Spin|[of] p2a: the anchor
|move|p1a: Skarmory|Stealth Rock|p2a: the anchor
|-sidestart|p2: esqimo589|move: Stealth Rock
|
|upkeep
|turn|38
|c|☆esqimo589|no
|c|☆esqimo589|but you do
|l| Barthamiah
|c|☆hide_ya_moms|i literally cannot hurt you
|c|☆esqimo589|THIS IS THE NEW MAGNETON
|c|☆esqimo589|yeah but you can hurt yourself
|
|t:|1663452464
|move|p2a: the anchor|Rapid Spin|p1a: Skarmory
|-resisted|p1a: Skarmory
|-damage|p1a: Skarmory|72/100
|-sideend|p2: esqimo589|Stealth Rock|[from] move: Rapid Spin|[of] p2a: the anchor
|move|p1a: Skarmory|Stealth Rock|p2a: the anchor
|-sidestart|p2: esqimo589|move: Stealth Rock
|
|upkeep
|turn|39
|c|☆esqimo589|with struggle
|
|t:|1663452472
|move|p2a: the anchor|Rapid Spin|p1a: Skarmory
|-resisted|p1a: Skarmory
|-damage|p1a: Skarmory|71/100
|-sideend|p2: esqimo589|Stealth Rock|[from] move: Rapid Spin|[of] p2a: the anchor
|move|p1a: Skarmory|Stealth Rock|p2a: the anchor
|-sidestart|p2: esqimo589|move: Stealth Rock
|
|upkeep
|turn|40
|c|☆hide_ya_moms|bet
|
|t:|1663452479
|move|p2a: the anchor|Rapid Spin|p1a: Skarmory
|-resisted|p1a: Skarmory
|-damage|p1a: Skarmory|70/100
|-sideend|p2: esqimo589|Stealth Rock|[from] move: Rapid Spin|[of] p2a: the anchor
|move|p1a: Skarmory|Stealth Rock|p2a: the anchor
|-sidestart|p2: esqimo589|move: Stealth Rock
|
|upkeep
|turn|41
|c|☆hide_ya_moms|i have nothing to do today
|
|t:|1663452488
|move|p2a: the anchor|Rapid Spin|p1a: Skarmory
|-resisted|p1a: Skarmory
|-damage|p1a: Skarmory|69/100
|-sideend|p2: esqimo589|Stealth Rock|[from] move: Rapid Spin|[of] p2a: the anchor
|move|p1a: Skarmory|Stealth Rock|p2a: the anchor
|-sidestart|p2: esqimo589|move: Stealth Rock
|
|upkeep
|turn|42
|
|t:|1663452494
|move|p2a: the anchor|Rapid Spin|p1a: Skarmory
|-resisted|p1a: Skarmory
|-damage|p1a: Skarmory|68/100
|-sideend|p2: esqimo589|Stealth Rock|[from] move: Rapid Spin|[of] p2a: the anchor
|move|p1a: Skarmory|Stealth Rock|p2a: the anchor
|-sidestart|p2: esqimo589|move: Stealth Rock
|
|upkeep
|turn|43
|
|t:|1663452497
|move|p2a: the anchor|Rapid Spin|p1a: Skarmory
|-resisted|p1a: Skarmory
|-damage|p1a: Skarmory|66/100
|-sideend|p2: esqimo589|Stealth Rock|[from] move: Rapid Spin|[of] p2a: the anchor
|move|p1a: Skarmory|Stealth Rock|p2a: the anchor
|-sidestart|p2: esqimo589|move: Stealth Rock
|
|upkeep
|turn|44
|c| Queen of Bean ✿|lmao
|
|t:|1663452504
|move|p2a: the anchor|Rapid Spin|p1a: Skarmory
|-resisted|p1a: Skarmory
|-damage|p1a: Skarmory|65/100
|-sideend|p2: esqimo589|Stealth Rock|[from] move: Rapid Spin|[of] p2a: the anchor
|move|p1a: Skarmory|Stealth Rock|p2a: the anchor
|-sidestart|p2: esqimo589|move: Stealth Rock
|
|upkeep
|turn|45
|
|t:|1663452510
|move|p2a: the anchor|Rapid Spin|p1a: Skarmory
|-resisted|p1a: Skarmory
|-damage|p1a: Skarmory|64/100
|-sideend|p2: esqimo589|Stealth Rock|[from] move: Rapid Spin|[of] p2a: the anchor
|move|p1a: Skarmory|Stealth Rock|p2a: the anchor
|-sidestart|p2: esqimo589|move: Stealth Rock
|
|upkeep
|turn|46
|
|t:|1663452517
|move|p2a: the anchor|Rapid Spin|p1a: Skarmory
|-resisted|p1a: Skarmory
|-damage|p1a: Skarmory|62/100
|-sideend|p2: esqimo589|Stealth Rock|[from] move: Rapid Spin|[of] p2a: the anchor
|move|p1a: Skarmory|Stealth Rock|p2a: the anchor
|-sidestart|p2: esqimo589|move: Stealth Rock
|
|upkeep
|turn|47
|
|t:|1663452524
|move|p2a: the anchor|Rapid Spin|p1a: Skarmory
|-resisted|p1a: Skarmory
|-damage|p1a: Skarmory|61/100
|-sideend|p2: esqimo589|Stealth Rock|[from] move: Rapid Spin|[of] p2a: the anchor
|move|p1a: Skarmory|Stealth Rock|p2a: the anchor
|-sidestart|p2: esqimo589|move: Stealth Rock
|
|upkeep
|turn|48
|c|☆esqimo589|same
|
|t:|1663452531
|move|p2a: the anchor|Rapid Spin|p1a: Skarmory
|-resisted|p1a: Skarmory
|-damage|p1a: Skarmory|60/100
|-sideend|p2: esqimo589|Stealth Rock|[from] move: Rapid Spin|[of] p2a: the anchor
|move|p1a: Skarmory|Stealth Rock|p2a: the anchor
|-sidestart|p2: esqimo589|move: Stealth Rock
|
|upkeep
|turn|49
|
|t:|1663452538
|move|p2a: the anchor|Rapid Spin|p1a: Skarmory
|-resisted|p1a: Skarmory
|-damage|p1a: Skarmory|59/100
|-sideend|p2: esqimo589|Stealth Rock|[from] move: Rapid Spin|[of] p2a: the anchor
|move|p1a: Skarmory|Stealth Rock|p2a: the anchor
|-sidestart|p2: esqimo589|move: Stealth Rock
|
|upkeep
|turn|50
|
|t:|1663452546
|move|p2a: the anchor|Rapid Spin|p1a: Skarmory
|-resisted|p1a: Skarmory
|-damage|p1a: Skarmory|57/100
|-sideend|p2: esqimo589|Stealth Rock|[from] move: Rapid Spin|[of] p2a: the anchor
|move|p1a: Skarmory|Stealth Rock|p2a: the anchor
|-sidestart|p2: esqimo589|move: Stealth Rock
|
|upkeep
|turn|51
|c|☆esqimo589|he's out of rocks
|
|t:|1663452563
|move|p2a: the anchor|Rapid Spin|p1a: Skarmory
|-resisted|p1a: Skarmory
|-damage|p1a: Skarmory|56/100
|-sideend|p2: esqimo589|Stealth Rock|[from] move: Rapid Spin|[of] p2a: the anchor
|move|p1a: Skarmory|Iron Defense|p1a: Skarmory
|-boost|p1a: Skarmory|def|0
|
|upkeep
|turn|52
|
|t:|1663452571
|move|p2a: the anchor|Rapid Spin|p1a: Skarmory
|-resisted|p1a: Skarmory
|-damage|p1a: Skarmory|55/100
|move|p1a: Skarmory|Iron Defense|p1a: Skarmory
|-boost|p1a: Skarmory|def|0
|
|upkeep
|turn|53
|
|t:|1663452577
|move|p2a: the anchor|Rapid Spin|p1a: Skarmory
|-resisted|p1a: Skarmory
|-crit|p1a: Skarmory
|-damage|p1a: Skarmory|48/100
|move|p1a: Skarmory|Iron Defense|p1a: Skarmory
|-boost|p1a: Skarmory|def|0
|
|upkeep
|turn|54
|c| amogusroxyrrrr|crit mattered
|c|☆esqimo589|mhm
|c|☆esqimo589|i won because of that
|c|☆hide_ya_moms|i should have saved a rock
|
|t:|1663452595
|move|p2a: the anchor|Rapid Spin|p1a: Skarmory
|-resisted|p1a: Skarmory
|-damage|p1a: Skarmory|46/100
|move|p1a: Skarmory|Roost|p1a: Skarmory
|-heal|p1a: Skarmory|96/100
|-singleturn|p1a: Skarmory|move: Roost
|
|upkeep
|turn|55
|c|☆esqimo589|not like it will matter
|
|t:|1663452606
|move|p2a: the anchor|Rapid Spin|p1a: Skarmory
|-resisted|p1a: Skarmory
|-damage|p1a: Skarmory|95/100
|move|p1a: Skarmory|Iron Defense|p1a: Skarmory
|-boost|p1a: Skarmory|def|0
|
|upkeep
|turn|56
|c|☆esqimo589|youre dead anyway
|
|t:|1663452613
|move|p2a: the anchor|Rapid Spin|p1a: Skarmory
|-resisted|p1a: Skarmory
|-damage|p1a: Skarmory|94/100
|move|p1a: Skarmory|Iron Defense|p1a: Skarmory
|-boost|p1a: Skarmory|def|0
|
|upkeep
|turn|57
|
|t:|1663452619
|move|p2a: the anchor|Rapid Spin|p1a: Skarmory
|-resisted|p1a: Skarmory
|-damage|p1a: Skarmory|93/100
|move|p1a: Skarmory|Iron Defense|p1a: Skarmory
|-boost|p1a: Skarmory|def|0
|
|upkeep
|turn|58
|
|t:|1663452625
|move|p2a: the anchor|Rapid Spin|p1a: Skarmory
|-resisted|p1a: Skarmory
|-crit|p1a: Skarmory
|-damage|p1a: Skarmory|86/100
|move|p1a: Skarmory|Iron Defense|p1a: Skarmory
|-boost|p1a: Skarmory|def|0
|
|upkeep
|turn|59
|c| Queen of Bean ✿|do you not bhave roosyt
|c| amogusroxyrrrr|but he couldve gotten one up after you used up spins
|c| Queen of Bean ✿|okay
|c| Queen of Bean ✿|you dont have body press?
|c|☆esqimo589|nah ill save a few spins
|c| amogusroxyrrrr|bean
|c|☆esqimo589|queeb
|c|☆hide_ya_moms|body press wont jit stinky
|
|t:|1663452648
|move|p2a: the anchor|Rapid Spin|p1a: Skarmory
|-resisted|p1a: Skarmory
|-damage|p1a: Skarmory|85/100
|move|p1a: Skarmory|Iron Defense|p1a: Skarmory
|-boost|p1a: Skarmory|def|0
|
|upkeep
|turn|60
|c|☆esqimo589|dhelmise is a fucking ghost type
|c| amogusroxyrrrr|its a body presser vs a ghost
|c| Queen of Bean ✿|i know
|c| Queen of Bean ✿|i know
|
|t:|1663452654
|move|p2a: the anchor|Rapid Spin|p1a: Skarmory
|-resisted|p1a: Skarmory
|-damage|p1a: Skarmory|84/100
|move|p1a: Skarmory|Iron Defense|p1a: Skarmory
|-boost|p1a: Skarmory|def|0
|
|upkeep
|turn|61
|
|t:|1663452660
|move|p2a: the anchor|Rapid Spin|p1a: Skarmory
|-resisted|p1a: Skarmory
|-damage|p1a: Skarmory|83/100
|move|p1a: Skarmory|Iron Defense|p1a: Skarmory
|-boost|p1a: Skarmory|def|0
|
|upkeep
|turn|62
|c| Queen of Bean ✿|i know
|
|t:|1663452665
|move|p2a: the anchor|Rapid Spin|p1a: Skarmory
|-resisted|p1a: Skarmory
|-damage|p1a: Skarmory|82/100
|move|p1a: Skarmory|Iron Defense|p1a: Skarmory
|-boost|p1a: Skarmory|def|0
|
|upkeep
|turn|63
|c| Queen of Bean ✿|but they have rocks
|c|☆esqimo589|so whats your point
|c| Queen of Bean ✿|spikes
|c| Queen of Bean ✿|roost
|c|☆esqimo589|nono
|c| Queen of Bean ✿|iron defense
|c|☆esqimo589|rocks id roost bp
|
|t:|1663452678
|move|p2a: the anchor|Rapid Spin|p1a: Skarmory
|-resisted|p1a: Skarmory
|-damage|p1a: Skarmory|80/100
|move|p1a: Skarmory|Iron Defense|p1a: Skarmory
|-boost|p1a: Skarmory|def|0
|
|upkeep
|turn|64
|c| Queen of Bean ✿|ohhh
|c| Queen of Bean ✿|im sorry
|
|t:|1663452685
|move|p2a: the anchor|Rapid Spin|p1a: Skarmory
|-resisted|p1a: Skarmory
|-damage|p1a: Skarmory|79/100
|move|p1a: Skarmory|Iron Defense|p1a: Skarmory
|-boost|p1a: Skarmory|def|0
|
|upkeep
|turn|65
|
|t:|1663452690
|move|p2a: the anchor|Rapid Spin|p1a: Skarmory
|-resisted|p1a: Skarmory
|-damage|p1a: Skarmory|78/100
|move|p1a: Skarmory|Iron Defense|p1a: Skarmory
|-boost|p1a: Skarmory|def|0
|
|upkeep
|turn|66
|c| Queen of Bean ✿|i thought the spieks were on your side esqui
|c| Queen of Bean ✿|im stupid
|
|t:|1663452699
|move|p2a: the anchor|Rapid Spin|p1a: Skarmory
|-resisted|p1a: Skarmory
|-damage|p1a: Skarmory|77/100
|move|p1a: Skarmory|Iron Defense|p1a: Skarmory
|-boost|p1a: Skarmory|def|0
|
|upkeep
|turn|67
|c|☆esqimo589|i need to grab water
|c|☆esqimo589|:(
|
|t:|1663452706
|move|p2a: the anchor|Rapid Spin|p1a: Skarmory
|-resisted|p1a: Skarmory
|-damage|p1a: Skarmory|76/100
|move|p1a: Skarmory|Iron Defense|p1a: Skarmory
|-boost|p1a: Skarmory|def|0
|
|upkeep
|turn|68
|
|t:|1663452711
|move|p2a: the anchor|Rapid Spin|p1a: Skarmory
|-resisted|p1a: Skarmory
|-damage|p1a: Skarmory|74/100
|move|p1a: Skarmory|Iron Defense|p1a: Skarmory
|-boost|p1a: Skarmory|def|0
|
|upkeep
|turn|69
|c| amogusroxyrrrr|nice
|c|☆hide_ya_moms|turn off timer to grab water
|
|t:|1663452722
|move|p2a: the anchor|Rapid Spin|p1a: Skarmory
|-resisted|p1a: Skarmory
|-damage|p1a: Skarmory|73/100
|move|p1a: Skarmory|Iron Defense|p1a: Skarmory
|-boost|p1a: Skarmory|def|0
|
|upkeep
|turn|70
|c|☆hide_ya_moms|ill wait
|c|☆esqimo589|im terrified youll turn it on and ill lose
|c|☆esqimo589|idc
|
|t:|1663452732
|move|p2a: the anchor|Rapid Spin|p1a: Skarmory
|-resisted|p1a: Skarmory
|-damage|p1a: Skarmory|72/100
|move|p1a: Skarmory|Body Press|p2a: the anchor
|-immune|p2a: the anchor
|
|upkeep
|turn|71
|c|☆esqimo589|ill keep going
|c|☆hide_ya_moms|i pinky promise
|
|t:|1663452742
|move|p2a: the anchor|Rapid Spin|p1a: Skarmory
|-resisted|p1a: Skarmory
|-damage|p1a: Skarmory|71/100
|move|p1a: Skarmory|Body Press|p2a: the anchor
|-immune|p2a: the anchor
|
|upkeep
|turn|72
|c|☆esqimo589|no
|c| amogusroxyrrrr|its not that hard to just
|
|t:|1663452750
|move|p2a: the anchor|Rapid Spin|p1a: Skarmory
|-resisted|p1a: Skarmory
|-damage|p1a: Skarmory|69/100
|move|p1a: Skarmory|Body Press|p2a: the anchor
|-immune|p2a: the anchor
|
|upkeep
|turn|73
|c| amogusroxyrrrr|go get water
|c|☆esqimo589|its fine
|c|☆hide_ya_moms|only 9 rapid spins left
|
|t:|1663452764
|move|p2a: the anchor|Rapid Spin|p1a: Skarmory
|-resisted|p1a: Skarmory
|-damage|p1a: Skarmory|68/100
|move|p1a: Skarmory|Body Press|p2a: the anchor
|-immune|p2a: the anchor
|
|upkeep
|turn|74
|c| amogusroxyrrrr|do you live in the middle of the desert and have to travel 20 miles to  get water or something??????
|
|t:|1663452770
|move|p2a: the anchor|Anchor Shot|p1a: Skarmory
|-resisted|p1a: Skarmory
|-damage|p1a: Skarmory|65/100
|move|p1a: Skarmory|Body Press|p2a: the anchor
|-immune|p2a: the anchor
|
|upkeep
|turn|75
|c|☆esqimo589|yes
|
|t:|1663452777
|move|p2a: the anchor|Anchor Shot|p1a: Skarmory
|-resisted|p1a: Skarmory
|-damage|p1a: Skarmory|62/100
|move|p1a: Skarmory|Body Press|p2a: the anchor
|-immune|p2a: the anchor
|
|upkeep
|turn|76
|
|t:|1663452787
|move|p2a: the anchor|Rapid Spin|p1a: Skarmory
|-resisted|p1a: Skarmory
|-damage|p1a: Skarmory|61/100
|move|p1a: Skarmory|Body Press|p2a: the anchor
|-immune|p2a: the anchor
|
|upkeep
|turn|77
|
|t:|1663452795
|move|p2a: the anchor|Rapid Spin|p1a: Skarmory
|-resisted|p1a: Skarmory
|-damage|p1a: Skarmory|60/100
|move|p1a: Skarmory|Body Press|p2a: the anchor
|-immune|p2a: the anchor
|
|upkeep
|turn|78
|
|t:|1663452802
|move|p2a: the anchor|Anchor Shot|p1a: Skarmory
|-resisted|p1a: Skarmory
|-damage|p1a: Skarmory|57/100
|move|p1a: Skarmory|Body Press|p2a: the anchor
|-immune|p2a: the anchor
|
|upkeep
|turn|79
|
|t:|1663452808
|move|p2a: the anchor|Anchor Shot|p1a: Skarmory
|-resisted|p1a: Skarmory
|-damage|p1a: Skarmory|55/100
|move|p1a: Skarmory|Body Press|p2a: the anchor
|-immune|p2a: the anchor
|
|upkeep
|turn|80
|
|t:|1663452815
|move|p2a: the anchor|Anchor Shot|p1a: Skarmory
|-resisted|p1a: Skarmory
|-damage|p1a: Skarmory|52/100
|move|p1a: Skarmory|Body Press|p2a: the anchor
|-immune|p2a: the anchor
|
|upkeep
|turn|81
|
|t:|1663452822
|move|p2a: the anchor|Anchor Shot|p1a: Skarmory
|-resisted|p1a: Skarmory
|-damage|p1a: Skarmory|49/100
|move|p1a: Skarmory|Body Press|p2a: the anchor
|-immune|p2a: the anchor
|
|upkeep
|turn|82
|
|t:|1663452829
|move|p2a: the anchor|Anchor Shot|p1a: Skarmory
|-resisted|p1a: Skarmory
|-damage|p1a: Skarmory|47/100
|move|p1a: Skarmory|Roost|p1a: Skarmory
|-heal|p1a: Skarmory|97/100
|-singleturn|p1a: Skarmory|move: Roost
|
|upkeep
|turn|83
|c|☆esqimo589|this is the dumbest match ever
|c|☆esqimo589|i love it
|c|☆hide_ya_moms|one time in an lc match i fully pp stalled a ferrothorn
|inactive|hide_ya_moms has 120 seconds left.
|
|t:|1663452861
|move|p2a: the anchor|Anchor Shot|p1a: Skarmory
|-resisted|p1a: Skarmory
|-damage|p1a: Skarmory|95/100
|move|p1a: Skarmory|Body Press|p2a: the anchor
|-immune|p2a: the anchor
|
|upkeep
|turn|84
|c|☆esqimo589|dhelmise is the new mageton
|
|t:|1663452869
|move|p2a: the anchor|Rapid Spin|p1a: Skarmory
|-resisted|p1a: Skarmory
|-damage|p1a: Skarmory|93/100
|move|p1a: Skarmory|Roost|p1a: Skarmory
|-heal|p1a: Skarmory|100/100
|-singleturn|p1a: Skarmory|move: Roost
|
|upkeep
|turn|85
|
|t:|1663452876
|move|p2a: the anchor|Rapid Spin|p1a: Skarmory
|-resisted|p1a: Skarmory
|-damage|p1a: Skarmory|99/100
|move|p1a: Skarmory|Roost|p1a: Skarmory
|-heal|p1a: Skarmory|100/100
|-singleturn|p1a: Skarmory|move: Roost
|
|upkeep
|turn|86
|c|☆esqimo589|the fact that i have to knock you first sucks but
|c|☆esqimo589|i got it
|c| Liz Angeles|you said that already
|
|t:|1663452883
|move|p2a: the anchor|Anchor Shot|p1a: Skarmory
|-resisted|p1a: Skarmory
|-damage|p1a: Skarmory|98/100
|move|p1a: Skarmory|Roost|p1a: Skarmory
|-heal|p1a: Skarmory|100/100
|-singleturn|p1a: Skarmory|move: Roost
|
|upkeep
|turn|87
|
|t:|1663452890
|move|p2a: the anchor|Anchor Shot|p1a: Skarmory
|-resisted|p1a: Skarmory
|-damage|p1a: Skarmory|98/100
|move|p1a: Skarmory|Roost|p1a: Skarmory
|-heal|p1a: Skarmory|100/100
|-singleturn|p1a: Skarmory|move: Roost
|
|upkeep
|turn|88
|
|t:|1663452897
|move|p2a: the anchor|Anchor Shot|p1a: Skarmory
|-resisted|p1a: Skarmory
|-damage|p1a: Skarmory|98/100
|move|p1a: Skarmory|Roost|p1a: Skarmory
|-heal|p1a: Skarmory|100/100
|-singleturn|p1a: Skarmory|move: Roost
|
|upkeep
|turn|89
|c|☆esqimo589|8 turns to go
|
|t:|1663452906
|move|p2a: the anchor|Anchor Shot|p1a: Skarmory
|-resisted|p1a: Skarmory
|-damage|p1a: Skarmory|98/100
|move|p1a: Skarmory|Roost|p1a: Skarmory
|-heal|p1a: Skarmory|100/100
|-singleturn|p1a: Skarmory|move: Roost
|
|upkeep
|turn|90
|
|t:|1663452913
|move|p2a: the anchor|Rapid Spin|p1a: Skarmory
|-resisted|p1a: Skarmory
|-damage|p1a: Skarmory|99/100
|move|p1a: Skarmory|Roost|p1a: Skarmory
|-heal|p1a: Skarmory|100/100
|-singleturn|p1a: Skarmory|move: Roost
|
|upkeep
|turn|91
|
|t:|1663452920
|move|p2a: the anchor|Anchor Shot|p1a: Skarmory
|-resisted|p1a: Skarmory
|-damage|p1a: Skarmory|98/100
|move|p1a: Skarmory|Roost|p1a: Skarmory
|-heal|p1a: Skarmory|100/100
|-singleturn|p1a: Skarmory|move: Roost
|
|upkeep
|turn|92
|
|t:|1663452929
|move|p2a: the anchor|Anchor Shot|p1a: Skarmory
|-resisted|p1a: Skarmory
|-damage|p1a: Skarmory|98/100
|move|p1a: Skarmory|Roost|p1a: Skarmory
|-heal|p1a: Skarmory|100/100
|-singleturn|p1a: Skarmory|move: Roost
|
|upkeep
|turn|93
|
|t:|1663452937
|move|p2a: the anchor|Anchor Shot|p1a: Skarmory
|-resisted|p1a: Skarmory
|-damage|p1a: Skarmory|98/100
|move|p1a: Skarmory|Roost|p1a: Skarmory
|-heal|p1a: Skarmory|100/100
|-singleturn|p1a: Skarmory|move: Roost
|
|upkeep
|turn|94
|
|t:|1663452944
|move|p2a: the anchor|Anchor Shot|p1a: Skarmory
|-resisted|p1a: Skarmory
|-damage|p1a: Skarmory|98/100
|move|p1a: Skarmory|Roost|p1a: Skarmory
|-heal|p1a: Skarmory|100/100
|-singleturn|p1a: Skarmory|move: Roost
|
|upkeep
|turn|95
|
|t:|1663452954
|move|p2a: the anchor|Anchor Shot|p1a: Skarmory
|-resisted|p1a: Skarmory
|-damage|p1a: Skarmory|98/100
|move|p1a: Skarmory|Roost|p1a: Skarmory
|-heal|p1a: Skarmory|100/100
|-singleturn|p1a: Skarmory|move: Roost
|
|upkeep
|turn|96
|
|t:|1663452961
|move|p2a: the anchor|Anchor Shot|p1a: Skarmory
|-resisted|p1a: Skarmory
|-damage|p1a: Skarmory|98/100
|move|p1a: Skarmory|Roost|p1a: Skarmory
|-heal|p1a: Skarmory|100/100
|-singleturn|p1a: Skarmory|move: Roost
|
|upkeep
|turn|97
|c|☆esqimo589|bye bye
|
|t:|1663452971
|move|p2a: the anchor|Anchor Shot|p1a: Skarmory
|-resisted|p1a: Skarmory
|-damage|p1a: Skarmory|98/100
|-activate|p1a: Skarmory|move: Struggle
|move|p1a: Skarmory|Struggle|p2a: the anchor
|-damage|p2a: the anchor|90/100
|-damage|p1a: Skarmory|72/100|[from] recoil
|
|upkeep
|turn|98
|
|t:|1663452976
|move|p2a: the anchor|Anchor Shot|p1a: Skarmory
|-resisted|p1a: Skarmory
|-damage|p1a: Skarmory|69/100
|-activate|p1a: Skarmory|move: Struggle
|move|p1a: Skarmory|Struggle|p2a: the anchor
|-damage|p2a: the anchor|81/100
|-damage|p1a: Skarmory|44/100|[from] recoil
|
|upkeep
|turn|99
|
|t:|1663452980
|move|p2a: the anchor|Anchor Shot|p1a: Skarmory
|-resisted|p1a: Skarmory
|-damage|p1a: Skarmory|42/100
|-activate|p1a: Skarmory|move: Struggle
|move|p1a: Skarmory|Struggle|p2a: the anchor
|-damage|p2a: the anchor|72/100
|-damage|p1a: Skarmory|16/100|[from] recoil
|
|upkeep
|turn|100
|
|t:|1663452982
|move|p2a: the anchor|Synthesis|p2a: the anchor
|-heal|p2a: the anchor|100/100
|-activate|p1a: Skarmory|move: Struggle
|move|p1a: Skarmory|Struggle|p2a: the anchor
|-damage|p2a: the anchor|91/100
|-damage|p1a: Skarmory|0 fnt|[from] recoil
|faint|p1a: Skarmory
|
|upkeep
|c| amogusroxyrrrr|get a struggle crit
|c| amogusroxyrrrr|damn
|
|t:|1663452996
|switch|p1a: Crawdaunt|Crawdaunt, M, shiny|100/100
|-damage|p1a: Crawdaunt|76/100|[from] Spikes
|turn|101
|c|☆esqimo589|turn 100 and i finally killed the skarm
|l| Queen of Bean ✿
|c|☆esqimo589|i have no switch ins
|
|t:|1663453019
|move|p2a: the anchor|Power Whip|p1a: Crawdaunt
|-supereffective|p1a: Crawdaunt
|-damage|p1a: Crawdaunt|0 fnt
|faint|p1a: Crawdaunt
|
|upkeep
|c|☆esqimo589|but ig i dont need this anymore right
|c|☆esqimo589|oh
|
|t:|1663453024
|switch|p1a: Zarude|Zarude-Dada|45/100
|-damage|p1a: Zarude|20/100|[from] Spikes
|turn|102
|c|☆esqimo589|right im +6 speed
|c|☆esqimo589|i forgor
|
|t:|1663453034
|move|p2a: the anchor|Anchor Shot|p1a: Zarude
|-damage|p1a: Zarude|0 fnt
|faint|p1a: Zarude
|
|upkeep
|
|t:|1663453039
|switch|p1a: Moltres|Moltres|100/100
|turn|103
|
|t:|1663453062
|move|p2a: the anchor|Anchor Shot|p1a: Moltres
|-resisted|p1a: Moltres
|-damage|p1a: Moltres|82/100
|-activate|p1a: Moltres|trapped
|move|p1a: Moltres|Toxic|p2a: the anchor
|-status|p2a: the anchor|tox
|
|-damage|p2a: the anchor|85/100 tox|[from] psn
|upkeep
|turn|104
|
|t:|1663453082
|move|p2a: the anchor|Anchor Shot|p1a: Moltres
|-resisted|p1a: Moltres
|-damage|p1a: Moltres|66/100
|move|p1a: Moltres|Mystical Fire|p2a: the anchor
|-supereffective|p2a: the anchor
|-damage|p2a: the anchor|32/100 tox
|-unboost|p2a: the anchor|spa|1
|
|-damage|p2a: the anchor|20/100 tox|[from] psn
|upkeep
|turn|105
|
|t:|1663453091
|move|p2a: the anchor|Synthesis|p2a: the anchor
|-heal|p2a: the anchor|70/100 tox
|move|p1a: Moltres|Roost|p1a: Moltres
|-heal|p1a: Moltres|100/100
|-singleturn|p1a: Moltres|move: Roost
|
|-damage|p2a: the anchor|51/100 tox|[from] psn
|upkeep
|turn|106
|inactive|hide_ya_moms has 120 seconds left.
|
|t:|1663453106
|move|p2a: the anchor|Synthesis|p2a: the anchor
|-heal|p2a: the anchor|100/100 tox
|move|p1a: Moltres|U-turn|p2a: the anchor
|-damage|p2a: the anchor|87/100 tox
|inactive|hide_ya_moms has 120 seconds left.
|
|t:|1663453112
|switch|p1a: Nidoking|Nidoking, M, shiny|76/100|[from]move: U-turn
|-damage|p1a: Nidoking|51/100|[from] Spikes
|
|-damage|p2a: the anchor|63/100 tox|[from] psn
|upkeep
|turn|107
|inactive|hide_ya_moms has 120 seconds left.
|
|t:|1663453124
|move|p2a: the anchor|Power Whip|p1a: Nidoking|[miss]
|-miss|p2a: the anchor|p1a: Nidoking
|move|p1a: Nidoking|Fire Blast|p2a: the anchor
|-supereffective|p2a: the anchor
|-damage|p2a: the anchor|0 fnt
|faint|p2a: the anchor
|
|upkeep
|
|t:|1663453129
|switch|p2a: egg|Chansey, F|72/100
|turn|108
|inactive|hide_ya_moms has 120 seconds left.
|c|☆esqimo589|whoops
|
|t:|1663453137
|switch|p1a: Moltres|Moltres|100/100
|move|p2a: egg|Teleport|p2a: egg
|
|t:|1663453145
|switch|p2a: a fishy star|Starmie, shiny|100/100|[from]move: Teleport
|
|upkeep
|turn|109
|
|t:|1663453150
|switch|p1a: Chansey|Chansey, F|100/100
|-damage|p1a: Chansey|75/100|[from] Spikes
|move|p2a: a fishy star|Surf|p1a: Chansey
|-damage|p1a: Chansey|61/100
|-damage|p2a: a fishy star|91/100|[from] item: Life Orb
|
|upkeep
|turn|110
|inactive|hide_ya_moms has 120 seconds left.
|
|t:|1663453162
|switch|p2a: budget genesect|Scizor, M|84/100
|move|p1a: Chansey|Toxic|p2a: budget genesect
|-immune|p2a: budget genesect
|
|upkeep
|turn|111
|inactive|hide_ya_moms has 120 seconds left.
|
|t:|1663453169
|switch|p1a: Moltres|Moltres|100/100
|move|p2a: budget genesect|Knock Off|p1a: Moltres
|-damage|p1a: Moltres|73/100
|-enditem|p1a: Moltres|Heavy-Duty Boots|[from] move: Knock Off|[of] p2a: budget genesect
|
|upkeep
|turn|112
|inactive|hide_ya_moms has 120 seconds left.
|
|t:|1663453180
|switch|p2a: egg|Chansey, F|72/100
|move|p1a: Moltres|Mystical Fire|p2a: egg
|-damage|p2a: egg|62/100
|-unboost|p2a: egg|spa|1
|
|upkeep
|turn|113
|
|t:|1663453186
|move|p1a: Moltres|Toxic|p2a: egg
|-status|p2a: egg|tox
|move|p2a: egg|Stealth Rock|p1a: Moltres
|-sidestart|p1: hide_ya_moms|move: Stealth Rock
|
|-damage|p2a: egg|56/100 tox|[from] psn
|upkeep
|turn|114
|inactive|hide_ya_moms has 120 seconds left.
|
|t:|1663453195
|move|p1a: Moltres|U-turn|p2a: egg
|-damage|p2a: egg|47/100 tox
|inactive|hide_ya_moms has 120 seconds left.
|
|t:|1663453201
|switch|p1a: Nidoking|Nidoking, M, shiny|51/100|[from]move: U-turn
|-damage|p1a: Nidoking|26/100|[from] Spikes
|-damage|p1a: Nidoking|20/100|[from] Stealth Rock
|move|p2a: egg|Soft-Boiled|p2a: egg
|-heal|p2a: egg|97/100 tox
|
|-damage|p2a: egg|84/100 tox|[from] psn
|upkeep
|turn|115
|inactive|hide_ya_moms has 120 seconds left.
|
|t:|1663453214
|move|p1a: Nidoking|Sludge Wave|p2a: egg
|-damage|p2a: egg|61/100 tox
|move|p2a: egg|Teleport|p2a: egg
|
|t:|1663453217
|-curestatus|p2a: egg|tox|[from] ability: Natural Cure
|switch|p2a: a fishy star|Starmie, shiny|91/100|[from]move: Teleport
|
|upkeep
|turn|116
|inactive|hide_ya_moms has 120 seconds left.
|
|t:|1663453224
|switch|p1a: Chansey|Chansey, F|61/100
|-damage|p1a: Chansey|36/100|[from] Spikes
|-damage|p1a: Chansey|24/100|[from] Stealth Rock
|move|p2a: a fishy star|Surf|p1a: Chansey
|-damage|p1a: Chansey|9/100
|-damage|p2a: a fishy star|81/100|[from] item: Life Orb
|
|upkeep
|turn|117
|inactive|hide_ya_moms has 120 seconds left.
|
|t:|1663453234
|move|p2a: a fishy star|Surf|p1a: Chansey
|-damage|p1a: Chansey|0 fnt
|faint|p1a: Chansey
|-damage|p2a: a fishy star|71/100|[from] item: Life Orb
|
|upkeep
|c|☆esqimo589|gg
|
|t:|1663453241
|switch|p1a: Nidoking|Nidoking, M, shiny|20/100
|-damage|p1a: Nidoking|0 fnt|[from] Spikes
|faint|p1a: Nidoking
|
|t:|1663453245
|switch|p1a: Moltres|Moltres|73/100
|-damage|p1a: Moltres|23/100|[from] Stealth Rock
|turn|118
|inactive|hide_ya_moms has 120 seconds left.
|
|t:|1663453252
|move|p2a: a fishy star|Surf|p1a: Moltres
|-supereffective|p1a: Moltres
|-damage|p1a: Moltres|0 fnt
|faint|p1a: Moltres
|-damage|p2a: a fishy star|61/100|[from] item: Life Orb
|
|win|esqimo589
|raw|hide_ya_moms's rating: 1096 &rarr; <strong>1078</strong><br />(-18 for losing)
|raw|esqimo589's rating: 1185 &rarr; <strong>1204</strong><br />(+19 for winning)
|l|☆hide_ya_moms
|l| Liz Angeles
|l| amogusroxyrrrr
||Ladder isn't responding, score probably updated but might not have (Request timeout).
