|j|☆Firquen
|j|☆Codsauce
|player|p1|Firquen|worker|1306
|player|p2|Codsauce|swimmer-gen4dp|1340
|teamsize|p1|6
|teamsize|p2|6
|gametype|singles
|gen|8
|tier|[Gen 8] UU
|rated|
|clearpoke
|poke|p1|Virizion|
|poke|p1|Darmanitan, M|
|poke|p1|Blastoise, F|
|poke|p1|Sylveon, F|
|poke|p1|Haxorus, F|
|poke|p1|Polteageist|
|poke|p2|Flygon, F|
|poke|p2|Gardevoir, F|
|poke|p2|Incineroar, M|
|poke|p2|Cobalion|
|poke|p2|Rotom-Wash|
|poke|p2|Gigalith, F|
|rule|Sleep Clause Mod: Limit one foe put to sleep
|rule|Species Clause: Limit one of each Pokémon
|rule|OHKO Clause: OHKO moves are banned
|rule|Evasion Moves Clause: Evasion moves are banned
|rule|Endless Battle Clause: Forcing endless battles is banned
|rule|HP Percentage Mod: HP is shown in percentages
|rule|Dynamax Clause: You cannot dynamax
|teampreview
|
|start
|switch|p1a: Virizion|Virizion|100/100
|switch|p2a: Gardevoir|Gardevoir, F|100/100
|-ability|p2a: Gardevoir|Justified|[from] ability: Trace|[of] p1a: Virizion
|turn|1
|
|move|p1a: Virizion|Light Screen|p1a: Virizion
|-sidestart|p1: Firquen|move: Light Screen
|move|p2a: Gardevoir|Trick|p1a: Virizion
|-activate|p2a: Gardevoir|move: Trick|[of] p1a: Virizion
|-item|p1a: Virizion|Choice Specs|[from] move: Trick
|-item|p2a: Gardevoir|Light Clay|[from] move: Trick
|
|upkeep
|turn|2
|
|move|p1a: Virizion|Reflect|p1a: Virizion
|-sidestart|p1: Firquen|Reflect
|move|p2a: Gardevoir|Moonblast|p1a: Virizion
|-supereffective|p1a: Virizion
|-damage|p1a: Virizion|61/100
|
|upkeep
|turn|3
|
|switch|p1a: Blastoise|Blastoise, F|100/100
|switch|p2a: Cobalion|Cobalion|100/100
|
|upkeep
|turn|4
|
|move|p2a: Cobalion|Taunt|p1a: Blastoise
|-start|p1a: Blastoise|move: Taunt
|cant|p1a: Blastoise|move: Taunt|Shell Smash
|
|upkeep
|turn|5
|
|move|p2a: Cobalion|Close Combat|p1a: Blastoise
|-damage|p1a: Blastoise|75/100
|-unboost|p2a: Cobalion|def|1
|-unboost|p2a: Cobalion|spd|1
|-enditem|p2a: Cobalion|Eject Pack
|
|switch|p2a: Rotom|Rotom-Wash|100/100
|move|p1a: Blastoise|Hydro Pump|p2a: Rotom
|-resisted|p2a: Rotom
|-damage|p2a: Rotom|65/100
|-damage|p1a: Blastoise|65/100|[from] item: Life Orb
|
|-heal|p2a: Rotom|71/100|[from] item: Leftovers
|upkeep
|turn|6
|
|switch|p1a: Virizion|Virizion|61/100
|move|p2a: Rotom|Volt Switch|p1a: Virizion
|-resisted|p1a: Virizion
|-damage|p1a: Virizion|57/100
|
|switch|p2a: Incineroar|Incineroar, M|100/100|[from]move: Volt Switch
|-ability|p2a: Incineroar|Intimidate|boost
|-unboost|p1a: Virizion|atk|1
|
|-sideend|p1: Firquen|Reflect
|upkeep
|turn|7
|
|move|p1a: Virizion|Reflect|p1a: Virizion
|-sidestart|p1: Firquen|Reflect
|move|p2a: Incineroar|Flare Blitz|p1a: Virizion
|-supereffective|p1a: Virizion
|-damage|p1a: Virizion|0 fnt
|-damage|p2a: Incineroar|82/100|[from] Recoil
|faint|p1a: Virizion
|
|upkeep
|
|switch|p1a: Haxorus|Haxorus, F|100/100
|-ability|p1a: Haxorus|Mold Breaker
|turn|8
|
|move|p1a: Haxorus|Dragon Dance|p1a: Haxorus
|-boost|p1a: Haxorus|atk|1
|-boost|p1a: Haxorus|spe|1
|move|p2a: Incineroar|Roar|p1a: Haxorus
|drag|p1a: Blastoise|Blastoise, F|65/100
|
|-sideend|p1: Firquen|move: Light Screen
|upkeep
|turn|9
|
|move|p1a: Blastoise|Hydro Pump|p2a: Incineroar
|-supereffective|p2a: Incineroar
|-damage|p2a: Incineroar|0 fnt
|-damage|p1a: Blastoise|56/100|[from] item: Life Orb
|faint|p2a: Incineroar
|
|upkeep
|
|switch|p2a: Rotom|Rotom-Wash|71/100
|turn|10
|
|move|p2a: Rotom|Volt Switch|p1a: Blastoise
|-supereffective|p1a: Blastoise
|-damage|p1a: Blastoise|0 fnt
|faint|p1a: Blastoise
|
|switch|p2a: Gigalith|Gigalith, F|100/100|[from]move: Volt Switch
|-weather|Sandstorm|[from] ability: Sand Stream|[of] p2a: Gigalith
|
|-weather|Sandstorm|[upkeep]
|upkeep
|
|switch|p1a: Sylveon|Sylveon, F|100/100
|turn|11
|
|move|p1a: Sylveon|Hyper Voice|p2a: Gigalith
|-damage|p2a: Gigalith|61/100
|move|p2a: Gigalith|Toxic|p1a: Sylveon
|-status|p1a: Sylveon|tox
|
|-weather|Sandstorm|[upkeep]
|-damage|p1a: Sylveon|94/100 tox|[from] Sandstorm
|-heal|p2a: Gigalith|67/100|[from] item: Leftovers
|-damage|p1a: Sylveon|88/100 tox|[from] psn
|-sideend|p1: Firquen|Reflect
|upkeep
|turn|12
|
|switch|p1a: Haxorus|Haxorus, F|100/100
|-ability|p1a: Haxorus|Mold Breaker
|move|p2a: Gigalith|Stealth Rock|p1a: Haxorus
|-sidestart|p1: Firquen|move: Stealth Rock
|
|-weather|Sandstorm|[upkeep]
|-damage|p1a: Haxorus|94/100|[from] Sandstorm
|-heal|p2a: Gigalith|73/100|[from] item: Leftovers
|upkeep
|turn|13
|
|move|p1a: Haxorus|Dragon Dance|p1a: Haxorus
|-boost|p1a: Haxorus|atk|1
|-boost|p1a: Haxorus|spe|1
|move|p2a: Gigalith|Rock Blast|p1a: Haxorus
|-damage|p1a: Haxorus|81/100
|-damage|p1a: Haxorus|66/100
|-hitcount|p1a: Haxorus|2
|
|-weather|Sandstorm|[upkeep]
|-damage|p1a: Haxorus|60/100|[from] Sandstorm
|-heal|p2a: Gigalith|80/100|[from] item: Leftovers
|upkeep
|turn|14
|
|move|p1a: Haxorus|Earthquake|p2a: Gigalith
|-supereffective|p2a: Gigalith
|-damage|p2a: Gigalith|0 fnt
|faint|p2a: Gigalith
|
|-weather|none
|upkeep
|
|switch|p2a: Flygon|Flygon, F|100/100
|turn|15
|
|move|p2a: Flygon|U-turn|p1a: Haxorus
|-damage|p1a: Haxorus|33/100
|
|switch|p2a: Rotom|Rotom-Wash|71/100|[from]move: U-turn
|move|p1a: Haxorus|Earthquake|p2a: Rotom
|-supereffective|p2a: Rotom
|-damage|p2a: Rotom|0 fnt
|faint|p2a: Rotom
|
|upkeep
|
|switch|p2a: Flygon|Flygon, F|100/100
|turn|16
|
|move|p2a: Flygon|Earthquake|p1a: Haxorus
|-damage|p1a: Haxorus|0 fnt
|faint|p1a: Haxorus
|
|upkeep
|
|switch|p1a: Sylveon|Sylveon, F|88/100 tox
|-damage|p1a: Sylveon|76/100 tox|[from] Stealth Rock
|turn|17
|
|switch|p2a: Gardevoir|Gardevoir, F|100/100
|-ability|p2a: Gardevoir|Pixilate|[from] ability: Trace|[of] p1a: Sylveon
|move|p1a: Sylveon|Hyper Voice|p2a: Gardevoir
|-damage|p2a: Gardevoir|10/100
|
|-damage|p1a: Sylveon|70/100 tox|[from] psn
|upkeep
|turn|18
|
|move|p2a: Gardevoir|Moonblast|p1a: Sylveon
|-damage|p1a: Sylveon|27/100 tox
|move|p1a: Sylveon|Hyper Voice|p2a: Gardevoir
|-damage|p2a: Gardevoir|0 fnt
|faint|p2a: Gardevoir
|
|-damage|p1a: Sylveon|15/100 tox|[from] psn
|upkeep
|
|switch|p2a: Cobalion|Cobalion|100/100
|turn|19
|
|move|p2a: Cobalion|Iron Head|p1a: Sylveon
|-supereffective|p1a: Sylveon
|-damage|p1a: Sylveon|0 fnt
|faint|p1a: Sylveon
|
|upkeep
|
|switch|p1a: Darmanitan|Darmanitan, M|100/100
|-damage|p1a: Darmanitan|76/100|[from] Stealth Rock
|turn|20
|
|switch|p2a: Flygon|Flygon, F|100/100
|move|p1a: Darmanitan|Flare Blitz|p2a: Flygon
|-resisted|p2a: Flygon
|-damage|p2a: Flygon|11/100
|-damage|p1a: Darmanitan|51/100|[from] Recoil
|
|upkeep
|turn|21
|
|move|p2a: Flygon|Outrage|p1a: Darmanitan
|-damage|p1a: Darmanitan|0 fnt
|faint|p1a: Darmanitan
|
|upkeep
|
|switch|p1a: Polteageist|Polteageist|100/100
|-damage|p1a: Polteageist|88/100|[from] Stealth Rock
|turn|22
|
|move|p2a: Flygon|Outrage|p1a: Polteageist|[from]lockedmove
|-damage|p1a: Polteageist|0 fnt
|-start|p2a: Flygon|confusion|[fatigue]
|faint|p1a: Polteageist
|
|win|Codsauce
|l|☆Firquen
||Ladder (probably) updated, but score could not be retrieved (Response not received).
