|j|☆Zephyyyr
|j|☆VishIsNice
|t:|1634244670
|gametype|singles
|player|p1|Zephyyyr|richboy|
|player|p2|VishIsNice|colress-gen7|
|teamsize|p1|6
|teamsize|p2|6
|gen|8
|tier|[Gen 8] UU
|rated|Tournament battle
|rule|Sleep Clause Mod: Limit one foe put to sleep
|rule|Species Clause: Limit one of each Pokémon
|rule|OHKO Clause: OHKO moves are banned
|rule|Evasion Moves Clause: Evasion moves are banned
|rule|Endless Battle Clause: Forcing endless battles is banned
|rule|HP Percentage Mod: HP is shown in percentages
|rule|Dynamax Clause: You cannot dynamax
|clearpoke
|poke|p1|Excadrill, M|
|poke|p1|Azumarill, F|
|poke|p1|Hydreigon, M|
|poke|p1|Celesteela|
|poke|p1|Lycanroc-Dusk, F|
|poke|p1|Latias, F|
|poke|p2|Mienshao, M|
|poke|p2|Crawdaunt, M|
|poke|p2|Rotom-Wash|
|poke|p2|Jirachi|
|poke|p2|Hatterene, F|
|poke|p2|Noivern, F|
|teampreview
|c|☆Zephyyyr|Hf
|j| Jeza.p
|c|☆VishIsNice|hf
|j| Mimilucha~★
|
|t:|1634244693
|start
|switch|p1a: Excadrill|Excadrill, M|100/100
|switch|p2a: Jirachi|Jirachi|100/100
|-ability|p1a: Excadrill|Mold Breaker
|turn|1
|
|t:|1634244704
|move|p2a: Jirachi|Iron Head|p1a: Excadrill
|-resisted|p1a: Excadrill
|-damage|p1a: Excadrill|82/100
|cant|p1a: Excadrill|flinch
|
|upkeep
|turn|2
|
|t:|1634244710
|move|p2a: Jirachi|Iron Head|p1a: Excadrill
|-resisted|p1a: Excadrill
|-damage|p1a: Excadrill|62/100
|cant|p1a: Excadrill|flinch
|
|upkeep
|turn|3
|
|t:|1634244714
|move|p2a: Jirachi|Iron Head|p1a: Excadrill
|-resisted|p1a: Excadrill
|-damage|p1a: Excadrill|43/100
|cant|p1a: Excadrill|flinch
|
|upkeep
|turn|4
|j| Dunoks
|
|t:|1634244718
|move|p2a: Jirachi|Iron Head|p1a: Excadrill
|-resisted|p1a: Excadrill
|-damage|p1a: Excadrill|23/100
|move|p1a: Excadrill|Stealth Rock|p2a: Jirachi
|-sidestart|p2: VishIsNice|move: Stealth Rock
|
|upkeep
|turn|5
|c| Mimilucha~★|gameplan again
|j| hftd
|
|t:|1634244723
|switch|p1a: Celesteela|Celesteela|100/100
|move|p2a: Jirachi|Iron Head|p1a: Celesteela
|-resisted|p1a: Celesteela
|-damage|p1a: Celesteela|86/100
|
|upkeep
|turn|6
|
|t:|1634244726
|move|p2a: Jirachi|Thunder|p1a: Celesteela
|-supereffective|p1a: Celesteela
|-damage|p1a: Celesteela|43/100
|-status|p1a: Celesteela|par
|cant|p1a: Celesteela|par
|
|upkeep
|turn|7
|c| Mimilucha~★|ez
|
|t:|1634244736
|move|p2a: Jirachi|Iron Head|p1a: Celesteela
|-resisted|p1a: Celesteela
|-damage|p1a: Celesteela|29/100 par
|cant|p1a: Celesteela|flinch
|
|upkeep
|turn|8
|
|t:|1634244740
|move|p2a: Jirachi|Thunder|p1a: Celesteela
|-supereffective|p1a: Celesteela
|-damage|p1a: Celesteela|0 fnt
|faint|p1a: Celesteela
|
|upkeep
|c| Mimilucha~★|ça va zeph ?
|c|☆Zephyyyr|Le mec est pret a sac sa win con sur des flinch sinon ca va oe
|j| tru otyo ouytft
|
|t:|1634244776
|switch|p1a: Lycanroc|Lycanroc-Dusk, F|100/100
|turn|9
|
|t:|1634244782
|switch|p2a: Mienshao|Mienshao, M|100/100
|-damage|p2a: Mienshao|95/100|[from] Stealth Rock
|move|p1a: Lycanroc|Crunch|p2a: Mienshao
|-resisted|p2a: Mienshao
|-damage|p2a: Mienshao|56/100
|-damage|p1a: Lycanroc|91/100|[from] item: Life Orb
|
|upkeep
|turn|10
|c| Mimilucha~★|roh
|c| Mimilucha~★|stop être salé
|
|t:|1634244797
|switch|p1a: Excadrill|Excadrill, M|23/100
|-ability|p1a: Excadrill|Mold Breaker
|move|p2a: Mienshao|Close Combat|p1a: Excadrill
|-supereffective|p1a: Excadrill
|-damage|p1a: Excadrill|0 fnt
|-unboost|p2a: Mienshao|def|1
|-unboost|p2a: Mienshao|spd|1
|faint|p1a: Excadrill
|
|upkeep
|c| Mimilucha~★|imagine ta wincon c'est rachi
|
|t:|1634244806
|switch|p1a: Azumarill|Azumarill, F|100/100
|turn|11
|j| Art imitates Me
|
|t:|1634244818
|switch|p2a: Rotom|Rotom-Wash|100/100
|-damage|p2a: Rotom|88/100|[from] Stealth Rock
|move|p1a: Azumarill|Play Rough|p2a: Rotom
|-damage|p2a: Rotom|41/100
|
|-heal|p2a: Rotom|47/100|[from] item: Leftovers
|upkeep
|turn|12
|
|t:|1634244831
|move|p2a: Rotom|Defog|p1a: Azumarill
|-unboost|p1a: Azumarill|evasion|1
|-sideend|p2: VishIsNice|Stealth Rock|[from] move: Defog|[of] p2a: Rotom
|move|p1a: Azumarill|Knock Off|p2a: Rotom
|-damage|p2a: Rotom|12/100
|-enditem|p2a: Rotom|Leftovers|[from] move: Knock Off|[of] p1a: Azumarill
|
|upkeep
|turn|13
|
|t:|1634244837
|move|p1a: Azumarill|Aqua Jet|p2a: Rotom
|-resisted|p2a: Rotom
|-damage|p2a: Rotom|1/100
|move|p2a: Rotom|Volt Switch|p1a: Azumarill
|-supereffective|p1a: Azumarill
|-damage|p1a: Azumarill|44/100
|-enditem|p1a: Azumarill|Sitrus Berry|[eat]
|-heal|p1a: Azumarill|69/100|[from] item: Sitrus Berry
|c|☆Zephyyyr|Ca c est chiant
|
|t:|1634244878
|switch|p2a: Jirachi|Jirachi|100/100|[from]move: Volt Switch
|
|upkeep
|turn|14
|
|t:|1634244884
|move|p2a: Jirachi|Iron Head|p1a: Azumarill
|-crit|p1a: Azumarill
|-damage|p1a: Azumarill|19/100
|cant|p1a: Azumarill|flinch
|
|upkeep
|turn|15
|c|☆Zephyyyr|T es juste meilleur en fait
|c| Mimilucha~★|mdrrrrrrrr
|
|t:|1634244895
|move|p1a: Azumarill|Aqua Jet|p2a: Jirachi
|-damage|p2a: Jirachi|80/100
|move|p2a: Jirachi|Stealth Rock|p1a: Azumarill
|-sidestart|p1: Zephyyyr|move: Stealth Rock
|
|-heal|p2a: Jirachi|86/100|[from] item: Leftovers
|upkeep
|turn|16
|c|☆VishIsNice|merci
|c| Mimilucha~★|ggwp
|
|t:|1634244907
|switch|p1a: Hydreigon|Hydreigon, M|100/100
|-damage|p1a: Hydreigon|88/100|[from] Stealth Rock
|move|p2a: Jirachi|Iron Head|p1a: Hydreigon
|-damage|p1a: Hydreigon|54/100
|
|-heal|p2a: Jirachi|92/100|[from] item: Leftovers
|upkeep
|turn|17
|
|t:|1634244917
|switch|p2a: Hatterene|Hatterene, F|100/100
|move|p1a: Hydreigon|Dark Pulse|p2a: Hatterene
|-damage|p2a: Hatterene|71/100
|-damage|p1a: Hydreigon|44/100|[from] item: Life Orb
|
|upkeep
|turn|18
|
|t:|1634244923
|move|p1a: Hydreigon|Dark Pulse|p2a: Hatterene
|-damage|p2a: Hatterene|39/100
|-damage|p1a: Hydreigon|34/100|[from] item: Life Orb
|move|p2a: Hatterene|Draining Kiss|p1a: Hydreigon
|-supereffective|p1a: Hydreigon
|-damage|p1a: Hydreigon|0 fnt
|-heal|p2a: Hatterene|65/100|[from] drain|[of] p1a: Hydreigon
|faint|p1a: Hydreigon
|
|upkeep
|
|t:|1634244926
|switch|p1a: Lycanroc|Lycanroc-Dusk, F|91/100
|-damage|p1a: Lycanroc|78/100|[from] Stealth Rock
|turn|19
|
|t:|1634244942
|switch|p2a: Rotom|Rotom-Wash|1/100
|move|p1a: Lycanroc|Stone Edge|p2a: Rotom
|-damage|p2a: Rotom|0 fnt
|faint|p2a: Rotom
|-damage|p1a: Lycanroc|68/100|[from] item: Life Orb
|
|upkeep
|
|t:|1634244956
|switch|p2a: Crawdaunt|Crawdaunt, M|100/100
|turn|20
|c|☆Zephyyyr|Je l ai tjrs dit mimi perds contre rachi c est une chose perdre contre qqun qui rely dessus c est autre chose
|
|t:|1634244962
|switch|p1a: Latias|Latias, F|100/100
|-damage|p1a: Latias|88/100|[from] Stealth Rock
|move|p2a: Crawdaunt|Aqua Jet|p1a: Latias
|-resisted|p1a: Latias
|-damage|p1a: Latias|66/100
|-damage|p2a: Crawdaunt|91/100|[from] item: Life Orb
|
|upkeep
|turn|21
|
|t:|1634244969
|switch|p2a: Hatterene|Hatterene, F|65/100
|move|p1a: Latias|Draco Meteor|p2a: Hatterene
|-immune|p2a: Hatterene
|
|upkeep
|turn|22
|
|t:|1634244973
|switch|p1a: Lycanroc|Lycanroc-Dusk, F|68/100
|-damage|p1a: Lycanroc|56/100|[from] Stealth Rock
|move|p2a: Hatterene|Draining Kiss|p1a: Lycanroc
|-damage|p1a: Lycanroc|15/100
|-heal|p2a: Hatterene|93/100|[from] drain|[of] p1a: Lycanroc
|
|upkeep
|turn|23
|
|t:|1634244981
|move|p1a: Lycanroc|Stone Edge|p2a: Hatterene
|-damage|p2a: Hatterene|25/100
|-damage|p1a: Lycanroc|5/100|[from] item: Life Orb
|move|p2a: Hatterene|Draining Kiss|p1a: Lycanroc
|-damage|p1a: Lycanroc|0 fnt
|-heal|p2a: Hatterene|28/100|[from] drain|[of] p1a: Lycanroc
|faint|p1a: Lycanroc
|
|upkeep
|
|t:|1634244983
|switch|p1a: Latias|Latias, F|66/100
|-damage|p1a: Latias|53/100|[from] Stealth Rock
|turn|24
|
|t:|1634244991
|move|p1a: Latias|Healing Wish|p1a: Latias
|faint|p1a: Latias
|move|p2a: Hatterene|Draining Kiss|p1: Latias|[notarget]
|-fail|p2a: Hatterene
|
|upkeep
|
|t:|1634244992
|switch|p1a: Azumarill|Azumarill, F|19/100
|-heal|p1a: Azumarill|100/100|[from] move: Healing Wish
|-damage|p1a: Azumarill|88/100|[from] Stealth Rock
|turn|25
|
|t:|1634244996
|move|p1a: Azumarill|Belly Drum|p1a: Azumarill
|-damage|p1a: Azumarill|38/100
|-setboost|p1a: Azumarill|atk|6|[from] move: Belly Drum
|move|p2a: Hatterene|Nuzzle|p1a: Azumarill
|-supereffective|p1a: Azumarill
|-damage|p1a: Azumarill|29/100
|-status|p1a: Azumarill|par
|
|upkeep
|turn|26
|
|t:|1634245003
|move|p1a: Azumarill|Aqua Jet|p2a: Hatterene
|-damage|p2a: Hatterene|0 fnt
|faint|p2a: Hatterene
|
|upkeep
|
|t:|1634245005
|switch|p2a: Crawdaunt|Crawdaunt, M|91/100
|turn|27
|
|t:|1634245009
|move|p1a: Azumarill|Aqua Jet|p2a: Crawdaunt
|-resisted|p2a: Crawdaunt
|-damage|p2a: Crawdaunt|12/100
|move|p2a: Crawdaunt|Knock Off|p1a: Azumarill
|-resisted|p1a: Azumarill
|-damage|p1a: Azumarill|0 fnt
|faint|p1a: Azumarill
|-damage|p2a: Crawdaunt|3/100|[from] item: Life Orb
|
|win|VishIsNice
|n|☆Zephyyyr|zephyyyr
|n|☆VishIsNice|vishisnice
|n| Jeza.p|jezap
|n| Mimilucha~★|mimilucha
|n| Dunoks|dunoks
|n| hftd|hftd
|n| tru otyo ouytft|truotyoouytft
|n| Art imitates Me|artimitatesme
