|j|☆xxAkame
|j|☆gijion chilli
|player|p1|xxAkame|candice|1473
|player|p2|gijion chilli|twins-gen4dp|1549
|teamsize|p1|6
|teamsize|p2|6
|gametype|singles
|gen|8
|tier|[Gen 8] UU
|rated|
|clearpoke
|poke|p1|Noivern, M|
|poke|p1|Drapion, F|
|poke|p1|Pangoro, F|
|poke|p1|Milotic, M|
|poke|p1|Reuniclus, F|
|poke|p1|Hippowdon, M|
|poke|p2|Pangoro, M|
|poke|p2|Gardevoir, M|
|poke|p2|Noivern, F|
|poke|p2|Golisopod, M|
|poke|p2|Rhyperior, F|
|poke|p2|Roserade, M|
|rule|Sleep Clause Mod: Limit one foe put to sleep
|rule|Species Clause: Limit one of each Pokémon
|rule|OHKO Clause: OHKO moves are banned
|rule|Evasion Moves Clause: Evasion moves are banned
|rule|Endless Battle Clause: Forcing endless battles is banned
|rule|HP Percentage Mod: HP is shown in percentages
|rule|Dynamax Clause: You cannot dynamax
|teampreview
|
|start
|switch|p1a: Drapion|Drapion, F|100/100
|switch|p2a: Pangoro|Pangoro, M|100/100
|turn|1
|j| Freeroamer
|
|switch|p1a: Hippowdon|Hippowdon, M|100/100
|-weather|Sandstorm|[from] ability: Sand Stream|[of] p1a: Hippowdon
|move|p2a: Pangoro|Swords Dance|p2a: Pangoro
|-boost|p2a: Pangoro|atk|2
|
|-weather|Sandstorm|[upkeep]
|-damage|p2a: Pangoro|94/100|[from] Sandstorm
|upkeep
|turn|2
|
|move|p2a: Pangoro|Knock Off|p1a: Hippowdon
|-damage|p1a: Hippowdon|48/100
|-enditem|p1a: Hippowdon|Leftovers|[from] move: Knock Off|[of] p2a: Pangoro
|move|p1a: Hippowdon|Whirlwind|p2a: Pangoro
|drag|p2a: Gardevoir|Gardevoir, M|100/100
|-ability|p2a: Gardevoir|Sand Stream|[from] ability: Trace|[of] p1a: Hippowdon
|
|-weather|Sandstorm|[upkeep]
|-damage|p2a: Gardevoir|94/100|[from] Sandstorm
|upkeep
|turn|3
|
|switch|p1a: Milotic|Milotic, M|100/100
|move|p2a: Gardevoir|Teleport|p2a: Gardevoir
|
|switch|p2a: Roserade|Roserade, M|100/100|[from]move: Teleport
|
|-weather|Sandstorm|[upkeep]
|-damage|p2a: Roserade|94/100|[from] Sandstorm
|-damage|p1a: Milotic|94/100|[from] Sandstorm
|-heal|p1a: Milotic|100/100|[from] item: Leftovers
|upkeep
|turn|4
|
|switch|p1a: Noivern|Noivern, M|100/100
|-item|p2a: Roserade|Life Orb|[from] ability: Frisk|[of] p1a: Noivern|[identify]
|move|p2a: Roserade|Giga Drain|p1a: Noivern
|-resisted|p1a: Noivern
|-damage|p1a: Noivern|85/100
|-heal|p2a: Roserade|100/100|[from] drain|[of] p1a: Noivern
|-damage|p2a: Roserade|91/100|[from] item: Life Orb
|
|-weather|Sandstorm|[upkeep]
|-damage|p1a: Noivern|79/100|[from] Sandstorm
|-damage|p2a: Roserade|84/100|[from] Sandstorm
|upkeep
|turn|5
|
|switch|p1a: Hippowdon|Hippowdon, M|48/100
|switch|p2a: Rhyperior|Rhyperior, F|100/100
|
|-weather|none
|upkeep
|turn|6
|
|move|p1a: Hippowdon|Slack Off|p1a: Hippowdon
|-heal|p1a: Hippowdon|98/100
|move|p2a: Rhyperior|Stealth Rock|p1a: Hippowdon
|-sidestart|p1: xxAkame|move: Stealth Rock
|
|upkeep
|turn|7
|
|switch|p2a: Roserade|Roserade, M|84/100
|move|p1a: Hippowdon|Stealth Rock|p2a: Roserade
|-sidestart|p2: gijion chilli|move: Stealth Rock
|
|upkeep
|turn|8
|
|switch|p1a: Drapion|Drapion, F|100/100
|-damage|p1a: Drapion|88/100|[from] Stealth Rock
|move|p2a: Roserade|Sleep Powder|p1a: Drapion|[miss]
|-miss|p2a: Roserade|p1a: Drapion
|
|-heal|p1a: Drapion|94/100|[from] item: Black Sludge
|upkeep
|turn|9
|
|move|p2a: Roserade|Sleep Powder|p1a: Drapion
|-status|p1a: Drapion|slp|[from] move: Sleep Powder
|cant|p1a: Drapion|slp
|
|-heal|p1a: Drapion|100/100 slp|[from] item: Black Sludge
|upkeep
|turn|10
|
|switch|p2a: Pangoro|Pangoro, M|94/100
|-damage|p2a: Pangoro|88/100|[from] Stealth Rock
|-curestatus|p1a: Drapion|slp|[msg]
|move|p1a: Drapion|Knock Off|p2a: Pangoro
|-resisted|p2a: Pangoro
|-damage|p2a: Pangoro|80/100
|-enditem|p2a: Pangoro|Lum Berry|[from] move: Knock Off|[of] p1a: Drapion
|
|upkeep
|turn|11
|j| DarkinPokeball
|
|switch|p1a: Hippowdon|Hippowdon, M|98/100
|-damage|p1a: Hippowdon|92/100|[from] Stealth Rock
|-weather|Sandstorm|[from] ability: Sand Stream|[of] p1a: Hippowdon
|move|p2a: Pangoro|Swords Dance|p2a: Pangoro
|-boost|p2a: Pangoro|atk|2
|
|-weather|Sandstorm|[upkeep]
|-damage|p2a: Pangoro|74/100|[from] Sandstorm
|upkeep
|turn|12
|
|move|p2a: Pangoro|Drain Punch|p1a: Hippowdon
|-damage|p1a: Hippowdon|43/100
|-heal|p2a: Pangoro|100/100|[from] drain|[of] p1a: Hippowdon
|move|p1a: Hippowdon|Whirlwind|p2a: Pangoro
|drag|p2a: Roserade|Roserade, M|84/100
|-damage|p2a: Roserade|72/100|[from] Stealth Rock
|
|-weather|Sandstorm|[upkeep]
|-damage|p2a: Roserade|66/100|[from] Sandstorm
|upkeep
|turn|13
|
|switch|p1a: Drapion|Drapion, F|100/100
|-damage|p1a: Drapion|88/100|[from] Stealth Rock
|move|p2a: Roserade|Sleep Powder|p1a: Drapion
|-status|p1a: Drapion|slp|[from] move: Sleep Powder
|
|-weather|Sandstorm|[upkeep]
|-damage|p2a: Roserade|60/100|[from] Sandstorm
|-damage|p1a: Drapion|82/100 slp|[from] Sandstorm
|-heal|p1a: Drapion|88/100 slp|[from] item: Black Sludge
|upkeep
|turn|14
|
|switch|p1a: Noivern|Noivern, M|79/100
|-item|p2a: Roserade|Life Orb|[from] ability: Frisk|[of] p1a: Noivern|[identify]
|move|p2a: Roserade|Synthesis|p2a: Roserade
|-heal|p2a: Roserade|85/100
|
|-weather|Sandstorm|[upkeep]
|-damage|p1a: Noivern|73/100|[from] Sandstorm
|-damage|p2a: Roserade|79/100|[from] Sandstorm
|upkeep
|turn|15
|
|switch|p1a: Pangoro|Pangoro, F|100/100
|-damage|p1a: Pangoro|94/100|[from] Stealth Rock
|switch|p2a: Rhyperior|Rhyperior, F|100/100
|-damage|p2a: Rhyperior|94/100|[from] Stealth Rock
|
|-weather|none
|-heal|p2a: Rhyperior|100/100|[from] item: Leftovers
|upkeep
|turn|16
|
|move|p1a: Pangoro|Knock Off|p2a: Rhyperior
|-damage|p2a: Rhyperior|71/100
|-enditem|p2a: Rhyperior|Leftovers|[from] move: Knock Off|[of] p1a: Pangoro
|move|p2a: Rhyperior|Earthquake|p1a: Pangoro
|-damage|p1a: Pangoro|31/100
|
|upkeep
|turn|17
|l| DarkinPokeball
|
|switch|p1a: Hippowdon|Hippowdon, M|43/100
|-damage|p1a: Hippowdon|36/100|[from] Stealth Rock
|-weather|Sandstorm|[from] ability: Sand Stream|[of] p1a: Hippowdon
|switch|p2a: Noivern|Noivern, F|100/100
|
|-weather|Sandstorm|[upkeep]
|-damage|p2a: Noivern|94/100|[from] Sandstorm
|upkeep
|turn|18
|
|switch|p1a: Milotic|Milotic, M|100/100
|-damage|p1a: Milotic|88/100|[from] Stealth Rock
|move|p2a: Noivern|Hurricane|p1a: Milotic
|-damage|p1a: Milotic|68/100
|-start|p1a: Milotic|confusion
|
|-weather|Sandstorm|[upkeep]
|-damage|p2a: Noivern|88/100|[from] Sandstorm
|-damage|p1a: Milotic|62/100|[from] Sandstorm
|-heal|p1a: Milotic|68/100|[from] item: Leftovers
|upkeep
|turn|19
|
|switch|p2a: Roserade|Roserade, M|79/100
|-damage|p2a: Roserade|66/100|[from] Stealth Rock
|-activate|p1a: Milotic|confusion
|-damage|p1a: Milotic|63/100|[from] confusion
|
|-weather|Sandstorm|[upkeep]
|-damage|p2a: Roserade|60/100|[from] Sandstorm
|-damage|p1a: Milotic|57/100|[from] Sandstorm
|-heal|p1a: Milotic|63/100|[from] item: Leftovers
|upkeep
|turn|20
|
|switch|p1a: Drapion|Drapion, F|88/100 slp
|-damage|p1a: Drapion|76/100 slp|[from] Stealth Rock
|move|p2a: Roserade|Sludge Bomb|p1a: Drapion
|-resisted|p1a: Drapion
|-damage|p1a: Drapion|51/100 slp
|-damage|p2a: Roserade|50/100|[from] item: Life Orb
|
|-weather|Sandstorm|[upkeep]
|-damage|p2a: Roserade|44/100|[from] Sandstorm
|-damage|p1a: Drapion|45/100 slp|[from] Sandstorm
|-heal|p1a: Drapion|51/100 slp|[from] item: Black Sludge
|upkeep
|turn|21
|
|move|p2a: Roserade|Synthesis|p2a: Roserade
|-heal|p2a: Roserade|69/100
|cant|p1a: Drapion|slp
|
|-weather|none
|-heal|p1a: Drapion|57/100 slp|[from] item: Black Sludge
|upkeep
|turn|22
|
|switch|p2a: Pangoro|Pangoro, M|100/100
|-damage|p2a: Pangoro|94/100|[from] Stealth Rock
|-curestatus|p1a: Drapion|slp|[msg]
|move|p1a: Drapion|Toxic Spikes|p2a: Pangoro
|-sidestart|p2: gijion chilli|move: Toxic Spikes
|
|-heal|p1a: Drapion|63/100|[from] item: Black Sludge
|upkeep
|turn|23
|
|switch|p1a: Noivern|Noivern, M|73/100
|move|p2a: Pangoro|Knock Off|p1a: Noivern
|-damage|p1a: Noivern|8/100
|-enditem|p1a: Noivern|Heavy-Duty Boots|[from] move: Knock Off|[of] p2a: Pangoro
|
|upkeep
|turn|24
|
|move|p2a: Pangoro|Bullet Punch|p1a: Noivern
|-crit|p1a: Noivern
|-damage|p1a: Noivern|0 fnt
|faint|p1a: Noivern
|
|upkeep
|
|switch|p1a: Hippowdon|Hippowdon, M|36/100
|-damage|p1a: Hippowdon|30/100|[from] Stealth Rock
|-weather|Sandstorm|[from] ability: Sand Stream|[of] p1a: Hippowdon
|turn|25
|
|move|p2a: Pangoro|Swords Dance|p2a: Pangoro
|-boost|p2a: Pangoro|atk|2
|move|p1a: Hippowdon|Slack Off|p1a: Hippowdon
|-heal|p1a: Hippowdon|80/100
|
|-weather|Sandstorm|[upkeep]
|-damage|p2a: Pangoro|88/100|[from] Sandstorm
|upkeep
|turn|26
|
|move|p2a: Pangoro|Drain Punch|p1a: Hippowdon
|-damage|p1a: Hippowdon|35/100
|-heal|p2a: Pangoro|100/100|[from] drain|[of] p1a: Hippowdon
|move|p1a: Hippowdon|Whirlwind|p2a: Pangoro
|drag|p2a: Noivern|Noivern, F|88/100
|
|-weather|Sandstorm|[upkeep]
|-damage|p2a: Noivern|82/100|[from] Sandstorm
|upkeep
|turn|27
|
|move|p2a: Noivern|Hurricane|p1a: Hippowdon
|-damage|p1a: Hippowdon|0 fnt
|faint|p1a: Hippowdon
|
|-weather|Sandstorm|[upkeep]
|-damage|p2a: Noivern|76/100|[from] Sandstorm
|upkeep
|
|switch|p1a: Reuniclus|Reuniclus, F|100/100
|turn|28
|j| DarkinPokeball
|l| DarkinPokeball
|
|switch|p2a: Rhyperior|Rhyperior, F|71/100
|-damage|p2a: Rhyperior|64/100|[from] Stealth Rock
|-status|p2a: Rhyperior|psn
|move|p1a: Reuniclus|Future Sight|p2a: Rhyperior
|-start|p1a: Reuniclus|move: Future Sight
|
|-weather|Sandstorm|[upkeep]
|-damage|p2a: Rhyperior|52/100 psn|[from] psn
|upkeep
|turn|29
|
|switch|p1a: Milotic|Milotic, M|63/100
|-damage|p1a: Milotic|50/100|[from] Stealth Rock
|move|p2a: Rhyperior|Earthquake|p1a: Milotic
|-damage|p1a: Milotic|0 fnt
|faint|p1a: Milotic
|
|-weather|none
|-damage|p2a: Rhyperior|39/100 psn|[from] psn
|upkeep
|
|switch|p1a: Pangoro|Pangoro, F|31/100
|-damage|p1a: Pangoro|25/100|[from] Stealth Rock
|turn|30
|j| DarkinPokeball
|l| DarkinPokeball
|
|move|p1a: Pangoro|Close Combat|p2a: Rhyperior
|-supereffective|p2a: Rhyperior
|-damage|p2a: Rhyperior|0 fnt
|-unboost|p1a: Pangoro|def|1
|-unboost|p1a: Pangoro|spd|1
|faint|p2a: Rhyperior
|
|-hint|Future Sight did not hit because the target is the user.
|upkeep
|j| KittyWaffles
|
|switch|p2a: Roserade|Roserade, M|69/100
|-damage|p2a: Roserade|57/100|[from] Stealth Rock
|-sideend|p2: gijion chilli|move: Toxic Spikes|[of] p2a: Roserade
|turn|31
|
|move|p2a: Roserade|Sludge Bomb|p1a: Pangoro
|-damage|p1a: Pangoro|0 fnt
|-damage|p2a: Roserade|47/100|[from] item: Life Orb
|faint|p1a: Pangoro
|
|upkeep
|
|switch|p1a: Drapion|Drapion, F|63/100
|-damage|p1a: Drapion|51/100|[from] Stealth Rock
|turn|32
|
|move|p2a: Roserade|Sludge Bomb|p1a: Drapion
|-resisted|p1a: Drapion
|-damage|p1a: Drapion|25/100
|-damage|p2a: Roserade|37/100|[from] item: Life Orb
|move|p1a: Drapion|Knock Off|p2a: Roserade
|-damage|p2a: Roserade|0 fnt
|-enditem|p2a: Roserade|Life Orb|[from] move: Knock Off|[of] p1a: Drapion
|faint|p2a: Roserade
|
|-heal|p1a: Drapion|31/100|[from] item: Black Sludge
|upkeep
|
|switch|p2a: Pangoro|Pangoro, M|100/100
|-damage|p2a: Pangoro|94/100|[from] Stealth Rock
|turn|33
|
|move|p1a: Drapion|Taunt|p2a: Pangoro
|-start|p2a: Pangoro|move: Taunt
|cant|p2a: Pangoro|move: Taunt|Swords Dance
|
|-heal|p1a: Drapion|37/100|[from] item: Black Sludge
|upkeep
|turn|34
|
|move|p1a: Drapion|Toxic|p2a: Pangoro
|-status|p2a: Pangoro|tox
|move|p2a: Pangoro|Drain Punch|p1a: Drapion
|-damage|p1a: Drapion|0 fnt
|-heal|p2a: Pangoro|100/100 tox|[from] drain|[of] p1a: Drapion
|faint|p1a: Drapion
|
|-damage|p2a: Pangoro|94/100 tox|[from] psn
|upkeep
|
|switch|p1a: Reuniclus|Reuniclus, F|100/100
|turn|35
|
|move|p2a: Pangoro|Knock Off|p1a: Reuniclus
|-supereffective|p1a: Reuniclus
|-damage|p1a: Reuniclus|5/100
|-enditem|p1a: Reuniclus|Life Orb|[from] move: Knock Off|[of] p2a: Pangoro
|move|p1a: Reuniclus|Recover|p1a: Reuniclus
|-heal|p1a: Reuniclus|55/100
|
|-damage|p2a: Pangoro|82/100 tox|[from] psn
|-end|p2a: Pangoro|move: Taunt
|upkeep
|turn|36
|
|move|p2a: Pangoro|Knock Off|p1a: Reuniclus
|-supereffective|p1a: Reuniclus
|-damage|p1a: Reuniclus|0 fnt
|faint|p1a: Reuniclus
|
|win|gijion chilli
|l|☆xxAkame
||Ladder (probably) updated, but score could not be retrieved (Response not received).
