|j|☆Liz Angeles
|j|☆Fudarus
|t:|1665263924
|gametype|singles
|player|p1|Liz Angeles|marley|1540
|player|p2|Fudarus|blackbelt-gen4|1515
|teamsize|p1|6
|teamsize|p2|6
|gen|8
|tier|[Gen 8] UU
|rated|
|rule|Sleep Clause Mod: Limit one foe put to sleep
|rule|Species Clause: Limit one of each Pokémon
|rule|OHKO Clause: OHKO moves are banned
|rule|Evasion Items Clause: Evasion items are banned
|rule|Evasion Moves Clause: Evasion moves are banned
|rule|Endless Battle Clause: Forcing endless battles is banned
|rule|HP Percentage Mod: HP is shown in percentages
|rule|Dynamax Clause: You cannot dynamax
|clearpoke
|poke|p1|Hippowdon, F|
|poke|p1|Amoonguss, F|
|poke|p1|Moltres|
|poke|p1|Azumarill, F|
|poke|p1|Raikou|
|poke|p1|Excadrill, M|
|poke|p2|Hydreigon, F|
|poke|p2|Chansey, F|
|poke|p2|Togekiss, F|
|poke|p2|Cobalion|
|poke|p2|Slowking, M|
|poke|p2|Diggersby, F|
|teampreview
|
|t:|1665263954
|start
|switch|p1a: Kristy|Raikou, shiny|100/100
|switch|p2a: Hydreigon|Hydreigon, F|100/100
|-ability|p1a: Kristy|Pressure
|turn|1
|
|t:|1665263967
|switch|p1a: Gloria|Hippowdon, F|100/100
|-weather|Sandstorm|[from] ability: Sand Stream|[of] p1a: Gloria
|move|p2a: Hydreigon|Draco Meteor|p1a: Gloria
|-crit|p1a: Gloria
|-damage|p1a: Gloria|0 fnt
|-unboost|p2a: Hydreigon|spa|2
|faint|p1a: Gloria
|
|-weather|Sandstorm|[upkeep]
|-damage|p2a: Hydreigon|94/100|[from] Sandstorm
|upkeep
|inactive|Battle timer is ON: inactive players will automatically lose when time's up. (requested by Fudarus)
|
|t:|1665263977
|switch|p1a: Vince|Excadrill, M|100/100
|turn|2
|
|t:|1665264000
|switch|p2a: Slowking|Slowking, M|100/100
|move|p1a: Vince|Swords Dance|p1a: Vince
|-boost|p1a: Vince|atk|2
|
|-weather|Sandstorm|[upkeep]
|-damage|p2a: Slowking|94/100|[from] Sandstorm
|upkeep
|turn|3
|
|t:|1665264003
|move|p1a: Vince|Earthquake|p2a: Slowking
|-damage|p2a: Slowking|8/100
|move|p2a: Slowking|Scald|p1a: Vince
|-supereffective|p1a: Vince
|-damage|p1a: Vince|26/100
|
|-weather|Sandstorm|[upkeep]
|-damage|p2a: Slowking|2/100|[from] Sandstorm
|-heal|p1a: Vince|32/100|[from] item: Leftovers
|upkeep
|turn|4
|
|t:|1665264010
|move|p1a: Vince|Iron Head|p2a: Slowking
|-resisted|p2a: Slowking
|-damage|p2a: Slowking|0 fnt
|faint|p2a: Slowking
|
|-weather|Sandstorm|[upkeep]
|-heal|p1a: Vince|38/100|[from] item: Leftovers
|upkeep
|
|t:|1665264014
|switch|p2a: Hydreigon|Hydreigon, F|94/100
|turn|5
|
|t:|1665264018
|switch|p2a: Cobalion|Cobalion|100/100
|move|p1a: Vince|Earthquake|p2a: Cobalion
|-supereffective|p2a: Cobalion
|-damage|p2a: Cobalion|0 fnt
|faint|p2a: Cobalion
|
|-weather|none
|-heal|p1a: Vince|44/100|[from] item: Leftovers
|upkeep
|
|t:|1665264039
|switch|p2a: Hydreigon|Hydreigon, F|94/100
|turn|6
|
|t:|1665264042
|switch|p1a: Lock|Moltres|100/100
|move|p2a: Hydreigon|Dark Pulse|p1a: Lock
|-damage|p1a: Lock|38/100
|
|upkeep
|turn|7
|
|t:|1665264048
|switch|p1a: Hailey|Azumarill, F|100/100
|move|p2a: Hydreigon|Dark Pulse|p1a: Hailey
|-resisted|p1a: Hailey
|-damage|p1a: Hailey|66/100
|
|upkeep
|turn|8
|
|t:|1665264053
|switch|p2a: Togekiss|Togekiss, F|100/100
|move|p1a: Hailey|Play Rough|p2a: Togekiss
|-damage|p2a: Togekiss|17/100
|
|upkeep
|turn|9
|
|t:|1665264058
|switch|p1a: Kristy|Raikou, shiny|100/100
|-ability|p1a: Kristy|Pressure
|move|p2a: Togekiss|Thunder Wave|p1a: Kristy
|-immune|p1a: Kristy
|
|upkeep
|turn|10
|
|t:|1665264063
|switch|p1a: Hailey|Azumarill, F|66/100
|switch|p2a: Chansey|Chansey, F|100/100
|
|upkeep
|turn|11
|
|t:|1665264076
|move|p1a: Hailey|Play Rough|p2a: Chansey|[miss]
|-miss|p1a: Hailey|p2a: Chansey
|move|p2a: Chansey|Teleport|p2a: Chansey
|
|t:|1665264078
|switch|p2a: Diggersby|Diggersby, F|100/100|[from]move: Teleport
|
|upkeep
|turn|12
|
|t:|1665264082
|switch|p1a: Malediction|Amoonguss, F, shiny|100/100
|move|p2a: Diggersby|U-turn|p1a: Malediction
|-damage|p1a: Malediction|79/100
|
|t:|1665264085
|switch|p2a: Hydreigon|Hydreigon, F|94/100|[from]move: U-turn
|
|-heal|p1a: Malediction|85/100|[from] item: Black Sludge
|upkeep
|turn|13
|
|t:|1665264089
|switch|p1a: Hailey|Azumarill, F|66/100
|move|p2a: Hydreigon|Flamethrower|p1a: Hailey
|-resisted|p1a: Hailey
|-damage|p1a: Hailey|40/100
|
|upkeep
|turn|14
|
|t:|1665264096
|switch|p2a: Togekiss|Togekiss, F|17/100
|move|p1a: Hailey|Play Rough|p2a: Togekiss
|-damage|p2a: Togekiss|0 fnt
|faint|p2a: Togekiss
|
|upkeep
|
|t:|1665264105
|switch|p2a: Diggersby|Diggersby, F|100/100
|turn|15
|
|t:|1665264110
|switch|p1a: Lock|Moltres|38/100
|move|p2a: Diggersby|U-turn|p1a: Lock
|-resisted|p1a: Lock
|-damage|p1a: Lock|31/100
|-status|p2a: Diggersby|brn|[from] ability: Flame Body|[of] p1a: Lock
|
|t:|1665264112
|switch|p2a: Hydreigon|Hydreigon, F|94/100|[from]move: U-turn
|
|upkeep
|turn|16
|
|t:|1665264115
|move|p2a: Hydreigon|Dark Pulse|p1a: Lock
|-damage|p1a: Lock|0 fnt
|faint|p1a: Lock
|
|upkeep
|
|t:|1665264120
|switch|p1a: Hailey|Azumarill, F|40/100
|turn|17
|
|t:|1665264142
|switch|p2a: Chansey|Chansey, F|100/100
|move|p1a: Hailey|Play Rough|p2a: Chansey
|-damage|p2a: Chansey|48/100
|
|upkeep
|turn|18
|
|t:|1665264147
|move|p1a: Hailey|Play Rough|p2a: Chansey
|-damage|p2a: Chansey|0 fnt
|faint|p2a: Chansey
|
|upkeep
|
|t:|1665264151
|switch|p2a: Diggersby|Diggersby, F|100/100 brn
|turn|19
|
|t:|1665264168
|switch|p1a: Malediction|Amoonguss, F, shiny|100/100
|move|p2a: Diggersby|Earthquake|p1a: Malediction
|-damage|p1a: Malediction|79/100
|
|-heal|p1a: Malediction|85/100|[from] item: Black Sludge
|-damage|p2a: Diggersby|94/100 brn|[from] brn
|upkeep
|turn|20
|inactive|Fudarus has 120 seconds left.
|
|t:|1665264201
|move|p2a: Diggersby|Earthquake|p1a: Malediction
|-damage|p1a: Malediction|62/100
|move|p1a: Malediction|Seed Bomb|p2a: Diggersby
|-supereffective|p2a: Diggersby
|-damage|p2a: Diggersby|32/100 brn
|
|-heal|p1a: Malediction|68/100|[from] item: Black Sludge
|-damage|p2a: Diggersby|26/100 brn|[from] brn
|upkeep
|turn|21
|
|t:|1665264205
|switch|p2a: Hydreigon|Hydreigon, F|94/100
|move|p1a: Malediction|Seed Bomb|p2a: Hydreigon
|-resisted|p2a: Hydreigon
|-damage|p2a: Hydreigon|80/100
|
|-heal|p1a: Malediction|74/100|[from] item: Black Sludge
|upkeep
|turn|22
|inactive|Fudarus has 120 seconds left.
|
|t:|1665264239
|switch|p1a: Vince|Excadrill, M|44/100
|move|p2a: Hydreigon|Dark Pulse|p1a: Vince
|-damage|p1a: Vince|0 fnt
|faint|p1a: Vince
|
|upkeep
|inactive|Liz Angeles has 120 seconds left.
|
|t:|1665264288
|switch|p1a: Kristy|Raikou, shiny|100/100
|-ability|p1a: Kristy|Pressure
|turn|23
|inactive|Fudarus has 120 seconds left.
|
|t:|1665264305
|move|p1a: Kristy|Calm Mind|p1a: Kristy
|-boost|p1a: Kristy|spa|1
|-boost|p1a: Kristy|spd|1
|move|p2a: Hydreigon|Dark Pulse|p1a: Kristy
|-damage|p1a: Kristy|62/100
|
|-heal|p1a: Kristy|68/100|[from] item: Leftovers
|upkeep
|turn|24
|inactive|Liz Angeles has 120 seconds left.
|
|t:|1665264316
|move|p1a: Kristy|Thunderbolt|p2a: Hydreigon
|-resisted|p2a: Hydreigon
|-damage|p2a: Hydreigon|48/100
|move|p2a: Hydreigon|Dark Pulse|p1a: Kristy
|-damage|p1a: Kristy|34/100
|
|-heal|p1a: Kristy|40/100|[from] item: Leftovers
|upkeep
|turn|25
|inactive|Liz Angeles has 120 seconds left.
|
|t:|1665264322
|switch|p2a: Diggersby|Diggersby, F|26/100 brn
|move|p1a: Kristy|Scald|p2a: Diggersby
|-supereffective|p2a: Diggersby
|-damage|p2a: Diggersby|0 fnt
|faint|p2a: Diggersby
|
|-heal|p1a: Kristy|46/100|[from] item: Leftovers
|upkeep
|
|t:|1665264324
|switch|p2a: Hydreigon|Hydreigon, F|48/100
|turn|26
|
|t:|1665264326
|move|p1a: Kristy|Thunderbolt|p2a: Hydreigon
|-resisted|p2a: Hydreigon
|-damage|p2a: Hydreigon|15/100
|-status|p2a: Hydreigon|par
|move|p2a: Hydreigon|Dark Pulse|p1a: Kristy
|-damage|p1a: Kristy|7/100
|
|-heal|p1a: Kristy|13/100|[from] item: Leftovers
|upkeep
|turn|27
|c|☆Liz Angeles|gg
|
|t:|1665264337
|move|p1a: Kristy|Thunderbolt|p2a: Hydreigon
|-resisted|p2a: Hydreigon
|-damage|p2a: Hydreigon|0 fnt
|faint|p2a: Hydreigon
|
|win|Liz Angeles
|raw|Liz Angeles's rating: 1540 &rarr; <strong>1559</strong><br />(+19 for winning)
|raw|Fudarus's rating: 1515 &rarr; <strong>1496</strong><br />(-19 for losing)
|l|☆Fudarus
||Ladder isn't responding, score probably updated but might not have (Request timeout).
