|j|☆d01ph1ne
|j|☆Mister Magnus
|t:|1662773305
|gametype|singles
|player|p1|d01ph1ne|265|1554
|player|p2|Mister Magnus|gentleman-gen4|1502
|teamsize|p1|6
|teamsize|p2|6
|gen|8
|tier|[Gen 8] UU
|rated|
|rule|Sleep Clause Mod: Limit one foe put to sleep
|rule|Species Clause: Limit one of each Pokémon
|rule|OHKO Clause: OHKO moves are banned
|rule|Evasion Items Clause: Evasion items are banned
|rule|Evasion Moves Clause: Evasion moves are banned
|rule|Endless Battle Clause: Forcing endless battles is banned
|rule|HP Percentage Mod: HP is shown in percentages
|rule|Dynamax Clause: You cannot dynamax
|clearpoke
|poke|p1|Hippowdon, M|
|poke|p1|Raikou|
|poke|p1|Mandibuzz, F|
|poke|p1|Amoonguss, M|
|poke|p1|Scizor, F|
|poke|p1|Keldeo-Resolute|
|poke|p2|Scizor, F|
|poke|p2|Chansey, F|
|poke|p2|Skarmory, F|
|poke|p2|Quagsire, M|
|poke|p2|Umbreon, M|
|poke|p2|Slowking, F|
|teampreview
|
|t:|1662773377
|start
|switch|p1a: Scizor|Scizor, F|100/100
|switch|p2a: Chansey|Chansey, F|100/100
|turn|1
|
|t:|1662773392
|switch|p2a: Quagsire|Quagsire, M|100/100
|move|p1a: Scizor|Knock Off|p2a: Quagsire
|-damage|p2a: Quagsire|80/100
|-enditem|p2a: Quagsire|Leftovers|[from] move: Knock Off|[of] p1a: Scizor
|
|upkeep
|turn|2
|
|t:|1662773414
|switch|p1a: Amoonguss|Amoonguss, M|100/100
|move|p2a: Quagsire|Scald|p1a: Amoonguss
|-resisted|p1a: Amoonguss
|-damage|p1a: Amoonguss|91/100
|
|-heal|p1a: Amoonguss|98/100|[from] item: Black Sludge
|upkeep
|turn|3
|
|t:|1662773450
|switch|p2a: Umbreon|Umbreon, M|100/100
|move|p1a: Amoonguss|Spore|p2a: Umbreon
|-status|p2a: Umbreon|slp|[from] move: Spore
|
|-heal|p1a: Amoonguss|100/100|[from] item: Black Sludge
|upkeep
|turn|4
|
|t:|1662773494
|switch|p2a: Chansey|Chansey, F|100/100
|switch|p1a: Hippowdon|Hippowdon, M|100/100
|-weather|Sandstorm|[from] ability: Sand Stream|[of] p1a: Hippowdon
|
|-weather|Sandstorm|[upkeep]
|-damage|p2a: Chansey|94/100|[from] Sandstorm
|upkeep
|turn|5
|
|t:|1662773511
|switch|p1a: Scizor|Scizor, F|100/100
|move|p2a: Chansey|Toxic|p1a: Scizor
|-immune|p1a: Scizor
|
|-weather|Sandstorm|[upkeep]
|-damage|p2a: Chansey|88/100|[from] Sandstorm
|upkeep
|turn|6
|
|t:|1662773522
|switch|p2a: Quagsire|Quagsire, M|80/100
|move|p1a: Scizor|Knock Off|p2a: Quagsire
|-damage|p2a: Quagsire|64/100
|
|-weather|Sandstorm|[upkeep]
|upkeep
|turn|7
|
|t:|1662773528
|switch|p1a: Amoonguss|Amoonguss, M|100/100
|move|p2a: Quagsire|Recover|p2a: Quagsire
|-heal|p2a: Quagsire|100/100
|
|-weather|Sandstorm|[upkeep]
|-damage|p1a: Amoonguss|94/100|[from] Sandstorm
|-heal|p1a: Amoonguss|100/100|[from] item: Black Sludge
|upkeep
|turn|8
|
|t:|1662773536
|switch|p2a: Chansey|Chansey, F|88/100
|switch|p1a: Hippowdon|Hippowdon, M|100/100
|
|-weather|none
|upkeep
|turn|9
|
|t:|1662773543
|move|p2a: Chansey|Stealth Rock|p1a: Hippowdon
|-sidestart|p1: d01ph1ne|move: Stealth Rock
|move|p1a: Hippowdon|Stealth Rock|p2a: Chansey
|-sidestart|p2: Mister Magnus|move: Stealth Rock
|
|upkeep
|turn|10
|
|t:|1662773547
|switch|p1a: Scizor|Scizor, F|100/100
|-damage|p1a: Scizor|88/100|[from] Stealth Rock
|move|p2a: Chansey|Toxic|p1a: Scizor
|-immune|p1a: Scizor
|
|upkeep
|turn|11
|
|t:|1662773555
|switch|p2a: Quagsire|Quagsire, M|100/100
|-damage|p2a: Quagsire|94/100|[from] Stealth Rock
|move|p1a: Scizor|Knock Off|p2a: Quagsire
|-damage|p2a: Quagsire|80/100
|
|upkeep
|turn|12
|
|t:|1662773598
|switch|p1a: Amoonguss|Amoonguss, M|100/100
|-damage|p1a: Amoonguss|88/100|[from] Stealth Rock
|move|p2a: Quagsire|Scald|p1a: Amoonguss
|-resisted|p1a: Amoonguss
|-damage|p1a: Amoonguss|80/100
|
|-heal|p1a: Amoonguss|87/100|[from] item: Black Sludge
|upkeep
|turn|13
|
|t:|1662773608
|switch|p2a: Scizor|Scizor, F|100/100
|-damage|p2a: Scizor|88/100|[from] Stealth Rock
|switch|p1a: Mandibuzz|Mandibuzz, F|100/100
|
|-heal|p2a: Scizor|94/100|[from] item: Leftovers
|upkeep
|turn|14
|
|t:|1662773620
|move|p1a: Mandibuzz|U-turn|p2a: Scizor
|-resisted|p2a: Scizor
|-damage|p2a: Scizor|89/100
|
|t:|1662773622
|switch|p1a: Hippowdon|Hippowdon, M|100/100|[from]move: U-turn
|-damage|p1a: Hippowdon|94/100|[from] Stealth Rock
|-weather|Sandstorm|[from] ability: Sand Stream|[of] p1a: Hippowdon
|move|p2a: Scizor|Knock Off|p1a: Hippowdon
|-damage|p1a: Hippowdon|76/100
|-damage|p2a: Scizor|72/100|[from] item: Rocky Helmet|[of] p1a: Hippowdon
|-enditem|p1a: Hippowdon|Rocky Helmet|[from] move: Knock Off|[of] p2a: Scizor
|
|-weather|Sandstorm|[upkeep]
|-heal|p2a: Scizor|78/100|[from] item: Leftovers
|upkeep
|turn|15
|
|t:|1662773636
|move|p2a: Scizor|Roost|p2a: Scizor
|-heal|p2a: Scizor|100/100
|-singleturn|p2a: Scizor|move: Roost
|move|p1a: Hippowdon|Earthquake|p2a: Scizor
|-damage|p2a: Scizor|68/100
|
|-weather|Sandstorm|[upkeep]
|-heal|p2a: Scizor|74/100|[from] item: Leftovers
|upkeep
|turn|16
|j| isabela000◥▶_◀◤
|
|t:|1662773654
|switch|p2a: Skarmory|Skarmory, F|100/100
|-damage|p2a: Skarmory|88/100|[from] Stealth Rock
|move|p1a: Hippowdon|Earthquake|p2a: Skarmory
|-immune|p2a: Skarmory
|
|-weather|Sandstorm|[upkeep]
|upkeep
|turn|17
|
|t:|1662773659
|switch|p1a: Scizor|Scizor, F|88/100
|-damage|p1a: Scizor|76/100|[from] Stealth Rock
|move|p2a: Skarmory|Iron Defense|p2a: Skarmory
|-boost|p2a: Skarmory|def|2
|
|-weather|Sandstorm|[upkeep]
|upkeep
|turn|18
|
|t:|1662773664
|move|p2a: Skarmory|Body Press|p1a: Scizor
|-damage|p1a: Scizor|21/100
|move|p1a: Scizor|Knock Off|p2a: Skarmory
|-damage|p2a: Skarmory|79/100
|-damage|p1a: Scizor|5/100|[from] item: Rocky Helmet|[of] p2a: Skarmory
|-enditem|p2a: Skarmory|Rocky Helmet|[from] move: Knock Off|[of] p1a: Scizor
|
|-weather|none
|upkeep
|turn|19
|
|t:|1662773676
|switch|p1a: Mandibuzz|Mandibuzz, F|100/100
|move|p2a: Skarmory|Body Press|p1a: Mandibuzz
|-damage|p1a: Mandibuzz|63/100
|
|upkeep
|turn|20
|
|t:|1662773682
|move|p1a: Mandibuzz|U-turn|p2a: Skarmory
|-resisted|p2a: Skarmory
|-damage|p2a: Skarmory|78/100
|
|t:|1662773684
|switch|p1a: Amoonguss|Amoonguss, M|100/100|[from]move: U-turn
|-damage|p1a: Amoonguss|88/100|[from] Stealth Rock
|move|p2a: Skarmory|Iron Defense|p2a: Skarmory
|-boost|p2a: Skarmory|def|2
|
|-heal|p1a: Amoonguss|94/100|[from] item: Black Sludge
|upkeep
|turn|21
|
|t:|1662773706
|switch|p1a: Raikou|Raikou|100/100
|move|p2a: Skarmory|Body Press|p1a: Raikou
|-damage|p1a: Raikou|0 fnt
|faint|p1a: Raikou
|
|upkeep
|-message|d01ph1ne forfeited.
|
|win|Mister Magnus
|raw|d01ph1ne's rating: 1554 &rarr; <strong>1531</strong><br />(-23 for losing)
|raw|Mister Magnus's rating: 1502 &rarr; <strong>1525</strong><br />(+23 for winning)
|l|☆d01ph1ne
|c|☆Mister Magnus|gg
||Ladder isn't responding, score probably updated but might not have (Request timeout).
