|inactive|Battle timer is ON: inactive players will automatically lose when time's up.
|j|☆pokemonisfun
|j|☆SilverNote3
|t:|1665971404
|gametype|singles
|player|p1|pokemonisfun|#uutrio2ladder|
|player|p2|SilverNote3|wattson|
|teamsize|p1|6
|teamsize|p2|6
|gen|8
|tier|[Gen 8] UU
|rated|Tournament battle
|rule|Sleep Clause Mod: Limit one foe put to sleep
|rule|Species Clause: Limit one of each Pokémon
|rule|OHKO Clause: OHKO moves are banned
|rule|Evasion Items Clause: Evasion items are banned
|rule|Evasion Moves Clause: Evasion moves are banned
|rule|Endless Battle Clause: Forcing endless battles is banned
|rule|HP Percentage Mod: HP is shown in percentages
|rule|Dynamax Clause: You cannot dynamax
|rule|Blitz: Super-fast timer
|clearpoke
|poke|p1|Cloyster, M|
|poke|p1|Excadrill, F|
|poke|p1|Hydreigon, M|
|poke|p1|Celesteela|
|poke|p1|Gyarados, M|
|poke|p1|Polteageist|
|poke|p2|Crawdaunt, M|
|poke|p2|Slowking, F|
|poke|p2|Cobalion|
|poke|p2|Diggersby, M|
|poke|p2|Amoonguss, M|
|poke|p2|Chansey, F|
|teampreview
|inactive|SilverNote3 also wants the timer to be on.
|inactive|SilverNote3 has 30 seconds left.
|
|t:|1665971417
|start
|switch|p1a: billy the drilly|Excadrill, F|100/100
|switch|p2a: Amoonguss|Amoonguss, M|100/100
|-ability|p1a: billy the drilly|Mold Breaker
|turn|1
|
|t:|1665971421
|move|p1a: billy the drilly|Stealth Rock|p2a: Amoonguss
|-sidestart|p2: SilverNote3|move: Stealth Rock
|move|p2a: Amoonguss|Seed Bomb|p1a: billy the drilly
|-damage|p1a: billy the drilly|66/100
|
|upkeep
|turn|2
|
|t:|1665971424
|move|p1a: billy the drilly|Earthquake|p2a: Amoonguss
|-damage|p2a: Amoonguss|63/100
|move|p2a: Amoonguss|Foul Play|p1a: billy the drilly
|-damage|p1a: billy the drilly|15/100
|
|upkeep
|turn|3
|
|t:|1665971428
|switch|p1a: tower power|Celesteela|100/100
|move|p2a: Amoonguss|Foul Play|p1a: tower power
|-damage|p1a: tower power|83/100
|
|upkeep
|turn|4
|
|t:|1665971433
|switch|p1a: billy the drilly|Excadrill, F|15/100
|-ability|p1a: billy the drilly|Mold Breaker
|move|p2a: Amoonguss|Stun Spore|p1a: billy the drilly|[miss]
|-miss|p2a: Amoonguss|p1a: billy the drilly
|
|upkeep
|turn|5
|
|t:|1665971436
|switch|p1a: tower power|Celesteela|83/100
|move|p2a: Amoonguss|Seed Bomb|p1a: tower power
|-resisted|p1a: tower power
|-damage|p1a: tower power|77/100
|
|upkeep
|turn|6
|
|t:|1665971439
|move|p1a: tower power|Air Slash|p2a: Amoonguss
|-supereffective|p2a: Amoonguss
|-damage|p2a: Amoonguss|0 fnt
|faint|p2a: Amoonguss
|-ability|p1a: tower power|Beast Boost|boost
|-boost|p1a: tower power|spa|1
|
|upkeep
|inactive|SilverNote3 has 10 seconds left.
|
|t:|1665971446
|switch|p2a: Chansey|Chansey, F|100/100
|-damage|p2a: Chansey|88/100|[from] Stealth Rock
|turn|7
|inactive|pokemonisfun has 10 seconds left.
|
|t:|1665971452
|switch|p1a: billy the drilly|Excadrill, F|15/100
|-ability|p1a: billy the drilly|Mold Breaker
|move|p2a: Chansey|Seismic Toss|p1a: billy the drilly
|-damage|p1a: billy the drilly|0 fnt
|faint|p1a: billy the drilly
|
|upkeep
|inactive|pokemonisfun has 10 seconds left.
|
|t:|1665971458
|switch|p1a: moister cloyster|Cloyster, M|100/100
|turn|8
|
|t:|1665971460
|move|p1a: moister cloyster|Shell Smash|p1a: moister cloyster
|-unboost|p1a: moister cloyster|def|1
|-unboost|p1a: moister cloyster|spd|1
|-boost|p1a: moister cloyster|atk|2
|-boost|p1a: moister cloyster|spa|2
|-boost|p1a: moister cloyster|spe|2
|move|p2a: Chansey|Thunder Wave|p1a: moister cloyster
|-status|p1a: moister cloyster|par
|
|upkeep
|turn|9
|
|t:|1665971464
|move|p1a: moister cloyster|Icicle Spear|p2a: Chansey
|-damage|p2a: Chansey|74/100
|-damage|p2a: Chansey|60/100
|-damage|p2a: Chansey|45/100
|-damage|p2a: Chansey|32/100
|-damage|p2a: Chansey|18/100
|-hitcount|p2a: Chansey|5
|move|p2a: Chansey|Teleport|p2a: Chansey
|inactive|SilverNote3 has 10 seconds left.
|
|t:|1665971469
|switch|p2a: Cobalion|Cobalion|100/100|[from]move: Teleport
|-damage|p2a: Cobalion|97/100|[from] Stealth Rock
|
|-heal|p2a: Cobalion|100/100|[from] item: Leftovers
|upkeep
|turn|10
|inactive|SilverNote3 has 10 seconds left.
|
|t:|1665971475
|move|p2a: Cobalion|Stealth Rock|p1a: moister cloyster
|-sidestart|p1: pokemonisfun|move: Stealth Rock
|cant|p1a: moister cloyster|par
|
|upkeep
|turn|11
|
|t:|1665971477
|move|p2a: Cobalion|Close Combat|p1a: moister cloyster
|-supereffective|p1a: moister cloyster
|-enditem|p1a: moister cloyster|Focus Sash
|-damage|p1a: moister cloyster|1/100 par
|-unboost|p2a: Cobalion|def|1
|-unboost|p2a: Cobalion|spd|1
|move|p1a: moister cloyster|Hydro Pump|p2a: Cobalion
|-damage|p2a: Cobalion|0 fnt
|faint|p2a: Cobalion
|
|upkeep
|
|t:|1665971482
|switch|p2a: Crawdaunt|Crawdaunt, M|100/100
|-damage|p2a: Crawdaunt|88/100|[from] Stealth Rock
|turn|12
|
|t:|1665971485
|move|p2a: Crawdaunt|Aqua Jet|p1a: moister cloyster
|-resisted|p1a: moister cloyster
|-damage|p1a: moister cloyster|0 fnt
|faint|p1a: moister cloyster
|
|upkeep
|inactive|pokemonisfun has 10 seconds left.
|
|t:|1665971495
|switch|p1a: snekky snekkerson|Gyarados, M|100/100
|-damage|p1a: snekky snekkerson|76/100|[from] Stealth Rock
|turn|13
|
|t:|1665971498
|switch|p2a: Diggersby|Diggersby, M|100/100
|-damage|p2a: Diggersby|94/100|[from] Stealth Rock
|move|p1a: snekky snekkerson|Power Whip|p2a: Diggersby
|-supereffective|p2a: Diggersby
|-damage|p2a: Diggersby|0 fnt
|faint|p2a: Diggersby
|-ability|p1a: snekky snekkerson|Moxie|boost
|-boost|p1a: snekky snekkerson|atk|1
|
|upkeep
|inactive|SilverNote3 has 10 seconds left.
|
|t:|1665971504
|switch|p2a: Slowking|Slowking, F|100/100
|turn|14
|
|t:|1665971507
|move|p1a: snekky snekkerson|Power Whip|p2a: Slowking
|-supereffective|p2a: Slowking
|-damage|p2a: Slowking|2/100
|move|p2a: Slowking|Future Sight|p1a: snekky snekkerson
|-start|p2a: Slowking|move: Future Sight
|
|upkeep
|turn|15
|
|t:|1665971511
|move|p1a: snekky snekkerson|Waterfall|p2a: Slowking
|-resisted|p2a: Slowking
|-damage|p2a: Slowking|0 fnt
|faint|p2a: Slowking
|-ability|p1a: snekky snekkerson|Moxie|boost
|-boost|p1a: snekky snekkerson|atk|1
|
|upkeep
|
|t:|1665971515
|switch|p2a: Crawdaunt|Crawdaunt, M|88/100
|-damage|p2a: Crawdaunt|76/100|[from] Stealth Rock
|turn|16
|
|t:|1665971518
|move|p1a: snekky snekkerson|Waterfall|p2a: Crawdaunt
|-resisted|p2a: Crawdaunt
|-damage|p2a: Crawdaunt|6/100
|move|p2a: Crawdaunt|Knock Off|p1a: snekky snekkerson
|-damage|p1a: snekky snekkerson|0 fnt
|-enditem|p1a: snekky snekkerson|Lum Berry|[from] move: Knock Off|[of] p2a: Crawdaunt
|faint|p1a: snekky snekkerson
|
|-hint|Future Sight did not hit because the target is fainted.
|upkeep
|
|t:|1665971522
|switch|p1a: mr mittenz|Hydreigon, M|100/100
|-damage|p1a: mr mittenz|88/100|[from] Stealth Rock
|turn|17
|
|t:|1665971525
|switch|p2a: Chansey|Chansey, F|18/100
|-damage|p2a: Chansey|5/100|[from] Stealth Rock
|move|p1a: mr mittenz|Dark Pulse|p2a: Chansey
|-damage|p2a: Chansey|0 fnt
|faint|p2a: Chansey
|
|upkeep
|
|t:|1665971528
|switch|p2a: Crawdaunt|Crawdaunt, M|6/100
|-damage|p2a: Crawdaunt|0 fnt|[from] Stealth Rock
|faint|p2a: Crawdaunt
|
|win|pokemonisfun
|n|☆pokemonisfun|pokemonisfun
|n|☆SilverNote3|silvernote3
