|j|☆Zephyyyr
|j|☆Rabzzz
|t:|1632363125
|gametype|singles
|player|p1|Zephyyyr|richboy|1616
|player|p2|Rabzzz|169|1668
|teamsize|p1|6
|teamsize|p2|6
|gen|8
|tier|[Gen 8] UU
|rated|
|rule|Sleep Clause Mod: Limit one foe put to sleep
|rule|Species Clause: Limit one of each Pokémon
|rule|OHKO Clause: OHKO moves are banned
|rule|Evasion Moves Clause: Evasion moves are banned
|rule|Endless Battle Clause: Forcing endless battles is banned
|rule|HP Percentage Mod: HP is shown in percentages
|rule|Dynamax Clause: You cannot dynamax
|clearpoke
|poke|p1|Azelf|
|poke|p1|Rotom-Wash|
|poke|p1|Nihilego|
|poke|p1|Krookodile, M|
|poke|p1|Tapu Bulu|
|poke|p1|Kommo-o, M|
|poke|p2|Aegislash, F|
|poke|p2|Primarina, M|
|poke|p2|Tapu Bulu|
|poke|p2|Kommo-o, M|
|poke|p2|Moltres|
|poke|p2|Lycanroc-Dusk, M|
|teampreview
|
|t:|1632363152
|start
|switch|p1a: Azelf|Azelf|100/100
|switch|p2a: Primarina|Primarina, M|100/100
|turn|1
|
|t:|1632363154
|move|p1a: Azelf|Knock Off|p2a: Primarina
|-resisted|p2a: Primarina
|-damage|p2a: Primarina|86/100
|-enditem|p2a: Primarina|Leftovers|[from] move: Knock Off|[of] p1a: Azelf
|move|p2a: Primarina|Scald|p1a: Azelf
|-damage|p1a: Azelf|46/100
|
|upkeep
|turn|2
|
|t:|1632363170
|move|p1a: Azelf|U-turn|p2a: Primarina
|-resisted|p2a: Primarina
|-damage|p2a: Primarina|76/100
|
|t:|1632363172
|switch|p1a: Rotom|Rotom-Wash|100/100|[from]move: U-turn
|move|p2a: Primarina|Scald|p1a: Rotom
|-resisted|p1a: Rotom
|-damage|p1a: Rotom|81/100
|
|-heal|p1a: Rotom|87/100|[from] item: Leftovers
|upkeep
|turn|3
|
|t:|1632363185
|move|p1a: Rotom|Volt Switch|p2a: Primarina
|-supereffective|p2a: Primarina
|-damage|p2a: Primarina|43/100
|
|t:|1632363203
|switch|p1a: Tapu Bulu|Tapu Bulu|100/100|[from]move: Volt Switch
|-fieldstart|move: Grassy Terrain|[from] ability: Grassy Surge|[of] p1a: Tapu Bulu
|move|p2a: Primarina|Draining Kiss|p1a: Tapu Bulu
|-damage|p1a: Tapu Bulu|71/100
|-heal|p2a: Primarina|60/100|[from] drain|[of] p1a: Tapu Bulu
|
|-heal|p1a: Tapu Bulu|77/100|[from] Grassy Terrain
|-heal|p2a: Primarina|66/100|[from] Grassy Terrain
|upkeep
|turn|4
|
|t:|1632363213
|switch|p1a: Kommo-o|Kommo-o, M|100/100
|move|p2a: Primarina|Protect||[still]
|-fail|p2a: Primarina
|
|-heal|p2a: Primarina|72/100|[from] Grassy Terrain
|upkeep
|turn|5
|
|t:|1632363222
|switch|p1a: Nihilego|Nihilego|100/100
|move|p2a: Primarina|Scald|p1a: Nihilego
|-supereffective|p1a: Nihilego
|-damage|p1a: Nihilego|48/100
|
|-heal|p1a: Nihilego|54/100|[from] Grassy Terrain
|-heal|p2a: Primarina|78/100|[from] Grassy Terrain
|upkeep
|turn|6
|
|t:|1632363242
|switch|p2a: Aegislash|Aegislash, F|100/100
|move|p1a: Nihilego|Sludge Wave|p2a: Aegislash
|-immune|p2a: Aegislash
|
|-heal|p1a: Nihilego|60/100|[from] Grassy Terrain
|upkeep
|turn|7
|
|t:|1632363252
|switch|p1a: Krookodile|Krookodile, M|100/100
|-ability|p1a: Krookodile|Intimidate|boost
|-unboost|p2a: Aegislash|atk|1
|move|p2a: Aegislash|Substitute|p2a: Aegislash
|-start|p2a: Aegislash|Substitute
|-damage|p2a: Aegislash|76/100
|
|-heal|p2a: Aegislash|82/100|[from] Grassy Terrain
|-heal|p2a: Aegislash|88/100|[from] item: Leftovers
|-fieldend|move: Grassy Terrain
|upkeep
|turn|8
|
|t:|1632363267
|move|p1a: Krookodile|Knock Off|p2a: Aegislash
|-supereffective|p2a: Aegislash
|-end|p2a: Aegislash|Substitute
|-formechange|p2a: Aegislash|Aegislash-Blade||[from] ability: Stance Change
|move|p2a: Aegislash|Close Combat|p1a: Krookodile
|-supereffective|p1a: Krookodile
|-damage|p1a: Krookodile|39/100
|-unboost|p2a: Aegislash|def|1
|-unboost|p2a: Aegislash|spd|1
|
|-heal|p2a: Aegislash|94/100|[from] item: Leftovers
|upkeep
|turn|9
|
|t:|1632363284
|switch|p2a: Kommo-o|Kommo-o, M|100/100
|move|p1a: Krookodile|Knock Off|p2a: Kommo-o
|-resisted|p2a: Kommo-o
|-damage|p2a: Kommo-o|87/100
|-enditem|p2a: Kommo-o|Leftovers|[from] move: Knock Off|[of] p1a: Krookodile
|
|upkeep
|turn|10
|
|t:|1632363292
|switch|p1a: Azelf|Azelf|46/100
|move|p2a: Kommo-o|Stealth Rock|p1a: Azelf
|-sidestart|p1: Zephyyyr|move: Stealth Rock
|
|upkeep
|turn|11
|
|t:|1632363322
|switch|p2a: Primarina|Primarina, M|78/100
|move|p1a: Azelf|Psychic|p2a: Primarina
|-damage|p2a: Primarina|47/100
|
|upkeep
|turn|12
|
|t:|1632363330
|move|p1a: Azelf|U-turn|p2a: Primarina
|-resisted|p2a: Primarina
|-damage|p2a: Primarina|36/100
|
|t:|1632363332
|switch|p1a: Rotom|Rotom-Wash|87/100|[from]move: U-turn
|-damage|p1a: Rotom|75/100|[from] Stealth Rock
|move|p2a: Primarina|Scald|p1a: Rotom
|-resisted|p1a: Rotom
|-damage|p1a: Rotom|56/100
|-status|p1a: Rotom|brn
|
|-heal|p1a: Rotom|63/100 brn|[from] item: Leftovers
|-damage|p1a: Rotom|56/100 brn|[from] brn
|upkeep
|turn|13
|
|t:|1632363345
|switch|p2a: Tapu Bulu|Tapu Bulu|100/100
|-fieldstart|move: Grassy Terrain|[from] ability: Grassy Surge|[of] p2a: Tapu Bulu
|move|p1a: Rotom|Volt Switch|p2a: Tapu Bulu
|-resisted|p2a: Tapu Bulu
|-damage|p2a: Tapu Bulu|86/100
|
|t:|1632363371
|switch|p1a: Nihilego|Nihilego|60/100|[from]move: Volt Switch
|-damage|p1a: Nihilego|48/100|[from] Stealth Rock
|
|-heal|p1a: Nihilego|54/100|[from] Grassy Terrain
|-heal|p2a: Tapu Bulu|92/100|[from] Grassy Terrain
|upkeep
|turn|14
|
|t:|1632363402
|switch|p1a: Kommo-o|Kommo-o, M|100/100
|-damage|p1a: Kommo-o|94/100|[from] Stealth Rock
|switch|p2a: Kommo-o|Kommo-o, M|87/100
|
|-heal|p1a: Kommo-o|100/100|[from] Grassy Terrain
|-heal|p2a: Kommo-o|93/100|[from] Grassy Terrain
|upkeep
|turn|15
|
|t:|1632363418
|switch|p2a: Moltres|Moltres|100/100
|move|p1a: Kommo-o|Stealth Rock|p2a: Moltres
|-sidestart|p2: Rabzzz|move: Stealth Rock
|
|upkeep
|turn|16
|
|t:|1632363459
|switch|p2a: Aegislash|Aegislash, F|94/100
|-damage|p2a: Aegislash|88/100|[from] Stealth Rock
|switch|p1a: Nihilego|Nihilego|54/100
|-damage|p1a: Nihilego|42/100|[from] Stealth Rock
|
|-heal|p1a: Nihilego|48/100|[from] Grassy Terrain
|-heal|p2a: Aegislash|94/100|[from] Grassy Terrain
|-heal|p2a: Aegislash|100/100|[from] item: Leftovers
|upkeep
|turn|17
|
|t:|1632363470
|switch|p1a: Kommo-o|Kommo-o, M|100/100
|-damage|p1a: Kommo-o|94/100|[from] Stealth Rock
|move|p2a: Aegislash|Substitute|p2a: Aegislash
|-start|p2a: Aegislash|Substitute
|-damage|p2a: Aegislash|76/100
|
|-heal|p1a: Kommo-o|100/100|[from] Grassy Terrain
|-heal|p2a: Aegislash|82/100|[from] Grassy Terrain
|-heal|p2a: Aegislash|88/100|[from] item: Leftovers
|-fieldend|move: Grassy Terrain
|upkeep
|turn|18
|
|t:|1632363506
|move|p1a: Kommo-o|Flamethrower|p2a: Aegislash
|-supereffective|p2a: Aegislash
|-end|p2a: Aegislash|Substitute
|-formechange|p2a: Aegislash|Aegislash-Blade||[from] ability: Stance Change
|move|p2a: Aegislash|Close Combat|p1a: Kommo-o
|-damage|p1a: Kommo-o|65/100
|-unboost|p2a: Aegislash|def|1
|-unboost|p2a: Aegislash|spd|1
|
|-heal|p2a: Aegislash|94/100|[from] item: Leftovers
|upkeep
|turn|19
|
|t:|1632363541
|switch|p2a: Moltres|Moltres|100/100
|move|p1a: Kommo-o|Clanging Scales|p2a: Moltres
|-crit|p2a: Moltres
|-damage|p2a: Moltres|31/100
|-unboost|p1a: Kommo-o|def|1
|
|upkeep
|turn|20
|
|t:|1632363573
|move|p2a: Moltres|Hurricane|p1a: Kommo-o|[miss]
|-miss|p2a: Moltres|p1a: Kommo-o
|move|p1a: Kommo-o|Clanging Scales|p2a: Moltres
|-damage|p2a: Moltres|0 fnt
|faint|p2a: Moltres
|-unboost|p1a: Kommo-o|def|1
|
|upkeep
|
|t:|1632363596
|switch|p2a: Lycanroc|Lycanroc-Dusk, M|100/100
|-damage|p2a: Lycanroc|88/100|[from] Stealth Rock
|turn|21
|
|t:|1632363612
|switch|p1a: Nihilego|Nihilego|48/100
|-damage|p1a: Nihilego|35/100|[from] Stealth Rock
|move|p2a: Lycanroc|Close Combat|p1a: Nihilego
|-damage|p1a: Nihilego|0 fnt
|-unboost|p2a: Lycanroc|def|1
|-unboost|p2a: Lycanroc|spd|1
|faint|p1a: Nihilego
|
|upkeep
|
|t:|1632363621
|switch|p1a: Krookodile|Krookodile, M|39/100
|-damage|p1a: Krookodile|33/100|[from] Stealth Rock
|-ability|p1a: Krookodile|Intimidate|boost
|-unboost|p2a: Lycanroc|atk|1
|turn|22
|
|t:|1632363631
|switch|p2a: Kommo-o|Kommo-o, M|93/100
|-damage|p2a: Kommo-o|87/100|[from] Stealth Rock
|move|p1a: Krookodile|High Horsepower|p2a: Kommo-o
|-damage|p2a: Kommo-o|57/100
|
|upkeep
|turn|23
|
|t:|1632363655
|switch|p1a: Azelf|Azelf|46/100
|move|p2a: Kommo-o|Flamethrower|p1a: Azelf
|-damage|p1a: Azelf|10/100
|
|upkeep
|turn|24
|
|t:|1632363675
|switch|p2a: Primarina|Primarina, M|36/100
|-damage|p2a: Primarina|24/100|[from] Stealth Rock
|move|p1a: Azelf|Psychic|p2a: Primarina
|-damage|p2a: Primarina|0 fnt
|faint|p2a: Primarina
|
|upkeep
|
|t:|1632363683
|switch|p2a: Lycanroc|Lycanroc-Dusk, M|88/100
|-damage|p2a: Lycanroc|76/100|[from] Stealth Rock
|turn|25
|
|t:|1632363690
|move|p2a: Lycanroc|Accelerock|p1a: Azelf
|-damage|p1a: Azelf|0 fnt
|faint|p1a: Azelf
|
|upkeep
|
|t:|1632363707
|switch|p1a: Kommo-o|Kommo-o, M|65/100
|-damage|p1a: Kommo-o|59/100|[from] Stealth Rock
|turn|26
|inactive|Battle timer is ON: inactive players will automatically lose when time's up. (requested by Zephyyyr)
|
|t:|1632363748
|switch|p2a: Aegislash|Aegislash, F|94/100
|-damage|p2a: Aegislash|88/100|[from] Stealth Rock
|move|p1a: Kommo-o|Close Combat|p2a: Aegislash
|-immune|p2a: Aegislash
|
|-heal|p2a: Aegislash|94/100|[from] item: Leftovers
|upkeep
|turn|27
|
|t:|1632363769
|switch|p2a: Kommo-o|Kommo-o, M|57/100
|-damage|p2a: Kommo-o|51/100|[from] Stealth Rock
|move|p1a: Kommo-o|Flamethrower|p2a: Kommo-o
|-resisted|p2a: Kommo-o
|-damage|p2a: Kommo-o|40/100
|
|upkeep
|turn|28
|inactive|Zephyyyr has 120 seconds left.
|
|t:|1632363799
|switch|p2a: Aegislash|Aegislash, F|94/100
|-damage|p2a: Aegislash|88/100|[from] Stealth Rock
|move|p1a: Kommo-o|Clanging Scales|p2a: Aegislash
|-resisted|p2a: Aegislash
|-damage|p2a: Aegislash|71/100
|-unboost|p1a: Kommo-o|def|1
|
|-heal|p2a: Aegislash|78/100|[from] item: Leftovers
|upkeep
|turn|29
|inactive|Zephyyyr has 120 seconds left.
|
|t:|1632363806
|move|p1a: Kommo-o|Flamethrower|p2a: Aegislash
|-supereffective|p2a: Aegislash
|-damage|p2a: Aegislash|42/100
|-formechange|p2a: Aegislash|Aegislash-Blade||[from] ability: Stance Change
|move|p2a: Aegislash|Close Combat|p1a: Kommo-o
|-damage|p1a: Kommo-o|7/100
|-unboost|p2a: Aegislash|def|1
|-unboost|p2a: Aegislash|spd|1
|
|-heal|p2a: Aegislash|48/100|[from] item: Leftovers
|upkeep
|turn|30
|
|t:|1632363818
|-formechange|p2a: Aegislash|Aegislash||[from] ability: Stance Change
|move|p2a: Aegislash|King's Shield|p2a: Aegislash
|-singleturn|p2a: Aegislash|Protect
|move|p1a: Kommo-o|Flamethrower|p2a: Aegislash
|-activate|p2a: Aegislash|move: Protect
|
|-heal|p2a: Aegislash|54/100|[from] item: Leftovers
|upkeep
|turn|31
|inactive|Zephyyyr has 120 seconds left.
|
|t:|1632363844
|switch|p2a: Kommo-o|Kommo-o, M|40/100
|-damage|p2a: Kommo-o|34/100|[from] Stealth Rock
|move|p1a: Kommo-o|Flamethrower|p2a: Kommo-o
|-resisted|p2a: Kommo-o
|-damage|p2a: Kommo-o|25/100
|
|upkeep
|turn|32
|
|t:|1632363857
|move|p1a: Kommo-o|Clanging Scales|p2a: Kommo-o
|-supereffective|p2a: Kommo-o
|-damage|p2a: Kommo-o|0 fnt
|faint|p2a: Kommo-o
|-unboost|p1a: Kommo-o|def|1
|
|upkeep
|
|t:|1632363861
|switch|p2a: Lycanroc|Lycanroc-Dusk, M|76/100
|-damage|p2a: Lycanroc|63/100|[from] Stealth Rock
|turn|33
|inactive|Zephyyyr has 120 seconds left.
|
|t:|1632363877
|move|p2a: Lycanroc|Accelerock|p1a: Kommo-o
|-resisted|p1a: Kommo-o
|-damage|p1a: Kommo-o|0 fnt
|faint|p1a: Kommo-o
|
|upkeep
|inactive|Zephyyyr has 120 seconds left.
|
|t:|1632363885
|switch|p1a: Krookodile|Krookodile, M|33/100
|-damage|p1a: Krookodile|27/100|[from] Stealth Rock
|-ability|p1a: Krookodile|Intimidate|boost
|-unboost|p2a: Lycanroc|atk|1
|turn|34
|
|t:|1632363900
|move|p2a: Lycanroc|Accelerock|p1a: Krookodile
|-resisted|p1a: Krookodile
|-damage|p1a: Krookodile|10/100
|move|p1a: Krookodile|High Horsepower|p2a: Lycanroc
|-supereffective|p2a: Lycanroc
|-damage|p2a: Lycanroc|0 fnt
|faint|p2a: Lycanroc
|
|upkeep
|
|t:|1632363905
|switch|p2a: Tapu Bulu|Tapu Bulu|92/100
|-damage|p2a: Tapu Bulu|79/100|[from] Stealth Rock
|-fieldstart|move: Grassy Terrain|[from] ability: Grassy Surge|[of] p2a: Tapu Bulu
|turn|35
|
|t:|1632363915
|move|p1a: Krookodile|High Horsepower|p2a: Tapu Bulu
|-resisted|p2a: Tapu Bulu
|-damage|p2a: Tapu Bulu|54/100
|move|p2a: Tapu Bulu|Swords Dance|p2a: Tapu Bulu
|-boost|p2a: Tapu Bulu|atk|2
|
|-heal|p1a: Krookodile|16/100|[from] Grassy Terrain
|-heal|p2a: Tapu Bulu|60/100|[from] Grassy Terrain
|upkeep
|turn|36
|
|t:|1632363921
|move|p1a: Krookodile|High Horsepower|p2a: Tapu Bulu
|-resisted|p2a: Tapu Bulu
|-damage|p2a: Tapu Bulu|37/100
|move|p2a: Tapu Bulu|Horn Leech|p1a: Krookodile
|-supereffective|p1a: Krookodile
|-damage|p1a: Krookodile|0 fnt
|-heal|p2a: Tapu Bulu|46/100|[from] drain|[of] p1a: Krookodile
|faint|p1a: Krookodile
|-damage|p2a: Tapu Bulu|36/100|[from] item: Life Orb
|
|-heal|p2a: Tapu Bulu|42/100|[from] Grassy Terrain
|upkeep
|
|t:|1632363924
|switch|p1a: Tapu Bulu|Tapu Bulu|77/100
|-damage|p1a: Tapu Bulu|65/100|[from] Stealth Rock
|turn|37
|
|t:|1632363929
|move|p2a: Tapu Bulu|Stone Edge|p1a: Tapu Bulu
|-damage|p1a: Tapu Bulu|0 fnt
|faint|p1a: Tapu Bulu
|-damage|p2a: Tapu Bulu|33/100|[from] item: Life Orb
|
|-heal|p2a: Tapu Bulu|39/100|[from] Grassy Terrain
|upkeep
|
|t:|1632363948
|switch|p1a: Rotom|Rotom-Wash|56/100 brn
|-damage|p1a: Rotom|44/100 brn|[from] Stealth Rock
|turn|38
|
|t:|1632363954
|move|p1a: Rotom|Hydro Pump|p2a: Tapu Bulu
|-resisted|p2a: Tapu Bulu
|-damage|p2a: Tapu Bulu|14/100
|move|p2a: Tapu Bulu|Horn Leech|p1a: Rotom
|-supereffective|p1a: Rotom
|-damage|p1a: Rotom|0 fnt
|-heal|p2a: Tapu Bulu|38/100|[from] drain|[of] p1a: Rotom
|faint|p1a: Rotom
|-damage|p2a: Tapu Bulu|28/100|[from] item: Life Orb
|
|win|Rabzzz
|raw|Zephyyyr's rating: 1616 &rarr; <strong>1599</strong><br />(-17 for losing)
|raw|Rabzzz's rating: 1668 &rarr; <strong>1685</strong><br />(+17 for winning)
|l|☆Zephyyyr
