|html|<div class="broadcast-blue"><strong>[Gen 8] UU is currently suspecting Latias! For information on how to participate check out the <a href="https://www.smogon.com/forums/threads/np-ss-uu-stage-10-airplanes-latias-retest.3691692/page-3#post-9007205">suspect thread</a>.</strong></div>
|j|‽Green Hairy Girl
|j|☆EliotEnRetar
|t:|1635531380
|gametype|singles
|player|p1|Green Hairy Girl|acetrainerf-gen4dp|1216
|player|p2|EliotEnRetar|falkner|1443
|teamsize|p1|6
|teamsize|p2|6
|gen|8
|tier|[Gen 8] UU
|rated|
|rule|Sleep Clause Mod: Limit one foe put to sleep
|rule|Species Clause: Limit one of each Pokémon
|rule|OHKO Clause: OHKO moves are banned
|rule|Evasion Moves Clause: Evasion moves are banned
|rule|Endless Battle Clause: Forcing endless battles is banned
|rule|HP Percentage Mod: HP is shown in percentages
|rule|Dynamax Clause: You cannot dynamax
|clearpoke
|poke|p1|Tyrantrum, M|
|poke|p1|Rotom-Mow|
|poke|p1|Seismitoad, F|
|poke|p1|Snorlax, F|
|poke|p1|Moltres|
|poke|p1|Cresselia, F|
|poke|p2|Drapion, M|
|poke|p2|Talonflame, M|
|poke|p2|Rotom-Wash|
|poke|p2|Ribombee, M|
|poke|p2|Zygarde-10%|
|poke|p2|Conkeldurr, M|
|teampreview
|inactive|Battle timer is ON: inactive players will automatically lose when time's up. (requested by Green Hairy Girl)
|inactive|Green Hairy Girl has 120 seconds left.
|inactive|Green Hairy Girl has 90 seconds left.
|
|t:|1635531444
|start
|switch|p1a: Seismitoad|Seismitoad, F|100/100
|switch|p2a: BeeMovie|Ribombee, M|100/100
|turn|1
|
|t:|1635531462
|move|p2a: BeeMovie|Energy Ball|p1a: Seismitoad
|-supereffective|p1a: Seismitoad
|-damage|p1a: Seismitoad|31/100
|move|p1a: Seismitoad|Toxic|p2a: BeeMovie
|-status|p2a: BeeMovie|tox
|
|-heal|p1a: Seismitoad|37/100|[from] item: Leftovers
|-damage|p2a: BeeMovie|94/100 tox|[from] psn
|upkeep
|turn|2
|
|t:|1635531471
|switch|p1a: Moltres|Moltres|100/100
|-ability|p1a: Moltres|Pressure
|move|p2a: BeeMovie|Sticky Web|p1a: Moltres
|-sidestart|p1: Green Hairy Girl|move: Sticky Web
|
|-damage|p2a: BeeMovie|82/100 tox|[from] psn
|upkeep
|turn|3
|
|t:|1635531482
|switch|p2a: CauetBurger|Rotom-Wash|100/100
|move|p1a: Moltres|Hurricane|p2a: CauetBurger
|-resisted|p2a: CauetBurger
|-damage|p2a: CauetBurger|61/100
|-damage|p1a: Moltres|91/100|[from] item: Life Orb
|
|-heal|p2a: CauetBurger|67/100|[from] item: Leftovers
|upkeep
|turn|4
|
|t:|1635531488
|switch|p2a: Etchebest|Conkeldurr, M|100/100
|move|p1a: Moltres|U-turn|p2a: Etchebest
|-resisted|p2a: Etchebest
|-damage|p2a: Etchebest|90/100
|-damage|p1a: Moltres|81/100|[from] item: Life Orb
|
|t:|1635531490
|switch|p1a: Rotom|Rotom-Mow|100/100|[from]move: U-turn
|
|-status|p2a: Etchebest|brn|[from] item: Flame Orb
|upkeep
|turn|5
|
|t:|1635531495
|move|p1a: Rotom|Defog|p2a: Etchebest
|-unboost|p2a: Etchebest|evasion|1
|-sideend|p1: Green Hairy Girl|Sticky Web|[from] move: Defog|[of] p1a: Rotom
|move|p2a: Etchebest|Facade|p1a: Rotom
|-damage|p1a: Rotom|0 fnt
|faint|p1a: Rotom
|
|-damage|p2a: Etchebest|84/100 brn|[from] brn
|upkeep
|
|t:|1635531497
|switch|p1a: Moltres|Moltres|81/100
|-ability|p1a: Moltres|Pressure
|turn|6
|
|t:|1635531499
|switch|p2a: CauetBurger|Rotom-Wash|67/100
|move|p1a: Moltres|Hurricane|p2a: CauetBurger
|-resisted|p2a: CauetBurger
|-damage|p2a: CauetBurger|27/100
|-damage|p1a: Moltres|71/100|[from] item: Life Orb
|
|-heal|p2a: CauetBurger|34/100|[from] item: Leftovers
|upkeep
|turn|7
|
|t:|1635531503
|move|p1a: Moltres|Fire Blast|p2a: CauetBurger
|-resisted|p2a: CauetBurger
|-damage|p2a: CauetBurger|0 fnt
|faint|p2a: CauetBurger
|-damage|p1a: Moltres|61/100|[from] item: Life Orb
|
|upkeep
|
|t:|1635531510
|switch|p2a: BeeMovie|Ribombee, M|82/100 tox
|turn|8
|
|t:|1635531512
|move|p2a: BeeMovie|Sticky Web|p1a: Moltres
|-sidestart|p1: Green Hairy Girl|move: Sticky Web
|move|p1a: Moltres|Fire Blast|p2a: BeeMovie
|-supereffective|p2a: BeeMovie
|-damage|p2a: BeeMovie|0 fnt
|faint|p2a: BeeMovie
|-damage|p1a: Moltres|51/100|[from] item: Life Orb
|
|upkeep
|
|t:|1635531517
|switch|p2a: Drrrrrrrascore|Drapion, M|100/100
|turn|9
|
|t:|1635531520
|move|p2a: Drrrrrrrascore|Aqua Tail|p1a: Moltres
|-supereffective|p1a: Moltres
|-damage|p1a: Moltres|0 fnt
|faint|p1a: Moltres
|-damage|p2a: Drrrrrrrascore|91/100|[from] item: Life Orb
|
|upkeep
|
|t:|1635531523
|switch|p1a: Tyrantrum|Tyrantrum, M|100/100
|-activate|p1a: Tyrantrum|move: Sticky Web
|-unboost|p1a: Tyrantrum|spe|1
|turn|10
|
|t:|1635531531
|switch|p2a: En Brrrrrr|Zygarde-10%|100/100
|-ability|p2a: En Brrrrrr|Aura Break
|move|p1a: Tyrantrum|Outrage|p2a: En Brrrrrr
|-supereffective|p2a: En Brrrrrr
|-damage|p2a: En Brrrrrr|0 fnt
|faint|p2a: En Brrrrrr
|
|upkeep
|
|t:|1635531534
|switch|p2a: Drrrrrrrascore|Drapion, M|91/100
|turn|11
|
|t:|1635531536
|move|p2a: Drrrrrrrascore|Swords Dance|p2a: Drrrrrrrascore
|-boost|p2a: Drrrrrrrascore|atk|2
|move|p1a: Tyrantrum|Outrage|p2a: Drrrrrrrascore|[from]lockedmove
|-damage|p2a: Drrrrrrrascore|19/100
|
|upkeep
|turn|12
|
|t:|1635531538
|move|p2a: Drrrrrrrascore|Knock Off|p1a: Tyrantrum
|-damage|p1a: Tyrantrum|8/100
|-enditem|p1a: Tyrantrum|Choice Scarf|[from] move: Knock Off|[of] p2a: Drrrrrrrascore
|-damage|p2a: Drrrrrrrascore|9/100|[from] item: Life Orb
|move|p1a: Tyrantrum|Outrage|p2a: Drrrrrrrascore|[from]lockedmove
|-crit|p2a: Drrrrrrrascore
|-damage|p2a: Drrrrrrrascore|0 fnt
|faint|p2a: Drrrrrrrascore
|-start|p1a: Tyrantrum|confusion|[fatigue]
|
|upkeep
|
|t:|1635531548
|switch|p2a: Etchebest|Conkeldurr, M|84/100 brn
|turn|13
|
|t:|1635531549
|move|p2a: Etchebest|Mach Punch|p1a: Tyrantrum
|-supereffective|p1a: Tyrantrum
|-damage|p1a: Tyrantrum|0 fnt
|faint|p1a: Tyrantrum
|
|-damage|p2a: Etchebest|78/100 brn|[from] brn
|upkeep
|
|t:|1635531551
|switch|p1a: Cresselia|Cresselia, F|100/100
|turn|14
|
|t:|1635531553
|move|p1a: Cresselia|Calm Mind|p1a: Cresselia
|-boost|p1a: Cresselia|spa|1
|-boost|p1a: Cresselia|spd|1
|move|p2a: Etchebest|Knock Off|p1a: Cresselia
|-supereffective|p1a: Cresselia
|-damage|p1a: Cresselia|45/100
|-enditem|p1a: Cresselia|Leftovers|[from] move: Knock Off|[of] p2a: Etchebest
|
|-damage|p2a: Etchebest|72/100 brn|[from] brn
|upkeep
|turn|15
|
|t:|1635531557
|switch|p2a: BizouJeManvol|Talonflame, M|100/100
|move|p1a: Cresselia|Psyshock|p2a: BizouJeManvol
|-damage|p2a: BizouJeManvol|47/100
|
|upkeep
|turn|16
|
|t:|1635531559
|move|p2a: BizouJeManvol|Brave Bird|p1a: Cresselia
|-damage|p1a: Cresselia|21/100
|-damage|p2a: BizouJeManvol|36/100|[from] Recoil
|move|p1a: Cresselia|Psyshock|p2a: BizouJeManvol
|-crit|p2a: BizouJeManvol
|-damage|p2a: BizouJeManvol|0 fnt
|faint|p2a: BizouJeManvol
|
|upkeep
|
|t:|1635531562
|switch|p2a: Etchebest|Conkeldurr, M|72/100 brn
|turn|17
|
|t:|1635531565
|move|p1a: Cresselia|Psyshock|p2a: Etchebest
|-supereffective|p2a: Etchebest
|-damage|p2a: Etchebest|3/100 brn
|move|p2a: Etchebest|Facade|p1a: Cresselia
|-damage|p1a: Cresselia|0 fnt
|faint|p1a: Cresselia
|
|-damage|p2a: Etchebest|0 fnt|[from] brn
|faint|p2a: Etchebest
|
|win|Green Hairy Girl
|upkeep
|raw|Green Hairy Girl's rating: 1216 &rarr; <strong>1255</strong><br />(+39 for winning)
|raw|EliotEnRetar's rating: 1443 &rarr; <strong>1412</strong><br />(-31 for losing)
|l|☆EliotEnRetar
