|j|☆Corporate Donkey
|j|☆DQ Low Tier Legend
|t:|1656519605
|gametype|singles
|player|p1|Corporate Donkey|ingo|1351
|player|p2|DQ Low Tier Legend|lucas|1457
|teamsize|p1|6
|teamsize|p2|6
|gen|8
|tier|[Gen 8] UU
|rated|
|rule|Sleep Clause Mod: Limit one foe put to sleep
|rule|Species Clause: Limit one of each Pokémon
|rule|OHKO Clause: OHKO moves are banned
|rule|Evasion Moves Clause: Evasion moves are banned
|rule|Endless Battle Clause: Forcing endless battles is banned
|rule|HP Percentage Mod: HP is shown in percentages
|rule|Dynamax Clause: You cannot dynamax
|clearpoke
|poke|p1|Nihilego|
|poke|p1|Dhelmise|
|poke|p1|Skarmory, M|
|poke|p1|Krookodile, M|
|poke|p1|Thundurus-Therian, M|
|poke|p1|Slowking, M|
|poke|p2|Cobalion|
|poke|p2|Tapu Bulu|
|poke|p2|Suicune|
|poke|p2|Moltres|
|poke|p2|Mandibuzz, F|
|poke|p2|Krookodile, F|
|teampreview
|c|☆Corporate Donkey|gl hf
|inactive|Battle timer is ON: inactive players will automatically lose when time's up. (requested by DQ Low Tier Legend)
|
|t:|1656519633
|start
|switch|p1a: Will Smith|Thundurus-Therian, M|100/100
|switch|p2a: Suicune|Suicune|100/100
|-ability|p2a: Suicune|Pressure
|turn|1
|
|t:|1656519639
|switch|p2a: Krookodile|Krookodile, F|100/100
|-ability|p2a: Krookodile|Intimidate|boost
|-unboost|p1a: Will Smith|atk|1
|move|p1a: Will Smith|Focus Blast|p2a: Krookodile
|-supereffective|p2a: Krookodile
|-damage|p2a: Krookodile|0 fnt
|faint|p2a: Krookodile
|
|upkeep
|
|t:|1656519644
|switch|p2a: Tapu Bulu|Tapu Bulu|100/100
|-fieldstart|move: Grassy Terrain|[from] ability: Grassy Surge|[of] p2a: Tapu Bulu
|turn|2
|
|t:|1656519649
|switch|p2a: Suicune|Suicune|100/100
|-ability|p2a: Suicune|Pressure
|move|p1a: Will Smith|Volt Switch|p2a: Suicune
|-supereffective|p2a: Suicune
|-damage|p2a: Suicune|40/100
|
|t:|1656519659
|switch|p1a: Dhelmise|Dhelmise|100/100|[from]move: Volt Switch
|
|-heal|p2a: Suicune|46/100|[from] Grassy Terrain
|-heal|p2a: Suicune|52/100|[from] item: Leftovers
|upkeep
|turn|3
|
|t:|1656519665
|move|p2a: Suicune|Substitute|p2a: Suicune
|-start|p2a: Suicune|Substitute
|-damage|p2a: Suicune|27/100
|move|p1a: Dhelmise|Poltergeist|p2a: Suicune
|-activate|p2a: Suicune|move: Poltergeist|Leftovers
|-end|p2a: Suicune|Substitute
|
|-heal|p2a: Suicune|33/100|[from] Grassy Terrain
|-heal|p2a: Suicune|39/100|[from] item: Leftovers
|upkeep
|turn|4
|
|t:|1656519671
|move|p2a: Suicune|Protect|p2a: Suicune
|-singleturn|p2a: Suicune|Protect
|move|p1a: Dhelmise|Power Whip|p2a: Suicune
|-activate|p2a: Suicune|move: Protect
|
|-heal|p2a: Suicune|46/100|[from] Grassy Terrain
|-heal|p2a: Suicune|52/100|[from] item: Leftovers
|upkeep
|turn|5
|
|t:|1656519674
|move|p2a: Suicune|Substitute|p2a: Suicune
|-start|p2a: Suicune|Substitute
|-damage|p2a: Suicune|27/100
|move|p1a: Dhelmise|Power Whip|p2a: Suicune
|-supereffective|p2a: Suicune
|-end|p2a: Suicune|Substitute
|
|-heal|p2a: Suicune|33/100|[from] Grassy Terrain
|-heal|p2a: Suicune|39/100|[from] item: Leftovers
|upkeep
|turn|6
|
|t:|1656519680
|move|p2a: Suicune|Protect|p2a: Suicune
|-singleturn|p2a: Suicune|Protect
|move|p1a: Dhelmise|Poltergeist|p2a: Suicune
|-activate|p2a: Suicune|move: Protect
|
|-heal|p2a: Suicune|45/100|[from] Grassy Terrain
|-heal|p2a: Suicune|51/100|[from] item: Leftovers
|-fieldend|move: Grassy Terrain
|upkeep
|turn|7
|
|t:|1656519688
|switch|p2a: Mandibuzz|Mandibuzz, F|100/100
|move|p1a: Dhelmise|Power Whip|p2a: Mandibuzz
|-resisted|p2a: Mandibuzz
|-damage|p2a: Mandibuzz|82/100
|
|upkeep
|turn|8
|
|t:|1656519696
|switch|p2a: Tapu Bulu|Tapu Bulu|100/100
|-fieldstart|move: Grassy Terrain|[from] ability: Grassy Surge|[of] p2a: Tapu Bulu
|switch|p1a: Ferrous|Skarmory, M|100/100
|
|upkeep
|turn|9
|
|t:|1656519700
|switch|p2a: Suicune|Suicune|51/100
|-ability|p2a: Suicune|Pressure
|move|p1a: Ferrous|Spikes|p2a: Suicune
|-sidestart|p2: DQ Low Tier Legend|Spikes
|
|-heal|p2a: Suicune|58/100|[from] Grassy Terrain
|-heal|p2a: Suicune|64/100|[from] item: Leftovers
|upkeep
|turn|10
|
|t:|1656519711
|move|p2a: Suicune|Substitute|p2a: Suicune
|-start|p2a: Suicune|Substitute
|-damage|p2a: Suicune|39/100
|move|p1a: Ferrous|Spikes|p2a: Suicune
|-sidestart|p2: DQ Low Tier Legend|Spikes
|
|-heal|p2a: Suicune|45/100|[from] Grassy Terrain
|-heal|p2a: Suicune|51/100|[from] item: Leftovers
|upkeep
|turn|11
|
|t:|1656519717
|move|p2a: Suicune|Scald|p1a: Ferrous
|-damage|p1a: Ferrous|62/100
|-status|p1a: Ferrous|brn
|move|p1a: Ferrous|Spikes|p2a: Suicune
|-sidestart|p2: DQ Low Tier Legend|Spikes
|
|-heal|p2a: Suicune|57/100|[from] Grassy Terrain
|-heal|p2a: Suicune|64/100|[from] item: Leftovers
|-damage|p1a: Ferrous|56/100 brn|[from] brn
|upkeep
|turn|12
|
|t:|1656519724
|switch|p1a: Will Smith|Thundurus-Therian, M|100/100
|move|p2a: Suicune|Protect||[still]
|-fail|p2a: Suicune
|
|-heal|p2a: Suicune|70/100|[from] Grassy Terrain
|-heal|p2a: Suicune|76/100|[from] item: Leftovers
|-fieldend|move: Grassy Terrain
|upkeep
|turn|13
|
|t:|1656519736
|move|p2a: Suicune|Protect|p2a: Suicune
|-singleturn|p2a: Suicune|Protect
|move|p1a: Will Smith|Grass Knot|p2a: Suicune
|-activate|p2a: Suicune|move: Protect
|
|-heal|p2a: Suicune|82/100|[from] item: Leftovers
|upkeep
|turn|14
|
|t:|1656519742
|move|p1a: Will Smith|Grass Knot|p2a: Suicune
|-supereffective|p2a: Suicune
|-end|p2a: Suicune|Substitute
|move|p2a: Suicune|Calm Mind|p2a: Suicune
|-boost|p2a: Suicune|spa|1
|-boost|p2a: Suicune|spd|1
|
|-heal|p2a: Suicune|88/100|[from] item: Leftovers
|upkeep
|turn|15
|
|t:|1656519747
|move|p2a: Suicune|Protect|p2a: Suicune
|-singleturn|p2a: Suicune|Protect
|move|p1a: Will Smith|Grass Knot|p2a: Suicune
|-activate|p2a: Suicune|move: Protect
|
|-heal|p2a: Suicune|95/100|[from] item: Leftovers
|upkeep
|turn|16
|
|t:|1656519754
|move|p1a: Will Smith|Grass Knot|p2a: Suicune
|-supereffective|p2a: Suicune
|-damage|p2a: Suicune|55/100
|move|p2a: Suicune|Calm Mind|p2a: Suicune
|-boost|p2a: Suicune|spa|1
|-boost|p2a: Suicune|spd|1
|
|-heal|p2a: Suicune|61/100|[from] item: Leftovers
|upkeep
|turn|17
|
|t:|1656519761
|move|p2a: Suicune|Protect|p2a: Suicune
|-singleturn|p2a: Suicune|Protect
|move|p1a: Will Smith|Psychic|p2a: Suicune
|-activate|p2a: Suicune|move: Protect
|
|-heal|p2a: Suicune|67/100|[from] item: Leftovers
|upkeep
|turn|18
|
|t:|1656519765
|move|p1a: Will Smith|Grass Knot|p2a: Suicune
|-supereffective|p2a: Suicune
|-damage|p2a: Suicune|40/100
|move|p2a: Suicune|Scald|p1a: Will Smith
|-damage|p1a: Will Smith|23/100
|-status|p1a: Will Smith|brn
|
|-heal|p2a: Suicune|46/100|[from] item: Leftovers
|-damage|p1a: Will Smith|17/100 brn|[from] brn
|upkeep
|turn|19
|
|t:|1656519772
|move|p2a: Suicune|Protect|p2a: Suicune
|-singleturn|p2a: Suicune|Protect
|move|p1a: Will Smith|Psychic|p2a: Suicune
|-activate|p2a: Suicune|move: Protect
|
|-heal|p2a: Suicune|52/100|[from] item: Leftovers
|-damage|p1a: Will Smith|11/100 brn|[from] brn
|upkeep
|turn|20
|
|t:|1656519778
|move|p1a: Will Smith|Volt Switch|p2a: Suicune
|-supereffective|p2a: Suicune
|-damage|p2a: Suicune|23/100
|
|t:|1656519793
|switch|p1a: Edmund|Slowking, M|100/100|[from]move: Volt Switch
|move|p2a: Suicune|Scald|p1a: Edmund
|-resisted|p1a: Edmund
|-crit|p1a: Edmund
|-damage|p1a: Edmund|70/100
|
|-heal|p2a: Suicune|29/100|[from] item: Leftovers
|upkeep
|turn|21
|
|t:|1656519798
|move|p2a: Suicune|Substitute|p2a: Suicune
|-start|p2a: Suicune|Substitute
|-damage|p2a: Suicune|4/100
|move|p1a: Edmund|Teleport|p1a: Edmund
|
|t:|1656519801
|switch|p1a: Will Smith|Thundurus-Therian, M|11/100 brn|[from]move: Teleport
|
|-heal|p2a: Suicune|10/100|[from] item: Leftovers
|-damage|p1a: Will Smith|5/100 brn|[from] brn
|upkeep
|turn|22
|
|t:|1656519805
|move|p2a: Suicune|Protect|p2a: Suicune
|-singleturn|p2a: Suicune|Protect
|move|p1a: Will Smith|Volt Switch|p2a: Suicune
|-activate|p2a: Suicune|move: Protect
|
|-heal|p2a: Suicune|16/100|[from] item: Leftovers
|-damage|p1a: Will Smith|0 fnt|[from] brn
|faint|p1a: Will Smith
|upkeep
|
|t:|1656519814
|switch|p1a: Dhelmise|Dhelmise|100/100
|turn|23
|
|t:|1656519823
|move|p2a: Suicune|Scald|p1a: Dhelmise
|-resisted|p1a: Dhelmise
|-damage|p1a: Dhelmise|70/100
|move|p1a: Dhelmise|Poltergeist|p2a: Suicune
|-activate|p2a: Suicune|move: Poltergeist|Leftovers
|-end|p2a: Suicune|Substitute
|
|-heal|p2a: Suicune|23/100|[from] item: Leftovers
|upkeep
|turn|24
|
|t:|1656519833
|move|p2a: Suicune|Protect|p2a: Suicune
|-singleturn|p2a: Suicune|Protect
|move|p1a: Dhelmise|Synthesis|p1a: Dhelmise
|-heal|p1a: Dhelmise|100/100
|
|-heal|p2a: Suicune|29/100|[from] item: Leftovers
|upkeep
|turn|25
|
|t:|1656519841
|move|p2a: Suicune|Substitute|p2a: Suicune
|-start|p2a: Suicune|Substitute
|-damage|p2a: Suicune|4/100
|move|p1a: Dhelmise|Poltergeist|p2a: Suicune
|-activate|p2a: Suicune|move: Poltergeist|Leftovers
|-end|p2a: Suicune|Substitute
|
|-heal|p2a: Suicune|10/100|[from] item: Leftovers
|upkeep
|turn|26
|
|t:|1656519847
|move|p2a: Suicune|Protect|p2a: Suicune
|-singleturn|p2a: Suicune|Protect
|move|p1a: Dhelmise|Rapid Spin|p2a: Suicune
|-activate|p2a: Suicune|move: Protect
|
|-heal|p2a: Suicune|16/100|[from] item: Leftovers
|upkeep
|turn|27
|
|t:|1656519855
|switch|p2a: Mandibuzz|Mandibuzz, F|82/100
|move|p1a: Dhelmise|Power Whip|p2a: Mandibuzz
|-resisted|p2a: Mandibuzz
|-damage|p2a: Mandibuzz|63/100
|
|upkeep
|turn|28
|
|t:|1656519865
|switch|p1a: Ferrous|Skarmory, M|56/100 brn
|move|p2a: Mandibuzz|Defog|p1a: Ferrous
|-unboost|p1a: Ferrous|evasion|1
|-sideend|p2: DQ Low Tier Legend|Spikes|[from] move: Defog|[of] p2a: Mandibuzz
|
|-damage|p1a: Ferrous|50/100 brn|[from] brn
|upkeep
|turn|29
|
|t:|1656519871
|switch|p2a: Suicune|Suicune|16/100
|-ability|p2a: Suicune|Pressure
|move|p1a: Ferrous|Roost|p1a: Ferrous
|-heal|p1a: Ferrous|99/100 brn
|-singleturn|p1a: Ferrous|move: Roost
|
|-heal|p2a: Suicune|22/100|[from] item: Leftovers
|-damage|p1a: Ferrous|94/100 brn|[from] brn
|upkeep
|turn|30
|
|t:|1656519883
|switch|p1a: Noodle|Nihilego|100/100
|move|p2a: Suicune|Scald|p1a: Noodle
|-supereffective|p1a: Noodle
|-damage|p1a: Noodle|60/100
|
|-heal|p1a: Noodle|67/100|[from] item: Black Sludge
|-heal|p2a: Suicune|28/100|[from] item: Leftovers
|upkeep
|turn|31
|
|t:|1656519889
|move|p2a: Suicune|Protect|p2a: Suicune
|-singleturn|p2a: Suicune|Protect
|move|p1a: Noodle|Knock Off|p2a: Suicune
|-activate|p2a: Suicune|move: Protect
|
|-heal|p1a: Noodle|73/100|[from] item: Black Sludge
|-heal|p2a: Suicune|35/100|[from] item: Leftovers
|upkeep
|turn|32
|
|t:|1656519898
|switch|p2a: Cobalion|Cobalion|100/100
|move|p1a: Noodle|Knock Off|p2a: Cobalion
|-resisted|p2a: Cobalion
|-damage|p2a: Cobalion|96/100
|-ability|p2a: Cobalion|Justified|boost
|-boost|p2a: Cobalion|atk|1
|-enditem|p2a: Cobalion|Safety Goggles|[from] move: Knock Off|[of] p1a: Noodle
|
|-heal|p1a: Noodle|79/100|[from] item: Black Sludge
|upkeep
|turn|33
|
|t:|1656519910
|switch|p2a: Suicune|Suicune|35/100
|-ability|p2a: Suicune|Pressure
|switch|p1a: Ferrous|Skarmory, M|94/100 brn
|
|-heal|p2a: Suicune|41/100|[from] item: Leftovers
|-damage|p1a: Ferrous|88/100 brn|[from] brn
|upkeep
|turn|34
|
|t:|1656519918
|switch|p1a: Dhelmise|Dhelmise|100/100
|move|p2a: Suicune|Substitute|p2a: Suicune
|-start|p2a: Suicune|Substitute
|-damage|p2a: Suicune|16/100
|
|-heal|p2a: Suicune|22/100|[from] item: Leftovers
|upkeep
|turn|35
|
|t:|1656519921
|move|p2a: Suicune|Protect|p2a: Suicune
|-singleturn|p2a: Suicune|Protect
|move|p1a: Dhelmise|Rapid Spin|p2a: Suicune
|-activate|p2a: Suicune|move: Protect
|
|-heal|p2a: Suicune|28/100|[from] item: Leftovers
|upkeep
|turn|36
|
|t:|1656519928
|move|p2a: Suicune|Scald|p1a: Dhelmise
|-resisted|p1a: Dhelmise
|-damage|p1a: Dhelmise|86/100
|move|p1a: Dhelmise|Power Whip|p2a: Suicune
|-supereffective|p2a: Suicune
|-end|p2a: Suicune|Substitute
|
|-heal|p2a: Suicune|34/100|[from] item: Leftovers
|upkeep
|turn|37
|
|t:|1656519937
|move|p2a: Suicune|Substitute|p2a: Suicune
|-start|p2a: Suicune|Substitute
|-damage|p2a: Suicune|9/100
|move|p1a: Dhelmise|Synthesis|p1a: Dhelmise
|-heal|p1a: Dhelmise|100/100
|
|-heal|p2a: Suicune|16/100|[from] item: Leftovers
|upkeep
|turn|38
|
|t:|1656519943
|move|p2a: Suicune|Protect|p2a: Suicune
|-singleturn|p2a: Suicune|Protect
|move|p1a: Dhelmise|Rapid Spin|p2a: Suicune
|-activate|p2a: Suicune|move: Protect
|
|-heal|p2a: Suicune|22/100|[from] item: Leftovers
|upkeep
|turn|39
|
|t:|1656519948
|move|p2a: Suicune|Scald|p1a: Dhelmise
|-resisted|p1a: Dhelmise
|-crit|p1a: Dhelmise
|-damage|p1a: Dhelmise|80/100
|-status|p1a: Dhelmise|brn
|move|p1a: Dhelmise|Power Whip|p2a: Suicune
|-supereffective|p2a: Suicune
|-end|p2a: Suicune|Substitute
|
|-heal|p2a: Suicune|28/100|[from] item: Leftovers
|-damage|p1a: Dhelmise|73/100 brn|[from] brn
|upkeep
|turn|40
|c|☆Corporate Donkey|gg
|-message|Corporate Donkey forfeited.
|
|win|DQ Low Tier Legend
|raw|Corporate Donkey's rating: 1351 &rarr; <strong>1337</strong><br />(-14 for losing)
|raw|DQ Low Tier Legend's rating: 1457 &rarr; <strong>1471</strong><br />(+14 for winning)
|l|☆Corporate Donkey
|c|☆DQ Low Tier Legend|Gg.
||Ladder isn't responding, score probably updated but might not have (Request timeout).
