|j|☆Lofu
|j|☆meow tse tung
|t:|1596211956
|player|p1|Lofu|clair-gen2|1409
|player|p2|meow tse tung|preschooler|1406
|teamsize|p1|6
|teamsize|p2|6
|gametype|singles
|gen|8
|tier|[Gen 8] UU
|rated|
|clearpoke
|poke|p1|Torkoal, M|
|poke|p1|Charizard, M|
|poke|p1|Hatterene, F|
|poke|p1|Venusaur, F|
|poke|p1|Blissey, F|
|poke|p1|Jirachi|
|poke|p2|Diggersby, F|
|poke|p2|Rotom-Mow|
|poke|p2|Jirachi|
|poke|p2|Starmie|
|poke|p2|Tyranitar, M|
|poke|p2|Weezing-Galar, F|
|rule|Sleep Clause Mod: Limit one foe put to sleep
|rule|Species Clause: Limit one of each Pokémon
|rule|OHKO Clause: OHKO moves are banned
|rule|Evasion Moves Clause: Evasion moves are banned
|rule|Endless Battle Clause: Forcing endless battles is banned
|rule|HP Percentage Mod: HP is shown in percentages
|rule|Dynamax Clause: You cannot dynamax
|teampreview
|
|t:|1596211983
|start
|switch|p1a: Jirachi|Jirachi|100/100
|switch|p2a: mow hoe|Rotom-Mow|100/100
|turn|1
|
|t:|1596211992
|switch|p2a: stinkin lincoln|Weezing-Galar, F|100/100
|move|p1a: Jirachi|U-turn|p2a: stinkin lincoln
|-resisted|p2a: stinkin lincoln
|-damage|p2a: stinkin lincoln|96/100
|
|t:|1596211998
|switch|p1a: Torkoal|Torkoal, M|100/100|[from]move: U-turn
|-weather|SunnyDay|[from] ability: Drought|[of] p1a: Torkoal
|
|-weather|SunnyDay|[upkeep]
|-heal|p2a: stinkin lincoln|100/100|[from] item: Black Sludge
|upkeep
|turn|2
|
|t:|1596212006
|move|p2a: stinkin lincoln|Sludge Bomb|p1a: Torkoal
|-damage|p1a: Torkoal|48/100
|move|p1a: Torkoal|Stealth Rock|p2a: stinkin lincoln
|-sidestart|p2: meow tse tung|move: Stealth Rock
|
|-weather|SunnyDay|[upkeep]
|upkeep
|turn|3
|
|t:|1596212015
|switch|p2a: giant tyrant|Tyranitar, M|100/100
|-damage|p2a: giant tyrant|88/100|[from] Stealth Rock
|-weather|Sandstorm|[from] ability: Sand Stream|[of] p2a: giant tyrant
|switch|p1a: Jirachi|Jirachi|100/100
|
|-weather|Sandstorm|[upkeep]
|-heal|p2a: giant tyrant|94/100|[from] item: Leftovers
|upkeep
|turn|4
|
|t:|1596212026
|switch|p2a: inch by flinch|Jirachi|100/100
|-damage|p2a: inch by flinch|94/100|[from] Stealth Rock
|move|p1a: Jirachi|Iron Head|p2a: inch by flinch
|-resisted|p2a: inch by flinch
|-damage|p2a: inch by flinch|81/100
|
|-weather|Sandstorm|[upkeep]
|-heal|p2a: inch by flinch|88/100|[from] item: Leftovers
|upkeep
|turn|5
|
|t:|1596212034
|switch|p1a: Torkoal|Torkoal, M|48/100
|-weather|SunnyDay|[from] ability: Drought|[of] p1a: Torkoal
|move|p2a: inch by flinch|U-turn|p1a: Torkoal
|-resisted|p1a: Torkoal
|-damage|p1a: Torkoal|42/100
|
|t:|1596212046
|switch|p2a: bizzare star|Starmie|100/100|[from]move: U-turn
|
|-weather|SunnyDay|[upkeep]
|upkeep
|turn|6
|
|t:|1596212052
|switch|p1a: Venusaur|Venusaur, F|100/100
|move|p2a: bizzare star|Rapid Spin|p1a: Venusaur
|-damage|p1a: Venusaur|91/100
|-boost|p2a: bizzare star|spe|1
|-sideend|p2: meow tse tung|Stealth Rock|[from] move: Rapid Spin|[of] p2a: bizzare star
|
|-weather|SunnyDay|[upkeep]
|upkeep
|turn|7
|
|t:|1596212063
|switch|p2a: inch by flinch|Jirachi|88/100
|move|p1a: Venusaur|Sludge Bomb|p2a: inch by flinch
|-immune|p2a: inch by flinch
|
|-weather|SunnyDay|[upkeep]
|-heal|p2a: inch by flinch|94/100|[from] item: Leftovers
|upkeep
|turn|8
|
|t:|1596212068
|switch|p2a: giant tyrant|Tyranitar, M|94/100
|-weather|Sandstorm|[from] ability: Sand Stream|[of] p2a: giant tyrant
|move|p1a: Venusaur|Weather Ball|p2a: giant tyrant
|-damage|p2a: giant tyrant|69/100
|-damage|p1a: Venusaur|81/100|[from] item: Life Orb
|
|-weather|Sandstorm|[upkeep]
|-damage|p1a: Venusaur|75/100|[from] Sandstorm
|-heal|p2a: giant tyrant|76/100|[from] item: Leftovers
|upkeep
|turn|9
|
|t:|1596212079
|switch|p1a: Torkoal|Torkoal, M|42/100
|-weather|SunnyDay|[from] ability: Drought|[of] p1a: Torkoal
|switch|p2a: inch by flinch|Jirachi|94/100
|
|-weather|SunnyDay|[upkeep]
|-heal|p2a: inch by flinch|99/100|[from] item: Leftovers
|upkeep
|turn|10
|
|t:|1596212085
|switch|p1a: Jirachi|Jirachi|100/100
|move|p2a: inch by flinch|U-turn|p1a: Jirachi
|-damage|p1a: Jirachi|86/100
|
|t:|1596212092
|switch|p2a: giant tyrant|Tyranitar, M|76/100|[from]move: U-turn
|-weather|Sandstorm|[from] ability: Sand Stream|[of] p2a: giant tyrant
|
|-weather|Sandstorm|[upkeep]
|-heal|p2a: giant tyrant|82/100|[from] item: Leftovers
|upkeep
|turn|11
|
|t:|1596212095
|switch|p2a: inch by flinch|Jirachi|99/100
|move|p1a: Jirachi|U-turn|p2a: inch by flinch
|-damage|p2a: inch by flinch|84/100
|
|t:|1596212100
|switch|p1a: Torkoal|Torkoal, M|42/100|[from]move: U-turn
|-weather|SunnyDay|[from] ability: Drought|[of] p1a: Torkoal
|
|-weather|SunnyDay|[upkeep]
|-heal|p2a: inch by flinch|90/100|[from] item: Leftovers
|upkeep
|turn|12
|
|t:|1596212103
|switch|p1a: Charizard|Charizard, M|100/100
|move|p2a: inch by flinch|U-turn|p1a: Charizard
|-resisted|p1a: Charizard
|-damage|p1a: Charizard|94/100
|
|t:|1596212109
|switch|p2a: giant tyrant|Tyranitar, M|82/100|[from]move: U-turn
|-weather|Sandstorm|[from] ability: Sand Stream|[of] p2a: giant tyrant
|
|-weather|Sandstorm|[upkeep]
|-damage|p1a: Charizard|88/100|[from] Sandstorm
|-heal|p2a: giant tyrant|88/100|[from] item: Leftovers
|upkeep
|turn|13
|
|t:|1596212116
|move|p1a: Charizard|Focus Blast|p2a: giant tyrant|[miss]
|-miss|p1a: Charizard|p2a: giant tyrant
|move|p2a: giant tyrant|Crunch|p1a: Charizard
|-damage|p1a: Charizard|22/100
|
|-weather|Sandstorm|[upkeep]
|-damage|p1a: Charizard|16/100|[from] Sandstorm
|-heal|p2a: giant tyrant|94/100|[from] item: Leftovers
|upkeep
|turn|14
|
|t:|1596212123
|switch|p1a: Torkoal|Torkoal, M|42/100
|-weather|SunnyDay|[from] ability: Drought|[of] p1a: Torkoal
|switch|p2a: bizzare star|Starmie|100/100
|
|-weather|SunnyDay|[upkeep]
|upkeep
|turn|15
|
|t:|1596212132
|switch|p2a: giant tyrant|Tyranitar, M|94/100
|-weather|Sandstorm|[from] ability: Sand Stream|[of] p2a: giant tyrant
|switch|p1a: Jirachi|Jirachi|86/100
|
|-weather|Sandstorm|[upkeep]
|-heal|p2a: giant tyrant|100/100|[from] item: Leftovers
|upkeep
|turn|16
|
|t:|1596212140
|switch|p2a: inch by flinch|Jirachi|90/100
|move|p1a: Jirachi|U-turn|p2a: inch by flinch
|-damage|p2a: inch by flinch|74/100
|
|t:|1596212147
|switch|p1a: Torkoal|Torkoal, M|42/100|[from]move: U-turn
|-weather|SunnyDay|[from] ability: Drought|[of] p1a: Torkoal
|
|-weather|SunnyDay|[upkeep]
|-heal|p2a: inch by flinch|80/100|[from] item: Leftovers
|upkeep
|turn|17
|
|t:|1596212153
|move|p2a: inch by flinch|U-turn|p1a: Torkoal
|-resisted|p1a: Torkoal
|-damage|p1a: Torkoal|38/100
|
|t:|1596212156
|switch|p2a: bizzare star|Starmie|100/100|[from]move: U-turn
|move|p1a: Torkoal|Toxic|p2a: bizzare star
|-status|p2a: bizzare star|tox
|
|-weather|SunnyDay|[upkeep]
|-damage|p2a: bizzare star|94/100 tox|[from] psn
|upkeep
|turn|18
|
|t:|1596212166
|switch|p2a: giant tyrant|Tyranitar, M|100/100
|-weather|Sandstorm|[from] ability: Sand Stream|[of] p2a: giant tyrant
|switch|p1a: Blissey|Blissey, F|100/100
|
|-weather|Sandstorm|[upkeep]
|-damage|p1a: Blissey|94/100|[from] Sandstorm
|upkeep
|turn|19
|
|t:|1596212175
|move|p2a: giant tyrant|Stone Edge|p1a: Blissey
|-damage|p1a: Blissey|40/100
|move|p1a: Blissey|Teleport|p1a: Blissey
|
|t:|1596212188
|switch|p1a: Torkoal|Torkoal, M|38/100|[from]move: Teleport
|-weather|SunnyDay|[from] ability: Drought|[of] p1a: Torkoal
|
|-weather|SunnyDay|[upkeep]
|upkeep
|turn|20
|
|t:|1596212199
|switch|p1a: Jirachi|Jirachi|86/100
|move|p2a: giant tyrant|Stone Edge|p1a: Jirachi
|-resisted|p1a: Jirachi
|-damage|p1a: Jirachi|61/100
|
|-weather|SunnyDay|[upkeep]
|upkeep
|turn|21
|
|t:|1596212208
|switch|p2a: inch by flinch|Jirachi|80/100
|move|p1a: Jirachi|Iron Head|p2a: inch by flinch
|-resisted|p2a: inch by flinch
|-damage|p2a: inch by flinch|66/100
|
|-weather|SunnyDay|[upkeep]
|-heal|p2a: inch by flinch|72/100|[from] item: Leftovers
|upkeep
|turn|22
|
|t:|1596212216
|move|p1a: Jirachi|Iron Head|p2a: inch by flinch
|-resisted|p2a: inch by flinch
|-damage|p2a: inch by flinch|59/100
|move|p2a: inch by flinch|U-turn|p1a: Jirachi
|-damage|p1a: Jirachi|45/100
|
|t:|1596212221
|switch|p2a: giant tyrant|Tyranitar, M|100/100|[from]move: U-turn
|-weather|Sandstorm|[from] ability: Sand Stream|[of] p2a: giant tyrant
|
|-weather|Sandstorm|[upkeep]
|upkeep
|turn|23
|
|t:|1596212227
|switch|p2a: inch by flinch|Jirachi|59/100
|move|p1a: Jirachi|Iron Head|p2a: inch by flinch
|-resisted|p2a: inch by flinch
|-damage|p2a: inch by flinch|46/100
|
|-weather|Sandstorm|[upkeep]
|-heal|p2a: inch by flinch|52/100|[from] item: Leftovers
|upkeep
|turn|24
|
|t:|1596212231
|switch|p1a: Torkoal|Torkoal, M|38/100
|-weather|SunnyDay|[from] ability: Drought|[of] p1a: Torkoal
|move|p2a: inch by flinch|Wish|p2a: inch by flinch
|
|-weather|SunnyDay|[upkeep]
|-heal|p2a: inch by flinch|58/100|[from] item: Leftovers
|upkeep
|turn|25
|
|t:|1596212241
|move|p2a: inch by flinch|Protect|p2a: inch by flinch
|-singleturn|p2a: inch by flinch|Protect
|move|p1a: Torkoal|Stealth Rock|p2a: inch by flinch
|-sidestart|p2: meow tse tung|move: Stealth Rock
|
|-weather|SunnyDay|[upkeep]
|-heal|p2a: inch by flinch|100/100|[from] move: Wish|[wisher] inch by flinch
|upkeep
|turn|26
|
|t:|1596212244
|move|p2a: inch by flinch|U-turn|p1a: Torkoal
|-resisted|p1a: Torkoal
|-damage|p1a: Torkoal|33/100
|
|t:|1596212247
|switch|p2a: bizzare star|Starmie|94/100|[from]move: U-turn
|move|p1a: Torkoal|Lava Plume|p2a: bizzare star
|-resisted|p2a: bizzare star
|-damage|p2a: bizzare star|71/100
|
|-weather|SunnyDay|[upkeep]
|upkeep
|turn|27
|
|t:|1596212264
|move|p2a: bizzare star|Rapid Spin|p1a: Torkoal
|-damage|p1a: Torkoal|28/100
|-boost|p2a: bizzare star|spe|1
|-sideend|p2: meow tse tung|Stealth Rock|[from] move: Rapid Spin|[of] p2a: bizzare star
|move|p1a: Torkoal|Stealth Rock|p2a: bizzare star
|-sidestart|p2: meow tse tung|move: Stealth Rock
|
|-weather|SunnyDay|[upkeep]
|upkeep
|turn|28
|
|t:|1596212278
|switch|p1a: Blissey|Blissey, F|40/100
|move|p2a: bizzare star|Rapid Spin|p1a: Blissey
|-damage|p1a: Blissey|35/100
|-boost|p2a: bizzare star|spe|1
|-sideend|p2: meow tse tung|Stealth Rock|[from] move: Rapid Spin|[of] p2a: bizzare star
|
|-weather|SunnyDay|[upkeep]
|upkeep
|turn|29
|j| Hyrule1113
|
|t:|1596212288
|switch|p2a: nibble wibble|Diggersby, F|100/100
|move|p1a: Blissey|Teleport|p1a: Blissey
|
|t:|1596212292
|switch|p1a: Venusaur|Venusaur, F|75/100|[from]move: Teleport
|
|-weather|SunnyDay|[upkeep]
|upkeep
|turn|30
|
|t:|1596212302
|switch|p2a: giant tyrant|Tyranitar, M|100/100
|-weather|Sandstorm|[from] ability: Sand Stream|[of] p2a: giant tyrant
|move|p1a: Venusaur|Giga Drain|p2a: giant tyrant
|-supereffective|p2a: giant tyrant
|-damage|p2a: giant tyrant|44/100
|-heal|p1a: Venusaur|100/100|[from] drain|[of] p2a: giant tyrant
|-damage|p1a: Venusaur|91/100|[from] item: Life Orb
|
|-weather|Sandstorm|[upkeep]
|-damage|p1a: Venusaur|85/100|[from] Sandstorm
|-heal|p2a: giant tyrant|51/100|[from] item: Leftovers
|upkeep
|turn|31
|
|t:|1596212312
|switch|p1a: Torkoal|Torkoal, M|28/100
|-weather|SunnyDay|[from] ability: Drought|[of] p1a: Torkoal
|switch|p2a: inch by flinch|Jirachi|100/100
|
|-weather|SunnyDay|[upkeep]
|upkeep
|turn|32
|
|t:|1596212320
|move|p2a: inch by flinch|U-turn|p1a: Torkoal
|-resisted|p1a: Torkoal
|-damage|p1a: Torkoal|24/100
|
|t:|1596212324
|switch|p2a: bizzare star|Starmie|71/100|[from]move: U-turn
|move|p1a: Torkoal|Lava Plume|p2a: bizzare star
|-resisted|p2a: bizzare star
|-damage|p2a: bizzare star|49/100
|
|-weather|SunnyDay|[upkeep]
|upkeep
|turn|33
|
|t:|1596212334
|switch|p1a: Blissey|Blissey, F|35/100
|move|p2a: bizzare star|Recover|p2a: bizzare star
|-heal|p2a: bizzare star|99/100
|
|-weather|SunnyDay|[upkeep]
|upkeep
|turn|34
|
|t:|1596212344
|switch|p2a: giant tyrant|Tyranitar, M|51/100
|-weather|Sandstorm|[from] ability: Sand Stream|[of] p2a: giant tyrant
|move|p1a: Blissey|Teleport|p1a: Blissey
|
|t:|1596212349
|switch|p1a: Jirachi|Jirachi|45/100|[from]move: Teleport
|
|-weather|Sandstorm|[upkeep]
|-heal|p2a: giant tyrant|57/100|[from] item: Leftovers
|upkeep
|turn|35
|
|t:|1596212354
|switch|p2a: inch by flinch|Jirachi|100/100
|move|p1a: Jirachi|U-turn|p2a: inch by flinch
|-damage|p2a: inch by flinch|85/100
|
|t:|1596212365
|switch|p1a: Torkoal|Torkoal, M|24/100|[from]move: U-turn
|-weather|SunnyDay|[from] ability: Drought|[of] p1a: Torkoal
|
|-weather|SunnyDay|[upkeep]
|-heal|p2a: inch by flinch|91/100|[from] item: Leftovers
|upkeep
|turn|36
|
|t:|1596212379
|move|p2a: inch by flinch|U-turn|p1a: Torkoal
|-resisted|p1a: Torkoal
|-damage|p1a: Torkoal|19/100
|
|t:|1596212382
|switch|p2a: bizzare star|Starmie|99/100|[from]move: U-turn
|move|p1a: Torkoal|Stealth Rock|p2a: bizzare star
|-sidestart|p2: meow tse tung|move: Stealth Rock
|
|-weather|SunnyDay|[upkeep]
|upkeep
|turn|37
|
|t:|1596212391
|switch|p1a: Blissey|Blissey, F|35/100
|move|p2a: bizzare star|Rapid Spin|p1a: Blissey
|-damage|p1a: Blissey|29/100
|-boost|p2a: bizzare star|spe|1
|-sideend|p2: meow tse tung|Stealth Rock|[from] move: Rapid Spin|[of] p2a: bizzare star
|
|-weather|SunnyDay|[upkeep]
|upkeep
|turn|38
|
|t:|1596212396
|switch|p2a: giant tyrant|Tyranitar, M|57/100
|-weather|Sandstorm|[from] ability: Sand Stream|[of] p2a: giant tyrant
|move|p1a: Blissey|Soft-Boiled|p1a: Blissey
|-heal|p1a: Blissey|79/100
|
|-weather|Sandstorm|[upkeep]
|-damage|p1a: Blissey|73/100|[from] Sandstorm
|-heal|p2a: giant tyrant|63/100|[from] item: Leftovers
|upkeep
|turn|39
|
|t:|1596212403
|switch|p1a: Hatterene|Hatterene, F|100/100
|move|p2a: giant tyrant|Crunch|p1a: Hatterene
|-damage|p1a: Hatterene|54/100
|
|-weather|Sandstorm|[upkeep]
|-damage|p1a: Hatterene|48/100|[from] Sandstorm
|-heal|p2a: giant tyrant|69/100|[from] item: Leftovers
|-heal|p1a: Hatterene|54/100|[from] item: Leftovers
|upkeep
|turn|40
|
|t:|1596212417
|move|p2a: giant tyrant|Stone Edge|p1a: Hatterene
|-damage|p1a: Hatterene|0 fnt
|faint|p1a: Hatterene
|
|-weather|Sandstorm|[upkeep]
|-heal|p2a: giant tyrant|75/100|[from] item: Leftovers
|upkeep
|
|t:|1596212426
|switch|p1a: Jirachi|Jirachi|45/100
|turn|41
|
|t:|1596212433
|switch|p2a: inch by flinch|Jirachi|91/100
|move|p1a: Jirachi|Trick|p2a: inch by flinch
|-activate|p1a: Jirachi|move: Trick|[of] p2a: inch by flinch
|-item|p2a: inch by flinch|Choice Scarf|[from] move: Trick
|-item|p1a: Jirachi|Leftovers|[from] move: Trick
|
|-weather|Sandstorm|[upkeep]
|-heal|p1a: Jirachi|51/100|[from] item: Leftovers
|upkeep
|turn|42
|
|t:|1596212444
|move|p2a: inch by flinch|U-turn|p1a: Jirachi
|-damage|p1a: Jirachi|36/100
|
|t:|1596212451
|switch|p2a: bizzare star|Starmie|99/100|[from]move: U-turn
|move|p1a: Jirachi|U-turn|p2a: bizzare star
|-supereffective|p2a: bizzare star
|-damage|p2a: bizzare star|53/100
|
|t:|1596212457
|switch|p1a: Blissey|Blissey, F|73/100|[from]move: U-turn
|
|-weather|none
|upkeep
|turn|43
|
|t:|1596212464
|move|p2a: bizzare star|Recover|p2a: bizzare star
|-heal|p2a: bizzare star|100/100
|move|p1a: Blissey|Teleport|p1a: Blissey
|
|t:|1596212466
|switch|p1a: Torkoal|Torkoal, M|19/100|[from]move: Teleport
|-weather|SunnyDay|[from] ability: Drought|[of] p1a: Torkoal
|
|-weather|SunnyDay|[upkeep]
|upkeep
|turn|44
|
|t:|1596212472
|switch|p1a: Blissey|Blissey, F|73/100
|move|p2a: bizzare star|Psyshock|p1a: Blissey
|-damage|p1a: Blissey|48/100
|
|-weather|SunnyDay|[upkeep]
|upkeep
|turn|45
|j| LinusX
|
|t:|1596212479
|switch|p2a: giant tyrant|Tyranitar, M|75/100
|-weather|Sandstorm|[from] ability: Sand Stream|[of] p2a: giant tyrant
|move|p1a: Blissey|Teleport|p1a: Blissey
|inactive|Battle timer is ON: inactive players will automatically lose when time's up. (requested by meow tse tung)
|
|t:|1596212509
|switch|p1a: Jirachi|Jirachi|36/100|[from]move: Teleport
|
|-weather|Sandstorm|[upkeep]
|-heal|p1a: Jirachi|42/100|[from] item: Leftovers
|-heal|p2a: giant tyrant|82/100|[from] item: Leftovers
|upkeep
|turn|46
|
|t:|1596212519
|switch|p2a: mow hoe|Rotom-Mow|100/100
|move|p1a: Jirachi|U-turn|p2a: mow hoe
|-supereffective|p2a: mow hoe
|-damage|p2a: mow hoe|51/100
|
|t:|1596212529
|switch|p1a: Blissey|Blissey, F|48/100|[from]move: U-turn
|
|-weather|Sandstorm|[upkeep]
|-damage|p2a: mow hoe|44/100|[from] Sandstorm
|-damage|p1a: Blissey|42/100|[from] Sandstorm
|upkeep
|turn|47
|
|t:|1596212538
|move|p2a: mow hoe|Volt Switch|p1a: Blissey
|-damage|p1a: Blissey|30/100
|
|t:|1596212542
|switch|p2a: giant tyrant|Tyranitar, M|82/100|[from]move: Volt Switch
|move|p1a: Blissey|Sunny Day|p1a: Blissey
|-weather|SunnyDay
|
|-weather|SunnyDay|[upkeep]
|-heal|p2a: giant tyrant|88/100|[from] item: Leftovers
|upkeep
|turn|48
|
|t:|1596212549
|move|p2a: giant tyrant|Stealth Rock|p1a: Blissey
|-sidestart|p1: Lofu|move: Stealth Rock
|move|p1a: Blissey|Teleport|p1a: Blissey
|
|t:|1596212555
|switch|p1a: Venusaur|Venusaur, F|85/100|[from]move: Teleport
|-damage|p1a: Venusaur|72/100|[from] Stealth Rock
|
|-weather|SunnyDay|[upkeep]
|-heal|p2a: giant tyrant|94/100|[from] item: Leftovers
|upkeep
|turn|49
|
|t:|1596212562
|move|p1a: Venusaur|Growth|p1a: Venusaur
|-boost|p1a: Venusaur|atk|2
|-boost|p1a: Venusaur|spa|2
|move|p2a: giant tyrant|Thunder Wave|p1a: Venusaur|[miss]
|-miss|p2a: giant tyrant|p1a: Venusaur
|
|-weather|SunnyDay|[upkeep]
|-heal|p2a: giant tyrant|99/100|[from] item: Leftovers
|upkeep
|turn|50
|
|t:|1596212570
|switch|p2a: mow hoe|Rotom-Mow|44/100
|move|p1a: Venusaur|Giga Drain|p2a: mow hoe
|-resisted|p2a: mow hoe
|-damage|p2a: mow hoe|0 fnt
|-heal|p1a: Venusaur|90/100|[from] drain|[of] p2a: mow hoe
|-damage|p1a: Venusaur|80/100|[from] item: Life Orb
|faint|p2a: mow hoe
|
|-weather|SunnyDay|[upkeep]
|upkeep
|
|t:|1596212580
|switch|p2a: giant tyrant|Tyranitar, M|99/100
|-weather|Sandstorm|[from] ability: Sand Stream|[of] p2a: giant tyrant
|turn|51
|
|t:|1596212585
|switch|p2a: inch by flinch|Jirachi|91/100
|move|p1a: Venusaur|Giga Drain|p2a: inch by flinch
|-resisted|p2a: inch by flinch
|-damage|p2a: inch by flinch|52/100
|-heal|p1a: Venusaur|100/100|[from] drain|[of] p2a: inch by flinch
|-damage|p1a: Venusaur|91/100|[from] item: Life Orb
|
|-weather|Sandstorm|[upkeep]
|-damage|p1a: Venusaur|85/100|[from] Sandstorm
|upkeep
|turn|52
|l| Hyrule1113
|
|t:|1596212606
|move|p2a: inch by flinch|Iron Head|p1a: Venusaur
|-damage|p1a: Venusaur|45/100
|move|p1a: Venusaur|Giga Drain|p2a: inch by flinch
|-resisted|p2a: inch by flinch
|-damage|p2a: inch by flinch|14/100
|-heal|p1a: Venusaur|70/100|[from] drain|[of] p2a: inch by flinch
|-damage|p1a: Venusaur|60/100|[from] item: Life Orb
|
|-weather|Sandstorm|[upkeep]
|-damage|p1a: Venusaur|54/100|[from] Sandstorm
|upkeep
|turn|53
|
|t:|1596212617
|switch|p1a: Charizard|Charizard, M|16/100
|-damage|p1a: Charizard|0 fnt|[from] Stealth Rock
|faint|p1a: Charizard
|move|p2a: inch by flinch|Iron Head|p1: Charizard|[notarget]
|-fail|p2a: inch by flinch
|
|-weather|Sandstorm|[upkeep]
|upkeep
|
|t:|1596212623
|switch|p1a: Jirachi|Jirachi|42/100
|-damage|p1a: Jirachi|36/100|[from] Stealth Rock
|turn|54
|
|t:|1596212630
|switch|p2a: bizzare star|Starmie|100/100
|move|p1a: Jirachi|U-turn|p2a: bizzare star
|-supereffective|p2a: bizzare star
|-damage|p2a: bizzare star|55/100
|
|t:|1596212635
|switch|p1a: Blissey|Blissey, F|30/100|[from]move: U-turn
|
|-weather|Sandstorm|[upkeep]
|-damage|p2a: bizzare star|49/100|[from] Sandstorm
|-damage|p1a: Blissey|24/100|[from] Sandstorm
|upkeep
|turn|55
|
|t:|1596212646
|move|p2a: bizzare star|Psyshock|p1a: Blissey
|-damage|p1a: Blissey|0 fnt
|faint|p1a: Blissey
|
|-weather|none
|upkeep
|j| Hyrule1113
|
|t:|1596212652
|switch|p1a: Jirachi|Jirachi|36/100
|-damage|p1a: Jirachi|30/100|[from] Stealth Rock
|turn|56
|c|☆meow tse tung|gg
|
|t:|1596212660
|move|p2a: bizzare star|Recover|p2a: bizzare star
|-heal|p2a: bizzare star|99/100
|move|p1a: Jirachi|Healing Wish|p1a: Jirachi
|faint|p1a: Jirachi
|
|upkeep
|
|t:|1596212663
|switch|p1a: Torkoal|Torkoal, M|19/100
|-heal|p1a: Torkoal|100/100|[from] move: Healing Wish
|-damage|p1a: Torkoal|76/100|[from] Stealth Rock
|-weather|SunnyDay|[from] ability: Drought|[of] p1a: Torkoal
|turn|57
|
|t:|1596212671
|switch|p2a: giant tyrant|Tyranitar, M|99/100
|-weather|Sandstorm|[from] ability: Sand Stream|[of] p2a: giant tyrant
|move|p1a: Torkoal|Toxic|p2a: giant tyrant
|-status|p2a: giant tyrant|tox
|
|-weather|Sandstorm|[upkeep]
|-damage|p1a: Torkoal|70/100|[from] Sandstorm
|-heal|p2a: giant tyrant|100/100 tox|[from] item: Leftovers
|-damage|p2a: giant tyrant|94/100 tox|[from] psn
|upkeep
|turn|58
|
|t:|1596212679
|move|p2a: giant tyrant|Stone Edge|p1a: Torkoal|[miss]
|-miss|p2a: giant tyrant|p1a: Torkoal
|move|p1a: Torkoal|Stealth Rock|p2a: giant tyrant
|-sidestart|p2: meow tse tung|move: Stealth Rock
|
|-weather|Sandstorm|[upkeep]
|-damage|p1a: Torkoal|63/100|[from] Sandstorm
|-heal|p2a: giant tyrant|100/100 tox|[from] item: Leftovers
|-damage|p2a: giant tyrant|88/100 tox|[from] psn
|upkeep
|turn|59
|j| tester kk
|
|t:|1596212690
|move|p2a: giant tyrant|Stone Edge|p1a: Torkoal|[miss]
|-miss|p2a: giant tyrant|p1a: Torkoal
|move|p1a: Torkoal|Rapid Spin|p2a: giant tyrant
|-resisted|p2a: giant tyrant
|-damage|p2a: giant tyrant|85/100 tox
|-boost|p1a: Torkoal|spe|1
|-sideend|p1: Lofu|Stealth Rock|[from] move: Rapid Spin|[of] p1a: Torkoal
|
|-weather|Sandstorm|[upkeep]
|-damage|p1a: Torkoal|57/100|[from] Sandstorm
|-heal|p2a: giant tyrant|91/100 tox|[from] item: Leftovers
|-damage|p2a: giant tyrant|73/100 tox|[from] psn
|upkeep
|turn|60
|
|t:|1596212714
|move|p2a: giant tyrant|Stone Edge|p1a: Torkoal
|-supereffective|p1a: Torkoal
|-damage|p1a: Torkoal|0 fnt
|faint|p1a: Torkoal
|
|-weather|Sandstorm|[upkeep]
|-heal|p2a: giant tyrant|79/100 tox|[from] item: Leftovers
|-damage|p2a: giant tyrant|54/100 tox|[from] psn
|upkeep
|
|t:|1596212717
|switch|p1a: Venusaur|Venusaur, F|54/100
|turn|61
|
|t:|1596212724
|move|p1a: Venusaur|Giga Drain|p2a: giant tyrant
|-supereffective|p2a: giant tyrant
|-damage|p2a: giant tyrant|5/100 tox
|-heal|p1a: Venusaur|87/100|[from] drain|[of] p2a: giant tyrant
|-damage|p1a: Venusaur|77/100|[from] item: Life Orb
|move|p2a: giant tyrant|Crunch|p1a: Venusaur
|-damage|p1a: Venusaur|16/100
|
|-weather|none
|-heal|p2a: giant tyrant|11/100 tox|[from] item: Leftovers
|-damage|p2a: giant tyrant|0 fnt|[from] psn
|faint|p2a: giant tyrant
|upkeep
|c|☆Lofu|gg
|
|t:|1596212733
|switch|p2a: inch by flinch|Jirachi|14/100
|-damage|p2a: inch by flinch|8/100|[from] Stealth Rock
|turn|62
|
|t:|1596212736
|move|p2a: inch by flinch|Iron Head|p1a: Venusaur
|-damage|p1a: Venusaur|0 fnt
|faint|p1a: Venusaur
|
|win|meow tse tung
|l|☆Lofu
