|j|☆Lnua
|j|☆Kairak
|player|p1|Lnua|misty-gen2|1410
|player|p2|Kairak|hiker-gen4|1314
|teamsize|p1|6
|teamsize|p2|6
|gametype|singles
|gen|8
|tier|[Gen 8] UU
|rated|
|clearpoke
|poke|p1|Noivern, F|
|poke|p1|Rhyperior, F|
|poke|p1|Sylveon, M|
|poke|p1|Reuniclus, M|
|poke|p1|Milotic, M|
|poke|p1|Cobalion|
|poke|p2|Machamp, M|
|poke|p2|Incineroar, F|
|poke|p2|Gardevoir, F|
|poke|p2|Mantine, M|
|poke|p2|Flygon, F|
|poke|p2|Gigalith, F|
|rule|Sleep Clause Mod: Limit one foe put to sleep
|rule|Species Clause: Limit one of each Pokémon
|rule|OHKO Clause: OHKO moves are banned
|rule|Evasion Moves Clause: Evasion moves are banned
|rule|Endless Battle Clause: Forcing endless battles is banned
|rule|HP Percentage Mod: HP is shown in percentages
|rule|Dynamax Clause: You cannot dynamax
|teampreview
|j| warzoid
|j| geotal
|j| PrawnCrackerzz
|inactive|Battle timer is ON: inactive players will automatically lose when time's up. (requested by Kairak)
|c| geotal|Kairak
|c| geotal|Good player
|c|☆Lnua|is this the one that
|c| warzoid|i agree
|c|☆Lnua|uses dbunch
|c|☆Lnua|dpunch
|c|☆Lnua|geo
|inactive|Lnua has 120 seconds left.
|
|start
|switch|p1a: yawn|Sylveon, M|100/100
|switch|p2a: Gardevoir|Gardevoir, F|100/100
|-ability|p2a: Gardevoir|Pixilate|[from] ability: Trace|[of] p1a: yawn
|turn|1
|l| geotal
|j| geotal
|
|move|p2a: Gardevoir|Moonblast|p1a: yawn
|-damage|p1a: yawn|50/100
|move|p1a: yawn|Hyper Voice|p2a: Gardevoir
|-crit|p2a: Gardevoir
|-damage|p2a: Gardevoir|37/100
|
|-heal|p1a: yawn|56/100|[from] item: Leftovers
|upkeep
|turn|2
|
|switch|p1a: Reuniclus|Reuniclus, M|100/100
|move|p2a: Gardevoir|Moonblast|p1a: Reuniclus
|-damage|p1a: Reuniclus|71/100
|-unboost|p1a: Reuniclus|spa|1
|
|upkeep
|turn|3
|c| geotal|Idk
|c|☆Lnua|ok
|
|move|p2a: Gardevoir|Moonblast|p1a: Reuniclus
|-damage|p1a: Reuniclus|39/100
|move|p1a: Reuniclus|Knock Off|p2a: Gardevoir
|-crit|p2a: Gardevoir
|-damage|p2a: Gardevoir|0 fnt
|-enditem|p2a: Gardevoir|Choice Specs|[from] move: Knock Off|[of] p1a: Reuniclus
|faint|p2a: Gardevoir
|
|upkeep
|
|switch|p2a: Machamp|Machamp, M|100/100
|turn|4
|
|switch|p1a: Noivern|Noivern, F|100/100
|-item|p2a: Machamp|Flame Orb|[from] ability: Frisk|[of] p1a: Noivern|[identify]
|move|p2a: Machamp|Knock Off|p1a: Noivern
|-damage|p1a: Noivern|55/100
|-enditem|p1a: Noivern|Heavy-Duty Boots|[from] move: Knock Off|[of] p2a: Machamp
|
|-status|p2a: Machamp|brn|[from] item: Flame Orb
|upkeep
|turn|5
|c| warzoid|nice reuni set
|c|☆Lnua|ty
|
|switch|p2a: Gigalith|Gigalith, F|100/100
|-weather|Sandstorm|[from] ability: Sand Stream|[of] p2a: Gigalith
|move|p1a: Noivern|Draco Meteor|p2a: Gigalith
|-damage|p2a: Gigalith|71/100
|-unboost|p1a: Noivern|spa|2
|
|-weather|Sandstorm|[upkeep]
|-damage|p1a: Noivern|49/100|[from] Sandstorm
|-heal|p2a: Gigalith|77/100|[from] item: Leftovers
|upkeep
|turn|6
|
|switch|p1a: Cobalion|Cobalion|100/100
|move|p2a: Gigalith|Rock Blast|p1a: Cobalion
|-resisted|p1a: Cobalion
|-damage|p1a: Cobalion|98/100
|-resisted|p1a: Cobalion
|-damage|p1a: Cobalion|95/100
|-resisted|p1a: Cobalion
|-damage|p1a: Cobalion|93/100
|-hitcount|p1a: Cobalion|3
|
|-weather|Sandstorm|[upkeep]
|-heal|p1a: Cobalion|99/100|[from] item: Leftovers
|-heal|p2a: Gigalith|83/100|[from] item: Leftovers
|upkeep
|turn|7
|
|move|p1a: Cobalion|Magnet Rise|p1a: Cobalion
|-start|p1a: Cobalion|Magnet Rise
|move|p2a: Gigalith|Stealth Rock|p1a: Cobalion
|-sidestart|p1: Lnua|move: Stealth Rock
|
|-weather|Sandstorm|[upkeep]
|-heal|p1a: Cobalion|100/100|[from] item: Leftovers
|-heal|p2a: Gigalith|89/100|[from] item: Leftovers
|upkeep
|turn|8
|
|switch|p2a: Mantine|Mantine, M|100/100
|move|p1a: Cobalion|Swords Dance|p1a: Cobalion
|-boost|p1a: Cobalion|atk|2
|
|-weather|Sandstorm|[upkeep]
|-damage|p2a: Mantine|94/100|[from] Sandstorm
|upkeep
|turn|9
|
|switch|p1a: Reuniclus|Reuniclus, M|73/100
|-damage|p1a: Reuniclus|60/100|[from] Stealth Rock
|move|p2a: Mantine|Scald|p1a: Reuniclus
|-damage|p1a: Reuniclus|51/100
|
|-weather|none
|upkeep
|turn|10
|
|move|p2a: Mantine|Toxic|p1a: Reuniclus
|-status|p1a: Reuniclus|tox
|move|p1a: Reuniclus|Future Sight|p2a: Mantine
|-start|p1a: Reuniclus|move: Future Sight
|
|-damage|p1a: Reuniclus|45/100 tox|[from] psn
|upkeep
|turn|11
|
|switch|p1a: yawn|Sylveon, M|56/100
|-damage|p1a: yawn|44/100|[from] Stealth Rock
|move|p2a: Mantine|Scald|p1a: yawn
|-damage|p1a: yawn|27/100
|
|-heal|p1a: yawn|33/100|[from] item: Leftovers
|upkeep
|turn|12
|
|move|p2a: Mantine|Toxic|p1a: yawn
|-status|p1a: yawn|tox
|move|p1a: yawn|Calm Mind|p1a: yawn
|-boost|p1a: yawn|spa|1
|-boost|p1a: yawn|spd|1
|
|-end|p2a: Mantine|move: Future Sight
|-damage|p2a: Mantine|61/100
|-heal|p1a: yawn|39/100 tox|[from] item: Leftovers
|-damage|p1a: yawn|33/100 tox|[from] psn
|upkeep
|turn|13
|
|switch|p2a: Gigalith|Gigalith, F|89/100
|-weather|Sandstorm|[from] ability: Sand Stream|[of] p2a: Gigalith
|move|p1a: yawn|Rest|p1a: yawn
|-status|p1a: yawn|slp|[from] move: Rest
|-heal|p1a: yawn|100/100 slp|[silent]
|
|-weather|Sandstorm|[upkeep]
|-damage|p1a: yawn|94/100 slp|[from] Sandstorm
|-heal|p1a: yawn|100/100 slp|[from] item: Leftovers
|-heal|p2a: Gigalith|95/100|[from] item: Leftovers
|upkeep
|turn|14
|
|cant|p1a: yawn|slp
|move|p1a: yawn|Snore|p2a: Gigalith
|-damage|p2a: Gigalith|75/100
|cant|p2a: Gigalith|flinch
|
|-weather|Sandstorm|[upkeep]
|-damage|p1a: yawn|94/100 slp|[from] Sandstorm
|-heal|p1a: yawn|100/100 slp|[from] item: Leftovers
|-heal|p2a: Gigalith|81/100|[from] item: Leftovers
|upkeep
|turn|15
|
|cant|p1a: yawn|slp
|move|p1a: yawn|Snore|p2a: Gigalith
|-damage|p2a: Gigalith|62/100
|cant|p2a: Gigalith|flinch
|
|-weather|Sandstorm|[upkeep]
|-damage|p1a: yawn|94/100 slp|[from] Sandstorm
|-heal|p1a: yawn|100/100 slp|[from] item: Leftovers
|-heal|p2a: Gigalith|68/100|[from] item: Leftovers
|upkeep
|turn|16
|
|-curestatus|p1a: yawn|slp|[msg]
|move|p1a: yawn|Hyper Voice|p2a: Gigalith
|-damage|p2a: Gigalith|32/100
|move|p2a: Gigalith|Earthquake|p1a: yawn
|-damage|p1a: yawn|73/100
|
|-weather|Sandstorm|[upkeep]
|-damage|p1a: yawn|67/100|[from] Sandstorm
|-heal|p1a: yawn|73/100|[from] item: Leftovers
|-heal|p2a: Gigalith|38/100|[from] item: Leftovers
|upkeep
|turn|17
|
|move|p1a: yawn|Calm Mind|p1a: yawn
|-boost|p1a: yawn|spa|1
|-boost|p1a: yawn|spd|1
|move|p2a: Gigalith|Earthquake|p1a: yawn
|-damage|p1a: yawn|47/100
|
|-weather|none
|-heal|p1a: yawn|53/100|[from] item: Leftovers
|-heal|p2a: Gigalith|44/100|[from] item: Leftovers
|upkeep
|turn|18
|
|move|p1a: yawn|Calm Mind|p1a: yawn
|-boost|p1a: yawn|spa|1
|-boost|p1a: yawn|spd|1
|move|p2a: Gigalith|Earthquake|p1a: yawn
|-damage|p1a: yawn|28/100
|
|-heal|p1a: yawn|34/100|[from] item: Leftovers
|-heal|p2a: Gigalith|50/100|[from] item: Leftovers
|upkeep
|turn|19
|
|switch|p2a: Machamp|Machamp, M|100/100 brn
|move|p1a: yawn|Rest|p1a: yawn
|-status|p1a: yawn|slp|[from] move: Rest
|-heal|p1a: yawn|100/100 slp|[silent]
|
|-damage|p2a: Machamp|94/100 brn|[from] brn
|upkeep
|turn|20
|
|move|p2a: Machamp|Facade|p1a: yawn
|-damage|p1a: yawn|38/100 slp
|cant|p1a: yawn|slp
|move|p1a: yawn|Snore|p2a: Machamp
|-supereffective|p2a: Machamp
|-damage|p2a: Machamp|0 fnt
|faint|p2a: Machamp
|
|-heal|p1a: yawn|44/100 slp|[from] item: Leftovers
|upkeep
|
|switch|p2a: Incineroar|Incineroar, F|100/100
|-ability|p2a: Incineroar|Intimidate|boost
|-unboost|p1a: yawn|atk|1
|turn|21
|
|switch|p1a: Rhyperior|Rhyperior, F|100/100
|-damage|p1a: Rhyperior|94/100|[from] Stealth Rock
|move|p2a: Incineroar|Flare Blitz|p1a: Rhyperior
|-resisted|p1a: Rhyperior
|-damage|p1a: Rhyperior|81/100
|-damage|p2a: Incineroar|96/100|[from] Recoil
|
|-heal|p1a: Rhyperior|87/100|[from] item: Leftovers
|upkeep
|turn|22
|
|move|p2a: Incineroar|Will-O-Wisp|p1a: Rhyperior
|-status|p1a: Rhyperior|brn
|move|p1a: Rhyperior|Stealth Rock|p2a: Incineroar
|-sidestart|p2: Kairak|move: Stealth Rock
|
|-heal|p1a: Rhyperior|93/100 brn|[from] item: Leftovers
|-damage|p1a: Rhyperior|87/100 brn|[from] brn
|upkeep
|turn|23
|
|move|p2a: Incineroar|Parting Shot|p1a: Rhyperior
|-unboost|p1a: Rhyperior|atk|1
|-unboost|p1a: Rhyperior|spa|1
|
|switch|p2a: Flygon|Flygon, F|100/100|[from]move: Parting Shot
|-damage|p2a: Flygon|95/100|[from] Stealth Rock
|move|p1a: Rhyperior|Toxic|p2a: Flygon|[miss]
|-miss|p1a: Rhyperior|p2a: Flygon
|
|-heal|p1a: Rhyperior|93/100 brn|[from] item: Leftovers
|-damage|p1a: Rhyperior|87/100 brn|[from] brn
|upkeep
|turn|24
|
|move|p2a: Flygon|U-turn|p1a: Rhyperior
|-damage|p1a: Rhyperior|74/100 brn
|
|switch|p2a: Mantine|Mantine, M|61/100|[from]move: U-turn
|move|p1a: Rhyperior|Toxic|p2a: Mantine
|-status|p2a: Mantine|tox
|
|-heal|p1a: Rhyperior|80/100 brn|[from] item: Leftovers
|-damage|p2a: Mantine|55/100 tox|[from] psn
|-damage|p1a: Rhyperior|74/100 brn|[from] brn
|upkeep
|turn|25
|
|switch|p1a: Reuniclus|Reuniclus, M|78/100 tox
|-damage|p1a: Reuniclus|66/100 tox|[from] Stealth Rock
|move|p2a: Mantine|Roost|p2a: Mantine
|-heal|p2a: Mantine|100/100 tox
|-singleturn|p2a: Mantine|move: Roost
|
|-damage|p2a: Mantine|88/100 tox|[from] psn
|-damage|p1a: Reuniclus|60/100 tox|[from] psn
|upkeep
|turn|26
|
|switch|p2a: Gigalith|Gigalith, F|50/100
|-damage|p2a: Gigalith|38/100|[from] Stealth Rock
|-weather|Sandstorm|[from] ability: Sand Stream|[of] p2a: Gigalith
|move|p1a: Reuniclus|Future Sight|p2a: Gigalith
|-start|p1a: Reuniclus|move: Future Sight
|
|-weather|Sandstorm|[upkeep]
|-damage|p1a: Reuniclus|54/100 tox|[from] Sandstorm
|-heal|p2a: Gigalith|44/100|[from] item: Leftovers
|-damage|p1a: Reuniclus|41/100 tox|[from] psn
|upkeep
|turn|27
|
|switch|p1a: Milotic|Milotic, M|100/100
|-damage|p1a: Milotic|88/100|[from] Stealth Rock
|move|p2a: Gigalith|Earthquake|p1a: Milotic
|-damage|p1a: Milotic|61/100
|
|-weather|Sandstorm|[upkeep]
|-damage|p1a: Milotic|55/100|[from] Sandstorm
|-heal|p1a: Milotic|61/100|[from] item: Leftovers
|-heal|p2a: Gigalith|50/100|[from] item: Leftovers
|upkeep
|turn|28
|
|switch|p2a: Mantine|Mantine, M|88/100 tox
|move|p1a: Milotic|Recover|p1a: Milotic
|-heal|p1a: Milotic|100/100
|
|-weather|Sandstorm|[upkeep]
|-damage|p1a: Milotic|94/100|[from] Sandstorm
|-damage|p2a: Mantine|82/100 tox|[from] Sandstorm
|-end|p2a: Mantine|move: Future Sight
|-damage|p2a: Mantine|50/100 tox
|-heal|p1a: Milotic|100/100|[from] item: Leftovers
|-damage|p2a: Mantine|44/100 tox|[from] psn
|upkeep
|turn|29
|
|switch|p1a: Reuniclus|Reuniclus, M|75/100 tox
|-damage|p1a: Reuniclus|62/100 tox|[from] Stealth Rock
|move|p2a: Mantine|Roost|p2a: Mantine
|-heal|p2a: Mantine|94/100 tox
|-singleturn|p2a: Mantine|move: Roost
|
|-weather|Sandstorm|[upkeep]
|-damage|p2a: Mantine|88/100 tox|[from] Sandstorm
|-damage|p1a: Reuniclus|56/100 tox|[from] Sandstorm
|-damage|p2a: Mantine|75/100 tox|[from] psn
|-damage|p1a: Reuniclus|50/100 tox|[from] psn
|upkeep
|turn|30
|
|switch|p2a: Incineroar|Incineroar, F|96/100
|-ability|p2a: Incineroar|Intimidate|boost
|-unboost|p1a: Reuniclus|atk|1
|move|p1a: Reuniclus|Knock Off|p2a: Incineroar
|-resisted|p2a: Incineroar
|-damage|p2a: Incineroar|91/100
|-enditem|p2a: Incineroar|Heavy-Duty Boots|[from] move: Knock Off|[of] p1a: Reuniclus
|
|-weather|none
|-damage|p1a: Reuniclus|38/100 tox|[from] psn
|upkeep
|turn|31
|
|switch|p1a: Rhyperior|Rhyperior, F|74/100 brn
|-damage|p1a: Rhyperior|67/100 brn|[from] Stealth Rock
|move|p2a: Incineroar|Knock Off|p1a: Rhyperior
|-damage|p1a: Rhyperior|44/100 brn
|-enditem|p1a: Rhyperior|Leftovers|[from] move: Knock Off|[of] p2a: Incineroar
|
|-damage|p1a: Rhyperior|37/100 brn|[from] brn
|upkeep
|turn|32
|
|move|p2a: Incineroar|Parting Shot|p1a: Rhyperior
|-unboost|p1a: Rhyperior|atk|1
|-unboost|p1a: Rhyperior|spa|1
|
|switch|p2a: Flygon|Flygon, F|95/100|[from]move: Parting Shot
|-damage|p2a: Flygon|89/100|[from] Stealth Rock
|move|p1a: Rhyperior|Stone Edge|p2a: Flygon|[miss]
|-miss|p1a: Rhyperior|p2a: Flygon
|
|-damage|p1a: Rhyperior|31/100 brn|[from] brn
|upkeep
|turn|33
|
|move|p2a: Flygon|U-turn|p1a: Rhyperior
|-damage|p1a: Rhyperior|17/100 brn
|
|switch|p2a: Mantine|Mantine, M|75/100 tox|[from]move: U-turn
|move|p1a: Rhyperior|Toxic|p2a: Mantine
|-fail|p2a: Mantine|tox
|
|-damage|p2a: Mantine|69/100 tox|[from] psn
|-damage|p1a: Rhyperior|11/100 brn|[from] brn
|upkeep
|turn|34
|
|switch|p1a: Reuniclus|Reuniclus, M|71/100 tox
|-damage|p1a: Reuniclus|59/100 tox|[from] Stealth Rock
|move|p2a: Mantine|Toxic|p1a: Reuniclus
|-fail|p1a: Reuniclus|tox
|
|-damage|p2a: Mantine|57/100 tox|[from] psn
|-damage|p1a: Reuniclus|53/100 tox|[from] psn
|upkeep
|turn|35
|
|move|p2a: Mantine|Scald|p1a: Reuniclus
|-damage|p1a: Reuniclus|43/100 tox
|move|p1a: Reuniclus|Future Sight|p2a: Mantine
|-start|p1a: Reuniclus|move: Future Sight
|
|-damage|p2a: Mantine|38/100 tox|[from] psn
|-damage|p1a: Reuniclus|30/100 tox|[from] psn
|upkeep
|turn|36
|
|switch|p1a: Rhyperior|Rhyperior, F|11/100 brn
|-damage|p1a: Rhyperior|5/100 brn|[from] Stealth Rock
|move|p2a: Mantine|Roost|p2a: Mantine
|-heal|p2a: Mantine|88/100 tox
|-singleturn|p2a: Mantine|move: Roost
|
|-damage|p2a: Mantine|64/100 tox|[from] psn
|-damage|p1a: Rhyperior|0 fnt|[from] brn
|faint|p1a: Rhyperior
|upkeep
|
|switch|p1a: yawn|Sylveon, M|44/100 slp
|-damage|p1a: yawn|31/100 slp|[from] Stealth Rock
|turn|37
|
|switch|p2a: Incineroar|Incineroar, F|91/100
|-damage|p2a: Incineroar|66/100|[from] Stealth Rock
|-ability|p2a: Incineroar|Intimidate|boost
|-unboost|p1a: yawn|atk|1
|cant|p1a: yawn|slp
|move|p1a: yawn|Snore|p2a: Incineroar
|-damage|p2a: Incineroar|47/100
|
|-end|p2a: Incineroar|move: Future Sight
|-immune|p2a: Incineroar
|-heal|p1a: yawn|37/100 slp|[from] item: Leftovers
|upkeep
|turn|38
|
|switch|p1a: Milotic|Milotic, M|100/100
|-damage|p1a: Milotic|88/100|[from] Stealth Rock
|move|p2a: Incineroar|Knock Off|p1a: Milotic
|-damage|p1a: Milotic|57/100
|-enditem|p1a: Milotic|Leftovers|[from] move: Knock Off|[of] p2a: Incineroar
|
|upkeep
|turn|39
|
|move|p1a: Milotic|Recover|p1a: Milotic
|-heal|p1a: Milotic|100/100
|move|p2a: Incineroar|Parting Shot|p1a: Milotic
|-unboost|p1a: Milotic|atk|1
|-unboost|p1a: Milotic|spa|1
|
|switch|p2a: Mantine|Mantine, M|64/100 tox|[from]move: Parting Shot
|
|-damage|p2a: Mantine|58/100 tox|[from] psn
|upkeep
|turn|40
|
|switch|p1a: Reuniclus|Reuniclus, M|64/100 tox
|-damage|p1a: Reuniclus|51/100 tox|[from] Stealth Rock
|switch|p2a: Incineroar|Incineroar, F|47/100
|-damage|p2a: Incineroar|22/100|[from] Stealth Rock
|-ability|p2a: Incineroar|Intimidate|boost
|-unboost|p1a: Reuniclus|atk|1
|
|-damage|p1a: Reuniclus|45/100 tox|[from] psn
|upkeep
|turn|41
|
|switch|p1a: Milotic|Milotic, M|100/100
|-damage|p1a: Milotic|88/100|[from] Stealth Rock
|move|p2a: Incineroar|Flare Blitz|p1a: Milotic
|-resisted|p1a: Milotic
|-damage|p1a: Milotic|70/100
|-status|p1a: Milotic|brn
|-damage|p2a: Incineroar|16/100|[from] Recoil
|
|-damage|p1a: Milotic|64/100 brn|[from] brn
|upkeep
|turn|42
|
|switch|p2a: Mantine|Mantine, M|58/100 tox
|move|p1a: Milotic|Recover|p1a: Milotic
|-heal|p1a: Milotic|100/100 brn
|
|-damage|p1a: Milotic|94/100 brn|[from] brn
|-damage|p2a: Mantine|52/100 tox|[from] psn
|upkeep
|turn|43
|
|switch|p1a: Reuniclus|Reuniclus, M|79/100 tox
|-damage|p1a: Reuniclus|66/100 tox|[from] Stealth Rock
|move|p2a: Mantine|Roost|p2a: Mantine
|-heal|p2a: Mantine|100/100 tox
|-singleturn|p2a: Mantine|move: Roost
|
|-damage|p2a: Mantine|88/100 tox|[from] psn
|-damage|p1a: Reuniclus|60/100 tox|[from] psn
|upkeep
|turn|44
|
|move|p2a: Mantine|Scald|p1a: Reuniclus
|-damage|p1a: Reuniclus|51/100 tox
|move|p1a: Reuniclus|Future Sight|p2a: Mantine
|-start|p1a: Reuniclus|move: Future Sight
|
|-damage|p2a: Mantine|70/100 tox|[from] psn
|-damage|p1a: Reuniclus|39/100 tox|[from] psn
|upkeep
|turn|45
|
|switch|p2a: Incineroar|Incineroar, F|16/100
|-damage|p2a: Incineroar|0 fnt|[from] Stealth Rock
|faint|p2a: Incineroar
|move|p1a: Reuniclus|Psychic|p2: Incineroar|[notarget]
|-fail|p1a: Reuniclus
|
|-damage|p1a: Reuniclus|20/100 tox|[from] psn
|upkeep
|
|switch|p2a: Gigalith|Gigalith, F|50/100
|-damage|p2a: Gigalith|38/100|[from] Stealth Rock
|-weather|Sandstorm|[from] ability: Sand Stream|[of] p2a: Gigalith
|turn|46
|
|switch|p1a: Milotic|Milotic, M|94/100 brn
|-damage|p1a: Milotic|82/100 brn|[from] Stealth Rock
|move|p2a: Gigalith|Earthquake|p1a: Milotic
|-damage|p1a: Milotic|63/100 brn
|
|-weather|Sandstorm|[upkeep]
|-damage|p1a: Milotic|57/100 brn|[from] Sandstorm
|-end|p2a: Gigalith|move: Future Sight
|-damage|p2a: Gigalith|12/100
|-heal|p2a: Gigalith|18/100|[from] item: Leftovers
|-damage|p1a: Milotic|51/100 brn|[from] brn
|upkeep
|turn|47
|c|☆Kairak|least no 6-0, gg wp
|-message|Kairak forfeited.
|
|win|Lnua
|c| geotal|Youve used lije 2 koves oj each moj
|l|☆Kairak
|c|☆Lnua|gg
|raw|Lnua's rating: 1410 &rarr; <strong>1425</strong><br />(+15 for winning)
|raw|Kairak's rating: 1314 &rarr; <strong>1299</strong><br />(-15 for losing)
|c|☆Lnua|oh
|c|☆Lnua|I had
|c|☆Lnua|I only have 2 moves one each!
|j|☆Kairak
|player|p2|Kairak|hiker-gen4
|c| geotal|Rly
|c|☆Lnua|no lol
|c| geotal|O
|l| geotal
|c|☆Lnua|O
