|j|☆EliotEnRetar
|j|☆Hydreigon > Latias
|t:|1651494576
|gametype|singles
|player|p1|EliotEnRetar|falkner|1433
|player|p2|Hydreigon > Latias|guitarist|1411
|teamsize|p1|6
|teamsize|p2|6
|gen|8
|tier|[Gen 8] UU
|rated|
|rule|Sleep Clause Mod: Limit one foe put to sleep
|rule|Species Clause: Limit one of each Pokémon
|rule|OHKO Clause: OHKO moves are banned
|rule|Evasion Moves Clause: Evasion moves are banned
|rule|Endless Battle Clause: Forcing endless battles is banned
|rule|HP Percentage Mod: HP is shown in percentages
|rule|Dynamax Clause: You cannot dynamax
|clearpoke
|poke|p1|Darmanitan, M|
|poke|p1|Zygarde-10%|
|poke|p1|Rotom-Wash|
|poke|p1|Jirachi|
|poke|p1|Drapion, M|
|poke|p1|Tapu Bulu|
|poke|p2|Hydreigon, M|
|poke|p2|Skarmory, F|
|poke|p2|Hippowdon, F|
|poke|p2|Scizor, F|
|poke|p2|Azumarill, F|
|poke|p2|Tapu Bulu|
|teampreview
|
|t:|1651494632
|start
|switch|p1a: Kool Monke|Darmanitan, M|100/100
|switch|p2a: Azumarill|Azumarill, F|100/100
|turn|1
|
|t:|1651494638
|switch|p1a: Cauet Burger|Rotom-Wash|100/100
|move|p2a: Azumarill|Knock Off|p1a: Cauet Burger
|-damage|p1a: Cauet Burger|67/100
|-enditem|p1a: Cauet Burger|Leftovers|[from] move: Knock Off|[of] p2a: Azumarill
|
|upkeep
|turn|2
|
|t:|1651494644
|switch|p2a: Hydreigon|Hydreigon, M|100/100
|move|p1a: Cauet Burger|Volt Switch|p2a: Hydreigon
|-resisted|p2a: Hydreigon
|-damage|p2a: Hydreigon|86/100
|
|t:|1651494648
|switch|p1a: Jirachi|Jirachi|100/100|[from]move: Volt Switch
|
|-heal|p2a: Hydreigon|92/100|[from] item: Leftovers
|upkeep
|turn|3
|
|t:|1651494655
|move|p1a: Jirachi|U-turn|p2a: Hydreigon
|-supereffective|p2a: Hydreigon
|-crit|p2a: Hydreigon
|-damage|p2a: Hydreigon|21/100
|
|t:|1651494658
|switch|p1a: Tapu Bulu|Tapu Bulu|100/100|[from]move: U-turn
|-fieldstart|move: Grassy Terrain|[from] ability: Grassy Surge|[of] p1a: Tapu Bulu
|move|p2a: Hydreigon|Dark Pulse|p1a: Tapu Bulu
|-resisted|p1a: Tapu Bulu
|-damage|p1a: Tapu Bulu|78/100
|
|-heal|p2a: Hydreigon|27/100|[from] item: Leftovers
|-heal|p1a: Tapu Bulu|84/100|[from] Grassy Terrain
|upkeep
|turn|4
|
|t:|1651494667
|switch|p2a: Skarmory|Skarmory, F|100/100
|move|p1a: Tapu Bulu|Nature's Madness|p2a: Skarmory
|-damage|p2a: Skarmory|50/100
|
|-heal|p1a: Tapu Bulu|90/100|[from] Grassy Terrain
|upkeep
|turn|5
|
|t:|1651494679
|switch|p1a: Kool Monke|Darmanitan, M|100/100
|switch|p2a: Hydreigon|Hydreigon, M|27/100
|
|-heal|p2a: Hydreigon|33/100|[from] item: Leftovers
|upkeep
|turn|6
|
|t:|1651494684
|switch|p2a: Hippowdon|Hippowdon, F|100/100
|-weather|Sandstorm|[from] ability: Sand Stream|[of] p2a: Hippowdon
|switch|p1a: Tapu Bulu|Tapu Bulu|90/100
|
|-weather|Sandstorm|[upkeep]
|-damage|p1a: Tapu Bulu|84/100|[from] Sandstorm
|-heal|p1a: Tapu Bulu|90/100|[from] Grassy Terrain
|upkeep
|turn|7
|
|t:|1651494690
|switch|p2a: Scizor|Scizor, F|100/100
|move|p1a: Tapu Bulu|Horn Leech|p2a: Scizor
|-resisted|p2a: Scizor
|-damage|p2a: Scizor|91/100
|-heal|p1a: Tapu Bulu|95/100|[from] drain|[of] p2a: Scizor
|
|-weather|Sandstorm|[upkeep]
|-damage|p1a: Tapu Bulu|89/100|[from] Sandstorm
|-heal|p1a: Tapu Bulu|95/100|[from] Grassy Terrain
|-heal|p2a: Scizor|97/100|[from] Grassy Terrain
|-fieldend|move: Grassy Terrain
|upkeep
|turn|8
|
|t:|1651494698
|switch|p1a: Cauet Burger|Rotom-Wash|67/100
|move|p2a: Scizor|Knock Off|p1a: Cauet Burger
|-damage|p1a: Cauet Burger|49/100
|
|-weather|Sandstorm|[upkeep]
|-damage|p1a: Cauet Burger|43/100|[from] Sandstorm
|upkeep
|turn|9
|
|t:|1651494703
|switch|p2a: Hydreigon|Hydreigon, M|33/100
|move|p1a: Cauet Burger|Volt Switch|p2a: Hydreigon
|-resisted|p2a: Hydreigon
|-damage|p2a: Hydreigon|17/100
|
|t:|1651494705
|switch|p1a: Jirachi|Jirachi|100/100|[from]move: Volt Switch
|
|-weather|Sandstorm|[upkeep]
|-damage|p2a: Hydreigon|11/100|[from] Sandstorm
|-heal|p2a: Hydreigon|17/100|[from] item: Leftovers
|upkeep
|turn|10
|
|t:|1651494734
|switch|p2a: Hippowdon|Hippowdon, F|100/100
|move|p1a: Jirachi|U-turn|p2a: Hippowdon
|-damage|p2a: Hippowdon|87/100
|-damage|p1a: Jirachi|84/100|[from] item: Rocky Helmet|[of] p2a: Hippowdon
|
|t:|1651494746
|switch|p1a: Cauet Burger|Rotom-Wash|43/100|[from]move: U-turn
|
|-weather|none
|upkeep
|turn|11
|
|t:|1651494757
|move|p1a: Cauet Burger|Will-O-Wisp|p2a: Hippowdon|[miss]
|-miss|p1a: Cauet Burger|p2a: Hippowdon
|move|p2a: Hippowdon|Toxic|p1a: Cauet Burger
|-status|p1a: Cauet Burger|tox
|
|-damage|p1a: Cauet Burger|37/100 tox|[from] psn
|upkeep
|turn|12
|
|t:|1651494760
|switch|p2a: Hydreigon|Hydreigon, M|17/100
|move|p1a: Cauet Burger|Hydro Pump|p2a: Hydreigon
|-resisted|p2a: Hydreigon
|-damage|p2a: Hydreigon|0 fnt
|faint|p2a: Hydreigon
|
|-damage|p1a: Cauet Burger|24/100 tox|[from] psn
|upkeep
|
|t:|1651494773
|switch|p2a: Scizor|Scizor, F|97/100
|turn|13
|
|t:|1651494788
|move|p1a: Cauet Burger|Will-O-Wisp|p2a: Scizor
|-status|p2a: Scizor|brn
|move|p2a: Scizor|Knock Off|p1a: Cauet Burger
|-damage|p1a: Cauet Burger|14/100 tox
|
|-damage|p1a: Cauet Burger|0 fnt|[from] psn
|faint|p1a: Cauet Burger
|-damage|p2a: Scizor|91/100 brn|[from] brn
|upkeep
|
|t:|1651494791
|switch|p1a: Kool Monke|Darmanitan, M|100/100
|turn|14
|
|t:|1651494801
|switch|p2a: Hippowdon|Hippowdon, F|87/100
|-weather|Sandstorm|[from] ability: Sand Stream|[of] p2a: Hippowdon
|move|p1a: Kool Monke|Flare Blitz|p2a: Hippowdon
|-damage|p2a: Hippowdon|15/100
|-damage|p1a: Kool Monke|84/100|[from] item: Rocky Helmet|[of] p2a: Hippowdon
|-damage|p1a: Kool Monke|55/100|[from] Recoil
|
|-weather|Sandstorm|[upkeep]
|-damage|p1a: Kool Monke|50/100|[from] Sandstorm
|upkeep
|turn|15
|
|t:|1651494806
|move|p1a: Kool Monke|Flare Blitz|p2a: Hippowdon
|-damage|p2a: Hippowdon|0 fnt
|-damage|p1a: Kool Monke|33/100|[from] item: Rocky Helmet|[of] p2a: Hippowdon
|faint|p2a: Hippowdon
|-damage|p1a: Kool Monke|27/100|[from] Recoil
|
|-weather|Sandstorm|[upkeep]
|-damage|p1a: Kool Monke|21/100|[from] Sandstorm
|upkeep
|
|t:|1651494810
|switch|p2a: Azumarill|Azumarill, F|100/100
|turn|16
|
|t:|1651494831
|switch|p1a: Tapu Bulu|Tapu Bulu|95/100
|-fieldstart|move: Grassy Terrain|[from] ability: Grassy Surge|[of] p1a: Tapu Bulu
|move|p2a: Azumarill|Aqua Jet|p1a: Tapu Bulu
|-resisted|p1a: Tapu Bulu
|-damage|p1a: Tapu Bulu|83/100
|-damage|p2a: Azumarill|84/100|[from] item: Rocky Helmet|[of] p1a: Tapu Bulu
|
|-weather|Sandstorm|[upkeep]
|-damage|p1a: Tapu Bulu|77/100|[from] Sandstorm
|-damage|p2a: Azumarill|78/100|[from] Sandstorm
|-heal|p1a: Tapu Bulu|83/100|[from] Grassy Terrain
|-heal|p2a: Azumarill|84/100|[from] Grassy Terrain
|upkeep
|turn|17
|inactive|Battle timer is ON: inactive players will automatically lose when time's up. (requested by EliotEnRetar)
|inactive|Hydreigon > Latias has 120 seconds left.
|inactive|Hydreigon > Latias has 90 seconds left.
|
|t:|1651494927
|switch|p1a: ZZCC|Drapion, M|100/100
|switch|p2a: Skarmory|Skarmory, F|50/100
|
|-weather|Sandstorm|[upkeep]
|-damage|p1a: ZZCC|94/100|[from] Sandstorm
|-heal|p1a: ZZCC|100/100|[from] Grassy Terrain
|upkeep
|turn|18
|
|t:|1651494931
|move|p1a: ZZCC|Swords Dance|p1a: ZZCC
|-boost|p1a: ZZCC|atk|2
|move|p2a: Skarmory|Roost|p2a: Skarmory
|-heal|p2a: Skarmory|100/100
|-singleturn|p2a: Skarmory|move: Roost
|
|-weather|none
|upkeep
|turn|19
|
|t:|1651494936
|move|p1a: ZZCC|Swords Dance|p1a: ZZCC
|-boost|p1a: ZZCC|atk|2
|move|p2a: Skarmory|Whirlwind|p1a: ZZCC
|drag|p1a: Jirachi|Jirachi|84/100
|
|-heal|p1a: Jirachi|90/100|[from] Grassy Terrain
|upkeep
|turn|20
|
|t:|1651494940
|move|p1a: Jirachi|Healing Wish|p1a: Jirachi
|faint|p1a: Jirachi
|move|p2a: Skarmory|Spikes|p1: Jirachi
|-sidestart|p1: EliotEnRetar|Spikes
|
|-fieldend|move: Grassy Terrain
|upkeep
|
|t:|1651494943
|switch|p1a: Kool Monke|Darmanitan, M|21/100
|-heal|p1a: Kool Monke|100/100|[from] move: Healing Wish
|-damage|p1a: Kool Monke|88/100|[from] Spikes
|turn|21
|
|t:|1651494946
|switch|p2a: Scizor|Scizor, F|91/100 brn
|move|p1a: Kool Monke|Flare Blitz|p2a: Scizor
|-supereffective|p2a: Scizor
|-damage|p2a: Scizor|0 fnt
|faint|p2a: Scizor
|-damage|p1a: Kool Monke|59/100|[from] Recoil
|
|upkeep
|
|t:|1651494950
|switch|p2a: Azumarill|Azumarill, F|84/100
|turn|22
|
|t:|1651494966
|switch|p1a: Tapu Bulu|Tapu Bulu|83/100
|-damage|p1a: Tapu Bulu|71/100|[from] Spikes
|-fieldstart|move: Grassy Terrain|[from] ability: Grassy Surge|[of] p1a: Tapu Bulu
|move|p2a: Azumarill|Knock Off|p1a: Tapu Bulu
|-resisted|p1a: Tapu Bulu
|-damage|p1a: Tapu Bulu|53/100
|-damage|p2a: Azumarill|68/100|[from] item: Rocky Helmet|[of] p1a: Tapu Bulu
|-enditem|p1a: Tapu Bulu|Rocky Helmet|[from] move: Knock Off|[of] p2a: Azumarill
|
|-heal|p1a: Tapu Bulu|59/100|[from] Grassy Terrain
|-heal|p2a: Azumarill|74/100|[from] Grassy Terrain
|upkeep
|turn|23
|
|t:|1651494972
|switch|p2a: Skarmory|Skarmory, F|100/100
|move|p1a: Tapu Bulu|Synthesis|p1a: Tapu Bulu
|-heal|p1a: Tapu Bulu|100/100
|
|upkeep
|turn|24
|
|t:|1651494980
|switch|p1a: Kool Monke|Darmanitan, M|59/100
|-damage|p1a: Kool Monke|47/100|[from] Spikes
|move|p2a: Skarmory|Body Press|p1a: Kool Monke
|-damage|p1a: Kool Monke|0 fnt
|faint|p1a: Kool Monke
|
|upkeep
|
|t:|1651494983
|switch|p1a: Fabriste Yoghurt|Zygarde-10%|100/100
|-damage|p1a: Fabriste Yoghurt|88/100|[from] Spikes
|-ability|p1a: Fabriste Yoghurt|Aura Break
|turn|25
|
|t:|1651494987
|move|p1a: Fabriste Yoghurt|Thousand Arrows|p2a: Skarmory
|-damage|p2a: Skarmory|67/100
|-start|p2a: Skarmory|Smack Down
|move|p2a: Skarmory|Body Press|p1a: Fabriste Yoghurt
|-damage|p1a: Fabriste Yoghurt|34/100
|
|-heal|p1a: Fabriste Yoghurt|40/100|[from] Grassy Terrain
|-heal|p2a: Skarmory|73/100|[from] Grassy Terrain
|upkeep
|turn|26
|
|t:|1651494993
|switch|p1a: ZZCC|Drapion, M|100/100
|-damage|p1a: ZZCC|88/100|[from] Spikes
|switch|p2a: Tapu Bulu|Tapu Bulu|100/100
|
|-heal|p1a: ZZCC|94/100|[from] Grassy Terrain
|-fieldend|move: Grassy Terrain
|upkeep
|turn|27
|
|t:|1651494996
|switch|p2a: Skarmory|Skarmory, F|73/100
|move|p1a: ZZCC|Swords Dance|p1a: ZZCC
|-boost|p1a: ZZCC|atk|2
|
|upkeep
|turn|28
|
|t:|1651495000
|move|p1a: ZZCC|Knock Off|p2a: Skarmory
|-damage|p2a: Skarmory|10/100
|-damage|p1a: ZZCC|78/100|[from] item: Rocky Helmet|[of] p2a: Skarmory
|-enditem|p2a: Skarmory|Rocky Helmet|[from] move: Knock Off|[of] p1a: ZZCC
|-damage|p1a: ZZCC|68/100|[from] item: Life Orb
|move|p2a: Skarmory|Roost|p2a: Skarmory
|-heal|p2a: Skarmory|60/100
|-singleturn|p2a: Skarmory|move: Roost
|
|upkeep
|turn|29
|
|t:|1651495004
|move|p1a: ZZCC|Swords Dance|p1a: ZZCC
|-boost|p1a: ZZCC|atk|2
|move|p2a: Skarmory|Roost|p2a: Skarmory
|-heal|p2a: Skarmory|100/100
|-singleturn|p2a: Skarmory|move: Roost
|
|upkeep
|turn|30
|
|t:|1651495006
|move|p1a: ZZCC|Knock Off|p2a: Skarmory
|-damage|p2a: Skarmory|39/100
|-damage|p1a: ZZCC|58/100|[from] item: Life Orb
|move|p2a: Skarmory|Whirlwind|p1a: ZZCC
|drag|p1a: Fabriste Yoghurt|Zygarde-10%|40/100
|-damage|p1a: Fabriste Yoghurt|27/100|[from] Spikes
|-ability|p1a: Fabriste Yoghurt|Aura Break
|
|upkeep
|turn|31
|
|t:|1651495011
|move|p1a: Fabriste Yoghurt|Thousand Arrows|p2a: Skarmory
|-damage|p2a: Skarmory|3/100
|-start|p2a: Skarmory|Smack Down
|move|p2a: Skarmory|Roost|p2a: Skarmory
|-heal|p2a: Skarmory|53/100
|-singleturn|p2a: Skarmory|move: Roost
|
|upkeep
|turn|32
|
|t:|1651495014
|switch|p1a: ZZCC|Drapion, M|58/100
|-damage|p1a: ZZCC|45/100|[from] Spikes
|switch|p2a: Tapu Bulu|Tapu Bulu|100/100
|-fieldstart|move: Grassy Terrain|[from] ability: Grassy Surge|[of] p2a: Tapu Bulu
|
|-heal|p1a: ZZCC|51/100|[from] Grassy Terrain
|upkeep
|turn|33
|
|t:|1651495021
|move|p1a: ZZCC|Poison Jab|p2a: Tapu Bulu
|-supereffective|p2a: Tapu Bulu
|-damage|p2a: Tapu Bulu|0 fnt
|faint|p2a: Tapu Bulu
|-damage|p1a: ZZCC|41/100|[from] item: Life Orb
|
|-heal|p1a: ZZCC|47/100|[from] Grassy Terrain
|upkeep
|
|t:|1651495024
|switch|p2a: Skarmory|Skarmory, F|53/100
|turn|34
|
|t:|1651495031
|move|p1a: ZZCC|Knock Off|p2a: Skarmory
|-damage|p2a: Skarmory|33/100
|-damage|p1a: ZZCC|38/100|[from] item: Life Orb
|move|p2a: Skarmory|Roost|p2a: Skarmory
|-heal|p2a: Skarmory|83/100
|-singleturn|p2a: Skarmory|move: Roost
|
|-heal|p1a: ZZCC|44/100|[from] Grassy Terrain
|-heal|p2a: Skarmory|89/100|[from] Grassy Terrain
|upkeep
|turn|35
|
|t:|1651495035
|move|p1a: ZZCC|Swords Dance|p1a: ZZCC
|-boost|p1a: ZZCC|atk|2
|move|p2a: Skarmory|Body Press|p1a: ZZCC
|-damage|p1a: ZZCC|7/100
|
|-heal|p1a: ZZCC|13/100|[from] Grassy Terrain
|upkeep
|turn|36
|
|t:|1651495042
|move|p1a: ZZCC|Knock Off|p2a: Skarmory
|-damage|p2a: Skarmory|47/100
|-damage|p1a: ZZCC|3/100|[from] item: Life Orb
|move|p2a: Skarmory|Body Press|p1a: ZZCC
|-damage|p1a: ZZCC|0 fnt
|faint|p1a: ZZCC
|
|-fieldend|move: Grassy Terrain
|upkeep
|
|t:|1651495049
|switch|p1a: Fabriste Yoghurt|Zygarde-10%|27/100
|-damage|p1a: Fabriste Yoghurt|15/100|[from] Spikes
|-ability|p1a: Fabriste Yoghurt|Aura Break
|turn|37
|
|t:|1651495056
|move|p1a: Fabriste Yoghurt|Thousand Arrows|p2a: Skarmory
|-damage|p2a: Skarmory|9/100
|-start|p2a: Skarmory|Smack Down
|move|p2a: Skarmory|Roost|p2a: Skarmory
|-heal|p2a: Skarmory|59/100
|-singleturn|p2a: Skarmory|move: Roost
|
|upkeep
|turn|38
|
|t:|1651495059
|switch|p2a: Azumarill|Azumarill, F|74/100
|move|p1a: Fabriste Yoghurt|Thousand Arrows|p2a: Azumarill
|-damage|p2a: Azumarill|6/100
|
|upkeep
|turn|39
|
|t:|1651495065
|switch|p1a: Tapu Bulu|Tapu Bulu|100/100
|-damage|p1a: Tapu Bulu|88/100|[from] Spikes
|-fieldstart|move: Grassy Terrain|[from] ability: Grassy Surge|[of] p1a: Tapu Bulu
|move|p2a: Azumarill|Aqua Jet|p1a: Tapu Bulu
|-resisted|p1a: Tapu Bulu
|-damage|p1a: Tapu Bulu|76/100
|
|-heal|p1a: Tapu Bulu|82/100|[from] Grassy Terrain
|-heal|p2a: Azumarill|12/100|[from] Grassy Terrain
|upkeep
|turn|40
|
|t:|1651495068
|switch|p2a: Skarmory|Skarmory, F|59/100
|move|p1a: Tapu Bulu|Horn Leech|p2a: Skarmory
|-resisted|p2a: Skarmory
|-damage|p2a: Skarmory|53/100
|-heal|p1a: Tapu Bulu|85/100|[from] drain|[of] p2a: Skarmory
|
|-heal|p1a: Tapu Bulu|91/100|[from] Grassy Terrain
|upkeep
|turn|41
|
|t:|1651495075
|move|p1a: Tapu Bulu|Nature's Madness|p2a: Skarmory
|-damage|p2a: Skarmory|27/100
|move|p2a: Skarmory|Roost|p2a: Skarmory
|-heal|p2a: Skarmory|77/100
|-singleturn|p2a: Skarmory|move: Roost
|
|-heal|p1a: Tapu Bulu|98/100|[from] Grassy Terrain
|-heal|p2a: Skarmory|83/100|[from] Grassy Terrain
|upkeep
|turn|42
|
|t:|1651495081
|move|p1a: Tapu Bulu|Nature's Madness|p2a: Skarmory
|-damage|p2a: Skarmory|42/100
|move|p2a: Skarmory|Spikes|p1a: Tapu Bulu
|-sidestart|p1: EliotEnRetar|Spikes
|
|-heal|p1a: Tapu Bulu|100/100|[from] Grassy Terrain
|upkeep
|turn|43
|
|t:|1651495084
|move|p1a: Tapu Bulu|Nature's Madness|p2a: Skarmory
|-damage|p2a: Skarmory|21/100
|move|p2a: Skarmory|Spikes|p1a: Tapu Bulu
|-sidestart|p1: EliotEnRetar|Spikes
|
|-fieldend|move: Grassy Terrain
|upkeep
|turn|44
|
|t:|1651495088
|move|p1a: Tapu Bulu|Horn Leech|p2a: Skarmory
|-resisted|p2a: Skarmory
|-damage|p2a: Skarmory|16/100
|move|p2a: Skarmory|Roost|p2a: Skarmory
|-heal|p2a: Skarmory|66/100
|-singleturn|p2a: Skarmory|move: Roost
|
|upkeep
|turn|45
|-message|EliotEnRetar forfeited.
|
|win|Hydreigon > Latias
|raw|EliotEnRetar's rating: 1433 &rarr; <strong>1412</strong><br />(-21 for losing)
|raw|Hydreigon &gt; Latias's rating: 1411 &rarr; <strong>1432</strong><br />(+21 for winning)
|l|☆EliotEnRetar
||Ladder isn't responding, score probably updated but might not have (Request timeout).
