|j|☆haxlolo
|j|☆Permission Slip
|t:|1665101641
|gametype|singles
|player|p1|haxlolo|giovanni-masters|
|player|p2|Permission Slip|morty-masters2|
|teamsize|p1|6
|teamsize|p2|6
|gen|8
|tier|[Gen 8] UU
|rule|Sleep Clause Mod: Limit one foe put to sleep
|rule|Species Clause: Limit one of each Pokémon
|rule|OHKO Clause: OHKO moves are banned
|rule|Evasion Items Clause: Evasion items are banned
|rule|Evasion Moves Clause: Evasion moves are banned
|rule|Endless Battle Clause: Forcing endless battles is banned
|rule|HP Percentage Mod: HP is shown in percentages
|rule|Dynamax Clause: You cannot dynamax
|clearpoke
|poke|p1|Entei|
|poke|p1|Rotom-Wash|
|poke|p1|Celesteela|
|poke|p1|Nihilego|
|poke|p1|Tangrowth, M|
|poke|p1|Decidueye, F|
|poke|p2|Regidrago|
|poke|p2|Magneton|
|poke|p2|Amoonguss, M|
|poke|p2|Primarina, M|
|poke|p2|Mandibuzz, F|
|poke|p2|Excadrill, F|
|teampreview
|c|☆haxlolo|oh hell nah
|c|☆haxlolo|not the drago
|c|☆Permission Slip|LOL
|j| amogusroxyrrrr
|j| Liz Angeles
|c|☆haxlolo|wait magneton is ur?
|j| Queen of Bean ✿
|l| amogusroxyrrrr
|c|☆Permission Slip|no drago isnt ur'd rn
|c|☆haxlolo|wait what the fuck
|l| Queen of Bean ✿
|j| termotanque55
|c|☆Permission Slip|i checked like 5 times
|j| Queen of Bean ✿
|c|☆haxlolo|this is outrageous
|j| The SD sweep
|j| amogusroxyrrrr
|c| Queen of Bean ✿|good luck guys!!
|j| pokemonisfun
|c| pokemonisfun|who leaked
|c| pokemonisfun|honestly
|c|☆haxlolo|yeah
|c|☆haxlolo|who leaked
|c| pokemonisfun|lolo get your lawyers
|c| The SD sweep|Good luck to you guys
|c| pokemonisfun|slip is hans niemann confirmed
|
|t:|1665101735
|start
|switch|p1a: Decidueye|Decidueye, F|100/100
|switch|p2a: Primarina|Primarina, M|100/100
|turn|1
|c|☆haxlolo|i am better calling saul
|
|t:|1665101740
|switch|p2a: Mandibuzz|Mandibuzz, F|100/100
|move|p1a: Decidueye|U-turn|p2a: Mandibuzz
|-damage|p2a: Mandibuzz|79/100
|c| Queen of Bean ✿|LOL
|
|t:|1665101744
|switch|p1a: Nihilego|Nihilego|100/100|[from]move: U-turn
|
|upkeep
|turn|2
|c|☆Permission Slip|you caught me
|
|t:|1665101752
|switch|p2a: Excadrill|Excadrill, F|100/100
|-ability|p2a: Excadrill|Mold Breaker
|move|p1a: Nihilego|Knock Off|p2a: Excadrill
|-damage|p2a: Excadrill|84/100
|-enditem|p2a: Excadrill|Leftovers|[from] move: Knock Off|[of] p1a: Nihilego
|
|upkeep
|turn|3
|
|t:|1665101757
|switch|p1a: Tangrowth|Tangrowth, M|100/100
|move|p2a: Excadrill|Stealth Rock|p1a: Tangrowth
|-sidestart|p1: haxlolo|move: Stealth Rock
|
|upkeep
|turn|4
|j| Cam
|
|t:|1665101762
|switch|p2a: Mandibuzz|Mandibuzz, F|79/100
|move|p1a: Tangrowth|Leaf Storm|p2a: Mandibuzz
|-resisted|p2a: Mandibuzz
|-damage|p2a: Mandibuzz|58/100
|-unboost|p1a: Tangrowth|spa|2
|
|upkeep
|turn|5
|c| pokemonisfun|excuse me
|
|t:|1665101771
|switch|p1a: Rotom|Rotom-Wash|100/100
|-damage|p1a: Rotom|88/100|[from] Stealth Rock
|move|p2a: Mandibuzz|Roost|p2a: Mandibuzz
|-heal|p2a: Mandibuzz|100/100
|-singleturn|p2a: Mandibuzz|move: Roost
|
|-heal|p1a: Rotom|94/100|[from] item: Leftovers
|upkeep
|turn|6
|
|t:|1665101784
|move|p1a: Rotom|Defog|p2a: Mandibuzz
|-unboost|p2a: Mandibuzz|evasion|1
|-sideend|p1: haxlolo|Stealth Rock|[from] move: Defog|[of] p1a: Rotom
|move|p2a: Mandibuzz|Roost||[still]
|-fail|p2a: Mandibuzz|heal
|
|-heal|p1a: Rotom|100/100|[from] item: Leftovers
|upkeep
|turn|7
|j| ibleachyourskin
|c| pokemonisfun|slip....
|
|t:|1665101791
|switch|p2a: Excadrill|Excadrill, F|84/100
|-ability|p2a: Excadrill|Mold Breaker
|move|p1a: Rotom|Volt Switch|p2a: Excadrill
|-immune|p2a: Excadrill
|
|upkeep
|turn|8
|c|☆Permission Slip|man i didnt think
|
|t:|1665101798
|switch|p1a: Tangrowth|Tangrowth, M|100/100
|move|p2a: Excadrill|Earthquake|p1a: Tangrowth
|-resisted|p1a: Tangrowth
|-damage|p1a: Tangrowth|89/100
|-enditem|p1a: Tangrowth|Eject Button
|
|t:|1665101801
|switch|p1a: Entei|Entei|100/100
|
|upkeep
|turn|9
|c| pokemonisfun|you're only 3 letters away from sulo as it is
|c|☆Permission Slip|OK
|c| amogusroxyrrrr|🤨
|
|t:|1665101810
|switch|p2a: Primarina|Primarina, M|100/100
|move|p1a: Entei|Sacred Fire|p2a: Primarina
|-resisted|p2a: Primarina
|-damage|p2a: Primarina|63/100
|-status|p2a: Primarina|brn
|
|-heal|p2a: Primarina|69/100 brn|[from] item: Leftovers
|-damage|p2a: Primarina|63/100 brn|[from] brn
|upkeep
|turn|10
|c|☆haxlolo|the buttoner
|c|☆haxlolo|burned
|
|t:|1665101821
|switch|p1a: Decidueye|Decidueye, F|100/100
|move|p2a: Primarina|Rest|p2a: Primarina
|-status|p2a: Primarina|slp|[from] move: Rest
|-heal|p2a: Primarina|100/100 slp|[silent]
|
|upkeep
|turn|11
|
|t:|1665101824
|switch|p2a: Mandibuzz|Mandibuzz, F|100/100
|move|p1a: Decidueye|U-turn|p2a: Mandibuzz
|-damage|p2a: Mandibuzz|79/100
|
|t:|1665101837
|switch|p1a: Nihilego|Nihilego|100/100|[from]move: U-turn
|
|upkeep
|turn|12
|
|t:|1665101844
|switch|p2a: Excadrill|Excadrill, F|84/100
|-ability|p2a: Excadrill|Mold Breaker
|move|p1a: Nihilego|Stealth Rock|p2a: Excadrill
|-sidestart|p2: Permission Slip|move: Stealth Rock
|
|upkeep
|turn|13
|
|t:|1665101849
|switch|p1a: Tangrowth|Tangrowth, M|100/100
|move|p2a: Excadrill|Stealth Rock|p1a: Tangrowth
|-sidestart|p1: haxlolo|move: Stealth Rock
|
|upkeep
|turn|14
|
|t:|1665101853
|move|p2a: Excadrill|Rapid Spin|p1a: Tangrowth
|-damage|p1a: Tangrowth|92/100
|-boost|p2a: Excadrill|spe|1
|-sideend|p2: Permission Slip|Stealth Rock|[from] move: Rapid Spin|[of] p2a: Excadrill
|move|p1a: Tangrowth|Knock Off|p2a: Excadrill
|-damage|p2a: Excadrill|63/100
|
|upkeep
|turn|15
|
|t:|1665101858
|switch|p2a: Mandibuzz|Mandibuzz, F|79/100
|move|p1a: Tangrowth|Knock Off|p2a: Mandibuzz
|-resisted|p2a: Mandibuzz
|-damage|p2a: Mandibuzz|73/100
|-enditem|p2a: Mandibuzz|Heavy-Duty Boots|[from] move: Knock Off|[of] p1a: Tangrowth
|
|upkeep
|turn|16
|
|t:|1665101861
|move|p2a: Mandibuzz|U-turn|p1a: Tangrowth
|-supereffective|p1a: Tangrowth
|-damage|p1a: Tangrowth|81/100
|
|t:|1665101868
|switch|p2a: Excadrill|Excadrill, F|63/100|[from]move: U-turn
|-ability|p2a: Excadrill|Mold Breaker
|move|p1a: Tangrowth|Focus Blast|p2a: Excadrill
|-supereffective|p2a: Excadrill
|-damage|p2a: Excadrill|6/100
|
|upkeep
|turn|17
|c|☆haxlolo|oml
|
|t:|1665101887
|move|p2a: Excadrill|Iron Head|p1a: Tangrowth
|-damage|p1a: Tangrowth|64/100
|move|p1a: Tangrowth|Knock Off|p2a: Excadrill
|-damage|p2a: Excadrill|0 fnt
|faint|p2a: Excadrill
|
|upkeep
|
|t:|1665101891
|switch|p2a: Amoonguss|Amoonguss, M|100/100
|turn|18
|l| Cam
|l| amogusroxyrrrr
|j| jimmy gible
|
|t:|1665101923
|switch|p1a: Celesteela|Celesteela|100/100
|-damage|p1a: Celesteela|88/100|[from] Stealth Rock
|move|p2a: Amoonguss|Foul Play|p1a: Celesteela
|-damage|p1a: Celesteela|72/100
|
|-heal|p1a: Celesteela|78/100|[from] item: Leftovers
|upkeep
|turn|19
|
|t:|1665101937
|switch|p1a: Decidueye|Decidueye, F|100/100
|-damage|p1a: Decidueye|88/100|[from] Stealth Rock
|move|p2a: Amoonguss|Spore|p1a: Decidueye
|-immune|p1a: Decidueye
|
|upkeep
|turn|20
|j| Codename Rae
|
|t:|1665101944
|switch|p2a: Mandibuzz|Mandibuzz, F|73/100
|move|p1a: Decidueye|U-turn|p2a: Mandibuzz
|-damage|p2a: Mandibuzz|52/100
|
|t:|1665101946
|switch|p1a: Nihilego|Nihilego|100/100|[from]move: U-turn
|-damage|p1a: Nihilego|88/100|[from] Stealth Rock
|
|-heal|p1a: Nihilego|94/100|[from] item: Black Sludge
|upkeep
|turn|21
|
|t:|1665101954
|switch|p2a: Magneton|Magneton|100/100
|move|p1a: Nihilego|Stealth Rock|p2a: Magneton
|-sidestart|p2: Permission Slip|move: Stealth Rock
|
|-heal|p1a: Nihilego|100/100|[from] item: Black Sludge
|upkeep
|turn|22
|j| spooko-xiv
|
|t:|1665101985
|switch|p1a: Entei|Entei|100/100
|-damage|p1a: Entei|76/100|[from] Stealth Rock
|move|p2a: Magneton|Flash Cannon|p1a: Entei
|-resisted|p1a: Entei
|-damage|p1a: Entei|51/100
|
|upkeep
|turn|23
|c| spooko-xiv|WHY DIDN'T YOU LINK
|c| spooko-xiv|IN THE GC
|c|☆Permission Slip|o
|c|☆haxlolo|IM SORRY
|l| Queen of Bean ✿
|c| ibleachyourskin|shut up sulo
|c|☆Permission Slip|brain no work
|
|t:|1665102000
|switch|p2a: Primarina|Primarina, M|100/100 slp
|-damage|p2a: Primarina|88/100 slp|[from] Stealth Rock
|move|p1a: Entei|Sacred Fire|p2a: Primarina
|-resisted|p2a: Primarina
|-damage|p2a: Primarina|54/100 slp
|
|-heal|p2a: Primarina|60/100 slp|[from] item: Leftovers
|upkeep
|turn|24
|c| spooko-xiv|smh...
|j| Queen of Bean ✿
|
|t:|1665102005
|switch|p1a: Decidueye|Decidueye, F|88/100
|-damage|p1a: Decidueye|76/100|[from] Stealth Rock
|cant|p2a: Primarina|slp
|move|p2a: Primarina|Sleep Talk|p2a: Primarina
|move|p2a: Primarina|Scald|p1a: Decidueye|[from]move: Sleep Talk
|-resisted|p1a: Decidueye
|-damage|p1a: Decidueye|56/100
|
|-heal|p2a: Primarina|66/100 slp|[from] item: Leftovers
|upkeep
|turn|25
|
|t:|1665102011
|switch|p2a: Mandibuzz|Mandibuzz, F|52/100
|-damage|p2a: Mandibuzz|27/100|[from] Stealth Rock
|move|p1a: Decidueye|U-turn|p2a: Mandibuzz
|-damage|p2a: Mandibuzz|7/100
|c|☆Permission Slip|jesus
|c|☆Permission Slip|this hurts
|
|t:|1665102023
|switch|p1a: Nihilego|Nihilego|100/100|[from]move: U-turn
|-damage|p1a: Nihilego|88/100|[from] Stealth Rock
|
|-heal|p1a: Nihilego|94/100|[from] item: Black Sludge
|upkeep
|turn|26
|c| pokemonisfun|whos spooko
|c| spooko-xiv|zamn we brought the unmons today
|
|t:|1665102028
|switch|p2a: Magneton|Magneton|100/100
|-damage|p2a: Magneton|94/100|[from] Stealth Rock
|move|p1a: Nihilego|Power Gem|p2a: Magneton
|-resisted|p2a: Magneton
|-damage|p2a: Magneton|54/100
|
|-heal|p1a: Nihilego|100/100|[from] item: Black Sludge
|upkeep
|turn|27
|c| spooko-xiv|bitch its me pif
|c|☆haxlolo|dude we agreed in gc that we were doing ur mons
|c|☆haxlolo|if someone should have known it was you...
|
|t:|1665102046
|switch|p1a: Rotom|Rotom-Wash|100/100
|-damage|p1a: Rotom|88/100|[from] Stealth Rock
|move|p2a: Magneton|Flash Cannon|p1a: Rotom
|-resisted|p1a: Rotom
|-damage|p1a: Rotom|78/100
|
|-heal|p1a: Rotom|84/100|[from] item: Leftovers
|upkeep
|turn|28
|
|t:|1665102053
|switch|p2a: Mandibuzz|Mandibuzz, F|7/100
|-damage|p2a: Mandibuzz|0 fnt|[from] Stealth Rock
|faint|p2a: Mandibuzz
|move|p1a: Rotom|Volt Switch|p2: Mandibuzz|[notarget]
|-fail|p1a: Rotom
|
|-heal|p1a: Rotom|91/100|[from] item: Leftovers
|upkeep
|
|t:|1665102055
|switch|p2a: Regidrago|Regidrago|100/100
|-damage|p2a: Regidrago|88/100|[from] Stealth Rock
|turn|29
|c| spooko-xiv|yeah but u pretty much cteamed
|c|☆haxlolo|hes in
|c| jimmy gible|in
|c|☆haxlolo|BRUH I DID?
|
|t:|1665102065
|move|p2a: Regidrago|Dragon Energy|p1a: Rotom
|-damage|p1a: Rotom|0 fnt
|faint|p1a: Rotom
|
|upkeep
|c| spooko-xiv|zoner into
|c| spooko-xiv|tang washer
|c| spooko-xiv|GONE
|
|t:|1665102076
|switch|p1a: Entei|Entei|51/100
|-damage|p1a: Entei|26/100|[from] Stealth Rock
|turn|30
|
|t:|1665102079
|move|p1a: Entei|Extreme Speed|p2a: Regidrago
|-damage|p2a: Regidrago|45/100
|move|p2a: Regidrago|Dragon Energy|p1a: Entei
|-damage|p1a: Entei|0 fnt
|faint|p1a: Entei
|
|upkeep
|c| ibleachyourskin|sulo. talk when you get some bitches
|
|t:|1665102090
|switch|p1a: Nihilego|Nihilego|100/100
|-damage|p1a: Nihilego|88/100|[from] Stealth Rock
|turn|31
|
|t:|1665102101
|switch|p2a: Amoonguss|Amoonguss, M|100/100
|-damage|p2a: Amoonguss|88/100|[from] Stealth Rock
|move|p1a: Nihilego|Power Gem|p2a: Amoonguss
|-damage|p2a: Amoonguss|53/100
|-enditem|p2a: Amoonguss|Eject Button
|
|t:|1665102104
|switch|p2a: Magneton|Magneton|54/100
|-damage|p2a: Magneton|47/100|[from] Stealth Rock
|
|-heal|p1a: Nihilego|94/100|[from] item: Black Sludge
|upkeep
|turn|32
|
|t:|1665102116
|switch|p1a: Tangrowth|Tangrowth, M|97/100
|-damage|p1a: Tangrowth|84/100|[from] Stealth Rock
|move|p2a: Magneton|Flash Cannon|p1a: Tangrowth
|-damage|p1a: Tangrowth|30/100
|
|upkeep
|turn|33
|
|t:|1665102120
|move|p2a: Magneton|Flash Cannon|p1a: Tangrowth
|-damage|p1a: Tangrowth|0 fnt
|faint|p1a: Tangrowth
|
|upkeep
|
|t:|1665102124
|switch|p1a: Decidueye|Decidueye, F|56/100
|-damage|p1a: Decidueye|43/100|[from] Stealth Rock
|turn|34
|
|t:|1665102128
|switch|p2a: Primarina|Primarina, M|66/100 slp
|-damage|p2a: Primarina|53/100 slp|[from] Stealth Rock
|move|p1a: Decidueye|Shadow Sneak|p2a: Primarina
|-damage|p2a: Primarina|23/100 slp
|
|-heal|p2a: Primarina|29/100 slp|[from] item: Leftovers
|upkeep
|turn|35
|
|t:|1665102131
|move|p1a: Decidueye|Shadow Sneak|p2a: Primarina
|-damage|p2a: Primarina|0 fnt
|faint|p2a: Primarina
|
|upkeep
|
|t:|1665102134
|switch|p2a: Amoonguss|Amoonguss, M|86/100
|-damage|p2a: Amoonguss|74/100|[from] Stealth Rock
|turn|36
|j| amogusroxyrrrr
|
|t:|1665102141
|move|p1a: Decidueye|Shadow Sneak|p2a: Amoonguss
|-damage|p2a: Amoonguss|50/100
|move|p2a: Amoonguss|Spore|p1a: Decidueye
|-immune|p1a: Decidueye
|
|upkeep
|turn|37
|
|t:|1665102143
|move|p1a: Decidueye|Shadow Sneak|p2a: Amoonguss
|-damage|p2a: Amoonguss|27/100
|move|p2a: Amoonguss|Foul Play|p1a: Decidueye
|-supereffective|p1a: Decidueye
|-damage|p1a: Decidueye|0 fnt
|faint|p1a: Decidueye
|
|upkeep
|
|t:|1665102145
|switch|p1a: Nihilego|Nihilego|94/100
|-damage|p1a: Nihilego|82/100|[from] Stealth Rock
|turn|38
|
|t:|1665102161
|move|p1a: Nihilego|Power Gem|p2a: Amoonguss
|-damage|p2a: Amoonguss|0 fnt
|faint|p2a: Amoonguss
|-ability|p1a: Nihilego|Beast Boost|boost
|-boost|p1a: Nihilego|spa|1
|
|-heal|p1a: Nihilego|88/100|[from] item: Black Sludge
|upkeep
|
|t:|1665102166
|switch|p2a: Regidrago|Regidrago|45/100
|-damage|p2a: Regidrago|32/100|[from] Stealth Rock
|turn|39
|
|t:|1665102171
|move|p2a: Regidrago|Draco Meteor|p1a: Nihilego
|-damage|p1a: Nihilego|24/100
|-unboost|p2a: Regidrago|spa|2
|move|p1a: Nihilego|Power Gem|p2a: Regidrago
|-damage|p2a: Regidrago|0 fnt
|faint|p2a: Regidrago
|-ability|p1a: Nihilego|Beast Boost|boost
|-boost|p1a: Nihilego|spa|1
|
|-heal|p1a: Nihilego|30/100|[from] item: Black Sludge
|upkeep
|
|t:|1665102174
|switch|p2a: Magneton|Magneton|47/100
|-damage|p2a: Magneton|41/100|[from] Stealth Rock
|turn|40
|
|t:|1665102175
|move|p2a: Magneton|Thunderbolt|p1a: Nihilego
|-damage|p1a: Nihilego|0 fnt
|faint|p1a: Nihilego
|
|upkeep
|c|☆haxlolo|yea huh
|c| spooko-xiv|oh?
|c|☆haxlolo|i choked
|c|☆haxlolo|lol
|
|t:|1665102187
|switch|p1a: Celesteela|Celesteela|78/100
|-damage|p1a: Celesteela|66/100|[from] Stealth Rock
|turn|41
|c| Queen of Bean ✿|rip
|
|t:|1665102191
|move|p2a: Magneton|Thunderbolt|p1a: Celesteela
|-supereffective|p1a: Celesteela
|-damage|p1a: Celesteela|10/100
|move|p1a: Celesteela|Leech Seed|p2a: Magneton
|-start|p2a: Magneton|move: Leech Seed
|
|-heal|p1a: Celesteela|16/100|[from] item: Leftovers
|-damage|p2a: Magneton|29/100|[from] Leech Seed|[of] p1a: Celesteela
|-heal|p1a: Celesteela|23/100|[silent]
|upkeep
|turn|42
|c|☆Permission Slip|o
|c| pokemonisfun|kjebkbrkjbrjk
|c| pokemonisfun|NANI
|c|☆haxlolo|donde
|c|☆Permission Slip|LOL
|c|☆haxlolo|carajo estas franco
|c| Queen of Bean ✿|wot
|c|☆Permission Slip|its scarf
|c| termotanque55|Dale lolo medio switch a steelaaaaaaaaaaa
|c|☆haxlolo|AMIGO
|c|☆Permission Slip|this thing does NO DAMAGE
|c| jimmy gible|bro
|c|☆Permission Slip|LMAOOOO
|c|☆haxlolo|IGUAL TU CULPA
|c|☆haxlolo|POR DARME
|c|☆haxlolo|UN SET SIN FLAMETHROWER
|
|t:|1665102218
|move|p2a: Magneton|Thunderbolt|p1a: Celesteela
|-supereffective|p1a: Celesteela
|-crit|p1a: Celesteela
|-damage|p1a: Celesteela|0 fnt
|faint|p1a: Celesteela
|
|win|Permission Slip
|c| The SD sweep|Dual scarf
|c| termotanque55|CHUPaLA
|c|☆haxlolo|chupala tu
|c|☆haxlolo|gg
|l| jimmy gible
|l|☆haxlolo
|c| spooko-xiv|well
|c|☆Permission Slip|gg brother
|l| Codename Rae
|l| termotanque55
|c| pokemonisfun|how did sulo change his name
|c| spooko-xiv|,
|l| spooko-xiv
|j| romanji ≛
|l| amogusroxyrrrr
|l| The SD sweep
|l| Liz Angeles
|l| Queen of Bean ✿
|l| romanji ≛
|j| Mandibuladel5555
|l| pokemonisfun
|l| Mandibuladel5555
|l| ibleachyourskin
