|j|☆Jules on meth
|j|☆snottymane
|t:|1612810706
|player|p1|Jules on meth|whitney|1143
|player|p2|snottymane|rocketgrunt|1123
|teamsize|p1|6
|teamsize|p2|6
|gametype|singles
|gen|8
|tier|[Gen 8] UU
|rated|
|clearpoke
|poke|p1|Grimmsnarl, M|
|poke|p1|Krookodile, M|
|poke|p1|Gyarados, F|
|poke|p1|Kommo-o, F|
|poke|p1|Moltres-Galar|
|poke|p1|Scizor, M|
|poke|p2|Amoonguss, M|
|poke|p2|Krookodile, M|
|poke|p2|Mimikyu, F|
|poke|p2|Bisharp, M|
|poke|p2|Hatterene, F|
|poke|p2|Araquanid, F|
|rule|Sleep Clause Mod: Limit one foe put to sleep
|rule|Species Clause: Limit one of each Pokémon
|rule|OHKO Clause: OHKO moves are banned
|rule|Evasion Moves Clause: Evasion moves are banned
|rule|Endless Battle Clause: Forcing endless battles is banned
|rule|HP Percentage Mod: HP is shown in percentages
|rule|Dynamax Clause: You cannot dynamax
|teampreview
|inactive|Battle timer is ON: inactive players will automatically lose when time's up. (requested by Jules on meth)
|c|☆snottymane|glhf
|
|t:|1612810742
|start
|switch|p1a: Krookodile|Krookodile, M|100/100
|switch|p2a: R34|Hatterene, F, shiny|100/100
|-ability|p1a: Krookodile|Intimidate|boost
|-unboost|p2a: R34|atk|1
|turn|1
|c|☆Jules on meth|2
|c|☆Jules on meth|u
|
|t:|1612810752
|move|p1a: Krookodile|Knock Off|p2a: R34
|-damage|p2a: R34|46/100
|-enditem|p2a: R34|Leftovers|[from] move: Knock Off|[of] p1a: Krookodile
|move|p2a: R34|Calm Mind|p2a: R34
|-boost|p2a: R34|spa|1
|-boost|p2a: R34|spd|1
|
|upkeep
|turn|2
|
|t:|1612810756
|move|p1a: Krookodile|Earthquake|p2a: R34
|-damage|p2a: R34|0 fnt
|faint|p2a: R34
|
|upkeep
|
|t:|1612810772
|switch|p2a: funny bug|Araquanid, F, shiny|100/100
|turn|3
|
|t:|1612810779
|move|p1a: Krookodile|Taunt|p2a: funny bug
|-start|p2a: funny bug|move: Taunt
|cant|p2a: funny bug|move: Taunt|Sticky Web
|
|upkeep
|turn|4
|
|t:|1612810785
|move|p1a: Krookodile|Stealth Rock|p2a: funny bug
|-sidestart|p2: snottymane|move: Stealth Rock
|move|p2a: funny bug|Liquidation|p1a: Krookodile
|-supereffective|p1a: Krookodile
|-enditem|p1a: Krookodile|Focus Sash
|-damage|p1a: Krookodile|1/100
|
|upkeep
|turn|5
|
|t:|1612810788
|move|p1a: Krookodile|Knock Off|p2a: funny bug
|-damage|p2a: funny bug|48/100
|-enditem|p2a: funny bug|Leftovers|[from] move: Knock Off|[of] p1a: Krookodile
|move|p2a: funny bug|Leech Life|p1a: Krookodile
|-supereffective|p1a: Krookodile
|-crit|p1a: Krookodile
|-damage|p1a: Krookodile|0 fnt
|-heal|p2a: funny bug|48/100|[from] drain|[of] p1a: Krookodile
|faint|p1a: Krookodile
|
|-end|p2a: funny bug|move: Taunt
|upkeep
|
|t:|1612810794
|switch|p1a: Grimmsnarl|Grimmsnarl, M|100/100
|turn|6
|
|t:|1612810799
|move|p1a: Grimmsnarl|Taunt|p2a: funny bug
|-start|p2a: funny bug|move: Taunt
|cant|p2a: funny bug|move: Taunt|Sticky Web
|
|upkeep
|turn|7
|
|t:|1612810802
|move|p1a: Grimmsnarl|Reflect|p1a: Grimmsnarl
|-sidestart|p1: Jules on meth|Reflect
|move|p2a: funny bug|Leech Life|p1a: Grimmsnarl
|-damage|p1a: Grimmsnarl|85/100
|-heal|p2a: funny bug|56/100|[from] drain|[of] p1a: Grimmsnarl
|
|upkeep
|turn|8
|
|t:|1612810805
|move|p1a: Grimmsnarl|Spirit Break|p2a: funny bug
|-crit|p2a: funny bug
|-damage|p2a: funny bug|0 fnt
|faint|p2a: funny bug
|
|upkeep
|
|t:|1612810825
|switch|p2a: F.K.|Bisharp, M|100/100
|-damage|p2a: F.K.|95/100|[from] Stealth Rock
|turn|9
|
|t:|1612810832
|move|p1a: Grimmsnarl|Taunt|p2a: F.K.
|-hint|Since gen 7, Dark is immune to Prankster moves.
|-immune|p2a: F.K.
|move|p2a: F.K.|Iron Head|p1a: Grimmsnarl
|-supereffective|p1a: Grimmsnarl
|-damage|p1a: Grimmsnarl|8/100
|
|upkeep
|turn|10
|
|t:|1612810835
|move|p2a: F.K.|Sucker Punch|p1a: Grimmsnarl
|-resisted|p1a: Grimmsnarl
|-damage|p1a: Grimmsnarl|1/100
|move|p1a: Grimmsnarl|Spirit Break|p2a: F.K.
|-crit|p2a: F.K.
|-damage|p2a: F.K.|35/100
|-unboost|p2a: F.K.|spa|1
|-ability|p2a: F.K.|Defiant
|-boost|p2a: F.K.|atk|2
|
|upkeep
|turn|11
|c|☆Jules on meth|noo..
|
|t:|1612810843
|move|p1a: Grimmsnarl|Light Screen|p1a: Grimmsnarl
|-sidestart|p1: Jules on meth|move: Light Screen
|move|p2a: F.K.|Sucker Punch||[still]
|-fail|p2a: F.K.
|
|upkeep
|turn|12
|
|t:|1612810850
|move|p1a: Grimmsnarl|Taunt|p2a: F.K.
|-hint|Since gen 7, Dark is immune to Prankster moves.
|-immune|p2a: F.K.
|move|p2a: F.K.|Sucker Punch||[still]
|-fail|p2a: F.K.
|
|upkeep
|turn|13
|
|t:|1612810855
|move|p1a: Grimmsnarl|Spirit Break|p2a: F.K.
|-crit|p2a: F.K.
|-damage|p2a: F.K.|0 fnt
|faint|p2a: F.K.
|
|upkeep
|c|☆snottymane|outplayed me
|c|☆Jules on meth|hahaha
|
|t:|1612810866
|switch|p2a: bonkers|Mimikyu, F, shiny|100/100
|-damage|p2a: bonkers|88/100|[from] Stealth Rock
|turn|14
|
|t:|1612810870
|move|p2a: bonkers|Shadow Sneak|p1a: Grimmsnarl
|-resisted|p1a: Grimmsnarl
|-damage|p1a: Grimmsnarl|0 fnt
|-damage|p2a: bonkers|78/100|[from] item: Life Orb
|faint|p1a: Grimmsnarl
|
|-sideend|p1: Jules on meth|Reflect
|upkeep
|c|☆Jules on meth|first time i think
|
|t:|1612810876
|switch|p1a: Scizor|Scizor, M|100/100
|turn|15
|
|t:|1612810885
|move|p2a: bonkers|Swords Dance|p2a: bonkers
|-boost|p2a: bonkers|atk|2
|move|p1a: Scizor|Knock Off|p2a: bonkers
|-activate|p2a: bonkers|ability: Disguise
|-damage|p2a: bonkers|78/100
|-enditem|p2a: bonkers|Life Orb|[from] move: Knock Off|[of] p1a: Scizor
|detailschange|p2a: bonkers|Mimikyu-Busted, F, shiny
|-damage|p2a: bonkers|66/100|[from] pokemon: Mimikyu-Busted
|-damage|p1a: Scizor|91/100|[from] item: Life Orb
|
|upkeep
|turn|16
|
|t:|1612810888
|move|p2a: bonkers|Shadow Sneak|p1a: Scizor
|-crit|p1a: Scizor
|-damage|p1a: Scizor|35/100
|move|p1a: Scizor|Bullet Punch|p2a: bonkers
|-supereffective|p2a: bonkers
|-damage|p2a: bonkers|0 fnt
|-damage|p1a: Scizor|25/100|[from] item: Life Orb
|faint|p2a: bonkers
|
|upkeep
|
|t:|1612810893
|switch|p2a: XXL|Krookodile, M|100/100
|-damage|p2a: XXL|94/100|[from] Stealth Rock
|turn|17
|
|t:|1612810898
|move|p1a: Scizor|Bullet Punch|p2a: XXL
|-damage|p2a: XXL|42/100
|-damage|p1a: Scizor|15/100|[from] item: Life Orb
|move|p2a: XXL|Earthquake|p1a: Scizor
|-damage|p1a: Scizor|0 fnt
|faint|p1a: Scizor
|-ability|p2a: XXL|Moxie|boost
|-boost|p2a: XXL|atk|1
|
|upkeep
|
|t:|1612810903
|switch|p1a: Gyarados|Gyarados, F|100/100
|turn|18
|
|t:|1612810908
|move|p2a: XXL|Stone Edge|p1a: Gyarados
|-supereffective|p1a: Gyarados
|-damage|p1a: Gyarados|0 fnt
|faint|p1a: Gyarados
|-ability|p2a: XXL|Moxie|boost
|-boost|p2a: XXL|atk|1
|
|-sideend|p1: Jules on meth|move: Light Screen
|upkeep
|
|t:|1612810913
|switch|p1a: Kommo-o|Kommo-o, F|100/100
|turn|19
|c|☆Jules on meth|rip
|
|t:|1612810922
|move|p2a: XXL|Earthquake|p1a: Kommo-o
|-damage|p1a: Kommo-o|10/100
|move|p1a: Kommo-o|Clanging Scales|p2a: XXL
|-damage|p2a: XXL|0 fnt
|-unboost|p1a: Kommo-o|def|1
|-enditem|p1a: Kommo-o|Throat Spray
|-boost|p1a: Kommo-o|spa|1|[from] item: Throat Spray
|faint|p2a: XXL
|
|upkeep
|c|☆Jules on meth|oh
|
|t:|1612810926
|switch|p2a: mellow|Amoonguss, M, shiny|100/100
|-damage|p2a: mellow|88/100|[from] Stealth Rock
|turn|20
|
|t:|1612810932
|move|p1a: Kommo-o|Flamethrower|p2a: mellow
|-supereffective|p2a: mellow
|-damage|p2a: mellow|19/100
|move|p2a: mellow|Giga Drain|p1a: Kommo-o
|-resisted|p1a: Kommo-o
|-damage|p1a: Kommo-o|0 fnt
|-heal|p2a: mellow|22/100|[from] drain|[of] p1a: Kommo-o
|faint|p1a: Kommo-o
|
|-heal|p2a: mellow|28/100|[from] item: Black Sludge
|upkeep
|
|t:|1612810937
|switch|p1a: Moltres|Moltres-Galar|100/100
|turn|21
|c|☆snottymane|HOW
|c|☆snottymane|come on amoongus
|c|☆Jules on meth|?
|c|☆snottymane|surprised he didn't die to flamethrower
|
|t:|1612810959
|move|p1a: Moltres|Air Slash|p2a: mellow
|-supereffective|p2a: mellow
|-damage|p2a: mellow|0 fnt
|faint|p2a: mellow
|
|win|Jules on meth
|c|☆snottymane|Gg
|l|☆snottymane
|c|☆Jules on meth|gg
