|j|☆cypresskeys
|j|☆Karolynia彡
|player|p1|cypresskeys|70|
|player|p2|Karolynia彡|209|
|teamsize|p1|6
|teamsize|p2|6
|gametype|singles
|gen|8
|tier|[Gen 8] UU
|rated|Tournament battle
|clearpoke
|poke|p1|Cloyster, F|
|poke|p1|Chandelure, M|
|poke|p1|Haxorus, M|
|poke|p1|Gardevoir, F|
|poke|p1|Hippowdon, M|
|poke|p1|Rotom-Mow|
|poke|p2|Rotom-Mow|
|poke|p2|Cinccino, F|
|poke|p2|Espeon, M|
|poke|p2|Mamoswine, M|
|poke|p2|Arcanine, M|
|poke|p2|Cramorant, F|
|rule|Sleep Clause Mod: Limit one foe put to sleep
|rule|Species Clause: Limit one of each Pokémon
|rule|OHKO Clause: OHKO moves are banned
|rule|Evasion Moves Clause: Evasion moves are banned
|rule|Endless Battle Clause: Forcing endless battles is banned
|rule|HP Percentage Mod: HP is shown in percentages
|rule|Dynamax Clause: You cannot dynamax
|teampreview
|j|*Lady Monita
|j| Arctinen
|j| Elenahappy2
|j| Alittlegamer10
|c|☆Karolynia彡|glhf
|j|‽funking23
|c|☆cypresskeys|glhf
|j| Sangee#1234
|j| LovingSpoon
|c| Sangee#1234|gl
|c| Sangee#1234|hf
|j| APW001
|c| Alittlegamer10|good luck to both of you
|c| Arctinen|cloyster already looking like a big threat
|c| Arctinen|gl to both
|l| APW001
|
|start
|switch|p1a: Haxorus|Haxorus, M|100/100
|switch|p2a: Cormorant|Cramorant, F|100/100
|-ability|p1a: Haxorus|Mold Breaker
|turn|1
|j| yjhfdghjfhg
|c| Alittlegamer10|Graaaaand FINALS
|
|move|p2a: Cormorant|Surf|p1a: Haxorus
|-resisted|p1a: Haxorus
|-formechange|p2a: Cormorant|Cramorant-Gulping|
|-damage|p1a: Haxorus|71/100
|move|p1a: Haxorus|Outrage|p2a: Cormorant
|-damage|p2a: Cormorant|0 fnt
|-damage|p1a: Haxorus|46/100|[from] ability: Gulp Missile|[of] p2a: Cormorant
|-unboost|p1a: Haxorus|def|1
|-formechange|p2a: Cormorant|Cramorant|
|faint|p2a: Cormorant
|
|upkeep
|c| Alittlegamer10|lol
|
|switch|p2a: Epson Salts|Espeon, M|100/100
|turn|2
|
|move|p2a: Epson Salts|Psychic|p1a: Haxorus
|-damage|p1a: Haxorus|0 fnt
|faint|p1a: Haxorus
|
|upkeep
|
|switch|p1a: Gardevoir|Gardevoir, F|100/100
|turn|3
|j| Sansa Starkanine
|j|#The Welsh Wall♪
|j| wick hoonguz
|
|switch|p2a: Arcane|Arcanine, M|100/100
|move|p1a: Gardevoir|Psyshock|p2a: Arcane
|-damage|p2a: Arcane|18/100
|
|upkeep
|turn|4
|j| MrBooboo53
|
|switch|p1a: Hippowdon|Hippowdon, M|100/100
|-weather|Sandstorm|[from] ability: Sand Stream|[of] p1a: Hippowdon
|move|p2a: Arcane|Flare Blitz|p1a: Hippowdon
|-damage|p1a: Hippowdon|56/100
|-damage|p2a: Arcane|0 fnt|[from] Recoil
|faint|p2a: Arcane
|
|-weather|Sandstorm|[upkeep]
|-heal|p1a: Hippowdon|62/100|[from] item: Leftovers
|upkeep
|
|switch|p2a: Cappuccino|Cinccino, F|100/100
|turn|5
|
|move|p2a: Cappuccino|Bullet Seed|p1a: Hippowdon
|-supereffective|p1a: Hippowdon
|-damage|p1a: Hippowdon|49/100
|-supereffective|p1a: Hippowdon
|-damage|p1a: Hippowdon|36/100
|-supereffective|p1a: Hippowdon
|-damage|p1a: Hippowdon|24/100
|-supereffective|p1a: Hippowdon
|-damage|p1a: Hippowdon|12/100
|-supereffective|p1a: Hippowdon
|-damage|p1a: Hippowdon|0 fnt
|-hitcount|p1a: Hippowdon|5
|faint|p1a: Hippowdon
|
|-weather|Sandstorm|[upkeep]
|-damage|p2a: Cappuccino|94/100|[from] Sandstorm
|upkeep
|j| aceterra01
|
|switch|p1a: Chandelure|Chandelure, M|100/100
|turn|6
|
|switch|p2a: Manliness|Mamoswine, M|100/100
|move|p1a: Chandelure|Fire Blast|p2a: Manliness
|-supereffective|p2a: Manliness
|-damage|p2a: Manliness|7/100
|
|-weather|Sandstorm|[upkeep]
|-damage|p1a: Chandelure|94/100|[from] Sandstorm
|upkeep
|turn|7
|
|move|p1a: Chandelure|Fire Blast|p2a: Manliness
|-supereffective|p2a: Manliness
|-damage|p2a: Manliness|0 fnt
|faint|p2a: Manliness
|
|-weather|Sandstorm|[upkeep]
|-damage|p1a: Chandelure|88/100|[from] Sandstorm
|upkeep
|
|switch|p2a: Epson Salts|Espeon, M|100/100
|turn|8
|
|move|p1a: Chandelure|Fire Blast|p2a: Epson Salts
|-damage|p2a: Epson Salts|25/100
|move|p2a: Epson Salts|Shadow Ball|p1a: Chandelure
|-supereffective|p1a: Chandelure
|-damage|p1a: Chandelure|0 fnt
|faint|p1a: Chandelure
|
|-weather|none
|upkeep
|j| Supdude66
|l| Supdude66
|
|switch|p1a: Cloyster|Cloyster, F|100/100
|turn|9
|
|move|p2a: Epson Salts|Shadow Ball|p1a: Cloyster
|-enditem|p1a: Cloyster|Focus Sash
|-damage|p1a: Cloyster|1/100
|move|p1a: Cloyster|Shell Smash|p1a: Cloyster
|-unboost|p1a: Cloyster|def|1
|-unboost|p1a: Cloyster|spd|1
|-boost|p1a: Cloyster|atk|2
|-boost|p1a: Cloyster|spa|2
|-boost|p1a: Cloyster|spe|2
|
|upkeep
|turn|10
|c|☆Karolynia彡|ye f
|c|☆Karolynia彡|gg
|c|☆Karolynia彡|tbh miss
|
|move|p1a: Cloyster|Icicle Spear|p2a: Epson Salts
|-damage|p2a: Epson Salts|0 fnt
|-hitcount|p2a: Epson Salts|1
|faint|p2a: Epson Salts
|
|upkeep
|c|☆Karolynia彡|with icicle spear
|
|switch|p2a: Cappuccino|Cinccino, F|94/100
|turn|11
|j| guadypackshawty
|c| Sangee#1234|gg
|j| thounssss
|
|move|p1a: Cloyster|Icicle Spear|p2a: Cappuccino
|-damage|p2a: Cappuccino|54/100
|-damage|p2a: Cappuccino|16/100
|-damage|p2a: Cappuccino|0 fnt
|-hitcount|p2a: Cappuccino|3
|faint|p2a: Cappuccino
|
|upkeep
|
|switch|p2a: Room-Mow|Rotom-Mow|100/100
|turn|12
|c|☆cypresskeys|gg
|c|☆Karolynia彡|i shoulda sent this in first
|
|move|p1a: Cloyster|Icicle Spear|p2a: Room-Mow
|-supereffective|p2a: Room-Mow
|-damage|p2a: Room-Mow|47/100
|-supereffective|p2a: Room-Mow
|-damage|p2a: Room-Mow|0 fnt
|-hitcount|p2a: Room-Mow|2
|faint|p2a: Room-Mow
|
|win|cypresskeys
