|j|☆yogo896
|j|☆PlasticPinnochio
|t:|1648968450
|gametype|singles
|player|p1|yogo896|ghetsis-gen5bw|1378
|player|p2|PlasticPinnochio|policeman-gen4|1465
|teamsize|p1|6
|teamsize|p2|6
|gen|8
|tier|[Gen 8] UU
|rated|
|rule|Sleep Clause Mod: Limit one foe put to sleep
|rule|Species Clause: Limit one of each Pokémon
|rule|OHKO Clause: OHKO moves are banned
|rule|Evasion Moves Clause: Evasion moves are banned
|rule|Endless Battle Clause: Forcing endless battles is banned
|rule|HP Percentage Mod: HP is shown in percentages
|rule|Dynamax Clause: You cannot dynamax
|clearpoke
|poke|p1|Scizor, F|
|poke|p1|Thundurus-Therian, M|
|poke|p1|Tangrowth, F|
|poke|p1|Conkeldurr, F|
|poke|p1|Hydreigon, F|
|poke|p1|Chansey, F|
|poke|p2|Entei|
|poke|p2|Zarude|
|poke|p2|Cobalion|
|poke|p2|Gardevoir, F|
|poke|p2|Slowking, M|
|poke|p2|Mandibuzz, F|
|teampreview
|inactive|Battle timer is ON: inactive players will automatically lose when time's up. (requested by yogo896)
|
|t:|1648968466
|start
|switch|p1a: Thundurus|Thundurus-Therian, M|100/100
|switch|p2a: Cobalion|Cobalion|100/100
|turn|1
|
|t:|1648968482
|switch|p2a: Gardevoir|Gardevoir, F|100/100
|-ability|p2a: Gardevoir|Volt Absorb|[from] ability: Trace|[of] p1a: Thundurus
|move|p1a: Thundurus|Volt Switch|p2a: Gardevoir
|-immune|p2a: Gardevoir|[from] ability: Volt Absorb
|
|upkeep
|turn|2
|
|t:|1648968489
|move|p2a: Gardevoir|Mystical Fire|p1a: Thundurus
|-damage|p1a: Thundurus|64/100
|-unboost|p1a: Thundurus|spa|1
|move|p1a: Thundurus|Knock Off|p2a: Gardevoir
|-damage|p2a: Gardevoir|65/100
|-enditem|p2a: Gardevoir|Choice Scarf|[from] move: Knock Off|[of] p1a: Thundurus
|
|upkeep
|turn|3
|
|t:|1648968497
|switch|p1a: Chansey|Chansey, F|100/100
|move|p2a: Gardevoir|Moonblast|p1a: Chansey
|-damage|p1a: Chansey|85/100
|
|upkeep
|turn|4
|
|t:|1648968504
|move|p2a: Gardevoir|Psyshock|p1a: Chansey
|-damage|p1a: Chansey|58/100
|move|p1a: Chansey|Teleport|p1a: Chansey
|
|t:|1648968508
|switch|p1a: Scizor|Scizor, F|100/100|[from]move: Teleport
|
|upkeep
|turn|5
|
|t:|1648968512
|switch|p2a: Cobalion|Cobalion|100/100
|move|p1a: Scizor|U-turn|p2a: Cobalion
|-resisted|p2a: Cobalion
|-damage|p2a: Cobalion|88/100
|
|t:|1648968517
|switch|p1a: Thundurus|Thundurus-Therian, M|64/100|[from]move: U-turn
|
|-heal|p2a: Cobalion|94/100|[from] item: Leftovers
|upkeep
|turn|6
|
|t:|1648968523
|move|p2a: Cobalion|Stealth Rock|p1a: Thundurus
|-sidestart|p1: yogo896|move: Stealth Rock
|move|p1a: Thundurus|Knock Off|p2a: Cobalion
|-resisted|p2a: Cobalion
|-damage|p2a: Cobalion|85/100
|-ability|p2a: Cobalion|Justified|boost
|-boost|p2a: Cobalion|atk|1
|-enditem|p2a: Cobalion|Leftovers|[from] move: Knock Off|[of] p1a: Thundurus
|
|upkeep
|turn|7
|
|t:|1648968527
|move|p2a: Cobalion|Iron Head|p1a: Thundurus
|-resisted|p1a: Thundurus
|-damage|p1a: Thundurus|29/100
|move|p1a: Thundurus|Psychic|p2a: Cobalion
|-damage|p2a: Cobalion|35/100
|
|upkeep
|turn|8
|
|t:|1648968540
|switch|p1a: Tangrowth|Tangrowth, F|100/100
|-damage|p1a: Tangrowth|88/100|[from] Stealth Rock
|move|p2a: Cobalion|Volt Switch|p1a: Tangrowth
|-resisted|p1a: Tangrowth
|-damage|p1a: Tangrowth|84/100
|
|t:|1648968543
|switch|p2a: Gardevoir|Gardevoir, F|65/100|[from]move: Volt Switch
|-ability|p2a: Gardevoir|Regenerator|[from] ability: Trace|[of] p1a: Tangrowth
|
|upkeep
|turn|9
|
|t:|1648968549
|switch|p2a: Mandibuzz|Mandibuzz, F|100/100
|move|p1a: Tangrowth|Sludge Bomb|p2a: Mandibuzz
|-damage|p2a: Mandibuzz|81/100
|-status|p2a: Mandibuzz|psn
|
|-damage|p2a: Mandibuzz|68/100 psn|[from] psn
|upkeep
|turn|10
|
|t:|1648968554
|switch|p1a: Chansey|Chansey, F|58/100
|-damage|p1a: Chansey|46/100|[from] Stealth Rock
|move|p2a: Mandibuzz|Knock Off|p1a: Chansey
|-damage|p1a: Chansey|32/100
|-enditem|p1a: Chansey|Eviolite|[from] move: Knock Off|[of] p2a: Mandibuzz
|
|-damage|p2a: Mandibuzz|56/100 psn|[from] psn
|upkeep
|turn|11
|
|t:|1648968561
|move|p2a: Mandibuzz|Roost|p2a: Mandibuzz
|-heal|p2a: Mandibuzz|100/100 psn
|-singleturn|p2a: Mandibuzz|move: Roost
|move|p1a: Chansey|Soft-Boiled|p1a: Chansey
|-heal|p1a: Chansey|82/100
|
|-damage|p2a: Mandibuzz|88/100 psn|[from] psn
|upkeep
|turn|12
|
|t:|1648968567
|move|p2a: Mandibuzz|U-turn|p1a: Chansey
|-damage|p1a: Chansey|70/100
|
|t:|1648968573
|switch|p2a: Zarude|Zarude|100/100|[from]move: U-turn
|move|p1a: Chansey|Teleport|p1a: Chansey
|
|t:|1648968577
|switch|p1a: Scizor|Scizor, F|100/100|[from]move: Teleport
|-damage|p1a: Scizor|88/100|[from] Stealth Rock
|
|upkeep
|turn|13
|
|t:|1648968583
|move|p2a: Zarude|U-turn|p1a: Scizor
|-resisted|p1a: Scizor
|-damage|p1a: Scizor|72/100
|
|t:|1648968589
|switch|p2a: Cobalion|Cobalion|35/100|[from]move: U-turn
|move|p1a: Scizor|U-turn|p2a: Cobalion
|-resisted|p2a: Cobalion
|-damage|p2a: Cobalion|22/100
|
|t:|1648968596
|switch|p1a: Conkeldurr|Conkeldurr, F|100/100|[from]move: U-turn
|-damage|p1a: Conkeldurr|95/100|[from] Stealth Rock
|
|-status|p1a: Conkeldurr|brn|[from] item: Flame Orb
|upkeep
|turn|14
|
|t:|1648968601
|move|p2a: Cobalion|Close Combat|p1a: Conkeldurr
|-damage|p1a: Conkeldurr|43/100 brn
|-unboost|p2a: Cobalion|def|1
|-unboost|p2a: Cobalion|spd|1
|move|p1a: Conkeldurr|Drain Punch|p2a: Cobalion
|-supereffective|p2a: Cobalion
|-damage|p2a: Cobalion|0 fnt
|-heal|p1a: Conkeldurr|53/100 brn|[from] drain|[of] p2a: Cobalion
|faint|p2a: Cobalion
|
|-damage|p1a: Conkeldurr|48/100 brn|[from] brn
|upkeep
|
|t:|1648968605
|switch|p2a: Gardevoir|Gardevoir, F|99/100
|-ability|p2a: Gardevoir|Guts|[from] ability: Trace|[of] p1a: Conkeldurr
|turn|15
|
|t:|1648968613
|switch|p1a: Tangrowth|Tangrowth, F|100/100
|-damage|p1a: Tangrowth|88/100|[from] Stealth Rock
|move|p2a: Gardevoir|Mystical Fire|p1a: Tangrowth
|-supereffective|p1a: Tangrowth
|-damage|p1a: Tangrowth|56/100
|-unboost|p1a: Tangrowth|spa|1
|
|upkeep
|turn|16
|j| Paper Returns
|
|t:|1648968621
|switch|p2a: Mandibuzz|Mandibuzz, F|88/100 psn
|move|p1a: Tangrowth|Sludge Bomb|p2a: Mandibuzz
|-damage|p2a: Mandibuzz|75/100 psn
|
|-damage|p2a: Mandibuzz|62/100 psn|[from] psn
|upkeep
|turn|17
|
|t:|1648968626
|switch|p1a: Chansey|Chansey, F|70/100
|-damage|p1a: Chansey|58/100|[from] Stealth Rock
|move|p2a: Mandibuzz|U-turn|p1a: Chansey
|-damage|p1a: Chansey|47/100
|
|t:|1648968629
|switch|p2a: Entei|Entei|100/100|[from]move: U-turn
|
|upkeep
|turn|18
|
|t:|1648968636
|move|p2a: Entei|Sacred Fire|p1a: Chansey
|-damage|p1a: Chansey|3/100
|-status|p1a: Chansey|brn
|move|p1a: Chansey|Stealth Rock|p2a: Entei
|-sidestart|p2: PlasticPinnochio|move: Stealth Rock
|
|-damage|p1a: Chansey|0 fnt|[from] brn
|faint|p1a: Chansey
|upkeep
|
|t:|1648968644
|switch|p1a: Hydreigon|Hydreigon, F|100/100
|-damage|p1a: Hydreigon|88/100|[from] Stealth Rock
|turn|19
|
|t:|1648968650
|switch|p2a: Slowking|Slowking, M|100/100
|move|p1a: Hydreigon|U-turn|p2a: Slowking
|-supereffective|p2a: Slowking
|-damage|p2a: Slowking|68/100
|
|t:|1648968657
|switch|p1a: Conkeldurr|Conkeldurr, F|48/100 brn|[from]move: U-turn
|-damage|p1a: Conkeldurr|42/100 brn|[from] Stealth Rock
|
|-damage|p1a: Conkeldurr|36/100 brn|[from] brn
|upkeep
|turn|20
|
|t:|1648968680
|move|p1a: Conkeldurr|Facade|p2a: Slowking
|-damage|p2a: Slowking|0 fnt
|faint|p2a: Slowking
|
|-damage|p1a: Conkeldurr|30/100 brn|[from] brn
|upkeep
|inactive|PlasticPinnochio has 120 seconds left.
|
|t:|1648968700
|switch|p2a: Gardevoir|Gardevoir, F|99/100
|-damage|p2a: Gardevoir|86/100|[from] Stealth Rock
|-ability|p2a: Gardevoir|Guts|[from] ability: Trace|[of] p1a: Conkeldurr
|turn|21
|
|t:|1648968719
|switch|p1a: Tangrowth|Tangrowth, F|90/100
|-damage|p1a: Tangrowth|77/100|[from] Stealth Rock
|move|p2a: Gardevoir|Mystical Fire|p1a: Tangrowth
|-supereffective|p1a: Tangrowth
|-damage|p1a: Tangrowth|48/100
|-unboost|p1a: Tangrowth|spa|1
|
|upkeep
|turn|22
|
|t:|1648968727
|move|p2a: Gardevoir|Mystical Fire|p1a: Tangrowth
|-supereffective|p1a: Tangrowth
|-damage|p1a: Tangrowth|18/100
|-unboost|p1a: Tangrowth|spa|1
|move|p1a: Tangrowth|Knock Off|p2a: Gardevoir
|-damage|p2a: Gardevoir|59/100
|
|upkeep
|turn|23
|
|t:|1648968736
|move|p2a: Gardevoir|Mystical Fire|p1a: Tangrowth
|-supereffective|p1a: Tangrowth
|-damage|p1a: Tangrowth|0 fnt
|faint|p1a: Tangrowth
|
|upkeep
|
|t:|1648968763
|switch|p1a: Scizor|Scizor, F|72/100
|-damage|p1a: Scizor|59/100|[from] Stealth Rock
|turn|24
|
|t:|1648968767
|move|p1a: Scizor|Bullet Punch|p2a: Gardevoir
|-supereffective|p2a: Gardevoir
|-damage|p2a: Gardevoir|0 fnt
|faint|p2a: Gardevoir
|
|upkeep
|
|t:|1648968770
|switch|p2a: Entei|Entei|100/100
|turn|25
|
|t:|1648968782
|move|p1a: Scizor|Bullet Punch|p2a: Entei
|-resisted|p2a: Entei
|-damage|p2a: Entei|73/100
|move|p2a: Entei|Sacred Fire|p1a: Scizor
|-supereffective|p1a: Scizor
|-damage|p1a: Scizor|0 fnt
|faint|p1a: Scizor
|
|upkeep
|
|t:|1648968791
|switch|p1a: Hydreigon|Hydreigon, F|88/100
|-damage|p1a: Hydreigon|76/100|[from] Stealth Rock
|turn|26
|inactive|PlasticPinnochio has 120 seconds left.
|
|t:|1648968838
|switch|p2a: Mandibuzz|Mandibuzz, F|62/100 psn
|move|p1a: Hydreigon|U-turn|p2a: Mandibuzz
|-damage|p2a: Mandibuzz|54/100 psn
|
|t:|1648968848
|switch|p1a: Conkeldurr|Conkeldurr, F|30/100 brn|[from]move: U-turn
|-damage|p1a: Conkeldurr|24/100 brn|[from] Stealth Rock
|
|-damage|p2a: Mandibuzz|41/100 psn|[from] psn
|-damage|p1a: Conkeldurr|18/100 brn|[from] brn
|upkeep
|turn|27
|
|t:|1648968855
|move|p2a: Mandibuzz|Knock Off|p1a: Conkeldurr
|-resisted|p1a: Conkeldurr
|-damage|p1a: Conkeldurr|7/100 brn
|-enditem|p1a: Conkeldurr|Flame Orb|[from] move: Knock Off|[of] p2a: Mandibuzz
|move|p1a: Conkeldurr|Drain Punch|p2a: Mandibuzz
|-crit|p2a: Mandibuzz
|-damage|p2a: Mandibuzz|0 fnt
|-heal|p1a: Conkeldurr|31/100 brn|[from] drain|[of] p2a: Mandibuzz
|faint|p2a: Mandibuzz
|
|-damage|p1a: Conkeldurr|25/100 brn|[from] brn
|upkeep
|
|t:|1648968858
|switch|p2a: Entei|Entei|73/100
|turn|28
|
|t:|1648968869
|switch|p1a: Hydreigon|Hydreigon, F|76/100
|-damage|p1a: Hydreigon|64/100|[from] Stealth Rock
|move|p2a: Entei|Extreme Speed|p1a: Hydreigon
|-damage|p1a: Hydreigon|35/100
|
|upkeep
|turn|29
|
|t:|1648968879
|move|p2a: Entei|Extreme Speed|p1a: Hydreigon
|-damage|p1a: Hydreigon|7/100
|move|p1a: Hydreigon|Draco Meteor|p2a: Entei
|-damage|p2a: Entei|0 fnt
|-unboost|p1a: Hydreigon|spa|2
|faint|p2a: Entei
|
|upkeep
|
|t:|1648968883
|switch|p2a: Zarude|Zarude|100/100
|-damage|p2a: Zarude|88/100|[from] Stealth Rock
|turn|30
|c|☆yogo896|ggwp
|
|t:|1648968891
|move|p1a: Hydreigon|Draco Meteor|p2a: Zarude
|-damage|p2a: Zarude|57/100
|-unboost|p1a: Hydreigon|spa|2
|move|p2a: Zarude|Darkest Lariat|p1a: Hydreigon
|-resisted|p1a: Hydreigon
|-damage|p1a: Hydreigon|0 fnt
|faint|p1a: Hydreigon
|
|upkeep
|
|t:|1648968895
|switch|p1a: Conkeldurr|Conkeldurr, F|25/100 brn
|-damage|p1a: Conkeldurr|19/100 brn|[from] Stealth Rock
|turn|31
|
|t:|1648968899
|move|p1a: Conkeldurr|Mach Punch|p2a: Zarude
|-supereffective|p2a: Zarude
|-damage|p2a: Zarude|0 fnt
|faint|p2a: Zarude
|
|win|yogo896
|raw|yogo896's rating: 1378 &rarr; <strong>1403</strong><br />(+25 for winning)
|raw|PlasticPinnochio's rating: 1465 &rarr; <strong>1440</strong><br />(-25 for losing)
