|j|☆UUBF5 detour
|j|☆Arakd’eau ㋛
|t:|1617464601
|gametype|singles
|player|p1|UUBF5 detour|maid-gen4|1323
|player|p2|Arakd’eau ㋛|camper|1458
|teamsize|p1|6
|teamsize|p2|6
|gen|8
|tier|[Gen 8] UU
|rated|
|clearpoke
|poke|p1|Weezing-Galar, M|
|poke|p1|Pyukumuku, M|
|poke|p1|Chansey, F|
|poke|p1|Mew|
|poke|p1|Salamence, M|
|poke|p1|Amoonguss, F|
|poke|p2|Tapu Bulu|
|poke|p2|Celesteela|
|poke|p2|Azumarill, M|
|poke|p2|Shuckle, F|
|poke|p2|Thundurus-Therian, M|
|poke|p2|Cloyster, F|
|rule|Sleep Clause Mod: Limit one foe put to sleep
|rule|Species Clause: Limit one of each Pokémon
|rule|OHKO Clause: OHKO moves are banned
|rule|Evasion Moves Clause: Evasion moves are banned
|rule|Endless Battle Clause: Forcing endless battles is banned
|rule|HP Percentage Mod: HP is shown in percentages
|rule|Dynamax Clause: You cannot dynamax
|teampreview
|inactive|Battle timer is ON: inactive players will automatically lose when time's up. (requested by Arakd’eau ㋛)
|
|t:|1617464615
|start
|switch|p1a: Chansey|Chansey, F|100/100
|switch|p2a: Shuckle|Shuckle, F|100/100
|turn|1
|
|t:|1617464617
|move|p1a: Chansey|Stealth Rock|p2a: Shuckle
|-sidestart|p2: Arakd’eau ㋛|move: Stealth Rock
|move|p2a: Shuckle|Knock Off|p1a: Chansey
|-damage|p1a: Chansey|97/100
|-enditem|p1a: Chansey|Eviolite|[from] move: Knock Off|[of] p2a: Shuckle
|
|upkeep
|turn|2
|
|t:|1617464620
|switch|p1a: Mew|Mew|100/100
|move|p2a: Shuckle|Sticky Web|p1a: Mew
|-sidestart|p1: UUBF5 detour|move: Sticky Web
|
|upkeep
|turn|3
|
|t:|1617464622
|move|p1a: Mew|Spikes|p2a: Shuckle
|-sidestart|p2: Arakd’eau ㋛|Spikes
|move|p2a: Shuckle|Stealth Rock|p1a: Mew
|-sidestart|p1: UUBF5 detour|move: Stealth Rock
|
|upkeep
|turn|4
|
|t:|1617464627
|move|p1a: Mew|Spikes|p2a: Shuckle
|-sidestart|p2: Arakd’eau ㋛|Spikes
|move|p2a: Shuckle|Encore|p1a: Mew
|-start|p1a: Mew|Encore
|
|upkeep
|turn|5
|
|t:|1617464630
|switch|p2a: Celesteela|Celesteela|100/100
|-damage|p2a: Celesteela|88/100|[from] Stealth Rock
|move|p1a: Mew|Spikes|p2a: Celesteela
|-sidestart|p2: Arakd’eau ㋛|Spikes
|
|upkeep
|turn|6
|
|t:|1617464637
|switch|p1a: Chansey|Chansey, F|97/100
|-activate|p1a: Chansey|move: Sticky Web
|-unboost|p1a: Chansey|spe|1
|-damage|p1a: Chansey|85/100|[from] Stealth Rock
|move|p2a: Celesteela|Autotomize|p2a: Celesteela
|-boost|p2a: Celesteela|spe|2
|-start|p2a: Celesteela|Autotomize
|
|upkeep
|turn|7
|
|t:|1617464640
|move|p2a: Celesteela|Air Slash|p1a: Chansey|[miss]
|-miss|p2a: Celesteela|p1a: Chansey
|move|p1a: Chansey|Seismic Toss|p2a: Celesteela
|-damage|p2a: Celesteela|58/100
|
|upkeep
|turn|8
|
|t:|1617464642
|move|p2a: Celesteela|Air Slash|p1a: Chansey
|-damage|p1a: Chansey|66/100
|move|p1a: Chansey|Seismic Toss|p2a: Celesteela
|-damage|p2a: Celesteela|29/100
|
|upkeep
|turn|9
|
|t:|1617464644
|move|p2a: Celesteela|Meteor Beam||[still]
|-prepare|p2a: Celesteela|Meteor Beam
|-boost|p2a: Celesteela|spa|1
|-enditem|p2a: Celesteela|Power Herb
|-anim|p2a: Celesteela|Meteor Beam|p1a: Chansey|[miss]
|-miss|p2a: Celesteela|p1a: Chansey
|move|p1a: Chansey|Soft-Boiled|p1a: Chansey
|-heal|p1a: Chansey|100/100
|
|upkeep
|turn|10
|
|t:|1617464647
|move|p2a: Celesteela|Air Slash|p1a: Chansey
|-damage|p1a: Chansey|76/100
|move|p1a: Chansey|Seismic Toss|p2a: Celesteela
|-damage|p2a: Celesteela|0 fnt
|faint|p2a: Celesteela
|
|upkeep
|
|t:|1617464661
|switch|p2a: Thundurus|Thundurus-Therian, M|100/100
|turn|11
|
|t:|1617464682
|move|p2a: Thundurus|Nasty Plot|p2a: Thundurus
|-boost|p2a: Thundurus|spa|2
|move|p1a: Chansey|Seismic Toss|p2a: Thundurus
|-damage|p2a: Thundurus|67/100
|
|upkeep
|turn|12
|
|t:|1617464691
|move|p2a: Thundurus|Focus Blast|p1a: Chansey|[miss]
|-miss|p2a: Thundurus|p1a: Chansey
|move|p1a: Chansey|Seismic Toss|p2a: Thundurus
|-damage|p2a: Thundurus|34/100
|
|upkeep
|turn|13
|
|t:|1617464694
|move|p2a: Thundurus|Focus Blast|p1a: Chansey|[miss]
|-miss|p2a: Thundurus|p1a: Chansey
|move|p1a: Chansey|Seismic Toss|p2a: Thundurus
|-damage|p2a: Thundurus|0 fnt
|faint|p2a: Thundurus
|
|upkeep
|
|t:|1617464699
|switch|p2a: Tapu Bulu|Tapu Bulu|100/100
|-damage|p2a: Tapu Bulu|76/100|[from] Spikes
|-damage|p2a: Tapu Bulu|63/100|[from] Stealth Rock
|-fieldstart|move: Grassy Terrain|[from] ability: Grassy Surge|[of] p2a: Tapu Bulu
|turn|14
|
|t:|1617464705
|switch|p1a: Salamence|Salamence, M|100/100
|-ability|p1a: Salamence|Intimidate|boost
|-unboost|p2a: Tapu Bulu|atk|1
|move|p2a: Tapu Bulu|Swords Dance|p2a: Tapu Bulu
|-boost|p2a: Tapu Bulu|atk|2
|
|-heal|p2a: Tapu Bulu|69/100|[from] Grassy Terrain
|upkeep
|turn|15
|
|t:|1617464709
|move|p2a: Tapu Bulu|Stone Edge|p1a: Salamence
|-supereffective|p1a: Salamence
|-crit|p1a: Salamence
|-damage|p1a: Salamence|0 fnt
|-damage|p2a: Tapu Bulu|59/100|[from] item: Life Orb
|faint|p1a: Salamence
|
|-heal|p2a: Tapu Bulu|65/100|[from] Grassy Terrain
|upkeep
|
|t:|1617464712
|switch|p1a: Amoonguss|Amoonguss, F|100/100
|turn|16
|
|t:|1617464714
|move|p2a: Tapu Bulu|Stone Edge|p1a: Amoonguss
|-damage|p1a: Amoonguss|50/100
|-damage|p2a: Tapu Bulu|55/100|[from] item: Life Orb
|move|p1a: Amoonguss|Sludge Bomb|p2a: Tapu Bulu
|-supereffective|p2a: Tapu Bulu
|-damage|p2a: Tapu Bulu|0 fnt
|faint|p2a: Tapu Bulu
|
|-heal|p1a: Amoonguss|57/100|[from] Grassy Terrain
|upkeep
|
|t:|1617464720
|switch|p2a: Cloyster|Cloyster, F|100/100
|-damage|p2a: Cloyster|76/100|[from] Stealth Rock
|-damage|p2a: Cloyster|51/100|[from] Spikes
|turn|17
|
|t:|1617464722
|move|p2a: Cloyster|Icicle Spear|p1a: Amoonguss
|-supereffective|p1a: Amoonguss
|-damage|p1a: Amoonguss|38/100
|-supereffective|p1a: Amoonguss
|-damage|p1a: Amoonguss|20/100
|-supereffective|p1a: Amoonguss
|-damage|p1a: Amoonguss|2/100
|-supereffective|p1a: Amoonguss
|-damage|p1a: Amoonguss|0 fnt
|-hitcount|p1a: Amoonguss|4
|faint|p1a: Amoonguss
|
|-heal|p2a: Cloyster|57/100|[from] Grassy Terrain
|upkeep
|
|t:|1617464728
|switch|p1a: Mew|Mew|100/100
|-activate|p1a: Mew|move: Sticky Web
|-unboost|p1a: Mew|spe|1
|-damage|p1a: Mew|88/100|[from] Stealth Rock
|turn|18
|
|t:|1617464733
|move|p2a: Cloyster|Shell Smash|p2a: Cloyster
|-unboost|p2a: Cloyster|def|1
|-unboost|p2a: Cloyster|spd|1
|-boost|p2a: Cloyster|atk|2
|-boost|p2a: Cloyster|spa|2
|-boost|p2a: Cloyster|spe|2
|move|p1a: Mew|Will-O-Wisp|p2a: Cloyster
|-status|p2a: Cloyster|brn
|
|-heal|p2a: Cloyster|63/100 brn|[from] Grassy Terrain
|-heal|p1a: Mew|94/100|[from] Grassy Terrain
|-heal|p1a: Mew|100/100|[from] item: Leftovers
|-fieldend|move: Grassy Terrain
|-damage|p2a: Cloyster|57/100 brn|[from] brn
|upkeep
|turn|19
|
|t:|1617464744
|move|p2a: Cloyster|Icicle Spear|p1a: Mew
|-damage|p1a: Mew|92/100
|-damage|p1a: Mew|83/100
|-damage|p1a: Mew|74/100
|-damage|p1a: Mew|65/100
|-damage|p1a: Mew|57/100
|-hitcount|p1a: Mew|5
|cant|p1a: Mew|flinch
|
|-heal|p1a: Mew|63/100|[from] item: Leftovers
|-damage|p2a: Cloyster|51/100 brn|[from] brn
|upkeep
|turn|20
|l|☆Arakd’eau ㋛
|inactive|Arakd’eau ㋛ disconnected and has a minute to reconnect!
|player|p2|
|
|t:|1617464749
|move|p2a: Cloyster|Icicle Spear|p1a: Mew
|-damage|p1a: Mew|53/100
|-crit|p1a: Mew
|-damage|p1a: Mew|39/100
|-damage|p1a: Mew|30/100
|-damage|p1a: Mew|22/100
|-damage|p1a: Mew|13/100
|-hitcount|p1a: Mew|5
|move|p1a: Mew|Knock Off|p2a: Cloyster
|-damage|p2a: Cloyster|22/100 brn
|-enditem|p2a: Cloyster|King's Rock|[from] move: Knock Off|[of] p1a: Mew
|
|-heal|p1a: Mew|19/100|[from] item: Leftovers
|-damage|p2a: Cloyster|16/100 brn|[from] brn
|upkeep
|turn|21
|j|☆Arakd’eau ㋛
|inactive|Arakd’eau ㋛ reconnected and has 145 seconds left.
|player|p2|Arakd’eau ㋛|camper
|
|t:|1617464759
|move|p2a: Cloyster|Icicle Spear|p1a: Mew
|-damage|p1a: Mew|10/100
|-damage|p1a: Mew|1/100
|-damage|p1a: Mew|0 fnt
|-hitcount|p1a: Mew|3
|faint|p1a: Mew
|
|-damage|p2a: Cloyster|10/100 brn|[from] brn
|upkeep
|
|t:|1617464761
|switch|p1a: Pyukumuku|Pyukumuku, M|100/100
|turn|22
|
|t:|1617464768
|move|p2a: Cloyster|Rock Blast|p1a: Pyukumuku
|-damage|p1a: Pyukumuku|98/100
|-damage|p1a: Pyukumuku|95/100
|-damage|p1a: Pyukumuku|93/100
|-damage|p1a: Pyukumuku|90/100
|-damage|p1a: Pyukumuku|88/100
|-hitcount|p1a: Pyukumuku|5
|move|p1a: Pyukumuku|Recover|p1a: Pyukumuku
|-heal|p1a: Pyukumuku|100/100
|
|-damage|p2a: Cloyster|4/100 brn|[from] brn
|upkeep
|turn|23
|
|t:|1617464770
|move|p2a: Cloyster|Rock Blast|p1a: Pyukumuku
|-damage|p1a: Pyukumuku|98/100
|-damage|p1a: Pyukumuku|96/100
|-damage|p1a: Pyukumuku|93/100
|-damage|p1a: Pyukumuku|91/100
|-damage|p1a: Pyukumuku|88/100
|-hitcount|p1a: Pyukumuku|5
|move|p1a: Pyukumuku|Recover|p1a: Pyukumuku
|-heal|p1a: Pyukumuku|100/100
|
|-damage|p2a: Cloyster|0 fnt|[from] brn
|faint|p2a: Cloyster
|upkeep
|
|t:|1617464774
|switch|p2a: Shuckle|Shuckle, F|100/100
|-damage|p2a: Shuckle|76/100|[from] Stealth Rock
|-damage|p2a: Shuckle|51/100|[from] Spikes
|turn|24
|
|t:|1617464780
|switch|p1a: Chansey|Chansey, F|76/100
|-damage|p1a: Chansey|64/100|[from] Stealth Rock
|-activate|p1a: Chansey|move: Sticky Web
|-unboost|p1a: Chansey|spe|1
|move|p2a: Shuckle|Knock Off|p1a: Chansey
|-damage|p1a: Chansey|61/100
|
|upkeep
|turn|25
|
|t:|1617464783
|move|p1a: Chansey|Seismic Toss|p2a: Shuckle
|-damage|p2a: Shuckle|10/100
|move|p2a: Shuckle|Encore|p1a: Chansey
|-start|p1a: Chansey|Encore
|
|upkeep
|turn|26
|-enditem|p2a: Shuckle|Custap Berry|[eat]
|-activate|p2a: Shuckle|item: Custap Berry|[consumed]
|
|t:|1617464786
|move|p2a: Shuckle|Knock Off|p1a: Chansey
|-damage|p1a: Chansey|58/100
|move|p1a: Chansey|Seismic Toss|p2a: Shuckle
|-damage|p2a: Shuckle|0 fnt
|faint|p2a: Shuckle
|
|upkeep
|
|t:|1617464795
|switch|p2a: Azumarill|Azumarill, M|100/100
|-damage|p2a: Azumarill|88/100|[from] Stealth Rock
|-damage|p2a: Azumarill|63/100|[from] Spikes
|turn|27
|
|t:|1617464799
|move|p2a: Azumarill|Play Rough|p1a: Chansey
|-damage|p1a: Chansey|3/100
|move|p1a: Chansey|Seismic Toss|p2a: Azumarill
|-damage|p2a: Azumarill|34/100
|-enditem|p2a: Azumarill|Sitrus Berry|[eat]
|-heal|p2a: Azumarill|59/100|[from] item: Sitrus Berry
|
|upkeep
|turn|28
|
|t:|1617464807
|move|p2a: Azumarill|Knock Off|p1a: Chansey
|-damage|p1a: Chansey|0 fnt
|faint|p1a: Chansey
|
|upkeep
|
|t:|1617464810
|switch|p1a: Pyukumuku|Pyukumuku, M|100/100
|turn|29
|
|t:|1617464814
|move|p2a: Azumarill|Play Rough|p1a: Pyukumuku
|-damage|p1a: Pyukumuku|63/100
|move|p1a: Pyukumuku|Soak|p2a: Azumarill
|-start|p2a: Azumarill|typechange|Water
|
|upkeep
|turn|30
|
|t:|1617464817
|move|p2a: Azumarill|Knock Off|p1a: Pyukumuku
|-damage|p1a: Pyukumuku|34/100
|-enditem|p1a: Pyukumuku|Heavy-Duty Boots|[from] move: Knock Off|[of] p2a: Azumarill
|move|p1a: Pyukumuku|Recover|p1a: Pyukumuku
|-heal|p1a: Pyukumuku|85/100
|
|upkeep
|turn|31
|
|t:|1617464820
|move|p2a: Azumarill|Play Rough|p1a: Pyukumuku
|-damage|p1a: Pyukumuku|58/100
|-unboost|p1a: Pyukumuku|atk|1
|move|p1a: Pyukumuku|Recover|p1a: Pyukumuku
|-heal|p1a: Pyukumuku|100/100
|
|upkeep
|turn|32
|
|t:|1617464823
|move|p2a: Azumarill|Play Rough|p1a: Pyukumuku
|-damage|p1a: Pyukumuku|74/100
|move|p1a: Pyukumuku|Toxic|p2a: Azumarill
|-status|p2a: Azumarill|tox
|
|-damage|p2a: Azumarill|53/100 tox|[from] psn
|upkeep
|turn|33
|-message|Arakd’eau ㋛ forfeited.
|
|win|UUBF5 detour
|raw|UUBF5 detour's rating: 1323 &rarr; <strong>1350</strong><br />(+27 for winning)
|raw|Arakd’eau ㋛'s rating: 1458 &rarr; <strong>1431</strong><br />(-27 for losing)
|l|☆Arakd’eau ㋛
