|j|☆Adrian X
|j|☆Goro Yagami 9
|t:|1661810104
|gametype|singles
|player|p1|Adrian X|169|1365
|player|p2|Goro Yagami 9|169|1336
|teamsize|p1|6
|teamsize|p2|6
|gen|8
|tier|[Gen 8] UU
|rated|
|rule|Sleep Clause Mod: Limit one foe put to sleep
|rule|Species Clause: Limit one of each Pokémon
|rule|OHKO Clause: OHKO moves are banned
|rule|Evasion Items Clause: Evasion items are banned
|rule|Evasion Moves Clause: Evasion moves are banned
|rule|Endless Battle Clause: Forcing endless battles is banned
|rule|HP Percentage Mod: HP is shown in percentages
|rule|Dynamax Clause: You cannot dynamax
|clearpoke
|poke|p1|Torkoal, F|
|poke|p1|Gyarados, F|
|poke|p1|Scizor, F|
|poke|p1|Darmanitan, F|
|poke|p1|Venusaur, F|
|poke|p1|Rotom-Wash|
|poke|p2|Zygarde-10%|
|poke|p2|Chansey, F|
|poke|p2|Cobalion|
|poke|p2|Hydreigon, F|
|poke|p2|Tangrowth, F|
|poke|p2|Salamence, F|
|teampreview
|inactive|Battle timer is ON: inactive players will automatically lose when time's up. (requested by Adrian X)
|
|t:|1661810123
|start
|switch|p1a: Darmanitan|Darmanitan, F, shiny|100/100
|switch|p2a: Chansey|Chansey, F|100/100
|turn|1
|
|t:|1661810129
|move|p1a: Darmanitan|U-turn|p2a: Chansey
|-damage|p2a: Chansey|83/100
|
|t:|1661810132
|switch|p1a: Torkoal|Torkoal, F, shiny|100/100|[from]move: U-turn
|-weather|SunnyDay|[from] ability: Drought|[of] p1a: Torkoal
|move|p2a: Chansey|Teleport|p2a: Chansey
|
|t:|1661810159
|switch|p2a: Hydreigon|Hydreigon, F|100/100|[from]move: Teleport
|
|-weather|SunnyDay|[upkeep]
|upkeep
|turn|2
|
|t:|1661810170
|switch|p1a: Rotom|Rotom-Wash, shiny|100/100
|move|p2a: Hydreigon|Draco Meteor|p1a: Rotom
|-damage|p1a: Rotom|32/100
|-unboost|p2a: Hydreigon|spa|2
|
|-weather|SunnyDay|[upkeep]
|-heal|p1a: Rotom|38/100|[from] item: Leftovers
|upkeep
|turn|3
|
|t:|1661810183
|switch|p2a: Zygarde|Zygarde-10%|100/100
|-ability|p2a: Zygarde|Aura Break
|move|p1a: Rotom|Pain Split|p2a: Zygarde
|-sethp|p2a: Zygarde|74/100|[from] move: Pain Split|[silent]
|-sethp|p1a: Rotom|60/100|[from] move: Pain Split
|
|-weather|SunnyDay|[upkeep]
|-heal|p1a: Rotom|67/100|[from] item: Leftovers
|upkeep
|turn|4
|
|t:|1661810194
|switch|p1a: Scizor|Scizor, F, shiny|100/100
|move|p2a: Zygarde|Thousand Arrows|p1a: Scizor
|-damage|p1a: Scizor|43/100
|
|-weather|SunnyDay|[upkeep]
|upkeep
|turn|5
|
|t:|1661810201
|switch|p2a: Salamence|Salamence, F|100/100
|-ability|p2a: Salamence|Intimidate|boost
|-unboost|p1a: Scizor|atk|1
|move|p1a: Scizor|Bullet Punch|p2a: Salamence
|-damage|p2a: Salamence|82/100
|
|-weather|SunnyDay|[upkeep]
|upkeep
|turn|6
|
|t:|1661810210
|switch|p1a: Rotom|Rotom-Wash, shiny|67/100
|move|p2a: Salamence|Flamethrower|p1a: Rotom
|-resisted|p1a: Rotom
|-damage|p1a: Rotom|50/100
|
|-weather|SunnyDay|[upkeep]
|-heal|p1a: Rotom|57/100|[from] item: Leftovers
|upkeep
|turn|7
|
|t:|1661810220
|switch|p2a: Chansey|Chansey, F|83/100
|move|p1a: Rotom|Pain Split|p2a: Chansey
|-sethp|p2a: Chansey|54/100|[from] move: Pain Split|[silent]
|-sethp|p1a: Rotom|100/100|[from] move: Pain Split
|
|-weather|SunnyDay|[upkeep]
|upkeep
|turn|8
|
|t:|1661810227
|move|p1a: Rotom|Volt Switch|p2a: Chansey
|-damage|p2a: Chansey|44/100
|
|t:|1661810231
|switch|p1a: Scizor|Scizor, F, shiny|43/100|[from]move: Volt Switch
|move|p2a: Chansey|Soft-Boiled|p2a: Chansey
|-heal|p2a: Chansey|94/100
|
|-weather|none
|upkeep
|turn|9
|
|t:|1661810237
|switch|p2a: Cobalion|Cobalion|100/100
|move|p1a: Scizor|Roost|p1a: Scizor
|-heal|p1a: Scizor|94/100
|-singleturn|p1a: Scizor|move: Roost
|
|upkeep
|turn|10
|
|t:|1661810243
|switch|p1a: Torkoal|Torkoal, F, shiny|100/100
|-weather|SunnyDay|[from] ability: Drought|[of] p1a: Torkoal
|move|p2a: Cobalion|Stealth Rock|p1a: Torkoal
|-sidestart|p1: Adrian X|move: Stealth Rock
|
|-weather|SunnyDay|[upkeep]
|upkeep
|turn|11
|
|t:|1661810250
|switch|p2a: Chansey|Chansey, F|94/100
|move|p1a: Torkoal|Yawn|p2a: Chansey
|-start|p2a: Chansey|move: Yawn|[of] p1a: Torkoal
|
|-weather|SunnyDay|[upkeep]
|upkeep
|turn|12
|
|t:|1661810259
|move|p2a: Chansey|Toxic|p1a: Torkoal
|-status|p1a: Torkoal|tox
|move|p1a: Torkoal|Rapid Spin|p2a: Chansey
|-damage|p2a: Chansey|88/100
|-boost|p1a: Torkoal|spe|1
|-sideend|p1: Adrian X|Stealth Rock|[from] move: Rapid Spin|[of] p1a: Torkoal
|
|-weather|SunnyDay|[upkeep]
|-damage|p1a: Torkoal|94/100 tox|[from] psn
|-end|p2a: Chansey|move: Yawn|[silent]
|-status|p2a: Chansey|slp
|upkeep
|turn|13
|
|t:|1661810278
|-curestatus|p2a: Chansey|slp|[from] ability: Natural Cure
|switch|p2a: Hydreigon|Hydreigon, F|100/100
|switch|p1a: Darmanitan|Darmanitan, F, shiny|100/100
|
|-weather|SunnyDay|[upkeep]
|upkeep
|turn|14
|
|t:|1661810286
|move|p2a: Hydreigon|Draco Meteor|p1a: Darmanitan
|-damage|p1a: Darmanitan|1/100
|-unboost|p2a: Hydreigon|spa|2
|move|p1a: Darmanitan|U-turn|p2a: Hydreigon
|-supereffective|p2a: Hydreigon
|-damage|p2a: Hydreigon|46/100
|
|t:|1661810298
|switch|p1a: Venusaur|Venusaur, F, shiny|100/100|[from]move: U-turn
|
|-weather|SunnyDay|[upkeep]
|upkeep
|turn|15
|
|t:|1661810309
|switch|p2a: Chansey|Chansey, F|88/100
|move|p1a: Venusaur|Sludge Bomb|p2a: Chansey
|-damage|p2a: Chansey|70/100
|-damage|p1a: Venusaur|91/100|[from] item: Life Orb
|
|-weather|SunnyDay|[upkeep]
|upkeep
|turn|16
|
|t:|1661810317
|switch|p1a: Torkoal|Torkoal, F, shiny|94/100 tox
|move|p2a: Chansey|Teleport|p2a: Chansey
|inactive|Goro Yagami 9 has 120 seconds left.
|
|t:|1661810356
|switch|p2a: Hydreigon|Hydreigon, F|46/100|[from]move: Teleport
|
|-weather|SunnyDay|[upkeep]
|-damage|p1a: Torkoal|88/100 tox|[from] psn
|upkeep
|turn|17
|
|t:|1661810366
|switch|p1a: Rotom|Rotom-Wash, shiny|100/100
|move|p2a: Hydreigon|U-turn|p1a: Rotom
|-damage|p1a: Rotom|85/100
|
|t:|1661810372
|switch|p2a: Zygarde|Zygarde-10%|74/100|[from]move: U-turn
|-ability|p2a: Zygarde|Aura Break
|
|-weather|none
|-heal|p1a: Rotom|91/100|[from] item: Leftovers
|upkeep
|turn|18
|
|t:|1661810379
|switch|p1a: Scizor|Scizor, F, shiny|94/100
|move|p2a: Zygarde|Thousand Arrows|p1a: Scizor
|-damage|p1a: Scizor|36/100
|
|upkeep
|turn|19
|
|t:|1661810386
|move|p2a: Zygarde|Thousand Arrows|p1a: Scizor
|-crit|p1a: Scizor
|-damage|p1a: Scizor|0 fnt
|faint|p1a: Scizor
|
|upkeep
|
|t:|1661810393
|switch|p1a: Torkoal|Torkoal, F, shiny|88/100 tox
|-weather|SunnyDay|[from] ability: Drought|[of] p1a: Torkoal
|turn|20
|
|t:|1661810398
|switch|p2a: Chansey|Chansey, F|70/100
|move|p1a: Torkoal|Stealth Rock|p2a: Chansey
|-sidestart|p2: Goro Yagami 9|move: Stealth Rock
|
|-weather|SunnyDay|[upkeep]
|-damage|p1a: Torkoal|82/100 tox|[from] psn
|upkeep
|turn|21
|
|t:|1661810407
|switch|p1a: Venusaur|Venusaur, F, shiny|91/100
|move|p2a: Chansey|Teleport|p2a: Chansey
|
|t:|1661810420
|switch|p2a: Salamence|Salamence, F|82/100|[from]move: Teleport
|-ability|p2a: Salamence|Intimidate|boost
|-unboost|p1a: Venusaur|atk|1
|
|-weather|SunnyDay|[upkeep]
|upkeep
|turn|22
|
|t:|1661810430
|switch|p1a: Rotom|Rotom-Wash, shiny|91/100
|move|p2a: Salamence|Dual Wingbeat|p1a: Rotom
|-resisted|p1a: Rotom
|-damage|p1a: Rotom|81/100
|-resisted|p1a: Rotom
|-damage|p1a: Rotom|71/100
|-hitcount|p1a: Rotom|2
|
|-weather|SunnyDay|[upkeep]
|-heal|p1a: Rotom|77/100|[from] item: Leftovers
|upkeep
|turn|23
|
|t:|1661810439
|move|p2a: Salamence|Defog|p1a: Rotom
|-unboost|p1a: Rotom|evasion|1
|-sideend|p2: Goro Yagami 9|Stealth Rock|[from] move: Defog|[of] p2a: Salamence
|move|p1a: Rotom|Will-O-Wisp|p2a: Salamence
|-status|p2a: Salamence|brn
|
|-weather|SunnyDay|[upkeep]
|-heal|p1a: Rotom|84/100|[from] item: Leftovers
|-damage|p2a: Salamence|76/100 brn|[from] brn
|upkeep
|turn|24
|
|t:|1661810453
|switch|p2a: Hydreigon|Hydreigon, F|46/100
|move|p1a: Rotom|Volt Switch|p2a: Hydreigon
|-resisted|p2a: Hydreigon
|-damage|p2a: Hydreigon|29/100
|
|t:|1661810458
|switch|p1a: Venusaur|Venusaur, F, shiny|91/100|[from]move: Volt Switch
|
|-weather|SunnyDay|[upkeep]
|upkeep
|turn|25
|
|t:|1661810469
|switch|p2a: Chansey|Chansey, F|70/100
|move|p1a: Venusaur|Growth|p1a: Venusaur
|-boost|p1a: Venusaur|atk|2
|-boost|p1a: Venusaur|spa|2
|
|-weather|SunnyDay|[upkeep]
|upkeep
|turn|26
|
|t:|1661810475
|move|p1a: Venusaur|Growth|p1a: Venusaur
|-boost|p1a: Venusaur|atk|2
|-boost|p1a: Venusaur|spa|2
|move|p2a: Chansey|Soft-Boiled|p2a: Chansey
|-heal|p2a: Chansey|100/100
|
|-weather|SunnyDay|[upkeep]
|upkeep
|turn|27
|
|t:|1661810501
|move|p1a: Venusaur|Weather Ball|p2a: Chansey
|-damage|p2a: Chansey|41/100
|-damage|p1a: Venusaur|81/100|[from] item: Life Orb
|move|p2a: Chansey|Seismic Toss|p1a: Venusaur
|-damage|p1a: Venusaur|47/100
|
|-weather|none
|upkeep
|turn|28
|
|t:|1661810509
|move|p1a: Venusaur|Giga Drain|p2a: Chansey
|-damage|p2a: Chansey|0 fnt
|-heal|p1a: Venusaur|95/100|[from] drain|[of] p2a: Chansey
|faint|p2a: Chansey
|-damage|p1a: Venusaur|85/100|[from] item: Life Orb
|
|upkeep
|inactive|Goro Yagami 9 has 120 seconds left.
|
|t:|1661810530
|switch|p2a: Hydreigon|Hydreigon, F|29/100
|turn|29
|inactive|Goro Yagami 9 has 120 seconds left.
|
|t:|1661810541
|switch|p1a: Rotom|Rotom-Wash, shiny|84/100
|move|p2a: Hydreigon|U-turn|p1a: Rotom
|-damage|p1a: Rotom|68/100
|
|t:|1661810545
|switch|p2a: Zygarde|Zygarde-10%|74/100|[from]move: U-turn
|-ability|p2a: Zygarde|Aura Break
|
|-heal|p1a: Rotom|74/100|[from] item: Leftovers
|upkeep
|turn|30
|
|t:|1661810552
|switch|p1a: Torkoal|Torkoal, F, shiny|82/100 tox
|-weather|SunnyDay|[from] ability: Drought|[of] p1a: Torkoal
|move|p2a: Zygarde|Thousand Arrows|p1a: Torkoal
|-supereffective|p1a: Torkoal
|-damage|p1a: Torkoal|14/100 tox
|
|-weather|SunnyDay|[upkeep]
|-damage|p1a: Torkoal|8/100 tox|[from] psn
|upkeep
|turn|31
|
|t:|1661810568
|switch|p2a: Tangrowth|Tangrowth, F|100/100
|move|p1a: Torkoal|Yawn|p2a: Tangrowth
|-start|p2a: Tangrowth|move: Yawn|[of] p1a: Torkoal
|
|-weather|SunnyDay|[upkeep]
|-damage|p1a: Torkoal|0 fnt|[from] psn
|faint|p1a: Torkoal
|upkeep
|
|t:|1661810576
|switch|p1a: Venusaur|Venusaur, F, shiny|85/100
|turn|32
|
|t:|1661810588
|move|p1a: Venusaur|Growth|p1a: Venusaur
|-boost|p1a: Venusaur|atk|2
|-boost|p1a: Venusaur|spa|2
|move|p2a: Tangrowth|Sludge Bomb|p1a: Venusaur
|-damage|p1a: Venusaur|59/100
|
|-weather|SunnyDay|[upkeep]
|-end|p2a: Tangrowth|move: Yawn|[silent]
|-status|p2a: Tangrowth|slp
|upkeep
|turn|33
|
|t:|1661810596
|move|p1a: Venusaur|Growth|p1a: Venusaur
|-boost|p1a: Venusaur|atk|2
|-boost|p1a: Venusaur|spa|2
|cant|p2a: Tangrowth|slp
|
|-weather|SunnyDay|[upkeep]
|upkeep
|turn|34
|
|t:|1661810601
|move|p1a: Venusaur|Giga Drain|p2a: Tangrowth
|-resisted|p2a: Tangrowth
|-damage|p2a: Tangrowth|48/100 slp
|-heal|p1a: Venusaur|95/100|[from] drain|[of] p2a: Tangrowth
|-damage|p1a: Venusaur|85/100|[from] item: Life Orb
|cant|p2a: Tangrowth|slp
|
|-weather|SunnyDay|[upkeep]
|upkeep
|turn|35
|
|t:|1661810610
|move|p1a: Venusaur|Giga Drain|p2a: Tangrowth
|-resisted|p2a: Tangrowth
|-crit|p2a: Tangrowth
|-damage|p2a: Tangrowth|0 fnt
|-heal|p1a: Venusaur|100/100|[from] drain|[of] p2a: Tangrowth
|faint|p2a: Tangrowth
|-damage|p1a: Venusaur|91/100|[from] item: Life Orb
|
|-weather|SunnyDay|[upkeep]
|upkeep
|inactive|Goro Yagami 9 has 120 seconds left.
|
|t:|1661810641
|switch|p2a: Salamence|Salamence, F|76/100 brn
|-ability|p2a: Salamence|Intimidate|boost
|-unboost|p1a: Venusaur|atk|1
|turn|36
|
|t:|1661810646
|switch|p2a: Cobalion|Cobalion|100/100
|move|p1a: Venusaur|Sludge Bomb|p2a: Cobalion
|-immune|p2a: Cobalion
|
|-weather|SunnyDay|[upkeep]
|upkeep
|turn|37
|
|t:|1661810656
|move|p1a: Venusaur|Weather Ball|p2a: Cobalion
|-supereffective|p2a: Cobalion
|-damage|p2a: Cobalion|0 fnt
|faint|p2a: Cobalion
|-damage|p1a: Venusaur|81/100|[from] item: Life Orb
|
|-weather|none
|upkeep
|
|t:|1661810664
|switch|p2a: Hydreigon|Hydreigon, F|29/100
|turn|38
|
|t:|1661810679
|move|p2a: Hydreigon|Draco Meteor|p1a: Venusaur|[miss]
|-miss|p2a: Hydreigon|p1a: Venusaur
|move|p1a: Venusaur|Giga Drain|p2a: Hydreigon
|-resisted|p2a: Hydreigon
|-damage|p2a: Hydreigon|0 fnt
|-heal|p1a: Venusaur|96/100|[from] drain|[of] p2a: Hydreigon
|faint|p2a: Hydreigon
|-damage|p1a: Venusaur|86/100|[from] item: Life Orb
|
|upkeep
|c|☆Goro Yagami 9|NOI
|c|☆Goro Yagami 9|NO
|c|☆Adrian X|gg
|c|☆Goro Yagami 9|NO
|c|☆Goro Yagami 9|fuck lmao
|
|t:|1661810690
|switch|p2a: Zygarde|Zygarde-10%|74/100
|-ability|p2a: Zygarde|Aura Break
|turn|39
|c|☆Adrian X|well maybe not
|
|t:|1661810702
|move|p2a: Zygarde|Outrage|p1a: Venusaur
|-damage|p1a: Venusaur|0 fnt
|faint|p1a: Venusaur
|
|upkeep
|c|☆Goro Yagami 9|why tho
|
|t:|1661810713
|switch|p1a: Darmanitan|Darmanitan, F, shiny|1/100
|turn|40
|
|t:|1661810717
|move|p1a: Darmanitan|Flare Blitz|p2a: Zygarde
|-resisted|p2a: Zygarde
|-damage|p2a: Zygarde|0 fnt
|faint|p2a: Zygarde
|-damage|p1a: Darmanitan|0 fnt|[from] Recoil
|faint|p1a: Darmanitan
|
|upkeep
|
|t:|1661810723
|switch|p2a: Salamence|Salamence, F|76/100 brn
|switch|p1a: Rotom|Rotom-Wash, shiny|74/100
|-ability|p2a: Salamence|Intimidate|boost
|-unboost|p1a: Rotom|atk|1
|turn|41
|c|☆Goro Yagami 9|that's actual pain
|
|t:|1661810733
|move|p2a: Salamence|Roost|p2a: Salamence
|-heal|p2a: Salamence|100/100 brn
|-singleturn|p2a: Salamence|move: Roost
|move|p1a: Rotom|Hydro Pump|p2a: Salamence
|-resisted|p2a: Salamence
|-damage|p2a: Salamence|76/100 brn
|
|-heal|p1a: Rotom|80/100|[from] item: Leftovers
|-damage|p2a: Salamence|70/100 brn|[from] brn
|upkeep
|turn|42
|
|t:|1661810744
|move|p2a: Salamence|Flamethrower|p1a: Rotom
|-resisted|p1a: Rotom
|-damage|p1a: Rotom|70/100
|move|p1a: Rotom|Hydro Pump|p2a: Salamence
|-resisted|p2a: Salamence
|-damage|p2a: Salamence|43/100 brn
|
|-heal|p1a: Rotom|76/100|[from] item: Leftovers
|-damage|p2a: Salamence|37/100 brn|[from] brn
|upkeep
|turn|43
|
|t:|1661810753
|move|p2a: Salamence|Roost|p2a: Salamence
|-heal|p2a: Salamence|87/100 brn
|-singleturn|p2a: Salamence|move: Roost
|move|p1a: Rotom|Volt Switch|p2a: Salamence
|-resisted|p2a: Salamence
|-damage|p2a: Salamence|69/100 brn
|
|t:|1661810759
|switch|p1a: Gyarados|Gyarados, F, shiny|100/100|[from]move: Volt Switch
|
|-damage|p2a: Salamence|63/100 brn|[from] brn
|upkeep
|turn|44
|
|t:|1661810774
|move|p1a: Gyarados|Dragon Dance|p1a: Gyarados
|-boost|p1a: Gyarados|atk|1
|-boost|p1a: Gyarados|spe|1
|move|p2a: Salamence|Roost|p2a: Salamence
|-heal|p2a: Salamence|100/100 brn
|-singleturn|p2a: Salamence|move: Roost
|
|-damage|p2a: Salamence|94/100 brn|[from] brn
|upkeep
|turn|45
|c|☆Goro Yagami 9|gg
|-message|Goro Yagami 9 forfeited.
|
|win|Adrian X
|raw|Adrian X's rating: 1365 &rarr; <strong>1383</strong><br />(+18 for winning)
|raw|Goro Yagami 9's rating: 1336 &rarr; <strong>1318</strong><br />(-18 for losing)
|c|☆Adrian X|gg
|c|☆Goro Yagami 9|lol
|l|☆Adrian X
