|j|☆Hydreigon > Latias
|j|☆EliotEnRetar
|t:|1609854760
|player|p1|Hydreigon > Latias|cynthia|1506
|player|p2|EliotEnRetar|falkner|1340
|teamsize|p1|6
|teamsize|p2|6
|gametype|singles
|gen|8
|tier|[Gen 8] UU
|rated|
|clearpoke
|poke|p1|Victini|
|poke|p1|Tapu Bulu|
|poke|p1|Latias, F|
|poke|p1|Chansey, F|
|poke|p1|Skarmory, M|
|poke|p1|Zeraora|
|poke|p2|Venusaur, F|
|poke|p2|Talonflame, M|
|poke|p2|Torkoal, F|
|poke|p2|Bisharp, F|
|poke|p2|Slowking, F|
|poke|p2|Latias, F|
|rule|Sleep Clause Mod: Limit one foe put to sleep
|rule|Species Clause: Limit one of each Pokémon
|rule|OHKO Clause: OHKO moves are banned
|rule|Evasion Moves Clause: Evasion moves are banned
|rule|Endless Battle Clause: Forcing endless battles is banned
|rule|HP Percentage Mod: HP is shown in percentages
|rule|Dynamax Clause: You cannot dynamax
|teampreview
|
|t:|1609854785
|start
|switch|p1a: Latias|Latias, F|100/100
|switch|p2a: Torkoal|Torkoal, F|100/100
|-weather|SunnyDay|[from] ability: Drought|[of] p2a: Torkoal
|turn|1
|
|t:|1609854792
|switch|p2a: Slowking|Slowking, F|100/100
|move|p1a: Latias|Draco Meteor|p2a: Slowking
|-damage|p2a: Slowking|59/100
|-unboost|p1a: Latias|spa|2
|-damage|p1a: Latias|91/100|[from] item: Life Orb
|
|-weather|SunnyDay|[upkeep]
|upkeep
|turn|2
|
|t:|1609854801
|switch|p1a: Chansey|Chansey, F|100/100
|move|p2a: Slowking|Teleport|p2a: Slowking
|
|t:|1609854809
|switch|p2a: Torkoal|Torkoal, F|100/100|[from]move: Teleport
|
|-weather|SunnyDay|[upkeep]
|upkeep
|turn|3
|inactive|Battle timer is ON: inactive players will automatically lose when time's up. (requested by EliotEnRetar)
|
|t:|1609854821
|switch|p1a: Victini|Victini|100/100
|move|p2a: Torkoal|Stealth Rock|p1a: Victini
|-sidestart|p1: Hydreigon > Latias|move: Stealth Rock
|
|-weather|SunnyDay|[upkeep]
|upkeep
|turn|4
|
|t:|1609854829
|switch|p2a: Slowking|Slowking, F|92/100
|move|p1a: Victini|Psychic|p2a: Slowking
|-resisted|p2a: Slowking
|-damage|p2a: Slowking|81/100
|
|-weather|SunnyDay|[upkeep]
|upkeep
|turn|5
|
|t:|1609854835
|move|p1a: Victini|Energy Ball|p2a: Slowking
|-supereffective|p2a: Slowking
|-damage|p2a: Slowking|50/100
|move|p2a: Slowking|Teleport|p2a: Slowking
|
|t:|1609854854
|switch|p2a: Latias|Latias, F|100/100|[from]move: Teleport
|
|-weather|SunnyDay|[upkeep]
|upkeep
|turn|6
|
|t:|1609854868
|move|p2a: Latias|Draco Meteor|p1a: Victini
|-damage|p1a: Victini|38/100
|-unboost|p2a: Latias|spa|2
|move|p1a: Victini|U-turn|p2a: Latias
|-supereffective|p2a: Latias
|-damage|p2a: Latias|65/100
|
|t:|1609854880
|switch|p1a: Zeraora|Zeraora|100/100|[from]move: U-turn
|
|-weather|SunnyDay|[upkeep]
|upkeep
|turn|7
|
|t:|1609854892
|switch|p2a: Bisharp|Bisharp, F|100/100
|move|p1a: Zeraora|Volt Switch|p2a: Bisharp
|-damage|p2a: Bisharp|61/100
|
|t:|1609854899
|switch|p1a: Skarmory|Skarmory, M|100/100|[from]move: Volt Switch
|-damage|p1a: Skarmory|88/100|[from] Stealth Rock
|
|-weather|SunnyDay|[upkeep]
|upkeep
|turn|8
|
|t:|1609854907
|switch|p2a: Slowking|Slowking, F|83/100
|move|p1a: Skarmory|Spikes|p2a: Slowking
|-sidestart|p2: EliotEnRetar|Spikes
|
|-weather|none
|upkeep
|turn|9
|
|t:|1609854915
|move|p1a: Skarmory|Whirlwind|p2a: Slowking
|drag|p2a: Talonflame|Talonflame, M|100/100
|
|upkeep
|turn|10
|
|t:|1609854923
|move|p2a: Talonflame|Flare Blitz|p1a: Skarmory
|-supereffective|p1a: Skarmory
|-damage|p1a: Skarmory|25/100
|-damage|p2a: Talonflame|84/100|[from] item: Rocky Helmet|[of] p1a: Skarmory
|-damage|p2a: Talonflame|61/100|[from] Recoil
|move|p1a: Skarmory|Roost|p1a: Skarmory
|-heal|p1a: Skarmory|75/100
|-singleturn|p1a: Skarmory|move: Roost
|
|upkeep
|turn|11
|
|t:|1609854936
|switch|p2a: Torkoal|Torkoal, F|100/100
|-damage|p2a: Torkoal|88/100|[from] Spikes
|-weather|SunnyDay|[from] ability: Drought|[of] p2a: Torkoal
|move|p1a: Skarmory|Roost|p1a: Skarmory
|-heal|p1a: Skarmory|100/100
|-singleturn|p1a: Skarmory|move: Roost
|
|-weather|SunnyDay|[upkeep]
|upkeep
|turn|12
|
|t:|1609854948
|move|p1a: Skarmory|Spikes|p2a: Torkoal
|-sidestart|p2: EliotEnRetar|Spikes
|move|p2a: Torkoal|Lava Plume|p1a: Skarmory
|-supereffective|p1a: Skarmory
|-damage|p1a: Skarmory|5/100
|
|-weather|SunnyDay|[upkeep]
|upkeep
|turn|13
|
|t:|1609854954
|switch|p1a: Latias|Latias, F|91/100
|-damage|p1a: Latias|78/100|[from] Stealth Rock
|move|p2a: Torkoal|Rapid Spin|p1a: Latias
|-damage|p1a: Latias|68/100
|-boost|p2a: Torkoal|spe|1
|-sideend|p2: EliotEnRetar|Spikes|[from] move: Rapid Spin|[of] p2a: Torkoal
|
|-weather|SunnyDay|[upkeep]
|upkeep
|turn|14
|
|t:|1609854964
|switch|p2a: Slowking|Slowking, F|100/100
|move|p1a: Latias|Psyshock|p2a: Slowking
|-resisted|p2a: Slowking
|-damage|p2a: Slowking|74/100
|-damage|p1a: Latias|58/100|[from] item: Life Orb
|
|-weather|SunnyDay|[upkeep]
|upkeep
|turn|15
|
|t:|1609854971
|move|p1a: Latias|Roost|p1a: Latias
|-heal|p1a: Latias|100/100
|-singleturn|p1a: Latias|move: Roost
|move|p2a: Slowking|Teleport|p2a: Slowking
|
|t:|1609854979
|switch|p2a: Talonflame|Talonflame, M|61/100|[from]move: Teleport
|
|-weather|SunnyDay|[upkeep]
|upkeep
|turn|16
|j| Xemnas80
|
|t:|1609854984
|move|p2a: Talonflame|U-turn|p1a: Latias
|-supereffective|p1a: Latias
|-damage|p1a: Latias|53/100
|
|t:|1609854989
|switch|p2a: Slowking|Slowking, F|100/100|[from]move: U-turn
|move|p1a: Latias|Draco Meteor|p2a: Slowking
|-damage|p2a: Slowking|53/100
|-unboost|p1a: Latias|spa|2
|-damage|p1a: Latias|43/100|[from] item: Life Orb
|
|-weather|SunnyDay|[upkeep]
|upkeep
|turn|17
|
|t:|1609854998
|move|p1a: Latias|Roost|p1a: Latias
|-heal|p1a: Latias|93/100
|-singleturn|p1a: Latias|move: Roost
|move|p2a: Slowking|Teleport|p2a: Slowking
|c| Xemnas80|oh un francais
|
|t:|1609855002
|switch|p2a: Bisharp|Bisharp, F|61/100|[from]move: Teleport
|
|-weather|SunnyDay|[upkeep]
|upkeep
|turn|18
|
|t:|1609855010
|switch|p1a: Skarmory|Skarmory, M|5/100
|-damage|p1a: Skarmory|0 fnt|[from] Stealth Rock
|faint|p1a: Skarmory
|move|p2a: Bisharp|Sucker Punch|p1: Skarmory|[notarget]
|-fail|p2a: Bisharp
|
|-weather|none
|upkeep
|
|t:|1609855015
|switch|p1a: Tapu Bulu|Tapu Bulu|100/100
|-fieldstart|move: Grassy Terrain|[from] ability: Grassy Surge|[of] p1a: Tapu Bulu
|turn|19
|c|☆EliotEnRetar|oui
|
|t:|1609855032
|switch|p2a: Torkoal|Torkoal, F|88/100
|-weather|SunnyDay|[from] ability: Drought|[of] p2a: Torkoal
|move|p1a: Tapu Bulu|Close Combat|p2a: Torkoal
|-damage|p2a: Torkoal|61/100
|-unboost|p1a: Tapu Bulu|def|1
|-unboost|p1a: Tapu Bulu|spd|1
|
|-weather|SunnyDay|[upkeep]
|-heal|p2a: Torkoal|67/100|[from] Grassy Terrain
|upkeep
|turn|20
|c| Xemnas80|il a lair dur tonadversaire
|
|t:|1609855043
|switch|p1a: Chansey|Chansey, F|100/100
|-damage|p1a: Chansey|88/100|[from] Stealth Rock
|move|p2a: Torkoal|Lava Plume|p1a: Chansey
|-damage|p1a: Chansey|77/100
|
|-weather|SunnyDay|[upkeep]
|-heal|p1a: Chansey|83/100|[from] Grassy Terrain
|-heal|p2a: Torkoal|73/100|[from] Grassy Terrain
|upkeep
|turn|21
|
|t:|1609855053
|switch|p2a: Venusaur|Venusaur, F|100/100
|move|p1a: Chansey|Seismic Toss|p2a: Venusaur
|-damage|p2a: Venusaur|67/100
|
|-weather|SunnyDay|[upkeep]
|-heal|p2a: Venusaur|73/100|[from] Grassy Terrain
|-heal|p1a: Chansey|89/100|[from] Grassy Terrain
|upkeep
|turn|22
|
|t:|1609855061
|move|p2a: Venusaur|Growth|p2a: Venusaur
|-boost|p2a: Venusaur|atk|2
|-boost|p2a: Venusaur|spa|2
|move|p1a: Chansey|Stealth Rock|p2a: Venusaur
|-sidestart|p2: EliotEnRetar|move: Stealth Rock
|
|-weather|SunnyDay|[upkeep]
|-heal|p2a: Venusaur|79/100|[from] Grassy Terrain
|-heal|p1a: Chansey|96/100|[from] Grassy Terrain
|upkeep
|turn|23
|
|t:|1609855069
|move|p2a: Venusaur|Growth|p2a: Venusaur
|-boost|p2a: Venusaur|atk|2
|-boost|p2a: Venusaur|spa|2
|move|p1a: Chansey|Seismic Toss|p2a: Venusaur
|-damage|p2a: Venusaur|46/100
|
|-weather|SunnyDay|[upkeep]
|-heal|p2a: Venusaur|52/100|[from] Grassy Terrain
|-heal|p1a: Chansey|100/100|[from] Grassy Terrain
|-fieldend|move: Grassy Terrain
|upkeep
|turn|24
|
|t:|1609855092
|move|p2a: Venusaur|Weather Ball|p1a: Chansey
|-damage|p1a: Chansey|38/100
|-damage|p2a: Venusaur|42/100|[from] item: Life Orb
|move|p1a: Chansey|Seismic Toss|p2a: Venusaur
|-damage|p2a: Venusaur|9/100
|
|-weather|SunnyDay|[upkeep]
|upkeep
|turn|25
|
|t:|1609855105
|switch|p1a: Victini|Victini|38/100
|move|p2a: Venusaur|Giga Drain|p1a: Victini
|-resisted|p1a: Victini
|-damage|p1a: Victini|0 fnt
|-heal|p2a: Venusaur|30/100|[from] drain|[of] p1a: Victini
|-damage|p2a: Venusaur|20/100|[from] item: Life Orb
|faint|p1a: Victini
|
|-weather|SunnyDay|[upkeep]
|upkeep
|
|t:|1609855108
|switch|p1a: Chansey|Chansey, F|38/100
|-damage|p1a: Chansey|26/100|[from] Stealth Rock
|turn|26
|
|t:|1609855116
|move|p2a: Venusaur|Giga Drain|p1a: Chansey
|-damage|p1a: Chansey|0 fnt
|-heal|p2a: Venusaur|50/100|[from] drain|[of] p1a: Chansey
|-damage|p2a: Venusaur|40/100|[from] item: Life Orb
|faint|p1a: Chansey
|
|-weather|none
|upkeep
|
|t:|1609855120
|switch|p1a: Zeraora|Zeraora|100/100
|turn|27
|c| Xemnas80|ah tas peut etre gagner
|
|t:|1609855128
|switch|p2a: Torkoal|Torkoal, F|73/100
|-damage|p2a: Torkoal|48/100|[from] Stealth Rock
|-weather|SunnyDay|[from] ability: Drought|[of] p2a: Torkoal
|move|p1a: Zeraora|Knock Off|p2a: Torkoal
|-damage|p2a: Torkoal|30/100
|-enditem|p2a: Torkoal|Heat Rock|[from] move: Knock Off|[of] p1a: Zeraora
|
|-weather|SunnyDay|[upkeep]
|upkeep
|turn|28
|
|t:|1609855147
|move|p1a: Zeraora|Plasma Fists|p2a: Torkoal
|-damage|p2a: Torkoal|2/100
|-fieldactivate|move: Ion Deluge
|move|p2a: Torkoal|Rapid Spin|p1a: Zeraora
|-immune|p1a: Zeraora|[from] ability: Volt Absorb
|
|-weather|SunnyDay|[upkeep]
|upkeep
|turn|29
|
|t:|1609855154
|move|p1a: Zeraora|Volt Switch|p2a: Torkoal
|-damage|p2a: Torkoal|0 fnt
|faint|p2a: Torkoal
|
|t:|1609855157
|switch|p1a: Latias|Latias, F|93/100|[from]move: Volt Switch
|-damage|p1a: Latias|81/100|[from] Stealth Rock
|
|-weather|SunnyDay|[upkeep]
|upkeep
|
|t:|1609855163
|switch|p2a: Bisharp|Bisharp, F|61/100
|-damage|p2a: Bisharp|55/100|[from] Stealth Rock
|turn|30
|c| Xemnas80|sa alors je savais pas
|
|t:|1609855168
|switch|p1a: Tapu Bulu|Tapu Bulu|100/100
|-fieldstart|move: Grassy Terrain|[from] ability: Grassy Surge|[of] p1a: Tapu Bulu
|move|p2a: Bisharp|Knock Off|p1a: Tapu Bulu
|-resisted|p1a: Tapu Bulu
|-damage|p1a: Tapu Bulu|67/100
|-enditem|p1a: Tapu Bulu|Heavy-Duty Boots|[from] move: Knock Off|[of] p2a: Bisharp
|
|-weather|SunnyDay|[upkeep]
|-heal|p1a: Tapu Bulu|73/100|[from] Grassy Terrain
|-heal|p2a: Bisharp|61/100|[from] Grassy Terrain
|upkeep
|turn|31
|c|☆EliotEnRetar|enft
|c| Xemnas80|rapid spin empeche par volt absorb
|c|☆EliotEnRetar|nn
|inactive|EliotEnRetar has 120 seconds left.
|c|☆EliotEnRetar|c'est pas ça
|
|t:|1609855202
|switch|p1a: Zeraora|Zeraora|100/100
|switch|p2a: Talonflame|Talonflame, M|61/100
|
|-weather|SunnyDay|[upkeep]
|upkeep
|turn|32
|c|☆EliotEnRetar|en gros
|inactive|EliotEnRetar has 120 seconds left.
|c|☆EliotEnRetar|l'attaque plasma fist de zera
|inactive|EliotEnRetar has 90 seconds left.
|c| Xemnas80|ah je savais pas sa
|c|☆EliotEnRetar|elle transforme toute les attaques de type normale en type electrique le tour ou il est utiliser
|
|t:|1609855258
|switch|p2a: Venusaur|Venusaur, F|40/100
|-damage|p2a: Venusaur|27/100|[from] Stealth Rock
|move|p1a: Zeraora|Plasma Fists|p2a: Venusaur
|-resisted|p2a: Venusaur
|-damage|p2a: Venusaur|0 fnt
|-fieldactivate|move: Ion Deluge
|faint|p2a: Venusaur
|
|-weather|SunnyDay|[upkeep]
|upkeep
|c| Xemnas80|ah delire
|
|t:|1609855271
|switch|p2a: Latias|Latias, F|65/100
|-damage|p2a: Latias|52/100|[from] Stealth Rock
|turn|33
|c| Xemnas80|je savais pas sa dutout
|
|t:|1609855278
|move|p2a: Latias|Draco Meteor|p1a: Zeraora
|-damage|p1a: Zeraora|21/100
|-unboost|p2a: Latias|spa|2
|move|p1a: Zeraora|Knock Off|p2a: Latias
|-supereffective|p2a: Latias
|-damage|p2a: Latias|0 fnt
|-enditem|p2a: Latias|Choice Scarf|[from] move: Knock Off|[of] p1a: Zeraora
|faint|p2a: Latias
|
|-weather|SunnyDay|[upkeep]
|-heal|p1a: Zeraora|27/100|[from] Grassy Terrain
|upkeep
|c|☆EliotEnRetar|ouaip
|c|☆EliotEnRetar|je me suis fait avoir plein de fois
|inactive|EliotEnRetar has 60 seconds left.
|
|t:|1609855298
|switch|p2a: Bisharp|Bisharp, F|61/100
|-damage|p2a: Bisharp|55/100|[from] Stealth Rock
|turn|34
|
|t:|1609855304
|switch|p1a: Latias|Latias, F|81/100
|-damage|p1a: Latias|68/100|[from] Stealth Rock
|move|p2a: Bisharp|Sucker Punch||[still]
|-fail|p2a: Bisharp
|
|-weather|none
|-heal|p2a: Bisharp|61/100|[from] Grassy Terrain
|-fieldend|move: Grassy Terrain
|upkeep
|turn|35
|
|t:|1609855312
|switch|p1a: Tapu Bulu|Tapu Bulu|73/100
|-damage|p1a: Tapu Bulu|60/100|[from] Stealth Rock
|-fieldstart|move: Grassy Terrain|[from] ability: Grassy Surge|[of] p1a: Tapu Bulu
|move|p2a: Bisharp|Sucker Punch||[still]
|-fail|p2a: Bisharp
|
|-heal|p1a: Tapu Bulu|66/100|[from] Grassy Terrain
|-heal|p2a: Bisharp|67/100|[from] Grassy Terrain
|upkeep
|turn|36
|
|t:|1609855323
|switch|p2a: Talonflame|Talonflame, M|61/100
|move|p1a: Tapu Bulu|Close Combat|p2a: Talonflame
|-resisted|p2a: Talonflame
|-damage|p2a: Talonflame|23/100
|-unboost|p1a: Tapu Bulu|def|1
|-unboost|p1a: Tapu Bulu|spd|1
|
|-heal|p1a: Tapu Bulu|72/100|[from] Grassy Terrain
|upkeep
|turn|37
|c| Xemnas80|tu dois pas etre tout seul a te faire avoir
|c|☆EliotEnRetar|nn
|
|t:|1609855338
|switch|p1a: Latias|Latias, F|68/100
|-damage|p1a: Latias|56/100|[from] Stealth Rock
|move|p2a: Talonflame|U-turn|p1a: Latias
|-supereffective|p1a: Latias
|-damage|p1a: Latias|5/100
|inactive|EliotEnRetar has 60 seconds left.
|
|t:|1609855354
|switch|p2a: Bisharp|Bisharp, F|67/100|[from]move: U-turn
|-damage|p2a: Bisharp|61/100|[from] Stealth Rock
|
|-heal|p2a: Bisharp|67/100|[from] Grassy Terrain
|upkeep
|turn|38
|inactive|EliotEnRetar has 60 seconds left.
|
|t:|1609855359
|move|p1a: Latias|Roost|p1a: Latias
|-heal|p1a: Latias|56/100
|-singleturn|p1a: Latias|move: Roost
|move|p2a: Bisharp|Knock Off|p1a: Latias
|-supereffective|p1a: Latias
|-damage|p1a: Latias|0 fnt
|-enditem|p1a: Latias|Life Orb|[from] move: Knock Off|[of] p2a: Bisharp
|faint|p1a: Latias
|
|-heal|p2a: Bisharp|73/100|[from] Grassy Terrain
|upkeep
|
|t:|1609855362
|switch|p1a: Tapu Bulu|Tapu Bulu|72/100
|-damage|p1a: Tapu Bulu|60/100|[from] Stealth Rock
|turn|39
|
|t:|1609855373
|switch|p2a: Slowking|Slowking, F|86/100
|move|p1a: Tapu Bulu|Close Combat|p2a: Slowking
|-resisted|p2a: Slowking
|-damage|p2a: Slowking|61/100
|-unboost|p1a: Tapu Bulu|def|1
|-unboost|p1a: Tapu Bulu|spd|1
|
|-heal|p1a: Tapu Bulu|66/100|[from] Grassy Terrain
|-heal|p2a: Slowking|67/100|[from] Grassy Terrain
|-fieldend|move: Grassy Terrain
|upkeep
|turn|40
|c| Xemnas80|cest serrr
|
|t:|1609855384
|move|p1a: Tapu Bulu|Horn Leech|p2a: Slowking
|-supereffective|p2a: Slowking
|-damage|p2a: Slowking|0 fnt
|-heal|p1a: Tapu Bulu|100/100|[from] drain|[of] p2a: Slowking
|faint|p2a: Slowking
|
|upkeep
|c| Xemnas80|serrer
|
|t:|1609855389
|switch|p2a: Talonflame|Talonflame, M|23/100
|turn|41
|
|t:|1609855395
|switch|p1a: Zeraora|Zeraora|27/100
|move|p2a: Talonflame|Flare Blitz|p1a: Zeraora
|-damage|p1a: Zeraora|0 fnt
|-damage|p2a: Talonflame|14/100|[from] Recoil
|faint|p1a: Zeraora
|
|upkeep
|
|t:|1609855397
|switch|p1a: Tapu Bulu|Tapu Bulu|100/100
|-damage|p1a: Tapu Bulu|88/100|[from] Stealth Rock
|-fieldstart|move: Grassy Terrain|[from] ability: Grassy Surge|[of] p1a: Tapu Bulu
|turn|42
|c|☆EliotEnRetar|normalement c'est win
|
|t:|1609855410
|move|p2a: Talonflame|Flare Blitz|p1a: Tapu Bulu
|-supereffective|p1a: Tapu Bulu
|-damage|p1a: Tapu Bulu|0 fnt
|-damage|p2a: Talonflame|0 fnt|[from] Recoil
|faint|p1a: Tapu Bulu
|faint|p2a: Talonflame
|
|win|EliotEnRetar
|c|☆EliotEnRetar|gg
|l|☆Hydreigon > Latias
|c| Xemnas80|si il pas scrf
|c| Xemnas80|gg
|c|☆EliotEnRetar|nn
|raw|Hydreigon &gt; Latias's rating: 1506 &rarr; <strong>1477</strong><br />(-29 for losing)
|raw|EliotEnRetar's rating: 1340 &rarr; <strong>1369</strong><br />(+29 for winning)
|c|☆EliotEnRetar|je l'avais knock off
|c|☆EliotEnRetar|il avait le boots
|c| Xemnas80|ah ok
|l|☆EliotEnRetar
|c| Xemnas80|bien jouer beau matche
