|j|☆Springerk
|j|☆d01ph1ne
|t:|1662624290
|gametype|singles
|player|p1|Springerk|madame|1553
|player|p2|d01ph1ne|265|1546
|teamsize|p1|6
|teamsize|p2|6
|gen|8
|tier|[Gen 8] UU
|rated|
|rule|Sleep Clause Mod: Limit one foe put to sleep
|rule|Species Clause: Limit one of each Pokémon
|rule|OHKO Clause: OHKO moves are banned
|rule|Evasion Items Clause: Evasion items are banned
|rule|Evasion Moves Clause: Evasion moves are banned
|rule|Endless Battle Clause: Forcing endless battles is banned
|rule|HP Percentage Mod: HP is shown in percentages
|rule|Dynamax Clause: You cannot dynamax
|clearpoke
|poke|p1|Mamoswine, M|
|poke|p1|Amoonguss, F|
|poke|p1|Jirachi|
|poke|p1|Rotom-Wash|
|poke|p1|Zarude|
|poke|p1|Noivern, F|
|poke|p2|Conkeldurr, M|
|poke|p2|Zarude-Dada|
|poke|p2|Scizor, F|
|poke|p2|Salamence, M|
|poke|p2|Nidoqueen, F|
|poke|p2|Slowking, M|
|teampreview
|
|t:|1662624332
|start
|switch|p1a: Mamoswine|Mamoswine, M|100/100
|switch|p2a: Scizor|Scizor, F|100/100
|turn|1
|
|t:|1662624342
|switch|p1a: Amoonguss|Amoonguss, F|100/100
|move|p2a: Scizor|Knock Off|p1a: Amoonguss
|-damage|p1a: Amoonguss|78/100
|-enditem|p1a: Amoonguss|Eject Button|[from] move: Knock Off|[of] p2a: Scizor
|
|upkeep
|turn|2
|
|t:|1662624356
|move|p2a: Scizor|U-turn|p1a: Amoonguss
|-damage|p1a: Amoonguss|50/100
|
|t:|1662624359
|switch|p2a: Zarude|Zarude-Dada|100/100|[from]move: U-turn
|move|p1a: Amoonguss|Spore|p2a: Zarude
|-immune|p2a: Zarude
|
|upkeep
|turn|3
|
|t:|1662624381
|move|p2a: Zarude|U-turn|p1a: Amoonguss
|-damage|p1a: Amoonguss|33/100
|
|t:|1662624385
|switch|p2a: Scizor|Scizor, F|100/100|[from]move: U-turn
|move|p1a: Amoonguss|Spore|p2a: Scizor
|-status|p2a: Scizor|slp|[from] move: Spore
|
|upkeep
|turn|4
|inactive|Battle timer is ON: inactive players will automatically lose when time's up. (requested by d01ph1ne)
|
|t:|1662624408
|switch|p2a: Conkeldurr|Conkeldurr, M|100/100
|switch|p1a: Jirachi|Jirachi|100/100
|
|-status|p2a: Conkeldurr|brn|[from] item: Flame Orb
|upkeep
|turn|5
|
|t:|1662624413
|move|p1a: Jirachi|Iron Head|p2a: Conkeldurr
|-damage|p2a: Conkeldurr|74/100 brn
|cant|p2a: Conkeldurr|flinch
|
|-damage|p2a: Conkeldurr|68/100 brn|[from] brn
|upkeep
|turn|6
|
|t:|1662624423
|switch|p2a: Slowking|Slowking, M|100/100
|move|p1a: Jirachi|Iron Head|p2a: Slowking
|-resisted|p2a: Slowking
|-damage|p2a: Slowking|91/100
|
|upkeep
|turn|7
|
|t:|1662624426
|switch|p2a: Nidoqueen|Nidoqueen, F|100/100
|move|p1a: Jirachi|Stealth Rock|p2a: Nidoqueen
|-sidestart|p2: d01ph1ne|move: Stealth Rock
|
|upkeep
|turn|8
|
|t:|1662624432
|move|p1a: Jirachi|Iron Head|p2a: Nidoqueen
|-damage|p2a: Nidoqueen|71/100
|cant|p2a: Nidoqueen|flinch
|
|upkeep
|turn|9
|
|t:|1662624435
|move|p1a: Jirachi|U-turn|p2a: Nidoqueen
|-resisted|p2a: Nidoqueen
|-crit|p2a: Nidoqueen
|-damage|p2a: Nidoqueen|57/100
|
|t:|1662624437
|switch|p1a: Rotom|Rotom-Wash|100/100|[from]move: U-turn
|move|p2a: Nidoqueen|Earth Power|p1a: Rotom
|-immune|p1a: Rotom|[from] ability: Levitate
|
|upkeep
|turn|10
|
|t:|1662624447
|switch|p2a: Zarude|Zarude-Dada|100/100
|-damage|p2a: Zarude|88/100|[from] Stealth Rock
|move|p1a: Rotom|Volt Switch|p2a: Zarude
|-resisted|p2a: Zarude
|-damage|p2a: Zarude|76/100
|
|t:|1662624457
|switch|p1a: Noivern|Noivern, F|100/100|[from]move: Volt Switch
|
|upkeep
|turn|11
|inactive|d01ph1ne has 120 seconds left.
|l|☆d01ph1ne
|inactive|d01ph1ne disconnected and has a minute to reconnect!
|player|p2|
|j|☆d01ph1ne
|inactive|d01ph1ne reconnected and has 100 seconds left.
|player|p2|d01ph1ne|265
|
|t:|1662624516
|move|p2a: Zarude|U-turn|p1a: Noivern
|-resisted|p1a: Noivern
|-damage|p1a: Noivern|85/100
|
|t:|1662624518
|switch|p2a: Slowking|Slowking, M|100/100|[from]move: U-turn
|-damage|p2a: Slowking|88/100|[from] Stealth Rock
|move|p1a: Noivern|U-turn|p2a: Slowking
|-supereffective|p2a: Slowking
|-damage|p2a: Slowking|72/100
|inactive|Springerk has 120 seconds left.
|inactive|Springerk has 90 seconds left.
|
|t:|1662624588
|switch|p1a: Zarude|Zarude|100/100|[from]move: U-turn
|
|upkeep
|turn|12
|
|t:|1662624593
|switch|p2a: Salamence|Salamence, M|100/100
|-ability|p2a: Salamence|Intimidate|boost
|-unboost|p1a: Zarude|atk|1
|move|p1a: Zarude|U-turn|p2a: Salamence
|-resisted|p2a: Salamence
|-damage|p2a: Salamence|92/100
|
|t:|1662624599
|switch|p1a: Mamoswine|Mamoswine, M|100/100|[from]move: U-turn
|
|upkeep
|turn|13
|inactive|d01ph1ne has 120 seconds left.
|
|t:|1662624608
|switch|p2a: Slowking|Slowking, M|100/100
|-damage|p2a: Slowking|88/100|[from] Stealth Rock
|move|p1a: Mamoswine|Knock Off|p2a: Slowking
|-supereffective|p2a: Slowking
|-enditem|p2a: Slowking|Colbur Berry|[eat]
|-enditem|p2a: Slowking|Colbur Berry|[weaken]
|-damage|p2a: Slowking|55/100
|-damage|p1a: Mamoswine|91/100|[from] item: Life Orb
|
|upkeep
|turn|14
|
|t:|1662624616
|switch|p2a: Salamence|Salamence, M|92/100
|-ability|p2a: Salamence|Intimidate|boost
|-unboost|p1a: Mamoswine|atk|1
|move|p1a: Mamoswine|Knock Off|p2a: Salamence
|-damage|p2a: Salamence|70/100
|-enditem|p2a: Salamence|Heavy-Duty Boots|[from] move: Knock Off|[of] p1a: Mamoswine
|-damage|p1a: Mamoswine|81/100|[from] item: Life Orb
|
|upkeep
|turn|15
|
|t:|1662624622
|switch|p2a: Slowking|Slowking, M|89/100
|-damage|p2a: Slowking|76/100|[from] Stealth Rock
|move|p1a: Mamoswine|Ice Shard|p2a: Slowking
|-resisted|p2a: Slowking
|-damage|p2a: Slowking|69/100
|-damage|p1a: Mamoswine|71/100|[from] item: Life Orb
|
|upkeep
|turn|16
|inactive|Springerk has 120 seconds left.
|
|t:|1662624633
|switch|p1a: Rotom|Rotom-Wash|100/100
|move|p2a: Slowking|Future Sight|p1a: Rotom
|-start|p2a: Slowking|move: Future Sight
|
|upkeep
|turn|17
|inactive|Springerk has 120 seconds left.
|
|t:|1662624655
|switch|p1a: Mamoswine|Mamoswine, M|71/100
|move|p2a: Slowking|Teleport|p2a: Slowking
|
|t:|1662624667
|switch|p2a: Conkeldurr|Conkeldurr, M|68/100 brn|[from]move: Teleport
|-damage|p2a: Conkeldurr|62/100 brn|[from] Stealth Rock
|
|-damage|p2a: Conkeldurr|56/100 brn|[from] brn
|upkeep
|turn|18
|
|t:|1662624686
|switch|p1a: Amoonguss|Amoonguss, F|67/100
|switch|p2a: Salamence|Salamence, M|70/100
|-damage|p2a: Salamence|45/100|[from] Stealth Rock
|-ability|p2a: Salamence|Intimidate|boost
|-unboost|p1a: Amoonguss|atk|1
|
|-end|p1a: Amoonguss|move: Future Sight
|-supereffective|p1a: Amoonguss
|-damage|p1a: Amoonguss|0 fnt
|faint|p1a: Amoonguss
|upkeep
|
|t:|1662624695
|switch|p1a: Mamoswine|Mamoswine, M|71/100
|turn|19
|
|t:|1662624705
|switch|p2a: Scizor|Scizor, F|100/100 slp
|move|p1a: Mamoswine|Earthquake|p2a: Scizor
|-damage|p2a: Scizor|43/100 slp
|-damage|p1a: Mamoswine|61/100|[from] item: Life Orb
|
|upkeep
|turn|20
|inactive|Springerk has 120 seconds left.
|
|t:|1662624714
|switch|p2a: Slowking|Slowking, M|100/100
|-damage|p2a: Slowking|88/100|[from] Stealth Rock
|move|p1a: Mamoswine|Icicle Crash|p2a: Slowking
|-resisted|p2a: Slowking
|-damage|p2a: Slowking|66/100
|-damage|p1a: Mamoswine|51/100|[from] item: Life Orb
|
|upkeep
|turn|21
|inactive|Springerk has 120 seconds left.
|
|t:|1662624735
|switch|p2a: Salamence|Salamence, M|45/100
|-damage|p2a: Salamence|20/100|[from] Stealth Rock
|-ability|p2a: Salamence|Intimidate|boost
|-unboost|p1a: Mamoswine|atk|1
|move|p1a: Mamoswine|Knock Off|p2a: Salamence
|-damage|p2a: Salamence|6/100
|-damage|p1a: Mamoswine|41/100|[from] item: Life Orb
|
|upkeep
|turn|22
|
|t:|1662624747
|move|p1a: Mamoswine|Ice Shard|p2a: Salamence
|-supereffective|p2a: Salamence
|-damage|p2a: Salamence|0 fnt
|faint|p2a: Salamence
|-damage|p1a: Mamoswine|31/100|[from] item: Life Orb
|
|upkeep
|
|t:|1662624752
|switch|p2a: Slowking|Slowking, M|99/100
|-damage|p2a: Slowking|87/100|[from] Stealth Rock
|turn|23
|inactive|Springerk has 120 seconds left.
|
|t:|1662624769
|switch|p1a: Rotom|Rotom-Wash|100/100
|move|p2a: Slowking|Scald|p1a: Rotom
|-resisted|p1a: Rotom
|-damage|p1a: Rotom|87/100
|
|upkeep
|turn|24
|
|t:|1662624779
|move|p1a: Rotom|Trick|p2a: Slowking
|-activate|p1a: Rotom|move: Trick|[of] p2a: Slowking
|-item|p2a: Slowking|Choice Scarf|[from] move: Trick
|-enditem|p1a: Rotom|Choice Scarf|[silent]|[from] move: Trick
|move|p2a: Slowking|Teleport|p2a: Slowking
|
|t:|1662624787
|switch|p2a: Zarude|Zarude-Dada|76/100|[from]move: Teleport
|-damage|p2a: Zarude|63/100|[from] Stealth Rock
|
|upkeep
|turn|25
|inactive|Springerk has 120 seconds left.
|
|t:|1662624801
|move|p2a: Zarude|U-turn|p1a: Rotom
|-damage|p1a: Rotom|64/100
|
|t:|1662624803
|switch|p2a: Nidoqueen|Nidoqueen, F|57/100|[from]move: U-turn
|-damage|p2a: Nidoqueen|51/100|[from] Stealth Rock
|move|p1a: Rotom|Volt Switch|p2a: Nidoqueen
|-immune|p2a: Nidoqueen
|
|upkeep
|turn|26
|
|t:|1662624817
|switch|p2a: Slowking|Slowking, M|100/100
|-damage|p2a: Slowking|88/100|[from] Stealth Rock
|move|p1a: Rotom|Hydro Pump|p2a: Slowking
|-resisted|p2a: Slowking
|-damage|p2a: Slowking|71/100
|
|upkeep
|turn|27
|
|t:|1662624832
|move|p1a: Rotom|Volt Switch|p2a: Slowking
|-supereffective|p2a: Slowking
|-damage|p2a: Slowking|28/100
|inactive|Springerk has 120 seconds left.
|
|t:|1662624850
|switch|p1a: Noivern|Noivern, F|85/100|[from]move: Volt Switch
|move|p2a: Slowking|Teleport|p2a: Slowking
|
|t:|1662624857
|switch|p2a: Zarude|Zarude-Dada|63/100|[from]move: Teleport
|-damage|p2a: Zarude|51/100|[from] Stealth Rock
|
|upkeep
|turn|28
|inactive|Springerk has 120 seconds left.
|
|t:|1662624878
|move|p2a: Zarude|Darkest Lariat|p1a: Noivern
|-damage|p1a: Noivern|29/100
|move|p1a: Noivern|U-turn|p2a: Zarude
|-supereffective|p2a: Zarude
|-damage|p2a: Zarude|9/100
|
|t:|1662624890
|switch|p1a: Zarude|Zarude|100/100|[from]move: U-turn
|
|upkeep
|turn|29
|
|t:|1662624898
|move|p2a: Zarude|Darkest Lariat|p1a: Zarude
|-resisted|p1a: Zarude
|-damage|p1a: Zarude|81/100
|move|p1a: Zarude|Darkest Lariat|p2a: Zarude
|-resisted|p2a: Zarude
|-damage|p2a: Zarude|0 fnt
|faint|p2a: Zarude
|
|upkeep
|
|t:|1662624901
|switch|p2a: Conkeldurr|Conkeldurr, M|56/100 brn
|-damage|p2a: Conkeldurr|50/100 brn|[from] Stealth Rock
|turn|30
|inactive|Springerk has 120 seconds left.
|
|t:|1662624919
|switch|p1a: Mamoswine|Mamoswine, M|31/100
|move|p2a: Conkeldurr|Drain Punch|p1a: Mamoswine
|-supereffective|p1a: Mamoswine
|-damage|p1a: Mamoswine|0 fnt
|-heal|p2a: Conkeldurr|65/100 brn|[from] drain|[of] p1a: Mamoswine
|faint|p1a: Mamoswine
|
|-damage|p2a: Conkeldurr|59/100 brn|[from] brn
|upkeep
|
|t:|1662624940
|switch|p1a: Jirachi|Jirachi|100/100
|turn|31
|
|t:|1662624950
|move|p1a: Jirachi|Iron Head|p2a: Conkeldurr
|-damage|p2a: Conkeldurr|32/100 brn
|cant|p2a: Conkeldurr|flinch
|
|-damage|p2a: Conkeldurr|26/100 brn|[from] brn
|upkeep
|turn|32
|
|t:|1662624959
|move|p2a: Conkeldurr|Mach Punch|p1a: Jirachi
|-damage|p1a: Jirachi|72/100
|move|p1a: Jirachi|Iron Head|p2a: Conkeldurr
|-damage|p2a: Conkeldurr|0 fnt
|faint|p2a: Conkeldurr
|
|-heal|p1a: Jirachi|78/100|[from] item: Leftovers
|upkeep
|
|t:|1662624963
|switch|p2a: Nidoqueen|Nidoqueen, F|51/100
|-damage|p2a: Nidoqueen|45/100|[from] Stealth Rock
|turn|33
|
|t:|1662624970
|move|p1a: Jirachi|Iron Head|p2a: Nidoqueen
|-damage|p2a: Nidoqueen|16/100
|cant|p2a: Nidoqueen|flinch
|
|-heal|p1a: Jirachi|85/100|[from] item: Leftovers
|upkeep
|turn|34
|
|t:|1662624973
|move|p1a: Jirachi|Iron Head|p2a: Nidoqueen
|-damage|p2a: Nidoqueen|0 fnt
|faint|p2a: Nidoqueen
|
|-heal|p1a: Jirachi|91/100|[from] item: Leftovers
|upkeep
|
|t:|1662624974
|switch|p2a: Slowking|Slowking, M|62/100
|-damage|p2a: Slowking|49/100|[from] Stealth Rock
|turn|35
|
|t:|1662624981
|move|p1a: Jirachi|U-turn|p2a: Slowking
|-supereffective|p2a: Slowking
|-damage|p2a: Slowking|25/100
|
|t:|1662624983
|switch|p1a: Zarude|Zarude|81/100|[from]move: U-turn
|move|p2a: Slowking|Slack Off|p2a: Slowking
|-heal|p2a: Slowking|75/100
|
|upkeep
|turn|36
|-message|d01ph1ne forfeited.
|
|win|Springerk
|raw|Springerk's rating: 1553 &rarr; <strong>1573</strong><br />(+20 for winning)
|raw|d01ph1ne's rating: 1546 &rarr; <strong>1526</strong><br />(-20 for losing)
|l|☆d01ph1ne
