|j|☆a.can.of.juice
|j|☆kev64
|t:|1663364002
|gametype|singles
|player|p1|a.can.of.juice|cheryl|1389
|player|p2|kev64|ethan|1437
|teamsize|p1|6
|teamsize|p2|6
|gen|8
|tier|[Gen 8] UU
|rated|
|rule|Sleep Clause Mod: Limit one foe put to sleep
|rule|Species Clause: Limit one of each Pokémon
|rule|OHKO Clause: OHKO moves are banned
|rule|Evasion Items Clause: Evasion items are banned
|rule|Evasion Moves Clause: Evasion moves are banned
|rule|Endless Battle Clause: Forcing endless battles is banned
|rule|HP Percentage Mod: HP is shown in percentages
|rule|Dynamax Clause: You cannot dynamax
|clearpoke
|poke|p1|Azumarill, F|
|poke|p1|Azelf|
|poke|p1|Amoonguss, F|
|poke|p1|Salazzle, F|
|poke|p1|Xurkitree|
|poke|p1|Rotom-Wash|
|poke|p2|Krookodile, M|
|poke|p2|Cobalion|
|poke|p2|Tentacruel, M|
|poke|p2|Thundurus-Therian, M|
|poke|p2|Moltres|
|poke|p2|Lycanroc-Dusk, M|
|teampreview
|inactive|Battle timer is ON: inactive players will automatically lose when time's up. (requested by kev64)
|inactive|a.can.of.juice also wants the timer to be on.
|
|t:|1663364028
|start
|switch|p1a: Salazzle|Salazzle, F|100/100
|switch|p2a: Cobalion|Cobalion|100/100
|turn|1
|
|t:|1663364032
|switch|p2a: Tentacruel|Tentacruel, M|100/100
|move|p1a: Salazzle|Substitute|p1a: Salazzle
|-start|p1a: Salazzle|Substitute
|-damage|p1a: Salazzle|76/100
|
|-heal|p1a: Salazzle|82/100|[from] item: Black Sludge
|upkeep
|turn|2
|
|t:|1663364035
|move|p1a: Salazzle|Protect|p1a: Salazzle
|-singleturn|p1a: Salazzle|Protect
|move|p2a: Tentacruel|Scald|p1a: Salazzle
|-activate|p1a: Salazzle|move: Protect
|
|-heal|p1a: Salazzle|88/100|[from] item: Black Sludge
|upkeep
|turn|3
|
|t:|1663364039
|move|p1a: Salazzle|Toxic|p2a: Tentacruel
|-status|p2a: Tentacruel|tox
|move|p2a: Tentacruel|Scald|p1a: Salazzle
|-supereffective|p1a: Salazzle
|-end|p1a: Salazzle|Substitute
|
|-heal|p1a: Salazzle|94/100|[from] item: Black Sludge
|-damage|p2a: Tentacruel|94/100 tox|[from] psn
|upkeep
|turn|4
|
|t:|1663364047
|switch|p1a: Xurkitree|Xurkitree|100/100
|move|p2a: Tentacruel|Toxic Spikes|p1a: Xurkitree
|-sidestart|p1: a.can.of.juice|move: Toxic Spikes
|
|-heal|p2a: Tentacruel|100/100 tox|[from] item: Black Sludge
|-damage|p2a: Tentacruel|88/100 tox|[from] psn
|upkeep
|turn|5
|
|t:|1663364051
|switch|p2a: Moltres|Moltres|100/100
|-ability|p2a: Moltres|Pressure
|move|p1a: Xurkitree|Volt Switch|p2a: Moltres
|-supereffective|p2a: Moltres
|-damage|p2a: Moltres|15/100
|
|t:|1663364055
|switch|p1a: Rotom|Rotom-Wash|100/100|[from]move: Volt Switch
|
|upkeep
|turn|6
|
|t:|1663364057
|move|p2a: Moltres|U-turn|p1a: Rotom
|-damage|p1a: Rotom|88/100
|
|t:|1663364060
|switch|p2a: Krookodile|Krookodile, M|100/100|[from]move: U-turn
|move|p1a: Rotom|Defog|p2a: Krookodile
|-unboost|p2a: Krookodile|evasion|1
|-sideend|p1: a.can.of.juice|Toxic Spikes|[from] move: Defog|[of] p1a: Rotom
|
|upkeep
|turn|7
|
|t:|1663364064
|move|p2a: Krookodile|Knock Off|p1a: Rotom
|-damage|p1a: Rotom|25/100
|-enditem|p1a: Rotom|Shuca Berry|[from] move: Knock Off|[of] p2a: Krookodile
|move|p1a: Rotom|Hydro Pump|p2a: Krookodile
|-supereffective|p2a: Krookodile
|-damage|p2a: Krookodile|0 fnt
|faint|p2a: Krookodile
|
|upkeep
|
|t:|1663364070
|switch|p2a: Thundurus|Thundurus-Therian, M|100/100
|turn|8
|
|t:|1663364074
|move|p2a: Thundurus|Volt Switch|p1a: Rotom
|-damage|p1a: Rotom|0 fnt
|faint|p1a: Rotom
|
|t:|1663364085
|switch|p2a: Lycanroc|Lycanroc-Dusk, M|100/100|[from]move: Volt Switch
|
|upkeep
|
|t:|1663364092
|switch|p1a: Amoonguss|Amoonguss, F|100/100
|turn|9
|
|t:|1663364121
|switch|p2a: Tentacruel|Tentacruel, M|88/100 tox
|move|p1a: Amoonguss|Giga Drain|p2a: Tentacruel
|-damage|p2a: Tentacruel|76/100 tox
|-damage|p1a: Amoonguss|95/100|[from] ability: Liquid Ooze|[of] p2a: Tentacruel
|
|-heal|p2a: Tentacruel|82/100 tox|[from] item: Black Sludge
|-heal|p1a: Amoonguss|100/100|[from] item: Black Sludge
|-damage|p2a: Tentacruel|76/100 tox|[from] psn
|upkeep
|turn|10
|
|t:|1663364128
|move|p1a: Amoonguss|Protect|p1a: Amoonguss
|-singleturn|p1a: Amoonguss|Protect
|move|p2a: Tentacruel|Acid Spray|p1a: Amoonguss
|-activate|p1a: Amoonguss|move: Protect
|
|-heal|p2a: Tentacruel|82/100 tox|[from] item: Black Sludge
|-damage|p2a: Tentacruel|70/100 tox|[from] psn
|upkeep
|turn|11
|
|t:|1663364136
|switch|p1a: Azelf|Azelf|100/100
|move|p2a: Tentacruel|Acid Spray|p1a: Azelf
|-damage|p1a: Azelf|83/100
|-unboost|p1a: Azelf|spd|2
|
|-heal|p2a: Tentacruel|76/100 tox|[from] item: Black Sludge
|-damage|p2a: Tentacruel|58/100 tox|[from] psn
|upkeep
|turn|12
|
|t:|1663364142
|move|p1a: Azelf|Psychic|p2a: Tentacruel
|-supereffective|p2a: Tentacruel
|-damage|p2a: Tentacruel|0 fnt
|faint|p2a: Tentacruel
|-damage|p1a: Azelf|73/100|[from] item: Life Orb
|
|upkeep
|
|t:|1663364146
|switch|p2a: Thundurus|Thundurus-Therian, M|100/100
|turn|13
|
|t:|1663364149
|move|p2a: Thundurus|Volt Switch|p1a: Azelf
|-damage|p1a: Azelf|0 fnt
|faint|p1a: Azelf
|
|t:|1663364161
|switch|p2a: Moltres|Moltres|15/100|[from]move: Volt Switch
|-ability|p2a: Moltres|Pressure
|
|upkeep
|
|t:|1663364164
|switch|p1a: Azumarill|Azumarill, F|100/100
|turn|14
|
|t:|1663364167
|switch|p2a: Cobalion|Cobalion|100/100
|move|p1a: Azumarill|Aqua Jet|p2a: Cobalion
|-damage|p2a: Cobalion|78/100
|
|-heal|p2a: Cobalion|84/100|[from] item: Leftovers
|upkeep
|turn|15
|
|t:|1663364174
|move|p2a: Cobalion|Thunder Wave|p1a: Azumarill
|-status|p1a: Azumarill|par
|move|p1a: Azumarill|Play Rough|p2a: Cobalion
|-damage|p2a: Cobalion|38/100
|
|-heal|p2a: Cobalion|44/100|[from] item: Leftovers
|upkeep
|turn|16
|
|t:|1663364178
|move|p2a: Cobalion|Stealth Rock|p1a: Azumarill
|-sidestart|p1: a.can.of.juice|move: Stealth Rock
|move|p1a: Azumarill|Play Rough|p2a: Cobalion
|-damage|p2a: Cobalion|0 fnt
|faint|p2a: Cobalion
|
|upkeep
|
|t:|1663364180
|switch|p2a: Thundurus|Thundurus-Therian, M|100/100
|turn|17
|
|t:|1663364183
|move|p2a: Thundurus|Volt Switch|p1a: Azumarill
|-supereffective|p1a: Azumarill
|-damage|p1a: Azumarill|20/100 par
|
|t:|1663364187
|switch|p2a: Moltres|Moltres|15/100|[from]move: Volt Switch
|-ability|p2a: Moltres|Pressure
|move|p1a: Azumarill|Knock Off|p2a: Moltres
|-damage|p2a: Moltres|0 fnt
|-enditem|p2a: Moltres|Heavy-Duty Boots|[from] move: Knock Off|[of] p1a: Azumarill
|faint|p2a: Moltres
|
|-heal|p1a: Azumarill|26/100 par|[from] item: Leftovers
|upkeep
|
|t:|1663364195
|switch|p2a: Lycanroc|Lycanroc-Dusk, M|100/100
|turn|18
|
|t:|1663364197
|move|p2a: Lycanroc|Accelerock|p1a: Azumarill
|-damage|p1a: Azumarill|0 fnt
|faint|p1a: Azumarill
|
|upkeep
|
|t:|1663364205
|switch|p1a: Amoonguss|Amoonguss, F|100/100
|-damage|p1a: Amoonguss|88/100|[from] Stealth Rock
|turn|19
|
|t:|1663364210
|move|p2a: Lycanroc|Stone Edge|p1a: Amoonguss|[miss]
|-miss|p2a: Lycanroc|p1a: Amoonguss
|move|p1a: Amoonguss|Spore|p2a: Lycanroc
|-status|p2a: Lycanroc|slp|[from] move: Spore
|
|-heal|p1a: Amoonguss|94/100|[from] item: Black Sludge
|upkeep
|turn|20
|
|t:|1663364212
|cant|p2a: Lycanroc|slp
|move|p1a: Amoonguss|Giga Drain|p2a: Lycanroc
|-supereffective|p2a: Lycanroc
|-damage|p2a: Lycanroc|28/100 slp
|-heal|p1a: Amoonguss|100/100|[from] drain|[of] p2a: Lycanroc
|
|upkeep
|turn|21
|
|t:|1663364215
|cant|p2a: Lycanroc|slp
|move|p1a: Amoonguss|Giga Drain|p2a: Lycanroc
|-supereffective|p2a: Lycanroc
|-damage|p2a: Lycanroc|0 fnt
|faint|p2a: Lycanroc
|
|upkeep
|
|t:|1663364217
|switch|p2a: Thundurus|Thundurus-Therian, M|100/100
|turn|22
|c|☆a.can.of.juice|gg
|
|t:|1663364219
|move|p2a: Thundurus|Psychic|p1a: Amoonguss
|-supereffective|p1a: Amoonguss
|-damage|p1a: Amoonguss|54/100
|move|p1a: Amoonguss|Sludge Bomb|p2a: Thundurus
|-damage|p2a: Thundurus|62/100
|
|-heal|p1a: Amoonguss|60/100|[from] item: Black Sludge
|upkeep
|turn|23
|
|t:|1663364222
|move|p2a: Thundurus|Psychic|p1a: Amoonguss
|-supereffective|p1a: Amoonguss
|-crit|p1a: Amoonguss
|-damage|p1a: Amoonguss|0 fnt
|faint|p1a: Amoonguss
|
|upkeep
|
|t:|1663364228
|switch|p1a: Xurkitree|Xurkitree|100/100
|-damage|p1a: Xurkitree|88/100|[from] Stealth Rock
|turn|24
|
|t:|1663364230
|move|p2a: Thundurus|Psychic|p1a: Xurkitree
|-damage|p1a: Xurkitree|41/100
|move|p1a: Xurkitree|Dazzling Gleam|p2a: Thundurus
|-damage|p2a: Thundurus|18/100
|
|upkeep
|turn|25
|
|t:|1663364233
|move|p2a: Thundurus|Psychic|p1a: Xurkitree
|-damage|p1a: Xurkitree|0 fnt
|faint|p1a: Xurkitree
|
|upkeep
|
|t:|1663364235
|switch|p1a: Salazzle|Salazzle, F|94/100
|-damage|p1a: Salazzle|70/100|[from] Stealth Rock
|turn|26
|
|t:|1663364237
|move|p1a: Salazzle|Protect|p1a: Salazzle
|-singleturn|p1a: Salazzle|Protect
|move|p2a: Thundurus|Psychic|p1a: Salazzle
|-activate|p1a: Salazzle|move: Protect
|
|-heal|p1a: Salazzle|76/100|[from] item: Black Sludge
|upkeep
|turn|27
|
|t:|1663364238
|move|p2a: Thundurus|Psychic|p1a: Salazzle
|-supereffective|p1a: Salazzle
|-damage|p1a: Salazzle|0 fnt
|faint|p1a: Salazzle
|
|win|kev64
|raw|a.can.of.juice's rating: 1389 &rarr; <strong>1372</strong><br />(-17 for losing)
|raw|kev64's rating: 1437 &rarr; <strong>1454</strong><br />(+17 for winning)
|l|☆a.can.of.juice
