|j|☆PrisonMike825
|j|☆smee maimen
|inactive|Battle timer is ON: inactive players will automatically lose when time's up.
|t:|1655238119
|gametype|singles
|player|p1|PrisonMike825|hilbert-wonderlauncher|
|player|p2|smee maimen|cameraman|
|teamsize|p1|6
|teamsize|p2|6
|gen|8
|tier|[Gen 8] UU
|rated|Tournament battle
|rule|Sleep Clause Mod: Limit one foe put to sleep
|rule|Species Clause: Limit one of each Pokémon
|rule|OHKO Clause: OHKO moves are banned
|rule|Evasion Moves Clause: Evasion moves are banned
|rule|Endless Battle Clause: Forcing endless battles is banned
|rule|HP Percentage Mod: HP is shown in percentages
|rule|Dynamax Clause: You cannot dynamax
|clearpoke
|poke|p1|Keldeo-Resolute|
|poke|p1|Mamoswine, M|
|poke|p1|Mandibuzz, F|
|poke|p1|Amoonguss, F|
|poke|p1|Darmanitan, M|
|poke|p1|Gengar, F|
|poke|p2|Scizor, M|
|poke|p2|Hydreigon, M|
|poke|p2|Skarmory, M|
|poke|p2|Gyarados, M|
|poke|p2|Primarina, M|
|poke|p2|Hawlucha, M|
|teampreview
|j|*Lady Monita ☀
|inactive|PrisonMike825 also wants the timer to be on.
|c|☆PrisonMike825|Good luck
|c|☆smee maimen|u2
|
|t:|1655238132
|start
|switch|p1a: Mamoswine|Mamoswine, M|100/100
|switch|p2a: Dr. Pavel|Primarina, M|100/100
|turn|1
|
|t:|1655238139
|move|p1a: Mamoswine|Stealth Rock|p2a: Dr. Pavel
|-sidestart|p2: smee maimen|move: Stealth Rock
|move|p2a: Dr. Pavel|Scald|p1a: Mamoswine
|-supereffective|p1a: Mamoswine
|-enditem|p1a: Mamoswine|Focus Sash
|-damage|p1a: Mamoswine|1/100
|
|upkeep
|turn|2
|
|t:|1655238154
|switch|p1a: Amoonguss|Amoonguss, F|100/100
|switch|p2a: Wreckage Brother|Skarmory, M|100/100
|
|upkeep
|turn|3
|
|t:|1655238163
|move|p2a: Wreckage Brother|Defog|p1a: Amoonguss
|-unboost|p1a: Amoonguss|evasion|1
|-sideend|p2: smee maimen|Stealth Rock|[from] move: Defog|[of] p2a: Wreckage Brother
|move|p1a: Amoonguss|Spore|p2a: Wreckage Brother
|-status|p2a: Wreckage Brother|slp|[from] move: Spore
|
|upkeep
|turn|4
|
|t:|1655238171
|switch|p2a: Hothead|Hawlucha, M|100/100
|switch|p1a: Keldeo|Keldeo-Resolute|100/100
|
|upkeep
|turn|5
|
|t:|1655238200
|switch|p1a: Mandibuzz|Mandibuzz, F|100/100
|switch|p2a: Dr. Pavel|Primarina, M|100/100
|
|upkeep
|turn|6
|
|t:|1655238209
|move|p1a: Mandibuzz|Toxic|p2a: Dr. Pavel
|-status|p2a: Dr. Pavel|tox
|move|p2a: Dr. Pavel|Ice Beam|p1a: Mandibuzz
|-supereffective|p1a: Mandibuzz
|-damage|p1a: Mandibuzz|42/100
|
|-damage|p2a: Dr. Pavel|94/100 tox|[from] psn
|upkeep
|turn|7
|
|t:|1655238219
|move|p1a: Mandibuzz|Roost|p1a: Mandibuzz
|-heal|p1a: Mandibuzz|92/100
|-singleturn|p1a: Mandibuzz|move: Roost
|move|p2a: Dr. Pavel|Moonblast|p1a: Mandibuzz
|-supereffective|p1a: Mandibuzz
|-damage|p1a: Mandibuzz|5/100
|
|-damage|p2a: Dr. Pavel|82/100 tox|[from] psn
|upkeep
|turn|8
|inactive|PrisonMike825 has 120 seconds left.
|
|t:|1655238241
|switch|p1a: Amoonguss|Amoonguss, F|100/100
|switch|p2a: Bill "CIA" Wilson|Scizor, M|100/100
|
|upkeep
|turn|9
|inactive|PrisonMike825 has 120 seconds left.
|
|t:|1655238253
|switch|p1a: Darmanitan|Darmanitan, M|100/100
|move|p2a: Bill "CIA" Wilson|Swords Dance|p2a: Bill "CIA" Wilson
|-boost|p2a: Bill "CIA" Wilson|atk|2
|
|upkeep
|turn|10
|inactive|PrisonMike825 has 120 seconds left.
|
|t:|1655238265
|move|p2a: Bill "CIA" Wilson|Bullet Punch|p1a: Darmanitan
|-resisted|p1a: Darmanitan
|-damage|p1a: Darmanitan|61/100
|move|p1a: Darmanitan|U-turn|p2a: Bill "CIA" Wilson
|-resisted|p2a: Bill "CIA" Wilson
|-damage|p2a: Bill "CIA" Wilson|91/100
|-damage|p1a: Darmanitan|45/100|[from] item: Rocky Helmet|[of] p2a: Bill "CIA" Wilson
|inactive|PrisonMike825 has 120 seconds left.
|
|t:|1655238284
|switch|p1a: Keldeo|Keldeo-Resolute|100/100|[from]move: U-turn
|
|upkeep
|turn|11
|
|t:|1655238290
|move|p1a: Keldeo|Hydro Pump|p2a: Bill "CIA" Wilson
|-damage|p2a: Bill "CIA" Wilson|10/100
|-damage|p1a: Keldeo|91/100|[from] item: Life Orb
|move|p2a: Bill "CIA" Wilson|U-turn|p1a: Keldeo
|-resisted|p1a: Keldeo
|-damage|p1a: Keldeo|54/100
|
|t:|1655238298
|switch|p2a: Bane|Gyarados, M|100/100|[from]move: U-turn
|
|upkeep
|turn|12
|
|t:|1655238306
|move|p1a: Keldeo|Flip Turn|p2a: Bane
|-resisted|p2a: Bane
|-damage|p2a: Bane|88/100
|-damage|p1a: Keldeo|44/100|[from] item: Life Orb
|inactive|PrisonMike825 has 120 seconds left.
|
|t:|1655238317
|switch|p1a: Amoonguss|Amoonguss, F|100/100|[from]move: Flip Turn
|move|p2a: Bane|Dragon Dance|p2a: Bane
|-boost|p2a: Bane|atk|1
|-boost|p2a: Bane|spe|1
|
|upkeep
|turn|13
|
|t:|1655238326
|move|p2a: Bane|Bounce||[still]
|-prepare|p2a: Bane|Bounce
|move|p1a: Amoonguss|Giga Drain|p2a: Bane|[miss]
|-miss|p1a: Amoonguss|p2a: Bane
|
|upkeep
|turn|14
|
|t:|1655238336
|switch|p1a: Mamoswine|Mamoswine, M|1/100
|move|p2a: Bane|Bounce|p1a: Mamoswine|[from]lockedmove
|-damage|p1a: Mamoswine|0 fnt
|faint|p1a: Mamoswine
|-ability|p2a: Bane|Moxie|boost
|-boost|p2a: Bane|atk|1
|
|upkeep
|inactive|PrisonMike825 has 120 seconds left.
|j| joey milktank
|
|t:|1655238349
|switch|p1a: Gengar|Gengar, F|100/100
|turn|15
|
|t:|1655238354
|move|p2a: Bane|Waterfall|p1a: Gengar
|-enditem|p1a: Gengar|Focus Sash
|-damage|p1a: Gengar|1/100
|move|p1a: Gengar|Sludge Wave|p2a: Bane
|-damage|p2a: Bane|36/100
|-enditem|p2a: Bane|Sitrus Berry|[eat]
|-heal|p2a: Bane|61/100|[from] item: Sitrus Berry
|
|upkeep
|turn|16
|j| not missing now
|
|t:|1655238369
|move|p2a: Bane|Waterfall|p1a: Gengar
|-damage|p1a: Gengar|0 fnt
|faint|p1a: Gengar
|-ability|p2a: Bane|Moxie|boost
|-boost|p2a: Bane|atk|1
|
|upkeep
|
|t:|1655238376
|switch|p1a: Darmanitan|Darmanitan, M|45/100
|turn|17
|
|t:|1655238380
|move|p1a: Darmanitan|Rock Slide|p2a: Bane|[miss]
|-miss|p1a: Darmanitan|p2a: Bane
|move|p2a: Bane|Waterfall|p1a: Darmanitan
|-supereffective|p1a: Darmanitan
|-damage|p1a: Darmanitan|0 fnt
|faint|p1a: Darmanitan
|-ability|p2a: Bane|Moxie|boost
|-boost|p2a: Bane|atk|1
|
|upkeep
|c|☆smee maimen|f
|c|☆PrisonMike825|Dang that miss mattered lol
|c|☆smee maimen|yup
|inactive|PrisonMike825 has 120 seconds left.
|
|t:|1655238406
|switch|p1a: Mandibuzz|Mandibuzz, F|5/100
|turn|18
|inactive|PrisonMike825 has 120 seconds left.
|
|t:|1655238411
|move|p2a: Bane|Waterfall|p1a: Mandibuzz
|-damage|p1a: Mandibuzz|0 fnt
|faint|p1a: Mandibuzz
|-ability|p2a: Bane|Moxie|boost
|-boost|p2a: Bane|atk|1
|
|upkeep
|inactive|PrisonMike825 has 120 seconds left.
|
|t:|1655238423
|switch|p1a: Keldeo|Keldeo-Resolute|44/100
|turn|19
|
|t:|1655238427
|move|p2a: Bane|Waterfall|p1a: Keldeo
|-resisted|p1a: Keldeo
|-damage|p1a: Keldeo|0 fnt
|faint|p1a: Keldeo
|-ability|p2a: Bane|Moxie|boost
|-boost|p2a: Bane|atk|1
|
|upkeep
|
|t:|1655238433
|switch|p1a: Amoonguss|Amoonguss, F|100/100
|turn|20
|
|t:|1655238436
|move|p2a: Bane|Waterfall|p1a: Amoonguss
|-resisted|p1a: Amoonguss
|-damage|p1a: Amoonguss|7/100
|move|p1a: Amoonguss|Giga Drain|p2a: Bane
|-damage|p2a: Bane|39/100
|-heal|p1a: Amoonguss|16/100|[from] drain|[of] p2a: Bane
|
|-heal|p1a: Amoonguss|22/100|[from] item: Black Sludge
|upkeep
|turn|21
|c|☆smee maimen|gg
|
|t:|1655238446
|move|p2a: Bane|Waterfall|p1a: Amoonguss
|-resisted|p1a: Amoonguss
|-damage|p1a: Amoonguss|0 fnt
|faint|p1a: Amoonguss
|
|win|smee maimen
|n|☆PrisonMike825|prisonmike825
|n|☆smee maimen|smeemaimen
|n|*Lady Monita ☀|ladymonita
|n| joey milktank|joeymilktank
|n| not missing now|notmissingnow
