|j|☆Xyllia
|j|☆ARN32 Nowelle
|inactive|Battle timer is ON: inactive players will automatically lose when time's up.
|t:|1667510399
|gametype|singles
|player|p1|Xyllia|dawn-gen4pt|
|player|p2|ARN32 Nowelle|emma|
|teamsize|p1|6
|teamsize|p2|6
|gen|8
|tier|[Gen 8] UU
|rated|Tournament battle
|rule|Sleep Clause Mod: Limit one foe put to sleep
|rule|Species Clause: Limit one of each Pokémon
|rule|OHKO Clause: OHKO moves are banned
|rule|Evasion Items Clause: Evasion items are banned
|rule|Evasion Moves Clause: Evasion moves are banned
|rule|Endless Battle Clause: Forcing endless battles is banned
|rule|HP Percentage Mod: HP is shown in percentages
|rule|Dynamax Clause: You cannot dynamax
|clearpoke
|poke|p1|Hydreigon, F|
|poke|p1|Cobalion|
|poke|p1|Tangrowth, F|
|poke|p1|Rotom-Wash|
|poke|p1|Diggersby, M|
|poke|p1|Crobat, M|
|poke|p2|Suicune|
|poke|p2|Jirachi|
|poke|p2|Tapu Bulu|
|poke|p2|Salamence, M|
|poke|p2|Zygarde-10%|
|poke|p2|Nihilego|
|teampreview
|inactive|Xyllia also wants the timer to be on.
|c|☆ARN32 Nowelle|hffffff
|c|☆Xyllia|hffff
|j| Fathiryxi
|j|%iKiQ
|
|t:|1667510425
|start
|switch|p1a: Crobat|Crobat, M|100/100
|switch|p2a: Zygarde|Zygarde-10%|100/100
|-ability|p2a: Zygarde|Aura Break
|turn|1
|
|t:|1667510441
|switch|p2a: Tapu Bulu|Tapu Bulu|100/100
|-fieldstart|move: Grassy Terrain|[from] ability: Grassy Surge|[of] p2a: Tapu Bulu
|move|p1a: Crobat|U-turn|p2a: Tapu Bulu
|-damage|p2a: Tapu Bulu|87/100
|
|t:|1667510446
|switch|p1a: Cobalion|Cobalion|100/100|[from]move: U-turn
|
|-heal|p2a: Tapu Bulu|93/100|[from] Grassy Terrain
|upkeep
|turn|2
|
|t:|1667510452
|switch|p2a: Suicune|Suicune|100/100
|-ability|p2a: Suicune|Pressure
|move|p1a: Cobalion|Stealth Rock|p2a: Suicune
|-sidestart|p2: ARN32 Nowelle|move: Stealth Rock
|
|upkeep
|turn|3
|
|t:|1667510455
|move|p1a: Cobalion|Swords Dance|p1a: Cobalion
|-boost|p1a: Cobalion|atk|2
|move|p2a: Suicune|Scald|p1a: Cobalion
|-damage|p1a: Cobalion|63/100
|-status|p1a: Cobalion|brn
|
|-heal|p1a: Cobalion|69/100 brn|[from] Grassy Terrain
|-damage|p1a: Cobalion|63/100 brn|[from] brn
|upkeep
|turn|4
|
|t:|1667510460
|switch|p2a: Salamence|Salamence, M|100/100
|-ability|p2a: Salamence|Intimidate|boost
|-unboost|p1a: Cobalion|atk|1
|move|p1a: Cobalion|Close Combat|p2a: Salamence
|-resisted|p2a: Salamence
|-damage|p2a: Salamence|86/100
|-unboost|p1a: Cobalion|def|1
|-unboost|p1a: Cobalion|spd|1
|
|-heal|p1a: Cobalion|69/100 brn|[from] Grassy Terrain
|-damage|p1a: Cobalion|63/100 brn|[from] brn
|upkeep
|turn|5
|
|t:|1667510464
|switch|p1a: Hydreigon|Hydreigon, F|100/100
|move|p2a: Salamence|Defog|p1a: Hydreigon
|-unboost|p1a: Hydreigon|evasion|1
|-sideend|p2: ARN32 Nowelle|Stealth Rock|[from] move: Defog|[of] p2a: Salamence
|-fieldend|move: Grassy Terrain
|
|upkeep
|turn|6
|
|t:|1667510473
|switch|p2a: Tapu Bulu|Tapu Bulu|93/100
|-fieldstart|move: Grassy Terrain|[from] ability: Grassy Surge|[of] p2a: Tapu Bulu
|move|p1a: Hydreigon|Draco Meteor|p2a: Tapu Bulu
|-immune|p2a: Tapu Bulu
|
|-heal|p2a: Tapu Bulu|99/100|[from] Grassy Terrain
|upkeep
|turn|7
|
|t:|1667510479
|switch|p1a: Cobalion|Cobalion|63/100 brn
|switch|p2a: Nihilego|Nihilego|100/100
|
|-heal|p1a: Cobalion|69/100 brn|[from] Grassy Terrain
|-damage|p1a: Cobalion|63/100 brn|[from] brn
|upkeep
|turn|8
|
|t:|1667510483
|switch|p2a: Salamence|Salamence, M|86/100
|-ability|p2a: Salamence|Intimidate|boost
|-unboost|p1a: Cobalion|atk|1
|move|p1a: Cobalion|Stealth Rock|p2a: Salamence
|-sidestart|p2: ARN32 Nowelle|move: Stealth Rock
|
|-heal|p1a: Cobalion|69/100 brn|[from] Grassy Terrain
|-damage|p1a: Cobalion|63/100 brn|[from] brn
|upkeep
|turn|9
|
|t:|1667510488
|switch|p1a: Hydreigon|Hydreigon, F|100/100
|move|p2a: Salamence|Defog|p1a: Hydreigon
|-unboost|p1a: Hydreigon|evasion|1
|-sideend|p2: ARN32 Nowelle|Stealth Rock|[from] move: Defog|[of] p2a: Salamence
|-fieldend|move: Grassy Terrain
|
|upkeep
|turn|10
|
|t:|1667510491
|switch|p2a: Tapu Bulu|Tapu Bulu|99/100
|-fieldstart|move: Grassy Terrain|[from] ability: Grassy Surge|[of] p2a: Tapu Bulu
|move|p1a: Hydreigon|Draco Meteor|p2a: Tapu Bulu
|-immune|p2a: Tapu Bulu
|
|-heal|p2a: Tapu Bulu|100/100|[from] Grassy Terrain
|upkeep
|turn|11
|
|t:|1667510501
|switch|p1a: Tangrowth|Tangrowth, F|100/100
|switch|p2a: Suicune|Suicune|100/100
|-ability|p2a: Suicune|Pressure
|
|upkeep
|turn|12
|
|t:|1667510505
|switch|p2a: Nihilego|Nihilego|100/100
|move|p1a: Tangrowth|Power Whip|p2a: Nihilego|[miss]
|-miss|p1a: Tangrowth|p2a: Nihilego
|
|upkeep
|turn|13
|c|☆ARN32 Nowelle|mb
|
|t:|1667510513
|move|p2a: Nihilego|Stealth Rock|p1a: Tangrowth
|-sidestart|p1: Xyllia|move: Stealth Rock
|move|p1a: Tangrowth|Power Whip|p2a: Nihilego
|-damage|p2a: Nihilego|15/100
|
|-heal|p2a: Nihilego|21/100|[from] Grassy Terrain
|-heal|p2a: Nihilego|27/100|[from] item: Black Sludge
|upkeep
|turn|14
|c|☆Xyllia|oui
|
|t:|1667510523
|switch|p2a: Zygarde|Zygarde-10%|100/100
|-ability|p2a: Zygarde|Aura Break
|switch|p1a: Cobalion|Cobalion|63/100 brn
|-damage|p1a: Cobalion|60/100 brn|[from] Stealth Rock
|
|-heal|p1a: Cobalion|66/100 brn|[from] Grassy Terrain
|-damage|p1a: Cobalion|60/100 brn|[from] brn
|-fieldend|move: Grassy Terrain
|upkeep
|turn|15
|j| 94260LC
|
|t:|1667510529
|switch|p2a: Nihilego|Nihilego|27/100
|switch|p1a: Crobat|Crobat, M|100/100
|
|-heal|p2a: Nihilego|33/100|[from] item: Black Sludge
|upkeep
|turn|16
|
|t:|1667510538
|move|p1a: Crobat|U-turn|p2a: Nihilego
|-resisted|p2a: Nihilego
|-damage|p2a: Nihilego|20/100
|j| wideoharper524
|
|t:|1667510540
|switch|p1a: Cobalion|Cobalion|60/100 brn|[from]move: U-turn
|-damage|p1a: Cobalion|57/100 brn|[from] Stealth Rock
|move|p2a: Nihilego|Power Gem|p1a: Cobalion
|-resisted|p1a: Cobalion
|-damage|p1a: Cobalion|44/100 brn
|
|-heal|p2a: Nihilego|26/100|[from] item: Black Sludge
|-damage|p1a: Cobalion|38/100 brn|[from] brn
|upkeep
|turn|17
|j| Beka ❤
|
|t:|1667510546
|switch|p2a: Jirachi|Jirachi|100/100
|move|p1a: Cobalion|Stealth Rock|p2a: Jirachi
|-sidestart|p2: ARN32 Nowelle|move: Stealth Rock
|
|-damage|p1a: Cobalion|32/100 brn|[from] brn
|upkeep
|turn|18
|
|t:|1667510557
|switch|p1a: Rotom|Rotom-Wash|100/100
|-damage|p1a: Rotom|88/100|[from] Stealth Rock
|move|p2a: Jirachi|Wish|p2a: Jirachi
|
|-heal|p1a: Rotom|94/100|[from] item: Leftovers
|upkeep
|turn|19
|
|t:|1667510571
|move|p2a: Jirachi|U-turn|p1a: Rotom
|-damage|p1a: Rotom|77/100
|c|☆ARN32 Nowelle|pk j'ai autant de speed :c
|inactive|ARN32 Nowelle has 120 seconds left.
|c|☆Xyllia|:c
|
|t:|1667510610
|switch|p2a: Tapu Bulu|Tapu Bulu|100/100|[from]move: U-turn
|-fieldstart|move: Grassy Terrain|[from] ability: Grassy Surge|[of] p2a: Tapu Bulu
|move|p1a: Rotom|Hydro Pump|p2a: Tapu Bulu
|-resisted|p2a: Tapu Bulu
|-damage|p2a: Tapu Bulu|79/100
|
|-heal|p2a: Tapu Bulu|100/100|[from] move: Wish|[wisher] Jirachi
|-heal|p1a: Rotom|83/100|[from] item: Leftovers
|upkeep
|turn|20
|inactive|ARN32 Nowelle has 120 seconds left.
|
|t:|1667510622
|switch|p1a: Crobat|Crobat, M|100/100
|switch|p2a: Salamence|Salamence, M|86/100
|-ability|p2a: Salamence|Intimidate|boost
|-fail|p1a: Crobat|unboost|Attack|[from] ability: Inner Focus|[of] p1a: Crobat
|
|upkeep
|turn|21
|inactive|ARN32 Nowelle has 120 seconds left.
|
|t:|1667510628
|move|p1a: Crobat|U-turn|p2a: Salamence
|-resisted|p2a: Salamence
|-damage|p2a: Salamence|79/100
|
|t:|1667510630
|switch|p1a: Rotom|Rotom-Wash|83/100|[from]move: U-turn
|-damage|p1a: Rotom|71/100|[from] Stealth Rock
|move|p2a: Salamence|Defog|p1a: Rotom
|-unboost|p1a: Rotom|evasion|1
|-sideend|p1: Xyllia|Stealth Rock|[from] move: Defog|[of] p2a: Salamence
|-sideend|p2: ARN32 Nowelle|Stealth Rock|[from] move: Defog|[of] p2a: Salamence
|-fieldend|move: Grassy Terrain
|
|-heal|p1a: Rotom|77/100|[from] item: Leftovers
|upkeep
|turn|22
|
|t:|1667510644
|switch|p2a: Tapu Bulu|Tapu Bulu|100/100
|-fieldstart|move: Grassy Terrain|[from] ability: Grassy Surge|[of] p2a: Tapu Bulu
|move|p1a: Rotom|Volt Switch|p2a: Tapu Bulu
|-resisted|p2a: Tapu Bulu
|-damage|p2a: Tapu Bulu|88/100
|
|t:|1667510648
|switch|p1a: Crobat|Crobat, M|100/100|[from]move: Volt Switch
|
|-heal|p2a: Tapu Bulu|94/100|[from] Grassy Terrain
|upkeep
|turn|23
|
|t:|1667510662
|switch|p2a: Jirachi|Jirachi|100/100
|move|p1a: Crobat|Brave Bird|p2a: Jirachi
|-resisted|p2a: Jirachi
|-damage|p2a: Jirachi|82/100
|-damage|p1a: Crobat|93/100|[from] Recoil
|
|-heal|p2a: Jirachi|88/100|[from] Grassy Terrain
|-heal|p2a: Jirachi|94/100|[from] item: Leftovers
|upkeep
|turn|24
|
|t:|1667510668
|move|p1a: Crobat|U-turn|p2a: Jirachi
|-damage|p2a: Jirachi|79/100
|
|t:|1667510670
|switch|p1a: Cobalion|Cobalion|32/100 brn|[from]move: U-turn
|move|p2a: Jirachi|U-turn|p1a: Cobalion
|-resisted|p1a: Cobalion
|-damage|p1a: Cobalion|29/100 brn
|-damage|p2a: Jirachi|62/100|[from] item: Rocky Helmet|[of] p1a: Cobalion
|
|t:|1667510680
|switch|p2a: Nihilego|Nihilego|26/100|[from]move: U-turn
|
|-heal|p1a: Cobalion|35/100 brn|[from] Grassy Terrain
|-heal|p2a: Nihilego|32/100|[from] Grassy Terrain
|-heal|p2a: Nihilego|38/100|[from] item: Black Sludge
|-damage|p1a: Cobalion|29/100 brn|[from] brn
|upkeep
|turn|25
|j| ty-tyui↻
|
|t:|1667510685
|switch|p1a: Hydreigon|Hydreigon, F|100/100
|switch|p2a: Jirachi|Jirachi|62/100
|
|-heal|p2a: Jirachi|68/100|[from] Grassy Terrain
|-heal|p2a: Jirachi|75/100|[from] item: Leftovers
|upkeep
|turn|26
|
|t:|1667510692
|move|p2a: Jirachi|Protect|p2a: Jirachi
|-singleturn|p2a: Jirachi|Protect
|move|p1a: Hydreigon|Dark Pulse|p2a: Jirachi
|-activate|p2a: Jirachi|move: Protect
|
|-heal|p2a: Jirachi|81/100|[from] Grassy Terrain
|-heal|p2a: Jirachi|87/100|[from] item: Leftovers
|-fieldend|move: Grassy Terrain
|upkeep
|turn|27
|
|t:|1667510695
|switch|p2a: Tapu Bulu|Tapu Bulu|94/100
|-fieldstart|move: Grassy Terrain|[from] ability: Grassy Surge|[of] p2a: Tapu Bulu
|move|p1a: Hydreigon|Dark Pulse|p2a: Tapu Bulu
|-resisted|p2a: Tapu Bulu
|-damage|p2a: Tapu Bulu|63/100
|
|-heal|p2a: Tapu Bulu|69/100|[from] Grassy Terrain
|upkeep
|turn|28
|
|t:|1667510704
|switch|p1a: Crobat|Crobat, M|93/100
|switch|p2a: Nihilego|Nihilego|38/100
|
|-heal|p2a: Nihilego|44/100|[from] Grassy Terrain
|-heal|p2a: Nihilego|50/100|[from] item: Black Sludge
|upkeep
|turn|29
|
|t:|1667510711
|move|p1a: Crobat|U-turn|p2a: Nihilego
|-resisted|p2a: Nihilego
|-damage|p2a: Nihilego|37/100
|
|t:|1667510713
|switch|p1a: Cobalion|Cobalion|29/100 brn|[from]move: U-turn
|move|p2a: Nihilego|Stealth Rock|p1a: Cobalion
|-sidestart|p1: Xyllia|move: Stealth Rock
|
|-heal|p1a: Cobalion|35/100 brn|[from] Grassy Terrain
|-heal|p2a: Nihilego|43/100|[from] Grassy Terrain
|-heal|p2a: Nihilego|49/100|[from] item: Black Sludge
|-damage|p1a: Cobalion|29/100 brn|[from] brn
|upkeep
|turn|30
|
|t:|1667510724
|switch|p2a: Suicune|Suicune|100/100
|-ability|p2a: Suicune|Pressure
|move|p1a: Cobalion|Stealth Rock|p2a: Suicune
|-sidestart|p2: ARN32 Nowelle|move: Stealth Rock
|
|-heal|p1a: Cobalion|35/100 brn|[from] Grassy Terrain
|-damage|p1a: Cobalion|29/100 brn|[from] brn
|upkeep
|turn|31
|
|t:|1667510728
|switch|p1a: Tangrowth|Tangrowth, F|100/100
|-damage|p1a: Tangrowth|88/100|[from] Stealth Rock
|move|p2a: Suicune|Substitute|p2a: Suicune
|-start|p2a: Suicune|Substitute
|-damage|p2a: Suicune|75/100
|
|-heal|p2a: Suicune|82/100|[from] Grassy Terrain
|-heal|p2a: Suicune|88/100|[from] item: Leftovers
|-heal|p1a: Tangrowth|94/100|[from] Grassy Terrain
|-fieldend|move: Grassy Terrain
|upkeep
|turn|32
|
|t:|1667510730
|move|p2a: Suicune|Scald|p1a: Tangrowth
|-resisted|p1a: Tangrowth
|-damage|p1a: Tangrowth|85/100
|move|p1a: Tangrowth|Power Whip|p2a: Suicune
|-supereffective|p2a: Suicune
|-end|p2a: Suicune|Substitute
|
|-heal|p2a: Suicune|94/100|[from] item: Leftovers
|upkeep
|turn|33
|
|t:|1667510735
|switch|p2a: Tapu Bulu|Tapu Bulu|69/100
|-fieldstart|move: Grassy Terrain|[from] ability: Grassy Surge|[of] p2a: Tapu Bulu
|move|p1a: Tangrowth|Power Whip|p2a: Tapu Bulu
|-resisted|p2a: Tapu Bulu
|-damage|p2a: Tapu Bulu|51/100
|
|-heal|p2a: Tapu Bulu|57/100|[from] Grassy Terrain
|-heal|p1a: Tangrowth|92/100|[from] Grassy Terrain
|upkeep
|turn|34
|
|t:|1667510738
|move|p2a: Tapu Bulu|Toxic|p1a: Tangrowth
|-status|p1a: Tangrowth|tox
|move|p1a: Tangrowth|Sludge Bomb|p2a: Tapu Bulu
|-supereffective|p2a: Tapu Bulu
|-damage|p2a: Tapu Bulu|0 fnt
|faint|p2a: Tapu Bulu
|
|-heal|p1a: Tangrowth|98/100 tox|[from] Grassy Terrain
|-damage|p1a: Tangrowth|92/100 tox|[from] psn
|upkeep
|inactive|ARN32 Nowelle has 120 seconds left.
|j| Micciu20250
|c|☆ARN32 Nowelle|effectivement jean-marc ce play était vraiment stupide de la part du joueur de bulu
|
|t:|1667510792
|switch|p2a: Nihilego|Nihilego|49/100
|-damage|p2a: Nihilego|37/100|[from] Stealth Rock
|turn|35
|
|t:|1667510798
|switch|p1a: Cobalion|Cobalion|29/100 brn
|-damage|p1a: Cobalion|26/100 brn|[from] Stealth Rock
|move|p2a: Nihilego|Sludge Bomb|p1a: Cobalion
|-immune|p1a: Cobalion
|
|-heal|p1a: Cobalion|32/100 brn|[from] Grassy Terrain
|-heal|p2a: Nihilego|43/100|[from] Grassy Terrain
|-heal|p2a: Nihilego|49/100|[from] item: Black Sludge
|-damage|p1a: Cobalion|26/100 brn|[from] brn
|upkeep
|turn|36
|
|t:|1667510805
|move|p1a: Cobalion|Iron Head|p2a: Nihilego
|-supereffective|p2a: Nihilego
|-damage|p2a: Nihilego|0 fnt
|faint|p2a: Nihilego
|
|-heal|p1a: Cobalion|32/100 brn|[from] Grassy Terrain
|-damage|p1a: Cobalion|26/100 brn|[from] brn
|upkeep
|inactive|ARN32 Nowelle has 120 seconds left.
|
|t:|1667510812
|switch|p2a: Suicune|Suicune|94/100
|-damage|p2a: Suicune|82/100|[from] Stealth Rock
|-ability|p2a: Suicune|Pressure
|turn|37
|
|t:|1667510821
|move|p1a: Cobalion|Swords Dance|p1a: Cobalion
|-boost|p1a: Cobalion|atk|2
|move|p2a: Suicune|Calm Mind|p2a: Suicune
|-boost|p2a: Suicune|spa|1
|-boost|p2a: Suicune|spd|1
|
|-heal|p1a: Cobalion|32/100 brn|[from] Grassy Terrain
|-heal|p2a: Suicune|88/100|[from] Grassy Terrain
|-heal|p2a: Suicune|94/100|[from] item: Leftovers
|-damage|p1a: Cobalion|26/100 brn|[from] brn
|-fieldend|move: Grassy Terrain
|upkeep
|turn|38
|
|t:|1667510825
|move|p2a: Suicune|Protect|p2a: Suicune
|-singleturn|p2a: Suicune|Protect
|move|p1a: Cobalion|Close Combat|p2a: Suicune
|-activate|p2a: Suicune|move: Protect
|
|-heal|p2a: Suicune|99/100|[from] item: Leftovers
|-damage|p1a: Cobalion|19/100 brn|[from] brn
|upkeep
|turn|39
|
|t:|1667510830
|move|p1a: Cobalion|Close Combat|p2a: Suicune
|-damage|p2a: Suicune|75/100
|-unboost|p1a: Cobalion|def|1
|-unboost|p1a: Cobalion|spd|1
|move|p2a: Suicune|Scald|p1a: Cobalion
|-damage|p1a: Cobalion|0 fnt
|faint|p1a: Cobalion
|
|-heal|p2a: Suicune|81/100|[from] item: Leftovers
|upkeep
|
|t:|1667510851
|switch|p1a: Diggersby|Diggersby, M|100/100
|-damage|p1a: Diggersby|94/100|[from] Stealth Rock
|turn|40
|
|t:|1667510854
|move|p2a: Suicune|Protect|p2a: Suicune
|-singleturn|p2a: Suicune|Protect
|move|p1a: Diggersby|Knock Off|p2a: Suicune
|-activate|p2a: Suicune|move: Protect
|
|-heal|p2a: Suicune|87/100|[from] item: Leftovers
|upkeep
|turn|41
|
|t:|1667510857
|move|p1a: Diggersby|Knock Off|p2a: Suicune
|-damage|p2a: Suicune|63/100
|-enditem|p2a: Suicune|Leftovers|[from] move: Knock Off|[of] p1a: Diggersby
|move|p2a: Suicune|Scald|p1a: Diggersby
|-supereffective|p1a: Diggersby
|-damage|p1a: Diggersby|0 fnt
|faint|p1a: Diggersby
|
|upkeep
|
|t:|1667510868
|switch|p1a: Hydreigon|Hydreigon, F|100/100
|-damage|p1a: Hydreigon|88/100|[from] Stealth Rock
|turn|42
|
|t:|1667510872
|move|p2a: Suicune|Protect|p2a: Suicune
|-singleturn|p2a: Suicune|Protect
|move|p1a: Hydreigon|Draco Meteor|p2a: Suicune
|-activate|p2a: Suicune|move: Protect
|
|upkeep
|turn|43
|
|t:|1667510876
|move|p1a: Hydreigon|Draco Meteor|p2a: Suicune
|-damage|p2a: Suicune|5/100
|-unboost|p1a: Hydreigon|spa|2
|move|p2a: Suicune|Scald|p1a: Hydreigon
|-resisted|p1a: Hydreigon
|-damage|p1a: Hydreigon|67/100
|
|upkeep
|turn|44
|
|t:|1667510888
|switch|p1a: Tangrowth|Tangrowth, F|100/100 tox
|-damage|p1a: Tangrowth|88/100 tox|[from] Stealth Rock
|move|p2a: Suicune|Scald|p1a: Tangrowth
|-resisted|p1a: Tangrowth
|-crit|p1a: Tangrowth
|-damage|p1a: Tangrowth|67/100 tox
|
|-damage|p1a: Tangrowth|61/100 tox|[from] psn
|upkeep
|turn|45
|
|t:|1667510892
|move|p2a: Suicune|Protect|p2a: Suicune
|-singleturn|p2a: Suicune|Protect
|move|p1a: Tangrowth|Knock Off|p2a: Suicune
|-activate|p2a: Suicune|move: Protect
|
|-damage|p1a: Tangrowth|48/100 tox|[from] psn
|upkeep
|turn|46
|
|t:|1667510895
|move|p2a: Suicune|Scald|p1a: Tangrowth
|-resisted|p1a: Tangrowth
|-damage|p1a: Tangrowth|35/100 tox
|move|p1a: Tangrowth|Knock Off|p2a: Suicune
|-damage|p2a: Suicune|0 fnt
|faint|p2a: Suicune
|
|-damage|p1a: Tangrowth|16/100 tox|[from] psn
|upkeep
|
|t:|1667510904
|switch|p2a: Zygarde|Zygarde-10%|100/100
|-damage|p2a: Zygarde|94/100|[from] Stealth Rock
|-ability|p2a: Zygarde|Aura Break
|turn|47
|
|t:|1667510926
|move|p2a: Zygarde|Thousand Arrows|p1a: Tangrowth
|-resisted|p1a: Tangrowth
|-damage|p1a: Tangrowth|0 fnt
|faint|p1a: Tangrowth
|
|upkeep
|
|t:|1667510933
|switch|p1a: Crobat|Crobat, M|93/100
|turn|48
|inactive|Xyllia has 120 seconds left.
|
|t:|1667510967
|switch|p2a: Jirachi|Jirachi|87/100
|-damage|p2a: Jirachi|81/100|[from] Stealth Rock
|move|p1a: Crobat|U-turn|p2a: Jirachi
|-damage|p2a: Jirachi|66/100
|
|t:|1667510969
|switch|p1a: Rotom|Rotom-Wash|77/100|[from]move: U-turn
|-damage|p1a: Rotom|65/100|[from] Stealth Rock
|
|-heal|p2a: Jirachi|72/100|[from] item: Leftovers
|-heal|p1a: Rotom|71/100|[from] item: Leftovers
|upkeep
|turn|49
|inactive|Xyllia has 120 seconds left.
|
|t:|1667510980
|move|p2a: Jirachi|Iron Head|p1a: Rotom
|-resisted|p1a: Rotom
|-damage|p1a: Rotom|64/100
|cant|p1a: Rotom|flinch
|
|-heal|p2a: Jirachi|78/100|[from] item: Leftovers
|-heal|p1a: Rotom|70/100|[from] item: Leftovers
|upkeep
|turn|50
|inactive|Xyllia has 120 seconds left.
|
|t:|1667510987
|move|p2a: Jirachi|Iron Head|p1a: Rotom
|-resisted|p1a: Rotom
|-damage|p1a: Rotom|64/100
|move|p1a: Rotom|Hydro Pump|p2a: Jirachi
|-crit|p2a: Jirachi
|-damage|p2a: Jirachi|29/100
|
|-heal|p2a: Jirachi|35/100|[from] item: Leftovers
|-heal|p1a: Rotom|69/100|[from] item: Leftovers
|upkeep
|turn|51
|
|t:|1667510991
|move|p2a: Jirachi|Wish|p2a: Jirachi
|move|p1a: Rotom|Volt Switch|p2a: Jirachi
|-damage|p2a: Jirachi|15/100
|
|t:|1667510998
|switch|p1a: Crobat|Crobat, M|93/100|[from]move: Volt Switch
|
|-heal|p2a: Jirachi|21/100|[from] item: Leftovers
|upkeep
|turn|52
|
|t:|1667511001
|move|p2a: Jirachi|Protect|p2a: Jirachi
|-singleturn|p2a: Jirachi|Protect
|move|p1a: Crobat|Brave Bird|p2a: Jirachi
|-activate|p2a: Jirachi|move: Protect
|
|-heal|p2a: Jirachi|71/100|[from] move: Wish|[wisher] Jirachi
|-heal|p2a: Jirachi|77/100|[from] item: Leftovers
|upkeep
|turn|53
|
|t:|1667511007
|move|p1a: Crobat|Taunt|p2a: Jirachi
|-start|p2a: Jirachi|move: Taunt
|move|p2a: Jirachi|U-turn|p1a: Crobat
|-resisted|p1a: Crobat
|-damage|p1a: Crobat|89/100
|
|t:|1667511011
|switch|p2a: Salamence|Salamence, M|79/100|[from]move: U-turn
|-ability|p2a: Salamence|Intimidate|boost
|-fail|p1a: Crobat|unboost|Attack|[from] ability: Inner Focus|[of] p1a: Crobat
|
|upkeep
|turn|54
|
|t:|1667511018
|move|p1a: Crobat|Brave Bird|p2a: Salamence
|-damage|p2a: Salamence|43/100
|-damage|p1a: Crobat|75/100|[from] Recoil
|move|p2a: Salamence|Flamethrower|p1a: Crobat
|-damage|p1a: Crobat|50/100
|
|upkeep
|turn|55
|
|t:|1667511024
|move|p1a: Crobat|Taunt|p2a: Salamence
|-start|p2a: Salamence|move: Taunt
|move|p2a: Salamence|Dual Wingbeat|p1a: Crobat
|-damage|p1a: Crobat|31/100
|-damage|p1a: Crobat|11/100
|-hitcount|p1a: Crobat|2
|
|upkeep
|turn|56
|
|t:|1667511032
|switch|p2a: Zygarde|Zygarde-10%|94/100
|-damage|p2a: Zygarde|88/100|[from] Stealth Rock
|-ability|p2a: Zygarde|Aura Break
|move|p1a: Crobat|Roost|p1a: Crobat
|-heal|p1a: Crobat|61/100
|-singleturn|p1a: Crobat|move: Roost
|
|upkeep
|turn|57
|
|t:|1667511038
|move|p1a: Crobat|U-turn|p2a: Zygarde
|-damage|p2a: Zygarde|59/100
|
|t:|1667511042
|switch|p1a: Hydreigon|Hydreigon, F|67/100|[from]move: U-turn
|-damage|p1a: Hydreigon|55/100|[from] Stealth Rock
|move|p2a: Zygarde|Outrage|p1a: Hydreigon
|-supereffective|p1a: Hydreigon
|-damage|p1a: Hydreigon|0 fnt
|faint|p1a: Hydreigon
|
|upkeep
|
|t:|1667511045
|switch|p1a: Crobat|Crobat, M|61/100
|turn|58
|
|t:|1667511046
|move|p1a: Crobat|Brave Bird|p2a: Zygarde
|-crit|p2a: Zygarde
|-damage|p2a: Zygarde|0 fnt
|faint|p2a: Zygarde
|-damage|p1a: Crobat|48/100|[from] Recoil
|
|upkeep
|
|t:|1667511049
|switch|p2a: Jirachi|Jirachi|77/100
|-damage|p2a: Jirachi|71/100|[from] Stealth Rock
|turn|59
|
|t:|1667511059
|move|p1a: Crobat|Roost|p1a: Crobat
|-heal|p1a: Crobat|98/100
|-singleturn|p1a: Crobat|move: Roost
|move|p2a: Jirachi|U-turn|p1a: Crobat
|-resisted|p1a: Crobat
|-damage|p1a: Crobat|89/100
|
|t:|1667511061
|switch|p2a: Salamence|Salamence, M|43/100|[from]move: U-turn
|-ability|p2a: Salamence|Intimidate|boost
|-fail|p1a: Crobat|unboost|Attack|[from] ability: Inner Focus|[of] p1a: Crobat
|
|upkeep
|turn|60
|
|t:|1667511063
|switch|p2a: Jirachi|Jirachi|71/100
|-damage|p2a: Jirachi|65/100|[from] Stealth Rock
|move|p1a: Crobat|Taunt|p2a: Jirachi
|-start|p2a: Jirachi|move: Taunt
|
|-heal|p2a: Jirachi|71/100|[from] item: Leftovers
|upkeep
|turn|61
|
|t:|1667511069
|move|p1a: Crobat|Brave Bird|p2a: Jirachi
|-resisted|p2a: Jirachi
|-damage|p2a: Jirachi|53/100
|-damage|p1a: Crobat|82/100|[from] Recoil
|move|p2a: Jirachi|Iron Head|p1a: Crobat
|-damage|p1a: Crobat|53/100
|
|-heal|p2a: Jirachi|60/100|[from] item: Leftovers
|upkeep
|turn|62
|
|t:|1667511074
|move|p1a: Crobat|Roost|p1a: Crobat
|-heal|p1a: Crobat|100/100
|-singleturn|p1a: Crobat|move: Roost
|move|p2a: Jirachi|Iron Head|p1a: Crobat
|-damage|p1a: Crobat|70/100
|
|-heal|p2a: Jirachi|66/100|[from] item: Leftovers
|-end|p2a: Jirachi|move: Taunt
|upkeep
|turn|63
|
|t:|1667511080
|move|p1a: Crobat|Brave Bird|p2a: Jirachi
|-resisted|p2a: Jirachi
|-damage|p2a: Jirachi|47/100
|-damage|p1a: Crobat|63/100|[from] Recoil
|move|p2a: Jirachi|Wish|p2a: Jirachi
|
|-heal|p2a: Jirachi|53/100|[from] item: Leftovers
|upkeep
|turn|64
|
|t:|1667511088
|move|p1a: Crobat|Roost|p1a: Crobat
|-heal|p1a: Crobat|100/100
|-singleturn|p1a: Crobat|move: Roost
|move|p2a: Jirachi|U-turn|p1a: Crobat
|-resisted|p1a: Crobat
|-damage|p1a: Crobat|91/100
|
|t:|1667511090
|switch|p2a: Salamence|Salamence, M|43/100|[from]move: U-turn
|-ability|p2a: Salamence|Intimidate|boost
|-fail|p1a: Crobat|unboost|Attack|[from] ability: Inner Focus|[of] p1a: Crobat
|
|-heal|p2a: Salamence|94/100|[from] move: Wish|[wisher] Jirachi
|upkeep
|turn|65
|
|t:|1667511097
|move|p1a: Crobat|U-turn|p2a: Salamence
|-resisted|p2a: Salamence
|-damage|p2a: Salamence|87/100
|
|t:|1667511098
|switch|p1a: Rotom|Rotom-Wash|69/100|[from]move: U-turn
|-damage|p1a: Rotom|57/100|[from] Stealth Rock
|move|p2a: Salamence|Flamethrower|p1a: Rotom
|-resisted|p1a: Rotom
|-damage|p1a: Rotom|47/100
|
|-heal|p1a: Rotom|53/100|[from] item: Leftovers
|upkeep
|turn|66
|
|t:|1667511102
|move|p1a: Rotom|Defog|p2a: Salamence
|-unboost|p2a: Salamence|evasion|1
|-sideend|p2: ARN32 Nowelle|Stealth Rock|[from] move: Defog|[of] p1a: Rotom
|-sideend|p1: Xyllia|Stealth Rock|[from] move: Defog|[of] p1a: Rotom
|move|p2a: Salamence|Flamethrower|p1a: Rotom
|-resisted|p1a: Rotom
|-damage|p1a: Rotom|42/100
|
|-heal|p1a: Rotom|48/100|[from] item: Leftovers
|upkeep
|turn|67
|
|t:|1667511104
|move|p1a: Rotom|Pain Split|p2a: Salamence
|-sethp|p2a: Salamence|62/100|[from] move: Pain Split|[silent]
|-sethp|p1a: Rotom|81/100|[from] move: Pain Split
|move|p2a: Salamence|Flamethrower|p1a: Rotom
|-resisted|p1a: Rotom
|-damage|p1a: Rotom|71/100
|
|-heal|p1a: Rotom|77/100|[from] item: Leftovers
|upkeep
|turn|68
|
|t:|1667511107
|move|p1a: Rotom|Volt Switch|p2a: Salamence
|-damage|p2a: Salamence|36/100
|l| wideoharper524
|
|t:|1667511110
|switch|p1a: Crobat|Crobat, M|91/100|[from]move: Volt Switch
|move|p2a: Salamence|Flamethrower|p1a: Crobat
|-damage|p1a: Crobat|69/100
|
|upkeep
|turn|69
|
|t:|1667511119
|switch|p2a: Jirachi|Jirachi|53/100
|move|p1a: Crobat|Taunt|p2a: Jirachi
|-start|p2a: Jirachi|move: Taunt
|
|-heal|p2a: Jirachi|59/100|[from] item: Leftovers
|upkeep
|turn|70
|
|t:|1667511125
|move|p1a: Crobat|U-turn|p2a: Jirachi
|-damage|p2a: Jirachi|43/100
|
|t:|1667511126
|switch|p1a: Rotom|Rotom-Wash|77/100|[from]move: U-turn
|move|p2a: Jirachi|Iron Head|p1a: Rotom
|-resisted|p1a: Rotom
|-damage|p1a: Rotom|70/100
|
|-heal|p2a: Jirachi|49/100|[from] item: Leftovers
|-heal|p1a: Rotom|76/100|[from] item: Leftovers
|upkeep
|turn|71
|
|t:|1667511130
|move|p2a: Jirachi|Iron Head|p1a: Rotom
|-resisted|p1a: Rotom
|-damage|p1a: Rotom|70/100
|cant|p1a: Rotom|flinch
|
|-heal|p2a: Jirachi|55/100|[from] item: Leftovers
|-heal|p1a: Rotom|76/100|[from] item: Leftovers
|-end|p2a: Jirachi|move: Taunt
|upkeep
|turn|72
|
|t:|1667511132
|move|p2a: Jirachi|Wish|p2a: Jirachi
|move|p1a: Rotom|Hydro Pump|p2a: Jirachi
|-damage|p2a: Jirachi|23/100
|
|-heal|p2a: Jirachi|29/100|[from] item: Leftovers
|-heal|p1a: Rotom|82/100|[from] item: Leftovers
|upkeep
|turn|73
|
|t:|1667511136
|move|p2a: Jirachi|Iron Head|p1a: Rotom
|-resisted|p1a: Rotom
|-damage|p1a: Rotom|75/100
|move|p1a: Rotom|Volt Switch|p2a: Jirachi
|-crit|p2a: Jirachi
|-damage|p2a: Jirachi|0 fnt
|faint|p2a: Jirachi
|
|t:|1667511139
|switch|p1a: Crobat|Crobat, M|69/100|[from]move: Volt Switch
|
|upkeep
|c|☆Xyllia|bon bah
|c|☆ARN32 Nowelle|gggg
|c|☆Xyllia|gg
|c|☆ARN32 Nowelle|oe j'ai mal joué soz
|c|☆ARN32 Nowelle|j'suis pas fan de l'UU
|-message|ARN32 Nowelle forfeited.
|
|win|Xyllia
|n|☆Xyllia|xyllia
|n|☆ARN32 Nowelle|arn32nowelle
|n| Fathiryxi|fathiryxi
|n| iKiQ|ikiq
|n| 94260LC|94260lc
|n| Beka ❤|beka
|n| ty-tyui↻|tytyui
|n| Micciu20250|micciu20250
