|j|☆genericjonin
|j|☆5 pia to the top
|t:|1659747332
|gametype|singles
|player|p1|genericjonin|clair|1076
|player|p2|5 pia to the top|#uutrio2ladder|1261
|teamsize|p1|6
|teamsize|p2|5
|gen|8
|tier|[Gen 8] UU
|rated|
|rule|Sleep Clause Mod: Limit one foe put to sleep
|rule|Species Clause: Limit one of each Pokémon
|rule|OHKO Clause: OHKO moves are banned
|rule|Evasion Items Clause: Evasion items are banned
|rule|Evasion Moves Clause: Evasion moves are banned
|rule|Endless Battle Clause: Forcing endless battles is banned
|rule|HP Percentage Mod: HP is shown in percentages
|rule|Dynamax Clause: You cannot dynamax
|clearpoke
|poke|p1|Dunsparce, F|
|poke|p1|Seismitoad, M|
|poke|p1|Salazzle, F|
|poke|p1|Froslass, F|
|poke|p1|Miltank, F|
|poke|p1|Druddigon, F|
|poke|p2|Salamence, M|
|poke|p2|Chansey, F|
|poke|p2|Umbreon, F|
|poke|p2|Quagsire, M|
|poke|p2|Tangrowth, F|
|teampreview
|
|t:|1659747346
|start
|switch|p1a: Dunsparce|Dunsparce, F|100/100
|switch|p2a: tang ur wang|Tangrowth, F|100/100
|turn|1
|j| Queen of Bean ✿
|j|+Mengy ㋛
|
|t:|1659747353
|move|p1a: Dunsparce|Coil|p1a: Dunsparce
|-boost|p1a: Dunsparce|atk|1
|-boost|p1a: Dunsparce|def|1
|-boost|p1a: Dunsparce|accuracy|1
|move|p2a: tang ur wang|Knock Off|p1a: Dunsparce
|-damage|p1a: Dunsparce|87/100
|-ability|p1a: Dunsparce|Rattled|boost
|-boost|p1a: Dunsparce|spe|1
|-enditem|p1a: Dunsparce|Leftovers|[from] move: Knock Off|[of] p2a: tang ur wang
|
|upkeep
|turn|2
|
|t:|1659747363
|switch|p2a: megan the eggin|Chansey, F|100/100
|move|p1a: Dunsparce|Coil|p1a: Dunsparce
|-boost|p1a: Dunsparce|atk|1
|-boost|p1a: Dunsparce|def|1
|-boost|p1a: Dunsparce|accuracy|1
|
|upkeep
|turn|3
|
|t:|1659747372
|switch|p2a: poggy froggy|Quagsire, M|100/100
|move|p1a: Dunsparce|Coil|p1a: Dunsparce
|-boost|p1a: Dunsparce|atk|1
|-boost|p1a: Dunsparce|def|1
|-boost|p1a: Dunsparce|accuracy|1
|
|upkeep
|turn|4
|j| Shelley_Swampert
|
|t:|1659747379
|move|p1a: Dunsparce|Calm Mind|p1a: Dunsparce
|-boost|p1a: Dunsparce|spa|1
|-boost|p1a: Dunsparce|spd|1
|move|p2a: poggy froggy|Toxic|p1a: Dunsparce
|-status|p1a: Dunsparce|tox
|
|-damage|p1a: Dunsparce|81/100 tox|[from] psn
|upkeep
|turn|5
|c|+Mengy ㋛|!learn dunsparce, stored power
|c|+Mengy ㋛|/raw <div class="infobox">In [Gen 8] UU, Dunsparce <span class="message-learn-canlearn">can</span> learn Stored Power from:<ul class="message-learn-list"><li>anywhere (move is level-up/tutor/TM/HM/egg in Gen 8)</ul></div>
|
|t:|1659747451
|switch|p2a: umby wumby|Umbreon, F|100/100
|move|p1a: Dunsparce|Calm Mind|p1a: Dunsparce
|-boost|p1a: Dunsparce|spa|1
|-boost|p1a: Dunsparce|spd|1
|
|-damage|p1a: Dunsparce|69/100 tox|[from] psn
|upkeep
|turn|6
|
|t:|1659747460
|move|p2a: umby wumby|Protect|p2a: umby wumby
|-singleturn|p2a: umby wumby|Protect
|move|p1a: Dunsparce|Calm Mind|p1a: Dunsparce
|-boost|p1a: Dunsparce|spa|1
|-boost|p1a: Dunsparce|spd|1
|
|-damage|p1a: Dunsparce|50/100 tox|[from] psn
|upkeep
|turn|7
|
|t:|1659747470
|move|p1a: Dunsparce|Rest|p1a: Dunsparce
|-status|p1a: Dunsparce|slp|[from] move: Rest
|-heal|p1a: Dunsparce|100/100 slp|[silent]
|move|p2a: umby wumby|Wish|p2a: umby wumby
|
|upkeep
|turn|8
|
|t:|1659747477
|switch|p2a: poggy froggy|Quagsire, M|100/100
|cant|p1a: Dunsparce|slp
|
|upkeep
|turn|9
|
|t:|1659747482
|cant|p1a: Dunsparce|slp
|move|p2a: poggy froggy|Haze|p2a: poggy froggy
|-clearallboost
|
|upkeep
|turn|10
|l| Queen of Bean ✿
|c|+Mengy ㋛|!ds power trip, stored power
|c|+Mengy ㋛|/raw <div class="infobox">No Pok&eacute;mon found.</div>
|inactive|Battle timer is ON: inactive players will automatically lose when time's up. (requested by 5 pia to the top)
|
|t:|1659747488
|switch|p2a: megan the eggin|Chansey, F|100/100
|-curestatus|p1a: Dunsparce|slp|[msg]
|move|p1a: Dunsparce|Coil|p1a: Dunsparce
|-boost|p1a: Dunsparce|atk|1
|-boost|p1a: Dunsparce|def|1
|-boost|p1a: Dunsparce|accuracy|1
|
|upkeep
|turn|11
|c|+Mengy ㋛|no mons get both
|
|t:|1659747495
|move|p1a: Dunsparce|Coil|p1a: Dunsparce
|-boost|p1a: Dunsparce|atk|1
|-boost|p1a: Dunsparce|def|1
|-boost|p1a: Dunsparce|accuracy|1
|move|p2a: megan the eggin|Toxic|p1a: Dunsparce
|-status|p1a: Dunsparce|tox
|
|-damage|p1a: Dunsparce|94/100 tox|[from] psn
|upkeep
|turn|12
|
|t:|1659747502
|move|p1a: Dunsparce|Coil|p1a: Dunsparce
|-boost|p1a: Dunsparce|atk|1
|-boost|p1a: Dunsparce|def|1
|-boost|p1a: Dunsparce|accuracy|1
|move|p2a: megan the eggin|Stealth Rock|p1a: Dunsparce
|-sidestart|p1: genericjonin|move: Stealth Rock
|
|-damage|p1a: Dunsparce|82/100 tox|[from] psn
|upkeep
|turn|13
|
|t:|1659747509
|switch|p2a: umby wumby|Umbreon, F|100/100
|move|p1a: Dunsparce|Calm Mind|p1a: Dunsparce
|-boost|p1a: Dunsparce|spa|1
|-boost|p1a: Dunsparce|spd|1
|
|-damage|p1a: Dunsparce|63/100 tox|[from] psn
|upkeep
|turn|14
|
|t:|1659747517
|move|p2a: umby wumby|Protect|p2a: umby wumby
|-singleturn|p2a: umby wumby|Protect
|move|p1a: Dunsparce|Calm Mind|p1a: Dunsparce
|-boost|p1a: Dunsparce|spa|1
|-boost|p1a: Dunsparce|spd|1
|
|-damage|p1a: Dunsparce|38/100 tox|[from] psn
|upkeep
|turn|15
|
|t:|1659747524
|move|p1a: Dunsparce|Calm Mind|p1a: Dunsparce
|-boost|p1a: Dunsparce|spa|1
|-boost|p1a: Dunsparce|spd|1
|move|p2a: umby wumby|Wish|p2a: umby wumby
|
|-damage|p1a: Dunsparce|7/100 tox|[from] psn
|upkeep
|turn|16
|
|t:|1659747530
|move|p1a: Dunsparce|Rest|p1a: Dunsparce
|-status|p1a: Dunsparce|slp|[from] move: Rest
|-heal|p1a: Dunsparce|100/100 slp|[silent]
|move|p2a: umby wumby|Foul Play|p1a: Dunsparce
|-damage|p1a: Dunsparce|84/100 slp
|-ability|p1a: Dunsparce|Rattled|boost
|-boost|p1a: Dunsparce|spe|1
|
|upkeep
|turn|17
|j| Queen of Bean ✿
|
|t:|1659747537
|switch|p2a: poggy froggy|Quagsire, M|100/100
|cant|p1a: Dunsparce|slp
|
|upkeep
|turn|18
|
|t:|1659747549
|cant|p1a: Dunsparce|slp
|move|p2a: poggy froggy|Haze|p2a: poggy froggy
|-clearallboost
|
|upkeep
|turn|19
|c|+Mengy ㋛|not every stat
|c|+Mengy ㋛|you're missing one
|
|t:|1659747572
|-curestatus|p1a: Dunsparce|slp|[msg]
|move|p1a: Dunsparce|Coil|p1a: Dunsparce
|-boost|p1a: Dunsparce|atk|1
|-boost|p1a: Dunsparce|def|1
|-boost|p1a: Dunsparce|accuracy|1
|move|p2a: poggy froggy|Toxic|p1a: Dunsparce
|-status|p1a: Dunsparce|tox
|
|-damage|p1a: Dunsparce|78/100 tox|[from] psn
|upkeep
|turn|20
|c| Queen of Bean ✿|it doesnt get power trip
|c|+Mengy ㋛|evasion
|c|+Mengy ㋛|yeah
|c| Queen of Bean ✿|evasion
|
|t:|1659747598
|move|p1a: Dunsparce|Coil|p1a: Dunsparce
|-boost|p1a: Dunsparce|atk|1
|-boost|p1a: Dunsparce|def|1
|-boost|p1a: Dunsparce|accuracy|1
|move|p2a: poggy froggy|Scald|p1a: Dunsparce
|-damage|p1a: Dunsparce|55/100 tox
|
|-damage|p1a: Dunsparce|42/100 tox|[from] psn
|upkeep
|turn|21
|inactive|genericjonin has 120 seconds left.
|
|t:|1659747613
|move|p1a: Dunsparce|Stored Power|p2a: poggy froggy
|-damage|p2a: poggy froggy|81/100
|move|p2a: poggy froggy|Scald|p1a: Dunsparce
|-damage|p1a: Dunsparce|18/100 tox
|
|-heal|p2a: poggy froggy|88/100|[from] item: Leftovers
|-damage|p1a: Dunsparce|0 fnt|[from] psn
|faint|p1a: Dunsparce
|upkeep
|inactive|genericjonin has 120 seconds left.
|
|t:|1659747628
|switch|p1a: Froslass|Froslass, F|100/100
|-damage|p1a: Froslass|76/100|[from] Stealth Rock
|turn|22
|
|t:|1659747640
|move|p1a: Froslass|Taunt|p2a: poggy froggy
|-start|p2a: poggy froggy|move: Taunt
|cant|p2a: poggy froggy|move: Taunt|Toxic
|
|-heal|p2a: poggy froggy|94/100|[from] item: Leftovers
|upkeep
|turn|23
|inactive|genericjonin has 120 seconds left.
|
|t:|1659747648
|move|p1a: Froslass|Poltergeist|p2a: poggy froggy
|-activate|p2a: poggy froggy|move: Poltergeist|Leftovers
|-damage|p2a: poggy froggy|65/100
|move|p2a: poggy froggy|Scald|p1a: Froslass
|-damage|p1a: Froslass|50/100
|-start|p2a: poggy froggy|Disable|Scald|[from] ability: Cursed Body|[of] p1a: Froslass
|
|-heal|p2a: poggy froggy|72/100|[from] item: Leftovers
|upkeep
|turn|24
|c|+Mengy ㋛|the gen 9 gimmick is terastallizing or something
|c|+Mengy ㋛|basically you turn into a crsytal
|c|+Mengy ㋛|and can get another type maybe
|inactive|genericjonin has 120 seconds left.
|
|t:|1659747660
|switch|p2a: umby wumby|Umbreon, F|100/100
|move|p1a: Froslass|Spikes|p2a: umby wumby
|-sidestart|p2: 5 pia to the top|Spikes
|
|upkeep
|turn|25
|c| Queen of Bean ✿|i was kinda rooting for the goofy dunsparce
|c|+Mengy ㋛|so for example your drifblim can have tera type fire
|inactive|genericjonin has 120 seconds left.
|
|t:|1659747679
|move|p1a: Froslass|Destiny Bond|p1a: Froslass
|-singlemove|p1a: Froslass|Destiny Bond
|move|p2a: umby wumby|Foul Play|p1a: Froslass
|-supereffective|p1a: Froslass
|-damage|p1a: Froslass|0 fnt
|faint|p1a: Froslass
|-activate|p1a: Froslass|move: Destiny Bond
|faint|p2a: umby wumby
|
|upkeep
|inactive|genericjonin has 120 seconds left.
|
|t:|1659747693
|switch|p1a: Druddigon|Druddigon, F|100/100
|switch|p2a: scary airy|Salamence, M|100/100
|-ability|p2a: scary airy|Intimidate|boost
|-unboost|p1a: Druddigon|atk|1
|-damage|p1a: Druddigon|88/100|[from] Stealth Rock
|turn|26
|
|t:|1659747699
|move|p2a: scary airy|Toxic|p1a: Druddigon
|-status|p1a: Druddigon|tox
|move|p1a: Druddigon|Dragon Tail|p2a: scary airy
|-supereffective|p2a: scary airy
|-damage|p2a: scary airy|71/100
|drag|p2a: tang ur wang|Tangrowth, F|100/100
|-damage|p2a: tang ur wang|88/100|[from] Spikes
|
|-damage|p1a: Druddigon|82/100 tox|[from] psn
|upkeep
|turn|27
|c|+Mengy ㋛|!ds ice, !freeze dry
|c|+Mengy ㋛|/raw <div class="infobox"><a href="//dex.pokemonshowdown.com/pokemon/abomasnow" target="_blank" class="subtle" style="white-space:nowrap"><psicon pokemon="Abomasnow" style="vertical-align:-7px;margin:-2px" />Abomasnow</a>, <a href="//dex.pokemonshowdown.com/pokemon/avalugg" target="_blank" class="subtle" style="white-space:nowrap"><psicon pokemon="Avalugg" style="vertical-align:-7px;margin:-2px" />Avalugg</a>, <a href="//dex.pokemonshowdown.com/pokemon/beartic" target="_blank" class="subtle" style="white-space:nowrap"><psicon pokemon="Beartic" style="vertical-align:-7px;margin:-2px" />Beartic</a>, <a href="//dex.pokemonshowdown.com/pokemon/bergmite" target="_blank" class="subtle" style="white-space:nowrap"><psicon pokemon="Bergmite" style="vertical-align:-7px;margin:-2px" />Bergmite</a>, <a href="//dex.pokemonshowdown.com/pokemon/calyrexice" target="_blank" class="subtle" style="white-space:nowrap"><psicon pokemon="Calyrex-Ice" style="vertical-align:-7px;margin:-2px" />Calyrex-Ice</a>, <a href="//dex.pokemonshowdown.com/pokemon/cloyster" target="_blank" class="subtle" style="white-space:nowrap"><psicon pokemon="Cloyster" style="vertical-align:-7px;margin:-2px" />Cloyster</a>, <a href="//dex.pokemonshowdown.com/pokemon/cubchoo" target="_blank" class="subtle" style="white-space:nowrap"><psicon pokemon="Cubchoo" style="vertical-align:-7px;margin:-2px" />Cubchoo</a>, <a href="//dex.pokemonshowdown.com/pokemon/froslass" target="_blank" class="subtle" style="white-space:nowrap"><psicon pokemon="Froslass" style="vertical-align:-7px;margin:-2px" />Froslass</a>, <a href="//dex.pokemonshowdown.com/pokemon/frosmoth" target="_blank" class="subtle" style="white-space:nowrap"><psicon pokemon="Frosmoth" style="vertical-align:-7px;margin:-2px" />Frosmoth</a>, <a href="//dex.pokemonshowdown.com/pokemon/glastrier" target="_blank" class="subtle" style="white-space:nowrap"><psicon pokemon="Glastrier" style="vertical-align:-7px;margin:-2px" />Glastrier</a>, <a href="//dex.pokemonshowdown.com/pokemon/jynx" target="_blank" class="subtle" style="white-space:nowrap"><psicon pokemon="Jynx" style="vertical-align:-7px;margin:-2px" />Jynx</a>, <a href="//dex.pokemonshowdown.com/pokemon/regice" target="_blank" class="subtle" style="white-space:nowrap"><psicon pokemon="Regice" style="vertical-align:-7px;margin:-2px" />Regice</a>, <a href="//dex.pokemonshowdown.com/pokemon/rotomfrost" target="_blank" class="subtle" style="white-space:nowrap"><psicon pokemon="Rotom-Frost" style="vertical-align:-7px;margin:-2px" />Rotom-Frost</a>, <a href="//dex.pokemonshowdown.com/pokemon/sandshrewalola" target="_blank" class="subtle" style="white-space:nowrap"><psicon pokemon="Sandshrew-Alola" style="vertical-align:-7px;margin:-2px" />Sandshrew-Alola</a>, <a href="//dex.pokemonshowdown.com/pokemon/sandslashalola" target="_blank" class="subtle" style="white-space:nowrap"><psicon pokemon="Sandslash-Alola" style="vertical-align:-7px;margin:-2px" />Sandslash-Alola</a>, <a href="//dex.pokemonshowdown.com/pokemon/sealeo" target="_blank" class="subtle" style="white-space:nowrap"><psicon pokemon="Sealeo" style="vertical-align:-7px;margin:-2px" />Sealeo</a>, <a href="//dex.pokemonshowdown.com/pokemon/silvallyice" target="_blank" class="subtle" style="white-space:nowrap"><psicon pokemon="Silvally-Ice" style="vertical-align:-7px;margin:-2px" />Silvally-Ice</a>, <a href="//dex.pokemonshowdown.com/pokemon/smoochum" target="_blank" class="subtle" style="white-space:nowrap"><psicon pokemon="Smoochum" style="vertical-align:-7px;margin:-2px" />Smoochum</a>, <a href="//dex.pokemonshowdown.com/pokemon/sneasel" target="_blank" class="subtle" style="white-space:nowrap"><psicon pokemon="Sneasel" style="vertical-align:-7px;margin:-2px" />Sneasel</a>, <a href="//dex.pokemonshowdown.com/pokemon/snom" target="_blank" class="subtle" style="white-space:nowrap"><psicon pokemon="Snom" style="vertical-align:-7px;margin:-2px" />Snom</a>, <a href="//dex.pokemonshowdown.com/pokemon/snorunt" target="_blank" class="subtle" style="white-space:nowrap"><psicon pokemon="Snorunt" style="vertical-align:-7px;margin:-2px" />Snorunt</a>, <a href="//dex.pokemonshowdown.com/pokemon/snover" target="_blank" class="subtle" style="white-space:nowrap"><psicon pokemon="Snover" style="vertical-align:-7px;margin:-2px" />Snover</a>, <a href="//dex.pokemonshowdown.com/pokemon/spheal" target="_blank" class="subtle" style="white-space:nowrap"><psicon pokemon="Spheal" style="vertical-align:-7px;margin:-2px" />Spheal</a>, <a href="//dex.pokemonshowdown.com/pokemon/vanillish" target="_blank" class="subtle" style="white-space:nowrap"><psicon pokemon="Vanillish" style="vertical-align:-7px;margin:-2px" />Vanillish</a>, <a href="//dex.pokemonshowdown.com/pokemon/vanillite" target="_blank" class="subtle" style="white-space:nowrap"><psicon pokemon="Vanillite" style="vertical-align:-7px;margin:-2px" />Vanillite</a>, <a href="//dex.pokemonshowdown.com/pokemon/walrein" target="_blank" class="subtle" style="white-space:nowrap"><psicon pokemon="Walrein" style="vertical-align:-7px;margin:-2px" />Walrein</a>, <a href="//dex.pokemonshowdown.com/pokemon/weavile" target="_blank" class="subtle" style="white-space:nowrap"><psicon pokemon="Weavile" style="vertical-align:-7px;margin:-2px" />Weavile</a></div>
|c|+Mengy ㋛|@mygreino
|
|t:|1659747709
|switch|p2a: scary airy|Salamence, M|71/100
|-ability|p2a: scary airy|Intimidate|boost
|-unboost|p1a: Druddigon|atk|1
|move|p1a: Druddigon|Stealth Rock|p2a: scary airy
|-sidestart|p2: 5 pia to the top|move: Stealth Rock
|
|-damage|p1a: Druddigon|70/100 tox|[from] psn
|upkeep
|turn|28
|
|t:|1659747716
|move|p2a: scary airy|Defog|p1a: Druddigon
|-unboost|p1a: Druddigon|evasion|1
|-sideend|p1: genericjonin|Stealth Rock|[from] move: Defog|[of] p2a: scary airy
|-sideend|p2: 5 pia to the top|Spikes|[from] move: Defog|[of] p2a: scary airy
|-sideend|p2: 5 pia to the top|Stealth Rock|[from] move: Defog|[of] p2a: scary airy
|move|p1a: Druddigon|Dragon Tail|p2a: scary airy
|-supereffective|p2a: scary airy
|-damage|p2a: scary airy|48/100
|drag|p2a: tang ur wang|Tangrowth, F|100/100
|
|-damage|p1a: Druddigon|51/100 tox|[from] psn
|upkeep
|turn|29
|
|t:|1659747730
|switch|p2a: scary airy|Salamence, M|48/100
|-ability|p2a: scary airy|Intimidate|boost
|-unboost|p1a: Druddigon|atk|1
|move|p1a: Druddigon|Dragon Tail|p2a: scary airy|[miss]
|-miss|p1a: Druddigon|p2a: scary airy
|
|-damage|p1a: Druddigon|27/100 tox|[from] psn
|upkeep
|turn|30
|
|t:|1659747738
|move|p2a: scary airy|Roost|p2a: scary airy
|-heal|p2a: scary airy|98/100
|-singleturn|p2a: scary airy|move: Roost
|move|p1a: Druddigon|Dragon Tail|p2a: scary airy
|-supereffective|p2a: scary airy
|-damage|p2a: scary airy|81/100
|drag|p2a: poggy froggy|Quagsire, M|72/100
|
|-heal|p2a: poggy froggy|78/100|[from] item: Leftovers
|-damage|p1a: Druddigon|0 fnt|[from] psn
|faint|p1a: Druddigon
|upkeep
|
|t:|1659747751
|switch|p1a: Miltank|Miltank, F|100/100
|turn|31
|
|t:|1659747775
|move|p1a: Miltank|Attract|p2a: poggy froggy
|-start|p2a: poggy froggy|Attract
|-activate|p2a: poggy froggy|move: Attract|[of] p1a: Miltank
|cant|p2a: poggy froggy|Attract
|
|-heal|p2a: poggy froggy|84/100|[from] item: Leftovers
|upkeep
|turn|32
|
|t:|1659747783
|switch|p2a: megan the eggin|Chansey, F|100/100
|move|p1a: Miltank|Stomp|p2a: megan the eggin
|-damage|p2a: megan the eggin|88/100
|
|upkeep
|turn|33
|l| Queen of Bean ✿
|c| Shelley_Swampert|better hope that miltank doesn't have solar beam
|
|t:|1659747805
|switch|p1a: Salazzle|Salazzle, F|100/100
|move|p2a: megan the eggin|Stealth Rock|p1a: Salazzle
|-sidestart|p1: genericjonin|move: Stealth Rock
|
|upkeep
|turn|34
|c|+Mengy ㋛|I know why it's funny
|
|t:|1659747820
|switch|p2a: poggy froggy|Quagsire, M|84/100
|move|p1a: Salazzle|Toxic|p2a: poggy froggy
|-status|p2a: poggy froggy|tox
|
|-heal|p2a: poggy froggy|90/100 tox|[from] item: Leftovers
|-damage|p2a: poggy froggy|84/100 tox|[from] psn
|upkeep
|turn|35
|
|t:|1659747829
|move|p1a: Salazzle|Knock Off|p2a: poggy froggy
|-damage|p2a: poggy froggy|71/100 tox
|-enditem|p2a: poggy froggy|Leftovers|[from] move: Knock Off|[of] p1a: Salazzle
|move|p2a: poggy froggy|Scald|p1a: Salazzle
|-supereffective|p1a: Salazzle
|-damage|p1a: Salazzle|30/100
|
|-damage|p2a: poggy froggy|59/100 tox|[from] psn
|upkeep
|turn|36
|
|t:|1659747842
|switch|p1a: Miltank|Miltank, F|100/100
|-damage|p1a: Miltank|88/100|[from] Stealth Rock
|move|p2a: poggy froggy|Recover|p2a: poggy froggy
|-heal|p2a: poggy froggy|100/100 tox
|
|-heal|p1a: Miltank|94/100|[from] item: Leftovers
|-damage|p2a: poggy froggy|82/100 tox|[from] psn
|upkeep
|turn|37
|j| Queen of Bean ✿
|j| mood soleil
|c|+Mengy ㋛|did you know that in gen 2 there is homosexuality
|c| Shelley_Swampert|That is the first thing two people just saw
|
|t:|1659747866
|switch|p2a: megan the eggin|Chansey, F|88/100
|move|p1a: Miltank|Attract||[still]
|-fail|p1a: Miltank
|
|-heal|p1a: Miltank|99/100|[from] item: Leftovers
|upkeep
|turn|38
|
|t:|1659747876
|move|p1a: Miltank|Stomp|p2a: megan the eggin
|-damage|p2a: megan the eggin|75/100
|move|p2a: megan the eggin|Seismic Toss|p1a: Miltank
|-damage|p1a: Miltank|75/100
|
|-heal|p1a: Miltank|81/100|[from] item: Leftovers
|upkeep
|turn|39
|
|t:|1659747884
|move|p1a: Miltank|Stomp|p2a: megan the eggin
|-damage|p2a: megan the eggin|64/100
|move|p2a: megan the eggin|Toxic|p1a: Miltank
|-status|p1a: Miltank|tox
|
|-heal|p1a: Miltank|87/100 tox|[from] item: Leftovers
|-damage|p1a: Miltank|81/100 tox|[from] psn
|upkeep
|turn|40
|c| Queen of Bean ✿|mengy explain further
|
|t:|1659747897
|move|p1a: Miltank|Stomp|p2a: megan the eggin
|-damage|p2a: megan the eggin|52/100
|cant|p2a: megan the eggin|flinch
|
|-heal|p1a: Miltank|87/100 tox|[from] item: Leftovers
|-damage|p1a: Miltank|75/100 tox|[from] psn
|upkeep
|turn|41
|c| mood soleil|trying to attract someone then stomping them is counterproductive imo
|c|+Mengy ㋛|https://www.reddit.com/r/pokemon/comments/gbexib/jokes_aside_this_glitch_is_quite_useful_once_you/
|c|+Mengy ㋛|basically
|c| Shelley_Swampert|This is Whitney's Miltank set btw
|
|t:|1659747917
|move|p1a: Miltank|Stomp|p2a: megan the eggin
|-damage|p2a: megan the eggin|39/100
|cant|p2a: megan the eggin|flinch
|
|-heal|p1a: Miltank|81/100 tox|[from] item: Leftovers
|-damage|p1a: Miltank|63/100 tox|[from] psn
|upkeep
|turn|42
|c|+Mengy ㋛|the love ball is supposed to have higher catch rate on opposite gender
|c|+Mengy ㋛|but it has higher catch rate on same gender
|
|t:|1659747926
|move|p1a: Miltank|Stomp|p2a: megan the eggin
|-damage|p2a: megan the eggin|28/100
|cant|p2a: megan the eggin|flinch
|
|-heal|p1a: Miltank|69/100 tox|[from] item: Leftovers
|-damage|p1a: Miltank|44/100 tox|[from] psn
|upkeep
|turn|43
|c| Queen of Bean ✿|wow lol
|
|t:|1659747935
|move|p1a: Miltank|Stomp|p2a: megan the eggin
|-damage|p2a: megan the eggin|16/100
|move|p2a: megan the eggin|Soft-Boiled|p2a: megan the eggin
|-heal|p2a: megan the eggin|66/100
|
|-heal|p1a: Miltank|50/100 tox|[from] item: Leftovers
|-damage|p1a: Miltank|20/100 tox|[from] psn
|upkeep
|turn|44
|
|t:|1659747940
|move|p1a: Miltank|Milk Drink|p1a: Miltank
|-heal|p1a: Miltank|70/100 tox
|move|p2a: megan the eggin|Soft-Boiled|p2a: megan the eggin
|-heal|p2a: megan the eggin|100/100
|
|-heal|p1a: Miltank|76/100 tox|[from] item: Leftovers
|-damage|p1a: Miltank|40/100 tox|[from] psn
|upkeep
|turn|45
|
|t:|1659747948
|switch|p1a: Seismitoad|Seismitoad, M|100/100
|-damage|p1a: Seismitoad|94/100|[from] Stealth Rock
|move|p2a: megan the eggin|Seismic Toss|p1a: Seismitoad
|-damage|p1a: Seismitoad|70/100
|
|-heal|p1a: Seismitoad|76/100|[from] item: Leftovers
|upkeep
|turn|46
|
|t:|1659747960
|move|p1a: Seismitoad|Toxic|p2a: megan the eggin
|-status|p2a: megan the eggin|tox
|move|p2a: megan the eggin|Toxic|p1a: Seismitoad
|-status|p1a: Seismitoad|tox
|
|-heal|p1a: Seismitoad|82/100 tox|[from] item: Leftovers
|-damage|p1a: Seismitoad|76/100 tox|[from] psn
|-damage|p2a: megan the eggin|94/100 tox|[from] psn
|upkeep
|turn|47
|
|t:|1659747973
|move|p1a: Seismitoad|Stealth Rock|p2a: megan the eggin
|-sidestart|p2: 5 pia to the top|move: Stealth Rock
|move|p2a: megan the eggin|Seismic Toss|p1a: Seismitoad
|-damage|p1a: Seismitoad|52/100 tox
|
|-heal|p1a: Seismitoad|58/100 tox|[from] item: Leftovers
|-damage|p1a: Seismitoad|46/100 tox|[from] psn
|-damage|p2a: megan the eggin|82/100 tox|[from] psn
|upkeep
|turn|48
|
|t:|1659747982
|-curestatus|p2a: megan the eggin|tox|[from] ability: Natural Cure
|switch|p2a: tang ur wang|Tangrowth, F|100/100
|-damage|p2a: tang ur wang|88/100|[from] Stealth Rock
|move|p1a: Seismitoad|Earth Power|p2a: tang ur wang
|-resisted|p2a: tang ur wang
|-damage|p2a: tang ur wang|81/100
|
|-heal|p1a: Seismitoad|52/100 tox|[from] item: Leftovers
|-damage|p1a: Seismitoad|34/100 tox|[from] psn
|upkeep
|turn|49
|
|t:|1659747992
|switch|p2a: megan the eggin|Chansey, F|82/100
|-damage|p2a: megan the eggin|70/100|[from] Stealth Rock
|move|p1a: Seismitoad|Toxic|p2a: megan the eggin
|-status|p2a: megan the eggin|tox
|
|-heal|p1a: Seismitoad|40/100 tox|[from] item: Leftovers
|-damage|p1a: Seismitoad|16/100 tox|[from] psn
|-damage|p2a: megan the eggin|64/100 tox|[from] psn
|upkeep
|turn|50
|
|t:|1659747997
|move|p1a: Seismitoad|Earth Power|p2a: megan the eggin
|-damage|p2a: megan the eggin|55/100 tox
|move|p2a: megan the eggin|Soft-Boiled|p2a: megan the eggin
|-heal|p2a: megan the eggin|100/100 tox
|
|-heal|p1a: Seismitoad|22/100 tox|[from] item: Leftovers
|-damage|p1a: Seismitoad|0 fnt|[from] psn
|faint|p1a: Seismitoad
|-damage|p2a: megan the eggin|88/100 tox|[from] psn
|upkeep
|
|t:|1659748001
|switch|p1a: Salazzle|Salazzle, F|30/100
|turn|51
|c| mood soleil|you definatly won
|
|t:|1659748009
|move|p1a: Salazzle|Flamethrower|p2a: megan the eggin
|-damage|p2a: megan the eggin|76/100 tox
|move|p2a: megan the eggin|Seismic Toss|p1a: Salazzle
|-damage|p1a: Salazzle|0 fnt
|faint|p1a: Salazzle
|
|-damage|p2a: megan the eggin|58/100 tox|[from] psn
|upkeep
|
|t:|1659748014
|switch|p1a: Miltank|Miltank, F|40/100 tox
|-damage|p1a: Miltank|27/100 tox|[from] Stealth Rock
|turn|52
|c| Shelley_Swampert|But can he win against the cactus
|c|+Mengy ㋛|undefeated after we win this one
|
|t:|1659748028
|-curestatus|p2a: megan the eggin|tox|[from] ability: Natural Cure
|switch|p2a: scary airy|Salamence, M|81/100
|-ability|p2a: scary airy|Intimidate|boost
|-unboost|p1a: Miltank|atk|1
|move|p1a: Miltank|Stomp|p2a: scary airy
|-damage|p2a: scary airy|70/100
|
|-heal|p1a: Miltank|33/100 tox|[from] item: Leftovers
|-damage|p1a: Miltank|27/100 tox|[from] psn
|upkeep
|turn|53
|
|t:|1659748037
|move|p2a: scary airy|Defog|p1a: Miltank
|-unboost|p1a: Miltank|evasion|1
|-sideend|p1: genericjonin|Stealth Rock|[from] move: Defog|[of] p2a: scary airy
|-sideend|p2: 5 pia to the top|Stealth Rock|[from] move: Defog|[of] p2a: scary airy
|move|p1a: Miltank|Attract|p2a: scary airy
|-start|p2a: scary airy|Attract
|
|-heal|p1a: Miltank|33/100 tox|[from] item: Leftovers
|-damage|p1a: Miltank|21/100 tox|[from] psn
|upkeep
|turn|54
|
|t:|1659748043
|switch|p2a: megan the eggin|Chansey, F|58/100
|move|p1a: Miltank|Milk Drink|p1a: Miltank
|-heal|p1a: Miltank|71/100 tox
|
|-heal|p1a: Miltank|77/100 tox|[from] item: Leftovers
|-damage|p1a: Miltank|59/100 tox|[from] psn
|upkeep
|turn|55
|c|+Mengy ㋛|I'm watching on phone and laptop
|c|+Mengy ㋛|so only 10
|
|t:|1659748052
|move|p1a: Miltank|Stomp|p2a: megan the eggin
|-damage|p2a: megan the eggin|50/100
|cant|p2a: megan the eggin|flinch
|
|-heal|p1a: Miltank|65/100 tox|[from] item: Leftovers
|-damage|p1a: Miltank|41/100 tox|[from] psn
|upkeep
|turn|56
|c| mood soleil|only 9 i just use the sound
|
|t:|1659748059
|move|p1a: Miltank|Stomp|p2a: megan the eggin
|-damage|p2a: megan the eggin|42/100
|cant|p2a: megan the eggin|flinch
|
|-heal|p1a: Miltank|47/100 tox|[from] item: Leftovers
|-damage|p1a: Miltank|16/100 tox|[from] psn
|upkeep
|turn|57
|c| mood soleil|for free music
|
|t:|1659748070
|move|p1a: Miltank|Milk Drink|p1a: Miltank
|-heal|p1a: Miltank|66/100 tox
|move|p2a: megan the eggin|Seismic Toss|p1a: Miltank
|-damage|p1a: Miltank|41/100 tox
|
|-heal|p1a: Miltank|47/100 tox|[from] item: Leftovers
|-damage|p1a: Miltank|10/100 tox|[from] psn
|upkeep
|turn|58
|
|t:|1659748075
|move|p1a: Miltank|Stomp|p2a: megan the eggin
|-damage|p2a: megan the eggin|34/100
|cant|p2a: megan the eggin|flinch
|
|-heal|p1a: Miltank|16/100 tox|[from] item: Leftovers
|-damage|p1a: Miltank|0 fnt|[from] psn
|faint|p1a: Miltank
|
|win|5 pia to the top
|upkeep
|raw|genericjonin's rating: 1076 &rarr; <strong>1065</strong><br />(-11 for losing)
|raw|5 pia to the top's rating: 1261 &rarr; <strong>1274</strong><br />(+13 for winning)
|l| Queen of Bean ✿
|l|☆genericjonin
|l| Shelley_Swampert
|c| mood soleil|no ads
|c|+Mengy ㋛|I get no ads because I'm subbed
||Ladder isn't responding, score probably updated but might not have (Request timeout).
