|j|☆Raspufive
|j|☆Fathiryxi
|t:|1665511900
|gametype|singles
|player|p1|Raspufive|artist|
|player|p2|Fathiryxi|preschoolers|
|teamsize|p1|6
|teamsize|p2|6
|gen|8
|tier|[Gen 8] UU
|rated|Tournament battle
|rule|Sleep Clause Mod: Limit one foe put to sleep
|rule|Species Clause: Limit one of each Pokémon
|rule|OHKO Clause: OHKO moves are banned
|rule|Evasion Items Clause: Evasion items are banned
|rule|Evasion Moves Clause: Evasion moves are banned
|rule|Endless Battle Clause: Forcing endless battles is banned
|rule|HP Percentage Mod: HP is shown in percentages
|rule|Dynamax Clause: You cannot dynamax
|clearpoke
|poke|p1|Mamoswine, M|
|poke|p1|Salazzle, F|
|poke|p1|Zarude-Dada|
|poke|p1|Cobalion|
|poke|p1|Slowking, F|
|poke|p1|Celesteela|
|poke|p2|Obstagoon, M|
|poke|p2|Primarina, F|
|poke|p2|Chansey, F|
|poke|p2|Salamence, F|
|poke|p2|Scizor, F|
|poke|p2|Hippowdon, F|
|teampreview
|inactive|Battle timer is ON: inactive players will automatically lose when time's up. (requested by Raspufive)
|c|☆Raspufive|gl hf
|c|☆Fathiryxi|u2
|inactive|Fathiryxi has 120 seconds left.
|
|t:|1665511939
|start
|switch|p1a: Slowking|Slowking, F|100/100
|switch|p2a: Scizor|Scizor, F|100/100
|turn|1
|
|t:|1665511966
|switch|p1a: Celesteela|Celesteela|100/100
|move|p2a: Scizor|U-turn|p1a: Celesteela
|-resisted|p1a: Celesteela
|-damage|p1a: Celesteela|94/100
|
|t:|1665511995
|switch|p2a: Chansey|Chansey, F|100/100|[from]move: U-turn
|
|-heal|p1a: Celesteela|100/100|[from] item: Leftovers
|upkeep
|turn|2
|
|t:|1665512009
|move|p1a: Celesteela|Heavy Slam|p2a: Chansey
|-crit|p2a: Chansey
|-damage|p2a: Chansey|62/100
|move|p2a: Chansey|Thunder Wave|p1a: Celesteela
|-status|p1a: Celesteela|par
|
|upkeep
|turn|3
|
|t:|1665512015
|switch|p1a: Cobalion|Cobalion|100/100
|move|p2a: Chansey|Soft-Boiled|p2a: Chansey
|-heal|p2a: Chansey|100/100
|
|upkeep
|turn|4
|
|t:|1665512020
|switch|p2a: Hippowdon|Hippowdon, F|100/100
|-weather|Sandstorm|[from] ability: Sand Stream|[of] p2a: Hippowdon
|move|p1a: Cobalion|Stealth Rock|p2a: Hippowdon
|-sidestart|p2: Fathiryxi|move: Stealth Rock
|
|-weather|Sandstorm|[upkeep]
|upkeep
|turn|5
|
|t:|1665512029
|switch|p1a: Zarude|Zarude-Dada|100/100
|move|p2a: Hippowdon|Stealth Rock|p1a: Zarude
|-sidestart|p1: Raspufive|move: Stealth Rock
|
|-weather|Sandstorm|[upkeep]
|-damage|p1a: Zarude|95/100|[from] Sandstorm
|upkeep
|turn|6
|
|t:|1665512050
|switch|p2a: Salamence|Salamence, F|100/100
|-ability|p2a: Salamence|Intimidate|boost
|-unboost|p1a: Zarude|atk|1
|move|p1a: Zarude|Power Whip|p2a: Salamence
|-resisted|p2a: Salamence
|-damage|p2a: Salamence|92/100
|
|-weather|Sandstorm|[upkeep]
|-damage|p1a: Zarude|89/100|[from] Sandstorm
|-damage|p2a: Salamence|86/100|[from] Sandstorm
|upkeep
|turn|7
|
|t:|1665512072
|switch|p1a: Slowking|Slowking, F|100/100
|move|p2a: Salamence|Flamethrower|p1a: Slowking
|-resisted|p1a: Slowking
|-damage|p1a: Slowking|92/100
|
|-weather|Sandstorm|[upkeep]
|-damage|p2a: Salamence|79/100|[from] Sandstorm
|-damage|p1a: Slowking|85/100|[from] Sandstorm
|upkeep
|turn|8
|inactive|Fathiryxi has 120 seconds left.
|
|t:|1665512096
|switch|p2a: Chansey|Chansey, F|100/100
|-damage|p2a: Chansey|88/100|[from] Stealth Rock
|move|p1a: Slowking|Scald|p2a: Chansey
|-damage|p2a: Chansey|79/100
|-status|p2a: Chansey|brn
|
|-weather|none
|-damage|p2a: Chansey|73/100 brn|[from] brn
|upkeep
|turn|9
|inactive|Fathiryxi has 120 seconds left.
|
|t:|1665512116
|switch|p1a: Mamoswine|Mamoswine, M|100/100
|-damage|p1a: Mamoswine|88/100|[from] Stealth Rock
|move|p2a: Chansey|Soft-Boiled|p2a: Chansey
|-heal|p2a: Chansey|100/100 brn
|
|-damage|p2a: Chansey|94/100 brn|[from] brn
|upkeep
|turn|10
|
|t:|1665512138
|-curestatus|p2a: Chansey|brn|[from] ability: Natural Cure
|switch|p2a: Scizor|Scizor, F|100/100
|move|p1a: Mamoswine|Knock Off|p2a: Scizor
|-damage|p2a: Scizor|55/100
|-enditem|p2a: Scizor|Heavy-Duty Boots|[from] move: Knock Off|[of] p1a: Mamoswine
|-damage|p1a: Mamoswine|78/100|[from] item: Life Orb
|
|upkeep
|turn|11
|inactive|Fathiryxi has 120 seconds left.
|inactive|Raspufive has 120 seconds left.
|
|t:|1665512166
|switch|p1a: Celesteela|Celesteela|100/100 par
|-damage|p1a: Celesteela|88/100 par|[from] Stealth Rock
|move|p2a: Scizor|Bullet Punch|p1a: Celesteela
|-resisted|p1a: Celesteela
|-damage|p1a: Celesteela|77/100 par
|
|-heal|p1a: Celesteela|83/100 par|[from] item: Leftovers
|upkeep
|turn|12
|
|t:|1665512180
|switch|p2a: Salamence|Salamence, F|79/100
|-ability|p2a: Salamence|Intimidate|boost
|-unboost|p1a: Celesteela|atk|1
|move|p1a: Celesteela|Leech Seed|p2a: Salamence
|-start|p2a: Salamence|move: Leech Seed
|
|-heal|p1a: Celesteela|89/100 par|[from] item: Leftovers
|-damage|p2a: Salamence|67/100|[from] Leech Seed|[of] p1a: Celesteela
|-heal|p1a: Celesteela|100/100 par|[silent]
|upkeep
|turn|13
|
|t:|1665512195
|move|p1a: Celesteela|Protect|p1a: Celesteela
|-singleturn|p1a: Celesteela|Protect
|move|p2a: Salamence|Roost|p2a: Salamence
|-heal|p2a: Salamence|100/100
|-singleturn|p2a: Salamence|move: Roost
|
|-damage|p2a: Salamence|88/100|[from] Leech Seed|[of] p1a: Celesteela
|upkeep
|turn|14
|inactive|Raspufive has 120 seconds left.
|inactive|Fathiryxi has 90 seconds left.
|
|t:|1665512232
|switch|p2a: Chansey|Chansey, F|94/100
|-damage|p2a: Chansey|82/100|[from] Stealth Rock
|switch|p1a: Slowking|Slowking, F|100/100
|
|upkeep
|turn|15
|
|t:|1665512241
|move|p2a: Chansey|Thunder Wave|p1a: Slowking|[miss]
|-miss|p2a: Chansey|p1a: Slowking
|move|p1a: Slowking|Psyshock|p2a: Chansey
|-damage|p2a: Chansey|63/100
|
|upkeep
|turn|16
|inactive|Fathiryxi has 90 seconds left.
|inactive|Fathiryxi has 60 seconds left.
|
|t:|1665512305
|switch|p1a: Mamoswine|Mamoswine, M|78/100
|-damage|p1a: Mamoswine|66/100|[from] Stealth Rock
|move|p2a: Chansey|Soft-Boiled|p2a: Chansey
|-heal|p2a: Chansey|100/100
|
|upkeep
|turn|17
|
|t:|1665512324
|move|p1a: Mamoswine|Knock Off|p2a: Chansey
|-damage|p2a: Chansey|71/100
|-enditem|p2a: Chansey|Eviolite|[from] move: Knock Off|[of] p1a: Mamoswine
|-damage|p1a: Mamoswine|56/100|[from] item: Life Orb
|move|p2a: Chansey|Teleport|p2a: Chansey
|
|t:|1665512330
|switch|p2a: Scizor|Scizor, F|55/100|[from]move: Teleport
|-damage|p2a: Scizor|43/100|[from] Stealth Rock
|
|upkeep
|turn|18
|inactive|Raspufive has 120 seconds left.
|
|t:|1665512360
|move|p1a: Mamoswine|Icicle Crash|p2a: Scizor
|-resisted|p2a: Scizor
|-damage|p2a: Scizor|13/100
|-damage|p1a: Mamoswine|46/100|[from] item: Life Orb
|move|p2a: Scizor|Roost|p2a: Scizor
|-heal|p2a: Scizor|63/100
|-singleturn|p2a: Scizor|move: Roost
|
|upkeep
|turn|19
|inactive|Raspufive has 120 seconds left.
|
|t:|1665512374
|switch|p1a: Celesteela|Celesteela|100/100 par
|-damage|p1a: Celesteela|88/100 par|[from] Stealth Rock
|move|p2a: Scizor|Bullet Punch|p1a: Celesteela
|-resisted|p1a: Celesteela
|-damage|p1a: Celesteela|77/100 par
|
|-heal|p1a: Celesteela|83/100 par|[from] item: Leftovers
|upkeep
|turn|20
|
|t:|1665512390
|move|p2a: Scizor|U-turn|p1a: Celesteela
|-resisted|p1a: Celesteela
|-damage|p1a: Celesteela|77/100 par
|
|t:|1665512399
|switch|p2a: Salamence|Salamence, F|88/100|[from]move: U-turn
|-ability|p2a: Salamence|Intimidate|boost
|-unboost|p1a: Celesteela|atk|1
|cant|p1a: Celesteela|par
|
|-heal|p1a: Celesteela|83/100 par|[from] item: Leftovers
|upkeep
|turn|21
|inactive|Fathiryxi has 30 seconds left.
|
|t:|1665512429
|switch|p1a: Salazzle|Salazzle, F|100/100
|move|p2a: Salamence|Flamethrower|p1a: Salazzle
|-resisted|p1a: Salazzle
|-damage|p1a: Salazzle|81/100
|
|upkeep
|turn|22
|
|t:|1665512438
|switch|p2a: Chansey|Chansey, F|71/100
|-damage|p2a: Chansey|58/100|[from] Stealth Rock
|move|p1a: Salazzle|Sludge Bomb|p2a: Chansey
|-damage|p2a: Chansey|38/100
|-status|p2a: Chansey|psn
|
|-damage|p2a: Chansey|25/100 psn|[from] psn
|upkeep
|turn|23
|
|t:|1665512448
|move|p1a: Salazzle|Sludge Bomb|p2a: Chansey
|-damage|p2a: Chansey|4/100 psn
|move|p2a: Chansey|Soft-Boiled|p2a: Chansey
|-heal|p2a: Chansey|54/100 psn
|
|-damage|p2a: Chansey|42/100 psn|[from] psn
|upkeep
|turn|24
|
|t:|1665512457
|move|p1a: Salazzle|Sludge Bomb|p2a: Chansey
|-damage|p2a: Chansey|23/100 psn
|move|p2a: Chansey|Soft-Boiled|p2a: Chansey
|-heal|p2a: Chansey|73/100 psn
|
|-damage|p2a: Chansey|60/100 psn|[from] psn
|upkeep
|turn|25
|inactive|Fathiryxi has 60 seconds left.
|
|t:|1665512466
|switch|p1a: Zarude|Zarude-Dada|89/100
|move|p2a: Chansey|Soft-Boiled|p2a: Chansey
|-heal|p2a: Chansey|100/100 psn
|
|-damage|p2a: Chansey|88/100 psn|[from] psn
|upkeep
|turn|26
|
|t:|1665512475
|-curestatus|p2a: Chansey|psn|[from] ability: Natural Cure
|switch|p2a: Salamence|Salamence, F|88/100
|-ability|p2a: Salamence|Intimidate|boost
|-unboost|p1a: Zarude|atk|1
|move|p1a: Zarude|Darkest Lariat|p2a: Salamence
|-damage|p2a: Salamence|61/100
|
|upkeep
|turn|27
|
|t:|1665512485
|move|p1a: Zarude|U-turn|p2a: Salamence
|-resisted|p2a: Salamence
|-damage|p2a: Salamence|54/100
|
|t:|1665512489
|switch|p1a: Slowking|Slowking, F|100/100|[from]move: U-turn
|move|p2a: Salamence|Roost|p2a: Salamence
|-heal|p2a: Salamence|100/100
|-singleturn|p2a: Salamence|move: Roost
|
|upkeep
|turn|28
|
|t:|1665512512
|switch|p2a: Chansey|Chansey, F|88/100
|-damage|p2a: Chansey|75/100|[from] Stealth Rock
|move|p1a: Slowking|Teleport|p1a: Slowking
|
|t:|1665512517
|switch|p1a: Cobalion|Cobalion|100/100|[from]move: Teleport
|-damage|p1a: Cobalion|97/100|[from] Stealth Rock
|
|upkeep
|turn|29
|
|t:|1665512530
|switch|p2a: Hippowdon|Hippowdon, F|100/100
|-damage|p2a: Hippowdon|94/100|[from] Stealth Rock
|-weather|Sandstorm|[from] ability: Sand Stream|[of] p2a: Hippowdon
|move|p1a: Cobalion|Close Combat|p2a: Hippowdon
|-damage|p2a: Hippowdon|65/100
|-unboost|p1a: Cobalion|def|1
|-unboost|p1a: Cobalion|spd|1
|
|-weather|Sandstorm|[upkeep]
|-heal|p2a: Hippowdon|71/100|[from] item: Leftovers
|upkeep
|turn|30
|
|t:|1665512544
|switch|p1a: Zarude|Zarude-Dada|89/100
|move|p2a: Hippowdon|Slack Off|p2a: Hippowdon
|-heal|p2a: Hippowdon|100/100
|
|-weather|Sandstorm|[upkeep]
|-damage|p1a: Zarude|83/100|[from] Sandstorm
|upkeep
|turn|31
|
|t:|1665512558
|switch|p2a: Salamence|Salamence, F|100/100
|-ability|p2a: Salamence|Intimidate|boost
|-unboost|p1a: Zarude|atk|1
|move|p1a: Zarude|Power Whip|p2a: Salamence
|-resisted|p2a: Salamence
|-damage|p2a: Salamence|92/100
|
|-weather|Sandstorm|[upkeep]
|-damage|p1a: Zarude|77/100|[from] Sandstorm
|-damage|p2a: Salamence|86/100|[from] Sandstorm
|upkeep
|turn|32
|
|t:|1665512571
|move|p1a: Zarude|U-turn|p2a: Salamence
|-resisted|p2a: Salamence
|-damage|p2a: Salamence|79/100
|
|t:|1665512578
|switch|p1a: Slowking|Slowking, F|100/100|[from]move: U-turn
|move|p2a: Salamence|Flamethrower|p1a: Slowking
|-resisted|p1a: Slowking
|-damage|p1a: Slowking|91/100
|
|-weather|Sandstorm|[upkeep]
|-damage|p2a: Salamence|73/100|[from] Sandstorm
|-damage|p1a: Slowking|85/100|[from] Sandstorm
|upkeep
|turn|33
|j|#Lily
|inactive|Fathiryxi has 90 seconds left.
|
|t:|1665512604
|move|p2a: Salamence|Toxic|p1a: Slowking
|-status|p1a: Slowking|tox
|move|p1a: Slowking|Scald|p2a: Salamence
|-resisted|p2a: Salamence
|-damage|p2a: Salamence|58/100
|
|-weather|none
|-damage|p1a: Slowking|79/100 tox|[from] psn
|upkeep
|turn|34
|
|t:|1665512615
|move|p2a: Salamence|Roost|p2a: Salamence
|-heal|p2a: Salamence|100/100
|-singleturn|p2a: Salamence|move: Roost
|move|p1a: Slowking|Scald|p2a: Salamence
|-resisted|p2a: Salamence
|-damage|p2a: Salamence|86/100
|-status|p2a: Salamence|brn
|
|-damage|p1a: Slowking|66/100 tox|[from] psn
|-damage|p2a: Salamence|80/100 brn|[from] brn
|upkeep
|turn|35
|inactive|Fathiryxi has 60 seconds left.
|
|t:|1665512648
|switch|p2a: Obstagoon|Obstagoon, M|100/100
|-damage|p2a: Obstagoon|88/100|[from] Stealth Rock
|move|p1a: Slowking|Teleport|p1a: Slowking
|
|t:|1665512663
|switch|p1a: Cobalion|Cobalion|97/100|[from]move: Teleport
|-damage|p1a: Cobalion|94/100|[from] Stealth Rock
|
|upkeep
|turn|36
|
|t:|1665512668
|move|p2a: Obstagoon|Parting Shot|p1a: Cobalion
|-unboost|p1a: Cobalion|atk|1
|-unboost|p1a: Cobalion|spa|1
|
|t:|1665512672
|switch|p2a: Hippowdon|Hippowdon, F|100/100|[from]move: Parting Shot
|-damage|p2a: Hippowdon|94/100|[from] Stealth Rock
|-weather|Sandstorm|[from] ability: Sand Stream|[of] p2a: Hippowdon
|move|p1a: Cobalion|Close Combat|p2a: Hippowdon
|-damage|p2a: Hippowdon|72/100
|-unboost|p1a: Cobalion|def|1
|-unboost|p1a: Cobalion|spd|1
|
|-weather|Sandstorm|[upkeep]
|-heal|p2a: Hippowdon|78/100|[from] item: Leftovers
|upkeep
|turn|37
|
|t:|1665512691
|switch|p1a: Zarude|Zarude-Dada|77/100
|move|p2a: Hippowdon|Earthquake|p1a: Zarude
|-resisted|p1a: Zarude
|-damage|p1a: Zarude|60/100
|
|-weather|Sandstorm|[upkeep]
|-damage|p1a: Zarude|54/100|[from] Sandstorm
|-heal|p2a: Hippowdon|85/100|[from] item: Leftovers
|upkeep
|turn|38
|
|t:|1665512700
|switch|p2a: Salamence|Salamence, F|80/100 brn
|-ability|p2a: Salamence|Intimidate|boost
|-unboost|p1a: Zarude|atk|1
|move|p1a: Zarude|Jungle Healing|p1a: Zarude
|-heal|p1a: Zarude|79/100
|
|-weather|Sandstorm|[upkeep]
|-damage|p1a: Zarude|73/100|[from] Sandstorm
|-damage|p2a: Salamence|74/100 brn|[from] Sandstorm
|-damage|p2a: Salamence|68/100 brn|[from] brn
|upkeep
|turn|39
|
|t:|1665512714
|move|p1a: Zarude|U-turn|p2a: Salamence
|-resisted|p2a: Salamence
|-damage|p2a: Salamence|61/100 brn
|
|t:|1665512717
|switch|p1a: Slowking|Slowking, F|99/100 tox|[from]move: U-turn
|move|p2a: Salamence|Roost|p2a: Salamence
|-heal|p2a: Salamence|100/100 brn
|-singleturn|p2a: Salamence|move: Roost
|
|-weather|Sandstorm|[upkeep]
|-damage|p2a: Salamence|94/100 brn|[from] Sandstorm
|-damage|p1a: Slowking|94/100 tox|[from] Sandstorm
|-damage|p1a: Slowking|88/100 tox|[from] psn
|-damage|p2a: Salamence|88/100 brn|[from] brn
|upkeep
|turn|40
|inactive|Fathiryxi has 90 seconds left.
|
|t:|1665512750
|move|p2a: Salamence|Defog|p1a: Slowking
|-unboost|p1a: Slowking|evasion|1
|-sideend|p1: Raspufive|Stealth Rock|[from] move: Defog|[of] p2a: Salamence
|-sideend|p2: Fathiryxi|Stealth Rock|[from] move: Defog|[of] p2a: Salamence
|move|p1a: Slowking|Teleport|p1a: Slowking
|
|t:|1665512756
|switch|p1a: Mamoswine|Mamoswine, M|46/100|[from]move: Teleport
|
|-weather|none
|-damage|p2a: Salamence|82/100 brn|[from] brn
|upkeep
|turn|41
|
|t:|1665512764
|switch|p2a: Scizor|Scizor, F|63/100
|move|p1a: Mamoswine|Icicle Crash|p2a: Scizor
|-resisted|p2a: Scizor
|-damage|p2a: Scizor|37/100
|-damage|p1a: Mamoswine|36/100|[from] item: Life Orb
|
|upkeep
|turn|42
|inactive|Fathiryxi has 90 seconds left.
|inactive|Raspufive has 120 seconds left.
|j|+Mengy ㋛
|
|t:|1665512803
|move|p1a: Mamoswine|Earthquake|p2a: Scizor
|-damage|p2a: Scizor|0 fnt
|faint|p2a: Scizor
|-damage|p1a: Mamoswine|26/100|[from] item: Life Orb
|
|upkeep
|
|t:|1665512810
|switch|p2a: Obstagoon|Obstagoon, M|88/100
|turn|43
|l|+Mengy ㋛
|
|t:|1665512820
|switch|p1a: Celesteela|Celesteela|83/100 par
|move|p2a: Obstagoon|Parting Shot|p1a: Celesteela
|-unboost|p1a: Celesteela|atk|1
|-unboost|p1a: Celesteela|spa|1
|inactive|Fathiryxi has 60 seconds left.
|
|t:|1665512864
|switch|p2a: Primarina|Primarina, F|100/100|[from]move: Parting Shot
|
|-heal|p1a: Celesteela|89/100 par|[from] item: Leftovers
|upkeep
|turn|44
|inactive|Raspufive has 120 seconds left.
|
|t:|1665512885
|move|p2a: Primarina|Substitute|p2a: Primarina
|-start|p2a: Primarina|Substitute
|-damage|p2a: Primarina|75/100
|cant|p1a: Celesteela|par
|
|-heal|p2a: Primarina|82/100|[from] item: Leftovers
|-heal|p1a: Celesteela|95/100 par|[from] item: Leftovers
|upkeep
|turn|45
|
|t:|1665512891
|move|p2a: Primarina|Scald|p1a: Celesteela
|-damage|p1a: Celesteela|63/100 par
|cant|p1a: Celesteela|par
|
|-heal|p2a: Primarina|88/100|[from] item: Leftovers
|-heal|p1a: Celesteela|69/100 par|[from] item: Leftovers
|upkeep
|turn|46
|inactive|Fathiryxi has 60 seconds left.
|
|t:|1665512900
|move|p2a: Primarina|Scald|p1a: Celesteela
|-damage|p1a: Celesteela|37/100 par
|move|p1a: Celesteela|Heavy Slam|p2a: Primarina
|-end|p2a: Primarina|Substitute
|
|-heal|p2a: Primarina|94/100|[from] item: Leftovers
|-heal|p1a: Celesteela|43/100 par|[from] item: Leftovers
|upkeep
|turn|47
|j|+hariyana grande
|inactive|Fathiryxi has 60 seconds left.
|
|t:|1665512936
|switch|p2a: Hippowdon|Hippowdon, F|85/100
|-weather|Sandstorm|[from] ability: Sand Stream|[of] p2a: Hippowdon
|move|p1a: Celesteela|Heavy Slam|p2a: Hippowdon
|-damage|p2a: Hippowdon|74/100
|
|-weather|Sandstorm|[upkeep]
|-heal|p2a: Hippowdon|80/100|[from] item: Leftovers
|-heal|p1a: Celesteela|49/100 par|[from] item: Leftovers
|upkeep
|turn|48
|
|t:|1665512949
|move|p2a: Hippowdon|Stealth Rock|p1a: Celesteela
|-sidestart|p1: Raspufive|move: Stealth Rock
|move|p1a: Celesteela|Leech Seed|p2a: Hippowdon
|-start|p2a: Hippowdon|move: Leech Seed
|
|-weather|Sandstorm|[upkeep]
|-heal|p2a: Hippowdon|86/100|[from] item: Leftovers
|-heal|p1a: Celesteela|55/100 par|[from] item: Leftovers
|-damage|p2a: Hippowdon|74/100|[from] Leech Seed|[of] p1a: Celesteela
|-heal|p1a: Celesteela|68/100 par|[silent]
|upkeep
|turn|49
|
|t:|1665512961
|switch|p2a: Salamence|Salamence, F|82/100 brn
|-ability|p2a: Salamence|Intimidate|boost
|-unboost|p1a: Celesteela|atk|1
|move|p1a: Celesteela|Flamethrower|p2a: Salamence
|-resisted|p2a: Salamence
|-damage|p2a: Salamence|74/100 brn
|
|-weather|Sandstorm|[upkeep]
|-damage|p2a: Salamence|68/100 brn|[from] Sandstorm
|-heal|p1a: Celesteela|74/100 par|[from] item: Leftovers
|-damage|p2a: Salamence|62/100 brn|[from] brn
|upkeep
|turn|50
|
|t:|1665512975
|move|p2a: Salamence|Flamethrower|p1a: Celesteela
|-supereffective|p1a: Celesteela
|-damage|p1a: Celesteela|44/100 par
|move|p1a: Celesteela|Leech Seed|p2a: Salamence
|-start|p2a: Salamence|move: Leech Seed
|
|-weather|Sandstorm|[upkeep]
|-damage|p2a: Salamence|56/100 brn|[from] Sandstorm
|-heal|p1a: Celesteela|50/100 par|[from] item: Leftovers
|-damage|p2a: Salamence|44/100 brn|[from] Leech Seed|[of] p1a: Celesteela
|-heal|p1a: Celesteela|62/100 par|[silent]
|-damage|p2a: Salamence|38/100 brn|[from] brn
|upkeep
|turn|51
|
|t:|1665512989
|switch|p2a: Obstagoon|Obstagoon, M|88/100
|move|p1a: Celesteela|Flamethrower|p2a: Obstagoon
|-damage|p2a: Obstagoon|71/100
|
|-weather|none
|-heal|p1a: Celesteela|68/100 par|[from] item: Leftovers
|upkeep
|turn|52
|inactive|Fathiryxi has 30 seconds left.
|
|t:|1665513008
|move|p2a: Obstagoon|Knock Off|p1a: Celesteela
|-damage|p1a: Celesteela|39/100 par
|-enditem|p1a: Celesteela|Leftovers|[from] move: Knock Off|[of] p2a: Obstagoon
|move|p1a: Celesteela|Leech Seed|p2a: Obstagoon
|-start|p2a: Obstagoon|move: Leech Seed
|
|-damage|p2a: Obstagoon|58/100|[from] Leech Seed|[of] p1a: Celesteela
|-heal|p1a: Celesteela|49/100 par|[silent]
|upkeep
|turn|53
|inactive|Fathiryxi has 30 seconds left.
|
|t:|1665513021
|switch|p2a: Salamence|Salamence, F|38/100 brn
|-ability|p2a: Salamence|Intimidate|boost
|-unboost|p1a: Celesteela|atk|1
|move|p1a: Celesteela|Leech Seed|p2a: Salamence
|-start|p2a: Salamence|move: Leech Seed
|
|-damage|p2a: Salamence|25/100 brn|[from] Leech Seed|[of] p1a: Celesteela
|-heal|p1a: Celesteela|61/100 par|[silent]
|-damage|p2a: Salamence|19/100 brn|[from] brn
|upkeep
|turn|54
|
|t:|1665513031
|move|p1a: Celesteela|Protect|p1a: Celesteela
|-singleturn|p1a: Celesteela|Protect
|move|p2a: Salamence|Roost|p2a: Salamence
|-heal|p2a: Salamence|69/100 brn
|-singleturn|p2a: Salamence|move: Roost
|
|-damage|p2a: Salamence|57/100 brn|[from] Leech Seed|[of] p1a: Celesteela
|-heal|p1a: Celesteela|73/100 par|[silent]
|-damage|p2a: Salamence|50/100 brn|[from] brn
|upkeep
|turn|55
|
|t:|1665513043
|switch|p2a: Obstagoon|Obstagoon, M|58/100
|move|p1a: Celesteela|Flamethrower|p2a: Obstagoon
|-damage|p2a: Obstagoon|41/100
|
|upkeep
|turn|56
|
|t:|1665513049
|move|p2a: Obstagoon|Parting Shot|p1a: Celesteela
|-unboost|p1a: Celesteela|atk|1
|-unboost|p1a: Celesteela|spa|1
|
|t:|1665513059
|switch|p2a: Chansey|Chansey, F|75/100|[from]move: Parting Shot
|move|p1a: Celesteela|Leech Seed|p2a: Chansey
|-start|p2a: Chansey|move: Leech Seed
|
|-damage|p2a: Chansey|63/100|[from] Leech Seed|[of] p1a: Celesteela
|-heal|p1a: Celesteela|95/100 par|[silent]
|upkeep
|turn|57
|
|t:|1665513069
|cant|p1a: Celesteela|par
|move|p2a: Chansey|Teleport|p2a: Chansey
|
|t:|1665513071
|switch|p2a: Primarina|Primarina, F|94/100|[from]move: Teleport
|
|-heal|p2a: Primarina|99/100|[from] item: Leftovers
|upkeep
|turn|58
|
|t:|1665513076
|move|p2a: Primarina|Substitute|p2a: Primarina
|-start|p2a: Primarina|Substitute
|-damage|p2a: Primarina|75/100
|move|p1a: Celesteela|Heavy Slam|p2a: Primarina
|-activate|p2a: Primarina|move: Substitute|[damage]
|
|-heal|p2a: Primarina|81/100|[from] item: Leftovers
|upkeep
|turn|59
|inactive|Fathiryxi has 60 seconds left.
|
|t:|1665513084
|move|p2a: Primarina|Scald|p1a: Celesteela
|-damage|p1a: Celesteela|64/100 par
|move|p1a: Celesteela|Heavy Slam|p2a: Primarina
|-end|p2a: Primarina|Substitute
|
|-heal|p2a: Primarina|87/100|[from] item: Leftovers
|upkeep
|turn|60
|
|t:|1665513093
|move|p2a: Primarina|Substitute|p2a: Primarina
|-start|p2a: Primarina|Substitute
|-damage|p2a: Primarina|62/100
|move|p1a: Celesteela|Heavy Slam|p2a: Primarina
|-activate|p2a: Primarina|move: Substitute|[damage]
|
|-heal|p2a: Primarina|68/100|[from] item: Leftovers
|upkeep
|turn|61
|
|t:|1665513100
|move|p2a: Primarina|Scald|p1a: Celesteela
|-damage|p1a: Celesteela|32/100 par
|move|p1a: Celesteela|Heavy Slam|p2a: Primarina
|-end|p2a: Primarina|Substitute
|
|-heal|p2a: Primarina|74/100|[from] item: Leftovers
|upkeep
|turn|62
|
|t:|1665513110
|move|p2a: Primarina|Substitute|p2a: Primarina
|-start|p2a: Primarina|Substitute
|-damage|p2a: Primarina|49/100
|move|p1a: Celesteela|Heavy Slam|p2a: Primarina
|-activate|p2a: Primarina|move: Substitute|[damage]
|
|-heal|p2a: Primarina|55/100|[from] item: Leftovers
|upkeep
|turn|63
|
|t:|1665513117
|move|p2a: Primarina|Scald|p1a: Celesteela
|-damage|p1a: Celesteela|4/100 par
|move|p1a: Celesteela|Heavy Slam|p2a: Primarina
|-end|p2a: Primarina|Substitute
|
|-heal|p2a: Primarina|61/100|[from] item: Leftovers
|upkeep
|turn|64
|inactive|Fathiryxi has 90 seconds left.
|
|t:|1665513125
|move|p2a: Primarina|Substitute|p2a: Primarina
|-start|p2a: Primarina|Substitute
|-damage|p2a: Primarina|36/100
|cant|p1a: Celesteela|par
|
|-heal|p2a: Primarina|43/100|[from] item: Leftovers
|upkeep
|turn|65
|
|t:|1665513131
|move|p2a: Primarina|Scald|p1a: Celesteela
|-damage|p1a: Celesteela|0 fnt
|faint|p1a: Celesteela
|
|-heal|p2a: Primarina|49/100|[from] item: Leftovers
|upkeep
|
|t:|1665513140
|switch|p1a: Cobalion|Cobalion|94/100
|-damage|p1a: Cobalion|91/100|[from] Stealth Rock
|turn|66
|
|t:|1665513146
|move|p1a: Cobalion|Stealth Rock|p2a: Primarina
|-sidestart|p2: Fathiryxi|move: Stealth Rock
|move|p2a: Primarina|Scald|p1a: Cobalion
|-damage|p1a: Cobalion|29/100
|
|-heal|p2a: Primarina|55/100|[from] item: Leftovers
|upkeep
|turn|67
|
|t:|1665513167
|move|p1a: Cobalion|Volt Switch|p2a: Primarina
|-supereffective|p2a: Primarina
|-activate|p2a: Primarina|move: Substitute|[damage]
|
|t:|1665513173
|switch|p1a: Zarude|Zarude-Dada|73/100|[from]move: Volt Switch
|move|p2a: Primarina|Scald|p1a: Zarude
|-resisted|p1a: Zarude
|-damage|p1a: Zarude|49/100
|-status|p1a: Zarude|brn
|
|-heal|p2a: Primarina|61/100|[from] item: Leftovers
|-damage|p1a: Zarude|43/100 brn|[from] brn
|upkeep
|turn|68
|inactive|Fathiryxi has 90 seconds left.
|
|t:|1665513194
|move|p1a: Zarude|Power Whip|p2a: Primarina|[miss]
|-miss|p1a: Zarude|p2a: Primarina
|move|p2a: Primarina|Moonblast|p1a: Zarude
|-supereffective|p1a: Zarude
|-crit|p1a: Zarude
|-damage|p1a: Zarude|0 fnt
|faint|p1a: Zarude
|
|-heal|p2a: Primarina|67/100|[from] item: Leftovers
|upkeep
|c|☆Raspufive|arg
|c|☆Raspufive|gg wp
|l|#Lily
|-message|Raspufive forfeited.
|
|win|Fathiryxi
|n|☆Raspufive|raspufive
|n|☆Fathiryxi|fathiryxi
|n| hariyana grande|hariyanagrande
