|j|☆Mimilucha
|j|☆Fathiryxi
|t:|1638554762
|gametype|singles
|player|p1|Mimilucha|cyclist-gen4|
|player|p2|Fathiryxi|preschoolers|
|teamsize|p1|6
|teamsize|p2|6
|gen|8
|tier|[Gen 8] UU
|rated|Tournament battle
|rule|Sleep Clause Mod: Limit one foe put to sleep
|rule|Species Clause: Limit one of each Pokémon
|rule|OHKO Clause: OHKO moves are banned
|rule|Evasion Moves Clause: Evasion moves are banned
|rule|Endless Battle Clause: Forcing endless battles is banned
|rule|HP Percentage Mod: HP is shown in percentages
|rule|Dynamax Clause: You cannot dynamax
|clearpoke
|poke|p1|Mienshao, F|
|poke|p1|Salamence, M|
|poke|p1|Zarude|
|poke|p1|Slowking, F|
|poke|p1|Thundurus-Therian, M|
|poke|p1|Excadrill, M|
|poke|p2|Rotom-Heat|
|poke|p2|Primarina, F|
|poke|p2|Amoonguss, M|
|poke|p2|Excadrill, M|
|poke|p2|Mandibuzz, F|
|poke|p2|Mienshao, M|
|teampreview
|inactive|Battle timer is ON: inactive players will automatically lose when time's up. (requested by Mimilucha)
|j| Dunoks
|c|☆Mimilucha|hf mon bro
|c|☆Fathiryxi|hf frérot
|j| Kenneli
|j| minami fangirl
|j|@laevin
|j|+Aqua8Jet
|inactive|Mimilucha has 120 seconds left.
|inactive|Fathiryxi has 120 seconds left.
|j|@Juno
|j| Mystical Eonis
|
|t:|1638554817
|start
|switch|p1a: Slowking|Slowking, F|100/100
|switch|p2a: Amoonguss|Amoonguss, M|100/100
|turn|1
|inactive|Fathiryxi has 120 seconds left.
|
|t:|1638554848
|switch|p1a: Salamence|Salamence, M|100/100
|-ability|p1a: Salamence|Intimidate|boost
|-unboost|p2a: Amoonguss|atk|1
|move|p2a: Amoonguss|Spore|p1a: Salamence
|-status|p1a: Salamence|slp|[from] move: Spore
|
|upkeep
|turn|2
|
|t:|1638554858
|switch|p1a: Slowking|Slowking, F|100/100
|switch|p2a: Primarina|Primarina, F|100/100
|
|upkeep
|turn|3
|
|t:|1638554868
|switch|p2a: Mandibuzz|Mandibuzz, F|100/100
|move|p1a: Slowking|Teleport|p1a: Slowking
|
|t:|1638554871
|switch|p1a: Thundurus|Thundurus-Therian, M|100/100|[from]move: Teleport
|
|upkeep
|turn|4
|
|t:|1638554887
|switch|p2a: Excadrill|Excadrill, M|100/100
|-ability|p2a: Excadrill|Mold Breaker
|move|p1a: Thundurus|Focus Blast|p2a: Excadrill|[miss]
|-miss|p1a: Thundurus|p2a: Excadrill
|
|upkeep
|turn|5
|j| hariyana grande
|j| p‽apapole
|inactive|Fathiryxi has 120 seconds left.
|
|t:|1638554918
|switch|p2a: Rotom|Rotom-Heat|100/100
|move|p1a: Thundurus|Focus Blast|p2a: Rotom
|-damage|p2a: Rotom|51/100
|
|upkeep
|turn|6
|
|t:|1638554934
|move|p2a: Rotom|Overheat|p1a: Thundurus
|-damage|p1a: Thundurus|40/100
|-unboost|p2a: Rotom|spa|2
|move|p1a: Thundurus|Volt Switch|p2a: Rotom
|-resisted|p2a: Rotom
|-damage|p2a: Rotom|31/100
|
|t:|1638554939
|switch|p1a: Slowking|Slowking, F|100/100|[from]move: Volt Switch
|
|upkeep
|turn|7
|
|t:|1638554949
|switch|p2a: Amoonguss|Amoonguss, M|100/100
|move|p1a: Slowking|Future Sight|p2a: Amoonguss
|-start|p1a: Slowking|move: Future Sight
|
|upkeep
|turn|8
|inactive|Fathiryxi has 90 seconds left.
|
|t:|1638554975
|switch|p2a: Primarina|Primarina, F|100/100
|move|p1a: Slowking|Teleport|p1a: Slowking
|
|t:|1638554983
|switch|p1a: Thundurus|Thundurus-Therian, M|40/100|[from]move: Teleport
|
|upkeep
|turn|9
|
|t:|1638554988
|switch|p2a: Excadrill|Excadrill, M|100/100
|-ability|p2a: Excadrill|Mold Breaker
|move|p1a: Thundurus|Volt Switch|p2a: Excadrill
|-immune|p2a: Excadrill
|
|-end|p2a: Excadrill|move: Future Sight
|-resisted|p2a: Excadrill
|-damage|p2a: Excadrill|80/100
|-heal|p2a: Excadrill|86/100|[from] item: Leftovers
|upkeep
|turn|10
|
|t:|1638555001
|switch|p2a: Amoonguss|Amoonguss, M|100/100
|move|p1a: Thundurus|Focus Blast|p2a: Amoonguss
|-resisted|p2a: Amoonguss
|-damage|p2a: Amoonguss|81/100
|
|upkeep
|turn|11
|
|t:|1638555010
|move|p1a: Thundurus|Volt Switch|p2a: Amoonguss
|-resisted|p2a: Amoonguss
|-damage|p2a: Amoonguss|62/100
|
|t:|1638555013
|switch|p1a: Slowking|Slowking, F|100/100|[from]move: Volt Switch
|move|p2a: Amoonguss|Sludge Bomb|p1a: Slowking
|-damage|p1a: Slowking|83/100
|
|upkeep
|turn|12
|inactive|Fathiryxi has 120 seconds left.
|
|t:|1638555024
|switch|p2a: Mandibuzz|Mandibuzz, F|100/100
|move|p1a: Slowking|Teleport|p1a: Slowking
|
|t:|1638555027
|switch|p1a: Thundurus|Thundurus-Therian, M|40/100|[from]move: Teleport
|
|upkeep
|turn|13
|
|t:|1638555030
|switch|p2a: Amoonguss|Amoonguss, M|96/100
|move|p1a: Thundurus|Volt Switch|p2a: Amoonguss
|-resisted|p2a: Amoonguss
|-damage|p2a: Amoonguss|77/100
|
|t:|1638555033
|switch|p1a: Excadrill|Excadrill, M|100/100|[from]move: Volt Switch
|-ability|p1a: Excadrill|Mold Breaker
|
|upkeep
|turn|14
|inactive|Fathiryxi has 120 seconds left.
|
|t:|1638555059
|switch|p2a: Mandibuzz|Mandibuzz, F|100/100
|move|p1a: Excadrill|Stealth Rock|p2a: Mandibuzz
|-sidestart|p2: Fathiryxi|move: Stealth Rock
|
|upkeep
|turn|15
|
|t:|1638555067
|move|p1a: Excadrill|Toxic|p2a: Mandibuzz
|-status|p2a: Mandibuzz|tox
|move|p2a: Mandibuzz|Defog|p1a: Excadrill
|-unboost|p1a: Excadrill|evasion|1
|-sideend|p2: Fathiryxi|Stealth Rock|[from] move: Defog|[of] p2a: Mandibuzz
|
|-damage|p2a: Mandibuzz|94/100 tox|[from] psn
|upkeep
|turn|16
|j| Arxtric
|
|t:|1638555077
|switch|p1a: Mienshao|Mienshao, F|100/100
|switch|p2a: Rotom|Rotom-Heat|31/100
|
|upkeep
|turn|17
|l| Arxtric
|inactive|Fathiryxi has 120 seconds left.
|
|t:|1638555117
|switch|p2a: Amoonguss|Amoonguss, M|100/100
|switch|p1a: Slowking|Slowking, F|100/100
|
|upkeep
|turn|18
|inactive|Fathiryxi has 90 seconds left.
|
|t:|1638555147
|move|p2a: Amoonguss|Foul Play|p1a: Slowking
|-supereffective|p1a: Slowking
|-enditem|p1a: Slowking|Colbur Berry|[eat]
|-enditem|p1a: Slowking|Colbur Berry|[weaken]
|-damage|p1a: Slowking|87/100
|move|p1a: Slowking|Future Sight|p2a: Amoonguss
|-start|p1a: Slowking|move: Future Sight
|
|upkeep
|turn|19
|inactive|Fathiryxi has 90 seconds left.
|l| Mystical Eonis
|j| farba06
|
|t:|1638555187
|move|p2a: Amoonguss|Giga Drain|p1a: Slowking
|-supereffective|p1a: Slowking
|-damage|p1a: Slowking|58/100
|move|p1a: Slowking|Teleport|p1a: Slowking
|
|t:|1638555201
|switch|p1a: Thundurus|Thundurus-Therian, M|40/100|[from]move: Teleport
|
|upkeep
|turn|20
|
|t:|1638555212
|switch|p2a: Mandibuzz|Mandibuzz, F|94/100 tox
|move|p1a: Thundurus|Volt Switch|p2a: Mandibuzz
|-supereffective|p2a: Mandibuzz
|-damage|p2a: Mandibuzz|39/100 tox
|
|t:|1638555218
|switch|p1a: Mienshao|Mienshao, F|100/100|[from]move: Volt Switch
|
|-end|p2a: Mandibuzz|move: Future Sight
|-immune|p2a: Mandibuzz
|-damage|p2a: Mandibuzz|32/100 tox|[from] psn
|upkeep
|turn|21
|j| style.css
|l|@Juno
|j| Arxtric
|
|t:|1638555227
|switch|p2a: Amoonguss|Amoonguss, M|100/100
|move|p1a: Mienshao|Knock Off|p2a: Amoonguss
|-damage|p2a: Amoonguss|67/100
|-damage|p1a: Mienshao|84/100|[from] item: Rocky Helmet|[of] p2a: Amoonguss
|-enditem|p2a: Amoonguss|Rocky Helmet|[from] move: Knock Off|[of] p1a: Mienshao
|-damage|p1a: Mienshao|74/100|[from] item: Life Orb
|
|upkeep
|turn|22
|inactive|Fathiryxi has 90 seconds left.
|l| Arxtric
|
|t:|1638555253
|switch|p2a: Rotom|Rotom-Heat|31/100
|move|p1a: Mienshao|U-turn|p2a: Rotom
|-resisted|p2a: Rotom
|-damage|p2a: Rotom|13/100
|-damage|p1a: Mienshao|64/100|[from] item: Life Orb
|
|t:|1638555258
|switch|p1a: Zarude|Zarude|100/100|[from]move: U-turn
|
|upkeep
|turn|23
|
|t:|1638555264
|switch|p2a: Amoonguss|Amoonguss, M|100/100
|move|p1a: Zarude|U-turn|p2a: Amoonguss
|-damage|p2a: Amoonguss|83/100
|
|t:|1638555268
|switch|p1a: Excadrill|Excadrill, M|100/100|[from]move: U-turn
|-ability|p1a: Excadrill|Mold Breaker
|
|upkeep
|turn|24
|inactive|Fathiryxi has 90 seconds left.
|
|t:|1638555294
|switch|p1a: Mienshao|Mienshao, F|97/100
|switch|p2a: Rotom|Rotom-Heat|13/100
|
|upkeep
|turn|25
|
|t:|1638555310
|switch|p1a: Slowking|Slowking, F|92/100
|move|p2a: Rotom|Overheat|p1a: Slowking
|-resisted|p1a: Slowking
|-damage|p1a: Slowking|76/100
|-unboost|p2a: Rotom|spa|2
|
|upkeep
|turn|26
|j| galactest bro !
|l| style.css
|inactive|Fathiryxi has 60 seconds left.
|
|t:|1638555357
|switch|p2a: Primarina|Primarina, F|100/100
|move|p1a: Slowking|Scald|p2a: Primarina
|-resisted|p2a: Primarina
|-damage|p2a: Primarina|91/100
|
|-heal|p2a: Primarina|97/100|[from] item: Leftovers
|upkeep
|turn|27
|
|t:|1638555367
|switch|p2a: Mandibuzz|Mandibuzz, F|32/100 tox
|move|p1a: Slowking|Teleport|p1a: Slowking
|
|t:|1638555370
|switch|p1a: Thundurus|Thundurus-Therian, M|40/100|[from]move: Teleport
|
|-damage|p2a: Mandibuzz|26/100 tox|[from] psn
|upkeep
|turn|28
|
|t:|1638555376
|switch|p2a: Amoonguss|Amoonguss, M|100/100
|move|p1a: Thundurus|Volt Switch|p2a: Amoonguss
|-resisted|p2a: Amoonguss
|-damage|p2a: Amoonguss|84/100
|
|t:|1638555383
|switch|p1a: Excadrill|Excadrill, M|100/100|[from]move: Volt Switch
|-ability|p1a: Excadrill|Mold Breaker
|
|upkeep
|turn|29
|inactive|Fathiryxi has 60 seconds left.
|j| Wabane ☯
|
|t:|1638555414
|switch|p2a: Mienshao|Mienshao, M|100/100
|move|p1a: Excadrill|Stealth Rock|p2a: Mienshao
|-sidestart|p2: Fathiryxi|move: Stealth Rock
|
|upkeep
|turn|30
|inactive|Fathiryxi has 30 seconds left.
|
|t:|1638555442
|switch|p1a: Slowking|Slowking, F|100/100
|move|p2a: Mienshao|Close Combat|p1a: Slowking
|-resisted|p1a: Slowking
|-damage|p1a: Slowking|66/100
|-unboost|p2a: Mienshao|def|1
|-unboost|p2a: Mienshao|spd|1
|-damage|p2a: Mienshao|91/100|[from] item: Life Orb
|
|upkeep
|turn|31
|inactive|Fathiryxi has 30 seconds left.
|
|t:|1638555451
|switch|p1a: Salamence|Salamence, M|100/100 slp
|-ability|p1a: Salamence|Intimidate|boost
|-unboost|p2a: Mienshao|atk|1
|move|p2a: Mienshao|U-turn|p1a: Salamence
|-resisted|p1a: Salamence
|-damage|p1a: Salamence|88/100 slp
|-damage|p2a: Mienshao|81/100|[from] item: Life Orb
|inactive|Fathiryxi has 30 seconds left.
|
|t:|1638555460
|switch|p2a: Excadrill|Excadrill, M|86/100|[from]move: U-turn
|-damage|p2a: Excadrill|83/100|[from] Stealth Rock
|-ability|p2a: Excadrill|Mold Breaker
|
|-heal|p2a: Excadrill|89/100|[from] item: Leftovers
|upkeep
|turn|32
|
|t:|1638555470
|switch|p1a: Slowking|Slowking, F|99/100
|move|p2a: Excadrill|Rapid Spin|p1a: Slowking
|-damage|p1a: Slowking|87/100
|-boost|p2a: Excadrill|spe|1
|-sideend|p2: Fathiryxi|Stealth Rock|[from] move: Rapid Spin|[of] p2a: Excadrill
|
|-heal|p2a: Excadrill|95/100|[from] item: Leftovers
|upkeep
|turn|33
|
|t:|1638555480
|switch|p2a: Mandibuzz|Mandibuzz, F|26/100 tox
|move|p1a: Slowking|Scald|p2a: Mandibuzz
|-crit|p2a: Mandibuzz
|-damage|p2a: Mandibuzz|0 fnt
|faint|p2a: Mandibuzz
|
|upkeep
|
|t:|1638555493
|switch|p2a: Rotom|Rotom-Heat|13/100
|turn|34
|inactive|Fathiryxi has 30 seconds left.
|j| KSrz
|inactive|Fathiryxi has 20 seconds left.
|inactive|Fathiryxi has 15 seconds left.
|inactive|Fathiryxi has 10 seconds left.
|
|t:|1638555531
|switch|p1a: Zarude|Zarude|100/100
|move|p2a: Rotom|Volt Switch|p1a: Zarude
|-resisted|p1a: Zarude
|-damage|p1a: Zarude|88/100
|inactive|Fathiryxi has 15 seconds left this turn.
|
|t:|1638555535
|switch|p2a: Amoonguss|Amoonguss, M|100/100|[from]move: Volt Switch
|
|upkeep
|turn|35
|inactive|Fathiryxi has 25 seconds left this turn.
|inactive|Fathiryxi has 20 seconds left.
|inactive|Fathiryxi has 15 seconds left.
|inactive|Fathiryxi has 10 seconds left.
|
|t:|1638555550
|move|p1a: Zarude|U-turn|p2a: Amoonguss
|-damage|p2a: Amoonguss|84/100
|inactive|Fathiryxi has 15 seconds left this turn.
|
|t:|1638555554
|switch|p1a: Excadrill|Excadrill, M|100/100|[from]move: U-turn
|-ability|p1a: Excadrill|Mold Breaker
|move|p2a: Amoonguss|Sludge Bomb|p1a: Excadrill
|-immune|p1a: Excadrill
|
|upkeep
|turn|36
|inactive|Fathiryxi has 25 seconds left this turn.
|inactive|Fathiryxi has 20 seconds left.
|
|t:|1638555561
|switch|p2a: Mienshao|Mienshao, M|100/100
|move|p1a: Excadrill|Stealth Rock|p2a: Mienshao
|-sidestart|p2: Fathiryxi|move: Stealth Rock
|
|upkeep
|turn|37
|inactive|Fathiryxi has 30 seconds left this turn.
|j| querrrrrr
|
|t:|1638555569
|switch|p1a: Salamence|Salamence, M|88/100 slp
|-ability|p1a: Salamence|Intimidate|boost
|-unboost|p2a: Mienshao|atk|1
|move|p2a: Mienshao|Knock Off|p1a: Salamence
|-damage|p1a: Salamence|51/100 slp
|-enditem|p1a: Salamence|Heavy-Duty Boots|[from] move: Knock Off|[of] p2a: Mienshao
|-damage|p2a: Mienshao|91/100|[from] item: Life Orb
|
|upkeep
|turn|38
|inactive|Fathiryxi has 30 seconds left.
|
|t:|1638555580
|move|p2a: Mienshao|U-turn|p1a: Salamence
|-resisted|p1a: Salamence
|-damage|p1a: Salamence|39/100 slp
|-damage|p2a: Mienshao|81/100|[from] item: Life Orb
|inactive|Fathiryxi has 30 seconds left this turn.
|
|t:|1638555582
|switch|p2a: Excadrill|Excadrill, M|95/100|[from]move: U-turn
|-damage|p2a: Excadrill|92/100|[from] Stealth Rock
|-ability|p2a: Excadrill|Mold Breaker
|cant|p1a: Salamence|slp
|
|-heal|p2a: Excadrill|98/100|[from] item: Leftovers
|upkeep
|turn|39
|
|t:|1638555586
|switch|p1a: Slowking|Slowking, F|100/100
|move|p2a: Excadrill|Rapid Spin|p1a: Slowking
|-damage|p1a: Slowking|88/100
|-boost|p2a: Excadrill|spe|1
|-sideend|p2: Fathiryxi|Stealth Rock|[from] move: Rapid Spin|[of] p2a: Excadrill
|
|-heal|p2a: Excadrill|100/100|[from] item: Leftovers
|upkeep
|turn|40
|
|t:|1638555598
|switch|p2a: Primarina|Primarina, F|97/100
|move|p1a: Slowking|Scald|p2a: Primarina
|-resisted|p2a: Primarina
|-damage|p2a: Primarina|88/100
|
|-heal|p2a: Primarina|94/100|[from] item: Leftovers
|upkeep
|turn|41
|
|t:|1638555614
|move|p2a: Primarina|Scald|p1a: Slowking
|-resisted|p1a: Slowking
|-damage|p1a: Slowking|77/100
|move|p1a: Slowking|Teleport|p1a: Slowking
|
|t:|1638555616
|switch|p1a: Thundurus|Thundurus-Therian, M|40/100|[from]move: Teleport
|
|-heal|p2a: Primarina|99/100|[from] item: Leftovers
|upkeep
|turn|42
|
|t:|1638555620
|switch|p2a: Amoonguss|Amoonguss, M|100/100
|move|p1a: Thundurus|Volt Switch|p2a: Amoonguss
|-resisted|p2a: Amoonguss
|-damage|p2a: Amoonguss|81/100
|
|t:|1638555623
|switch|p1a: Excadrill|Excadrill, M|100/100|[from]move: Volt Switch
|-ability|p1a: Excadrill|Mold Breaker
|
|upkeep
|turn|43
|inactive|Fathiryxi has 60 seconds left.
|
|t:|1638555636
|switch|p2a: Mienshao|Mienshao, M|100/100
|move|p1a: Excadrill|Earthquake|p2a: Mienshao
|-damage|p2a: Mienshao|9/100
|
|upkeep
|turn|44
|inactive|Fathiryxi has 60 seconds left.
|
|t:|1638555644
|switch|p2a: Amoonguss|Amoonguss, M|100/100
|move|p1a: Excadrill|Stealth Rock|p2a: Amoonguss
|-sidestart|p2: Fathiryxi|move: Stealth Rock
|
|upkeep
|turn|45
|
|t:|1638555652
|switch|p1a: Slowking|Slowking, F|100/100
|move|p2a: Amoonguss|Giga Drain|p1a: Slowking
|-supereffective|p1a: Slowking
|-crit|p1a: Slowking
|-damage|p1a: Slowking|53/100
|
|upkeep
|turn|46
|
|t:|1638555665
|move|p2a: Amoonguss|Sludge Bomb|p1a: Slowking
|-damage|p1a: Slowking|36/100
|move|p1a: Slowking|Slack Off|p1a: Slowking
|-heal|p1a: Slowking|86/100
|
|upkeep
|turn|47
|
|t:|1638555673
|move|p2a: Amoonguss|Sludge Bomb|p1a: Slowking
|-damage|p1a: Slowking|67/100
|-status|p1a: Slowking|psn
|move|p1a: Slowking|Future Sight|p2a: Amoonguss
|-start|p1a: Slowking|move: Future Sight
|
|-damage|p1a: Slowking|55/100 psn|[from] psn
|upkeep
|turn|48
|
|t:|1638555682
|switch|p2a: Primarina|Primarina, F|99/100
|-damage|p2a: Primarina|88/100|[from] Stealth Rock
|move|p1a: Slowking|Teleport|p1a: Slowking
|
|t:|1638555685
|switch|p1a: Thundurus|Thundurus-Therian, M|40/100|[from]move: Teleport
|
|-heal|p2a: Primarina|94/100|[from] item: Leftovers
|upkeep
|turn|49
|
|t:|1638555691
|switch|p2a: Excadrill|Excadrill, M|100/100
|-damage|p2a: Excadrill|97/100|[from] Stealth Rock
|-ability|p2a: Excadrill|Mold Breaker
|move|p1a: Thundurus|Volt Switch|p2a: Excadrill
|-immune|p2a: Excadrill
|
|-end|p2a: Excadrill|move: Future Sight
|-resisted|p2a: Excadrill
|-damage|p2a: Excadrill|77/100
|-heal|p2a: Excadrill|83/100|[from] item: Leftovers
|upkeep
|turn|50
|j| Maybca☆〜ゝ。∂
|inactive|Fathiryxi has 90 seconds left.
|
|t:|1638555702
|switch|p2a: Amoonguss|Amoonguss, M|100/100
|-damage|p2a: Amoonguss|88/100|[from] Stealth Rock
|move|p1a: Thundurus|Focus Blast|p2a: Amoonguss|[miss]
|-miss|p1a: Thundurus|p2a: Amoonguss
|
|upkeep
|turn|51
|l| Kenneli
|inactive|Fathiryxi has 90 seconds left.
|
|t:|1638555722
|move|p1a: Thundurus|Volt Switch|p2a: Amoonguss
|-resisted|p2a: Amoonguss
|-damage|p2a: Amoonguss|69/100
|
|t:|1638555727
|switch|p1a: Excadrill|Excadrill, M|100/100|[from]move: Volt Switch
|-ability|p1a: Excadrill|Mold Breaker
|move|p2a: Amoonguss|Foul Play|p1a: Excadrill
|-damage|p1a: Excadrill|60/100
|
|-heal|p1a: Excadrill|66/100|[from] item: Leftovers
|upkeep
|turn|52
|inactive|Fathiryxi has 90 seconds left.
|
|t:|1638555745
|switch|p2a: Primarina|Primarina, F|94/100
|-damage|p2a: Primarina|82/100|[from] Stealth Rock
|move|p1a: Excadrill|Earthquake|p2a: Primarina
|-damage|p2a: Primarina|35/100
|
|-heal|p1a: Excadrill|72/100|[from] item: Leftovers
|-heal|p2a: Primarina|41/100|[from] item: Leftovers
|upkeep
|turn|53
|
|t:|1638555751
|move|p1a: Excadrill|Earthquake|p2a: Primarina
|-damage|p2a: Primarina|0 fnt
|faint|p2a: Primarina
|
|-heal|p1a: Excadrill|78/100|[from] item: Leftovers
|upkeep
|
|t:|1638555754
|switch|p2a: Mienshao|Mienshao, M|42/100
|-damage|p2a: Mienshao|36/100|[from] Stealth Rock
|turn|54
|
|t:|1638555765
|switch|p1a: Salamence|Salamence, M|39/100 slp
|-ability|p1a: Salamence|Intimidate|boost
|-unboost|p2a: Mienshao|atk|1
|move|p2a: Mienshao|Close Combat|p1a: Salamence
|-resisted|p1a: Salamence
|-damage|p1a: Salamence|6/100 slp
|-unboost|p2a: Mienshao|def|1
|-unboost|p2a: Mienshao|spd|1
|-damage|p2a: Mienshao|26/100|[from] item: Life Orb
|
|upkeep
|turn|55
|
|t:|1638555772
|move|p2a: Mienshao|U-turn|p1a: Salamence
|-resisted|p1a: Salamence
|-damage|p1a: Salamence|0 fnt
|faint|p1a: Salamence
|-damage|p2a: Mienshao|16/100|[from] item: Life Orb
|
|t:|1638555787
|switch|p2a: Amoonguss|Amoonguss, M|100/100|[from]move: U-turn
|-damage|p2a: Amoonguss|88/100|[from] Stealth Rock
|
|upkeep
|
|t:|1638555794
|switch|p1a: Slowking|Slowking, F|88/100 psn
|turn|56
|
|t:|1638555802
|move|p2a: Amoonguss|Giga Drain|p1a: Slowking
|-supereffective|p1a: Slowking
|-crit|p1a: Slowking
|-damage|p1a: Slowking|45/100 psn
|-heal|p2a: Amoonguss|100/100|[from] drain|[of] p1a: Slowking
|move|p1a: Slowking|Future Sight|p2a: Amoonguss
|-start|p1a: Slowking|move: Future Sight
|
|-damage|p1a: Slowking|32/100 psn|[from] psn
|upkeep
|turn|57
|inactive|Fathiryxi has 90 seconds left.
|
|t:|1638555846
|switch|p1a: Zarude|Zarude|88/100
|move|p2a: Amoonguss|Foul Play|p1a: Zarude
|-resisted|p1a: Zarude
|-damage|p1a: Zarude|73/100
|
|upkeep
|turn|58
|
|t:|1638555866
|switch|p2a: Rotom|Rotom-Heat|13/100
|-damage|p2a: Rotom|0 fnt|[from] Stealth Rock
|faint|p2a: Rotom
|move|p1a: Zarude|Darkest Lariat|p2: Rotom|[notarget]
|-fail|p1a: Zarude
|
|-hint|Future Sight did not hit because the target is fainted.
|upkeep
|
|t:|1638555871
|switch|p2a: Amoonguss|Amoonguss, M|100/100
|-damage|p2a: Amoonguss|88/100|[from] Stealth Rock
|turn|59
|
|t:|1638555889
|switch|p1a: Excadrill|Excadrill, M|78/100
|-ability|p1a: Excadrill|Mold Breaker
|move|p2a: Amoonguss|Foul Play|p1a: Excadrill
|-damage|p1a: Excadrill|37/100
|
|-heal|p1a: Excadrill|43/100|[from] item: Leftovers
|upkeep
|turn|60
|
|t:|1638555897
|move|p1a: Excadrill|Earthquake|p2a: Amoonguss
|-damage|p2a: Amoonguss|54/100
|move|p2a: Amoonguss|Giga Drain|p1a: Excadrill
|-damage|p1a: Excadrill|18/100
|-heal|p2a: Amoonguss|64/100|[from] drain|[of] p1a: Excadrill
|
|-heal|p1a: Excadrill|24/100|[from] item: Leftovers
|upkeep
|turn|61
|
|t:|1638555905
|move|p1a: Excadrill|Earthquake|p2a: Amoonguss
|-damage|p2a: Amoonguss|29/100
|move|p2a: Amoonguss|Giga Drain|p1a: Excadrill
|-damage|p1a: Excadrill|1/100
|-heal|p2a: Amoonguss|39/100|[from] drain|[of] p1a: Excadrill
|
|-heal|p1a: Excadrill|7/100|[from] item: Leftovers
|upkeep
|turn|62
|
|t:|1638555921
|move|p1a: Excadrill|Earthquake|p2a: Amoonguss
|-damage|p2a: Amoonguss|3/100
|move|p2a: Amoonguss|Foul Play|p1a: Excadrill
|-damage|p1a: Excadrill|0 fnt
|faint|p1a: Excadrill
|
|upkeep
|
|t:|1638555923
|switch|p1a: Thundurus|Thundurus-Therian, M|40/100
|turn|63
|
|t:|1638555931
|switch|p2a: Excadrill|Excadrill, M|83/100
|-damage|p2a: Excadrill|80/100|[from] Stealth Rock
|-ability|p2a: Excadrill|Mold Breaker
|move|p1a: Thundurus|Knock Off|p2a: Excadrill
|-damage|p2a: Excadrill|49/100
|-enditem|p2a: Excadrill|Leftovers|[from] move: Knock Off|[of] p1a: Thundurus
|
|upkeep
|turn|64
|
|t:|1638555951
|move|p1a: Thundurus|Focus Blast|p2a: Excadrill
|-supereffective|p2a: Excadrill
|-damage|p2a: Excadrill|0 fnt
|faint|p2a: Excadrill
|
|upkeep
|
|t:|1638555954
|switch|p2a: Mienshao|Mienshao, M|49/100
|-damage|p2a: Mienshao|43/100|[from] Stealth Rock
|turn|65
|
|t:|1638555965
|switch|p1a: Slowking|Slowking, F|65/100 psn
|move|p2a: Mienshao|Close Combat|p1a: Slowking
|-resisted|p1a: Slowking
|-damage|p1a: Slowking|29/100 psn
|-unboost|p2a: Mienshao|def|1
|-unboost|p2a: Mienshao|spd|1
|-damage|p2a: Mienshao|33/100|[from] item: Life Orb
|
|-damage|p1a: Slowking|16/100 psn|[from] psn
|upkeep
|turn|66
|inactive|Fathiryxi has 90 seconds left.
|
|t:|1638555973
|move|p2a: Mienshao|Close Combat|p1a: Slowking
|-resisted|p1a: Slowking
|-damage|p1a: Slowking|0 fnt
|-unboost|p2a: Mienshao|def|1
|-unboost|p2a: Mienshao|spd|1
|faint|p1a: Slowking
|-damage|p2a: Mienshao|23/100|[from] item: Life Orb
|
|upkeep
|
|t:|1638555976
|switch|p1a: Zarude|Zarude|73/100
|turn|67
|c|☆Fathiryxi|gg
|-message|Fathiryxi forfeited.
|
|win|Mimilucha
|n|☆Mimilucha|mimilucha
|n|☆Fathiryxi|fathiryxi
|n| Dunoks|dunoks
|n| minami fangirl|minamifangirl
|n|+laevin|laevin
|n| Aqua8Jet|aqua8jet
|n| hariyana grande|hariyanagrande
|n| p‽apapole|papapole
|n| farba06|farba06
|n| galactest bro !|galactestbro
|n| Wabane ☯|wabane
|n| KSrz|ksrz
|n| querrrrrr|querrrrrr
|n| Maybca☆〜ゝ。∂|maybca
