|html|<div class="broadcast-blue"><strong>[Gen 8] UU is currently suspecting Thundurus! For information on how to participate check out the <a href="https://www.smogon.com/forums/threads/np-ss-uu-stage-9-1-king-of-the-clouds.3689570/">suspect thread</a>.</strong></div>
|j|☆congelateur-sama
|j|☆Jeza.p
|t:|1629662456
|gametype|singles
|player|p1|congelateur-sama|#fcpl4raichicheurs|
|player|p2|Jeza.p|lusamine|
|teamsize|p1|6
|teamsize|p2|6
|gen|8
|tier|[Gen 8] UU
|rule|Sleep Clause Mod: Limit one foe put to sleep
|rule|Species Clause: Limit one of each Pokémon
|rule|OHKO Clause: OHKO moves are banned
|rule|Evasion Moves Clause: Evasion moves are banned
|rule|Endless Battle Clause: Forcing endless battles is banned
|rule|HP Percentage Mod: HP is shown in percentages
|rule|Dynamax Clause: You cannot dynamax
|clearpoke
|poke|p1|Slowbro-Galar, F|
|poke|p1|Zarude|
|poke|p1|Togekiss, M|
|poke|p1|Rotom-Wash|
|poke|p1|Cobalion|
|poke|p1|Diggersby, M|
|poke|p2|Espeon, M|
|poke|p2|Rotom-Heat|
|poke|p2|Cloyster, M|
|poke|p2|Omastar, M|
|poke|p2|Polteageist|
|poke|p2|Indeedee-F, F|
|teampreview
|c|☆congelateur-sama|ben voyons
|c|☆congelateur-sama|hf
|c|☆congelateur-sama|/log congelateur-sama made this room public.
|l|☆congelateur-sama
|player|p1|
|c|☆Jeza.p|hf
|j|☆congelateur-sama
|player|p1|congelateur-sama|#fcpl4raichicheurs
|inactive|Battle timer is ON: inactive players will automatically lose when time's up. (requested by Jeza.p)
|j| Masskeauuu
|c|☆Jeza.p|je coupe si tu deco comme la derniere fois
|c|☆congelateur-sama|yes tkt
|j| THE GOODRAGUEUR
|j| Vivi & Karoo
|c| THE GOODRAGUEUR|oh non
|c| THE GOODRAGUEUR|congelo
|c| THE GOODRAGUEUR|ta vrm fait ça
|inactive|congelateur-sama has 270 seconds left.
|inactive|Jeza.p has 270 seconds left.
|j| DonSlvatore
|c|☆congelateur-sama|?
|j| PyProd³
|c| THE GOODRAGUEUR|ta de la chance que je sois pas un fdp :paz:
|c| THE GOODRAGUEUR|c'est dudu
|c|☆congelateur-sama|ah bah oui
|c|☆congelateur-sama|mais regarde la
|c|☆congelateur-sama|team qu'il me sors
|c| THE GOODRAGUEUR|je vois je vois...
|c| PyProd³|go jeza.pro
|inactive|congelateur-sama has 240 seconds left.
|inactive|Jeza.p has 240 seconds left.
|c| THE GOODRAGUEUR|il m'a demandé de venir te mettre une raclé à sa place mais j'ai refusé :paz:
|inactive|Jeza.p has 210 seconds left.
|j| Mdraa
|c|☆congelateur-sama|bruh
|
|t:|1629662617
|start
|switch|p1a: Zarude|Zarude|100/100
|switch|p2a: Rotom|Rotom-Heat|100/100
|turn|1
|
|t:|1629662629
|move|p1a: Zarude|U-turn|p2a: Rotom
|-resisted|p2a: Rotom
|-damage|p2a: Rotom|88/100
|
|t:|1629662631
|switch|p1a: Diggersby|Diggersby, M|100/100|[from]move: U-turn
|move|p2a: Rotom|Volt Switch|p1a: Diggersby
|-immune|p1a: Diggersby
|
|upkeep
|turn|2
|
|t:|1629662642
|move|p2a: Rotom|Will-O-Wisp|p1a: Diggersby
|-status|p1a: Diggersby|brn
|move|p1a: Diggersby|Mega Kick|p2a: Rotom
|-damage|p2a: Rotom|27/100
|
|-damage|p1a: Diggersby|94/100 brn|[from] brn
|upkeep
|turn|3
|inactive|Jeza.p has 270 seconds left.
|j|+Brumirage
|
|t:|1629662676
|switch|p2a: Polteageist|Polteageist|100/100
|move|p1a: Diggersby|Mega Kick|p2a: Polteageist
|-immune|p2a: Polteageist
|
|-damage|p1a: Diggersby|88/100 brn|[from] brn
|upkeep
|turn|4
|l|+Brumirage
|inactive|Jeza.p has 240 seconds left.
|inactive|Jeza.p has 210 seconds left.
|
|t:|1629662727
|switch|p1a: Togekiss|Togekiss, M|100/100
|switch|p2a: Indeedee|Indeedee-F, F|100/100
|-fieldstart|move: Psychic Terrain|[from] ability: Psychic Surge|[of] p2a: Indeedee
|
|upkeep
|turn|5
|inactive|Jeza.p has 210 seconds left.
|
|t:|1629662748
|move|p2a: Indeedee|Expanding Force|p1a: Togekiss
|-damage|p1a: Togekiss|58/100
|move|p1a: Togekiss|Thunder Wave|p2a: Indeedee|[miss]
|-miss|p1a: Togekiss|p2a: Indeedee
|
|upkeep
|turn|6
|c|☆congelateur-sama|ah ouais
|
|t:|1629662761
|move|p2a: Indeedee|Dazzling Gleam|p1a: Togekiss
|-damage|p1a: Togekiss|42/100
|move|p1a: Togekiss|Roost|p1a: Togekiss
|-heal|p1a: Togekiss|92/100
|-singleturn|p1a: Togekiss|move: Roost
|
|upkeep
|turn|7
|c| THE GOODRAGUEUR|sob
|l| DonSlvatore
|
|t:|1629662769
|switch|p2a: Rotom|Rotom-Heat|27/100
|move|p1a: Togekiss|Air Slash|p2a: Rotom
|-resisted|p2a: Rotom
|-damage|p2a: Rotom|12/100
|
|upkeep
|turn|8
|j| gallamolecuisto
|inactive|Jeza.p has 210 seconds left.
|l|thegoodragueur
|
|t:|1629662782
|switch|p1a: Diggersby|Diggersby, M|88/100 brn
|move|p2a: Rotom|Volt Switch|p1a: Diggersby
|-immune|p1a: Diggersby
|
|-damage|p1a: Diggersby|82/100 brn|[from] brn
|upkeep
|turn|9
|inactive|Jeza.p has 210 seconds left.
|
|t:|1629662789
|move|p1a: Diggersby|Quick Attack|p2a: Rotom
|-hint|Psychic Terrain doesn't affect Pokémon immune to Ground.
|-damage|p2a: Rotom|0 fnt
|faint|p2a: Rotom
|
|-damage|p1a: Diggersby|76/100 brn|[from] brn
|upkeep
|j| Dunoks
|inactive|Jeza.p has 210 seconds left.
|
|t:|1629662800
|switch|p2a: Cloyster|Cloyster, M|100/100
|turn|10
|
|t:|1629662805
|switch|p1a: Cobalion|Cobalion|100/100
|move|p2a: Cloyster|Shell Smash|p2a: Cloyster
|-unboost|p2a: Cloyster|def|1
|-unboost|p2a: Cloyster|spd|1
|-boost|p2a: Cloyster|atk|2
|-boost|p2a: Cloyster|spa|2
|-boost|p2a: Cloyster|spe|2
|
|upkeep
|turn|11
|
|t:|1629662816
|move|p2a: Cloyster|Liquidation|p1a: Cobalion
|-damage|p1a: Cobalion|37/100
|-damage|p2a: Cloyster|84/100|[from] item: Rocky Helmet|[of] p1a: Cobalion
|move|p1a: Cobalion|Thunder Wave|p2a: Cloyster
|-status|p2a: Cloyster|par
|
|-fieldend|move: Psychic Terrain
|upkeep
|turn|12
|j| DonSlvatore
|inactive|Jeza.p has 210 seconds left.
|
|t:|1629662831
|move|p1a: Cobalion|Stealth Rock|p2a: Cloyster
|-sidestart|p2: Jeza.p|move: Stealth Rock
|move|p2a: Cloyster|Liquidation|p1a: Cobalion
|-damage|p1a: Cobalion|0 fnt
|-damage|p2a: Cloyster|67/100 par|[from] item: Rocky Helmet|[of] p1a: Cobalion
|faint|p1a: Cobalion
|
|upkeep
|
|t:|1629662837
|switch|p1a: Rotom|Rotom-Wash|100/100
|turn|13
|inactive|Jeza.p has 210 seconds left.
|
|t:|1629662875
|move|p1a: Rotom|Volt Switch|p2a: Cloyster
|-supereffective|p2a: Cloyster
|-damage|p2a: Cloyster|0 fnt
|faint|p2a: Cloyster
|
|t:|1629662882
|switch|p1a: Zarude|Zarude|100/100|[from]move: Volt Switch
|
|upkeep
|inactive|Jeza.p has 180 seconds left.
|
|t:|1629662903
|switch|p2a: Espeon|Espeon, M|100/100
|-damage|p2a: Espeon|88/100|[from] Stealth Rock
|turn|14
|
|t:|1629662921
|move|p1a: Zarude|Darkest Lariat|p2a: Espeon
|-supereffective|p2a: Espeon
|-damage|p2a: Espeon|0 fnt
|faint|p2a: Espeon
|
|upkeep
|
|t:|1629662928
|switch|p2a: Omastar|Omastar, M|100/100
|-damage|p2a: Omastar|88/100|[from] Stealth Rock
|turn|15
|
|t:|1629662931
|move|p1a: Zarude|Darkest Lariat|p2a: Omastar
|-damage|p2a: Omastar|43/100
|-ability|p2a: Omastar|Weak Armor|boost
|-unboost|p2a: Omastar|def|1
|-boost|p2a: Omastar|spe|2
|move|p2a: Omastar|Shell Smash|p2a: Omastar
|-unboost|p2a: Omastar|def|1
|-unboost|p2a: Omastar|spd|1
|-boost|p2a: Omastar|atk|2
|-boost|p2a: Omastar|spa|2
|-boost|p2a: Omastar|spe|2
|
|upkeep
|turn|16
|
|t:|1629662943
|move|p2a: Omastar|Ice Beam|p1a: Zarude
|-supereffective|p1a: Zarude
|-damage|p1a: Zarude|0 fnt
|faint|p1a: Zarude
|
|upkeep
|c|☆congelateur-sama|merde
|c|☆congelateur-sama|j'ai unclick
|c|☆congelateur-sama|pourtant
|inactive|congelateur-sama has 270 seconds left.
|
|t:|1629662975
|switch|p1a: Rotom|Rotom-Wash|100/100
|turn|17
|inactive|Jeza.p has 210 seconds left.
|inactive|congelateur-sama has 270 seconds left.
|
|t:|1629662991
|move|p2a: Omastar|Surf|p1a: Rotom
|-resisted|p1a: Rotom
|-damage|p1a: Rotom|49/100
|move|p1a: Rotom|Volt Switch|p2a: Omastar
|-supereffective|p2a: Omastar
|-damage|p2a: Omastar|0 fnt
|faint|p2a: Omastar
|inactive|congelateur-sama has 270 seconds left.
|
|t:|1629662997
|switch|p1a: Togekiss|Togekiss, M|92/100|[from]move: Volt Switch
|
|upkeep
|
|t:|1629663010
|switch|p2a: Polteageist|Polteageist|100/100
|-damage|p2a: Polteageist|88/100|[from] Stealth Rock
|turn|18
|
|t:|1629663015
|move|p1a: Togekiss|Thunder Wave|p2a: Polteageist
|-status|p2a: Polteageist|par
|move|p2a: Polteageist|Shell Smash|p2a: Polteageist
|-unboost|p2a: Polteageist|def|1
|-unboost|p2a: Polteageist|spd|1
|-boost|p2a: Polteageist|atk|2
|-boost|p2a: Polteageist|spa|2
|-boost|p2a: Polteageist|spe|2
|
|upkeep
|turn|19
|inactive|Jeza.p has 210 seconds left.
|
|t:|1629663025
|move|p1a: Togekiss|Air Slash|p2a: Polteageist
|-damage|p2a: Polteageist|35/100 par
|cant|p2a: Polteageist|par
|
|upkeep
|turn|20
|
|t:|1629663030
|switch|p2a: Indeedee|Indeedee-F, F|100/100
|-damage|p2a: Indeedee|88/100|[from] Stealth Rock
|-fieldstart|move: Psychic Terrain|[from] ability: Psychic Surge|[of] p2a: Indeedee
|move|p1a: Togekiss|Air Slash|p2a: Indeedee
|-damage|p2a: Indeedee|54/100
|
|upkeep
|turn|21
|
|t:|1629663046
|move|p2a: Indeedee|Healing Wish|p2a: Indeedee
|faint|p2a: Indeedee
|move|p1a: Togekiss|Thunder Wave|p2: Indeedee|[notarget]
|-fail|p1a: Togekiss
|
|upkeep
|
|t:|1629663051
|switch|p2a: Polteageist|Polteageist|35/100 par
|-heal|p2a: Polteageist|100/100|[from] move: Healing Wish
|-damage|p2a: Polteageist|88/100|[from] Stealth Rock
|turn|22
|
|t:|1629663058
|move|p1a: Togekiss|Thunder Wave|p2a: Polteageist
|-status|p2a: Polteageist|par
|move|p2a: Polteageist|Shell Smash|p2a: Polteageist
|-unboost|p2a: Polteageist|def|1
|-unboost|p2a: Polteageist|spd|1
|-boost|p2a: Polteageist|atk|2
|-boost|p2a: Polteageist|spa|2
|-boost|p2a: Polteageist|spe|2
|
|upkeep
|turn|23
|j|+Brumirage
|
|t:|1629663062
|move|p1a: Togekiss|Air Slash|p2a: Polteageist
|-damage|p2a: Polteageist|40/100 par
|cant|p2a: Polteageist|flinch
|
|upkeep
|turn|24
|l|+Brumirage
|c|☆congelateur-sama|gg
|inactive|Jeza.p has 240 seconds left.
|
|t:|1629663068
|move|p1a: Togekiss|Air Slash|p2a: Polteageist
|-damage|p2a: Polteageist|0 fnt
|faint|p2a: Polteageist
|
|win|congelateur-sama
|c|☆Jeza.p|gg
|l| Masskeauuu
|l| PyProd³
|j| Don Colombus
|l| DonSlvatore
|l|☆Jeza.p
|l| Dunoks
|l| gallamolecuisto
|l| Mdraa
