|j|☆Corporate Donkey
|j|☆V3nuesaur
|t:|1654550619
|gametype|singles
|player|p1|Corporate Donkey|ingo|1402
|player|p2|V3nuesaur|roark|1438
|teamsize|p1|6
|teamsize|p2|6
|gen|8
|tier|[Gen 8] UU
|rated|
|rule|Sleep Clause Mod: Limit one foe put to sleep
|rule|Species Clause: Limit one of each Pokémon
|rule|OHKO Clause: OHKO moves are banned
|rule|Evasion Moves Clause: Evasion moves are banned
|rule|Endless Battle Clause: Forcing endless battles is banned
|rule|HP Percentage Mod: HP is shown in percentages
|rule|Dynamax Clause: You cannot dynamax
|clearpoke
|poke|p1|Hippowdon, F|
|poke|p1|Skarmory, M|
|poke|p1|Scizor, M|
|poke|p1|Reuniclus, M|
|poke|p1|Keldeo-Resolute|
|poke|p1|Hydreigon, M|
|poke|p2|Hippowdon, F|
|poke|p2|Skarmory, M|
|poke|p2|Zarude-Dada|
|poke|p2|Slowking, M|
|poke|p2|Thundurus-Therian, M|
|poke|p2|Noivern, M|
|teampreview
|c|☆Corporate Donkey|gl hf
|c|☆V3nuesaur|u2
|
|t:|1654550692
|start
|switch|p1a: Donna|Hippowdon, F|100/100
|switch|p2a: Slowking|Slowking, M|100/100
|-weather|Sandstorm|[from] ability: Sand Stream|[of] p1a: Donna
|turn|1
|
|t:|1654550715
|move|p1a: Donna|Toxic|p2a: Slowking|[miss]
|-miss|p1a: Donna|p2a: Slowking
|move|p2a: Slowking|Future Sight|p1a: Donna
|-start|p2a: Slowking|move: Future Sight
|
|-weather|Sandstorm|[upkeep]
|-damage|p2a: Slowking|94/100|[from] Sandstorm
|upkeep
|turn|2
|
|t:|1654550719
|switch|p2a: Skarmory|Skarmory, M|100/100
|move|p1a: Donna|Toxic|p2a: Skarmory
|-immune|p2a: Skarmory
|
|-weather|Sandstorm|[upkeep]
|upkeep
|turn|3
|
|t:|1654550724
|switch|p1a: Ricardo|Hydreigon, M|100/100
|move|p2a: Skarmory|Spikes|p1a: Ricardo
|-sidestart|p1: Corporate Donkey|Spikes
|
|-weather|Sandstorm|[upkeep]
|-damage|p1a: Ricardo|94/100|[from] Sandstorm
|-end|p1a: Ricardo|move: Future Sight
|-immune|p1a: Ricardo
|upkeep
|turn|4
|
|t:|1654550746
|switch|p2a: Slowking|Slowking, M|100/100
|move|p1a: Ricardo|Fire Blast|p2a: Slowking|[miss]
|-miss|p1a: Ricardo|p2a: Slowking
|
|-weather|Sandstorm|[upkeep]
|-damage|p1a: Ricardo|88/100|[from] Sandstorm
|-damage|p2a: Slowking|94/100|[from] Sandstorm
|upkeep
|turn|5
|j| Chrome Joe
|
|t:|1654550761
|switch|p1a: Squishy|Reuniclus, M|100/100
|move|p2a: Slowking|Scald|p1a: Squishy
|-damage|p1a: Squishy|73/100
|
|-weather|none
|-heal|p1a: Squishy|79/100|[from] item: Leftovers
|upkeep
|turn|6
|
|t:|1654550765
|move|p1a: Squishy|Calm Mind|p1a: Squishy
|-boost|p1a: Squishy|spa|1
|-boost|p1a: Squishy|spd|1
|move|p2a: Slowking|Teleport|p2a: Slowking
|
|t:|1654550789
|switch|p2a: Thundurus|Thundurus-Therian, M|100/100|[from]move: Teleport
|
|-heal|p1a: Squishy|86/100|[from] item: Leftovers
|upkeep
|turn|7
|
|t:|1654550810
|move|p2a: Thundurus|Knock Off|p1a: Squishy
|-supereffective|p1a: Squishy
|-damage|p1a: Squishy|57/100
|-enditem|p1a: Squishy|Leftovers|[from] move: Knock Off|[of] p2a: Thundurus
|move|p1a: Squishy|Calm Mind|p1a: Squishy
|-boost|p1a: Squishy|spa|1
|-boost|p1a: Squishy|spd|1
|
|upkeep
|turn|8
|
|t:|1654550815
|move|p2a: Thundurus|Volt Switch|p1a: Squishy
|-damage|p1a: Squishy|40/100
|
|t:|1654550821
|switch|p2a: Zarude|Zarude-Dada|100/100|[from]move: Volt Switch
|move|p1a: Squishy|Recover|p1a: Squishy
|-heal|p1a: Squishy|90/100
|
|upkeep
|turn|9
|
|t:|1654550826
|move|p2a: Zarude|Darkest Lariat|p1a: Squishy
|-supereffective|p1a: Squishy
|-damage|p1a: Squishy|28/100
|move|p1a: Squishy|Focus Blast|p2a: Zarude|[miss]
|-miss|p1a: Squishy|p2a: Zarude
|
|upkeep
|turn|10
|
|t:|1654550841
|switch|p1a: Skarmory|Skarmory, M|100/100
|move|p2a: Zarude|U-turn|p1a: Skarmory
|-resisted|p1a: Skarmory
|-damage|p1a: Skarmory|97/100
|-damage|p2a: Zarude|84/100|[from] item: Rocky Helmet|[of] p1a: Skarmory
|
|t:|1654550857
|switch|p2a: Thundurus|Thundurus-Therian, M|100/100|[from]move: U-turn
|
|upkeep
|turn|11
|
|t:|1654550861
|switch|p1a: Donna|Hippowdon, F|100/100
|-damage|p1a: Donna|88/100|[from] Spikes
|-weather|Sandstorm|[from] ability: Sand Stream|[of] p1a: Donna
|move|p2a: Thundurus|Knock Off|p1a: Donna
|-damage|p1a: Donna|75/100
|-enditem|p1a: Donna|Leftovers|[from] move: Knock Off|[of] p2a: Thundurus
|
|-weather|Sandstorm|[upkeep]
|-damage|p2a: Thundurus|94/100|[from] Sandstorm
|upkeep
|turn|12
|
|t:|1654550874
|switch|p2a: Skarmory|Skarmory, M|100/100
|switch|p1a: Ricardo|Hydreigon, M|88/100
|
|-weather|Sandstorm|[upkeep]
|-damage|p1a: Ricardo|82/100|[from] Sandstorm
|upkeep
|turn|13
|
|t:|1654550879
|switch|p2a: Slowking|Slowking, M|100/100
|move|p1a: Ricardo|Dark Pulse|p2a: Slowking
|-supereffective|p2a: Slowking
|-enditem|p2a: Slowking|Colbur Berry|[eat]
|-enditem|p2a: Slowking|Colbur Berry|[weaken]
|-damage|p2a: Slowking|73/100
|
|-weather|Sandstorm|[upkeep]
|-damage|p1a: Ricardo|76/100|[from] Sandstorm
|-damage|p2a: Slowking|67/100|[from] Sandstorm
|upkeep
|turn|14
|
|t:|1654550884
|switch|p2a: Zarude|Zarude-Dada|84/100
|move|p1a: Ricardo|Dark Pulse|p2a: Zarude
|-resisted|p2a: Zarude
|-damage|p2a: Zarude|63/100
|
|-weather|Sandstorm|[upkeep]
|-damage|p1a: Ricardo|70/100|[from] Sandstorm
|-damage|p2a: Zarude|57/100|[from] Sandstorm
|upkeep
|turn|15
|
|t:|1654550912
|switch|p1a: Slash|Scizor, M|100/100
|switch|p2a: Noivern|Noivern, M|100/100
|
|-weather|none
|upkeep
|turn|16
|
|t:|1654550920
|switch|p1a: Donna|Hippowdon, F|75/100
|-damage|p1a: Donna|63/100|[from] Spikes
|-weather|Sandstorm|[from] ability: Sand Stream|[of] p1a: Donna
|move|p2a: Noivern|Flamethrower|p1a: Donna
|-crit|p1a: Donna
|-damage|p1a: Donna|32/100
|
|-weather|Sandstorm|[upkeep]
|-damage|p2a: Noivern|94/100|[from] Sandstorm
|upkeep
|turn|17
|
|t:|1654550928
|move|p2a: Noivern|Draco Meteor|p1a: Donna
|-damage|p1a: Donna|0 fnt
|-unboost|p2a: Noivern|spa|2
|faint|p1a: Donna
|
|-weather|Sandstorm|[upkeep]
|-damage|p2a: Noivern|88/100|[from] Sandstorm
|upkeep
|
|t:|1654550943
|switch|p1a: Squishy|Reuniclus, M|28/100
|turn|18
|
|t:|1654550963
|move|p2a: Noivern|U-turn|p1a: Squishy
|-supereffective|p1a: Squishy
|-damage|p1a: Squishy|11/100
|
|t:|1654550965
|switch|p2a: Zarude|Zarude-Dada|57/100|[from]move: U-turn
|move|p1a: Squishy|Recover|p1a: Squishy
|-heal|p1a: Squishy|61/100
|
|-weather|Sandstorm|[upkeep]
|-damage|p2a: Zarude|51/100|[from] Sandstorm
|upkeep
|turn|19
|
|t:|1654550970
|switch|p1a: Skarmory|Skarmory, M|97/100
|move|p2a: Zarude|Darkest Lariat|p1a: Skarmory
|-damage|p1a: Skarmory|72/100
|-damage|p2a: Zarude|35/100|[from] item: Rocky Helmet|[of] p1a: Skarmory
|
|-weather|Sandstorm|[upkeep]
|-damage|p2a: Zarude|29/100|[from] Sandstorm
|upkeep
|turn|20
|
|t:|1654550978
|switch|p2a: Thundurus|Thundurus-Therian, M|94/100
|move|p1a: Skarmory|Defog|p2a: Thundurus
|-unboost|p2a: Thundurus|evasion|1
|-sideend|p1: Corporate Donkey|Spikes|[from] move: Defog|[of] p1a: Skarmory
|
|-weather|none
|upkeep
|turn|21
|
|t:|1654550995
|switch|p1a: Ricardo|Hydreigon, M|70/100
|move|p2a: Thundurus|Focus Blast|p1a: Ricardo
|-supereffective|p1a: Ricardo
|-damage|p1a: Ricardo|0 fnt
|faint|p1a: Ricardo
|
|upkeep
|
|t:|1654551003
|switch|p1a: Donicio|Keldeo-Resolute|100/100
|turn|22
|
|t:|1654551007
|switch|p1a: Squishy|Reuniclus, M|61/100
|switch|p2a: Slowking|Slowking, M|99/100
|
|upkeep
|turn|23
|
|t:|1654551016
|move|p1a: Squishy|Recover|p1a: Squishy
|-heal|p1a: Squishy|100/100
|move|p2a: Slowking|Teleport|p2a: Slowking
|
|t:|1654551023
|switch|p2a: Zarude|Zarude-Dada|29/100|[from]move: Teleport
|
|upkeep
|turn|24
|
|t:|1654551031
|switch|p1a: Slash|Scizor, M|100/100
|move|p2a: Zarude|Darkest Lariat|p1a: Slash
|-damage|p1a: Slash|62/100
|
|upkeep
|turn|25
|
|t:|1654551048
|switch|p2a: Thundurus|Thundurus-Therian, M|94/100
|move|p1a: Slash|Roost|p1a: Slash
|-heal|p1a: Slash|100/100
|-singleturn|p1a: Slash|move: Roost
|
|upkeep
|turn|26
|
|t:|1654551057
|move|p2a: Thundurus|Volt Switch|p1a: Slash
|-damage|p1a: Slash|63/100
|
|t:|1654551060
|switch|p2a: Skarmory|Skarmory, M|100/100|[from]move: Volt Switch
|move|p1a: Slash|Swords Dance|p1a: Slash
|-boost|p1a: Slash|atk|2
|
|upkeep
|turn|27
|
|t:|1654551064
|switch|p1a: Squishy|Reuniclus, M|100/100
|move|p2a: Skarmory|Spikes|p1a: Squishy
|-sidestart|p1: Corporate Donkey|Spikes
|
|upkeep
|turn|28
|
|t:|1654551091
|switch|p2a: Thundurus|Thundurus-Therian, M|94/100
|move|p1a: Squishy|Calm Mind|p1a: Squishy
|-boost|p1a: Squishy|spa|1
|-boost|p1a: Squishy|spd|1
|
|upkeep
|turn|29
|
|t:|1654551095
|move|p2a: Thundurus|Knock Off|p1a: Squishy
|-supereffective|p1a: Squishy
|-damage|p1a: Squishy|80/100
|move|p1a: Squishy|Calm Mind|p1a: Squishy
|-boost|p1a: Squishy|spa|1
|-boost|p1a: Squishy|spd|1
|
|upkeep
|turn|30
|
|t:|1654551099
|move|p2a: Thundurus|Knock Off|p1a: Squishy
|-supereffective|p1a: Squishy
|-damage|p1a: Squishy|59/100
|move|p1a: Squishy|Calm Mind|p1a: Squishy
|-boost|p1a: Squishy|spa|1
|-boost|p1a: Squishy|spd|1
|
|upkeep
|turn|31
|
|t:|1654551101
|move|p2a: Thundurus|Volt Switch|p1a: Squishy
|-damage|p1a: Squishy|44/100
|
|t:|1654551103
|switch|p2a: Zarude|Zarude-Dada|29/100|[from]move: Volt Switch
|move|p1a: Squishy|Recover|p1a: Squishy
|-heal|p1a: Squishy|94/100
|
|upkeep
|turn|32
|
|t:|1654551107
|move|p2a: Zarude|Darkest Lariat|p1a: Squishy
|-supereffective|p1a: Squishy
|-damage|p1a: Squishy|35/100
|move|p1a: Squishy|Focus Blast|p2a: Zarude|[miss]
|-miss|p1a: Squishy|p2a: Zarude
|
|upkeep
|turn|33
|
|t:|1654551114
|switch|p1a: Skarmory|Skarmory, M|72/100
|move|p2a: Zarude|U-turn|p1a: Skarmory
|-resisted|p1a: Skarmory
|-damage|p1a: Skarmory|68/100
|-damage|p2a: Zarude|12/100|[from] item: Rocky Helmet|[of] p1a: Skarmory
|
|t:|1654551131
|switch|p2a: Thundurus|Thundurus-Therian, M|94/100|[from]move: U-turn
|
|upkeep
|turn|34
|c|☆Corporate Donkey|gg
|-message|Corporate Donkey forfeited.
|
|win|V3nuesaur
|raw|Corporate Donkey's rating: 1402 &rarr; <strong>1384</strong><br />(-18 for losing)
|raw|V3nuesaur's rating: 1438 &rarr; <strong>1456</strong><br />(+18 for winning)
|l|☆Corporate Donkey
|c|☆V3nuesaur|gg
