|j|☆DQ Low Tier Legend
|j|☆gg in advance
|t:|1654963299
|gametype|singles
|player|p1|DQ Low Tier Legend|lucas|1507
|player|p2|gg in advance|blackbelt-gen4dp|1543
|teamsize|p1|6
|teamsize|p2|6
|gen|8
|tier|[Gen 8] UU
|rated|
|rule|Sleep Clause Mod: Limit one foe put to sleep
|rule|Species Clause: Limit one of each Pokémon
|rule|OHKO Clause: OHKO moves are banned
|rule|Evasion Moves Clause: Evasion moves are banned
|rule|Endless Battle Clause: Forcing endless battles is banned
|rule|HP Percentage Mod: HP is shown in percentages
|rule|Dynamax Clause: You cannot dynamax
|clearpoke
|poke|p1|Mamoswine, F|
|poke|p1|Keldeo-Resolute|
|poke|p1|Jirachi|
|poke|p1|Thundurus-Therian, M|
|poke|p1|Moltres|
|poke|p1|Celebi|
|poke|p2|Scizor, M|
|poke|p2|Hydreigon, M|
|poke|p2|Amoonguss, M|
|poke|p2|Azelf|
|poke|p2|Nihilego|
|poke|p2|Thundurus-Therian, M|
|teampreview
|j| NamedDude
|
|t:|1654963319
|start
|switch|p1a: Jirachi|Jirachi|100/100
|switch|p2a: Azelf|Azelf|100/100
|turn|1
|l| NamedDude
|
|t:|1654963327
|switch|p2a: Amoonguss|Amoonguss, M|100/100
|move|p1a: Jirachi|Iron Head|p2a: Amoonguss
|-damage|p2a: Amoonguss|77/100
|-damage|p1a: Jirachi|84/100|[from] item: Rocky Helmet|[of] p2a: Amoonguss
|
|-heal|p1a: Jirachi|90/100|[from] item: Leftovers
|upkeep
|turn|2
|j| mamo gabin
|inactive|Battle timer is ON: inactive players will automatically lose when time's up. (requested by DQ Low Tier Legend)
|
|t:|1654963341
|switch|p2a: Azelf|Azelf|100/100
|move|p1a: Jirachi|Stealth Rock|p2a: Azelf
|-sidestart|p2: gg in advance|move: Stealth Rock
|
|-heal|p1a: Jirachi|96/100|[from] item: Leftovers
|upkeep
|turn|3
|
|t:|1654963346
|move|p2a: Azelf|Stealth Rock|p1a: Jirachi
|-sidestart|p1: DQ Low Tier Legend|move: Stealth Rock
|move|p1a: Jirachi|Thunder Wave|p2a: Azelf
|-status|p2a: Azelf|par
|
|-heal|p1a: Jirachi|100/100|[from] item: Leftovers
|upkeep
|turn|4
|
|t:|1654963352
|switch|p2a: Thundurus|Thundurus-Therian, M|100/100
|move|p1a: Jirachi|Iron Head|p2a: Thundurus
|-resisted|p2a: Thundurus
|-damage|p2a: Thundurus|73/100
|
|upkeep
|turn|5
|
|t:|1654963362
|switch|p1a: Thundurus|Thundurus-Therian, M|100/100
|move|p2a: Thundurus|Knock Off|p1a: Thundurus
|-damage|p1a: Thundurus|66/100
|-enditem|p1a: Thundurus|Heavy-Duty Boots|[from] move: Knock Off|[of] p2a: Thundurus
|
|upkeep
|turn|6
|
|t:|1654963383
|move|p1a: Thundurus|Knock Off|p2a: Thundurus
|-damage|p2a: Thundurus|37/100
|-enditem|p2a: Thundurus|Heavy-Duty Boots|[from] move: Knock Off|[of] p1a: Thundurus
|move|p2a: Thundurus|Psychic|p1a: Thundurus
|-damage|p1a: Thundurus|22/100
|
|upkeep
|turn|7
|
|t:|1654963394
|switch|p1a: Celebi|Celebi|100/100
|-damage|p1a: Celebi|88/100|[from] Stealth Rock
|switch|p2a: Scizor|Scizor, M|100/100
|-damage|p2a: Scizor|88/100|[from] Stealth Rock
|
|-heal|p1a: Celebi|94/100|[from] item: Leftovers
|upkeep
|turn|8
|
|t:|1654963400
|switch|p1a: Moltres|Moltres|100/100
|switch|p2a: Hydreigon|Hydreigon, M|100/100
|-damage|p2a: Hydreigon|88/100|[from] Stealth Rock
|
|upkeep
|turn|9
|inactive|DQ Low Tier Legend has 120 seconds left.
|
|t:|1654963431
|move|p2a: Hydreigon|Draco Meteor|p1a: Moltres
|-damage|p1a: Moltres|2/100
|-unboost|p2a: Hydreigon|spa|2
|move|p1a: Moltres|Mystical Fire|p2a: Hydreigon
|-resisted|p2a: Hydreigon
|-damage|p2a: Hydreigon|71/100
|-unboost|p2a: Hydreigon|spa|1
|
|upkeep
|turn|10
|
|t:|1654963437
|switch|p1a: Jirachi|Jirachi|100/100
|-damage|p1a: Jirachi|94/100|[from] Stealth Rock
|move|p2a: Hydreigon|Draco Meteor|p1a: Jirachi
|-resisted|p1a: Jirachi
|-damage|p1a: Jirachi|73/100
|-unboost|p2a: Hydreigon|spa|2
|
|-heal|p1a: Jirachi|79/100|[from] item: Leftovers
|upkeep
|turn|11
|
|t:|1654963446
|switch|p2a: Scizor|Scizor, M|88/100
|-damage|p2a: Scizor|76/100|[from] Stealth Rock
|move|p1a: Jirachi|U-turn|p2a: Scizor
|-resisted|p2a: Scizor
|-crit|p2a: Scizor
|-damage|p2a: Scizor|57/100
|
|t:|1654963451
|switch|p1a: Keldeo|Keldeo-Resolute|100/100|[from]move: U-turn
|-damage|p1a: Keldeo|94/100|[from] Stealth Rock
|
|upkeep
|turn|12
|
|t:|1654963460
|switch|p2a: Thundurus|Thundurus-Therian, M|37/100
|-damage|p2a: Thundurus|12/100|[from] Stealth Rock
|move|p1a: Keldeo|Hydro Pump|p2a: Thundurus|[miss]
|-miss|p1a: Keldeo|p2a: Thundurus
|
|upkeep
|turn|13
|
|t:|1654963483
|switch|p2a: Amoonguss|Amoonguss, M|100/100
|-damage|p2a: Amoonguss|88/100|[from] Stealth Rock
|move|p1a: Keldeo|Hydro Pump|p2a: Amoonguss
|-resisted|p2a: Amoonguss
|-damage|p2a: Amoonguss|48/100
|
|upkeep
|turn|14
|
|t:|1654963491
|switch|p1a: Moltres|Moltres|2/100
|move|p2a: Amoonguss|Foul Play|p1a: Moltres
|-damage|p1a: Moltres|0 fnt
|faint|p1a: Moltres
|
|upkeep
|
|t:|1654963497
|switch|p1a: Mamoswine|Mamoswine, F|100/100
|-damage|p1a: Mamoswine|88/100|[from] Stealth Rock
|turn|15
|
|t:|1654963501
|switch|p2a: Thundurus|Thundurus-Therian, M|12/100
|-damage|p2a: Thundurus|0 fnt|[from] Stealth Rock
|faint|p2a: Thundurus
|move|p1a: Mamoswine|Icicle Crash|p2: Thundurus|[notarget]
|-fail|p1a: Mamoswine
|
|upkeep
|
|t:|1654963509
|switch|p2a: Scizor|Scizor, M|57/100
|-damage|p2a: Scizor|45/100|[from] Stealth Rock
|turn|16
|
|t:|1654963528
|move|p2a: Scizor|Bullet Punch|p1a: Mamoswine
|-supereffective|p1a: Mamoswine
|-damage|p1a: Mamoswine|11/100
|move|p1a: Mamoswine|Earthquake|p2a: Scizor
|-damage|p2a: Scizor|0 fnt
|faint|p2a: Scizor
|-damage|p1a: Mamoswine|1/100|[from] item: Life Orb
|
|upkeep
|
|t:|1654963543
|switch|p2a: Hydreigon|Hydreigon, M|71/100
|-damage|p2a: Hydreigon|59/100|[from] Stealth Rock
|turn|17
|
|t:|1654963556
|switch|p2a: Azelf|Azelf|100/100 par
|-damage|p2a: Azelf|88/100 par|[from] Stealth Rock
|move|p1a: Mamoswine|Ice Shard|p2a: Azelf
|-damage|p2a: Azelf|44/100 par
|-damage|p1a: Mamoswine|0 fnt|[from] item: Life Orb
|faint|p1a: Mamoswine
|
|upkeep
|
|t:|1654963566
|switch|p1a: Jirachi|Jirachi|79/100
|-damage|p1a: Jirachi|73/100|[from] Stealth Rock
|turn|18
|
|t:|1654963571
|switch|p2a: Amoonguss|Amoonguss, M|81/100
|-damage|p2a: Amoonguss|69/100|[from] Stealth Rock
|move|p1a: Jirachi|U-turn|p2a: Amoonguss
|-damage|p2a: Amoonguss|54/100
|-damage|p1a: Jirachi|57/100|[from] item: Rocky Helmet|[of] p2a: Amoonguss
|
|t:|1654963576
|switch|p1a: Celebi|Celebi|94/100|[from]move: U-turn
|-damage|p1a: Celebi|82/100|[from] Stealth Rock
|
|-heal|p1a: Celebi|88/100|[from] item: Leftovers
|upkeep
|turn|19
|
|t:|1654963583
|switch|p2a: Azelf|Azelf|44/100 par
|-damage|p2a: Azelf|31/100 par|[from] Stealth Rock
|move|p1a: Celebi|Nasty Plot|p1a: Celebi
|-boost|p1a: Celebi|spa|2
|
|-heal|p1a: Celebi|94/100|[from] item: Leftovers
|upkeep
|turn|20
|
|t:|1654963597
|move|p1a: Celebi|Leaf Storm|p2a: Azelf
|-damage|p2a: Azelf|0 fnt
|-unboost|p1a: Celebi|spa|2
|faint|p2a: Azelf
|
|-heal|p1a: Celebi|100/100|[from] item: Leftovers
|upkeep
|
|t:|1654963600
|switch|p2a: Nihilego|Nihilego|100/100
|-damage|p2a: Nihilego|88/100|[from] Stealth Rock
|turn|21
|
|t:|1654963622
|switch|p2a: Hydreigon|Hydreigon, M|59/100
|-damage|p2a: Hydreigon|47/100|[from] Stealth Rock
|switch|p1a: Keldeo|Keldeo-Resolute|94/100
|-damage|p1a: Keldeo|88/100|[from] Stealth Rock
|
|upkeep
|turn|22
|
|t:|1654963631
|switch|p2a: Amoonguss|Amoonguss, M|87/100
|-damage|p2a: Amoonguss|75/100|[from] Stealth Rock
|move|p1a: Keldeo|Secret Sword|p2a: Amoonguss
|-resisted|p2a: Amoonguss
|-damage|p2a: Amoonguss|51/100
|
|upkeep
|turn|23
|
|t:|1654963638
|switch|p1a: Celebi|Celebi|100/100
|-damage|p1a: Celebi|88/100|[from] Stealth Rock
|move|p2a: Amoonguss|Sludge Bomb|p1a: Celebi
|-supereffective|p1a: Celebi
|-damage|p1a: Celebi|56/100
|
|-heal|p1a: Celebi|63/100|[from] item: Leftovers
|upkeep
|turn|24
|
|t:|1654963646
|switch|p2a: Hydreigon|Hydreigon, M|47/100
|-damage|p2a: Hydreigon|34/100|[from] Stealth Rock
|move|p1a: Celebi|Earth Power|p2a: Hydreigon
|-immune|p2a: Hydreigon|[from] ability: Levitate
|
|-heal|p1a: Celebi|69/100|[from] item: Leftovers
|upkeep
|turn|25
|
|t:|1654963653
|move|p2a: Hydreigon|Flamethrower|p1a: Celebi
|-supereffective|p1a: Celebi
|-damage|p1a: Celebi|12/100
|move|p1a: Celebi|Recover|p1a: Celebi
|-heal|p1a: Celebi|62/100
|
|-heal|p1a: Celebi|68/100|[from] item: Leftovers
|upkeep
|turn|26
|
|t:|1654963657
|switch|p1a: Keldeo|Keldeo-Resolute|88/100
|-damage|p1a: Keldeo|82/100|[from] Stealth Rock
|move|p2a: Hydreigon|Flamethrower|p1a: Keldeo
|-resisted|p1a: Keldeo
|-damage|p1a: Keldeo|55/100
|
|upkeep
|turn|27
|
|t:|1654963667
|switch|p2a: Amoonguss|Amoonguss, M|84/100
|-damage|p2a: Amoonguss|72/100|[from] Stealth Rock
|move|p1a: Keldeo|Hydro Pump|p2a: Amoonguss
|-resisted|p2a: Amoonguss
|-damage|p2a: Amoonguss|30/100
|
|upkeep
|turn|28
|
|t:|1654963675
|switch|p2a: Hydreigon|Hydreigon, M|34/100
|-damage|p2a: Hydreigon|22/100|[from] Stealth Rock
|move|p1a: Keldeo|Hydro Pump|p2a: Hydreigon
|-resisted|p2a: Hydreigon
|-damage|p2a: Hydreigon|0 fnt
|faint|p2a: Hydreigon
|
|upkeep
|
|t:|1654963677
|switch|p2a: Amoonguss|Amoonguss, M|63/100
|-damage|p2a: Amoonguss|51/100|[from] Stealth Rock
|turn|29
|
|t:|1654963683
|switch|p1a: Thundurus|Thundurus-Therian, M|22/100
|-damage|p1a: Thundurus|0 fnt|[from] Stealth Rock
|faint|p1a: Thundurus
|switch|p2a: Nihilego|Nihilego|88/100
|-damage|p2a: Nihilego|76/100|[from] Stealth Rock
|
|upkeep
|
|t:|1654963685
|switch|p1a: Celebi|Celebi|68/100
|-damage|p1a: Celebi|56/100|[from] Stealth Rock
|turn|30
|
|t:|1654963690
|switch|p1a: Jirachi|Jirachi|57/100
|-damage|p1a: Jirachi|51/100|[from] Stealth Rock
|move|p2a: Nihilego|Sludge Bomb|p1a: Jirachi
|-immune|p1a: Jirachi
|
|-heal|p1a: Jirachi|57/100|[from] item: Leftovers
|upkeep
|turn|31
|
|t:|1654963697
|switch|p2a: Amoonguss|Amoonguss, M|84/100
|-damage|p2a: Amoonguss|71/100|[from] Stealth Rock
|move|p1a: Jirachi|Thunder Wave|p2a: Amoonguss
|-status|p2a: Amoonguss|par
|
|-heal|p1a: Jirachi|63/100|[from] item: Leftovers
|upkeep
|turn|32
|
|t:|1654963704
|move|p1a: Jirachi|U-turn|p2a: Amoonguss
|-damage|p2a: Amoonguss|57/100 par
|-damage|p1a: Jirachi|47/100|[from] item: Rocky Helmet|[of] p2a: Amoonguss
|
|t:|1654963706
|switch|p1a: Celebi|Celebi|56/100|[from]move: U-turn
|-damage|p1a: Celebi|43/100|[from] Stealth Rock
|cant|p2a: Amoonguss|par
|
|-heal|p1a: Celebi|50/100|[from] item: Leftovers
|upkeep
|turn|33
|
|t:|1654963713
|move|p1a: Celebi|Recover|p1a: Celebi
|-heal|p1a: Celebi|99/100
|move|p2a: Amoonguss|Sludge Bomb|p1a: Celebi
|-supereffective|p1a: Celebi
|-damage|p1a: Celebi|65/100
|
|-heal|p1a: Celebi|71/100|[from] item: Leftovers
|upkeep
|turn|34
|
|t:|1654963736
|move|p1a: Celebi|Earth Power|p2a: Amoonguss
|-damage|p2a: Amoonguss|36/100 par
|move|p2a: Amoonguss|Sludge Bomb|p1a: Celebi
|-supereffective|p1a: Celebi
|-damage|p1a: Celebi|35/100
|-status|p1a: Celebi|psn
|
|-heal|p1a: Celebi|41/100 psn|[from] item: Leftovers
|-damage|p1a: Celebi|29/100 psn|[from] psn
|upkeep
|turn|35
|
|t:|1654963742
|switch|p2a: Nihilego|Nihilego|76/100
|-damage|p2a: Nihilego|63/100|[from] Stealth Rock
|move|p1a: Celebi|Recover|p1a: Celebi
|-heal|p1a: Celebi|79/100 psn
|
|-heal|p1a: Celebi|85/100 psn|[from] item: Leftovers
|-damage|p1a: Celebi|73/100 psn|[from] psn
|upkeep
|turn|36
|
|t:|1654963747
|move|p2a: Nihilego|Sludge Bomb|p1a: Celebi
|-supereffective|p1a: Celebi
|-damage|p1a: Celebi|14/100 psn
|move|p1a: Celebi|Earth Power|p2a: Nihilego
|-supereffective|p2a: Nihilego
|-damage|p2a: Nihilego|0 fnt
|faint|p2a: Nihilego
|
|-heal|p1a: Celebi|20/100 psn|[from] item: Leftovers
|-damage|p1a: Celebi|8/100 psn|[from] psn
|upkeep
|c|☆gg in advance|gg
|-message|gg in advance forfeited.
|
|win|DQ Low Tier Legend
|raw|DQ Low Tier Legend's rating: 1482 &rarr; <strong>1506</strong><br />(+24 for winning)
|raw|gg in advance's rating: 1549 &rarr; <strong>1525</strong><br />(-24 for losing)
|l| mamo gabin
||Ladder isn't responding, score probably updated but might not have (Request timeout).
|c|☆DQ Low Tier Legend|Gg
