|j|☆Eltoras
|j|☆Mister Juntao
|player|p1|Eltoras|blue|1315
|player|p2|Mister Juntao|pryce|1148
|teamsize|p1|6
|teamsize|p2|6
|gametype|singles
|gen|8
|tier|[Gen 8] UU
|rated|
|clearpoke
|poke|p1|Vileplume, M|
|poke|p1|Incineroar, F|
|poke|p1|Rotom-Wash|
|poke|p1|Steelix, F|
|poke|p1|Machamp, F|
|poke|p1|Reuniclus, M|
|poke|p2|Inteleon, F|
|poke|p2|Tsareena, F|
|poke|p2|Arcanine, F|
|poke|p2|Sylveon, M|
|poke|p2|Cobalion|
|poke|p2|Noivern, M|
|rule|Sleep Clause Mod: Limit one foe put to sleep
|rule|Species Clause: Limit one of each Pokémon
|rule|OHKO Clause: OHKO moves are banned
|rule|Evasion Moves Clause: Evasion moves are banned
|rule|Endless Battle Clause: Forcing endless battles is banned
|rule|HP Percentage Mod: HP is shown in percentages
|rule|Dynamax Clause: You cannot dynamax
|teampreview
|
|start
|switch|p1a: Rotom|Rotom-Wash|100/100
|switch|p2a: Tsareena|Tsareena, F|100/100
|turn|1
|
|move|p1a: Rotom|Volt Switch|p2a: Tsareena
|-resisted|p2a: Tsareena
|-damage|p2a: Tsareena|90/100
|
|switch|p1a: Vileplume|Vileplume, M|100/100|[from]move: Volt Switch
|move|p2a: Tsareena|Knock Off|p1a: Vileplume
|-damage|p1a: Vileplume|77/100
|-enditem|p1a: Vileplume|Black Sludge|[from] move: Knock Off|[of] p2a: Tsareena
|
|upkeep
|turn|2
|
|switch|p2a: Arcanine|Arcanine, F|100/100
|-ability|p2a: Arcanine|Intimidate|boost
|-unboost|p1a: Vileplume|atk|1
|move|p1a: Vileplume|Leech Seed|p2a: Arcanine
|-start|p2a: Arcanine|move: Leech Seed
|
|-damage|p2a: Arcanine|88/100|[from] Leech Seed|[of] p1a: Vileplume
|-heal|p1a: Vileplume|90/100|[silent]
|upkeep
|turn|3
|
|switch|p1a: Incineroar|Incineroar, F|100/100
|-ability|p1a: Incineroar|Intimidate|boost
|-unboost|p2a: Arcanine|atk|1
|move|p2a: Arcanine|Teleport|p2a: Arcanine
|
|switch|p2a: Inteleon|Inteleon, F|100/100|[from]move: Teleport
|
|upkeep
|turn|4
|
|switch|p1a: Reuniclus|Reuniclus, M|100/100
|move|p2a: Inteleon|Snipe Shot|p1a: Reuniclus
|-crit|p1a: Reuniclus
|-damage|p1a: Reuniclus|56/100
|
|upkeep
|turn|5
|
|switch|p2a: Tsareena|Tsareena, F|90/100
|move|p1a: Reuniclus|Thunder|p2a: Tsareena
|-resisted|p2a: Tsareena
|-damage|p2a: Tsareena|80/100
|-status|p2a: Tsareena|par
|
|upkeep
|turn|6
|
|switch|p1a: Vileplume|Vileplume, M|90/100
|move|p2a: Tsareena|U-turn|p1a: Vileplume
|-damage|p1a: Vileplume|74/100
|
|switch|p2a: Arcanine|Arcanine, F|88/100|[from]move: U-turn
|-ability|p2a: Arcanine|Intimidate|boost
|-unboost|p1a: Vileplume|atk|1
|
|upkeep
|turn|7
|
|switch|p1a: Rotom|Rotom-Wash|100/100
|move|p2a: Arcanine|Flamethrower|p1a: Rotom
|-resisted|p1a: Rotom
|-damage|p1a: Rotom|78/100
|-status|p1a: Rotom|brn
|
|-heal|p1a: Rotom|84/100 brn|[from] item: Leftovers
|-damage|p1a: Rotom|78/100 brn|[from] brn
|upkeep
|turn|8
|
|switch|p2a: Tsareena|Tsareena, F|80/100 par
|move|p1a: Rotom|Volt Switch|p2a: Tsareena
|-resisted|p2a: Tsareena
|-damage|p2a: Tsareena|70/100 par
|
|switch|p1a: Vileplume|Vileplume, M|74/100|[from]move: Volt Switch
|
|upkeep
|turn|9
|
|switch|p2a: Arcanine|Arcanine, F|88/100
|-ability|p2a: Arcanine|Intimidate|boost
|-unboost|p1a: Vileplume|atk|1
|move|p1a: Vileplume|Sludge Bomb|p2a: Arcanine
|-damage|p2a: Arcanine|51/100
|
|upkeep
|turn|10
|
|switch|p1a: Rotom|Rotom-Wash|78/100 brn
|move|p2a: Arcanine|Morning Sun|p2a: Arcanine
|-heal|p2a: Arcanine|100/100
|
|-heal|p1a: Rotom|84/100 brn|[from] item: Leftovers
|-damage|p1a: Rotom|78/100 brn|[from] brn
|upkeep
|turn|11
|
|switch|p2a: Sylveon|Sylveon, M|100/100
|move|p1a: Rotom|Hydro Pump|p2a: Sylveon
|-damage|p2a: Sylveon|65/100
|
|-heal|p1a: Rotom|84/100 brn|[from] item: Leftovers
|-heal|p2a: Sylveon|71/100|[from] item: Leftovers
|-damage|p1a: Rotom|78/100 brn|[from] brn
|upkeep
|turn|12
|
|move|p2a: Sylveon|Protect|p2a: Sylveon
|-singleturn|p2a: Sylveon|Protect
|move|p1a: Rotom|Volt Switch|p2a: Sylveon
|-activate|p2a: Sylveon|move: Protect
|
|-heal|p1a: Rotom|84/100 brn|[from] item: Leftovers
|-heal|p2a: Sylveon|77/100|[from] item: Leftovers
|-damage|p1a: Rotom|78/100 brn|[from] brn
|upkeep
|turn|13
|inactive|Battle timer is ON: inactive players will automatically lose when time's up. (requested by Mister Juntao)
|
|move|p1a: Rotom|Volt Switch|p2a: Sylveon
|-damage|p2a: Sylveon|54/100
|
|switch|p1a: Steelix|Steelix, F|100/100|[from]move: Volt Switch
|move|p2a: Sylveon|Heal Bell|p2a: Sylveon
|-activate|p2a: Sylveon|move: Heal Bell
|-curestatus|p2: Tsareena|par|[msg]
|
|-heal|p2a: Sylveon|60/100|[from] item: Leftovers
|upkeep
|turn|14
|
|switch|p2a: Noivern|Noivern, M|100/100
|move|p1a: Steelix|Stealth Rock|p2a: Noivern
|-sidestart|p2: Mister Juntao|move: Stealth Rock
|
|upkeep
|turn|15
|
|move|p2a: Noivern|Flamethrower|p1a: Steelix
|-supereffective|p1a: Steelix
|-damage|p1a: Steelix|37/100
|move|p1a: Steelix|Toxic|p2a: Noivern
|-status|p2a: Noivern|tox
|
|-heal|p1a: Steelix|43/100|[from] item: Leftovers
|-damage|p2a: Noivern|95/100 tox|[from] psn
|upkeep
|turn|16
|
|switch|p2a: Sylveon|Sylveon, M|60/100
|-damage|p2a: Sylveon|48/100|[from] Stealth Rock
|move|p1a: Steelix|Protect||[still]
|-fail|p1a: Steelix
|
|-heal|p2a: Sylveon|54/100|[from] item: Leftovers
|-heal|p1a: Steelix|50/100|[from] item: Leftovers
|upkeep
|turn|17
|
|move|p2a: Sylveon|Protect|p2a: Sylveon
|-singleturn|p2a: Sylveon|Protect
|move|p1a: Steelix|Heavy Slam|p2a: Sylveon
|-activate|p2a: Sylveon|move: Protect
|
|-heal|p2a: Sylveon|60/100|[from] item: Leftovers
|-heal|p1a: Steelix|56/100|[from] item: Leftovers
|upkeep
|turn|18
|
|switch|p2a: Arcanine|Arcanine, F|100/100
|-ability|p2a: Arcanine|Intimidate|boost
|-unboost|p1a: Steelix|atk|1
|move|p1a: Steelix|Heavy Slam|p2a: Arcanine
|-resisted|p2a: Arcanine
|-damage|p2a: Arcanine|96/100
|
|-heal|p1a: Steelix|62/100|[from] item: Leftovers
|upkeep
|turn|19
|
|move|p1a: Steelix|Protect|p1a: Steelix
|-singleturn|p1a: Steelix|Protect
|move|p2a: Arcanine|Teleport|p2a: Arcanine
|
|switch|p2a: Inteleon|Inteleon, F|100/100|[from]move: Teleport
|-damage|p2a: Inteleon|88/100|[from] Stealth Rock
|
|-heal|p1a: Steelix|68/100|[from] item: Leftovers
|upkeep
|turn|20
|
|switch|p1a: Reuniclus|Reuniclus, M|89/100
|move|p2a: Inteleon|Snipe Shot|p1a: Reuniclus
|-damage|p1a: Reuniclus|67/100
|
|upkeep
|turn|21
|
|switch|p2a: Tsareena|Tsareena, F|70/100
|-damage|p2a: Tsareena|58/100|[from] Stealth Rock
|move|p1a: Reuniclus|Psyshock|p2a: Tsareena
|-damage|p2a: Tsareena|20/100
|
|upkeep
|turn|22
|
|move|p2a: Tsareena|Knock Off|p1a: Reuniclus
|-supereffective|p1a: Reuniclus
|-damage|p1a: Reuniclus|13/100
|-enditem|p1a: Reuniclus|Assault Vest|[from] move: Knock Off|[of] p2a: Tsareena
|move|p1a: Reuniclus|Psyshock|p2a: Tsareena
|-damage|p2a: Tsareena|0 fnt
|faint|p2a: Tsareena
|
|upkeep
|
|switch|p2a: Cobalion|Cobalion|100/100
|-damage|p2a: Cobalion|98/100|[from] Stealth Rock
|turn|23
|
|switch|p1a: Vileplume|Vileplume, M|74/100
|move|p2a: Cobalion|Stealth Rock|p1a: Vileplume
|-sidestart|p1: Eltoras|move: Stealth Rock
|
|-heal|p2a: Cobalion|100/100|[from] item: Leftovers
|upkeep
|turn|24
|
|move|p2a: Cobalion|Volt Switch|p1a: Vileplume
|-resisted|p1a: Vileplume
|-damage|p1a: Vileplume|67/100
|
|switch|p2a: Arcanine|Arcanine, F|96/100|[from]move: Volt Switch
|-ability|p2a: Arcanine|Intimidate|boost
|-unboost|p1a: Vileplume|atk|1
|move|p1a: Vileplume|Strength Sap|p2a: Arcanine
|-unboost|p2a: Arcanine|atk|1
|-heal|p1a: Vileplume|100/100
|
|upkeep
|turn|25
|
|move|p2a: Arcanine|Flamethrower|p1a: Vileplume
|-supereffective|p1a: Vileplume
|-damage|p1a: Vileplume|28/100
|move|p1a: Vileplume|Sludge Bomb|p2a: Arcanine
|-damage|p2a: Arcanine|59/100
|-status|p2a: Arcanine|psn
|
|-damage|p2a: Arcanine|46/100 psn|[from] psn
|upkeep
|turn|26
|
|switch|p1a: Rotom|Rotom-Wash|78/100 brn
|-damage|p1a: Rotom|66/100 brn|[from] Stealth Rock
|move|p2a: Arcanine|Teleport|p2a: Arcanine
|
|switch|p2a: Sylveon|Sylveon, M|60/100|[from]move: Teleport
|-damage|p2a: Sylveon|48/100|[from] Stealth Rock
|
|-heal|p1a: Rotom|72/100 brn|[from] item: Leftovers
|-heal|p2a: Sylveon|54/100|[from] item: Leftovers
|-damage|p1a: Rotom|66/100 brn|[from] brn
|upkeep
|turn|27
|
|move|p1a: Rotom|Volt Switch|p2a: Sylveon
|-damage|p2a: Sylveon|34/100
|
|switch|p1a: Vileplume|Vileplume, M|28/100|[from]move: Volt Switch
|-damage|p1a: Vileplume|15/100|[from] Stealth Rock
|move|p2a: Sylveon|Wish|p2a: Sylveon
|
|-heal|p2a: Sylveon|40/100|[from] item: Leftovers
|upkeep
|turn|28
|
|move|p2a: Sylveon|Hyper Voice|p1a: Vileplume
|-resisted|p1a: Vileplume
|-damage|p1a: Vileplume|0 fnt
|faint|p1a: Vileplume
|
|-heal|p2a: Sylveon|90/100|[from] move: Wish|[wisher] Sylveon
|-heal|p2a: Sylveon|96/100|[from] item: Leftovers
|upkeep
|
|switch|p1a: Steelix|Steelix, F|68/100
|-damage|p1a: Steelix|65/100|[from] Stealth Rock
|turn|29
|
|switch|p2a: Inteleon|Inteleon, F|88/100
|-damage|p2a: Inteleon|76/100|[from] Stealth Rock
|move|p1a: Steelix|Toxic|p2a: Inteleon
|-status|p2a: Inteleon|tox
|
|-heal|p1a: Steelix|71/100|[from] item: Leftovers
|-damage|p2a: Inteleon|70/100 tox|[from] psn
|upkeep
|turn|30
|
|move|p1a: Steelix|Protect|p1a: Steelix
|-singleturn|p1a: Steelix|Protect
|move|p2a: Inteleon|Focus Energy|p2a: Inteleon
|-start|p2a: Inteleon|move: Focus Energy
|
|-heal|p1a: Steelix|78/100|[from] item: Leftovers
|-damage|p2a: Inteleon|58/100 tox|[from] psn
|upkeep
|turn|31
|
|switch|p1a: Rotom|Rotom-Wash|66/100 brn
|-damage|p1a: Rotom|53/100 brn|[from] Stealth Rock
|move|p2a: Inteleon|Snipe Shot|p1a: Rotom
|-resisted|p1a: Rotom
|-crit|p1a: Rotom
|-damage|p1a: Rotom|0 fnt
|faint|p1a: Rotom
|
|-damage|p2a: Inteleon|40/100 tox|[from] psn
|upkeep
|
|switch|p1a: Reuniclus|Reuniclus, M|46/100
|-damage|p1a: Reuniclus|33/100|[from] Stealth Rock
|turn|32
|inactive|Eltoras has 120 seconds left.
|
|switch|p1a: Incineroar|Incineroar, F|100/100
|-ability|p1a: Incineroar|Intimidate|boost
|-unboost|p2a: Inteleon|atk|1
|move|p2a: Inteleon|Snipe Shot|p1a: Incineroar
|-supereffective|p1a: Incineroar
|-crit|p1a: Incineroar
|-damage|p1a: Incineroar|0 fnt
|faint|p1a: Incineroar
|
|-damage|p2a: Inteleon|16/100 tox|[from] psn
|upkeep
|
|switch|p1a: Steelix|Steelix, F|78/100
|-damage|p1a: Steelix|75/100|[from] Stealth Rock
|turn|33
|
|switch|p2a: Cobalion|Cobalion|100/100
|-damage|p2a: Cobalion|98/100|[from] Stealth Rock
|move|p1a: Steelix|Protect||[still]
|-fail|p1a: Steelix
|
|-heal|p2a: Cobalion|100/100|[from] item: Leftovers
|-heal|p1a: Steelix|81/100|[from] item: Leftovers
|upkeep
|turn|34
|
|switch|p1a: Machamp|Machamp, F|100/100
|-damage|p1a: Machamp|94/100|[from] Stealth Rock
|move|p2a: Cobalion|Iron Head|p1a: Machamp
|-damage|p1a: Machamp|52/100
|
|-status|p1a: Machamp|brn|[from] item: Flame Orb
|upkeep
|turn|35
|c|☆Mister Juntao|ur lix is so bad
|c|☆Mister Juntao|how can u not have EQ with a tier that has coba and luc
|
|move|p2a: Cobalion|Close Combat|p1a: Machamp
|-damage|p1a: Machamp|0 fnt
|-unboost|p2a: Cobalion|def|1
|-unboost|p2a: Cobalion|spd|1
|faint|p1a: Machamp
|
|upkeep
|
|switch|p1a: Reuniclus|Reuniclus, M|67/100
|-damage|p1a: Reuniclus|54/100|[from] Stealth Rock
|turn|36
|c|☆Mister Juntao|protect on lix is large crap, get EQ and curse over pro and toxic
|
|switch|p2a: Sylveon|Sylveon, M|96/100
|-damage|p2a: Sylveon|84/100|[from] Stealth Rock
|move|p1a: Reuniclus|Psyshock|p2a: Sylveon
|-damage|p2a: Sylveon|53/100
|
|-heal|p2a: Sylveon|59/100|[from] item: Leftovers
|upkeep
|turn|37
|
|move|p2a: Sylveon|Wish|p2a: Sylveon
|move|p1a: Reuniclus|Future Sight|p2a: Sylveon
|-start|p1a: Reuniclus|move: Future Sight
|
|-heal|p2a: Sylveon|65/100|[from] item: Leftovers
|upkeep
|turn|38
|
|move|p2a: Sylveon|Hyper Voice|p1a: Reuniclus
|-damage|p1a: Reuniclus|19/100
|move|p1a: Reuniclus|Psyshock|p2a: Sylveon
|-crit|p2a: Sylveon
|-damage|p2a: Sylveon|14/100
|
|-heal|p2a: Sylveon|64/100|[from] move: Wish|[wisher] Sylveon
|-heal|p2a: Sylveon|70/100|[from] item: Leftovers
|upkeep
|turn|39
|
|switch|p1a: Steelix|Steelix, F|81/100
|-damage|p1a: Steelix|78/100|[from] Stealth Rock
|move|p2a: Sylveon|Hyper Voice|p1a: Steelix
|-resisted|p1a: Steelix
|-damage|p1a: Steelix|50/100
|
|-end|p2a: Sylveon|move: Future Sight
|-damage|p2a: Sylveon|27/100
|-heal|p2a: Sylveon|33/100|[from] item: Leftovers
|-heal|p1a: Steelix|56/100|[from] item: Leftovers
|upkeep
|turn|40
|
|move|p2a: Sylveon|Protect|p2a: Sylveon
|-singleturn|p2a: Sylveon|Protect
|move|p1a: Steelix|Heavy Slam|p2a: Sylveon
|-activate|p2a: Sylveon|move: Protect
|
|-heal|p2a: Sylveon|39/100|[from] item: Leftovers
|-heal|p1a: Steelix|62/100|[from] item: Leftovers
|upkeep
|turn|41
|
|switch|p2a: Cobalion|Cobalion|100/100
|-damage|p2a: Cobalion|98/100|[from] Stealth Rock
|switch|p1a: Reuniclus|Reuniclus, M|53/100
|-damage|p1a: Reuniclus|40/100|[from] Stealth Rock
|
|-heal|p2a: Cobalion|100/100|[from] item: Leftovers
|upkeep
|turn|42
|
|move|p2a: Cobalion|Iron Head|p1a: Reuniclus
|-damage|p1a: Reuniclus|12/100
|move|p1a: Reuniclus|Psyshock|p2a: Cobalion
|-damage|p2a: Cobalion|66/100
|
|-heal|p2a: Cobalion|72/100|[from] item: Leftovers
|upkeep
|turn|43
|-message|Eltoras forfeited.
|
|win|Mister Juntao
|l|☆Eltoras
||Ladder (probably) updated, but score could not be retrieved (Response not received).
