|j|‽The SD sweep
|j|☆Tempest brute
|t:|1667009306
|gametype|singles
|player|p1|The SD sweep|red|1613
|player|p2|Tempest brute|giovanni|1546
|teamsize|p1|6
|teamsize|p2|6
|gen|8
|tier|[Gen 8] UU
|rated|
|rule|Sleep Clause Mod: Limit one foe put to sleep
|rule|Species Clause: Limit one of each Pokémon
|rule|OHKO Clause: OHKO moves are banned
|rule|Evasion Items Clause: Evasion items are banned
|rule|Evasion Moves Clause: Evasion moves are banned
|rule|Endless Battle Clause: Forcing endless battles is banned
|rule|HP Percentage Mod: HP is shown in percentages
|rule|Dynamax Clause: You cannot dynamax
|clearpoke
|poke|p1|Keldeo-Resolute|
|poke|p1|Hippowdon, F|
|poke|p1|Slowking, F|
|poke|p1|Scizor, F|
|poke|p1|Zarude-Dada|
|poke|p1|Cobalion|
|poke|p2|Skarmory, F|
|poke|p2|Hydreigon, F|
|poke|p2|Primarina, F|
|poke|p2|Cresselia, F|
|poke|p2|Nihilego|
|poke|p2|Excadrill, F|
|teampreview
|inactive|Battle timer is ON: inactive players will automatically lose when time's up. (requested by The SD sweep)
|j| amogusroxyrrrr
|
|t:|1667009322
|start
|switch|p1a: Scizor|Scizor, F, shiny|100/100
|switch|p2a: Primarina|Primarina, F|100/100
|turn|1
|
|t:|1667009325
|move|p1a: Scizor|Dual Wingbeat|p2a: Primarina
|-crit|p2a: Primarina
|-damage|p2a: Primarina|50/100
|-damage|p2a: Primarina|18/100
|-hitcount|p2a: Primarina|2
|move|p2a: Primarina|Scald|p1a: Scizor
|-damage|p1a: Scizor|23/100
|
|-heal|p2a: Primarina|24/100|[from] item: Leftovers
|upkeep
|turn|2
|
|t:|1667009332
|switch|p2a: Skarmory|Skarmory, F|100/100
|move|p1a: Scizor|Dual Wingbeat|p2a: Skarmory
|-resisted|p2a: Skarmory
|-damage|p2a: Skarmory|91/100
|-resisted|p2a: Skarmory
|-damage|p2a: Skarmory|80/100
|-hitcount|p2a: Skarmory|2
|
|-heal|p2a: Skarmory|86/100|[from] item: Leftovers
|upkeep
|turn|3
|
|t:|1667009339
|switch|p1a: Keldeo|Keldeo-Resolute|100/100
|move|p2a: Skarmory|Spikes|p1a: Keldeo
|-sidestart|p1: The SD sweep|Spikes
|
|-heal|p2a: Skarmory|92/100|[from] item: Leftovers
|upkeep
|turn|4
|
|t:|1667009344
|switch|p2a: Cresselia|Cresselia, F|100/100
|move|p1a: Keldeo|Surf|p2a: Cresselia
|-damage|p2a: Cresselia|63/100
|
|-heal|p2a: Cresselia|69/100|[from] item: Leftovers
|upkeep
|turn|5
|
|t:|1667009353
|move|p1a: Keldeo|Surf|p2a: Cresselia
|-damage|p2a: Cresselia|28/100
|move|p2a: Cresselia|Psyshock|p1a: Keldeo
|-supereffective|p1a: Keldeo
|-damage|p1a: Keldeo|44/100
|
|-heal|p2a: Cresselia|34/100|[from] item: Leftovers
|upkeep
|turn|6
|
|t:|1667009358
|switch|p2a: Hydreigon|Hydreigon, F|100/100
|move|p1a: Keldeo|Surf|p2a: Hydreigon
|-resisted|p2a: Hydreigon
|-damage|p2a: Hydreigon|75/100
|
|-heal|p2a: Hydreigon|81/100|[from] item: Leftovers
|upkeep
|turn|7
|j| Valiant Hearts
|
|t:|1667009364
|switch|p1a: Hippowdon|Hippowdon, F|100/100
|-damage|p1a: Hippowdon|88/100|[from] Spikes
|-weather|Sandstorm|[from] ability: Sand Stream|[of] p1a: Hippowdon
|switch|p2a: Primarina|Primarina, F|24/100
|
|-weather|Sandstorm|[upkeep]
|-damage|p2a: Primarina|18/100|[from] Sandstorm
|-heal|p2a: Primarina|24/100|[from] item: Leftovers
|-heal|p1a: Hippowdon|94/100|[from] item: Leftovers
|upkeep
|turn|8
|
|t:|1667009369
|move|p2a: Primarina|Rest|p2a: Primarina
|-status|p2a: Primarina|slp|[from] move: Rest
|-heal|p2a: Primarina|100/100 slp|[silent]
|move|p1a: Hippowdon|Earthquake|p2a: Primarina
|-damage|p2a: Primarina|58/100 slp
|
|-weather|Sandstorm|[upkeep]
|-damage|p2a: Primarina|52/100 slp|[from] Sandstorm
|-heal|p2a: Primarina|58/100 slp|[from] item: Leftovers
|-heal|p1a: Hippowdon|99/100|[from] item: Leftovers
|upkeep
|turn|9
|
|t:|1667009372
|cant|p2a: Primarina|slp
|move|p2a: Primarina|Sleep Talk|p2a: Primarina
|move|p2a: Primarina|Rest||[from]move: Sleep Talk|[still]
|-fail|p2a: Primarina
|move|p1a: Hippowdon|Earthquake|p2a: Primarina
|-damage|p2a: Primarina|21/100 slp
|
|-weather|Sandstorm|[upkeep]
|-damage|p2a: Primarina|15/100 slp|[from] Sandstorm
|-heal|p2a: Primarina|21/100 slp|[from] item: Leftovers
|-heal|p1a: Hippowdon|100/100|[from] item: Leftovers
|upkeep
|turn|10
|
|t:|1667009379
|cant|p2a: Primarina|slp
|move|p2a: Primarina|Sleep Talk|p2a: Primarina
|move|p2a: Primarina|Rest||[from]move: Sleep Talk|[still]
|-fail|p2a: Primarina
|move|p1a: Hippowdon|Earthquake|p2a: Primarina
|-damage|p2a: Primarina|0 fnt
|faint|p2a: Primarina
|
|-weather|Sandstorm|[upkeep]
|upkeep
|
|t:|1667009386
|switch|p2a: Skarmory|Skarmory, F|92/100
|turn|11
|
|t:|1667009393
|switch|p1a: Keldeo|Keldeo-Resolute|44/100
|-damage|p1a: Keldeo|32/100|[from] Spikes
|move|p2a: Skarmory|Spikes|p1a: Keldeo
|-sidestart|p1: The SD sweep|Spikes
|
|-weather|none
|-heal|p2a: Skarmory|98/100|[from] item: Leftovers
|upkeep
|turn|12
|
|t:|1667009403
|switch|p2a: Cresselia|Cresselia, F|34/100
|move|p1a: Keldeo|Secret Sword|p2a: Cresselia
|-resisted|p2a: Cresselia
|-damage|p2a: Cresselia|15/100
|
|-heal|p2a: Cresselia|21/100|[from] item: Leftovers
|upkeep
|turn|13
|
|t:|1667009410
|switch|p1a: Cobalion|Cobalion, shiny|100/100
|-damage|p1a: Cobalion|84/100|[from] Spikes
|move|p2a: Cresselia|Moonlight|p2a: Cresselia
|-heal|p2a: Cresselia|71/100
|
|-heal|p1a: Cobalion|90/100|[from] item: Leftovers
|-heal|p2a: Cresselia|78/100|[from] item: Leftovers
|upkeep
|turn|14
|
|t:|1667009415
|switch|p2a: Skarmory|Skarmory, F|98/100
|move|p1a: Cobalion|Swords Dance|p1a: Cobalion
|-boost|p1a: Cobalion|atk|2
|
|-heal|p1a: Cobalion|96/100|[from] item: Leftovers
|-heal|p2a: Skarmory|100/100|[from] item: Leftovers
|upkeep
|turn|15
|
|t:|1667009418
|move|p1a: Cobalion|Swords Dance|p1a: Cobalion
|-boost|p1a: Cobalion|atk|2
|move|p2a: Skarmory|Iron Defense|p2a: Skarmory
|-boost|p2a: Skarmory|def|2
|
|-heal|p1a: Cobalion|100/100|[from] item: Leftovers
|upkeep
|turn|16
|
|t:|1667009421
|switch|p1a: Slowking|Slowking, F, shiny|100/100
|-damage|p1a: Slowking|84/100|[from] Spikes
|move|p2a: Skarmory|Body Press|p1a: Slowking
|-resisted|p1a: Slowking
|-damage|p1a: Slowking|61/100
|
|upkeep
|turn|17
|
|t:|1667009424
|switch|p2a: Hydreigon|Hydreigon, F|81/100
|move|p1a: Slowking|Scald|p2a: Hydreigon
|-resisted|p2a: Hydreigon
|-damage|p2a: Hydreigon|72/100
|-status|p2a: Hydreigon|brn
|
|-heal|p2a: Hydreigon|78/100 brn|[from] item: Leftovers
|-damage|p2a: Hydreigon|72/100 brn|[from] brn
|upkeep
|turn|18
|
|t:|1667009430
|switch|p1a: Hippowdon|Hippowdon, F|100/100
|-damage|p1a: Hippowdon|84/100|[from] Spikes
|-weather|Sandstorm|[from] ability: Sand Stream|[of] p1a: Hippowdon
|move|p2a: Hydreigon|Thunder Wave|p1a: Hippowdon
|-immune|p1a: Hippowdon
|
|-weather|Sandstorm|[upkeep]
|-damage|p2a: Hydreigon|65/100 brn|[from] Sandstorm
|-heal|p2a: Hydreigon|72/100 brn|[from] item: Leftovers
|-heal|p1a: Hippowdon|90/100|[from] item: Leftovers
|-damage|p2a: Hydreigon|65/100 brn|[from] brn
|upkeep
|turn|19
|
|t:|1667009433
|move|p2a: Hydreigon|Nasty Plot|p2a: Hydreigon
|-boost|p2a: Hydreigon|spa|2
|move|p1a: Hippowdon|Stealth Rock|p2a: Hydreigon
|-sidestart|p2: Tempest brute|move: Stealth Rock
|
|-weather|Sandstorm|[upkeep]
|-damage|p2a: Hydreigon|59/100 brn|[from] Sandstorm
|-heal|p2a: Hydreigon|65/100 brn|[from] item: Leftovers
|-heal|p1a: Hippowdon|96/100|[from] item: Leftovers
|-damage|p2a: Hydreigon|59/100 brn|[from] brn
|upkeep
|turn|20
|
|t:|1667009438
|switch|p1a: Zarude|Zarude-Dada|100/100
|-damage|p1a: Zarude|84/100|[from] Spikes
|move|p2a: Hydreigon|Dark Pulse|p1a: Zarude
|-resisted|p1a: Zarude
|-damage|p1a: Zarude|49/100
|
|-weather|Sandstorm|[upkeep]
|-damage|p1a: Zarude|43/100|[from] Sandstorm
|-damage|p2a: Hydreigon|53/100 brn|[from] Sandstorm
|-heal|p2a: Hydreigon|59/100 brn|[from] item: Leftovers
|-damage|p2a: Hydreigon|53/100 brn|[from] brn
|upkeep
|turn|21
|
|t:|1667009441
|move|p1a: Zarude|U-turn|p2a: Hydreigon
|-supereffective|p2a: Hydreigon
|-damage|p2a: Hydreigon|12/100 brn
|
|t:|1667009444
|switch|p1a: Cobalion|Cobalion, shiny|100/100|[from]move: U-turn
|-damage|p1a: Cobalion|84/100|[from] Spikes
|move|p2a: Hydreigon|Roost|p2a: Hydreigon
|-heal|p2a: Hydreigon|62/100 brn
|-singleturn|p2a: Hydreigon|move: Roost
|
|-weather|Sandstorm|[upkeep]
|-damage|p2a: Hydreigon|56/100 brn|[from] Sandstorm
|-heal|p1a: Cobalion|90/100|[from] item: Leftovers
|-heal|p2a: Hydreigon|62/100 brn|[from] item: Leftovers
|-damage|p2a: Hydreigon|56/100 brn|[from] brn
|upkeep
|turn|22
|
|t:|1667009448
|switch|p2a: Skarmory|Skarmory, F|100/100
|-damage|p2a: Skarmory|88/100|[from] Stealth Rock
|move|p1a: Cobalion|Swords Dance|p1a: Cobalion
|-boost|p1a: Cobalion|atk|2
|
|-weather|none
|-heal|p1a: Cobalion|96/100|[from] item: Leftovers
|-heal|p2a: Skarmory|94/100|[from] item: Leftovers
|upkeep
|turn|23
|
|t:|1667009451
|move|p1a: Cobalion|Close Combat|p2a: Skarmory
|-damage|p2a: Skarmory|31/100
|-unboost|p1a: Cobalion|def|1
|-unboost|p1a: Cobalion|spd|1
|move|p2a: Skarmory|Iron Defense|p2a: Skarmory
|-boost|p2a: Skarmory|def|2
|
|-heal|p1a: Cobalion|100/100|[from] item: Leftovers
|-heal|p2a: Skarmory|37/100|[from] item: Leftovers
|upkeep
|turn|24
|
|t:|1667009458
|switch|p1a: Slowking|Slowking, F, shiny|95/100
|-damage|p1a: Slowking|78/100|[from] Spikes
|move|p2a: Skarmory|Roost|p2a: Skarmory
|-heal|p2a: Skarmory|87/100
|-singleturn|p2a: Skarmory|move: Roost
|
|-heal|p2a: Skarmory|93/100|[from] item: Leftovers
|upkeep
|turn|25
|
|t:|1667009461
|switch|p2a: Hydreigon|Hydreigon, F|56/100 brn
|-damage|p2a: Hydreigon|43/100 brn|[from] Stealth Rock
|move|p1a: Slowking|Scald|p2a: Hydreigon
|-resisted|p2a: Hydreigon
|-crit|p2a: Hydreigon
|-damage|p2a: Hydreigon|28/100 brn
|
|-heal|p2a: Hydreigon|35/100 brn|[from] item: Leftovers
|-damage|p2a: Hydreigon|28/100 brn|[from] brn
|upkeep
|turn|26
|
|t:|1667009465
|switch|p1a: Cobalion|Cobalion, shiny|100/100
|-damage|p1a: Cobalion|84/100|[from] Spikes
|move|p2a: Hydreigon|Roost|p2a: Hydreigon
|-heal|p2a: Hydreigon|78/100 brn
|-singleturn|p2a: Hydreigon|move: Roost
|
|-heal|p1a: Cobalion|90/100|[from] item: Leftovers
|-heal|p2a: Hydreigon|85/100 brn|[from] item: Leftovers
|-damage|p2a: Hydreigon|78/100 brn|[from] brn
|upkeep
|turn|27
|
|t:|1667009469
|switch|p2a: Skarmory|Skarmory, F|93/100
|-damage|p2a: Skarmory|81/100|[from] Stealth Rock
|move|p1a: Cobalion|Swords Dance|p1a: Cobalion
|-boost|p1a: Cobalion|atk|2
|
|-heal|p1a: Cobalion|96/100|[from] item: Leftovers
|-heal|p2a: Skarmory|87/100|[from] item: Leftovers
|upkeep
|turn|28
|
|t:|1667009477
|move|p1a: Cobalion|Close Combat|p2a: Skarmory
|-damage|p2a: Skarmory|24/100
|-unboost|p1a: Cobalion|def|1
|-unboost|p1a: Cobalion|spd|1
|move|p2a: Skarmory|Roost|p2a: Skarmory
|-heal|p2a: Skarmory|74/100
|-singleturn|p2a: Skarmory|move: Roost
|
|-heal|p1a: Cobalion|100/100|[from] item: Leftovers
|-heal|p2a: Skarmory|80/100|[from] item: Leftovers
|upkeep
|turn|29
|
|t:|1667009486
|move|p1a: Cobalion|Swords Dance|p1a: Cobalion
|-boost|p1a: Cobalion|atk|2
|move|p2a: Skarmory|Body Press|p1a: Cobalion
|-supereffective|p1a: Cobalion
|-damage|p1a: Cobalion|24/100
|
|-heal|p1a: Cobalion|31/100|[from] item: Leftovers
|-heal|p2a: Skarmory|86/100|[from] item: Leftovers
|upkeep
|turn|30
|
|t:|1667009497
|switch|p2a: Excadrill|Excadrill, F|100/100
|-damage|p2a: Excadrill|97/100|[from] Stealth Rock
|-ability|p2a: Excadrill|Mold Breaker
|move|p1a: Cobalion|Close Combat|p2a: Excadrill
|-supereffective|p2a: Excadrill
|-damage|p2a: Excadrill|0 fnt
|-unboost|p1a: Cobalion|def|1
|-unboost|p1a: Cobalion|spd|1
|faint|p2a: Excadrill
|
|-heal|p1a: Cobalion|37/100|[from] item: Leftovers
|upkeep
|
|t:|1667009499
|switch|p2a: Cresselia|Cresselia, F|78/100
|-damage|p2a: Cresselia|65/100|[from] Stealth Rock
|turn|31
|
|t:|1667009501
|move|p1a: Cobalion|Megahorn|p2a: Cresselia|[miss]
|-miss|p1a: Cobalion|p2a: Cresselia
|move|p2a: Cresselia|Psyshock|p1a: Cobalion
|-damage|p1a: Cobalion|0 fnt
|faint|p1a: Cobalion
|
|-heal|p2a: Cresselia|71/100|[from] item: Leftovers
|upkeep
|
|t:|1667009518
|switch|p1a: Zarude|Zarude-Dada|43/100
|-damage|p1a: Zarude|26/100|[from] Spikes
|turn|32
|
|t:|1667009521
|move|p1a: Zarude|Darkest Lariat|p2a: Cresselia
|-supereffective|p2a: Cresselia
|-damage|p2a: Cresselia|25/100
|move|p2a: Cresselia|Moonlight|p2a: Cresselia
|-heal|p2a: Cresselia|75/100
|
|-heal|p2a: Cresselia|81/100|[from] item: Leftovers
|upkeep
|turn|33
|
|t:|1667009527
|move|p1a: Zarude|Darkest Lariat|p2a: Cresselia
|-supereffective|p2a: Cresselia
|-damage|p2a: Cresselia|31/100
|move|p2a: Cresselia|Ice Beam|p1a: Zarude
|-supereffective|p1a: Zarude
|-damage|p1a: Zarude|0 fnt
|faint|p1a: Zarude
|
|-heal|p2a: Cresselia|37/100|[from] item: Leftovers
|upkeep
|
|t:|1667009531
|switch|p1a: Scizor|Scizor, F, shiny|23/100
|-damage|p1a: Scizor|6/100|[from] Spikes
|turn|34
|
|t:|1667009533
|move|p1a: Scizor|U-turn|p2a: Cresselia
|-supereffective|p2a: Cresselia
|-damage|p2a: Cresselia|0 fnt
|faint|p2a: Cresselia
|
|t:|1667009543
|switch|p1a: Keldeo|Keldeo-Resolute|32/100|[from]move: U-turn
|-damage|p1a: Keldeo|15/100|[from] Spikes
|
|upkeep
|
|t:|1667009547
|switch|p2a: Nihilego|Nihilego|100/100
|-damage|p2a: Nihilego|88/100|[from] Stealth Rock
|turn|35
|
|t:|1667009551
|move|p1a: Keldeo|Surf|p2a: Nihilego
|-supereffective|p2a: Nihilego
|-damage|p2a: Nihilego|0 fnt
|faint|p2a: Nihilego
|
|upkeep
|
|t:|1667009553
|switch|p2a: Hydreigon|Hydreigon, F|78/100 brn
|-damage|p2a: Hydreigon|66/100 brn|[from] Stealth Rock
|turn|36
|
|t:|1667009561
|switch|p1a: Scizor|Scizor, F, shiny|6/100
|-damage|p1a: Scizor|0 fnt|[from] Spikes
|faint|p1a: Scizor
|move|p2a: Hydreigon|Roost|p2a: Hydreigon
|-heal|p2a: Hydreigon|100/100 brn
|-singleturn|p2a: Hydreigon|move: Roost
|
|-damage|p2a: Hydreigon|94/100 brn|[from] brn
|upkeep
|
|t:|1667009568
|switch|p1a: Keldeo|Keldeo-Resolute|15/100
|-damage|p1a: Keldeo|0 fnt|[from] Spikes
|faint|p1a: Keldeo
|-message|The SD sweep forfeited.
|
|win|Tempest brute
|raw|The SD sweep's rating: 1613 &rarr; <strong>1589</strong><br />(-24 for losing)
|raw|Tempest brute's rating: 1546 &rarr; <strong>1570</strong><br />(+24 for winning)
|l|‽The SD sweep
|l| Valiant Hearts
|c|☆Tempest brute|gg
|j|‽The SD sweep
|player|p1|The SD sweep|red
