|j|☆PlasticPinnochio
|j|☆Phalanxia
|t:|1627401612
|gametype|singles
|player|p1|PlasticPinnochio|policeman|1406
|player|p2|Phalanxia|1|1700
|teamsize|p1|6
|teamsize|p2|6
|gen|8
|tier|[Gen 8] UU
|rated|
|rule|Sleep Clause Mod: Limit one foe put to sleep
|rule|Species Clause: Limit one of each Pokémon
|rule|OHKO Clause: OHKO moves are banned
|rule|Evasion Moves Clause: Evasion moves are banned
|rule|Endless Battle Clause: Forcing endless battles is banned
|rule|HP Percentage Mod: HP is shown in percentages
|rule|Dynamax Clause: You cannot dynamax
|clearpoke
|poke|p1|Raikou|
|poke|p1|Amoonguss, M|
|poke|p1|Zarude-Dada|
|poke|p1|Krookodile, F|
|poke|p1|Togekiss, M|
|poke|p1|Keldeo-Resolute|
|poke|p2|Chandelure, M|
|poke|p2|Weezing-Galar, M|
|poke|p2|Umbreon, F|
|poke|p2|Haxorus, M|
|poke|p2|Mamoswine, M|
|poke|p2|Keldeo-Resolute|
|teampreview
|inactive|Battle timer is ON: inactive players will automatically lose when time's up. (requested by PlasticPinnochio)
|inactive|Phalanxia has 120 seconds left.
|inactive|Phalanxia has 90 seconds left.
|
|t:|1627401686
|start
|switch|p1a: Raikou|Raikou|100/100
|switch|p2a: Haxorus|Haxorus, M|100/100
|-ability|p1a: Raikou|Pressure
|-ability|p2a: Haxorus|Mold Breaker
|turn|1
|
|t:|1627401696
|move|p1a: Raikou|Protect|p1a: Raikou
|-singleturn|p1a: Raikou|Protect
|move|p2a: Haxorus|Poison Jab|p1a: Raikou
|-activate|p1a: Raikou|move: Protect
|
|upkeep
|turn|2
|
|t:|1627401703
|switch|p2a: Mamoswine|Mamoswine, M|100/100
|move|p1a: Raikou|Volt Switch|p2a: Mamoswine
|-immune|p2a: Mamoswine
|
|upkeep
|turn|3
|
|t:|1627401723
|switch|p1a: Keldeo|Keldeo-Resolute|100/100
|move|p2a: Mamoswine|Earthquake|p1a: Keldeo
|-damage|p1a: Keldeo|29/100
|
|upkeep
|turn|4
|
|t:|1627401734
|switch|p1a: Zarude|Zarude-Dada|100/100
|move|p2a: Mamoswine|Earthquake|p1a: Zarude
|-resisted|p1a: Zarude
|-damage|p1a: Zarude|75/100
|
|upkeep
|turn|5
|
|t:|1627401746
|switch|p2a: Weezing|Weezing-Galar, M|100/100
|move|p1a: Zarude|U-turn|p2a: Weezing
|-resisted|p2a: Weezing
|-damage|p2a: Weezing|97/100
|
|t:|1627401749
|switch|p1a: Keldeo|Keldeo-Resolute|29/100|[from]move: U-turn
|
|-heal|p2a: Weezing|100/100|[from] item: Black Sludge
|upkeep
|turn|6
|
|t:|1627401754
|switch|p2a: Umbreon|Umbreon, F|100/100
|move|p1a: Keldeo|Hydro Pump|p2a: Umbreon
|-damage|p2a: Umbreon|58/100
|
|-heal|p2a: Umbreon|64/100|[from] item: Leftovers
|upkeep
|turn|7
|
|t:|1627401763
|switch|p1a: Krookodile|Krookodile, F|100/100
|-ability|p1a: Krookodile|Intimidate|boost
|-unboost|p2a: Umbreon|atk|1
|move|p2a: Umbreon|Wish|p2a: Umbreon
|
|-heal|p2a: Umbreon|71/100|[from] item: Leftovers
|upkeep
|turn|8
|
|t:|1627401774
|move|p1a: Krookodile|Knock Off|p2a: Umbreon
|-resisted|p2a: Umbreon
|-damage|p2a: Umbreon|42/100
|-enditem|p2a: Umbreon|Leftovers|[from] move: Knock Off|[of] p1a: Krookodile
|move|p2a: Umbreon|Foul Play|p1a: Krookodile
|-resisted|p1a: Krookodile
|-damage|p1a: Krookodile|72/100
|
|-heal|p2a: Umbreon|92/100|[from] move: Wish|[wisher] Umbreon
|upkeep
|turn|9
|
|t:|1627401782
|switch|p1a: Raikou|Raikou|100/100
|-ability|p1a: Raikou|Pressure
|switch|p2a: Weezing|Weezing-Galar, M|100/100
|
|upkeep
|turn|10
|
|t:|1627401790
|switch|p2a: Umbreon|Umbreon, F|92/100
|move|p1a: Raikou|Scald|p2a: Umbreon
|-damage|p2a: Umbreon|80/100
|
|upkeep
|turn|11
|
|t:|1627401795
|move|p1a: Raikou|Volt Switch|p2a: Umbreon
|-damage|p2a: Umbreon|62/100
|
|t:|1627401797
|switch|p1a: Togekiss|Togekiss, M|100/100|[from]move: Volt Switch
|move|p2a: Umbreon|Wish|p2a: Umbreon
|
|upkeep
|turn|12
|
|t:|1627401802
|move|p2a: Umbreon|Protect|p2a: Umbreon
|-singleturn|p2a: Umbreon|Protect
|move|p1a: Togekiss|Thunder Wave|p2a: Umbreon
|-activate|p2a: Umbreon|move: Protect
|
|-heal|p2a: Umbreon|100/100|[from] move: Wish|[wisher] Umbreon
|upkeep
|turn|13
|
|t:|1627401811
|switch|p1a: Raikou|Raikou|100/100
|-ability|p1a: Raikou|Pressure
|move|p2a: Umbreon|Wish|p2a: Umbreon
|
|upkeep
|turn|14
|
|t:|1627401818
|switch|p2a: Haxorus|Haxorus, M|100/100
|-ability|p2a: Haxorus|Mold Breaker
|move|p1a: Raikou|Scald|p2a: Haxorus
|-resisted|p2a: Haxorus
|-damage|p2a: Haxorus|83/100
|
|-heal|p2a: Haxorus|100/100|[from] move: Wish|[wisher] Umbreon
|upkeep
|turn|15
|
|t:|1627401830
|switch|p2a: Mamoswine|Mamoswine, M|100/100
|move|p1a: Raikou|Protect||[still]
|-fail|p1a: Raikou
|
|upkeep
|turn|16
|
|t:|1627401839
|move|p1a: Raikou|Protect|p1a: Raikou
|-singleturn|p1a: Raikou|Protect
|move|p2a: Mamoswine|Earthquake|p1a: Raikou
|-activate|p1a: Raikou|move: Protect
|
|upkeep
|turn|17
|
|t:|1627401858
|switch|p2a: Haxorus|Haxorus, M|100/100
|-ability|p2a: Haxorus|Mold Breaker
|move|p1a: Raikou|Scald|p2a: Haxorus
|-resisted|p2a: Haxorus
|-damage|p2a: Haxorus|81/100
|-status|p2a: Haxorus|brn
|
|-damage|p2a: Haxorus|75/100 brn|[from] brn
|upkeep
|turn|18
|
|t:|1627401865
|switch|p2a: Umbreon|Umbreon, F|100/100
|move|p1a: Raikou|Protect||[still]
|-fail|p1a: Raikou
|
|upkeep
|turn|19
|
|t:|1627401870
|switch|p1a: Keldeo|Keldeo-Resolute|29/100
|move|p2a: Umbreon|Heal Bell|p2a: Umbreon
|-activate|p2a: Umbreon|move: Heal Bell
|-curestatus|p2: Haxorus|brn|[msg]
|
|upkeep
|turn|20
|
|t:|1627401874
|move|p2a: Umbreon|Protect|p2a: Umbreon
|-singleturn|p2a: Umbreon|Protect
|move|p1a: Keldeo|Secret Sword|p2a: Umbreon
|-activate|p2a: Umbreon|move: Protect
|
|upkeep
|turn|21
|
|t:|1627401878
|switch|p1a: Krookodile|Krookodile, F|72/100
|-ability|p1a: Krookodile|Intimidate|boost
|-unboost|p2a: Umbreon|atk|1
|switch|p2a: Chandelure|Chandelure, M|100/100
|
|upkeep
|turn|22
|
|t:|1627401891
|switch|p2a: Weezing|Weezing-Galar, M|100/100
|move|p1a: Krookodile|Stealth Rock|p2a: Weezing
|-sidestart|p2: Phalanxia|move: Stealth Rock
|
|upkeep
|turn|23
|
|t:|1627401895
|switch|p1a: Togekiss|Togekiss, M|100/100
|move|p2a: Weezing|Defog|p1a: Togekiss
|-unboost|p1a: Togekiss|evasion|1
|-sideend|p2: Phalanxia|Stealth Rock|[from] move: Defog|[of] p2a: Weezing
|
|upkeep
|turn|24
|
|t:|1627401901
|switch|p2a: Umbreon|Umbreon, F|100/100
|move|p1a: Togekiss|Thunder Wave|p2a: Umbreon
|-status|p2a: Umbreon|par
|-activate|p2a: Umbreon|ability: Synchronize
|-status|p1a: Togekiss|par
|
|upkeep
|turn|25
|
|t:|1627401907
|move|p1a: Togekiss|Air Slash|p2a: Umbreon
|-damage|p2a: Umbreon|85/100 par
|cant|p2a: Umbreon|flinch
|
|upkeep
|turn|26
|
|t:|1627401928
|switch|p2a: Mamoswine|Mamoswine, M|100/100
|move|p1a: Togekiss|Air Slash|p2a: Mamoswine
|-damage|p2a: Mamoswine|58/100
|
|upkeep
|turn|27
|
|t:|1627401933
|switch|p1a: Amoonguss|Amoonguss, M|100/100
|move|p2a: Mamoswine|Icicle Crash|p1a: Amoonguss
|-supereffective|p1a: Amoonguss
|-crit|p1a: Amoonguss
|-damage|p1a: Amoonguss|0 fnt
|faint|p1a: Amoonguss
|
|upkeep
|
|t:|1627401937
|switch|p1a: Raikou|Raikou|100/100
|-ability|p1a: Raikou|Pressure
|turn|28
|
|t:|1627401941
|switch|p2a: Umbreon|Umbreon, F|85/100 par
|move|p1a: Raikou|Volt Switch|p2a: Umbreon
|-damage|p2a: Umbreon|70/100 par
|
|t:|1627401943
|switch|p1a: Keldeo|Keldeo-Resolute|29/100|[from]move: Volt Switch
|
|upkeep
|turn|29
|
|t:|1627401950
|move|p2a: Umbreon|Protect|p2a: Umbreon
|-singleturn|p2a: Umbreon|Protect
|move|p1a: Keldeo|Secret Sword|p2a: Umbreon
|-activate|p2a: Umbreon|move: Protect
|
|upkeep
|turn|30
|
|t:|1627401953
|switch|p2a: Chandelure|Chandelure, M|100/100
|move|p1a: Keldeo|Secret Sword|p2a: Chandelure
|-immune|p2a: Chandelure
|
|upkeep
|turn|31
|
|t:|1627401958
|switch|p1a: Raikou|Raikou|100/100
|-ability|p1a: Raikou|Pressure
|move|p2a: Chandelure|Overheat|p1a: Raikou
|-damage|p1a: Raikou|0 fnt
|-unboost|p2a: Chandelure|spa|2
|faint|p1a: Raikou
|
|upkeep
|
|t:|1627401964
|switch|p1a: Krookodile|Krookodile, F|72/100
|-ability|p1a: Krookodile|Intimidate|boost
|-unboost|p2a: Chandelure|atk|1
|turn|32
|
|t:|1627401984
|switch|p1a: Keldeo|Keldeo-Resolute|29/100
|switch|p2a: Weezing|Weezing-Galar, M|100/100
|
|upkeep
|turn|33
|
|t:|1627401988
|switch|p2a: Keldeo|Keldeo-Resolute|100/100
|move|p1a: Keldeo|Hydro Pump|p2a: Keldeo|[miss]
|-miss|p1a: Keldeo|p2a: Keldeo
|
|upkeep
|turn|34
|
|t:|1627401995
|switch|p1a: Togekiss|Togekiss, M|100/100 par
|move|p2a: Keldeo|Calm Mind|p2a: Keldeo
|-boost|p2a: Keldeo|spa|1
|-boost|p2a: Keldeo|spd|1
|
|upkeep
|turn|35
|
|t:|1627401999
|move|p2a: Keldeo|Substitute|p2a: Keldeo
|-start|p2a: Keldeo|Substitute
|-damage|p2a: Keldeo|76/100
|move|p1a: Togekiss|Air Slash|p2a: Keldeo
|-supereffective|p2a: Keldeo
|-end|p2a: Keldeo|Substitute
|
|-heal|p2a: Keldeo|82/100|[from] item: Leftovers
|upkeep
|turn|36
|
|t:|1627402007
|move|p2a: Keldeo|Calm Mind|p2a: Keldeo
|-boost|p2a: Keldeo|spa|1
|-boost|p2a: Keldeo|spd|1
|move|p1a: Togekiss|Air Slash|p2a: Keldeo|[miss]
|-miss|p1a: Togekiss|p2a: Keldeo
|
|-heal|p2a: Keldeo|88/100|[from] item: Leftovers
|upkeep
|turn|37
|c|☆PlasticPinnochio|gg
|-message|PlasticPinnochio forfeited.
|
|win|Phalanxia
|raw|PlasticPinnochio's rating: 1407 &rarr; <strong>1401</strong><br />(-6 for losing)
|raw|Phalanxia's rating: 1700 &rarr; <strong>1706</strong><br />(+6 for winning)
|l|☆Phalanxia
||Ladder isn't responding, score probably updated but might not have (Request timeout).
