|raw|<div class="broadcast-blue"><strong>This battle is required to be public due to a player having a name starting with 'uult84z'.</div>
|j|☆UULT84z Mimil
|j|☆AzuJ
|t:|1623227917
|gametype|singles
|player|p1|UULT84z Mimil|acetrainer-gen4dp|1503
|player|p2|AzuJ|juan|1516
|teamsize|p1|6
|teamsize|p2|6
|gen|8
|tier|[Gen 8] UU
|rated|
|rule|Sleep Clause Mod: Limit one foe put to sleep
|rule|Species Clause: Limit one of each Pokémon
|rule|OHKO Clause: OHKO moves are banned
|rule|Evasion Moves Clause: Evasion moves are banned
|rule|Endless Battle Clause: Forcing endless battles is banned
|rule|HP Percentage Mod: HP is shown in percentages
|rule|Dynamax Clause: You cannot dynamax
|clearpoke
|poke|p1|Conkeldurr, M|
|poke|p1|Zarude|
|poke|p1|Jirachi|
|poke|p1|Rotom-Heat|
|poke|p1|Salamence, M|
|poke|p1|Slowbro-Galar, M|
|poke|p2|Azumarill, F|
|poke|p2|Stakataka|
|poke|p2|Zygarde-10%|
|poke|p2|Heracross, F|
|poke|p2|Azelf|
|poke|p2|Thundurus-Therian, M|
|teampreview
|inactive|Battle timer is ON: inactive players will automatically lose when time's up. (requested by UULT84z Mimil)
|inactive|AzuJ has 120 seconds left.
|
|t:|1623227962
|start
|switch|p1a: Rotom|Rotom-Heat|100/100
|switch|p2a: Heracross|Heracross, F|100/100
|turn|1
|
|t:|1623227977
|switch|p2a: Zygarde|Zygarde-10%|100/100
|-ability|p2a: Zygarde|Aura Break
|move|p1a: Rotom|Volt Switch|p2a: Zygarde
|-immune|p2a: Zygarde
|
|upkeep
|turn|2
|
|t:|1623227987
|switch|p1a: Salamence|Salamence, M|100/100
|-ability|p1a: Salamence|Intimidate|boost
|-unboost|p2a: Zygarde|atk|1
|move|p2a: Zygarde|Outrage|p1a: Salamence
|-supereffective|p1a: Salamence
|-damage|p1a: Salamence|28/100
|
|upkeep
|turn|3
|
|t:|1623227990
|switch|p1a: Jirachi|Jirachi|100/100
|move|p2a: Zygarde|Outrage|p1a: Jirachi|[from]lockedmove
|-resisted|p1a: Jirachi
|-damage|p1a: Jirachi|78/100
|
|-heal|p1a: Jirachi|85/100|[from] item: Leftovers
|upkeep
|turn|4
|
|t:|1623227994
|move|p2a: Zygarde|Outrage|p1a: Jirachi|[from]lockedmove
|-resisted|p1a: Jirachi
|-damage|p1a: Jirachi|65/100
|-start|p2a: Zygarde|confusion|[fatigue]
|move|p1a: Jirachi|Wish|p1a: Jirachi
|
|-heal|p1a: Jirachi|71/100|[from] item: Leftovers
|upkeep
|turn|5
|inactive|AzuJ has 120 seconds left.
|
|t:|1623228045
|switch|p2a: Thundurus|Thundurus-Therian, M|100/100
|move|p1a: Jirachi|U-turn|p2a: Thundurus
|-resisted|p2a: Thundurus
|-damage|p2a: Thundurus|89/100
|
|t:|1623228048
|switch|p1a: Salamence|Salamence, M|28/100|[from]move: U-turn
|-ability|p1a: Salamence|Intimidate|boost
|-unboost|p2a: Thundurus|atk|1
|
|-heal|p1a: Salamence|80/100|[from] move: Wish|[wisher] Jirachi
|upkeep
|turn|6
|
|t:|1623228061
|switch|p1a: Slowbro|Slowbro-Galar, M|100/100
|move|p2a: Thundurus|Nasty Plot|p2a: Thundurus
|-boost|p2a: Thundurus|spa|2
|
|upkeep
|turn|7
|
|t:|1623228066
|move|p2a: Thundurus|Thunderbolt|p1a: Slowbro
|-damage|p1a: Slowbro|42/100
|move|p1a: Slowbro|Sludge Bomb|p2a: Thundurus
|-damage|p2a: Thundurus|45/100
|
|upkeep
|turn|8
|
|t:|1623228073
|move|p2a: Thundurus|Thunderbolt|p1a: Slowbro
|-damage|p1a: Slowbro|0 fnt
|faint|p1a: Slowbro
|
|upkeep
|
|t:|1623228075
|switch|p1a: Zarude|Zarude|100/100
|turn|9
|
|t:|1623228080
|switch|p2a: Heracross|Heracross, F|100/100
|move|p1a: Zarude|Darkest Lariat|p2a: Heracross
|-resisted|p2a: Heracross
|-damage|p2a: Heracross|70/100
|
|-status|p2a: Heracross|brn|[from] item: Flame Orb
|upkeep
|turn|10
|inactive|AzuJ has 120 seconds left.
|
|t:|1623228099
|switch|p1a: Salamence|Salamence, M|80/100
|-ability|p1a: Salamence|Intimidate|boost
|-unboost|p2a: Heracross|atk|1
|move|p2a: Heracross|Facade|p1a: Salamence
|-damage|p1a: Salamence|46/100
|
|-damage|p2a: Heracross|64/100 brn|[from] brn
|upkeep
|turn|11
|inactive|AzuJ has 120 seconds left.
|
|t:|1623228114
|move|p2a: Heracross|Knock Off|p1a: Salamence
|-damage|p1a: Salamence|23/100
|-enditem|p1a: Salamence|Heavy-Duty Boots|[from] move: Knock Off|[of] p2a: Heracross
|move|p1a: Salamence|Roost|p1a: Salamence
|-heal|p1a: Salamence|73/100
|-singleturn|p1a: Salamence|move: Roost
|
|-damage|p2a: Heracross|58/100 brn|[from] brn
|upkeep
|turn|12
|inactive|AzuJ has 120 seconds left.
|
|t:|1623228127
|switch|p2a: Stakataka|Stakataka|100/100
|move|p1a: Salamence|Hurricane|p2a: Stakataka
|-resisted|p2a: Stakataka
|-damage|p2a: Stakataka|90/100
|
|upkeep
|turn|13
|inactive|AzuJ has 120 seconds left.
|
|t:|1623228154
|switch|p1a: Conkeldurr|Conkeldurr, M|100/100
|move|p2a: Stakataka|Heavy Slam|p1a: Conkeldurr
|-crit|p1a: Conkeldurr
|-damage|p1a: Conkeldurr|0 fnt
|faint|p1a: Conkeldurr
|-ability|p2a: Stakataka|Beast Boost|boost
|-boost|p2a: Stakataka|atk|1
|-damage|p2a: Stakataka|80/100|[from] item: Life Orb
|
|upkeep
|
|t:|1623228171
|switch|p1a: Jirachi|Jirachi|71/100
|turn|14
|
|t:|1623228178
|move|p1a: Jirachi|Iron Head|p2a: Stakataka
|-damage|p2a: Stakataka|62/100
|cant|p2a: Stakataka|flinch
|
|-heal|p1a: Jirachi|77/100|[from] item: Leftovers
|upkeep
|turn|15
|
|t:|1623228180
|move|p1a: Jirachi|U-turn|p2a: Stakataka
|-resisted|p2a: Stakataka
|-damage|p2a: Stakataka|57/100
|
|t:|1623228182
|switch|p1a: Rotom|Rotom-Heat|100/100|[from]move: U-turn
|move|p2a: Stakataka|Trick Room|p2a: Stakataka
|-fieldstart|move: Trick Room|[of] p2a: Stakataka
|
|upkeep
|turn|16
|
|t:|1623228187
|switch|p1a: Jirachi|Jirachi|77/100
|move|p2a: Stakataka|Stone Edge|p1a: Jirachi
|-resisted|p1a: Jirachi
|-damage|p1a: Jirachi|33/100
|-damage|p2a: Stakataka|48/100|[from] item: Life Orb
|
|-heal|p1a: Jirachi|39/100|[from] item: Leftovers
|upkeep
|turn|17
|
|t:|1623228195
|switch|p1a: Salamence|Salamence, M|73/100
|-ability|p1a: Salamence|Intimidate|boost
|-unboost|p2a: Stakataka|atk|1
|move|p2a: Stakataka|Stone Edge|p1a: Salamence
|-supereffective|p1a: Salamence
|-damage|p1a: Salamence|0 fnt
|faint|p1a: Salamence
|-ability|p2a: Stakataka|Beast Boost|boost
|-boost|p2a: Stakataka|atk|1
|-damage|p2a: Stakataka|38/100|[from] item: Life Orb
|
|upkeep
|
|t:|1623228199
|switch|p1a: Zarude|Zarude|100/100
|turn|18
|
|t:|1623228207
|switch|p1a: Rotom|Rotom-Heat|100/100
|move|p2a: Stakataka|Heat Crash|p1a: Rotom
|-resisted|p1a: Rotom
|-damage|p1a: Rotom|57/100
|-damage|p2a: Stakataka|28/100|[from] item: Life Orb
|
|upkeep
|turn|19
|
|t:|1623228216
|switch|p1a: Jirachi|Jirachi|39/100
|move|p2a: Stakataka|Heat Crash|p1a: Jirachi
|-supereffective|p1a: Jirachi
|-damage|p1a: Jirachi|0 fnt
|faint|p1a: Jirachi
|-ability|p2a: Stakataka|Beast Boost|boost
|-boost|p2a: Stakataka|atk|1
|-damage|p2a: Stakataka|18/100|[from] item: Life Orb
|
|-fieldend|move: Trick Room
|upkeep
|c|☆UULT84z Mimil|gg for the crit
|c|☆UULT84z Mimil|u was better
|-message|UULT84z Mimil forfeited.
|
|win|AzuJ
|raw|UULT84z Mimil's rating: 1503 &rarr; <strong>1484</strong><br />(-19 for losing)
|raw|AzuJ's rating: 1516 &rarr; <strong>1535</strong><br />(+19 for winning)
|l|☆UULT84z Mimil
|c|☆AzuJ|gg
|j| Rinnegan frs
|l|☆AzuJ
