|raw|<div class="broadcast-blue"><strong>This battle is required to be public due to a player having a name starting with 'uult91w'.</div>
|j|☆UULT91w udon
|j|☆uult91w mush
|t:|1651891031
|gametype|singles
|player|p1|UULT91w udon|dawn|1582
|player|p2|uult91w mush|adaman|1478
|teamsize|p1|6
|teamsize|p2|6
|gen|8
|tier|[Gen 8] UU
|rated|
|rule|Sleep Clause Mod: Limit one foe put to sleep
|rule|Species Clause: Limit one of each Pokémon
|rule|OHKO Clause: OHKO moves are banned
|rule|Evasion Moves Clause: Evasion moves are banned
|rule|Endless Battle Clause: Forcing endless battles is banned
|rule|HP Percentage Mod: HP is shown in percentages
|rule|Dynamax Clause: You cannot dynamax
|clearpoke
|poke|p1|Hydreigon, F|
|poke|p1|Cobalion|
|poke|p1|Azumarill, M|
|poke|p1|Tangrowth, M|
|poke|p1|Moltres|
|poke|p1|Aegislash, M|
|poke|p2|Diggersby, F|
|poke|p2|Aegislash, M|
|poke|p2|Keldeo-Resolute|
|poke|p2|Skarmory, M|
|poke|p2|Tangrowth, F|
|poke|p2|Nihilego|
|teampreview
|c|☆uult91w mush|hf
|c|☆UULT91w udon|U2
|inactive|Battle timer is ON: inactive players will automatically lose when time's up. (requested by UULT91w udon)
|j| UULT91w cry
|
|t:|1651891060
|start
|switch|p1a: Cobalion|Cobalion|100/100
|switch|p2a: Tangrowth|Tangrowth, F|100/100
|turn|1
|
|t:|1651891069
|switch|p2a: Diggersby|Diggersby, F|100/100
|move|p1a: Cobalion|Stealth Rock|p2a: Diggersby
|-sidestart|p2: uult91w mush|move: Stealth Rock
|
|upkeep
|turn|2
|
|t:|1651891088
|move|p2a: Diggersby|U-turn|p1a: Cobalion
|-resisted|p1a: Cobalion
|-damage|p1a: Cobalion|94/100
|-damage|p2a: Diggersby|84/100|[from] item: Rocky Helmet|[of] p1a: Cobalion
|
|t:|1651891091
|switch|p2a: Skarmory|Skarmory, M|100/100|[from]move: U-turn
|-damage|p2a: Skarmory|88/100|[from] Stealth Rock
|move|p1a: Cobalion|Volt Switch|p2a: Skarmory
|-supereffective|p2a: Skarmory
|-damage|p2a: Skarmory|54/100
|
|t:|1651891098
|switch|p1a: Hydreigon|Hydreigon, F|100/100|[from]move: Volt Switch
|
|upkeep
|turn|3
|
|t:|1651891105
|switch|p2a: Nihilego|Nihilego|100/100
|-damage|p2a: Nihilego|88/100|[from] Stealth Rock
|move|p1a: Hydreigon|Draco Meteor|p2a: Nihilego
|-damage|p2a: Nihilego|16/100
|-unboost|p1a: Hydreigon|spa|2
|
|-heal|p2a: Nihilego|22/100|[from] item: Black Sludge
|upkeep
|turn|4
|
|t:|1651891114
|switch|p1a: Cobalion|Cobalion|94/100
|move|p2a: Nihilego|Stealth Rock|p1a: Cobalion
|-sidestart|p1: UULT91w udon|move: Stealth Rock
|
|-heal|p2a: Nihilego|28/100|[from] item: Black Sludge
|upkeep
|turn|5
|j| Beka
|
|t:|1651891126
|switch|p2a: Tangrowth|Tangrowth, F|100/100
|-damage|p2a: Tangrowth|88/100|[from] Stealth Rock
|move|p1a: Cobalion|Volt Switch|p2a: Tangrowth
|-resisted|p2a: Tangrowth
|-damage|p2a: Tangrowth|83/100
|
|t:|1651891138
|switch|p1a: Moltres|Moltres|100/100|[from]move: Volt Switch
|
|upkeep
|turn|6
|
|t:|1651891147
|move|p1a: Moltres|Overheat|p2a: Tangrowth
|-supereffective|p2a: Tangrowth
|-damage|p2a: Tangrowth|0 fnt
|-unboost|p1a: Moltres|spa|2
|faint|p2a: Tangrowth
|
|upkeep
|
|t:|1651891151
|switch|p2a: Keldeo|Keldeo-Resolute|100/100
|-damage|p2a: Keldeo|94/100|[from] Stealth Rock
|turn|7
|
|t:|1651891155
|switch|p1a: Tangrowth|Tangrowth, M|100/100
|-damage|p1a: Tangrowth|88/100|[from] Stealth Rock
|move|p2a: Keldeo|Secret Sword|p1a: Tangrowth
|-damage|p1a: Tangrowth|41/100
|
|upkeep
|turn|8
|
|t:|1651891162
|switch|p2a: Diggersby|Diggersby, F|84/100
|-damage|p2a: Diggersby|78/100|[from] Stealth Rock
|switch|p1a: Aegislash|Aegislash, M|100/100
|-damage|p1a: Aegislash|94/100|[from] Stealth Rock
|
|upkeep
|turn|9
|
|t:|1651891172
|switch|p2a: Keldeo|Keldeo-Resolute|94/100
|-damage|p2a: Keldeo|88/100|[from] Stealth Rock
|switch|p1a: Moltres|Moltres|100/100
|
|upkeep
|turn|10
|
|t:|1651891178
|switch|p1a: Tangrowth|Tangrowth, M|75/100
|-damage|p1a: Tangrowth|62/100|[from] Stealth Rock
|move|p2a: Keldeo|Surf|p1a: Tangrowth
|-resisted|p1a: Tangrowth
|-damage|p1a: Tangrowth|39/100
|
|upkeep
|turn|11
|
|t:|1651891193
|switch|p2a: Skarmory|Skarmory, M|54/100
|-damage|p2a: Skarmory|42/100|[from] Stealth Rock
|move|p1a: Tangrowth|Knock Off|p2a: Skarmory
|-damage|p2a: Skarmory|29/100
|-damage|p1a: Tangrowth|23/100|[from] item: Rocky Helmet|[of] p2a: Skarmory
|-enditem|p2a: Skarmory|Rocky Helmet|[from] move: Knock Off|[of] p1a: Tangrowth
|
|upkeep
|turn|12
|
|t:|1651891199
|switch|p1a: Moltres|Moltres|100/100
|move|p2a: Skarmory|Spikes|p1a: Moltres
|-sidestart|p1: UULT91w udon|Spikes
|
|upkeep
|turn|13
|
|t:|1651891204
|switch|p2a: Nihilego|Nihilego|28/100
|-damage|p2a: Nihilego|16/100|[from] Stealth Rock
|move|p1a: Moltres|Defog|p2a: Nihilego
|-unboost|p2a: Nihilego|evasion|1
|-sideend|p2: uult91w mush|Stealth Rock|[from] move: Defog|[of] p1a: Moltres
|-sideend|p1: UULT91w udon|Spikes|[from] move: Defog|[of] p1a: Moltres
|-sideend|p1: UULT91w udon|Stealth Rock|[from] move: Defog|[of] p1a: Moltres
|
|-heal|p2a: Nihilego|22/100|[from] item: Black Sludge
|upkeep
|turn|14
|
|t:|1651891213
|move|p2a: Nihilego|Stealth Rock|p1a: Moltres
|-sidestart|p1: UULT91w udon|move: Stealth Rock
|move|p1a: Moltres|Overheat|p2a: Nihilego
|-resisted|p2a: Nihilego
|-damage|p2a: Nihilego|0 fnt
|-unboost|p1a: Moltres|spa|2
|faint|p2a: Nihilego
|
|upkeep
|
|t:|1651891215
|switch|p2a: Keldeo|Keldeo-Resolute|88/100
|turn|15
|
|t:|1651891242
|switch|p2a: Aegislash|Aegislash, M|100/100
|switch|p1a: Cobalion|Cobalion|94/100
|-damage|p1a: Cobalion|91/100|[from] Stealth Rock
|
|upkeep
|turn|16
|
|t:|1651891254
|move|p1a: Cobalion|Volt Switch|p2a: Aegislash
|-damage|p2a: Aegislash|89/100
|
|t:|1651891256
|switch|p1a: Moltres|Moltres|100/100|[from]move: Volt Switch
|move|p2a: Aegislash|Substitute|p2a: Aegislash
|-start|p2a: Aegislash|Substitute
|-damage|p2a: Aegislash|64/100
|
|-heal|p2a: Aegislash|70/100|[from] item: Leftovers
|upkeep
|turn|17
|
|t:|1651891263
|move|p2a: Aegislash|King's Shield|p2a: Aegislash
|-singleturn|p2a: Aegislash|Protect
|move|p1a: Moltres|Defog|p2a: Aegislash
|-sideend|p1: UULT91w udon|Stealth Rock|[from] move: Defog|[of] p1a: Moltres
|
|-heal|p2a: Aegislash|76/100|[from] item: Leftovers
|upkeep
|turn|18
|
|t:|1651891274
|move|p1a: Moltres|Overheat|p2a: Aegislash
|-supereffective|p2a: Aegislash
|-end|p2a: Aegislash|Substitute
|-unboost|p1a: Moltres|spa|2
|move|p2a: Aegislash|Toxic|p1a: Moltres
|-status|p1a: Moltres|tox
|
|-heal|p2a: Aegislash|82/100|[from] item: Leftovers
|-damage|p1a: Moltres|94/100 tox|[from] psn
|upkeep
|turn|19
|
|t:|1651891278
|switch|p1a: Hydreigon|Hydreigon, F|100/100
|move|p2a: Aegislash|Substitute|p2a: Aegislash
|-start|p2a: Aegislash|Substitute
|-damage|p2a: Aegislash|57/100
|
|-heal|p2a: Aegislash|63/100|[from] item: Leftovers
|upkeep
|turn|20
|
|t:|1651891283
|move|p2a: Aegislash|King's Shield|p2a: Aegislash
|-singleturn|p2a: Aegislash|Protect
|move|p1a: Hydreigon|Dark Pulse|p2a: Aegislash
|-activate|p2a: Aegislash|move: Protect
|
|-heal|p2a: Aegislash|70/100|[from] item: Leftovers
|upkeep
|turn|21
|
|t:|1651891286
|move|p1a: Hydreigon|Dark Pulse|p2a: Aegislash
|-supereffective|p2a: Aegislash
|-end|p2a: Aegislash|Substitute
|move|p2a: Aegislash|Toxic|p1a: Hydreigon
|-status|p1a: Hydreigon|tox
|
|-heal|p2a: Aegislash|76/100|[from] item: Leftovers
|-damage|p1a: Hydreigon|95/100 tox|[from] psn
|upkeep
|turn|22
|
|t:|1651891288
|move|p2a: Aegislash|King's Shield|p2a: Aegislash
|-singleturn|p2a: Aegislash|Protect
|move|p1a: Hydreigon|Dark Pulse|p2a: Aegislash
|-activate|p2a: Aegislash|move: Protect
|
|-heal|p2a: Aegislash|82/100|[from] item: Leftovers
|-damage|p1a: Hydreigon|83/100 tox|[from] psn
|upkeep
|turn|23
|
|t:|1651891299
|switch|p1a: Azumarill|Azumarill, M|100/100
|switch|p2a: Keldeo|Keldeo-Resolute|88/100
|
|upkeep
|turn|24
|
|t:|1651891316
|switch|p2a: Aegislash|Aegislash, M|82/100
|move|p1a: Azumarill|Liquidation|p2a: Aegislash
|-damage|p2a: Aegislash|10/100
|
|-heal|p2a: Aegislash|16/100|[from] item: Leftovers
|upkeep
|turn|25
|inactive|UULT91w udon has 120 seconds left.
|
|t:|1651891347
|move|p2a: Aegislash|King's Shield|p2a: Aegislash
|-singleturn|p2a: Aegislash|Protect
|move|p1a: Azumarill|Liquidation|p2a: Aegislash
|-activate|p2a: Aegislash|move: Protect
|-unboost|p1a: Azumarill|atk|1
|
|-heal|p2a: Aegislash|23/100|[from] item: Leftovers
|upkeep
|turn|26
|
|t:|1651891350
|switch|p2a: Keldeo|Keldeo-Resolute|88/100
|move|p1a: Azumarill|Liquidation|p2a: Keldeo
|-resisted|p2a: Keldeo
|-damage|p2a: Keldeo|59/100
|
|upkeep
|turn|27
|
|t:|1651891361
|switch|p2a: Aegislash|Aegislash, M|23/100
|move|p1a: Azumarill|Liquidation|p2a: Aegislash
|-damage|p2a: Aegislash|0 fnt
|faint|p2a: Aegislash
|
|upkeep
|c|☆uult91w mush|gg
|-message|uult91w mush forfeited.
|
|win|UULT91w udon
|raw|UULT91w udon's rating: 1582 &rarr; <strong>1596</strong><br />(+14 for winning)
|raw|uult91w mush's rating: 1478 &rarr; <strong>1464</strong><br />(-14 for losing)
|l|☆uult91w mush
|c|☆UULT91w udon|gg
|l| Beka
||Ladder isn't responding, score probably updated but might not have (Request timeout).
