|raw|<div class="broadcast-blue"><strong>This battle is required to be public due to a player having a name starting with 'UULT82n'.</div>
|j|☆Valiant Hearts
|j|☆UULT82n Monke
|t:|1622047957
|gametype|singles
|player|p1|Valiant Hearts|psychic-gen3|1567
|player|p2|UULT82n Monke|bruno|1506
|teamsize|p1|6
|teamsize|p2|6
|gen|8
|tier|[Gen 8] UU
|rated|
|rule|Sleep Clause Mod: Limit one foe put to sleep
|rule|Species Clause: Limit one of each Pokémon
|rule|OHKO Clause: OHKO moves are banned
|rule|Evasion Moves Clause: Evasion moves are banned
|rule|Endless Battle Clause: Forcing endless battles is banned
|rule|HP Percentage Mod: HP is shown in percentages
|rule|Dynamax Clause: You cannot dynamax
|clearpoke
|poke|p1|Thundurus, M|
|poke|p1|Sylveon, F|
|poke|p1|Seismitoad, M|
|poke|p1|Roserade, M|
|poke|p1|Moltres-Galar|
|poke|p1|Jirachi|
|poke|p2|Ribombee, F|
|poke|p2|Necrozma|
|poke|p2|Azelf|
|poke|p2|Thundurus-Therian, M|
|poke|p2|Diggersby, F|
|poke|p2|Aegislash, M|
|teampreview
|inactive|Battle timer is ON: inactive players will automatically lose when time's up. (requested by UULT82n Monke)
|
|t:|1622047971
|start
|switch|p1a: Jirachi|Jirachi|100/100
|switch|p2a: Ribombee|Ribombee, F|100/100
|turn|1
|
|t:|1622047974
|move|p1a: Jirachi|Iron Head|p2a: Ribombee
|-supereffective|p2a: Ribombee
|-enditem|p2a: Ribombee|Focus Sash
|-damage|p2a: Ribombee|1/100
|move|p2a: Ribombee|Sticky Web|p1a: Jirachi
|-sidestart|p1: Valiant Hearts|move: Sticky Web
|
|upkeep
|turn|2
|
|t:|1622047978
|move|p1a: Jirachi|Iron Head|p2a: Ribombee
|-supereffective|p2a: Ribombee
|-damage|p2a: Ribombee|0 fnt
|faint|p2a: Ribombee
|
|upkeep
|
|t:|1622047983
|switch|p2a: Thundurus|Thundurus-Therian, M|100/100
|turn|3
|
|t:|1622047987
|switch|p1a: Seismitoad|Seismitoad, M|100/100
|-activate|p1a: Seismitoad|move: Sticky Web
|-unboost|p1a: Seismitoad|spe|1
|move|p2a: Thundurus|Nasty Plot|p2a: Thundurus
|-boost|p2a: Thundurus|spa|2
|
|upkeep
|turn|4
|
|t:|1622047992
|move|p2a: Thundurus|Psychic|p1a: Seismitoad
|-damage|p1a: Seismitoad|28/100
|move|p1a: Seismitoad|Scald|p2a: Thundurus
|-damage|p2a: Thundurus|69/100
|
|-heal|p1a: Seismitoad|34/100|[from] item: Leftovers
|upkeep
|turn|5
|
|t:|1622048016
|switch|p1a: Jirachi|Jirachi|100/100
|-activate|p1a: Jirachi|move: Sticky Web
|-unboost|p1a: Jirachi|spe|1
|move|p2a: Thundurus|Psychic|p1a: Jirachi
|-resisted|p1a: Jirachi
|-damage|p1a: Jirachi|83/100
|
|upkeep
|turn|6
|j| use zygod
|
|t:|1622048023
|move|p2a: Thundurus|Thunderbolt|p1a: Jirachi
|-damage|p1a: Jirachi|0 fnt
|faint|p1a: Jirachi
|
|upkeep
|
|t:|1622048033
|switch|p1a: Thundurus|Thundurus, M|100/100
|turn|7
|
|t:|1622048041
|move|p1a: Thundurus|U-turn|p2a: Thundurus
|-resisted|p2a: Thundurus
|-damage|p2a: Thundurus|56/100
|
|t:|1622048043
|switch|p1a: Seismitoad|Seismitoad, M|34/100|[from]move: U-turn
|-activate|p1a: Seismitoad|move: Sticky Web
|-unboost|p1a: Seismitoad|spe|1
|move|p2a: Thundurus|Thunderbolt|p1a: Seismitoad
|-immune|p1a: Seismitoad
|
|-heal|p1a: Seismitoad|40/100|[from] item: Leftovers
|upkeep
|turn|8
|
|t:|1622048046
|move|p2a: Thundurus|Psychic|p1a: Seismitoad
|-damage|p1a: Seismitoad|0 fnt
|faint|p1a: Seismitoad
|
|upkeep
|
|t:|1622048049
|switch|p1a: Thundurus|Thundurus, M|100/100
|turn|9
|
|t:|1622048051
|move|p1a: Thundurus|Knock Off|p2a: Thundurus
|-damage|p2a: Thundurus|15/100
|-enditem|p2a: Thundurus|Heavy-Duty Boots|[from] move: Knock Off|[of] p1a: Thundurus
|move|p2a: Thundurus|Thunderbolt|p1a: Thundurus
|-damage|p1a: Thundurus|0 fnt
|faint|p1a: Thundurus
|
|upkeep
|
|t:|1622048054
|switch|p1a: Sylveon|Sylveon, F|100/100
|turn|10
|
|t:|1622048063
|move|p2a: Thundurus|Thunderbolt|p1a: Sylveon
|-crit|p1a: Sylveon
|-damage|p1a: Sylveon|0 fnt
|faint|p1a: Sylveon
|
|upkeep
|-message|Valiant Hearts forfeited.
|
|win|UULT82n Monke
|l|☆Valiant Hearts
|raw|Valiant Hearts's rating: 1567 &rarr; <strong>1542</strong><br />(-25 for losing)
|raw|UULT82n Monke's rating: 1480 &rarr; <strong>1505</strong><br />(+25 for winning)
|l|☆UULT82n Monke
|l| use zygod
||Ladder isn't responding, score probably updated but might not have (Request timeout).
|j| Zenin Maki
|j| 7MM
|l| 7MM
|j| UULT82n Migranha
|l| UULT82n Migranha
|l| Zenin Maki
|j| Zenin Maki
|l| Zenin Maki
|j| UULT82n ny
