|j|☆uuh4 escav
|j|☆EALP the Zorua
|player|p1|uuh4 escav|picnicker|1448
|player|p2|EALP the Zorua|acetrainer-gen4|1360
|teamsize|p1|6
|teamsize|p2|6
|gametype|singles
|gen|8
|tier|[Gen 8] UU
|rated|
|html|<div class="broadcast-blue"><strong>UU is currently suspecting Haxorus! For information on how to participate check out the <a href="https://www.smogon.com/forums/threads/3664575/">suspect thread</a>.</strong></div>
|clearpoke
|poke|p1|Reuniclus, F|
|poke|p1|Escavalier, M|
|poke|p1|Incineroar, F|
|poke|p1|Sylveon, M|
|poke|p1|Roserade, F|
|poke|p1|Noivern, F|
|poke|p2|Rotom-Fan|
|poke|p2|Golisopod, M|
|poke|p2|Drampa, M|
|poke|p2|Rhyperior, M|
|poke|p2|Doublade, F|
|poke|p2|Roserade, F|
|rule|Sleep Clause Mod: Limit one foe put to sleep
|rule|Species Clause: Limit one of each Pokémon
|rule|OHKO Clause: OHKO moves are banned
|rule|Evasion Moves Clause: Evasion moves are banned
|rule|Endless Battle Clause: Forcing endless battles is banned
|rule|HP Percentage Mod: HP is shown in percentages
|rule|Dynamax Clause: You cannot dynamax
|teampreview
|inactive|Battle timer is ON: inactive players will automatically lose when time's up. (requested by uuh4 escav)
|
|start
|switch|p1a: Reuniclus|Reuniclus, F|100/100
|switch|p2a: Palmer|Rhyperior, M, shiny|100/100
|turn|1
|
|move|p2a: Palmer|Stealth Rock|p1a: Reuniclus
|-sidestart|p1: uuh4 escav|move: Stealth Rock
|move|p1a: Reuniclus|Future Sight|p2a: Palmer
|-start|p1a: Reuniclus|move: Future Sight
|
|upkeep
|turn|2
|
|move|p2a: Palmer|Rock Blast|p1a: Reuniclus
|-damage|p1a: Reuniclus|85/100
|-damage|p1a: Reuniclus|69/100
|-damage|p1a: Reuniclus|54/100
|-hitcount|p1a: Reuniclus|3
|move|p1a: Reuniclus|Psychic|p2a: Palmer
|-damage|p2a: Palmer|38/100
|
|-heal|p2a: Palmer|44/100|[from] item: Leftovers
|upkeep
|turn|3
|
|switch|p2a: Homura|Doublade, F, shiny|100/100
|switch|p1a: Sylveon|Sylveon, M|100/100
|
|-end|p2a: Homura|move: Future Sight
|-resisted|p2a: Homura
|-damage|p2a: Homura|63/100
|upkeep
|turn|4
|
|switch|p1a: Escavalier|Escavalier, M|100/100
|-damage|p1a: Escavalier|88/100|[from] Stealth Rock
|move|p2a: Homura|Close Combat|p1a: Escavalier
|-damage|p1a: Escavalier|53/100
|-unboost|p2a: Homura|def|1
|-unboost|p2a: Homura|spd|1
|
|-heal|p1a: Escavalier|59/100|[from] item: Leftovers
|upkeep
|turn|5
|
|switch|p2a: Big Fan!|Rotom-Fan|100/100
|move|p1a: Escavalier|Knock Off|p2a: Big Fan!
|-damage|p2a: Big Fan!|56/100
|-enditem|p2a: Big Fan!|Heavy-Duty Boots|[from] move: Knock Off|[of] p1a: Escavalier
|
|-heal|p1a: Escavalier|65/100|[from] item: Leftovers
|upkeep
|turn|6
|
|move|p1a: Escavalier|Protect|p1a: Escavalier
|-singleturn|p1a: Escavalier|Protect
|move|p2a: Big Fan!|Thunderbolt|p1a: Escavalier
|-activate|p1a: Escavalier|move: Protect
|
|-heal|p1a: Escavalier|71/100|[from] item: Leftovers
|upkeep
|turn|7
|
|switch|p2a: Laura|Roserade, F|100/100
|switch|p1a: Noivern|Noivern, F|100/100
|
|upkeep
|turn|8
|
|switch|p2a: Homura|Doublade, F, shiny|63/100
|move|p1a: Noivern|Hurricane|p2a: Homura
|-resisted|p2a: Homura
|-damage|p2a: Homura|36/100
|
|upkeep
|turn|9
|
|move|p2a: Homura|Shadow Sneak|p1a: Noivern
|-damage|p1a: Noivern|79/100
|move|p1a: Noivern|Hurricane|p2a: Homura
|-resisted|p2a: Homura
|-damage|p2a: Homura|12/100
|
|upkeep
|turn|10
|
|move|p2a: Homura|Shadow Sneak|p1a: Noivern
|-damage|p1a: Noivern|57/100
|move|p1a: Noivern|Hurricane|p2a: Homura
|-resisted|p2a: Homura
|-damage|p2a: Homura|0 fnt
|faint|p2a: Homura
|
|upkeep
|
|switch|p2a: Big Fan!|Rotom-Fan|56/100
|turn|11
|
|move|p1a: Noivern|Roost|p1a: Noivern
|-heal|p1a: Noivern|100/100
|-singleturn|p1a: Noivern|move: Roost
|move|p2a: Big Fan!|Thunderbolt|p1a: Noivern
|-resisted|p1a: Noivern
|-damage|p1a: Noivern|79/100
|
|upkeep
|turn|12
|
|move|p1a: Noivern|Defog|p2a: Big Fan!
|-unboost|p2a: Big Fan!|evasion|1
|-sideend|p1: uuh4 escav|Stealth Rock|[from] move: Defog|[of] p1a: Noivern
|move|p2a: Big Fan!|Nasty Plot|p2a: Big Fan!
|-boost|p2a: Big Fan!|spa|2
|
|upkeep
|turn|13
|
|switch|p1a: Roserade|Roserade, F|100/100
|move|p2a: Big Fan!|Thunderbolt|p1a: Roserade
|-resisted|p1a: Roserade
|-damage|p1a: Roserade|61/100
|-status|p1a: Roserade|par
|
|-heal|p1a: Roserade|67/100 par|[from] item: Black Sludge
|upkeep
|turn|14
|
|move|p2a: Big Fan!|Hex|p1a: Roserade
|-damage|p1a: Roserade|0 fnt
|faint|p1a: Roserade
|
|upkeep
|
|switch|p1a: Reuniclus|Reuniclus, F|87/100
|turn|15
|
|move|p2a: Big Fan!|Will-O-Wisp|p1a: Reuniclus
|-status|p1a: Reuniclus|brn
|move|p1a: Reuniclus|Psychic|p2a: Big Fan!
|-damage|p2a: Big Fan!|0 fnt
|faint|p2a: Big Fan!
|
|-damage|p1a: Reuniclus|81/100 brn|[from] brn
|upkeep
|
|switch|p2a: Guzma|Golisopod, M, shiny|100/100
|turn|16
|inactive|EALP the Zorua has 120 seconds left.
|
|switch|p1a: Noivern|Noivern, F|79/100
|move|p2a: Guzma|Spikes|p1a: Noivern
|-sidestart|p1: uuh4 escav|Spikes
|
|upkeep
|turn|17
|
|switch|p2a: Palmer|Rhyperior, M, shiny|44/100
|move|p1a: Noivern|Defog|p2a: Palmer
|-unboost|p2a: Palmer|evasion|1
|-sideend|p1: uuh4 escav|Spikes|[from] move: Defog|[of] p1a: Noivern
|
|-heal|p2a: Palmer|50/100|[from] item: Leftovers
|upkeep
|turn|18
|
|switch|p1a: Sylveon|Sylveon, M|100/100
|move|p2a: Palmer|Rock Blast|p1a: Sylveon
|-damage|p1a: Sylveon|88/100
|-damage|p1a: Sylveon|76/100
|-damage|p1a: Sylveon|63/100
|-damage|p1a: Sylveon|51/100
|-damage|p1a: Sylveon|37/100
|-hitcount|p1a: Sylveon|5
|
|-heal|p2a: Palmer|57/100|[from] item: Leftovers
|upkeep
|turn|19
|inactive|EALP the Zorua has 120 seconds left.
|
|switch|p2a: Laura|Roserade, F|100/100
|move|p1a: Sylveon|Moonblast|p2a: Laura
|-resisted|p2a: Laura
|-damage|p2a: Laura|78/100
|
|upkeep
|turn|20
|
|switch|p1a: Escavalier|Escavalier, M|71/100
|move|p2a: Laura|Toxic Spikes|p1a: Escavalier
|-sidestart|p1: uuh4 escav|move: Toxic Spikes
|
|-heal|p1a: Escavalier|78/100|[from] item: Leftovers
|upkeep
|turn|21
|
|switch|p2a: Palmer|Rhyperior, M, shiny|57/100
|move|p1a: Escavalier|Knock Off|p2a: Palmer
|-damage|p2a: Palmer|31/100
|-enditem|p2a: Palmer|Leftovers|[from] move: Knock Off|[of] p1a: Escavalier
|
|-heal|p1a: Escavalier|84/100|[from] item: Leftovers
|upkeep
|turn|22
|
|move|p2a: Palmer|Rock Blast|p1a: Escavalier
|-crit|p1a: Escavalier
|-damage|p1a: Escavalier|65/100
|-damage|p1a: Escavalier|51/100
|-damage|p1a: Escavalier|39/100
|-hitcount|p1a: Escavalier|3
|move|p1a: Escavalier|Iron Head|p2a: Palmer
|-supereffective|p2a: Palmer
|-damage|p2a: Palmer|0 fnt
|faint|p2a: Palmer
|
|-heal|p1a: Escavalier|45/100|[from] item: Leftovers
|upkeep
|
|switch|p2a: Salomon|Drampa, M|100/100
|turn|23
|
|move|p1a: Escavalier|Protect|p1a: Escavalier
|-singleturn|p1a: Escavalier|Protect
|move|p2a: Salomon|Draco Meteor|p1a: Escavalier
|-activate|p1a: Escavalier|move: Protect
|
|-heal|p1a: Escavalier|51/100|[from] item: Leftovers
|upkeep
|turn|24
|
|switch|p2a: Laura|Roserade, F|78/100
|switch|p1a: Sylveon|Sylveon, M|37/100
|
|upkeep
|turn|25
|
|switch|p1a: Escavalier|Escavalier, M|51/100
|move|p2a: Laura|Giga Drain|p1a: Escavalier
|-resisted|p1a: Escavalier
|-damage|p1a: Escavalier|40/100
|-heal|p2a: Laura|85/100|[from] drain|[of] p1a: Escavalier
|-damage|p2a: Laura|75/100|[from] item: Life Orb
|
|-heal|p1a: Escavalier|46/100|[from] item: Leftovers
|upkeep
|turn|26
|
|switch|p2a: Guzma|Golisopod, M, shiny|100/100
|move|p1a: Escavalier|Knock Off|p2a: Guzma
|-damage|p2a: Guzma|72/100
|-enditem|p2a: Guzma|Heavy-Duty Boots|[from] move: Knock Off|[of] p1a: Escavalier
|
|-heal|p1a: Escavalier|52/100|[from] item: Leftovers
|upkeep
|turn|27
|
|move|p1a: Escavalier|Protect|p1a: Escavalier
|-singleturn|p1a: Escavalier|Protect
|move|p2a: Guzma|Liquidation|p1a: Escavalier
|-activate|p1a: Escavalier|move: Protect
|
|-heal|p1a: Escavalier|58/100|[from] item: Leftovers
|upkeep
|turn|28
|
|switch|p1a: Noivern|Noivern, F|79/100
|move|p2a: Guzma|Liquidation|p1a: Noivern
|-resisted|p1a: Noivern
|-damage|p1a: Noivern|50/100
|
|upkeep
|turn|29
|
|move|p1a: Noivern|Defog|p2a: Guzma
|-unboost|p2a: Guzma|evasion|1
|-sideend|p1: uuh4 escav|Toxic Spikes|[from] move: Defog|[of] p1a: Noivern
|move|p2a: Guzma|Leech Life|p1a: Noivern
|-resisted|p1a: Noivern
|-damage|p1a: Noivern|27/100
|-heal|p2a: Guzma|86/100|[from] drain|[of] p1a: Noivern
|
|upkeep
|turn|30
|
|switch|p2a: Laura|Roserade, F|75/100
|move|p1a: Noivern|Roost|p1a: Noivern
|-heal|p1a: Noivern|77/100
|-singleturn|p1a: Noivern|move: Roost
|
|upkeep
|turn|31
|
|move|p1a: Noivern|Hurricane|p2a: Laura|[miss]
|-miss|p1a: Noivern|p2a: Laura
|move|p2a: Laura|Sludge Bomb|p1a: Noivern
|-damage|p1a: Noivern|6/100
|-damage|p2a: Laura|65/100|[from] item: Life Orb
|
|upkeep
|turn|32
|
|move|p1a: Noivern|Hurricane|p2a: Laura
|-supereffective|p2a: Laura
|-damage|p2a: Laura|0 fnt
|faint|p2a: Laura
|
|upkeep
|
|switch|p2a: Guzma|Golisopod, M, shiny|86/100
|turn|33
|j| asmirnov
|
|switch|p1a: Sylveon|Sylveon, M|37/100
|move|p2a: Guzma|First Impression|p1a: Sylveon
|-resisted|p1a: Sylveon
|-damage|p1a: Sylveon|18/100
|
|upkeep
|turn|34
|
|move|p1a: Sylveon|Wish|p1a: Sylveon
|move|p2a: Guzma|Liquidation|p1a: Sylveon
|-damage|p1a: Sylveon|0 fnt
|faint|p1a: Sylveon
|
|upkeep
|
|switch|p1a: Noivern|Noivern, F|6/100
|turn|35
|
|move|p1a: Noivern|Roost|p1a: Noivern
|-heal|p1a: Noivern|56/100
|-singleturn|p1a: Noivern|move: Roost
|move|p2a: Guzma|Leech Life|p1a: Noivern
|-crit|p1a: Noivern
|-damage|p1a: Noivern|0 fnt
|-heal|p2a: Guzma|100/100|[from] drain|[of] p1a: Noivern
|faint|p1a: Noivern
|
|upkeep
|
|switch|p1a: Reuniclus|Reuniclus, F|100/100 brn
|turn|36
|
|move|p2a: Guzma|Spikes|p1a: Reuniclus
|-sidestart|p1: uuh4 escav|Spikes
|move|p1a: Reuniclus|Future Sight|p2a: Guzma
|-start|p1a: Reuniclus|move: Future Sight
|
|-damage|p1a: Reuniclus|94/100 brn|[from] brn
|upkeep
|turn|37
|
|move|p2a: Guzma|Leech Life|p1a: Reuniclus
|-supereffective|p1a: Reuniclus
|-damage|p1a: Reuniclus|0 fnt
|faint|p1a: Reuniclus
|
|upkeep
|
|switch|p1a: Escavalier|Escavalier, M|58/100
|-damage|p1a: Escavalier|46/100|[from] Spikes
|turn|38
|
|move|p1a: Escavalier|Protect|p1a: Escavalier
|-singleturn|p1a: Escavalier|Protect
|move|p2a: Guzma|Liquidation|p1a: Escavalier
|-activate|p1a: Escavalier|move: Protect
|
|-end|p2a: Guzma|move: Future Sight
|-damage|p2a: Guzma|31/100
|-activate|p2a: Guzma|ability: Emergency Exit
|-heal|p1a: Escavalier|52/100|[from] item: Leftovers
|upkeep
|
|switch|p2a: Salomon|Drampa, M|100/100
|turn|39
|
|move|p2a: Salomon|Fire Blast|p1a: Escavalier
|-supereffective|p1a: Escavalier
|-damage|p1a: Escavalier|0 fnt
|faint|p1a: Escavalier
|
|upkeep
|
|switch|p1a: Incineroar|Incineroar, F|100/100
|-ability|p1a: Incineroar|Intimidate|boost
|-unboost|p2a: Salomon|atk|1
|turn|40
|
|switch|p2a: Guzma|Golisopod, M, shiny|31/100
|move|p1a: Incineroar|Close Combat|p2a: Guzma
|-resisted|p2a: Guzma
|-damage|p2a: Guzma|16/100
|-unboost|p1a: Incineroar|def|1
|-unboost|p1a: Incineroar|spd|1
|
|upkeep
|turn|41
|
|move|p2a: Guzma|First Impression|p1a: Incineroar
|-damage|p1a: Incineroar|26/100
|move|p1a: Incineroar|Knock Off|p2a: Guzma
|-damage|p2a: Guzma|0 fnt
|faint|p2a: Guzma
|
|upkeep
|
|switch|p2a: Salomon|Drampa, M|100/100
|turn|42
|
|move|p1a: Incineroar|Close Combat|p2a: Salomon
|-supereffective|p2a: Salomon
|-damage|p2a: Salomon|13/100
|-unboost|p1a: Incineroar|def|1
|-unboost|p1a: Incineroar|spd|1
|move|p2a: Salomon|Hyper Voice|p1a: Incineroar
|-damage|p1a: Incineroar|0 fnt
|faint|p1a: Incineroar
|
|win|EALP the Zorua
|l|☆uuh4 escav
