|j|☆Conkeldonk
|j|☆LolzMachine
|t:|1610650325
|player|p1|Conkeldonk|1|1498
|player|p2|LolzMachine|294|1655
|teamsize|p1|6
|teamsize|p2|6
|gametype|singles
|gen|8
|tier|[Gen 8] UU
|rated|
|clearpoke
|poke|p1|Conkeldurr, F|
|poke|p1|Azumarill, F|
|poke|p1|Nidoqueen, F|
|poke|p1|Latias, F|
|poke|p1|Moltres-Galar|
|poke|p1|Rotom-Heat|
|poke|p2|Regidrago|
|poke|p2|Araquanid, M|
|poke|p2|Nidoqueen, F|
|poke|p2|Moltres-Galar|
|poke|p2|Mimikyu, F|
|poke|p2|Bisharp, M|
|rule|Sleep Clause Mod: Limit one foe put to sleep
|rule|Species Clause: Limit one of each Pokémon
|rule|OHKO Clause: OHKO moves are banned
|rule|Evasion Moves Clause: Evasion moves are banned
|rule|Endless Battle Clause: Forcing endless battles is banned
|rule|HP Percentage Mod: HP is shown in percentages
|rule|Dynamax Clause: You cannot dynamax
|teampreview
|
|t:|1610650359
|start
|switch|p1a: Moltres|Moltres-Galar|100/100
|switch|p2a: Araquanid|Araquanid, M|100/100
|turn|1
|
|t:|1610650364
|move|p1a: Moltres|Air Slash|p2a: Araquanid
|-supereffective|p2a: Araquanid
|-crit|p2a: Araquanid
|-damage|p2a: Araquanid|20/100
|move|p2a: Araquanid|Liquidation|p1a: Moltres
|-damage|p1a: Moltres|39/100
|-ability|p1a: Moltres|Berserk|boost
|-boost|p1a: Moltres|spa|1
|
|upkeep
|turn|2
|
|t:|1610650372
|move|p1a: Moltres|Air Slash|p2a: Araquanid
|-supereffective|p2a: Araquanid
|-damage|p2a: Araquanid|0 fnt
|faint|p2a: Araquanid
|
|upkeep
|
|t:|1610650378
|switch|p2a: Moltres|Moltres-Galar|100/100
|turn|3
|
|t:|1610650389
|move|p1a: Moltres|Air Slash|p2a: Moltres|[miss]
|-miss|p1a: Moltres|p2a: Moltres
|move|p2a: Moltres|Agility|p2a: Moltres
|-boost|p2a: Moltres|spe|2
|
|upkeep
|turn|4
|
|t:|1610650410
|move|p2a: Moltres|Air Slash|p1a: Moltres
|-damage|p1a: Moltres|14/100
|move|p1a: Moltres|Air Slash|p2a: Moltres
|-damage|p2a: Moltres|68/100
|
|upkeep
|turn|5
|
|t:|1610650421
|move|p2a: Moltres|Air Slash|p1a: Moltres
|-damage|p1a: Moltres|0 fnt
|faint|p1a: Moltres
|
|upkeep
|
|t:|1610650428
|switch|p1a: Nidoqueen|Nidoqueen, F|100/100
|turn|6
|
|t:|1610650432
|move|p2a: Moltres|Fiery Wrath|p1a: Nidoqueen
|-damage|p1a: Nidoqueen|47/100
|move|p1a: Nidoqueen|Sludge Wave|p2a: Moltres
|-damage|p2a: Moltres|13/100
|
|upkeep
|turn|7
|
|t:|1610650443
|switch|p1a: Conkeldurr|Conkeldurr, F|100/100
|move|p2a: Moltres|Air Slash|p1a: Conkeldurr
|-supereffective|p1a: Conkeldurr
|-damage|p1a: Conkeldurr|56/100
|
|upkeep
|turn|8
|
|t:|1610650448
|move|p1a: Conkeldurr|Mach Punch|p2a: Moltres
|-damage|p2a: Moltres|0 fnt
|faint|p2a: Moltres
|
|upkeep
|j| The Shitpoopers
|
|t:|1610650452
|switch|p2a: Mimikyu|Mimikyu, F|100/100
|turn|9
|
|t:|1610650457
|move|p2a: Mimikyu|Play Rough|p1a: Conkeldurr
|-supereffective|p1a: Conkeldurr
|-damage|p1a: Conkeldurr|0 fnt
|-damage|p2a: Mimikyu|91/100|[from] item: Life Orb
|faint|p1a: Conkeldurr
|
|upkeep
|j| CatNa9
|
|t:|1610650472
|switch|p1a: Nidoqueen|Nidoqueen, F|47/100
|turn|10
|
|t:|1610650477
|switch|p2a: Nidoqueen|Nidoqueen, F|100/100
|move|p1a: Nidoqueen|Earth Power|p2a: Nidoqueen
|-supereffective|p2a: Nidoqueen
|-damage|p2a: Nidoqueen|0 fnt
|faint|p2a: Nidoqueen
|
|upkeep
|
|t:|1610650478
|switch|p2a: Regidrago|Regidrago|100/100
|turn|11
|j| LiarFairy≧◡≦
|
|t:|1610650497
|switch|p1a: Latias|Latias, F|100/100
|move|p2a: Regidrago|Ancient Power|p1a: Latias
|-damage|p1a: Latias|77/100
|
|upkeep
|turn|12
|inactive|Battle timer is ON: inactive players will automatically lose when time's up. (requested by LolzMachine)
|
|t:|1610650511
|switch|p1a: Azumarill|Azumarill, F|100/100
|move|p2a: Regidrago|Ancient Power|p1a: Azumarill
|-damage|p1a: Azumarill|67/100
|
|upkeep
|turn|13
|
|t:|1610650517
|move|p2a: Regidrago|Ancient Power|p1a: Azumarill
|-damage|p1a: Azumarill|31/100
|move|p1a: Azumarill|Play Rough|p2a: Regidrago|[miss]
|-miss|p1a: Azumarill|p2a: Regidrago
|
|upkeep
|turn|14
|
|t:|1610650524
|switch|p1a: Nidoqueen|Nidoqueen, F|47/100
|move|p2a: Regidrago|Ancient Power|p1a: Nidoqueen
|-resisted|p1a: Nidoqueen
|-damage|p1a: Nidoqueen|31/100
|
|upkeep
|turn|15
|
|t:|1610650529
|move|p2a: Regidrago|Ancient Power|p1a: Nidoqueen
|-resisted|p1a: Nidoqueen
|-damage|p1a: Nidoqueen|14/100
|move|p1a: Nidoqueen|Stealth Rock|p2a: Regidrago
|-sidestart|p2: LolzMachine|move: Stealth Rock
|
|upkeep
|turn|16
|
|t:|1610650556
|move|p2a: Regidrago|Ancient Power|p1a: Nidoqueen
|-resisted|p1a: Nidoqueen
|-damage|p1a: Nidoqueen|0 fnt
|faint|p1a: Nidoqueen
|
|upkeep
|
|t:|1610650564
|switch|p1a: Latias|Latias, F|77/100
|turn|17
|
|t:|1610650570
|switch|p2a: Bisharp|Bisharp, M|100/100
|-damage|p2a: Bisharp|95/100|[from] Stealth Rock
|move|p1a: Latias|Draco Meteor|p2a: Bisharp
|-resisted|p2a: Bisharp
|-damage|p2a: Bisharp|40/100
|-unboost|p1a: Latias|spa|2
|
|upkeep
|turn|18
|
|t:|1610650587
|switch|p1a: Azumarill|Azumarill, F|31/100
|move|p2a: Bisharp|Knock Off|p1a: Azumarill
|-resisted|p1a: Azumarill
|-damage|p1a: Azumarill|0 fnt
|-enditem|p1a: Azumarill|Choice Band|[from] move: Knock Off|[of] p2a: Bisharp
|-damage|p2a: Bisharp|30/100|[from] item: Life Orb
|faint|p1a: Azumarill
|
|upkeep
|inactive|Conkeldonk has 120 seconds left.
|
|t:|1610650598
|switch|p1a: Rotom|Rotom-Heat|100/100
|turn|19
|
|t:|1610650601
|move|p2a: Bisharp|Sucker Punch||[still]
|-fail|p2a: Bisharp
|move|p1a: Rotom|Will-O-Wisp|p2a: Bisharp|[miss]
|-miss|p1a: Rotom|p2a: Bisharp
|
|upkeep
|turn|20
|
|t:|1610650607
|move|p2a: Bisharp|Sucker Punch|p1a: Rotom
|-damage|p1a: Rotom|63/100
|-damage|p2a: Bisharp|20/100|[from] item: Life Orb
|move|p1a: Rotom|Volt Switch|p2a: Bisharp
|-damage|p2a: Bisharp|0 fnt
|faint|p2a: Bisharp
|
|t:|1610650614
|switch|p1a: Latias|Latias, F|77/100|[from]move: Volt Switch
|
|upkeep
|
|t:|1610650616
|switch|p2a: Mimikyu|Mimikyu, F|91/100
|-damage|p2a: Mimikyu|78/100|[from] Stealth Rock
|turn|21
|j| Ocarina1114
|
|t:|1610650622
|move|p1a: Latias|Trick|p2a: Mimikyu
|-activate|p1a: Latias|move: Trick|[of] p2a: Mimikyu
|-item|p2a: Mimikyu|Choice Scarf|[from] move: Trick
|-item|p1a: Latias|Life Orb|[from] move: Trick
|move|p2a: Mimikyu|Shadow Claw|p1a: Latias
|-supereffective|p1a: Latias
|-damage|p1a: Latias|5/100
|
|upkeep
|turn|22
|l| Ocarina1114
|
|t:|1610650638
|move|p2a: Mimikyu|Shadow Claw|p1a: Latias
|-supereffective|p1a: Latias
|-damage|p1a: Latias|0 fnt
|faint|p1a: Latias
|
|upkeep
|
|t:|1610650644
|switch|p1a: Rotom|Rotom-Heat|63/100
|turn|23
|
|t:|1610650647
|move|p2a: Mimikyu|Shadow Claw|p1a: Rotom
|-damage|p1a: Rotom|39/100
|move|p1a: Rotom|Will-O-Wisp|p2a: Mimikyu
|-status|p2a: Mimikyu|brn
|
|-damage|p2a: Mimikyu|72/100 brn|[from] brn
|upkeep
|turn|24
|
|t:|1610650658
|move|p2a: Mimikyu|Shadow Claw|p1a: Rotom
|-damage|p1a: Rotom|27/100
|move|p1a: Rotom|Volt Switch|p2a: Mimikyu
|-activate|p2a: Mimikyu|ability: Disguise
|-damage|p2a: Mimikyu|72/100 brn
|detailschange|p2a: Mimikyu|Mimikyu-Busted, F
|-damage|p2a: Mimikyu|60/100 brn|[from] pokemon: Mimikyu-Busted
|
|-damage|p2a: Mimikyu|54/100 brn|[from] brn
|upkeep
|turn|25
|-message|Conkeldonk forfeited.
|
|win|LolzMachine
|l|☆Conkeldonk
|l| CatNa9
|l| The Shitpoopers
||Ladder (probably) updated, but score could not be retrieved (Request timeout).
|l| LiarFairy≧◡≦
