|j|☆Liz Angeles
|j|☆amogusroxyrrrr
|t:|1666898812
|gametype|singles
|player|p1|Liz Angeles|marley|
|player|p2|amogusroxyrrrr|saturn|
|teamsize|p1|6
|teamsize|p2|6
|gen|8
|tier|[Gen 8] UU
|rule|Sleep Clause Mod: Limit one foe put to sleep
|rule|Species Clause: Limit one of each Pokémon
|rule|OHKO Clause: OHKO moves are banned
|rule|Evasion Items Clause: Evasion items are banned
|rule|Evasion Moves Clause: Evasion moves are banned
|rule|Endless Battle Clause: Forcing endless battles is banned
|rule|HP Percentage Mod: HP is shown in percentages
|rule|Dynamax Clause: You cannot dynamax
|clearpoke
|poke|p1|Sirfetch’d, M|
|poke|p1|Sylveon, M|
|poke|p1|Salamence, F|
|poke|p1|Slowking, M|
|poke|p1|Nidoqueen, F|
|poke|p1|Zarude|
|poke|p2|Regice|
|poke|p2|Jirachi|
|poke|p2|Salamence, M|
|poke|p2|Hydreigon, F|
|poke|p2|Conkeldurr, M|
|poke|p2|Hippowdon, M|
|teampreview
|
|t:|1666898842
|start
|switch|p1a: Slowking|Slowking, M|100/100
|switch|p2a: Hydreigon|Hydreigon, F|100/100
|turn|1
|
|t:|1666898859
|move|p2a: Hydreigon|U-turn|p1a: Slowking
|-supereffective|p1a: Slowking
|-damage|p1a: Slowking|78/100
|
|t:|1666898863
|switch|p2a: Jirachi|Jirachi|100/100|[from]move: U-turn
|move|p1a: Slowking|Scald|p2a: Jirachi
|-crit|p2a: Jirachi
|-damage|p2a: Jirachi|65/100
|-status|p2a: Jirachi|brn
|
|-heal|p2a: Jirachi|71/100 brn|[from] item: Leftovers
|-heal|p1a: Slowking|84/100|[from] item: Leftovers
|-damage|p2a: Jirachi|65/100 brn|[from] brn
|upkeep
|turn|2
|
|t:|1666898877
|switch|p1a: Salamence|Salamence, F|100/100
|-ability|p1a: Salamence|Intimidate|boost
|-unboost|p2a: Jirachi|atk|1
|move|p2a: Jirachi|Wish|p2a: Jirachi
|
|-heal|p2a: Jirachi|71/100 brn|[from] item: Leftovers
|-damage|p2a: Jirachi|65/100 brn|[from] brn
|upkeep
|turn|3
|
|t:|1666898886
|switch|p1a: Nidoqueen|Nidoqueen, F|100/100
|move|p2a: Jirachi|U-turn|p1a: Nidoqueen
|-resisted|p1a: Nidoqueen
|-damage|p1a: Nidoqueen|97/100
|
|t:|1666898889
|switch|p2a: Hippowdon|Hippowdon, M|100/100|[from]move: U-turn
|-weather|Sandstorm|[from] ability: Sand Stream|[of] p2a: Hippowdon
|
|-weather|Sandstorm|[upkeep]
|upkeep
|turn|4
|c|☆amogusroxyrrrr|dont ice beam me i know you have it
|
|t:|1666898911
|switch|p1a: Slowking|Slowking, M|100/100
|move|p2a: Hippowdon|Earthquake|p1a: Slowking
|-damage|p1a: Slowking|75/100
|
|-weather|Sandstorm|[upkeep]
|-damage|p1a: Slowking|69/100|[from] Sandstorm
|-heal|p1a: Slowking|75/100|[from] item: Leftovers
|upkeep
|turn|5
|
|t:|1666898926
|move|p2a: Hippowdon|Toxic|p1a: Slowking
|-status|p1a: Slowking|tox
|move|p1a: Slowking|Scald|p2a: Hippowdon
|-supereffective|p2a: Hippowdon
|-damage|p2a: Hippowdon|55/100
|-status|p2a: Hippowdon|brn
|
|-weather|Sandstorm|[upkeep]
|-damage|p1a: Slowking|69/100 tox|[from] Sandstorm
|-heal|p2a: Hippowdon|61/100 brn|[from] item: Leftovers
|-heal|p1a: Slowking|75/100 tox|[from] item: Leftovers
|-damage|p1a: Slowking|69/100 tox|[from] psn
|-damage|p2a: Hippowdon|55/100 brn|[from] brn
|upkeep
|turn|6
|
|t:|1666898934
|move|p2a: Hippowdon|Slack Off|p2a: Hippowdon
|-heal|p2a: Hippowdon|100/100 brn
|move|p1a: Slowking|Scald|p2a: Hippowdon
|-supereffective|p2a: Hippowdon
|-damage|p2a: Hippowdon|58/100 brn
|
|-weather|Sandstorm|[upkeep]
|-damage|p1a: Slowking|63/100 tox|[from] Sandstorm
|-heal|p2a: Hippowdon|64/100 brn|[from] item: Leftovers
|-heal|p1a: Slowking|69/100 tox|[from] item: Leftovers
|-damage|p1a: Slowking|57/100 tox|[from] psn
|-damage|p2a: Hippowdon|58/100 brn|[from] brn
|upkeep
|turn|7
|
|t:|1666898942
|switch|p1a: Zarude|Zarude|100/100
|move|p2a: Hippowdon|Slack Off|p2a: Hippowdon
|-heal|p2a: Hippowdon|100/100 brn
|
|-weather|none
|-damage|p2a: Hippowdon|94/100 brn|[from] brn
|upkeep
|turn|8
|
|t:|1666898963
|move|p1a: Zarude|U-turn|p2a: Hippowdon
|-damage|p2a: Hippowdon|80/100 brn
|
|t:|1666898967
|switch|p1a: Slowking|Slowking, M|90/100 tox|[from]move: U-turn
|move|p2a: Hippowdon|Stealth Rock|p1a: Slowking
|-sidestart|p1: Liz Angeles|move: Stealth Rock
|
|-heal|p2a: Hippowdon|86/100 brn|[from] item: Leftovers
|-heal|p1a: Slowking|96/100 tox|[from] item: Leftovers
|-damage|p1a: Slowking|90/100 tox|[from] psn
|-damage|p2a: Hippowdon|80/100 brn|[from] brn
|upkeep
|turn|9
|
|t:|1666898972
|switch|p2a: Rejim|Regice|100/100
|move|p1a: Slowking|Scald|p2a: Rejim
|-damage|p2a: Rejim|87/100
|
|-heal|p1a: Slowking|96/100 tox|[from] item: Leftovers
|-damage|p1a: Slowking|84/100 tox|[from] psn
|upkeep
|turn|10
|c|☆amogusroxyrrrr|wait
|c|☆amogusroxyrrrr|i just realized i typed rejim and not jim lmao
|c|☆Liz Angeles|rejim
|
|t:|1666899001
|switch|p1a: Sylveon|Sylveon, M|100/100
|-damage|p1a: Sylveon|88/100|[from] Stealth Rock
|move|p2a: Rejim|Ice Beam|p1a: Sylveon
|-damage|p1a: Sylveon|69/100
|
|-heal|p1a: Sylveon|75/100|[from] item: Leftovers
|upkeep
|turn|11
|
|t:|1666899013
|move|p1a: Sylveon|Heal Bell|p1a: Sylveon
|-activate|p1a: Sylveon|move: Heal Bell
|-curestatus|p1: Slowking|tox|[msg]
|move|p2a: Rejim|Ice Beam|p1a: Sylveon
|-damage|p1a: Sylveon|55/100
|-status|p1a: Sylveon|frz
|
|-heal|p1a: Sylveon|61/100 frz|[from] item: Leftovers
|upkeep
|turn|12
|c|☆Liz Angeles|why u do dis
|c|☆amogusroxyrrrr|bc jim has a 75% freeze chance
|
|t:|1666899057
|switch|p2a: Jirachi|Jirachi|65/100 brn
|cant|p1a: Sylveon|frz
|
|-heal|p2a: Jirachi|71/100 brn|[from] item: Leftovers
|-heal|p1a: Sylveon|67/100 frz|[from] item: Leftovers
|-damage|p2a: Jirachi|65/100 brn|[from] brn
|upkeep
|turn|13
|
|t:|1666899086
|switch|p1a: Slowking|Slowking, M|100/100
|-damage|p1a: Slowking|88/100|[from] Stealth Rock
|move|p2a: Jirachi|Wish|p2a: Jirachi
|
|-heal|p2a: Jirachi|71/100 brn|[from] item: Leftovers
|-heal|p1a: Slowking|94/100|[from] item: Leftovers
|-damage|p2a: Jirachi|65/100 brn|[from] brn
|upkeep
|turn|14
|
|t:|1666899099
|move|p2a: Jirachi|U-turn|p1a: Slowking
|-supereffective|p1a: Slowking
|-damage|p1a: Slowking|82/100
|
|t:|1666899102
|switch|p2a: Hydreigon|Hydreigon, F|100/100|[from]move: U-turn
|move|p1a: Slowking|Toxic|p2a: Hydreigon
|-status|p2a: Hydreigon|tox
|
|-heal|p1a: Slowking|88/100|[from] item: Leftovers
|-damage|p2a: Hydreigon|94/100 tox|[from] psn
|upkeep
|turn|15
|
|t:|1666899109
|move|p2a: Hydreigon|U-turn|p1a: Slowking
|-supereffective|p1a: Slowking
|-damage|p1a: Slowking|65/100
|
|t:|1666899113
|switch|p2a: Rejim|Regice|87/100|[from]move: U-turn
|move|p1a: Slowking|Slack Off|p1a: Slowking
|-heal|p1a: Slowking|100/100
|
|upkeep
|turn|16
|
|t:|1666899142
|switch|p2a: Jirachi|Jirachi|65/100 brn
|move|p1a: Slowking|Toxic||[still]
|-fail|p1a: Slowking
|
|-heal|p2a: Jirachi|71/100 brn|[from] item: Leftovers
|-damage|p2a: Jirachi|65/100 brn|[from] brn
|upkeep
|turn|17
|
|t:|1666899150
|switch|p1a: Nidoqueen|Nidoqueen, F|97/100
|-damage|p1a: Nidoqueen|91/100|[from] Stealth Rock
|move|p2a: Jirachi|Wish|p2a: Jirachi
|
|-heal|p2a: Jirachi|71/100 brn|[from] item: Leftovers
|-damage|p2a: Jirachi|65/100 brn|[from] brn
|upkeep
|turn|18
|
|t:|1666899156
|move|p2a: Jirachi|U-turn|p1a: Nidoqueen
|-resisted|p1a: Nidoqueen
|-damage|p1a: Nidoqueen|87/100
|
|t:|1666899166
|switch|p2a: Hippowdon|Hippowdon, M|80/100 brn|[from]move: U-turn
|-weather|Sandstorm|[from] ability: Sand Stream|[of] p2a: Hippowdon
|move|p1a: Nidoqueen|Stealth Rock|p2a: Hippowdon
|-sidestart|p2: amogusroxyrrrr|move: Stealth Rock
|
|-weather|Sandstorm|[upkeep]
|-heal|p2a: Hippowdon|100/100 brn|[from] move: Wish|[wisher] Jirachi
|-damage|p2a: Hippowdon|94/100 brn|[from] brn
|upkeep
|turn|19
|
|t:|1666899176
|switch|p1a: Zarude|Zarude|100/100
|-damage|p1a: Zarude|88/100|[from] Stealth Rock
|move|p2a: Hippowdon|Toxic|p1a: Zarude
|-status|p1a: Zarude|tox
|
|-weather|Sandstorm|[upkeep]
|-damage|p1a: Zarude|82/100 tox|[from] Sandstorm
|-heal|p2a: Hippowdon|100/100 brn|[from] item: Leftovers
|-damage|p1a: Zarude|76/100 tox|[from] psn
|-damage|p2a: Hippowdon|94/100 brn|[from] brn
|upkeep
|turn|20
|
|t:|1666899187
|switch|p2a: Salamence|Salamence, M|100/100
|-ability|p2a: Salamence|Intimidate|boost
|-unboost|p1a: Zarude|atk|1
|move|p1a: Zarude|Power Whip|p2a: Salamence
|-resisted|p2a: Salamence
|-damage|p2a: Salamence|93/100
|
|-weather|Sandstorm|[upkeep]
|-damage|p1a: Zarude|70/100 tox|[from] Sandstorm
|-damage|p2a: Salamence|87/100|[from] Sandstorm
|-damage|p1a: Zarude|58/100 tox|[from] psn
|upkeep
|turn|21
|
|t:|1666899196
|switch|p1a: Slowking|Slowking, M|100/100
|-damage|p1a: Slowking|88/100|[from] Stealth Rock
|move|p2a: Salamence|Defog|p1a: Slowking
|-unboost|p1a: Slowking|evasion|1
|-sideend|p1: Liz Angeles|Stealth Rock|[from] move: Defog|[of] p2a: Salamence
|-sideend|p2: amogusroxyrrrr|Stealth Rock|[from] move: Defog|[of] p2a: Salamence
|
|-weather|Sandstorm|[upkeep]
|-damage|p2a: Salamence|81/100|[from] Sandstorm
|-damage|p1a: Slowking|82/100|[from] Sandstorm
|-heal|p1a: Slowking|88/100|[from] item: Leftovers
|upkeep
|turn|22
|
|t:|1666899220
|switch|p2a: Jirachi|Jirachi|65/100 brn
|switch|p1a: Nidoqueen|Nidoqueen, F|87/100
|
|-weather|none
|-heal|p2a: Jirachi|71/100 brn|[from] item: Leftovers
|-damage|p2a: Jirachi|65/100 brn|[from] brn
|upkeep
|turn|23
|
|t:|1666899229
|move|p2a: Jirachi|U-turn|p1a: Nidoqueen
|-resisted|p1a: Nidoqueen
|-damage|p1a: Nidoqueen|83/100
|
|t:|1666899233
|switch|p2a: Hippowdon|Hippowdon, M|94/100 brn|[from]move: U-turn
|-weather|Sandstorm|[from] ability: Sand Stream|[of] p2a: Hippowdon
|move|p1a: Nidoqueen|Earth Power|p2a: Hippowdon
|-damage|p2a: Hippowdon|45/100 brn
|
|-weather|Sandstorm|[upkeep]
|-heal|p2a: Hippowdon|51/100 brn|[from] item: Leftovers
|-damage|p2a: Hippowdon|45/100 brn|[from] brn
|upkeep
|turn|24
|
|t:|1666899242
|switch|p2a: Rejim|Regice|87/100
|move|p1a: Nidoqueen|Stealth Rock|p2a: Rejim
|-sidestart|p2: amogusroxyrrrr|move: Stealth Rock
|
|-weather|Sandstorm|[upkeep]
|-damage|p2a: Rejim|81/100|[from] Sandstorm
|upkeep
|turn|25
|
|t:|1666899251
|switch|p1a: Sirfetch’d|Sirfetch’d, M|100/100
|move|p2a: Rejim|Ice Beam|p1a: Sirfetch’d
|-damage|p1a: Sirfetch’d|55/100
|-status|p1a: Sirfetch’d|frz
|
|-weather|Sandstorm|[upkeep]
|-damage|p1a: Sirfetch’d|49/100 frz|[from] Sandstorm
|-damage|p2a: Rejim|75/100|[from] Sandstorm
|upkeep
|turn|26
|c|☆Liz Angeles|fml
|
|t:|1666899266
|cant|p1a: Sirfetch’d|frz
|move|p2a: Rejim|Ice Beam|p1a: Sirfetch’d
|-damage|p1a: Sirfetch’d|4/100 frz
|
|-weather|Sandstorm|[upkeep]
|-damage|p1a: Sirfetch’d|0 fnt|[from] Sandstorm
|-damage|p2a: Rejim|69/100|[from] Sandstorm
|faint|p1a: Sirfetch’d
|upkeep
|
|t:|1666899282
|switch|p1a: Zarude|Zarude|58/100 tox
|turn|27
|
|t:|1666899294
|switch|p2a: Salamence|Salamence, M|81/100
|-ability|p2a: Salamence|Intimidate|boost
|-unboost|p1a: Zarude|atk|1
|move|p1a: Zarude|U-turn|p2a: Salamence
|-resisted|p2a: Salamence
|-damage|p2a: Salamence|75/100
|
|t:|1666899301
|switch|p1a: Sylveon|Sylveon, M|67/100 frz|[from]move: U-turn
|
|-weather|none
|-heal|p1a: Sylveon|73/100 frz|[from] item: Leftovers
|upkeep
|turn|28
|
|t:|1666899307
|switch|p2a: Hippowdon|Hippowdon, M|45/100 brn
|-damage|p2a: Hippowdon|39/100 brn|[from] Stealth Rock
|-weather|Sandstorm|[from] ability: Sand Stream|[of] p2a: Hippowdon
|cant|p1a: Sylveon|frz
|
|-weather|Sandstorm|[upkeep]
|-damage|p1a: Sylveon|67/100 frz|[from] Sandstorm
|-heal|p1a: Sylveon|73/100 frz|[from] item: Leftovers
|-heal|p2a: Hippowdon|45/100 brn|[from] item: Leftovers
|-damage|p2a: Hippowdon|39/100 brn|[from] brn
|upkeep
|turn|29
|
|t:|1666899310
|cant|p1a: Sylveon|frz
|move|p2a: Hippowdon|Slack Off|p2a: Hippowdon
|-heal|p2a: Hippowdon|89/100 brn
|
|-weather|Sandstorm|[upkeep]
|-damage|p1a: Sylveon|67/100 frz|[from] Sandstorm
|-heal|p1a: Sylveon|73/100 frz|[from] item: Leftovers
|-heal|p2a: Hippowdon|95/100 brn|[from] item: Leftovers
|-damage|p2a: Hippowdon|89/100 brn|[from] brn
|upkeep
|turn|30
|
|t:|1666899322
|switch|p2a: Jirachi|Jirachi|65/100 brn
|-damage|p2a: Jirachi|58/100 brn|[from] Stealth Rock
|cant|p1a: Sylveon|frz
|
|-weather|Sandstorm|[upkeep]
|-damage|p1a: Sylveon|67/100 frz|[from] Sandstorm
|-heal|p2a: Jirachi|65/100 brn|[from] item: Leftovers
|-heal|p1a: Sylveon|73/100 frz|[from] item: Leftovers
|-damage|p2a: Jirachi|58/100 brn|[from] brn
|upkeep
|turn|31
|
|t:|1666899329
|switch|p1a: Slowking|Slowking, M|100/100
|move|p2a: Jirachi|Wish|p2a: Jirachi
|
|-weather|Sandstorm|[upkeep]
|-damage|p1a: Slowking|94/100|[from] Sandstorm
|-heal|p2a: Jirachi|65/100 brn|[from] item: Leftovers
|-heal|p1a: Slowking|100/100|[from] item: Leftovers
|-damage|p2a: Jirachi|58/100 brn|[from] brn
|upkeep
|turn|32
|
|t:|1666899346
|switch|p1a: Sylveon|Sylveon, M|73/100 frz
|move|p2a: Jirachi|Protect||[still]
|-fail|p2a: Jirachi
|
|-weather|none
|-heal|p2a: Jirachi|100/100 brn|[from] move: Wish|[wisher] Jirachi
|-heal|p1a: Sylveon|79/100 frz|[from] item: Leftovers
|-damage|p2a: Jirachi|94/100 brn|[from] brn
|upkeep
|turn|33
|
|t:|1666899354
|switch|p1a: Slowking|Slowking, M|100/100
|move|p2a: Jirachi|U-turn|p1a: Slowking
|-supereffective|p1a: Slowking
|-damage|p1a: Slowking|90/100
|
|t:|1666899379
|switch|p2a: Hydreigon|Hydreigon, F|94/100 tox|[from]move: U-turn
|-damage|p2a: Hydreigon|82/100 tox|[from] Stealth Rock
|
|-heal|p1a: Slowking|96/100|[from] item: Leftovers
|-damage|p2a: Hydreigon|76/100 tox|[from] psn
|upkeep
|turn|34
|
|t:|1666899430
|switch|p1a: Sylveon|Sylveon, M|79/100 frz
|move|p2a: Hydreigon|Dark Pulse|p1a: Sylveon
|-resisted|p1a: Sylveon
|-damage|p1a: Sylveon|69/100 frz
|
|-heal|p1a: Sylveon|75/100 frz|[from] item: Leftovers
|-damage|p2a: Hydreigon|64/100 tox|[from] psn
|upkeep
|turn|35
|
|t:|1666899442
|switch|p2a: Rejim|Regice|69/100
|-curestatus|p1a: Sylveon|frz|[msg]
|move|p1a: Sylveon|Hyper Voice|p2a: Rejim
|-damage|p2a: Rejim|51/100
|
|-heal|p1a: Sylveon|81/100|[from] item: Leftovers
|upkeep
|turn|36
|j| TheMaskedMarauder
|
|t:|1666899447
|switch|p1a: Slowking|Slowking, M|100/100
|move|p2a: Rejim|Rest|p2a: Rejim
|-status|p2a: Rejim|slp|[from] move: Rest
|-heal|p2a: Rejim|100/100 slp|[silent]
|
|upkeep
|turn|37
|
|t:|1666899483
|cant|p2a: Rejim|slp
|move|p2a: Rejim|Sleep Talk|p2a: Rejim
|move|p2a: Rejim|Rest||[from]move: Sleep Talk|[still]
|-fail|p2a: Rejim
|move|p1a: Slowking|Psyshock|p2a: Rejim
|-damage|p2a: Rejim|80/100 slp
|
|upkeep
|turn|38
|c| TheMaskedMarauder|the lack of av regice has ruined my day
|l| TheMaskedMarauder
|c|☆Liz Angeles|rest talk op
|
|t:|1666899508
|cant|p2a: Rejim|slp
|move|p2a: Rejim|Sleep Talk|p2a: Rejim
|move|p2a: Rejim|Ice Beam|p1a: Slowking|[from]move: Sleep Talk
|-resisted|p1a: Slowking
|-damage|p1a: Slowking|87/100
|move|p1a: Slowking|Psyshock|p2a: Rejim
|-damage|p2a: Rejim|59/100 slp
|
|-heal|p1a: Slowking|93/100|[from] item: Leftovers
|upkeep
|turn|39
|
|t:|1666899550
|-curestatus|p2a: Rejim|slp|[msg]
|move|p2a: Rejim|Ice Beam|p1a: Slowking
|-resisted|p1a: Slowking
|-damage|p1a: Slowking|79/100
|move|p1a: Slowking|Psyshock|p2a: Rejim
|-damage|p2a: Rejim|40/100
|
|-heal|p1a: Slowking|85/100|[from] item: Leftovers
|upkeep
|turn|40
|
|t:|1666899567
|switch|p2a: Jirachi|Jirachi|94/100 brn
|-damage|p2a: Jirachi|88/100 brn|[from] Stealth Rock
|switch|p1a: Sylveon|Sylveon, M|81/100
|
|-heal|p2a: Jirachi|94/100 brn|[from] item: Leftovers
|-heal|p1a: Sylveon|87/100|[from] item: Leftovers
|-damage|p2a: Jirachi|88/100 brn|[from] brn
|upkeep
|turn|41
|
|t:|1666899574
|move|p2a: Jirachi|Wish|p2a: Jirachi
|move|p1a: Sylveon|Heal Bell|p1a: Sylveon
|-activate|p1a: Sylveon|move: Heal Bell
|-curestatus|p1: Zarude|tox|[msg]
|
|-heal|p2a: Jirachi|94/100 brn|[from] item: Leftovers
|-heal|p1a: Sylveon|93/100|[from] item: Leftovers
|-damage|p2a: Jirachi|88/100 brn|[from] brn
|upkeep
|turn|42
|
|t:|1666899585
|move|p2a: Jirachi|U-turn|p1a: Sylveon
|-resisted|p1a: Sylveon
|-damage|p1a: Sylveon|89/100
|
|t:|1666899589
|switch|p2a: Rejim|Regice|40/100|[from]move: U-turn
|move|p1a: Sylveon|Hyper Voice|p2a: Rejim
|-damage|p2a: Rejim|22/100
|
|-heal|p2a: Rejim|78/100|[from] move: Wish|[wisher] Jirachi
|-heal|p1a: Sylveon|95/100|[from] item: Leftovers
|upkeep
|turn|43
|
|t:|1666899599
|switch|p1a: Slowking|Slowking, M|100/100
|move|p2a: Rejim|Ice Beam|p1a: Slowking
|-resisted|p1a: Slowking
|-damage|p1a: Slowking|88/100
|-status|p1a: Slowking|frz
|
|-heal|p1a: Slowking|94/100 frz|[from] item: Leftovers
|upkeep
|turn|44
|
|t:|1666899622
|switch|p2a: Salamence|Salamence, M|75/100
|-ability|p2a: Salamence|Intimidate|boost
|-unboost|p1a: Slowking|atk|1
|-curestatus|p1a: Slowking|frz|[from] move: Scald
|move|p1a: Slowking|Scald|p2a: Salamence
|-resisted|p2a: Salamence
|-damage|p2a: Salamence|60/100
|
|-heal|p1a: Slowking|99/100|[from] item: Leftovers
|upkeep
|turn|45
|
|t:|1666899634
|move|p2a: Salamence|Roost|p2a: Salamence
|-heal|p2a: Salamence|100/100
|-singleturn|p2a: Salamence|move: Roost
|move|p1a: Slowking|Toxic|p2a: Salamence
|-status|p2a: Salamence|tox
|
|-heal|p1a: Slowking|100/100|[from] item: Leftovers
|-damage|p2a: Salamence|94/100 tox|[from] psn
|upkeep
|turn|46
|
|t:|1666899643
|switch|p2a: Hippowdon|Hippowdon, M|89/100 brn
|-damage|p2a: Hippowdon|82/100 brn|[from] Stealth Rock
|-weather|Sandstorm|[from] ability: Sand Stream|[of] p2a: Hippowdon
|switch|p1a: Nidoqueen|Nidoqueen, F|83/100
|
|-weather|Sandstorm|[upkeep]
|-heal|p2a: Hippowdon|89/100 brn|[from] item: Leftovers
|-damage|p2a: Hippowdon|82/100 brn|[from] brn
|upkeep
|turn|47
|
|t:|1666899653
|switch|p1a: Slowking|Slowking, M|100/100
|move|p2a: Hippowdon|Stealth Rock|p1a: Slowking
|-sidestart|p1: Liz Angeles|move: Stealth Rock
|
|-weather|Sandstorm|[upkeep]
|-damage|p1a: Slowking|94/100|[from] Sandstorm
|-heal|p2a: Hippowdon|89/100 brn|[from] item: Leftovers
|-heal|p1a: Slowking|100/100|[from] item: Leftovers
|-damage|p2a: Hippowdon|82/100 brn|[from] brn
|upkeep
|turn|48
|
|t:|1666899670
|switch|p2a: Jirachi|Jirachi|88/100 brn
|-damage|p2a: Jirachi|82/100 brn|[from] Stealth Rock
|move|p1a: Slowking|Scald|p2a: Jirachi
|-crit|p2a: Jirachi
|-damage|p2a: Jirachi|46/100 brn
|
|-weather|Sandstorm|[upkeep]
|-damage|p1a: Slowking|94/100|[from] Sandstorm
|-heal|p2a: Jirachi|52/100 brn|[from] item: Leftovers
|-heal|p1a: Slowking|100/100|[from] item: Leftovers
|-damage|p2a: Jirachi|46/100 brn|[from] brn
|upkeep
|turn|49
|
|t:|1666899682
|switch|p1a: Salamence|Salamence, F|100/100
|-ability|p1a: Salamence|Intimidate|boost
|-unboost|p2a: Jirachi|atk|1
|move|p2a: Jirachi|Wish|p2a: Jirachi
|
|-weather|Sandstorm|[upkeep]
|-damage|p1a: Salamence|94/100|[from] Sandstorm
|-heal|p2a: Jirachi|52/100 brn|[from] item: Leftovers
|-damage|p2a: Jirachi|46/100 brn|[from] brn
|upkeep
|turn|50
|
|t:|1666899693
|move|p2a: Jirachi|Protect|p2a: Jirachi
|-singleturn|p2a: Jirachi|Protect
|move|p1a: Salamence|Dual Wingbeat|p2a: Jirachi
|-activate|p2a: Jirachi|move: Protect
|
|-weather|none
|-heal|p2a: Jirachi|96/100 brn|[from] move: Wish|[wisher] Jirachi
|-heal|p2a: Jirachi|100/100 brn|[from] item: Leftovers
|-damage|p2a: Jirachi|94/100 brn|[from] brn
|upkeep
|turn|51
|
|t:|1666899700
|move|p2a: Jirachi|U-turn|p1a: Salamence
|-resisted|p1a: Salamence
|-damage|p1a: Salamence|92/100
|
|t:|1666899703
|switch|p2a: Hippowdon|Hippowdon, M|82/100 brn|[from]move: U-turn
|-damage|p2a: Hippowdon|76/100 brn|[from] Stealth Rock
|-weather|Sandstorm|[from] ability: Sand Stream|[of] p2a: Hippowdon
|move|p1a: Salamence|Flamethrower|p2a: Hippowdon
|-damage|p2a: Hippowdon|60/100 brn
|
|-weather|Sandstorm|[upkeep]
|-damage|p1a: Salamence|86/100|[from] Sandstorm
|-heal|p2a: Hippowdon|66/100 brn|[from] item: Leftovers
|-damage|p2a: Hippowdon|60/100 brn|[from] brn
|upkeep
|turn|52
|
|t:|1666899727
|move|p1a: Salamence|Dual Wingbeat|p2a: Hippowdon|[miss]
|-miss|p1a: Salamence|p2a: Hippowdon
|move|p2a: Hippowdon|Slack Off|p2a: Hippowdon
|-heal|p2a: Hippowdon|100/100 brn
|
|-weather|Sandstorm|[upkeep]
|-damage|p1a: Salamence|80/100|[from] Sandstorm
|-damage|p2a: Hippowdon|94/100 brn|[from] brn
|upkeep
|turn|53
|
|t:|1666899739
|switch|p1a: Nidoqueen|Nidoqueen, F|83/100
|-damage|p1a: Nidoqueen|77/100|[from] Stealth Rock
|move|p2a: Hippowdon|Toxic|p1a: Nidoqueen|[miss]
|-miss|p2a: Hippowdon|p1a: Nidoqueen
|
|-weather|Sandstorm|[upkeep]
|-heal|p2a: Hippowdon|100/100 brn|[from] item: Leftovers
|-damage|p2a: Hippowdon|94/100 brn|[from] brn
|upkeep
|turn|54
|c|☆amogusroxyrrrr|dwb miss looks so dumb
|
|t:|1666899753
|switch|p1a: Salamence|Salamence, F|80/100
|-ability|p1a: Salamence|Intimidate|boost
|-unboost|p2a: Hippowdon|atk|1
|move|p2a: Hippowdon|Earthquake|p1a: Salamence
|-immune|p1a: Salamence
|
|-weather|Sandstorm|[upkeep]
|-damage|p1a: Salamence|74/100|[from] Sandstorm
|-heal|p2a: Hippowdon|100/100 brn|[from] item: Leftovers
|-damage|p2a: Hippowdon|94/100 brn|[from] brn
|upkeep
|turn|55
|c|☆Liz Angeles|right
|
|t:|1666899761
|switch|p1a: Sylveon|Sylveon, M|95/100
|-damage|p1a: Sylveon|83/100|[from] Stealth Rock
|switch|p2a: Jirachi|Jirachi|94/100 brn
|-damage|p2a: Jirachi|88/100 brn|[from] Stealth Rock
|
|-weather|none
|-heal|p2a: Jirachi|94/100 brn|[from] item: Leftovers
|-heal|p1a: Sylveon|89/100|[from] item: Leftovers
|-damage|p2a: Jirachi|88/100 brn|[from] brn
|upkeep
|turn|56
|
|t:|1666899773
|move|p2a: Jirachi|Iron Head|p1a: Sylveon
|-supereffective|p1a: Sylveon
|-damage|p1a: Sylveon|58/100
|cant|p1a: Sylveon|flinch
|
|-heal|p2a: Jirachi|94/100 brn|[from] item: Leftovers
|-heal|p1a: Sylveon|64/100|[from] item: Leftovers
|-damage|p2a: Jirachi|88/100 brn|[from] brn
|upkeep
|turn|57
|
|t:|1666899782
|move|p2a: Jirachi|Iron Head|p1a: Sylveon
|-supereffective|p1a: Sylveon
|-damage|p1a: Sylveon|37/100
|cant|p1a: Sylveon|flinch
|
|-heal|p2a: Jirachi|94/100 brn|[from] item: Leftovers
|-heal|p1a: Sylveon|43/100|[from] item: Leftovers
|-damage|p2a: Jirachi|88/100 brn|[from] brn
|upkeep
|turn|58
|
|t:|1666899787
|move|p2a: Jirachi|Iron Head|p1a: Sylveon
|-supereffective|p1a: Sylveon
|-damage|p1a: Sylveon|15/100
|cant|p1a: Sylveon|flinch
|
|-heal|p2a: Jirachi|94/100 brn|[from] item: Leftovers
|-heal|p1a: Sylveon|22/100|[from] item: Leftovers
|-damage|p2a: Jirachi|88/100 brn|[from] brn
|upkeep
|turn|59
|
|t:|1666899793
|move|p1a: Sylveon|Protect|p1a: Sylveon
|-singleturn|p1a: Sylveon|Protect
|move|p2a: Jirachi|Iron Head|p1a: Sylveon
|-activate|p1a: Sylveon|move: Protect
|
|-heal|p2a: Jirachi|94/100 brn|[from] item: Leftovers
|-heal|p1a: Sylveon|28/100|[from] item: Leftovers
|-damage|p2a: Jirachi|88/100 brn|[from] brn
|upkeep
|turn|60
|
|t:|1666899809
|move|p1a: Sylveon|Protect|p1a: Sylveon
|-singleturn|p1a: Sylveon|Protect
|move|p2a: Jirachi|Iron Head|p1a: Sylveon
|-activate|p1a: Sylveon|move: Protect
|
|-heal|p2a: Jirachi|94/100 brn|[from] item: Leftovers
|-heal|p1a: Sylveon|34/100|[from] item: Leftovers
|-damage|p2a: Jirachi|88/100 brn|[from] brn
|upkeep
|turn|61
|
|t:|1666899813
|move|p2a: Jirachi|Iron Head|p1a: Sylveon
|-supereffective|p1a: Sylveon
|-damage|p1a: Sylveon|7/100
|cant|p1a: Sylveon|flinch
|
|-heal|p2a: Jirachi|94/100 brn|[from] item: Leftovers
|-heal|p1a: Sylveon|13/100|[from] item: Leftovers
|-damage|p2a: Jirachi|88/100 brn|[from] brn
|upkeep
|turn|62
|c|☆Liz Angeles|gg
|-message|Liz Angeles forfeited.
|
|win|amogusroxyrrrr
|l|☆Liz Angeles
|l|☆amogusroxyrrrr
|j|☆amogusroxyrrrr
|player|p2|amogusroxyrrrr|saturn
