|j|☆rulky
|j|‽The SD sweep
|t:|1666976996
|gametype|singles
|player|p1|rulky|maid|1633
|player|p2|The SD sweep|red|1667
|teamsize|p1|6
|teamsize|p2|6
|gen|8
|tier|[Gen 8] UU
|rated|
|rule|Sleep Clause Mod: Limit one foe put to sleep
|rule|Species Clause: Limit one of each Pokémon
|rule|OHKO Clause: OHKO moves are banned
|rule|Evasion Items Clause: Evasion items are banned
|rule|Evasion Moves Clause: Evasion moves are banned
|rule|Endless Battle Clause: Forcing endless battles is banned
|rule|HP Percentage Mod: HP is shown in percentages
|rule|Dynamax Clause: You cannot dynamax
|clearpoke
|poke|p1|Zygarde-10%|
|poke|p1|Cobalion|
|poke|p1|Golisopod, F|
|poke|p1|Reuniclus, F|
|poke|p1|Chansey, F|
|poke|p1|Salamence, F|
|poke|p2|Keldeo-Resolute|
|poke|p2|Hatterene, F|
|poke|p2|Hippowdon, F|
|poke|p2|Slowking, F|
|poke|p2|Scizor, F|
|poke|p2|Zarude-Dada|
|teampreview
|inactive|Battle timer is ON: inactive players will automatically lose when time's up. (requested by The SD sweep)
|
|t:|1666977004
|start
|switch|p1a: Golisopod|Golisopod, F|100/100
|switch|p2a: Scizor|Scizor, F, shiny|100/100
|turn|1
|
|t:|1666977006
|move|p2a: Scizor|U-turn|p1a: Golisopod
|-damage|p1a: Golisopod|57/100
|
|t:|1666977009
|switch|p2a: Hatterene|Hatterene, F, shiny|100/100|[from]move: U-turn
|move|p1a: Golisopod|Knock Off|p2a: Hatterene
|-damage|p2a: Hatterene|70/100
|-enditem|p2a: Hatterene|Leftovers|[from] move: Knock Off|[of] p1a: Golisopod
|
|upkeep
|turn|2
|j| amogusroxyrrrr
|
|t:|1666977013
|move|p1a: Golisopod|Liquidation|p2a: Hatterene
|-damage|p2a: Hatterene|29/100
|move|p2a: Hatterene|Draining Kiss|p1a: Golisopod
|-damage|p1a: Golisopod|30/100
|-heal|p2a: Hatterene|50/100|[from] drain|[of] p1a: Golisopod
|-activate|p1a: Golisopod|ability: Emergency Exit
|
|t:|1666977018
|switch|p1a: Cobalion|Cobalion|100/100
|
|upkeep
|turn|3
|
|t:|1666977022
|switch|p2a: Hippowdon|Hippowdon, F|100/100
|-weather|Sandstorm|[from] ability: Sand Stream|[of] p2a: Hippowdon
|move|p1a: Cobalion|Stealth Rock|p2a: Hippowdon
|-sidestart|p2: The SD sweep|move: Stealth Rock
|
|-weather|Sandstorm|[upkeep]
|upkeep
|turn|4
|
|t:|1666977026
|switch|p1a: Golisopod|Golisopod, F|30/100
|move|p2a: Hippowdon|Stealth Rock|p1a: Golisopod
|-sidestart|p1: rulky|move: Stealth Rock
|
|-weather|Sandstorm|[upkeep]
|-damage|p1a: Golisopod|24/100|[from] Sandstorm
|upkeep
|turn|5
|
|t:|1666977032
|switch|p2a: Hatterene|Hatterene, F, shiny|50/100
|-damage|p2a: Hatterene|38/100|[from] Stealth Rock
|move|p1a: Golisopod|Liquidation|p2a: Hatterene
|-damage|p2a: Hatterene|1/100
|
|-weather|Sandstorm|[upkeep]
|-damage|p1a: Golisopod|18/100|[from] Sandstorm
|-damage|p2a: Hatterene|0 fnt|[from] Sandstorm
|faint|p2a: Hatterene
|upkeep
|
|t:|1666977034
|switch|p2a: Keldeo|Keldeo-Resolute|100/100
|-damage|p2a: Keldeo|94/100|[from] Stealth Rock
|turn|6
|
|t:|1666977037
|switch|p1a: wednesday|Salamence, F|100/100
|-ability|p1a: wednesday|Intimidate|boost
|-unboost|p2a: Keldeo|atk|1
|move|p2a: Keldeo|Icy Wind|p1a: wednesday
|-supereffective|p1a: wednesday
|-crit|p1a: wednesday
|-damage|p1a: wednesday|0 fnt
|faint|p1a: wednesday
|
|-weather|Sandstorm|[upkeep]
|-damage|p2a: Keldeo|88/100|[from] Sandstorm
|upkeep
|
|t:|1666977048
|switch|p1a: Zygarde|Zygarde-10%|100/100
|-damage|p1a: Zygarde|94/100|[from] Stealth Rock
|-ability|p1a: Zygarde|Aura Break
|turn|7
|
|t:|1666977059
|switch|p2a: Scizor|Scizor, F, shiny|100/100
|-damage|p2a: Scizor|88/100|[from] Stealth Rock
|move|p1a: Zygarde|Outrage|p2a: Scizor
|-resisted|p2a: Scizor
|-damage|p2a: Scizor|42/100
|
|-weather|none
|upkeep
|turn|8
|
|t:|1666977062
|move|p2a: Scizor|Bullet Punch|p1a: Zygarde
|-damage|p1a: Zygarde|9/100
|move|p1a: Zygarde|Outrage|p2a: Scizor|[from]lockedmove
|-resisted|p2a: Scizor
|-damage|p2a: Scizor|0 fnt
|faint|p2a: Scizor
|-start|p1a: Zygarde|confusion|[fatigue]
|
|upkeep
|
|t:|1666977065
|switch|p2a: Zarude|Zarude-Dada|100/100
|-damage|p2a: Zarude|88/100|[from] Stealth Rock
|turn|9
|
|t:|1666977067
|switch|p1a: Cobalion|Cobalion|100/100
|-damage|p1a: Cobalion|97/100|[from] Stealth Rock
|move|p2a: Zarude|Close Combat|p1a: Cobalion
|-supereffective|p1a: Cobalion
|-damage|p1a: Cobalion|34/100
|-unboost|p2a: Zarude|def|1
|-unboost|p2a: Zarude|spd|1
|-damage|p2a: Zarude|72/100|[from] item: Rocky Helmet|[of] p1a: Cobalion
|
|upkeep
|turn|10
|
|t:|1666977071
|switch|p1a: Reuniclus|Reuniclus, F, shiny|100/100
|move|p2a: Zarude|Close Combat|p1a: Reuniclus
|-resisted|p1a: Reuniclus
|-damage|p1a: Reuniclus|85/100
|-unboost|p2a: Zarude|def|1
|-unboost|p2a: Zarude|spd|1
|
|upkeep
|turn|11
|
|t:|1666977074
|switch|p2a: Keldeo|Keldeo-Resolute|88/100
|-damage|p2a: Keldeo|82/100|[from] Stealth Rock
|move|p1a: Reuniclus|Calm Mind|p1a: Reuniclus
|-boost|p1a: Reuniclus|spa|1
|-boost|p1a: Reuniclus|spd|1
|
|upkeep
|turn|12
|
|t:|1666977080
|switch|p2a: Zarude|Zarude-Dada|72/100
|-damage|p2a: Zarude|59/100|[from] Stealth Rock
|move|p1a: Reuniclus|Psyshock|p2a: Zarude
|-immune|p2a: Zarude
|
|upkeep
|turn|13
|
|t:|1666977084
|switch|p1a: Cobalion|Cobalion|34/100
|-damage|p1a: Cobalion|31/100|[from] Stealth Rock
|move|p2a: Zarude|U-turn|p1a: Cobalion
|-resisted|p1a: Cobalion
|-crit|p1a: Cobalion
|-damage|p1a: Cobalion|23/100
|-damage|p2a: Zarude|43/100|[from] item: Rocky Helmet|[of] p1a: Cobalion
|
|t:|1666977094
|switch|p2a: Hippowdon|Hippowdon, F|100/100|[from]move: U-turn
|-damage|p2a: Hippowdon|94/100|[from] Stealth Rock
|-weather|Sandstorm|[from] ability: Sand Stream|[of] p2a: Hippowdon
|
|-weather|Sandstorm|[upkeep]
|-heal|p2a: Hippowdon|100/100|[from] item: Leftovers
|upkeep
|turn|14
|
|t:|1666977100
|move|p1a: Cobalion|Iron Head|p2a: Hippowdon
|-damage|p2a: Hippowdon|79/100
|move|p2a: Hippowdon|Earthquake|p1a: Cobalion
|-supereffective|p1a: Cobalion
|-damage|p1a: Cobalion|0 fnt
|faint|p1a: Cobalion
|
|-weather|Sandstorm|[upkeep]
|-heal|p2a: Hippowdon|85/100|[from] item: Leftovers
|upkeep
|
|t:|1666977103
|switch|p1a: Golisopod|Golisopod, F|18/100
|turn|15
|
|t:|1666977126
|switch|p2a: Slowking|Slowking, F, shiny|100/100
|-damage|p2a: Slowking|88/100|[from] Stealth Rock
|move|p1a: Golisopod|Spikes|p2a: Slowking
|-sidestart|p2: The SD sweep|Spikes
|
|-weather|Sandstorm|[upkeep]
|-damage|p1a: Golisopod|12/100|[from] Sandstorm
|-damage|p2a: Slowking|82/100|[from] Sandstorm
|upkeep
|turn|16
|
|t:|1666977130
|move|p1a: Golisopod|Knock Off|p2a: Slowking
|-supereffective|p2a: Slowking
|-crit|p2a: Slowking
|-enditem|p2a: Slowking|Colbur Berry|[eat]
|-enditem|p2a: Slowking|Colbur Berry|[weaken]
|-damage|p2a: Slowking|43/100
|move|p2a: Slowking|Psychic|p1a: Golisopod
|-damage|p1a: Golisopod|0 fnt
|faint|p1a: Golisopod
|
|-weather|Sandstorm|[upkeep]
|-damage|p2a: Slowking|37/100|[from] Sandstorm
|upkeep
|
|t:|1666977134
|switch|p1a: Zygarde|Zygarde-10%|9/100
|-damage|p1a: Zygarde|3/100|[from] Stealth Rock
|-ability|p1a: Zygarde|Aura Break
|turn|17
|
|t:|1666977138
|move|p1a: Zygarde|Outrage|p2a: Slowking
|-damage|p2a: Slowking|0 fnt
|faint|p2a: Slowking
|
|-weather|none
|upkeep
|
|t:|1666977146
|switch|p2a: Hippowdon|Hippowdon, F|85/100
|-damage|p2a: Hippowdon|79/100|[from] Stealth Rock
|-damage|p2a: Hippowdon|67/100|[from] Spikes
|-weather|Sandstorm|[from] ability: Sand Stream|[of] p2a: Hippowdon
|turn|18
|
|t:|1666977148
|move|p1a: Zygarde|Outrage|p2a: Hippowdon|[from]lockedmove
|-damage|p2a: Hippowdon|18/100
|move|p2a: Hippowdon|Earthquake|p1a: Zygarde
|-damage|p1a: Zygarde|0 fnt
|faint|p1a: Zygarde
|
|-weather|Sandstorm|[upkeep]
|-heal|p2a: Hippowdon|24/100|[from] item: Leftovers
|upkeep
|
|t:|1666977158
|switch|p1a: Reuniclus|Reuniclus, F, shiny|85/100
|turn|19
|
|t:|1666977160
|move|p2a: Hippowdon|Earthquake|p1a: Reuniclus
|-damage|p1a: Reuniclus|55/100
|move|p1a: Reuniclus|Calm Mind|p1a: Reuniclus
|-boost|p1a: Reuniclus|spa|1
|-boost|p1a: Reuniclus|spd|1
|
|-weather|Sandstorm|[upkeep]
|-heal|p2a: Hippowdon|30/100|[from] item: Leftovers
|upkeep
|turn|20
|
|t:|1666977163
|move|p2a: Hippowdon|Earthquake|p1a: Reuniclus
|-damage|p1a: Reuniclus|24/100
|move|p1a: Reuniclus|Recover|p1a: Reuniclus
|-heal|p1a: Reuniclus|74/100
|
|-weather|Sandstorm|[upkeep]
|-heal|p2a: Hippowdon|37/100|[from] item: Leftovers
|upkeep
|turn|21
|
|t:|1666977167
|move|p2a: Hippowdon|Earthquake|p1a: Reuniclus
|-damage|p1a: Reuniclus|43/100
|move|p1a: Reuniclus|Recover|p1a: Reuniclus
|-heal|p1a: Reuniclus|93/100
|
|-weather|Sandstorm|[upkeep]
|-heal|p2a: Hippowdon|43/100|[from] item: Leftovers
|upkeep
|turn|22
|
|t:|1666977170
|move|p2a: Hippowdon|Earthquake|p1a: Reuniclus
|-crit|p1a: Reuniclus
|-damage|p1a: Reuniclus|46/100
|move|p1a: Reuniclus|Psyshock|p2a: Hippowdon
|-damage|p2a: Hippowdon|7/100
|
|-weather|none
|-heal|p2a: Hippowdon|13/100|[from] item: Leftovers
|upkeep
|turn|23
|
|t:|1666977181
|switch|p2a: Keldeo|Keldeo-Resolute|82/100
|-damage|p2a: Keldeo|76/100|[from] Stealth Rock
|-damage|p2a: Keldeo|63/100|[from] Spikes
|move|p1a: Reuniclus|Recover|p1a: Reuniclus
|-heal|p1a: Reuniclus|96/100
|
|upkeep
|turn|24
|
|t:|1666977184
|move|p2a: Keldeo|Surf|p1a: Reuniclus
|-damage|p1a: Reuniclus|51/100
|move|p1a: Reuniclus|Psyshock|p2a: Keldeo
|-supereffective|p2a: Keldeo
|-damage|p2a: Keldeo|0 fnt
|faint|p2a: Keldeo
|
|upkeep
|
|t:|1666977187
|switch|p2a: Zarude|Zarude-Dada|43/100
|-damage|p2a: Zarude|31/100|[from] Stealth Rock
|-damage|p2a: Zarude|18/100|[from] Spikes
|turn|25
|
|t:|1666977194
|move|p2a: Zarude|Power Whip|p1a: Reuniclus
|-damage|p1a: Reuniclus|0 fnt
|faint|p1a: Reuniclus
|
|upkeep
|
|t:|1666977197
|switch|p1a: Chansey|Chansey, F|100/100
|-damage|p1a: Chansey|88/100|[from] Stealth Rock
|turn|26
|
|t:|1666977204
|move|p2a: Zarude|Power Whip|p1a: Chansey
|-damage|p1a: Chansey|49/100
|move|p1a: Chansey|Seismic Toss|p2a: Zarude
|-damage|p2a: Zarude|0 fnt
|faint|p2a: Zarude
|
|upkeep
|
|t:|1666977208
|switch|p2a: Hippowdon|Hippowdon, F|13/100
|-damage|p2a: Hippowdon|7/100|[from] Stealth Rock
|-damage|p2a: Hippowdon|0 fnt|[from] Spikes
|faint|p2a: Hippowdon
|
|win|rulky
|raw|rulky's rating: 1633 &rarr; <strong>1655</strong><br />(+22 for winning)
|raw|The SD sweep's rating: 1667 &rarr; <strong>1645</strong><br />(-22 for losing)
|l|‽The SD sweep
|l| amogusroxyrrrr
|j| amogusroxyrrrr
|l| amogusroxyrrrr
||Ladder isn't responding, score probably updated but might not have (Request timeout).
