|j|☆PlasticPinnochio
|j|☆FreetheNards
|t:|1649477849
|gametype|singles
|player|p1|PlasticPinnochio|policeman-gen4|1491
|player|p2|FreetheNards|170|1344
|teamsize|p1|6
|teamsize|p2|6
|gen|8
|tier|[Gen 8] UU
|rated|
|rule|Sleep Clause Mod: Limit one foe put to sleep
|rule|Species Clause: Limit one of each Pokémon
|rule|OHKO Clause: OHKO moves are banned
|rule|Evasion Moves Clause: Evasion moves are banned
|rule|Endless Battle Clause: Forcing endless battles is banned
|rule|HP Percentage Mod: HP is shown in percentages
|rule|Dynamax Clause: You cannot dynamax
|clearpoke
|poke|p1|Entei|
|poke|p1|Zarude|
|poke|p1|Slowking, F|
|poke|p1|Cobalion|
|poke|p1|Gardevoir, M|
|poke|p1|Mandibuzz, F|
|poke|p2|Aegislash, M|
|poke|p2|Primarina, F|
|poke|p2|Skarmory, F|
|poke|p2|Zygarde-10%|
|poke|p2|Zarude-Dada|
|poke|p2|Chansey, F|
|teampreview
|inactive|Battle timer is ON: inactive players will automatically lose when time's up. (requested by FreetheNards)
|
|t:|1649477859
|start
|switch|p1a: Mandibuzz|Mandibuzz, F|100/100
|switch|p2a: Zygarde|Zygarde-10%|100/100
|-ability|p2a: Zygarde|Aura Break
|turn|1
|
|t:|1649477867
|switch|p2a: Skarmory|Skarmory, F|100/100
|move|p1a: Mandibuzz|Knock Off|p2a: Skarmory
|-damage|p2a: Skarmory|87/100
|-enditem|p2a: Skarmory|Leftovers|[from] move: Knock Off|[of] p1a: Mandibuzz
|
|upkeep
|turn|2
|
|t:|1649477871
|move|p1a: Mandibuzz|U-turn|p2a: Skarmory
|-resisted|p2a: Skarmory
|-damage|p2a: Skarmory|85/100
|
|t:|1649477873
|switch|p1a: Entei|Entei|100/100|[from]move: U-turn
|move|p2a: Skarmory|Stealth Rock|p1a: Entei
|-sidestart|p1: PlasticPinnochio|move: Stealth Rock
|
|upkeep
|turn|3
|
|t:|1649477877
|switch|p2a: Primarina|Primarina, F|100/100
|move|p1a: Entei|Toxic|p2a: Primarina
|-status|p2a: Primarina|tox
|
|-damage|p2a: Primarina|94/100 tox|[from] psn
|upkeep
|turn|4
|
|t:|1649477884
|switch|p1a: Slowking|Slowking, F|100/100
|move|p2a: Primarina|Moonblast|p1a: Slowking
|-damage|p1a: Slowking|54/100
|
|-damage|p2a: Primarina|82/100 tox|[from] psn
|upkeep
|turn|5
|
|t:|1649477889
|switch|p2a: Zygarde|Zygarde-10%|100/100
|-ability|p2a: Zygarde|Aura Break
|move|p1a: Slowking|Teleport|p1a: Slowking
|
|t:|1649477891
|switch|p1a: Mandibuzz|Mandibuzz, F|100/100|[from]move: Teleport
|
|upkeep
|turn|6
|
|t:|1649477905
|move|p2a: Zygarde|Thousand Arrows|p1a: Mandibuzz
|-damage|p1a: Mandibuzz|67/100
|-start|p1a: Mandibuzz|Smack Down
|move|p1a: Mandibuzz|Defog|p2a: Zygarde
|-unboost|p2a: Zygarde|evasion|1
|-sideend|p1: PlasticPinnochio|Stealth Rock|[from] move: Defog|[of] p1a: Mandibuzz
|
|upkeep
|turn|7
|
|t:|1649477914
|switch|p2a: Primarina|Primarina, F|82/100 tox
|move|p1a: Mandibuzz|Knock Off|p2a: Primarina
|-resisted|p2a: Primarina
|-damage|p2a: Primarina|69/100 tox
|-enditem|p2a: Primarina|Choice Specs|[from] move: Knock Off|[of] p1a: Mandibuzz
|
|-damage|p2a: Primarina|63/100 tox|[from] psn
|upkeep
|turn|8
|
|t:|1649477917
|switch|p1a: Slowking|Slowking, F|87/100
|move|p2a: Primarina|Moonblast|p1a: Slowking
|-damage|p1a: Slowking|52/100
|
|-damage|p2a: Primarina|51/100 tox|[from] psn
|upkeep
|turn|9
|
|t:|1649477920
|move|p2a: Primarina|Energy Ball|p1a: Slowking
|-supereffective|p1a: Slowking
|-damage|p1a: Slowking|8/100
|move|p1a: Slowking|Teleport|p1a: Slowking
|
|t:|1649477926
|switch|p1a: Zarude|Zarude|100/100|[from]move: Teleport
|
|-damage|p2a: Primarina|33/100 tox|[from] psn
|upkeep
|turn|10
|
|t:|1649477929
|move|p1a: Zarude|U-turn|p2a: Primarina
|-resisted|p2a: Primarina
|-damage|p2a: Primarina|13/100 tox
|
|t:|1649477934
|switch|p1a: Slowking|Slowking, F|41/100|[from]move: U-turn
|move|p2a: Primarina|Moonblast|p1a: Slowking
|-damage|p1a: Slowking|5/100
|
|-damage|p2a: Primarina|0 fnt|[from] psn
|faint|p2a: Primarina
|upkeep
|
|t:|1649477938
|switch|p2a: Zarude|Zarude-Dada|100/100
|turn|11
|
|t:|1649477940
|switch|p1a: Cobalion|Cobalion|100/100
|move|p2a: Zarude|U-turn|p1a: Cobalion
|-resisted|p1a: Cobalion
|-damage|p1a: Cobalion|95/100
|
|t:|1649477944
|switch|p2a: Zygarde|Zygarde-10%|100/100|[from]move: U-turn
|-ability|p2a: Zygarde|Aura Break
|
|-heal|p1a: Cobalion|100/100|[from] item: Leftovers
|upkeep
|turn|12
|
|t:|1649477948
|move|p2a: Zygarde|Thousand Arrows|p1a: Cobalion
|-supereffective|p1a: Cobalion
|-damage|p1a: Cobalion|0 fnt
|faint|p1a: Cobalion
|
|upkeep
|
|t:|1649477950
|switch|p1a: Zarude|Zarude|100/100
|turn|13
|
|t:|1649477953
|switch|p2a: Zarude|Zarude-Dada|100/100
|move|p1a: Zarude|U-turn|p2a: Zarude
|-supereffective|p2a: Zarude
|-damage|p2a: Zarude|0 fnt
|faint|p2a: Zarude
|
|t:|1649477959
|switch|p1a: Slowking|Slowking, F|39/100|[from]move: U-turn
|
|upkeep
|
|t:|1649477964
|switch|p2a: Zygarde|Zygarde-10%|100/100
|-ability|p2a: Zygarde|Aura Break
|turn|14
|
|t:|1649477966
|switch|p1a: Zarude|Zarude|100/100
|move|p2a: Zygarde|Skitter Smack|p1a: Zarude
|-supereffective|p1a: Zarude
|-damage|p1a: Zarude|0 fnt
|faint|p1a: Zarude
|
|upkeep
|
|t:|1649477973
|switch|p1a: Entei|Entei|100/100
|turn|15
|
|t:|1649477977
|switch|p2a: Chansey|Chansey, F|100/100
|move|p1a: Entei|Sacred Fire|p2a: Chansey
|-damage|p2a: Chansey|72/100
|-status|p2a: Chansey|brn
|
|-damage|p2a: Chansey|66/100 brn|[from] brn
|upkeep
|turn|16
|
|t:|1649477982
|switch|p1a: Mandibuzz|Mandibuzz, F|67/100
|move|p2a: Chansey|Counter||[still]
|-fail|p2a: Chansey
|
|-damage|p2a: Chansey|60/100 brn|[from] brn
|upkeep
|turn|17
|
|t:|1649477987
|-curestatus|p2a: Chansey|brn|[from] ability: Natural Cure
|switch|p2a: Skarmory|Skarmory, F|85/100
|move|p1a: Mandibuzz|Knock Off|p2a: Skarmory
|-damage|p2a: Skarmory|76/100
|
|upkeep
|turn|18
|
|t:|1649477992
|move|p1a: Mandibuzz|Roost|p1a: Mandibuzz
|-heal|p1a: Mandibuzz|100/100
|-singleturn|p1a: Mandibuzz|move: Roost
|move|p2a: Skarmory|Brave Bird|p1a: Mandibuzz
|-damage|p1a: Mandibuzz|81/100
|-damage|p2a: Skarmory|68/100|[from] Recoil
|
|upkeep
|turn|19
|
|t:|1649477996
|move|p1a: Mandibuzz|U-turn|p2a: Skarmory
|-resisted|p2a: Skarmory
|-damage|p2a: Skarmory|66/100
|
|t:|1649477998
|switch|p1a: Entei|Entei|100/100|[from]move: U-turn
|move|p2a: Skarmory|Stealth Rock|p1a: Entei
|-sidestart|p1: PlasticPinnochio|move: Stealth Rock
|
|upkeep
|turn|20
|
|t:|1649478004
|move|p1a: Entei|Sacred Fire|p2a: Skarmory
|-supereffective|p2a: Skarmory
|-damage|p2a: Skarmory|10/100
|move|p2a: Skarmory|Brave Bird|p1a: Entei
|-damage|p1a: Entei|62/100
|-damage|p2a: Skarmory|0 fnt|[from] Recoil
|faint|p2a: Skarmory
|
|upkeep
|
|t:|1649478006
|switch|p2a: Zygarde|Zygarde-10%|100/100
|-ability|p2a: Zygarde|Aura Break
|turn|21
|
|t:|1649478015
|switch|p1a: Slowking|Slowking, F|72/100
|move|p2a: Zygarde|Thousand Arrows|p1a: Slowking
|-damage|p1a: Slowking|21/100
|
|upkeep
|turn|22
|
|t:|1649478020
|switch|p1a: Mandibuzz|Mandibuzz, F|81/100
|move|p2a: Zygarde|Thousand Arrows|p1a: Mandibuzz
|-damage|p1a: Mandibuzz|49/100
|-start|p1a: Mandibuzz|Smack Down
|
|upkeep
|turn|23
|
|t:|1649478022
|move|p2a: Zygarde|Thousand Arrows|p1a: Mandibuzz
|-damage|p1a: Mandibuzz|13/100
|move|p1a: Mandibuzz|Roost|p1a: Mandibuzz
|-heal|p1a: Mandibuzz|63/100
|-singleturn|p1a: Mandibuzz|move: Roost
|
|upkeep
|turn|24
|
|t:|1649478025
|move|p2a: Zygarde|Thousand Arrows|p1a: Mandibuzz
|-damage|p1a: Mandibuzz|30/100
|move|p1a: Mandibuzz|Roost|p1a: Mandibuzz
|-heal|p1a: Mandibuzz|80/100
|-singleturn|p1a: Mandibuzz|move: Roost
|
|upkeep
|turn|25
|
|t:|1649478028
|switch|p2a: Aegislash|Aegislash, M, shiny|100/100
|move|p1a: Mandibuzz|Defog|p2a: Aegislash
|-unboost|p2a: Aegislash|evasion|1
|-sideend|p1: PlasticPinnochio|Stealth Rock|[from] move: Defog|[of] p1a: Mandibuzz
|
|upkeep
|turn|26
|
|t:|1649478033
|move|p1a: Mandibuzz|Knock Off|p2a: Aegislash
|-supereffective|p2a: Aegislash
|-damage|p2a: Aegislash|63/100
|-enditem|p2a: Aegislash|Leftovers|[from] move: Knock Off|[of] p1a: Mandibuzz
|move|p2a: Aegislash|Substitute|p2a: Aegislash
|-start|p2a: Aegislash|Substitute
|-damage|p2a: Aegislash|38/100
|
|upkeep
|turn|27
|
|t:|1649478040
|move|p1a: Mandibuzz|Knock Off|p2a: Aegislash
|-supereffective|p2a: Aegislash
|-activate|p2a: Aegislash|move: Substitute|[damage]
|move|p2a: Aegislash|Toxic|p1a: Mandibuzz
|-status|p1a: Mandibuzz|tox
|
|-damage|p1a: Mandibuzz|74/100 tox|[from] psn
|upkeep
|turn|28
|
|t:|1649478045
|switch|p1a: Entei|Entei|62/100
|move|p2a: Aegislash|King's Shield||[still]
|-fail|p2a: Aegislash
|
|upkeep
|turn|29
|
|t:|1649478048
|move|p1a: Entei|Sacred Fire|p2a: Aegislash
|-supereffective|p2a: Aegislash
|-end|p2a: Aegislash|Substitute
|-formechange|p2a: Aegislash|Aegislash-Blade||[from] ability: Stance Change
|move|p2a: Aegislash|Shadow Ball|p1a: Entei
|-damage|p1a: Entei|16/100
|
|upkeep
|turn|30
|
|t:|1649478053
|switch|p2a: Chansey|Chansey, F|60/100
|move|p1a: Entei|Sacred Fire|p2a: Chansey
|-damage|p2a: Chansey|31/100
|-status|p2a: Chansey|brn
|
|-damage|p2a: Chansey|24/100 brn|[from] brn
|upkeep
|turn|31
|
|t:|1649478059
|move|p1a: Entei|Sacred Fire|p2a: Chansey
|-damage|p2a: Chansey|0 fnt
|faint|p2a: Chansey
|
|upkeep
|
|t:|1649478062
|switch|p2a: Zygarde|Zygarde-10%|100/100
|-ability|p2a: Zygarde|Aura Break
|turn|32
|
|t:|1649478065
|switch|p1a: Gardevoir|Gardevoir, M|100/100
|-ability|p1a: Gardevoir|Aura Break|[from] ability: Trace|[of] p2a: Zygarde
|-ability|p1a: Gardevoir|Aura Break
|move|p2a: Zygarde|Thousand Arrows|p1a: Gardevoir
|-damage|p1a: Gardevoir|2/100
|
|upkeep
|turn|33
|
|t:|1649478073
|move|p1a: Gardevoir|Mystical Fire|p2a: Zygarde
|-resisted|p2a: Zygarde
|-damage|p2a: Zygarde|81/100
|-unboost|p2a: Zygarde|spa|1
|move|p2a: Zygarde|Thousand Arrows|p1a: Gardevoir
|-damage|p1a: Gardevoir|0 fnt
|faint|p1a: Gardevoir
|
|upkeep
|
|t:|1649478075
|switch|p1a: Mandibuzz|Mandibuzz, F|74/100 tox
|turn|34
|
|t:|1649478079
|switch|p2a: Aegislash|Aegislash, M, shiny|38/100
|move|p1a: Mandibuzz|Knock Off|p2a: Aegislash
|-supereffective|p2a: Aegislash
|-damage|p2a: Aegislash|12/100
|
|-damage|p1a: Mandibuzz|68/100 tox|[from] psn
|upkeep
|turn|35
|
|t:|1649478083
|move|p2a: Aegislash|King's Shield|p2a: Aegislash
|-singleturn|p2a: Aegislash|Protect
|move|p1a: Mandibuzz|Knock Off|p2a: Aegislash
|-activate|p2a: Aegislash|move: Protect
|-unboost|p1a: Mandibuzz|atk|1
|
|-damage|p1a: Mandibuzz|56/100 tox|[from] psn
|upkeep
|turn|36
|
|t:|1649478086
|move|p1a: Mandibuzz|Roost|p1a: Mandibuzz
|-heal|p1a: Mandibuzz|100/100 tox
|-singleturn|p1a: Mandibuzz|move: Roost
|-formechange|p2a: Aegislash|Aegislash-Blade||[from] ability: Stance Change
|move|p2a: Aegislash|Shadow Ball|p1a: Mandibuzz
|-resisted|p1a: Mandibuzz
|-damage|p1a: Mandibuzz|85/100 tox
|
|-damage|p1a: Mandibuzz|66/100 tox|[from] psn
|upkeep
|turn|37
|
|t:|1649478090
|switch|p1a: Slowking|Slowking, F|55/100
|-formechange|p2a: Aegislash|Aegislash||[from] ability: Stance Change
|move|p2a: Aegislash|King's Shield||[still]
|-fail|p2a: Aegislash
|
|upkeep
|turn|38
|
|t:|1649478095
|-formechange|p2a: Aegislash|Aegislash-Blade||[from] ability: Stance Change
|move|p2a: Aegislash|Shadow Ball|p1a: Slowking
|-supereffective|p1a: Slowking
|-damage|p1a: Slowking|4/100
|move|p1a: Slowking|Teleport|p1a: Slowking
|
|t:|1649478097
|switch|p1a: Entei|Entei|16/100|[from]move: Teleport
|
|upkeep
|turn|39
|
|t:|1649478101
|-formechange|p2a: Aegislash|Aegislash||[from] ability: Stance Change
|move|p2a: Aegislash|King's Shield|p2a: Aegislash
|-singleturn|p2a: Aegislash|Protect
|move|p1a: Entei|Sacred Fire|p2a: Aegislash
|-activate|p2a: Aegislash|move: Protect
|
|upkeep
|turn|40
|
|t:|1649478105
|move|p1a: Entei|Sacred Fire|p2a: Aegislash
|-supereffective|p2a: Aegislash
|-damage|p2a: Aegislash|0 fnt
|faint|p2a: Aegislash
|
|upkeep
|
|t:|1649478107
|switch|p2a: Zygarde|Zygarde-10%|81/100
|-ability|p2a: Zygarde|Aura Break
|turn|41
|
|t:|1649478110
|move|p1a: Entei|Extreme Speed|p2a: Zygarde
|-damage|p2a: Zygarde|33/100
|move|p2a: Zygarde|Outrage|p1a: Entei
|-damage|p1a: Entei|0 fnt
|faint|p1a: Entei
|
|upkeep
|
|t:|1649478114
|switch|p1a: Mandibuzz|Mandibuzz, F|66/100 tox
|turn|42
|
|t:|1649478116
|move|p2a: Zygarde|Outrage|p1a: Mandibuzz|[from]lockedmove
|-damage|p1a: Mandibuzz|21/100 tox
|-start|p2a: Zygarde|confusion|[fatigue]
|move|p1a: Mandibuzz|Knock Off|p2a: Zygarde
|-damage|p2a: Zygarde|0 fnt
|-enditem|p2a: Zygarde|Choice Band|[from] move: Knock Off|[of] p1a: Mandibuzz
|faint|p2a: Zygarde
|
|win|PlasticPinnochio
|raw|PlasticPinnochio's rating: 1491 &rarr; <strong>1503</strong><br />(+12 for winning)
|raw|FreetheNards's rating: 1344 &rarr; <strong>1332</strong><br />(-12 for losing)
|c|☆PlasticPinnochio|gg
|l|☆FreetheNards
