|j|☆IndeedeIsKing
|j|☆esqimo589
|t:|1666200655
|gametype|singles
|player|p1|IndeedeIsKing|doctor-gen8|
|player|p2|esqimo589|n|
|teamsize|p1|6
|teamsize|p2|6
|gen|8
|tier|[Gen 8] UU
|rule|Sleep Clause Mod: Limit one foe put to sleep
|rule|Species Clause: Limit one of each Pokémon
|rule|OHKO Clause: OHKO moves are banned
|rule|Evasion Items Clause: Evasion items are banned
|rule|Evasion Moves Clause: Evasion moves are banned
|rule|Endless Battle Clause: Forcing endless battles is banned
|rule|HP Percentage Mod: HP is shown in percentages
|rule|Dynamax Clause: You cannot dynamax
|clearpoke
|poke|p1|Cofagrigus, F|
|poke|p1|Primarina, M|
|poke|p1|Chansey, F|
|poke|p1|Scizor, M|
|poke|p1|Salamence, M|
|poke|p1|Hippowdon, F|
|poke|p2|Chandelure, F|
|poke|p2|Raikou|
|poke|p2|Cobalion|
|poke|p2|Chansey, F|
|poke|p2|Diggersby, M|
|poke|p2|Salamence, M|
|teampreview
|inactive|Battle timer is ON: inactive players will automatically lose when time's up. (requested by esqimo589)
|inactive|IndeedeIsKing also wants the timer to be on.
|c|☆esqimo589|cof
|c|☆IndeedeIsKing|Glhf
|
|t:|1666200665
|start
|switch|p1a: Scizor|Scizor, M|100/100
|switch|p2a: doge|Raikou|100/100
|turn|1
|
|t:|1666200670
|move|p2a: doge|Scald|p1a: Scizor
|-damage|p1a: Scizor|72/100
|-status|p1a: Scizor|brn
|move|p1a: Scizor|U-turn|p2a: doge
|-damage|p2a: doge|76/100
|c|☆IndeedeIsKing|Sad
|
|t:|1666200676
|switch|p1a: Hippowdon|Hippowdon, F|100/100|[from]move: U-turn
|-weather|Sandstorm|[from] ability: Sand Stream|[of] p1a: Hippowdon
|
|-weather|Sandstorm|[upkeep]
|-damage|p2a: doge|70/100|[from] Sandstorm
|upkeep
|turn|2
|c|☆esqimo589|pogchamp
|
|t:|1666200680
|switch|p2a: egg|Chansey, F|100/100
|move|p1a: Hippowdon|Stealth Rock|p2a: egg
|-sidestart|p2: esqimo589|move: Stealth Rock
|
|-weather|Sandstorm|[upkeep]
|-damage|p2a: egg|94/100|[from] Sandstorm
|upkeep
|turn|3
|c|☆esqimo589|i fixed my hippo mu slightly with chansey but not erally
|
|t:|1666200695
|switch|p1a: Chansey|Chansey, F|100/100
|move|p2a: egg|Teleport|p2a: egg
|
|t:|1666200699
|switch|p2a: the goat|Cobalion|100/100|[from]move: Teleport
|-damage|p2a: the goat|97/100|[from] Stealth Rock
|
|-weather|Sandstorm|[upkeep]
|-damage|p1a: Chansey|94/100|[from] Sandstorm
|upkeep
|turn|4
|
|t:|1666200702
|switch|p1a: Hippowdon|Hippowdon, F|100/100
|move|p2a: the goat|Stealth Rock|p1a: Hippowdon
|-sidestart|p1: IndeedeIsKing|move: Stealth Rock
|
|-weather|Sandstorm|[upkeep]
|upkeep
|turn|5
|
|t:|1666200706
|switch|p2a: egg|Chansey, F|94/100
|-damage|p2a: egg|82/100|[from] Stealth Rock
|switch|p1a: Chansey|Chansey, F|94/100
|-damage|p1a: Chansey|82/100|[from] Stealth Rock
|
|-weather|none
|upkeep
|turn|6
|
|t:|1666200710
|move|p1a: Chansey|Heal Bell|p1a: Chansey
|-activate|p1a: Chansey|move: Heal Bell
|-curestatus|p1: Scizor|brn|[msg]
|move|p2a: egg|Teleport|p2a: egg
|
|t:|1666200712
|switch|p2a: the goat|Cobalion|97/100|[from]move: Teleport
|-damage|p2a: the goat|94/100|[from] Stealth Rock
|
|upkeep
|turn|7
|
|t:|1666200719
|switch|p1a: Hippowdon|Hippowdon, F|100/100
|-damage|p1a: Hippowdon|94/100|[from] Stealth Rock
|-weather|Sandstorm|[from] ability: Sand Stream|[of] p1a: Hippowdon
|move|p2a: the goat|Toxic|p1a: Hippowdon
|-status|p1a: Hippowdon|tox
|
|-weather|Sandstorm|[upkeep]
|-heal|p1a: Hippowdon|100/100 tox|[from] item: Leftovers
|-damage|p1a: Hippowdon|94/100 tox|[from] psn
|upkeep
|turn|8
|c|☆IndeedeIsKing|What are you doing
|c|☆esqimo589|move
|
|t:|1666200728
|switch|p2a: egg|Chansey, F|82/100
|-damage|p2a: egg|69/100|[from] Stealth Rock
|switch|p1a: Scizor|Scizor, M|72/100
|
|-weather|Sandstorm|[upkeep]
|-damage|p2a: egg|63/100|[from] Sandstorm
|upkeep
|turn|9
|c|☆esqimo589|s
|
|t:|1666200734
|switch|p2a: the goat|Cobalion|94/100
|-damage|p2a: the goat|91/100|[from] Stealth Rock
|move|p1a: Scizor|Knock Off|p2a: the goat
|-resisted|p2a: the goat
|-damage|p2a: the goat|78/100
|-damage|p1a: Scizor|56/100|[from] item: Rocky Helmet|[of] p2a: the goat
|-ability|p2a: the goat|Justified|boost
|-boost|p2a: the goat|atk|1
|-enditem|p2a: the goat|Rocky Helmet|[from] move: Knock Off|[of] p1a: Scizor
|
|-weather|Sandstorm|[upkeep]
|upkeep
|turn|10
|
|t:|1666200738
|switch|p1a: Hippowdon|Hippowdon, F|94/100 tox
|-damage|p1a: Hippowdon|88/100 tox|[from] Stealth Rock
|move|p2a: the goat|Close Combat|p1a: Hippowdon
|-damage|p1a: Hippowdon|45/100 tox
|-unboost|p2a: the goat|def|1
|-unboost|p2a: the goat|spd|1
|
|-weather|Sandstorm|[upkeep]
|-heal|p1a: Hippowdon|51/100 tox|[from] item: Leftovers
|-damage|p1a: Hippowdon|45/100 tox|[from] psn
|upkeep
|turn|11
|
|t:|1666200749
|switch|p2a: egg|Chansey, F|63/100
|-damage|p2a: egg|50/100|[from] Stealth Rock
|move|p1a: Hippowdon|Slack Off|p1a: Hippowdon
|-heal|p1a: Hippowdon|95/100 tox
|
|-weather|none
|-heal|p1a: Hippowdon|100/100 tox|[from] item: Leftovers
|-damage|p1a: Hippowdon|88/100 tox|[from] psn
|upkeep
|turn|12
|c|☆esqimo589|shit i shouldve cc'd
|c|☆esqimo589|idk why i didntg
|
|t:|1666200759
|switch|p1a: Scizor|Scizor, M|56/100
|move|p2a: egg|Soft-Boiled|p2a: egg
|-heal|p2a: egg|100/100
|
|upkeep
|turn|13
|
|t:|1666200763
|switch|p2a: the goat|Cobalion|78/100
|-damage|p2a: the goat|74/100|[from] Stealth Rock
|move|p1a: Scizor|U-turn|p2a: the goat
|-resisted|p2a: the goat
|-damage|p2a: the goat|67/100
|
|t:|1666200765
|switch|p1a: Salamence|Salamence, M|100/100|[from]move: U-turn
|-ability|p1a: Salamence|Intimidate|boost
|-unboost|p2a: the goat|atk|1
|
|upkeep
|turn|14
|
|t:|1666200768
|move|p2a: the goat|Volt Switch|p1a: Salamence
|-damage|p1a: Salamence|86/100
|
|t:|1666200770
|switch|p2a: egg|Chansey, F|100/100|[from]move: Volt Switch
|-damage|p2a: egg|88/100|[from] Stealth Rock
|move|p1a: Salamence|Flamethrower|p2a: egg
|-damage|p2a: egg|82/100
|-status|p2a: egg|brn
|
|-damage|p2a: egg|76/100 brn|[from] brn
|upkeep
|turn|15
|
|t:|1666200778
|switch|p1a: Scizor|Scizor, M|56/100
|move|p2a: egg|Teleport|p2a: egg
|
|t:|1666200790
|-curestatus|p2a: egg|brn|[from] ability: Natural Cure
|switch|p2a: doge|Raikou|70/100|[from]move: Teleport
|
|upkeep
|turn|16
|
|t:|1666200793
|switch|p1a: Chansey|Chansey, F|82/100
|-damage|p1a: Chansey|69/100|[from] Stealth Rock
|move|p2a: doge|Scald|p1a: Chansey
|-damage|p1a: Chansey|61/100
|
|upkeep
|turn|17
|
|t:|1666200796
|move|p2a: doge|Volt Switch|p1a: Chansey
|-damage|p1a: Chansey|51/100
|
|t:|1666200799
|switch|p2a: egg|Chansey, F|76/100|[from]move: Volt Switch
|-damage|p2a: egg|63/100|[from] Stealth Rock
|move|p1a: Chansey|Soft-Boiled|p1a: Chansey
|-heal|p1a: Chansey|100/100
|
|upkeep
|turn|18
|
|t:|1666200805
|move|p1a: Chansey|Heal Bell|p1a: Chansey
|-activate|p1a: Chansey|move: Heal Bell
|-curestatus|p1: Hippowdon|tox|[msg]
|move|p2a: egg|Teleport|p2a: egg
|c|☆esqimo589|chansey do be fun
|
|t:|1666200809
|switch|p2a: the goat|Cobalion|67/100|[from]move: Teleport
|-damage|p2a: the goat|64/100|[from] Stealth Rock
|
|upkeep
|turn|19
|
|t:|1666200816
|move|p2a: the goat|Close Combat|p1a: Chansey
|-supereffective|p1a: Chansey
|-damage|p1a: Chansey|35/100
|-unboost|p2a: the goat|def|1
|-unboost|p2a: the goat|spd|1
|move|p1a: Chansey|Wish|p1a: Chansey
|
|upkeep
|turn|20
|
|t:|1666200823
|switch|p1a: Primarina|Primarina, M|100/100
|-damage|p1a: Primarina|88/100|[from] Stealth Rock
|move|p2a: the goat|Close Combat|p1a: Primarina
|-resisted|p1a: Primarina
|-damage|p1a: Primarina|50/100
|-unboost|p2a: the goat|def|1
|-unboost|p2a: the goat|spd|1
|
|-heal|p1a: Primarina|100/100|[from] move: Wish|[wisher] Chansey
|upkeep
|turn|21
|
|t:|1666200827
|move|p2a: the goat|Volt Switch|p1a: Primarina
|-supereffective|p1a: Primarina
|-crit|p1a: Primarina
|-damage|p1a: Primarina|59/100
|
|t:|1666200830
|switch|p2a: egg|Chansey, F|63/100|[from]move: Volt Switch
|-damage|p2a: egg|51/100|[from] Stealth Rock
|move|p1a: Primarina|Hydro Pump|p2a: egg
|-damage|p2a: egg|22/100
|
|upkeep
|turn|22
|c|☆IndeedeIsKing|Sad
|
|t:|1666200834
|switch|p2a: whiteeyesbluedrag|Salamence, M|100/100
|-ability|p2a: whiteeyesbluedrag|Intimidate|boost
|-unboost|p1a: Primarina|atk|1
|move|p1a: Primarina|Hydro Pump|p2a: whiteeyesbluedrag
|-resisted|p2a: whiteeyesbluedrag
|-damage|p2a: whiteeyesbluedrag|52/100
|
|upkeep
|turn|23
|
|t:|1666200844
|switch|p1a: Salamence|Salamence, M|86/100
|-ability|p1a: Salamence|Intimidate|boost
|-unboost|p2a: whiteeyesbluedrag|atk|1
|move|p2a: whiteeyesbluedrag|Roost|p2a: whiteeyesbluedrag
|-heal|p2a: whiteeyesbluedrag|100/100
|-singleturn|p2a: whiteeyesbluedrag|move: Roost
|
|upkeep
|turn|24
|c|☆IndeedeIsKing|Toxic dragon
|
|t:|1666200857
|move|p2a: whiteeyesbluedrag|Defog|p1a: Salamence
|-unboost|p1a: Salamence|evasion|1
|-sideend|p1: IndeedeIsKing|Stealth Rock|[from] move: Defog|[of] p2a: whiteeyesbluedrag
|-sideend|p2: esqimo589|Stealth Rock|[from] move: Defog|[of] p2a: whiteeyesbluedrag
|move|p1a: Salamence|Dual Wingbeat|p2a: whiteeyesbluedrag
|-damage|p2a: whiteeyesbluedrag|83/100
|-damage|p2a: whiteeyesbluedrag|67/100
|-hitcount|p2a: whiteeyesbluedrag|2
|
|upkeep
|turn|25
|c|☆esqimo589|yeah
|c|☆esqimo589|i see
|
|t:|1666200869
|switch|p2a: doge|Raikou|70/100
|move|p1a: Salamence|Dual Wingbeat|p2a: doge|[miss]
|-miss|p1a: Salamence|p2a: doge
|
|upkeep
|turn|26
|
|t:|1666200872
|switch|p1a: Hippowdon|Hippowdon, F|88/100
|-weather|Sandstorm|[from] ability: Sand Stream|[of] p1a: Hippowdon
|move|p2a: doge|Volt Switch|p1a: Hippowdon
|-immune|p1a: Hippowdon
|
|-weather|Sandstorm|[upkeep]
|-damage|p2a: doge|64/100|[from] Sandstorm
|-heal|p1a: Hippowdon|94/100|[from] item: Leftovers
|upkeep
|turn|27
|c|☆esqimo589|cringe
|
|t:|1666200881
|move|p2a: doge|Scald|p1a: Hippowdon
|-supereffective|p1a: Hippowdon
|-damage|p1a: Hippowdon|50/100
|-status|p1a: Hippowdon|brn
|move|p1a: Hippowdon|Earthquake|p2a: doge
|-supereffective|p2a: doge
|-damage|p2a: doge|13/100
|
|-weather|Sandstorm|[upkeep]
|-damage|p2a: doge|7/100|[from] Sandstorm
|-heal|p1a: Hippowdon|56/100 brn|[from] item: Leftovers
|-damage|p1a: Hippowdon|50/100 brn|[from] brn
|upkeep
|turn|28
|c|☆IndeedeIsKing|How are you this lucky
|c|☆esqimo589|you didnt click rocks ;-;
|c|☆esqimo589|but also im lucky
|c|☆esqimo589|so
|
|t:|1666200910
|switch|p2a: whiteeyesbluedrag|Salamence, M|67/100
|-ability|p2a: whiteeyesbluedrag|Intimidate|boost
|-unboost|p1a: Hippowdon|atk|1
|move|p1a: Hippowdon|Slack Off|p1a: Hippowdon
|-heal|p1a: Hippowdon|99/100 brn
|
|-weather|Sandstorm|[upkeep]
|-damage|p2a: whiteeyesbluedrag|61/100|[from] Sandstorm
|-heal|p1a: Hippowdon|100/100 brn|[from] item: Leftovers
|-damage|p1a: Hippowdon|94/100 brn|[from] brn
|upkeep
|turn|29
|
|t:|1666200918
|move|p2a: whiteeyesbluedrag|Hurricane|p1a: Hippowdon
|-damage|p1a: Hippowdon|60/100 brn
|-start|p1a: Hippowdon|confusion
|-activate|p1a: Hippowdon|confusion
|-damage|p1a: Hippowdon|56/100 brn|[from] confusion
|
|-weather|Sandstorm|[upkeep]
|-damage|p2a: whiteeyesbluedrag|55/100|[from] Sandstorm
|-heal|p1a: Hippowdon|62/100 brn|[from] item: Leftovers
|-damage|p1a: Hippowdon|56/100 brn|[from] brn
|upkeep
|turn|30
|c|☆IndeedeIsKing|Your luck
|c|☆esqimo589|pog
|c|☆IndeedeIsKing|Is insane
|
|t:|1666200931
|switch|p1a: Chansey|Chansey, F|35/100
|move|p2a: whiteeyesbluedrag|Hurricane|p1a: Chansey
|-damage|p1a: Chansey|22/100
|-start|p1a: Chansey|confusion
|
|-weather|none
|upkeep
|turn|31
|
|t:|1666200935
|switch|p2a: egg|Chansey, F|22/100
|-activate|p1a: Chansey|confusion
|move|p1a: Chansey|Soft-Boiled|p1a: Chansey
|-heal|p1a: Chansey|72/100
|
|upkeep
|turn|32
|
|t:|1666200938
|switch|p1a: Cofagrigus|Cofagrigus, F|100/100
|move|p2a: egg|Soft-Boiled|p2a: egg
|-heal|p2a: egg|72/100
|
|upkeep
|turn|33
|
|t:|1666200948
|move|p2a: egg|Soft-Boiled|p2a: egg
|-heal|p2a: egg|100/100
|move|p1a: Cofagrigus|Iron Defense|p1a: Cofagrigus
|-boost|p1a: Cofagrigus|def|2
|
|upkeep
|turn|34
|
|t:|1666200950
|switch|p2a: chandelier|Chandelure, F|100/100
|move|p1a: Cofagrigus|Shadow Ball|p2a: chandelier
|-supereffective|p2a: chandelier
|-damage|p2a: chandelier|26/100
|
|upkeep
|turn|35
|c|☆esqimo589|ive been played
|c|☆IndeedeIsKing|Rip you stupid chandelure
|c|☆esqimo589|fuck chansey
|
|t:|1666200967
|move|p2a: chandelier|Shadow Ball|p1a: Cofagrigus
|-supereffective|p1a: Cofagrigus
|-damage|p1a: Cofagrigus|0 fnt
|faint|p1a: Cofagrigus
|
|upkeep
|c|☆esqimo589|pog
|c|☆IndeedeIsKing|Wait what
|
|t:|1666200975
|switch|p1a: Scizor|Scizor, M|56/100
|turn|36
|
|t:|1666200983
|move|p1a: Scizor|Bullet Punch|p2a: chandelier
|-resisted|p2a: chandelier
|-damage|p2a: chandelier|4/100
|move|p2a: chandelier|Shadow Ball|p1a: Scizor
|-damage|p1a: Scizor|0 fnt
|faint|p1a: Scizor
|
|upkeep
|c|☆esqimo589|i dont think bp kills
|c|☆esqimo589|AHA
|c|☆esqimo589|gotcha bitch
|c|☆IndeedeIsKing|I hate this game
|
|t:|1666200994
|switch|p1a: Salamence|Salamence, M|86/100
|-ability|p1a: Salamence|Intimidate|boost
|-unboost|p2a: chandelier|atk|1
|turn|37
|c|☆esqimo589|watch dwb miss
|c|☆IndeedeIsKing|I actually don't doubt it
|
|t:|1666201017
|move|p2a: chandelier|Shadow Ball|p1a: Salamence
|-damage|p1a: Salamence|15/100
|move|p1a: Salamence|Dual Wingbeat|p2a: chandelier
|-damage|p2a: chandelier|0 fnt
|faint|p2a: chandelier
|-hitcount|p2: chandelier|1
|
|upkeep
|c|☆esqimo589|wtf
|c|☆esqimo589|bro
|c|☆esqimo589|slow as shit mence
|c|☆esqimo589|but it lived
|c|☆esqimo589|somehow
|inactive|esqimo589 has 270 seconds left.
|c|☆esqimo589|wait whats the uhhh
|c|☆esqimo589|96 speed mence
|c|☆IndeedeIsKing|Because instead of speed I have defenses
|c|☆esqimo589|its meant to outspeed uhhh
|c|☆esqimo589|ada mamo and modest venu
|c|☆IndeedeIsKing|Uhhhh
|c|☆esqimo589|ohh im timid
|c|☆esqimo589|makes sense
|inactive|esqimo589 has 240 seconds left.
|
|t:|1666201063
|switch|p2a: doge|Raikou|7/100
|turn|38
|
|t:|1666201066
|switch|p1a: Chansey|Chansey, F|72/100
|move|p2a: doge|Scald|p1a: Chansey
|-damage|p1a: Chansey|64/100
|-status|p1a: Chansey|brn
|
|-damage|p1a: Chansey|58/100 brn|[from] brn
|upkeep
|turn|39
|
|t:|1666201071
|move|p2a: doge|Volt Switch|p1a: Chansey
|-damage|p1a: Chansey|47/100 brn
|c|☆esqimo589|yeah that was obvious idk why i scalded
|
|t:|1666201083
|switch|p2a: the goat|Cobalion|64/100|[from]move: Volt Switch
|move|p1a: Chansey|Wish|p1a: Chansey
|
|-damage|p1a: Chansey|41/100 brn|[from] brn
|upkeep
|turn|40
|
|t:|1666201088
|-curestatus|p1a: Chansey|brn|[from] ability: Natural Cure
|switch|p1a: Hippowdon|Hippowdon, F|56/100 brn
|-weather|Sandstorm|[from] ability: Sand Stream|[of] p1a: Hippowdon
|move|p2a: the goat|Close Combat|p1a: Hippowdon
|-damage|p1a: Hippowdon|23/100 brn
|-unboost|p2a: the goat|def|1
|-unboost|p2a: the goat|spd|1
|
|-weather|Sandstorm|[upkeep]
|-heal|p1a: Hippowdon|100/100 brn|[from] move: Wish|[wisher] Chansey
|-damage|p1a: Hippowdon|94/100 brn|[from] brn
|upkeep
|turn|41
|c|☆esqimo589|oh wish
|c|☆esqimo589|im sos tupid
|
|t:|1666201099
|switch|p2a: egg|Chansey, F|100/100
|move|p1a: Hippowdon|Stealth Rock|p2a: egg
|-sidestart|p2: esqimo589|move: Stealth Rock
|
|-weather|Sandstorm|[upkeep]
|-damage|p2a: egg|94/100|[from] Sandstorm
|-heal|p1a: Hippowdon|100/100 brn|[from] item: Leftovers
|-damage|p1a: Hippowdon|94/100 brn|[from] brn
|upkeep
|turn|42
|
|t:|1666201103
|move|p1a: Hippowdon|Toxic|p2a: egg
|-status|p2a: egg|tox
|move|p2a: egg|Teleport|p2a: egg
|inactive|esqimo589 has 270 seconds left.
|
|t:|1666201115
|-curestatus|p2a: egg|tox|[from] ability: Natural Cure
|switch|p2a: big chungus|Diggersby, M|100/100|[from]move: Teleport
|-damage|p2a: big chungus|94/100|[from] Stealth Rock
|
|-weather|Sandstorm|[upkeep]
|-heal|p1a: Hippowdon|100/100 brn|[from] item: Leftovers
|-damage|p1a: Hippowdon|94/100 brn|[from] brn
|upkeep
|turn|43
|c|☆IndeedeIsKing|As a burned hippo you can't hurt me
|
|t:|1666201124
|move|p2a: big chungus|U-turn|p1a: Hippowdon
|-damage|p1a: Hippowdon|76/100 brn
|c|☆esqimo589|yeahhh i realise that now
|
|t:|1666201128
|switch|p2a: egg|Chansey, F|94/100|[from]move: U-turn
|-damage|p2a: egg|82/100|[from] Stealth Rock
|move|p1a: Hippowdon|Slack Off|p1a: Hippowdon
|-heal|p1a: Hippowdon|100/100 brn
|
|-weather|Sandstorm|[upkeep]
|-damage|p2a: egg|75/100|[from] Sandstorm
|-damage|p1a: Hippowdon|94/100 brn|[from] brn
|upkeep
|turn|44
|
|t:|1666201132
|move|p2a: egg|Seismic Toss|p1a: Hippowdon
|-damage|p1a: Hippowdon|70/100 brn
|move|p1a: Hippowdon|Toxic|p2a: egg
|-status|p2a: egg|tox
|
|-weather|none
|-heal|p1a: Hippowdon|77/100 brn|[from] item: Leftovers
|-damage|p2a: egg|69/100 tox|[from] psn
|-damage|p1a: Hippowdon|70/100 brn|[from] brn
|upkeep
|turn|45
|
|t:|1666201135
|move|p2a: egg|Soft-Boiled|p2a: egg
|-heal|p2a: egg|100/100 tox
|move|p1a: Hippowdon|Slack Off|p1a: Hippowdon
|-heal|p1a: Hippowdon|100/100 brn
|
|-damage|p2a: egg|88/100 tox|[from] psn
|-damage|p1a: Hippowdon|94/100 brn|[from] brn
|upkeep
|turn|46
|
|t:|1666201138
|move|p1a: Hippowdon|Earthquake|p2a: egg
|-damage|p2a: egg|75/100 tox
|move|p2a: egg|Teleport|p2a: egg
|
|t:|1666201140
|-curestatus|p2a: egg|tox|[from] ability: Natural Cure
|switch|p2a: big chungus|Diggersby, M|94/100|[from]move: Teleport
|-damage|p2a: big chungus|88/100|[from] Stealth Rock
|
|-heal|p1a: Hippowdon|100/100 brn|[from] item: Leftovers
|-damage|p1a: Hippowdon|94/100 brn|[from] brn
|upkeep
|turn|47
|c|☆esqimo589|i can pp stall you tho
|
|t:|1666201147
|move|p2a: big chungus|U-turn|p1a: Hippowdon
|-damage|p1a: Hippowdon|75/100 brn
|
|t:|1666201148
|switch|p2a: egg|Chansey, F|75/100|[from]move: U-turn
|-damage|p2a: egg|63/100|[from] Stealth Rock
|move|p1a: Hippowdon|Toxic|p2a: egg
|-status|p2a: egg|tox
|
|-heal|p1a: Hippowdon|82/100 brn|[from] item: Leftovers
|-damage|p2a: egg|56/100 tox|[from] psn
|-damage|p1a: Hippowdon|75/100 brn|[from] brn
|upkeep
|turn|48
|
|t:|1666201154
|switch|p1a: Chansey|Chansey, F|41/100
|move|p2a: egg|Soft-Boiled|p2a: egg
|-heal|p2a: egg|100/100 tox
|
|-damage|p2a: egg|88/100 tox|[from] psn
|upkeep
|turn|49
|
|t:|1666201160
|move|p1a: Chansey|Soft-Boiled|p1a: Chansey
|-heal|p1a: Chansey|91/100
|move|p2a: egg|Teleport|p2a: egg
|c|☆IndeedeIsKing|Okay
|
|t:|1666201163
|-curestatus|p2a: egg|tox|[from] ability: Natural Cure
|switch|p2a: the goat|Cobalion|64/100|[from]move: Teleport
|-damage|p2a: the goat|61/100|[from] Stealth Rock
|
|upkeep
|turn|50
|c|☆IndeedeIsKing|I don't mind
|
|t:|1666201171
|switch|p1a: Hippowdon|Hippowdon, F|75/100 brn
|-weather|Sandstorm|[from] ability: Sand Stream|[of] p1a: Hippowdon
|move|p2a: the goat|Stealth Rock|p1a: Hippowdon
|-sidestart|p1: IndeedeIsKing|move: Stealth Rock
|
|-weather|Sandstorm|[upkeep]
|-heal|p1a: Hippowdon|82/100 brn|[from] item: Leftovers
|-damage|p1a: Hippowdon|75/100 brn|[from] brn
|upkeep
|turn|51
|c|☆esqimo589|wow pp stalling in friendlies oop
|
|t:|1666201180
|switch|p2a: egg|Chansey, F|88/100
|-damage|p2a: egg|75/100|[from] Stealth Rock
|switch|p1a: Salamence|Salamence, M|15/100
|-ability|p1a: Salamence|Intimidate|boost
|-unboost|p2a: egg|atk|1
|
|-weather|Sandstorm|[upkeep]
|-damage|p1a: Salamence|9/100|[from] Sandstorm
|-damage|p2a: egg|69/100|[from] Sandstorm
|upkeep
|turn|52
|
|t:|1666201183
|move|p1a: Salamence|Roost|p1a: Salamence
|-heal|p1a: Salamence|59/100
|-singleturn|p1a: Salamence|move: Roost
|move|p2a: egg|Seismic Toss|p1a: Salamence
|-damage|p1a: Salamence|34/100
|
|-weather|Sandstorm|[upkeep]
|-damage|p1a: Salamence|28/100|[from] Sandstorm
|-damage|p2a: egg|63/100|[from] Sandstorm
|upkeep
|turn|53
|
|t:|1666201185
|move|p1a: Salamence|Roost|p1a: Salamence
|-heal|p1a: Salamence|78/100
|-singleturn|p1a: Salamence|move: Roost
|move|p2a: egg|Toxic|p1a: Salamence
|-status|p1a: Salamence|tox
|
|-weather|Sandstorm|[upkeep]
|-damage|p1a: Salamence|72/100 tox|[from] Sandstorm
|-damage|p2a: egg|57/100|[from] Sandstorm
|-damage|p1a: Salamence|65/100 tox|[from] psn
|upkeep
|turn|54
|
|t:|1666201189
|switch|p1a: Chansey|Chansey, F|91/100
|-damage|p1a: Chansey|78/100|[from] Stealth Rock
|move|p2a: egg|Soft-Boiled|p2a: egg
|-heal|p2a: egg|100/100
|
|-weather|none
|upkeep
|turn|55
|c|☆esqimo589|you cant even bell
|
|t:|1666201198
|move|p1a: Chansey|Heal Bell|p1a: Chansey
|-activate|p1a: Chansey|move: Heal Bell
|-curestatus|p1: Salamence|tox|[msg]
|-curestatus|p1: Hippowdon|brn|[msg]
|move|p2a: egg|Seismic Toss|p1a: Chansey
|-damage|p1a: Chansey|64/100
|
|upkeep
|turn|56
|c|☆IndeedeIsKing|I can
|c|☆esqimo589|oh
|
|t:|1666201204
|move|p2a: egg|Toxic|p1a: Chansey
|-status|p1a: Chansey|tox
|move|p1a: Chansey|Seismic Toss|p2a: egg
|-damage|p2a: egg|86/100
|
|-damage|p1a: Chansey|58/100 tox|[from] psn
|upkeep
|turn|57
|
|t:|1666201211
|move|p2a: egg|Toxic|p1a: Chansey
|-fail|p1a: Chansey|tox
|move|p1a: Chansey|Soft-Boiled|p1a: Chansey
|-heal|p1a: Chansey|100/100 tox
|
|-damage|p1a: Chansey|88/100 tox|[from] psn
|upkeep
|turn|58
|c|☆IndeedeIsKing|Interesting strategy
|c|☆esqimo589|oop
|
|t:|1666201223
|move|p2a: egg|Toxic|p1a: Chansey
|-fail|p1a: Chansey|tox
|move|p1a: Chansey|Wish|p1a: Chansey
|
|-damage|p1a: Chansey|69/100 tox|[from] psn
|upkeep
|turn|59
|
|t:|1666201231
|move|p1a: Chansey|Seismic Toss|p2a: egg
|-damage|p2a: egg|72/100
|move|p2a: egg|Seismic Toss|p1a: Chansey
|-damage|p1a: Chansey|55/100 tox
|
|-heal|p1a: Chansey|100/100 tox|[from] move: Wish|[wisher] Chansey
|-damage|p1a: Chansey|75/100 tox|[from] psn
|upkeep
|turn|60
|
|t:|1666201234
|move|p2a: egg|Toxic|p1a: Chansey
|-fail|p1a: Chansey|tox
|move|p1a: Chansey|Wish|p1a: Chansey
|
|-damage|p1a: Chansey|44/100 tox|[from] psn
|upkeep
|turn|61
|
|t:|1666201240
|move|p1a: Chansey|Heal Bell|p1a: Chansey
|-activate|p1a: Chansey|move: Heal Bell
|-curestatus|p1a: Chansey|tox|[msg]
|move|p2a: egg|Seismic Toss|p1a: Chansey
|-damage|p1a: Chansey|30/100
|
|-heal|p1a: Chansey|80/100|[from] move: Wish|[wisher] Chansey
|upkeep
|turn|62
|
|t:|1666201246
|move|p2a: egg|Toxic|p1a: Chansey
|-status|p1a: Chansey|tox
|move|p1a: Chansey|Seismic Toss|p2a: egg
|-damage|p2a: egg|58/100
|
|-damage|p1a: Chansey|74/100 tox|[from] psn
|upkeep
|turn|63
|
|t:|1666201249
|move|p1a: Chansey|Wish|p1a: Chansey
|move|p2a: egg|Soft-Boiled|p2a: egg
|-heal|p2a: egg|100/100
|
|-damage|p1a: Chansey|61/100 tox|[from] psn
|upkeep
|turn|64
|c|☆esqimo589|i mean
|c|☆esqimo589|ok
|
|t:|1666201254
|move|p1a: Chansey|Seismic Toss|p2a: egg
|-damage|p2a: egg|86/100
|move|p2a: egg|Seismic Toss|p1a: Chansey
|-damage|p1a: Chansey|47/100 tox
|
|-heal|p1a: Chansey|97/100 tox|[from] move: Wish|[wisher] Chansey
|-damage|p1a: Chansey|78/100 tox|[from] psn
|upkeep
|turn|65
|
|t:|1666201261
|-curestatus|p1a: Chansey|tox|[from] ability: Natural Cure
|switch|p1a: Hippowdon|Hippowdon, F|75/100
|-damage|p1a: Hippowdon|69/100|[from] Stealth Rock
|-weather|Sandstorm|[from] ability: Sand Stream|[of] p1a: Hippowdon
|move|p2a: egg|Seismic Toss|p1a: Hippowdon
|-damage|p1a: Hippowdon|45/100
|
|-weather|Sandstorm|[upkeep]
|-damage|p2a: egg|80/100|[from] Sandstorm
|-heal|p1a: Hippowdon|52/100|[from] item: Leftovers
|upkeep
|turn|66
|
|t:|1666201269
|switch|p1a: Chansey|Chansey, F|78/100
|-damage|p1a: Chansey|66/100|[from] Stealth Rock
|move|p2a: egg|Seismic Toss|p1a: Chansey
|-damage|p1a: Chansey|52/100
|
|-weather|Sandstorm|[upkeep]
|-damage|p1a: Chansey|45/100|[from] Sandstorm
|-damage|p2a: egg|74/100|[from] Sandstorm
|upkeep
|turn|67
|
|t:|1666201274
|move|p2a: egg|Toxic|p1a: Chansey
|-status|p1a: Chansey|tox
|move|p1a: Chansey|Soft-Boiled|p1a: Chansey
|-heal|p1a: Chansey|95/100 tox
|
|-weather|Sandstorm|[upkeep]
|-damage|p1a: Chansey|89/100 tox|[from] Sandstorm
|-damage|p2a: egg|68/100|[from] Sandstorm
|-damage|p1a: Chansey|83/100 tox|[from] psn
|upkeep
|turn|68
|
|t:|1666201278
|move|p2a: egg|Toxic|p1a: Chansey
|-fail|p1a: Chansey|tox
|move|p1a: Chansey|Wish|p1a: Chansey
|
|-weather|Sandstorm|[upkeep]
|-damage|p2a: egg|61/100|[from] Sandstorm
|-damage|p1a: Chansey|77/100 tox|[from] Sandstorm
|-damage|p1a: Chansey|64/100 tox|[from] psn
|upkeep
|turn|69
|
|t:|1666201285
|-curestatus|p1a: Chansey|tox|[from] ability: Natural Cure
|switch|p1a: Primarina|Primarina, M|59/100
|-damage|p1a: Primarina|47/100|[from] Stealth Rock
|move|p2a: egg|Soft-Boiled|p2a: egg
|-heal|p2a: egg|100/100
|
|-weather|none
|-heal|p1a: Primarina|100/100|[from] move: Wish|[wisher] Chansey
|upkeep
|turn|70
|
|t:|1666201293
|switch|p1a: Chansey|Chansey, F|64/100
|-damage|p1a: Chansey|52/100|[from] Stealth Rock
|move|p2a: egg|Toxic|p1a: Chansey
|-status|p1a: Chansey|tox
|
|-damage|p1a: Chansey|45/100 tox|[from] psn
|upkeep
|turn|71
|
|t:|1666201296
|move|p1a: Chansey|Soft-Boiled|p1a: Chansey
|-heal|p1a: Chansey|95/100 tox
|move|p2a: egg|Teleport|p2a: egg
|
|t:|1666201298
|switch|p2a: the goat|Cobalion|61/100|[from]move: Teleport
|-damage|p2a: the goat|57/100|[from] Stealth Rock
|
|-damage|p1a: Chansey|83/100 tox|[from] psn
|upkeep
|turn|72
|
|t:|1666201304
|-curestatus|p1a: Chansey|tox|[from] ability: Natural Cure
|switch|p1a: Hippowdon|Hippowdon, F|52/100
|-damage|p1a: Hippowdon|45/100|[from] Stealth Rock
|-weather|Sandstorm|[from] ability: Sand Stream|[of] p1a: Hippowdon
|move|p2a: the goat|Toxic|p1a: Hippowdon
|-status|p1a: Hippowdon|tox
|
|-weather|Sandstorm|[upkeep]
|-heal|p1a: Hippowdon|52/100 tox|[from] item: Leftovers
|-damage|p1a: Hippowdon|45/100 tox|[from] psn
|upkeep
|turn|73
|c|☆esqimo589|epic
|
|t:|1666201309
|switch|p2a: egg|Chansey, F|100/100
|-damage|p2a: egg|88/100|[from] Stealth Rock
|move|p1a: Hippowdon|Slack Off|p1a: Hippowdon
|-heal|p1a: Hippowdon|95/100 tox
|
|-weather|Sandstorm|[upkeep]
|-damage|p2a: egg|82/100|[from] Sandstorm
|-heal|p1a: Hippowdon|100/100 tox|[from] item: Leftovers
|-damage|p1a: Hippowdon|88/100 tox|[from] psn
|upkeep
|turn|74
|
|t:|1666201315
|switch|p1a: Chansey|Chansey, F|83/100
|-damage|p1a: Chansey|70/100|[from] Stealth Rock
|move|p2a: egg|Seismic Toss|p1a: Chansey
|-damage|p1a: Chansey|56/100
|
|-weather|Sandstorm|[upkeep]
|-damage|p1a: Chansey|50/100|[from] Sandstorm
|-damage|p2a: egg|75/100|[from] Sandstorm
|upkeep
|turn|75
|
|t:|1666201317
|move|p1a: Chansey|Soft-Boiled|p1a: Chansey
|-heal|p1a: Chansey|99/100
|move|p2a: egg|Teleport|p2a: egg
|
|t:|1666201320
|switch|p2a: the goat|Cobalion|57/100|[from]move: Teleport
|-damage|p2a: the goat|54/100|[from] Stealth Rock
|
|-weather|Sandstorm|[upkeep]
|-damage|p1a: Chansey|94/100|[from] Sandstorm
|upkeep
|turn|76
|
|t:|1666201323
|switch|p1a: Hippowdon|Hippowdon, F|88/100 tox
|-damage|p1a: Hippowdon|82/100 tox|[from] Stealth Rock
|move|p2a: the goat|Close Combat|p1a: Hippowdon
|-damage|p1a: Hippowdon|49/100 tox
|-unboost|p2a: the goat|def|1
|-unboost|p2a: the goat|spd|1
|
|-weather|none
|-heal|p1a: Hippowdon|55/100 tox|[from] item: Leftovers
|-damage|p1a: Hippowdon|49/100 tox|[from] psn
|upkeep
|turn|77
|
|t:|1666201339
|switch|p2a: big chungus|Diggersby, M|88/100
|-damage|p2a: big chungus|82/100|[from] Stealth Rock
|move|p1a: Hippowdon|Earthquake|p2a: big chungus
|-damage|p2a: big chungus|30/100
|
|-heal|p1a: Hippowdon|55/100 tox|[from] item: Leftovers
|-damage|p1a: Hippowdon|43/100 tox|[from] psn
|upkeep
|turn|78
|
|t:|1666201347
|switch|p1a: Salamence|Salamence, M|65/100
|-ability|p1a: Salamence|Intimidate|boost
|-unboost|p2a: big chungus|atk|1
|move|p2a: big chungus|Knock Off|p1a: Salamence
|-damage|p1a: Salamence|43/100
|-enditem|p1a: Salamence|Heavy-Duty Boots|[from] move: Knock Off|[of] p2a: big chungus
|
|upkeep
|turn|79
|
|t:|1666201364
|switch|p2a: egg|Chansey, F|75/100
|-damage|p2a: egg|63/100|[from] Stealth Rock
|move|p1a: Salamence|Flamethrower|p2a: egg
|-damage|p2a: egg|57/100
|
|upkeep
|turn|80
|
|t:|1666201367
|move|p1a: Salamence|Roost|p1a: Salamence
|-heal|p1a: Salamence|93/100
|-singleturn|p1a: Salamence|move: Roost
|move|p2a: egg|Soft-Boiled|p2a: egg
|-heal|p2a: egg|100/100
|
|upkeep
|turn|81
|
|t:|1666201372
|move|p1a: Salamence|Defog|p2a: egg
|-unboost|p2a: egg|evasion|1
|-sideend|p2: esqimo589|Stealth Rock|[from] move: Defog|[of] p1a: Salamence
|-sideend|p1: IndeedeIsKing|Stealth Rock|[from] move: Defog|[of] p1a: Salamence
|move|p2a: egg|Teleport|p2a: egg
|
|t:|1666201379
|switch|p2a: doge|Raikou|7/100|[from]move: Teleport
|
|upkeep
|turn|82
|
|t:|1666201381
|move|p2a: doge|Volt Switch|p1a: Salamence
|-damage|p1a: Salamence|57/100
|
|t:|1666201385
|switch|p2a: egg|Chansey, F|100/100|[from]move: Volt Switch
|move|p1a: Salamence|Dual Wingbeat|p2a: egg
|-damage|p2a: egg|89/100
|-damage|p2a: egg|78/100
|-hitcount|p2a: egg|2
|
|upkeep
|turn|83
|
|t:|1666201389
|move|p1a: Salamence|Roost|p1a: Salamence
|-heal|p1a: Salamence|100/100
|-singleturn|p1a: Salamence|move: Roost
|move|p2a: egg|Seismic Toss|p1a: Salamence
|-damage|p1a: Salamence|75/100
|
|upkeep
|turn|84
|
|t:|1666201392
|switch|p1a: Chansey|Chansey, F|94/100
|move|p2a: egg|Seismic Toss|p1a: Chansey
|-damage|p1a: Chansey|79/100
|
|upkeep
|turn|85
|
|t:|1666201395
|move|p2a: egg|Seismic Toss|p1a: Chansey
|-damage|p1a: Chansey|65/100
|move|p1a: Chansey|Wish|p1a: Chansey
|
|upkeep
|turn|86
|
|t:|1666201397
|switch|p1a: Hippowdon|Hippowdon, F|43/100 tox
|-weather|Sandstorm|[from] ability: Sand Stream|[of] p1a: Hippowdon
|move|p2a: egg|Seismic Toss|p1a: Hippowdon
|-damage|p1a: Hippowdon|19/100 tox
|
|-weather|Sandstorm|[upkeep]
|-damage|p2a: egg|72/100|[from] Sandstorm
|-heal|p1a: Hippowdon|100/100 tox|[from] move: Wish|[wisher] Chansey
|-damage|p1a: Hippowdon|94/100 tox|[from] psn
|upkeep
|turn|87
|
|t:|1666201400
|move|p2a: egg|Seismic Toss|p1a: Hippowdon
|-damage|p1a: Hippowdon|70/100 tox
|move|p1a: Hippowdon|Stealth Rock|p2a: egg
|-sidestart|p2: esqimo589|move: Stealth Rock
|
|-weather|Sandstorm|[upkeep]
|-damage|p2a: egg|65/100|[from] Sandstorm
|-heal|p1a: Hippowdon|77/100 tox|[from] item: Leftovers
|-damage|p1a: Hippowdon|64/100 tox|[from] psn
|upkeep
|turn|88
|
|t:|1666201405
|switch|p1a: Chansey|Chansey, F|65/100
|move|p2a: egg|Teleport|p2a: egg
|
|t:|1666201410
|switch|p2a: whiteeyesbluedrag|Salamence, M|55/100|[from]move: Teleport
|-ability|p2a: whiteeyesbluedrag|Intimidate|boost
|-unboost|p1a: Chansey|atk|1
|
|-weather|Sandstorm|[upkeep]
|-damage|p2a: whiteeyesbluedrag|48/100|[from] Sandstorm
|-damage|p1a: Chansey|59/100|[from] Sandstorm
|upkeep
|turn|89
|
|t:|1666201413
|move|p2a: whiteeyesbluedrag|Defog|p1a: Chansey
|-unboost|p1a: Chansey|evasion|1
|-sideend|p2: esqimo589|Stealth Rock|[from] move: Defog|[of] p2a: whiteeyesbluedrag
|move|p1a: Chansey|Wish|p1a: Chansey
|
|-weather|Sandstorm|[upkeep]
|-damage|p2a: whiteeyesbluedrag|42/100|[from] Sandstorm
|-damage|p1a: Chansey|53/100|[from] Sandstorm
|upkeep
|turn|90
|c|☆esqimo589|this is fun
|
|t:|1666201417
|switch|p1a: Primarina|Primarina, M|100/100
|move|p2a: whiteeyesbluedrag|Roost|p2a: whiteeyesbluedrag
|-heal|p2a: whiteeyesbluedrag|92/100
|-singleturn|p2a: whiteeyesbluedrag|move: Roost
|
|-weather|none
|upkeep
|turn|91
|
|t:|1666201421
|switch|p2a: egg|Chansey, F|65/100
|move|p1a: Primarina|Hydro Pump|p2a: egg|[miss]
|-miss|p1a: Primarina|p2a: egg
|
|upkeep
|turn|92
|c|☆esqimo589|pog
|c|☆IndeedeIsKing|Sad
|
|t:|1666201428
|switch|p1a: Chansey|Chansey, F|53/100
|move|p2a: egg|Soft-Boiled|p2a: egg
|-heal|p2a: egg|100/100
|
|upkeep
|turn|93
|c|☆esqimo589|how muc h does that do
|
|t:|1666201434
|move|p1a: Chansey|Soft-Boiled|p1a: Chansey
|-heal|p1a: Chansey|100/100
|move|p2a: egg|Toxic|p1a: Chansey
|-status|p1a: Chansey|tox
|
|-damage|p1a: Chansey|94/100 tox|[from] psn
|upkeep
|turn|94
|
|t:|1666201437
|move|p1a: Chansey|Wish|p1a: Chansey
|move|p2a: egg|Teleport|p2a: egg
|
|t:|1666201439
|switch|p2a: the goat|Cobalion|54/100|[from]move: Teleport
|
|-damage|p1a: Chansey|82/100 tox|[from] psn
|upkeep
|turn|95
|
|t:|1666201442
|-curestatus|p1a: Chansey|tox|[from] ability: Natural Cure
|switch|p1a: Hippowdon|Hippowdon, F|64/100 tox
|-weather|Sandstorm|[from] ability: Sand Stream|[of] p1a: Hippowdon
|move|p2a: the goat|Stealth Rock|p1a: Hippowdon
|-sidestart|p1: IndeedeIsKing|move: Stealth Rock
|
|-weather|Sandstorm|[upkeep]
|-heal|p1a: Hippowdon|100/100 tox|[from] move: Wish|[wisher] Chansey
|-damage|p1a: Hippowdon|94/100 tox|[from] psn
|upkeep
|turn|96
|
|t:|1666201445
|switch|p2a: egg|Chansey, F|100/100
|move|p1a: Hippowdon|Stealth Rock|p2a: egg
|-sidestart|p2: esqimo589|move: Stealth Rock
|
|-weather|Sandstorm|[upkeep]
|-damage|p2a: egg|94/100|[from] Sandstorm
|-heal|p1a: Hippowdon|100/100 tox|[from] item: Leftovers
|-damage|p1a: Hippowdon|88/100 tox|[from] psn
|upkeep
|turn|97
|c|☆esqimo589|maybe i should make my win con against hippo a bit more active
|c|☆IndeedeIsKing|Maybe
|c|☆esqimo589|i was thinking about zarude but then like
|inactive|esqimo589 has 270 seconds left.
|c|☆IndeedeIsKing|Because I think I'm in a winning position rn
|c|☆esqimo589|i dont rate my prim mu if i use rude over chans
|
|t:|1666201489
|move|p2a: egg|Seismic Toss|p1a: Hippowdon
|-damage|p1a: Hippowdon|64/100 tox
|move|p1a: Hippowdon|Toxic|p2a: egg
|-status|p2a: egg|tox
|
|-weather|Sandstorm|[upkeep]
|-damage|p2a: egg|88/100 tox|[from] Sandstorm
|-heal|p1a: Hippowdon|70/100 tox|[from] item: Leftovers
|-damage|p2a: egg|82/100 tox|[from] psn
|-damage|p1a: Hippowdon|52/100 tox|[from] psn
|upkeep
|turn|98
|
|t:|1666201493
|switch|p1a: Chansey|Chansey, F|82/100
|-damage|p1a: Chansey|69/100|[from] Stealth Rock
|move|p2a: egg|Teleport|p2a: egg
|
|t:|1666201498
|-curestatus|p2a: egg|tox|[from] ability: Natural Cure
|switch|p2a: the goat|Cobalion|54/100|[from]move: Teleport
|-damage|p2a: the goat|51/100|[from] Stealth Rock
|
|-weather|Sandstorm|[upkeep]
|-damage|p1a: Chansey|63/100|[from] Sandstorm
|upkeep
|turn|99
|
|t:|1666201503
|switch|p1a: Salamence|Salamence, M|75/100
|-damage|p1a: Salamence|50/100|[from] Stealth Rock
|-ability|p1a: Salamence|Intimidate|boost
|-unboost|p2a: the goat|atk|1
|move|p2a: the goat|Toxic|p1a: Salamence|[miss]
|-miss|p2a: the goat|p1a: Salamence
|
|-weather|none
|upkeep
|turn|100
|
|t:|1666201510
|move|p2a: the goat|Volt Switch|p1a: Salamence
|-damage|p1a: Salamence|37/100
|c|☆IndeedeIsKing|Skill
|c|☆esqimo589|fair
|
|t:|1666201517
|switch|p2a: whiteeyesbluedrag|Salamence, M|92/100|[from]move: Volt Switch
|-ability|p2a: whiteeyesbluedrag|Intimidate|boost
|-unboost|p1a: Salamence|atk|1
|move|p1a: Salamence|Flamethrower|p2a: whiteeyesbluedrag
|-resisted|p2a: whiteeyesbluedrag
|-damage|p2a: whiteeyesbluedrag|82/100
|
|upkeep
|turn|101
|
|t:|1666201525
|switch|p1a: Chansey|Chansey, F|63/100
|-damage|p1a: Chansey|50/100|[from] Stealth Rock
|move|p2a: whiteeyesbluedrag|Hurricane|p1a: Chansey
|-damage|p1a: Chansey|38/100
|
|upkeep
|turn|102
|
|t:|1666201530
|switch|p2a: egg|Chansey, F|82/100
|-damage|p2a: egg|69/100|[from] Stealth Rock
|move|p1a: Chansey|Soft-Boiled|p1a: Chansey
|-heal|p1a: Chansey|88/100
|
|upkeep
|turn|103
|
|t:|1666201534
|move|p1a: Chansey|Wish|p1a: Chansey
|move|p2a: egg|Teleport|p2a: egg
|
|t:|1666201536
|switch|p2a: the goat|Cobalion|51/100|[from]move: Teleport
|-damage|p2a: the goat|48/100|[from] Stealth Rock
|
|upkeep
|turn|104
|
|t:|1666201540
|switch|p1a: Hippowdon|Hippowdon, F|52/100 tox
|-damage|p1a: Hippowdon|46/100 tox|[from] Stealth Rock
|-weather|Sandstorm|[from] ability: Sand Stream|[of] p1a: Hippowdon
|move|p2a: the goat|Volt Switch|p1a: Hippowdon
|-immune|p1a: Hippowdon
|
|-weather|Sandstorm|[upkeep]
|-heal|p1a: Hippowdon|100/100 tox|[from] move: Wish|[wisher] Chansey
|-damage|p1a: Hippowdon|94/100 tox|[from] psn
|upkeep
|turn|105
|
|t:|1666201549
|switch|p2a: egg|Chansey, F|69/100
|-damage|p2a: egg|57/100|[from] Stealth Rock
|move|p1a: Hippowdon|Earthquake|p2a: egg
|-damage|p2a: egg|33/100
|
|-weather|Sandstorm|[upkeep]
|-damage|p2a: egg|27/100|[from] Sandstorm
|-heal|p1a: Hippowdon|100/100 tox|[from] item: Leftovers
|-damage|p1a: Hippowdon|88/100 tox|[from] psn
|upkeep
|turn|106
|
|t:|1666201552
|move|p2a: egg|Soft-Boiled|p2a: egg
|-heal|p2a: egg|77/100
|move|p1a: Hippowdon|Earthquake|p2a: egg
|-damage|p2a: egg|51/100
|
|-weather|Sandstorm|[upkeep]
|-damage|p2a: egg|45/100|[from] Sandstorm
|-heal|p1a: Hippowdon|94/100 tox|[from] item: Leftovers
|-damage|p1a: Hippowdon|76/100 tox|[from] psn
|upkeep
|turn|107
|
|t:|1666201555
|switch|p1a: Chansey|Chansey, F|88/100
|-damage|p1a: Chansey|75/100|[from] Stealth Rock
|move|p2a: egg|Soft-Boiled|p2a: egg
|-heal|p2a: egg|95/100
|
|-weather|Sandstorm|[upkeep]
|-damage|p2a: egg|89/100|[from] Sandstorm
|-damage|p1a: Chansey|69/100|[from] Sandstorm
|upkeep
|turn|108
|
|t:|1666201573
|switch|p2a: big chungus|Diggersby, M|30/100
|-damage|p2a: big chungus|24/100|[from] Stealth Rock
|move|p1a: Chansey|Seismic Toss|p2a: big chungus
|-damage|p2a: big chungus|0 fnt
|faint|p2a: big chungus
|
|-weather|none
|upkeep
|c|☆esqimo589|fuck
|c|☆IndeedeIsKing|Yay
|
|t:|1666201579
|switch|p2a: the goat|Cobalion|48/100
|-damage|p2a: the goat|45/100|[from] Stealth Rock
|turn|109
|
|t:|1666201587
|switch|p1a: Hippowdon|Hippowdon, F|76/100 tox
|-damage|p1a: Hippowdon|70/100 tox|[from] Stealth Rock
|-weather|Sandstorm|[from] ability: Sand Stream|[of] p1a: Hippowdon
|move|p2a: the goat|Close Combat|p1a: Hippowdon
|-damage|p1a: Hippowdon|40/100 tox
|-unboost|p2a: the goat|def|1
|-unboost|p2a: the goat|spd|1
|
|-weather|Sandstorm|[upkeep]
|-heal|p1a: Hippowdon|46/100 tox|[from] item: Leftovers
|-damage|p1a: Hippowdon|40/100 tox|[from] psn
|upkeep
|turn|110
|
|t:|1666201605
|switch|p2a: doge|Raikou|7/100
|move|p1a: Hippowdon|Slack Off|p1a: Hippowdon
|-heal|p1a: Hippowdon|90/100 tox
|
|-weather|Sandstorm|[upkeep]
|-damage|p2a: doge|1/100|[from] Sandstorm
|-heal|p1a: Hippowdon|96/100 tox|[from] item: Leftovers
|-damage|p1a: Hippowdon|84/100 tox|[from] psn
|upkeep
|turn|111
|
|t:|1666201611
|switch|p2a: egg|Chansey, F|89/100
|-damage|p2a: egg|76/100|[from] Stealth Rock
|move|p1a: Hippowdon|Slack Off|p1a: Hippowdon
|-heal|p1a: Hippowdon|100/100 tox
|
|-weather|Sandstorm|[upkeep]
|-damage|p2a: egg|70/100|[from] Sandstorm
|-damage|p1a: Hippowdon|82/100 tox|[from] psn
|upkeep
|turn|112
|
|t:|1666201623
|switch|p1a: Chansey|Chansey, F|69/100
|-damage|p1a: Chansey|57/100|[from] Stealth Rock
|move|p2a: egg|Seismic Toss|p1a: Chansey
|-damage|p1a: Chansey|43/100
|
|-weather|Sandstorm|[upkeep]
|-damage|p2a: egg|64/100|[from] Sandstorm
|-damage|p1a: Chansey|36/100|[from] Sandstorm
|upkeep
|turn|113
|
|t:|1666201626
|move|p2a: egg|Toxic|p1a: Chansey
|-status|p1a: Chansey|tox
|move|p1a: Chansey|Soft-Boiled|p1a: Chansey
|-heal|p1a: Chansey|86/100 tox
|
|-weather|none
|-damage|p1a: Chansey|80/100 tox|[from] psn
|upkeep
|turn|114
|
|t:|1666201630
|move|p1a: Chansey|Heal Bell|p1a: Chansey
|-activate|p1a: Chansey|move: Heal Bell
|-curestatus|p1a: Chansey|tox|[msg]
|-curestatus|p1: Hippowdon|tox|[msg]
|move|p2a: egg|Seismic Toss|p1a: Chansey
|-damage|p1a: Chansey|66/100
|
|upkeep
|turn|115
|
|t:|1666201635
|move|p1a: Chansey|Seismic Toss|p2a: egg
|-damage|p2a: egg|50/100
|move|p2a: egg|Toxic|p1a: Chansey
|-status|p1a: Chansey|tox
|
|-damage|p1a: Chansey|60/100 tox|[from] psn
|upkeep
|turn|116
|
|t:|1666201638
|move|p1a: Chansey|Seismic Toss|p2a: egg
|-damage|p2a: egg|36/100
|move|p2a: egg|Soft-Boiled|p2a: egg
|-heal|p2a: egg|86/100
|
|-damage|p1a: Chansey|47/100 tox|[from] psn
|upkeep
|turn|117
|
|t:|1666201641
|switch|p2a: whiteeyesbluedrag|Salamence, M|82/100
|-ability|p2a: whiteeyesbluedrag|Intimidate|boost
|-unboost|p1a: Chansey|atk|1
|move|p1a: Chansey|Soft-Boiled|p1a: Chansey
|-heal|p1a: Chansey|97/100 tox
|
|-damage|p1a: Chansey|78/100 tox|[from] psn
|upkeep
|turn|118
|c|☆esqimo589|yeah i am not doing well
|c|☆esqimo589|idk how i win this
|c|☆IndeedeIsKing|Idk either
|
|t:|1666201665
|-curestatus|p1a: Chansey|tox|[from] ability: Natural Cure
|switch|p1a: Hippowdon|Hippowdon, F|82/100
|-damage|p1a: Hippowdon|76/100|[from] Stealth Rock
|-weather|Sandstorm|[from] ability: Sand Stream|[of] p1a: Hippowdon
|move|p2a: whiteeyesbluedrag|Flamethrower|p1a: Hippowdon
|-damage|p1a: Hippowdon|57/100
|
|-weather|Sandstorm|[upkeep]
|-damage|p2a: whiteeyesbluedrag|76/100|[from] Sandstorm
|-heal|p1a: Hippowdon|63/100|[from] item: Leftovers
|upkeep
|turn|119
|c|☆IndeedeIsKing|3 Chansey heals and then prim wins
|
|t:|1666201681
|move|p2a: whiteeyesbluedrag|Hurricane|p1a: Hippowdon
|-crit|p1a: Hippowdon
|-damage|p1a: Hippowdon|8/100
|-start|p1a: Hippowdon|confusion
|-activate|p1a: Hippowdon|confusion
|move|p1a: Hippowdon|Toxic|p2a: whiteeyesbluedrag
|-status|p2a: whiteeyesbluedrag|tox
|
|-weather|Sandstorm|[upkeep]
|-damage|p2a: whiteeyesbluedrag|70/100 tox|[from] Sandstorm
|-heal|p1a: Hippowdon|14/100|[from] item: Leftovers
|-damage|p2a: whiteeyesbluedrag|64/100 tox|[from] psn
|upkeep
|turn|120
|c|☆esqimo589|mhm
|c|☆IndeedeIsKing|Oh
|c|☆IndeedeIsKing|That
|c|☆esqimo589|maybe like that
|c|☆IndeedeIsKing|Was huge
|inactive|esqimo589 has 270 seconds left.
|c|☆esqimo589|i did get poisoned tho
|
|t:|1666201710
|switch|p1a: Chansey|Chansey, F|78/100
|-damage|p1a: Chansey|66/100|[from] Stealth Rock
|move|p2a: whiteeyesbluedrag|Flamethrower|p1a: Chansey
|-damage|p1a: Chansey|59/100
|
|-weather|Sandstorm|[upkeep]
|-damage|p2a: whiteeyesbluedrag|58/100 tox|[from] Sandstorm
|-damage|p1a: Chansey|53/100|[from] Sandstorm
|-damage|p2a: whiteeyesbluedrag|46/100 tox|[from] psn
|upkeep
|turn|121
|c|☆IndeedeIsKing|Okay I think I can still win
|
|t:|1666201716
|switch|p2a: egg|Chansey, F|86/100
|-damage|p2a: egg|73/100|[from] Stealth Rock
|move|p1a: Chansey|Wish|p1a: Chansey
|
|-weather|Sandstorm|[upkeep]
|-damage|p1a: Chansey|46/100|[from] Sandstorm
|-damage|p2a: egg|67/100|[from] Sandstorm
|upkeep
|turn|122
|
|t:|1666201720
|move|p2a: egg|Seismic Toss|p1a: Chansey
|-damage|p1a: Chansey|32/100
|move|p1a: Chansey|Seismic Toss|p2a: egg
|-damage|p2a: egg|53/100
|
|-weather|none
|-heal|p1a: Chansey|82/100|[from] move: Wish|[wisher] Chansey
|upkeep
|turn|123
|
|t:|1666201725
|move|p1a: Chansey|Wish|p1a: Chansey
|move|p2a: egg|Soft-Boiled|p2a: egg
|-heal|p2a: egg|100/100
|
|upkeep
|turn|124
|c|☆esqimo589|wish is so broken >:(
|
|t:|1666201735
|switch|p1a: Salamence|Salamence, M|37/100
|-damage|p1a: Salamence|12/100|[from] Stealth Rock
|-ability|p1a: Salamence|Intimidate|boost
|-unboost|p2a: egg|atk|1
|move|p2a: egg|Seismic Toss|p1a: Salamence
|-damage|p1a: Salamence|0 fnt
|faint|p1a: Salamence
|
|upkeep
|c|☆esqimo589|oof
|c|☆IndeedeIsKing|Oh wait
|c|☆IndeedeIsKing|I forgot
|c|☆esqimo589|no boot
|c|☆IndeedeIsKing|I'm the weird hippo
|inactive|IndeedeIsKing has 270 seconds left.
|c|☆esqimo589|the weird hippo?
|
|t:|1666201760
|switch|p1a: Chansey|Chansey, F|82/100
|-damage|p1a: Chansey|70/100|[from] Stealth Rock
|turn|125
|
|t:|1666201763
|move|p1a: Chansey|Seismic Toss|p2a: egg
|-damage|p2a: egg|86/100
|move|p2a: egg|Toxic|p1a: Chansey
|-status|p1a: Chansey|tox
|
|-damage|p1a: Chansey|63/100 tox|[from] psn
|upkeep
|turn|126
|c|☆IndeedeIsKing|I don't outspeed chansey
|
|t:|1666201775
|switch|p2a: whiteeyesbluedrag|Salamence, M|46/100 tox
|-ability|p2a: whiteeyesbluedrag|Intimidate|boost
|-unboost|p1a: Chansey|atk|1
|move|p1a: Chansey|Seismic Toss|p2a: whiteeyesbluedrag
|-damage|p2a: whiteeyesbluedrag|20/100 tox
|
|-damage|p2a: whiteeyesbluedrag|14/100 tox|[from] psn
|-damage|p1a: Chansey|51/100 tox|[from] psn
|upkeep
|turn|127
|c|☆esqimo589|oof
|
|t:|1666201779
|move|p2a: whiteeyesbluedrag|Roost|p2a: whiteeyesbluedrag
|-heal|p2a: whiteeyesbluedrag|64/100 tox
|-singleturn|p2a: whiteeyesbluedrag|move: Roost
|move|p1a: Chansey|Soft-Boiled|p1a: Chansey
|-heal|p1a: Chansey|100/100 tox
|
|-damage|p2a: whiteeyesbluedrag|52/100 tox|[from] psn
|-damage|p1a: Chansey|82/100 tox|[from] psn
|upkeep
|turn|128
|
|t:|1666201782
|move|p2a: whiteeyesbluedrag|Roost|p2a: whiteeyesbluedrag
|-heal|p2a: whiteeyesbluedrag|100/100 tox
|-singleturn|p2a: whiteeyesbluedrag|move: Roost
|move|p1a: Chansey|Wish|p1a: Chansey
|
|-damage|p2a: whiteeyesbluedrag|82/100 tox|[from] psn
|-damage|p1a: Chansey|57/100 tox|[from] psn
|upkeep
|turn|129
|
|t:|1666201785
|-curestatus|p1a: Chansey|tox|[from] ability: Natural Cure
|switch|p1a: Primarina|Primarina, M|100/100
|-damage|p1a: Primarina|88/100|[from] Stealth Rock
|move|p2a: whiteeyesbluedrag|Flamethrower|p1a: Primarina
|-resisted|p1a: Primarina
|-damage|p1a: Primarina|76/100
|
|-heal|p1a: Primarina|100/100|[from] move: Wish|[wisher] Chansey
|-damage|p2a: whiteeyesbluedrag|58/100 tox|[from] psn
|upkeep
|turn|130
|
|t:|1666201791
|switch|p2a: egg|Chansey, F|86/100
|-damage|p2a: egg|74/100|[from] Stealth Rock
|move|p1a: Primarina|Moonblast|p2a: egg
|-damage|p2a: egg|50/100
|-unboost|p2a: egg|spa|1
|
|upkeep
|turn|131
|c|☆esqimo589|aaaaaaaaaaaaaaaa
|c|☆esqimo589|noooooooooooooooooo
|
|t:|1666201809
|move|p1a: Primarina|Moonblast|p2a: egg
|-damage|p2a: egg|24/100
|move|p2a: egg|Toxic|p1a: Primarina
|-status|p1a: Primarina|tox
|
|-damage|p1a: Primarina|95/100 tox|[from] psn
|upkeep
|turn|132
|
|t:|1666201812
|move|p1a: Primarina|Moonblast|p2a: egg
|-damage|p2a: egg|1/100
|move|p2a: egg|Soft-Boiled|p2a: egg
|-heal|p2a: egg|51/100
|
|-damage|p1a: Primarina|83/100 tox|[from] psn
|upkeep
|turn|133
|c|☆esqimo589|ohhhhhhhh
|c|☆IndeedeIsKing|What
|c|☆esqimo589|that was so lucky
|c|☆IndeedeIsKing|Your luck this game
|
|t:|1666201825
|switch|p1a: Chansey|Chansey, F|57/100
|-damage|p1a: Chansey|44/100|[from] Stealth Rock
|move|p2a: egg|Soft-Boiled|p2a: egg
|-heal|p2a: egg|100/100
|
|upkeep
|turn|134
|c|☆esqimo589|in hindsight i shouldve healed first but i didnt want to risk you switching out
|
|t:|1666201845
|move|p1a: Chansey|Soft-Boiled|p1a: Chansey
|-heal|p1a: Chansey|94/100
|move|p2a: egg|Teleport|p2a: egg
|
|t:|1666201848
|switch|p2a: the goat|Cobalion|45/100|[from]move: Teleport
|-damage|p2a: the goat|42/100|[from] Stealth Rock
|
|upkeep
|turn|135
|
|t:|1666201855
|move|p2a: the goat|Close Combat|p1a: Chansey
|-supereffective|p1a: Chansey
|-damage|p1a: Chansey|32/100
|-unboost|p2a: the goat|def|1
|-unboost|p2a: the goat|spd|1
|move|p1a: Chansey|Heal Bell|p1a: Chansey
|-activate|p1a: Chansey|move: Heal Bell
|-curestatus|p1: Primarina|tox|[msg]
|
|upkeep
|turn|136
|
|t:|1666201866
|move|p2a: the goat|Close Combat|p1a: Chansey
|-supereffective|p1a: Chansey
|-damage|p1a: Chansey|0 fnt
|-unboost|p2a: the goat|def|1
|-unboost|p2a: the goat|spd|1
|faint|p1a: Chansey
|
|upkeep
|
|t:|1666201868
|switch|p1a: Primarina|Primarina, M|83/100
|-damage|p1a: Primarina|70/100|[from] Stealth Rock
|turn|137
|c|☆IndeedeIsKing|Okay now I need to get a little Lucky
|inactive|esqimo589 has 270 seconds left.
|
|t:|1666201905
|move|p2a: the goat|Volt Switch|p1a: Primarina
|-supereffective|p1a: Primarina
|-damage|p1a: Primarina|44/100
|
|t:|1666201908
|switch|p2a: egg|Chansey, F|100/100|[from]move: Volt Switch
|-damage|p2a: egg|88/100|[from] Stealth Rock
|move|p1a: Primarina|Moonblast|p2a: egg
|-damage|p2a: egg|63/100
|-unboost|p2a: egg|spa|1
|
|upkeep
|turn|138
|
|t:|1666201911
|move|p1a: Primarina|Moonblast|p2a: egg
|-damage|p2a: egg|39/100
|-unboost|p2a: egg|spa|1
|move|p2a: egg|Seismic Toss|p1a: Primarina
|-damage|p1a: Primarina|11/100
|
|upkeep
|turn|139
|
|t:|1666201914
|move|p1a: Primarina|Moonblast|p2a: egg
|-damage|p2a: egg|13/100
|-unboost|p2a: egg|spa|1
|move|p2a: egg|Seismic Toss|p1a: Primarina
|-damage|p1a: Primarina|0 fnt
|faint|p1a: Primarina
|
|upkeep
|
|t:|1666201916
|switch|p1a: Hippowdon|Hippowdon, F|14/100
|-damage|p1a: Hippowdon|8/100|[from] Stealth Rock
|-weather|Sandstorm|[from] ability: Sand Stream|[of] p1a: Hippowdon
|turn|140
|c|☆esqimo589|gg
|
|t:|1666201920
|move|p2a: egg|Seismic Toss|p1a: Hippowdon
|-damage|p1a: Hippowdon|0 fnt
|faint|p1a: Hippowdon
|
|win|esqimo589
|c|☆esqimo589|rip
|c|☆esqimo589|slow hippo
|c|☆IndeedeIsKing|gg
|c|☆esqimo589|altho unless you pointed it out
|c|☆esqimo589|i wouldntve payed attenton to who was faster
|c|☆esqimo589|but then i wouldve just let chansey die against prim
|c|☆esqimo589|and killed prim with uhhh
|c|☆esqimo589|raikou or coba
|c|☆esqimo589|no
|c|☆esqimo589|not coba
|c|☆esqimo589|raikou
|c|☆esqimo589|and then scald hippo
|c|☆esqimo589|or smth like that
|c|☆esqimo589|mence
