|j|☆TheFlawlessWin
|j|☆Low Ladder Terror
|t:|1605139611
|player|p1|TheFlawlessWin|lance|1644
|player|p2|Low Ladder Terror|iris-gen5bw2|1639
|teamsize|p1|6
|teamsize|p2|6
|gametype|singles
|gen|8
|tier|[Gen 8] UU
|rated|
|clearpoke
|poke|p1|Rotom-Heat|
|poke|p1|Roserade, F|
|poke|p1|Bisharp, M|
|poke|p1|Sylveon, M|
|poke|p1|Seismitoad, F|
|poke|p1|Mienshao, M|
|poke|p2|Scyther, M|
|poke|p2|Scolipede, M|
|poke|p2|Kommo-o, M|
|poke|p2|Magnezone|
|poke|p2|Zarude|
|poke|p2|Hatterene, F|
|rule|Sleep Clause Mod: Limit one foe put to sleep
|rule|Species Clause: Limit one of each Pokémon
|rule|OHKO Clause: OHKO moves are banned
|rule|Evasion Moves Clause: Evasion moves are banned
|rule|Endless Battle Clause: Forcing endless battles is banned
|rule|HP Percentage Mod: HP is shown in percentages
|rule|Dynamax Clause: You cannot dynamax
|teampreview
|inactive|Battle timer is ON: inactive players will automatically lose when time's up. (requested by Low Ladder Terror)
|inactive|Low Ladder Terror has 120 seconds left.
|
|t:|1605139650
|start
|switch|p1a: Mienshao|Mienshao, M|100/100
|switch|p2a: Kommo-o|Kommo-o, M, shiny|100/100
|turn|1
|j| Lowtierviper
|
|t:|1605139660
|move|p1a: Mienshao|Knock Off|p2a: Kommo-o
|-resisted|p2a: Kommo-o
|-damage|p2a: Kommo-o|85/100
|-enditem|p2a: Kommo-o|Haban Berry|[from] move: Knock Off|[of] p1a: Mienshao
|move|p2a: Kommo-o|Stealth Rock|p1a: Mienshao
|-sidestart|p1: TheFlawlessWin|move: Stealth Rock
|
|upkeep
|turn|2
|j| jesischrust
|
|t:|1605139673
|switch|p1a: Sylveon|Sylveon, M|100/100
|-damage|p1a: Sylveon|88/100|[from] Stealth Rock
|move|p2a: Kommo-o|Clanging Scales|p1a: Sylveon
|-immune|p1a: Sylveon
|
|-heal|p1a: Sylveon|94/100|[from] item: Leftovers
|upkeep
|turn|3
|
|t:|1605139689
|switch|p2a: Magnezone|Magnezone|100/100
|move|p1a: Sylveon|Hyper Voice|p2a: Magnezone
|-resisted|p2a: Magnezone
|-damage|p2a: Magnezone|75/100
|
|-heal|p1a: Sylveon|99/100|[from] item: Leftovers
|upkeep
|turn|4
|
|t:|1605139696
|move|p1a: Sylveon|Protect|p1a: Sylveon
|-singleturn|p1a: Sylveon|Protect
|move|p2a: Magnezone|Toxic|p1a: Sylveon
|-activate|p1a: Sylveon|move: Protect
|
|-heal|p1a: Sylveon|100/100|[from] item: Leftovers
|upkeep
|turn|5
|
|t:|1605139708
|switch|p1a: Roserade|Roserade, F|100/100
|-damage|p1a: Roserade|88/100|[from] Stealth Rock
|move|p2a: Magnezone|Volt Switch|p1a: Roserade
|-resisted|p1a: Roserade
|-damage|p1a: Roserade|58/100
|
|t:|1605139716
|switch|p2a: Scyther|Scyther, M, shiny|100/100|[from]move: Volt Switch
|
|-heal|p1a: Roserade|64/100|[from] item: Black Sludge
|upkeep
|turn|6
|
|t:|1605139723
|switch|p1a: Rotom|Rotom-Heat|100/100
|move|p2a: Scyther|Knock Off|p1a: Rotom
|-damage|p1a: Rotom|68/100
|-enditem|p1a: Rotom|Heavy-Duty Boots|[from] move: Knock Off|[of] p2a: Scyther
|
|upkeep
|turn|7
|c| Lowtierviper|damn that did damage
|
|t:|1605139732
|move|p2a: Scyther|U-turn|p1a: Rotom
|-resisted|p1a: Rotom
|-damage|p1a: Rotom|52/100
|
|t:|1605139735
|switch|p2a: Kommo-o|Kommo-o, M, shiny|85/100|[from]move: U-turn
|move|p1a: Rotom|Volt Switch|p2a: Kommo-o
|-resisted|p2a: Kommo-o
|-damage|p2a: Kommo-o|71/100
|j| Ivan Sv
|c| jesischrust|scyther is nasty
|
|t:|1605139747
|switch|p1a: Seismitoad|Seismitoad, F|100/100|[from]move: Volt Switch
|-damage|p1a: Seismitoad|94/100|[from] Stealth Rock
|
|-heal|p1a: Seismitoad|100/100|[from] item: Leftovers
|upkeep
|turn|8
|
|t:|1605139752
|move|p2a: Kommo-o|Clanging Scales|p1a: Seismitoad
|-damage|p1a: Seismitoad|47/100
|-unboost|p2a: Kommo-o|def|1
|move|p1a: Seismitoad|Earthquake|p2a: Kommo-o
|-damage|p2a: Kommo-o|26/100
|
|-heal|p1a: Seismitoad|53/100|[from] item: Leftovers
|upkeep
|turn|9
|
|t:|1605139760
|move|p2a: Kommo-o|Clanging Scales|p1a: Seismitoad
|-damage|p1a: Seismitoad|2/100
|-unboost|p2a: Kommo-o|def|1
|move|p1a: Seismitoad|Stealth Rock|p2a: Kommo-o
|-sidestart|p2: Low Ladder Terror|move: Stealth Rock
|
|-heal|p1a: Seismitoad|8/100|[from] item: Leftovers
|upkeep
|turn|10
|
|t:|1605139768
|switch|p1a: Sylveon|Sylveon, M|100/100
|-damage|p1a: Sylveon|88/100|[from] Stealth Rock
|move|p2a: Kommo-o|Flamethrower|p1a: Sylveon
|-damage|p1a: Sylveon|71/100
|
|-heal|p1a: Sylveon|77/100|[from] item: Leftovers
|upkeep
|turn|11
|
|t:|1605139775
|switch|p2a: Magnezone|Magnezone|75/100
|-damage|p2a: Magnezone|69/100|[from] Stealth Rock
|move|p1a: Sylveon|Hyper Voice|p2a: Magnezone
|-resisted|p2a: Magnezone
|-crit|p2a: Magnezone
|-damage|p2a: Magnezone|31/100
|
|-heal|p1a: Sylveon|83/100|[from] item: Leftovers
|upkeep
|turn|12
|
|t:|1605139790
|move|p1a: Sylveon|Protect|p1a: Sylveon
|-singleturn|p1a: Sylveon|Protect
|move|p2a: Magnezone|Flash Cannon|p1a: Sylveon
|-activate|p1a: Sylveon|move: Protect
|
|-heal|p1a: Sylveon|90/100|[from] item: Leftovers
|upkeep
|turn|13
|
|t:|1605139807
|switch|p1a: Seismitoad|Seismitoad, F|8/100
|-damage|p1a: Seismitoad|2/100|[from] Stealth Rock
|move|p2a: Magnezone|Flash Cannon|p1a: Seismitoad
|-resisted|p1a: Seismitoad
|-damage|p1a: Seismitoad|0 fnt
|faint|p1a: Seismitoad
|
|upkeep
|
|t:|1605139815
|switch|p1a: Bisharp|Bisharp, M|100/100
|-damage|p1a: Bisharp|95/100|[from] Stealth Rock
|turn|14
|
|t:|1605139830
|move|p2a: Magnezone|Thunderbolt|p1a: Bisharp
|-damage|p1a: Bisharp|0 fnt
|faint|p1a: Bisharp
|
|upkeep
|c|☆TheFlawlessWin|what
|c| Lowtierviper|what is this thing
|c| Lowtierviper|lol its doing mad damage
|
|t:|1605139852
|switch|p1a: Mienshao|Mienshao, M|100/100
|-damage|p1a: Mienshao|95/100|[from] Stealth Rock
|turn|15
|
|t:|1605139868
|switch|p2a: Kommo-o|Kommo-o, M, shiny|26/100
|-damage|p2a: Kommo-o|19/100|[from] Stealth Rock
|move|p1a: Mienshao|Close Combat|p2a: Kommo-o
|-crit|p2a: Kommo-o
|-damage|p2a: Kommo-o|0 fnt
|-unboost|p1a: Mienshao|def|1
|-unboost|p1a: Mienshao|spd|1
|faint|p2a: Kommo-o
|
|upkeep
|c| jesischrust|its zoroark
|
|t:|1605139876
|switch|p2a: Scyther|Scyther, M, shiny|100/100
|turn|16
|-message|TheFlawlessWin forfeited.
|
|win|Low Ladder Terror
|l|☆TheFlawlessWin
|l| jesischrust
||Ladder (probably) updated, but score could not be retrieved (Request timeout).
