|j|☆Kyu10
|j|☆Xoyjaz
|t:|1668171164
|gametype|singles
|player|p1|Kyu10|unknown|1366
|player|p2|Xoyjaz|lucas|1495
|teamsize|p1|6
|teamsize|p2|6
|gen|8
|tier|[Gen 8] UU
|rated|
|rule|Sleep Clause Mod: Limit one foe put to sleep
|rule|Species Clause: Limit one of each Pokémon
|rule|OHKO Clause: OHKO moves are banned
|rule|Evasion Items Clause: Evasion items are banned
|rule|Evasion Moves Clause: Evasion moves are banned
|rule|Endless Battle Clause: Forcing endless battles is banned
|rule|HP Percentage Mod: HP is shown in percentages
|rule|Dynamax Clause: You cannot dynamax
|clearpoke
|poke|p1|Regieleki|
|poke|p1|Runerigus, F|
|poke|p1|Hatterene, F|
|poke|p1|Zarude|
|poke|p1|Sirfetch’d, M|
|poke|p1|Regidrago|
|poke|p2|Rotom-Wash|
|poke|p2|Hydreigon, M|
|poke|p2|Amoonguss, F|
|poke|p2|Conkeldurr, F|
|poke|p2|Krookodile, F|
|poke|p2|Mimikyu, F|
|teampreview
|
|t:|1668171219
|start
|switch|p1a: Runerigus|Runerigus, F|100/100
|switch|p2a: Krookodile|Krookodile, F|100/100
|-ability|p2a: Krookodile|Intimidate|boost
|-unboost|p1a: Runerigus|atk|1
|turn|1
|inactive|Battle timer is ON: inactive players will automatically lose when time's up. (requested by Xoyjaz)
|
|t:|1668171226
|switch|p1a: Zarude|Zarude|100/100
|move|p2a: Krookodile|Knock Off|p1a: Zarude
|-resisted|p1a: Zarude
|-damage|p1a: Zarude|82/100
|-enditem|p1a: Zarude|Heavy-Duty Boots|[from] move: Knock Off|[of] p2a: Krookodile
|
|upkeep
|turn|2
|
|t:|1668171241
|move|p1a: Zarude|U-turn|p2a: Krookodile
|-supereffective|p2a: Krookodile
|-damage|p2a: Krookodile|57/100
|
|t:|1668171249
|switch|p1a: Runerigus|Runerigus, F|100/100|[from]move: U-turn
|move|p2a: Krookodile|Stealth Rock|p1a: Runerigus
|-sidestart|p1: Kyu10|move: Stealth Rock
|
|-heal|p2a: Krookodile|63/100|[from] item: Leftovers
|upkeep
|turn|3
|
|t:|1668171255
|switch|p1a: Zarude|Zarude|82/100
|-damage|p1a: Zarude|70/100|[from] Stealth Rock
|move|p2a: Krookodile|Taunt|p1a: Zarude
|-start|p1a: Zarude|move: Taunt
|
|-heal|p2a: Krookodile|69/100|[from] item: Leftovers
|upkeep
|turn|4
|
|t:|1668171262
|move|p1a: Zarude|Power Whip|p2a: Krookodile
|-supereffective|p2a: Krookodile
|-damage|p2a: Krookodile|0 fnt
|faint|p2a: Krookodile
|
|upkeep
|
|t:|1668171265
|switch|p2a: Conkeldurr|Conkeldurr, F|100/100
|turn|5
|
|t:|1668171274
|switch|p1a: Hatterene|Hatterene, F|100/100
|-damage|p1a: Hatterene|88/100|[from] Stealth Rock
|move|p2a: Conkeldurr|Knock Off|p1a: Hatterene
|-damage|p1a: Hatterene|46/100
|-enditem|p1a: Hatterene|Leftovers|[from] move: Knock Off|[of] p2a: Conkeldurr
|
|-status|p2a: Conkeldurr|brn|[from] item: Flame Orb
|upkeep
|turn|6
|
|t:|1668171282
|move|p2a: Conkeldurr|Facade|p1a: Hatterene
|-damage|p1a: Hatterene|0 fnt
|faint|p1a: Hatterene
|
|-damage|p2a: Conkeldurr|94/100 brn|[from] brn
|upkeep
|
|t:|1668171289
|switch|p1a: Regieleki|Regieleki|100/100
|turn|7
|
|t:|1668171309
|switch|p2a: Amoonguss|Amoonguss, F|100/100
|move|p1a: Regieleki|Volt Switch|p2a: Amoonguss
|-resisted|p2a: Amoonguss
|-damage|p2a: Amoonguss|80/100
|c|☆Xoyjaz|I am going to win this
|c|☆Xoyjaz|Wait and see
|c|☆Kyu10|who ?
|
|t:|1668171338
|switch|p1a: Runerigus|Runerigus, F|100/100|[from]move: Volt Switch
|-damage|p1a: Runerigus|94/100|[from] Stealth Rock
|
|-heal|p1a: Runerigus|100/100|[from] item: Leftovers
|upkeep
|turn|8
|c|☆Xoyjaz|Me
|
|t:|1668171356
|move|p1a: Runerigus|Stealth Rock|p2a: Amoonguss
|-sidestart|p2: Xoyjaz|move: Stealth Rock
|move|p2a: Amoonguss|Spore|p1a: Runerigus
|-status|p1a: Runerigus|slp|[from] move: Spore
|
|upkeep
|turn|9
|c|☆Kyu10|no I mean who asked ?
|c|☆Xoyjaz|Me
|c|☆Kyu10|yes so nobody care
|inactive|Kyu10 has 120 seconds left.
|
|t:|1668171383
|switch|p2a: Hydreigon|Hydreigon, M|100/100
|-damage|p2a: Hydreigon|88/100|[from] Stealth Rock
|cant|p1a: Runerigus|slp
|
|upkeep
|turn|10
|c|☆Xoyjaz|You are mistaken
|
|t:|1668171391
|switch|p1a: Zarude|Zarude|70/100
|-damage|p1a: Zarude|57/100|[from] Stealth Rock
|move|p2a: Hydreigon|Dark Pulse|p1a: Zarude
|-resisted|p1a: Zarude
|-crit|p1a: Zarude
|-damage|p1a: Zarude|4/100
|
|upkeep
|turn|11
|c|☆Xoyjaz|I am Xoyjaz
|c|☆Xoyjaz|Not just anyone
|c|☆Kyu10|yes I can read your name
|c|☆Xoyjaz|I am THE one
|inactive|Kyu10 has 120 seconds left.
|
|t:|1668171410
|switch|p2a: Amoonguss|Amoonguss, F|100/100
|-damage|p2a: Amoonguss|88/100|[from] Stealth Rock
|move|p1a: Zarude|Jungle Healing|p1a: Zarude
|-heal|p1a: Zarude|29/100
|
|upkeep
|turn|12
|inactive|Kyu10 has 120 seconds left.
|
|t:|1668171422
|switch|p1a: Runerigus|Runerigus, F|100/100 slp
|-damage|p1a: Runerigus|94/100 slp|[from] Stealth Rock
|move|p2a: Amoonguss|Sludge Bomb|p1a: Runerigus
|-resisted|p1a: Runerigus
|-damage|p1a: Runerigus|88/100 slp
|
|-heal|p1a: Runerigus|94/100 slp|[from] item: Leftovers
|upkeep
|turn|13
|c|☆Xoyjaz|Nothing personal
|inactive|Kyu10 has 120 seconds left.
|
|t:|1668171439
|switch|p2a: Hydreigon|Hydreigon, M|88/100
|-damage|p2a: Hydreigon|76/100|[from] Stealth Rock
|-curestatus|p1a: Runerigus|slp|[msg]
|move|p1a: Runerigus|Earthquake|p2a: Hydreigon
|-immune|p2a: Hydreigon|[from] ability: Levitate
|
|-heal|p1a: Runerigus|99/100|[from] item: Leftovers
|upkeep
|turn|14
|inactive|Kyu10 has 120 seconds left.
|
|t:|1668171446
|switch|p1a: Sirfetch’d|Sirfetch’d, M|100/100
|-damage|p1a: Sirfetch’d|94/100|[from] Stealth Rock
|move|p2a: Hydreigon|Dark Pulse|p1a: Sirfetch’d
|-resisted|p1a: Sirfetch’d
|-damage|p1a: Sirfetch’d|46/100
|
|upkeep
|turn|15
|
|t:|1668171452
|move|p1a: Sirfetch’d|First Impression|p2a: Hydreigon
|-supereffective|p2a: Hydreigon
|-damage|p2a: Hydreigon|0 fnt
|faint|p2a: Hydreigon
|
|upkeep
|c|☆Xoyjaz|fack
|
|t:|1668171464
|switch|p2a: Mimikyu|Mimikyu, F|100/100
|-damage|p2a: Mimikyu|88/100|[from] Stealth Rock
|turn|16
|inactive|Kyu10 has 120 seconds left.
|
|t:|1668171498
|switch|p1a: Zarude|Zarude|29/100
|-damage|p1a: Zarude|16/100|[from] Stealth Rock
|move|p2a: Mimikyu|Swords Dance|p2a: Mimikyu
|-boost|p2a: Mimikyu|atk|2
|
|upkeep
|turn|17
|
|t:|1668171511
|move|p2a: Mimikyu|Shadow Sneak|p1a: Zarude
|-resisted|p1a: Zarude
|-damage|p1a: Zarude|0 fnt
|faint|p1a: Zarude
|-damage|p2a: Mimikyu|78/100|[from] item: Life Orb
|
|upkeep
|c|☆Xoyjaz|It has to be said
|c|☆Xoyjaz|I am a good person
|inactive|Kyu10 has 90 seconds left.
|
|t:|1668171559
|switch|p1a: Regieleki|Regieleki|100/100
|turn|18
|
|t:|1668171566
|move|p2a: Mimikyu|Shadow Sneak|p1a: Regieleki
|-damage|p1a: Regieleki|21/100
|-damage|p2a: Mimikyu|68/100|[from] item: Life Orb
|move|p1a: Regieleki|Thunderbolt|p2a: Mimikyu
|-activate|p2a: Mimikyu|ability: Disguise
|-damage|p2a: Mimikyu|68/100
|detailschange|p2a: Mimikyu|Mimikyu-Busted, F
|-damage|p2a: Mimikyu|56/100|[from] pokemon: Mimikyu-Busted
|
|upkeep
|turn|19
|
|t:|1668171576
|switch|p1a: Sirfetch’d|Sirfetch’d, M|46/100
|-damage|p1a: Sirfetch’d|40/100|[from] Stealth Rock
|move|p2a: Mimikyu|Shadow Sneak|p1a: Sirfetch’d
|-damage|p1a: Sirfetch’d|0 fnt
|faint|p1a: Sirfetch’d
|-damage|p2a: Mimikyu|46/100|[from] item: Life Orb
|
|upkeep
|
|t:|1668171584
|switch|p1a: Runerigus|Runerigus, F|99/100
|-damage|p1a: Runerigus|94/100|[from] Stealth Rock
|turn|20
|
|t:|1668171595
|move|p2a: Mimikyu|Shadow Claw|p1a: Runerigus
|-supereffective|p1a: Runerigus
|-damage|p1a: Runerigus|3/100
|-damage|p2a: Mimikyu|36/100|[from] item: Life Orb
|move|p1a: Runerigus|Earthquake|p2a: Mimikyu
|-damage|p2a: Mimikyu|0 fnt
|faint|p2a: Mimikyu
|
|-heal|p1a: Runerigus|9/100|[from] item: Leftovers
|upkeep
|
|t:|1668171613
|switch|p2a: Conkeldurr|Conkeldurr, F|94/100 brn
|-damage|p2a: Conkeldurr|88/100 brn|[from] Stealth Rock
|turn|21
|c|☆Kyu10|mimiweak
|inactive|Kyu10 has 90 seconds left.
|
|t:|1668171618
|move|p2a: Conkeldurr|Knock Off|p1a: Runerigus
|-supereffective|p1a: Runerigus
|-damage|p1a: Runerigus|0 fnt
|-activate|p1a: Runerigus|ability: Wandering Spirit|Guts|Wandering Spirit|[of] p2a: Conkeldurr
|-enditem|p1a: Runerigus|Leftovers|[from] move: Knock Off|[of] p2a: Conkeldurr
|faint|p1a: Runerigus
|
|-damage|p2a: Conkeldurr|82/100 brn|[from] brn
|upkeep
|c|☆Xoyjaz|;_;
|c|☆Xoyjaz|why you do dis
|inactive|Kyu10 has 90 seconds left.
|
|t:|1668171649
|switch|p1a: Regidrago|Regidrago|100/100
|-damage|p1a: Regidrago|88/100|[from] Stealth Rock
|turn|22
|
|t:|1668171663
|switch|p2a: Rotom|Rotom-Wash|100/100
|-damage|p2a: Rotom|88/100|[from] Stealth Rock
|move|p1a: Regidrago|Outrage|p2a: Rotom
|-damage|p2a: Rotom|11/100
|
|-heal|p2a: Rotom|17/100|[from] item: Leftovers
|upkeep
|turn|23
|
|t:|1668171671
|move|p1a: Regidrago|Outrage|p2a: Rotom|[from]lockedmove
|-damage|p2a: Rotom|0 fnt
|faint|p2a: Rotom
|-start|p1a: Regidrago|confusion|[fatigue]
|-enditem|p1a: Regidrago|Lum Berry|[eat]
|-end|p1a: Regidrago|confusion
|
|upkeep
|
|t:|1668171674
|switch|p2a: Amoonguss|Amoonguss, F|100/100
|-damage|p2a: Amoonguss|88/100|[from] Stealth Rock
|turn|24
|
|t:|1668171683
|move|p1a: Regidrago|Outrage|p2a: Amoonguss
|-damage|p2a: Amoonguss|27/100
|-damage|p1a: Regidrago|71/100|[from] item: Rocky Helmet|[of] p2a: Amoonguss
|move|p2a: Amoonguss|Spore|p1a: Regidrago
|-status|p1a: Regidrago|slp|[from] move: Spore
|
|upkeep
|turn|25
|
|t:|1668171690
|cant|p1a: Regidrago|slp
|move|p2a: Amoonguss|Synthesis|p2a: Amoonguss
|-heal|p2a: Amoonguss|77/100
|
|upkeep
|turn|26
|
|t:|1668171694
|-curestatus|p1a: Regidrago|slp|[msg]
|move|p1a: Regidrago|Dragon Dance|p1a: Regidrago
|-boost|p1a: Regidrago|atk|1
|-boost|p1a: Regidrago|spe|1
|move|p2a: Amoonguss|Sludge Bomb|p1a: Regidrago
|-damage|p1a: Regidrago|42/100
|-status|p1a: Regidrago|psn
|
|-damage|p1a: Regidrago|30/100 psn|[from] psn
|upkeep
|turn|27
|c|☆Xoyjaz|gg
|c|☆Xoyjaz|I won
|
|t:|1668171704
|move|p1a: Regidrago|Outrage|p2a: Amoonguss
|-damage|p2a: Amoonguss|0 fnt
|-damage|p1a: Regidrago|13/100 psn|[from] item: Rocky Helmet|[of] p2a: Amoonguss
|faint|p2a: Amoonguss
|
|-damage|p1a: Regidrago|1/100 psn|[from] psn
|upkeep
|
|t:|1668171706
|switch|p2a: Conkeldurr|Conkeldurr, F|82/100 brn
|-damage|p2a: Conkeldurr|76/100 brn|[from] Stealth Rock
|turn|28
|c|☆Xoyjaz|I told you
|
|t:|1668171713
|move|p2a: Conkeldurr|Mach Punch|p1a: Regidrago
|-damage|p1a: Regidrago|0 fnt
|faint|p1a: Regidrago
|
|-damage|p2a: Conkeldurr|70/100 brn|[from] brn
|upkeep
|c|☆Xoyjaz|I will win
|
|t:|1668171716
|switch|p1a: Regieleki|Regieleki|21/100
|turn|29
|
|t:|1668171718
|move|p2a: Conkeldurr|Mach Punch|p1a: Regieleki
|-damage|p1a: Regieleki|0 fnt
|faint|p1a: Regieleki
|
|win|Xoyjaz
|raw|Kyu10's rating: 1366 &rarr; <strong>1353</strong><br />(-13 for losing)
|raw|Xoyjaz's rating: 1495 &rarr; <strong>1508</strong><br />(+13 for winning)
|c|☆Xoyjaz|I am Xoyjaz
|c|☆Xoyjaz|THE Xoyjaz
|c|☆Kyu10|gg
|c|☆Xoyjaz|gg wp
|l|☆Kyu10
