|html|<div class="broadcast-blue"><strong>[Gen 8] UU is currently suspecting Mienshao! For information on how to participate check out the <a href="https://www.smogon.com/forums/threads/np-ss-uu-stage-10-3-pumped-up-kicks.3694543/">suspect thread</a>.</strong></div>
|j|☆tyresepennywhistle
|j|☆PlasticPinnochio
|t:|1638952788
|gametype|singles
|player|p1|tyresepennywhistle|brock|1176
|player|p2|PlasticPinnochio|policeman|1263
|teamsize|p1|6
|teamsize|p2|6
|gen|8
|tier|[Gen 8] UU
|rated|
|rule|Sleep Clause Mod: Limit one foe put to sleep
|rule|Species Clause: Limit one of each Pokémon
|rule|OHKO Clause: OHKO moves are banned
|rule|Evasion Moves Clause: Evasion moves are banned
|rule|Endless Battle Clause: Forcing endless battles is banned
|rule|HP Percentage Mod: HP is shown in percentages
|rule|Dynamax Clause: You cannot dynamax
|clearpoke
|poke|p1|Heracross, F|
|poke|p1|Lycanroc-Dusk, M|
|poke|p1|Rotom-Wash|
|poke|p1|Necrozma|
|poke|p1|Krookodile, M|
|poke|p1|Skarmory, M|
|poke|p2|Excadrill, F|
|poke|p2|Hatterene, F|
|poke|p2|Zarude-Dada|
|poke|p2|Skarmory, M|
|poke|p2|Swampert, M|
|poke|p2|Zygarde-10%|
|teampreview
|inactive|Battle timer is ON: inactive players will automatically lose when time's up. (requested by PlasticPinnochio)
|
|t:|1638952817
|start
|switch|p1a: Krookodile|Krookodile, M|100/100
|switch|p2a: Zygarde|Zygarde-10%|100/100
|-ability|p2a: Zygarde|Aura Break
|turn|1
|
|t:|1638952830
|switch|p2a: Skarmory|Skarmory, M|100/100
|move|p1a: Krookodile|Knock Off|p2a: Skarmory
|-damage|p2a: Skarmory|73/100
|-damage|p1a: Krookodile|84/100|[from] item: Rocky Helmet|[of] p2a: Skarmory
|-enditem|p2a: Skarmory|Rocky Helmet|[from] move: Knock Off|[of] p1a: Krookodile
|
|upkeep
|turn|2
|
|t:|1638952838
|switch|p1a: Skarmory|Skarmory, M|100/100
|move|p2a: Skarmory|Spikes|p1a: Skarmory
|-sidestart|p1: tyresepennywhistle|Spikes
|
|upkeep
|turn|3
|
|t:|1638952842
|switch|p2a: Hatterene|Hatterene, F|100/100
|move|p1a: Skarmory|Iron Defense|p1a: Skarmory
|-boost|p1a: Skarmory|def|2
|
|upkeep
|turn|4
|
|t:|1638952850
|switch|p1a: Rotom|Rotom-Wash|100/100
|move|p2a: Hatterene|Mystical Fire|p1a: Rotom
|-resisted|p1a: Rotom
|-damage|p1a: Rotom|93/100
|-unboost|p1a: Rotom|spa|1
|
|-heal|p1a: Rotom|99/100|[from] item: Leftovers
|upkeep
|turn|5
|
|t:|1638952854
|move|p1a: Rotom|Defog|p2a: Hatterene
|move|p2a: Hatterene|Defog|p1a: Rotom|[from]ability: Magic Bounce
|-unboost|p1a: Rotom|evasion|1
|-sideend|p1: tyresepennywhistle|Spikes|[from] move: Defog|[of] p2a: Hatterene
|move|p2a: Hatterene|Calm Mind|p2a: Hatterene
|-boost|p2a: Hatterene|spa|1
|-boost|p2a: Hatterene|spd|1
|
|-heal|p1a: Rotom|100/100|[from] item: Leftovers
|upkeep
|turn|6
|
|t:|1638952862
|move|p1a: Rotom|Volt Switch|p2a: Hatterene
|-damage|p2a: Hatterene|89/100
|
|t:|1638952869
|switch|p1a: Necrozma|Necrozma|100/100|[from]move: Volt Switch
|move|p2a: Hatterene|Draining Kiss|p1a: Necrozma
|-damage|p1a: Necrozma|62/100
|-heal|p2a: Hatterene|100/100|[from] drain|[of] p1a: Necrozma
|
|upkeep
|turn|7
|
|t:|1638952879
|switch|p1a: Skarmory|Skarmory, M|100/100
|move|p2a: Hatterene|Calm Mind|p2a: Hatterene
|-boost|p2a: Hatterene|spa|1
|-boost|p2a: Hatterene|spd|1
|
|upkeep
|turn|8
|
|t:|1638952884
|move|p1a: Skarmory|Brave Bird|p2a: Hatterene
|-damage|p2a: Hatterene|73/100
|-damage|p1a: Skarmory|92/100|[from] Recoil
|move|p2a: Hatterene|Mystical Fire|p1a: Skarmory
|-supereffective|p1a: Skarmory
|-damage|p1a: Skarmory|8/100
|-unboost|p1a: Skarmory|spa|1
|
|-heal|p2a: Hatterene|79/100|[from] item: Leftovers
|upkeep
|turn|9
|
|t:|1638952891
|move|p1a: Skarmory|Brave Bird|p2a: Hatterene
|-damage|p2a: Hatterene|50/100
|-damage|p1a: Skarmory|0 fnt|[from] Recoil
|faint|p1a: Skarmory
|move|p2a: Hatterene|Draining Kiss|p1: Skarmory|[notarget]
|-fail|p2a: Hatterene
|
|-heal|p2a: Hatterene|56/100|[from] item: Leftovers
|upkeep
|inactive|tyresepennywhistle has 120 seconds left.
|
|t:|1638952934
|switch|p1a: Krookodile|Krookodile, M|84/100
|turn|10
|
|t:|1638952938
|move|p1a: Krookodile|Knock Off|p2a: Hatterene
|-damage|p2a: Hatterene|16/100
|-enditem|p2a: Hatterene|Leftovers|[from] move: Knock Off|[of] p1a: Krookodile
|move|p2a: Hatterene|Draining Kiss|p1a: Krookodile
|-supereffective|p1a: Krookodile
|-damage|p1a: Krookodile|0 fnt
|-heal|p2a: Hatterene|81/100|[from] drain|[of] p1a: Krookodile
|faint|p1a: Krookodile
|
|upkeep
|inactive|tyresepennywhistle has 120 seconds left.
|
|t:|1638952945
|switch|p1a: Heracross|Heracross, F|100/100
|turn|11
|
|t:|1638952949
|move|p1a: Heracross|Megahorn|p2a: Hatterene
|-damage|p2a: Hatterene|30/100
|move|p2a: Hatterene|Draining Kiss|p1a: Heracross
|-supereffective|p1a: Heracross
|-damage|p1a: Heracross|4/100
|-heal|p2a: Hatterene|99/100|[from] drain|[of] p1a: Heracross
|
|upkeep
|turn|12
|-message|tyresepennywhistle forfeited.
|
|win|PlasticPinnochio
|raw|tyresepennywhistle's rating: 1176 &rarr; <strong>1157</strong><br />(-19 for losing)
|raw|PlasticPinnochio's rating: 1263 &rarr; <strong>1282</strong><br />(+19 for winning)
|l|☆tyresepennywhistle
