|inactive|Battle timer is ON: inactive players will automatically lose when time's up.
|j|☆spake1
|j|☆pokemonisfun
|t:|1666319301
|gametype|singles
|player|p1|spake1|2|
|player|p2|pokemonisfun|#uutrio2ladder|
|teamsize|p1|6
|teamsize|p2|6
|gen|8
|tier|[Gen 8] UU
|rated|Tournament battle
|rule|Sleep Clause Mod: Limit one foe put to sleep
|rule|Species Clause: Limit one of each Pokémon
|rule|OHKO Clause: OHKO moves are banned
|rule|Evasion Items Clause: Evasion items are banned
|rule|Evasion Moves Clause: Evasion moves are banned
|rule|Endless Battle Clause: Forcing endless battles is banned
|rule|HP Percentage Mod: HP is shown in percentages
|rule|Dynamax Clause: You cannot dynamax
|rule|Blitz: Super-fast timer
|clearpoke
|poke|p1|Hippowdon, M|
|poke|p1|Durant, F|
|poke|p1|Scolipede, F|
|poke|p1|Gyarados, M|
|poke|p1|Nidoking, M|
|poke|p1|Araquanid, F|
|poke|p2|Toxtricity, M|
|poke|p2|Sylveon, F|
|poke|p2|Scizor, M|
|poke|p2|Hippowdon, F|
|poke|p2|Rotom-Wash|
|poke|p2|Milotic, F|
|teampreview
|inactive|spake1 also wants the timer to be on.
|inactive|pokemonisfun has 30 seconds left.
|
|t:|1666319315
|start
|switch|p1a: Araquanid|Araquanid, F|100/100
|switch|p2a: funky punky|Toxtricity, M|100/100
|turn|1
|
|t:|1666319318
|move|p2a: funky punky|Boomburst|p1a: Araquanid
|-damage|p1a: Araquanid|32/100
|move|p1a: Araquanid|Sticky Web|p2a: funky punky
|-sidestart|p2: pokemonisfun|move: Sticky Web
|
|-heal|p1a: Araquanid|38/100|[from] item: Leftovers
|upkeep
|turn|2
|
|t:|1666319323
|move|p2a: funky punky|Boomburst|p1a: Araquanid
|-damage|p1a: Araquanid|0 fnt
|faint|p1a: Araquanid
|
|upkeep
|
|t:|1666319324
|switch|p1a: Hippowdon|Hippowdon, M|100/100
|-weather|Sandstorm|[from] ability: Sand Stream|[of] p1a: Hippowdon
|turn|3
|
|t:|1666319327
|move|p2a: funky punky|Boomburst|p1a: Hippowdon
|-damage|p1a: Hippowdon|0 fnt
|faint|p1a: Hippowdon
|
|-weather|Sandstorm|[upkeep]
|-damage|p2a: funky punky|94/100|[from] Sandstorm
|upkeep
|inactive|spake1 has 10 seconds left.
|
|t:|1666319333
|switch|p1a: Durant|Durant, F|100/100
|turn|4
|
|t:|1666319336
|move|p1a: Durant|Iron Head|p2a: funky punky
|-resisted|p2a: funky punky
|-damage|p2a: funky punky|47/100
|move|p2a: funky punky|Boomburst|p1a: Durant
|-resisted|p1a: Durant
|-damage|p1a: Durant|0 fnt
|faint|p1a: Durant
|
|-weather|Sandstorm|[upkeep]
|-damage|p2a: funky punky|41/100|[from] Sandstorm
|upkeep
|
|t:|1666319340
|switch|p1a: Nidoking|Nidoking, M|100/100
|turn|5
|inactive|pokemonisfun has 10 seconds left.
|
|t:|1666319345
|move|p1a: Nidoking|Earth Power|p2a: funky punky
|-supereffective|p2a: funky punky
|-damage|p2a: funky punky|0 fnt
|faint|p2a: funky punky
|
|-weather|Sandstorm|[upkeep]
|upkeep
|inactive|pokemonisfun has 10 seconds left.
|
|t:|1666319351
|switch|p2a: smekky snek|Milotic, F|100/100
|turn|6
|
|t:|1666319353
|move|p1a: Nidoking|Thunderbolt|p2a: smekky snek
|-supereffective|p2a: smekky snek
|-damage|p2a: smekky snek|50/100
|move|p2a: smekky snek|Scald|p1a: Nidoking
|-supereffective|p1a: Nidoking
|-damage|p1a: Nidoking|27/100
|-status|p1a: Nidoking|brn
|
|-weather|Sandstorm|[upkeep]
|-damage|p2a: smekky snek|44/100|[from] Sandstorm
|-damage|p1a: Nidoking|21/100 brn|[from] brn
|upkeep
|turn|7
|
|t:|1666319358
|move|p1a: Nidoking|Thunderbolt|p2a: smekky snek
|-supereffective|p2a: smekky snek
|-damage|p2a: smekky snek|0 fnt
|faint|p2a: smekky snek
|
|-weather|none
|-damage|p1a: Nidoking|15/100 brn|[from] brn
|upkeep
|
|t:|1666319361
|switch|p2a: punchy wunchy|Scizor, M|100/100
|turn|8
|
|t:|1666319364
|switch|p1a: Gyarados|Gyarados, M|100/100
|move|p2a: punchy wunchy|Bullet Punch|p1a: Gyarados
|-resisted|p1a: Gyarados
|-damage|p1a: Gyarados|83/100
|
|upkeep
|turn|9
|
|t:|1666319366
|move|p1a: Gyarados|Dragon Dance|p1a: Gyarados
|-boost|p1a: Gyarados|atk|1
|-boost|p1a: Gyarados|spe|1
|move|p2a: punchy wunchy|U-turn|p1a: Gyarados
|-resisted|p1a: Gyarados
|-damage|p1a: Gyarados|60/100
|
|t:|1666319368
|switch|p2a: wishy washy|Rotom-Wash|100/100|[from]move: U-turn
|
|upkeep
|turn|10
|
|t:|1666319371
|move|p2a: wishy washy|Volt Switch|p1a: Gyarados
|-supereffective|p1a: Gyarados
|-damage|p1a: Gyarados|0 fnt
|faint|p1a: Gyarados
|
|t:|1666319373
|switch|p2a: punchy wunchy|Scizor, M|100/100|[from]move: Volt Switch
|
|upkeep
|
|t:|1666319376
|switch|p1a: Scolipede|Scolipede, F|100/100
|turn|11
|
|t:|1666319378
|move|p1a: Scolipede|Swords Dance|p1a: Scolipede
|-boost|p1a: Scolipede|atk|2
|move|p2a: punchy wunchy|Knock Off|p1a: Scolipede
|-damage|p1a: Scolipede|56/100
|-enditem|p1a: Scolipede|Focus Sash|[from] move: Knock Off|[of] p2a: punchy wunchy
|
|-ability|p1a: Scolipede|Speed Boost|boost
|-boost|p1a: Scolipede|spe|1
|upkeep
|turn|12
|
|t:|1666319382
|move|p2a: punchy wunchy|Bullet Punch|p1a: Scolipede
|-damage|p1a: Scolipede|14/100
|move|p1a: Scolipede|Earthquake|p2a: punchy wunchy
|-damage|p2a: punchy wunchy|49/100
|
|-ability|p1a: Scolipede|Speed Boost|boost
|-boost|p1a: Scolipede|spe|1
|upkeep
|turn|13
|
|t:|1666319383
|move|p2a: punchy wunchy|Bullet Punch|p1a: Scolipede
|-damage|p1a: Scolipede|0 fnt
|faint|p1a: Scolipede
|
|upkeep
|-message|spake1 forfeited.
|
|win|pokemonisfun
|n|☆spake1|spake1
|n|☆pokemonisfun|pokemonisfun
