|raw|<div class="broadcast-blue"><strong>This battle is required to be public due to a player having a name starting with 'uult94a'.</div>
|j|☆uult94a Myuu
|j|☆Sir Fresh
|t:|1653684722
|gametype|singles
|player|p1|uult94a Myuu|volo|1301
|player|p2|Sir Fresh|palmer|1572
|teamsize|p1|6
|teamsize|p2|6
|gen|8
|tier|[Gen 8] UU
|rated|
|rule|Sleep Clause Mod: Limit one foe put to sleep
|rule|Species Clause: Limit one of each Pokémon
|rule|OHKO Clause: OHKO moves are banned
|rule|Evasion Moves Clause: Evasion moves are banned
|rule|Endless Battle Clause: Forcing endless battles is banned
|rule|HP Percentage Mod: HP is shown in percentages
|rule|Dynamax Clause: You cannot dynamax
|clearpoke
|poke|p1|Krookodile, F|
|poke|p1|Azumarill, M|
|poke|p1|Nihilego|
|poke|p1|Celesteela|
|poke|p1|Necrozma|
|poke|p1|Tapu Bulu|
|poke|p2|Zarude|
|poke|p2|Gardevoir, F|
|poke|p2|Porygon-Z|
|poke|p2|Skarmory, M|
|poke|p2|Swampert, M|
|poke|p2|Aegislash, M|
|teampreview
|c|☆uult94a Myuu|oh boi
|c|☆uult94a Myuu|gardevoir tech
|
|t:|1653684763
|start
|switch|p1a: Krookodile|Krookodile, F|100/100
|switch|p2a: Swampert|Swampert, M|100/100
|-ability|p1a: Krookodile|Intimidate|boost
|-unboost|p2a: Swampert|atk|1
|turn|1
|
|t:|1653684771
|move|p1a: Krookodile|Taunt|p2a: Swampert
|-start|p2a: Swampert|move: Taunt
|move|p2a: Swampert|Flip Turn|p1a: Krookodile
|-supereffective|p1a: Krookodile
|-damage|p1a: Krookodile|65/100
|
|t:|1653684781
|switch|p2a: Zarude|Zarude|100/100|[from]move: Flip Turn
|
|upkeep
|turn|2
|
|t:|1653684790
|switch|p2a: Skarmory|Skarmory, M|100/100
|switch|p1a: Tapu Bulu|Tapu Bulu|100/100
|-fieldstart|move: Grassy Terrain|[from] ability: Grassy Surge|[of] p1a: Tapu Bulu
|
|upkeep
|turn|3
|
|t:|1653684794
|switch|p1a: Krookodile|Krookodile, F|65/100
|-ability|p1a: Krookodile|Intimidate|boost
|-unboost|p2a: Skarmory|atk|1
|move|p2a: Skarmory|Spikes|p1a: Krookodile
|-sidestart|p1: uult94a Myuu|Spikes
|
|-heal|p1a: Krookodile|71/100|[from] Grassy Terrain
|upkeep
|turn|4
|
|t:|1653684800
|switch|p2a: Swampert|Swampert, M|100/100
|move|p1a: Krookodile|Stealth Rock|p2a: Swampert
|-sidestart|p2: Sir Fresh|move: Stealth Rock
|
|-heal|p1a: Krookodile|78/100|[from] Grassy Terrain
|upkeep
|turn|5
|
|t:|1653684806
|move|p1a: Krookodile|Taunt|p2a: Swampert
|-start|p2a: Swampert|move: Taunt
|move|p2a: Swampert|Flip Turn|p1a: Krookodile
|-supereffective|p1a: Krookodile
|-damage|p1a: Krookodile|19/100
|
|t:|1653684817
|switch|p2a: Zarude|Zarude|100/100|[from]move: Flip Turn
|-damage|p2a: Zarude|88/100|[from] Stealth Rock
|
|-heal|p2a: Zarude|94/100|[from] Grassy Terrain
|-heal|p1a: Krookodile|25/100|[from] Grassy Terrain
|upkeep
|turn|6
|
|t:|1653684825
|move|p2a: Zarude|Power Whip|p1a: Krookodile
|-supereffective|p1a: Krookodile
|-damage|p1a: Krookodile|0 fnt
|faint|p1a: Krookodile
|
|-heal|p2a: Zarude|99/100|[from] Grassy Terrain
|-fieldend|move: Grassy Terrain
|upkeep
|c|☆uult94a Myuu|!dt gardevoir
|raw|<div class="message"><ul class="utilichart"><li class="result"><span class="col numcol">RU</span> <span class="col iconcol"><psicon pokemon="gardevoir"/></span> <span class="col pokemonnamecol" style="white-space:nowrap"><a href="https://dex.pokemonshowdown.com/pokemon/gardevoir" target="_blank">Gardevoir</a></span> <span class="col typecol"><img src="https://play.pokemonshowdown.com/sprites/types/Psychic.png" alt="Psychic" height="14" width="32"><img src="https://play.pokemonshowdown.com/sprites/types/Fairy.png" alt="Fairy" height="14" width="32"></span> <span style="float:left;min-height:26px"><span class="col twoabilitycol">Synchronize<br />Trace</span><span class="col abilitycol"><em>Telepathy</em></span></span><span style="float:left;min-height:26px"><span class="col statcol"><em>HP</em><br />68</span> <span class="col statcol"><em>Atk</em><br />65</span> <span class="col statcol"><em>Def</em><br />65</span> <span class="col statcol"><em>SpA</em><br />125</span> <span class="col statcol"><em>SpD</em><br />115</span> <span class="col statcol"><em>Spe</em><br />80</span> <span class="col bstcol"><em>BST<br />518</em></span> </span></li><li style="clear:both"></li></ul></div>
|raw|<font size="1"><font color="#686868">Dex#:</font> 282&nbsp;|&ThickSpace;<font color="#686868">Gen:</font> 3&nbsp;|&ThickSpace;<font color="#686868">Height:</font> 1.6 m&nbsp;|&ThickSpace;<font color="#686868">Weight:</font> 48.4 kg <em>(60 BP)</em>&nbsp;|&ThickSpace;<font color="#686868">Dex Colour:</font> White&nbsp;|&ThickSpace;<font color="#686868">Egg Group(s):</font> Human-Like, Amorphous&nbsp;|&ThickSpace;<font color="#686868">Does Not Evolve</font></font>

|
|t:|1653684920
|switch|p1a: Celesteela|Celesteela|100/100
|turn|7
|
|t:|1653684929
|switch|p2a: Gardevoir|Gardevoir, F|100/100
|-damage|p2a: Gardevoir|88/100|[from] Stealth Rock
|-ability|p2a: Gardevoir|Beast Boost|[from] ability: Trace|[of] p1a: Celesteela
|move|p1a: Celesteela|Air Slash|p2a: Gardevoir
|-damage|p2a: Gardevoir|50/100
|
|upkeep
|turn|8
|
|t:|1653684964
|move|p2a: Gardevoir|Trick|p1a: Celesteela
|-activate|p2a: Gardevoir|move: Trick|[of] p1a: Celesteela
|-item|p1a: Celesteela|Choice Scarf|[from] move: Trick
|-item|p2a: Gardevoir|Power Herb|[from] move: Trick
|move|p1a: Celesteela|Meteor Beam||[still]
|-prepare|p1a: Celesteela|Meteor Beam
|-boost|p1a: Celesteela|spa|1
|
|upkeep
|turn|9
|c|☆uult94a Myuu|surreal
|
|t:|1653684977
|switch|p2a: Swampert|Swampert, M|100/100
|-damage|p2a: Swampert|94/100|[from] Stealth Rock
|move|p1a: Celesteela|Meteor Beam|p2a: Swampert|[from]lockedmove|[miss]
|-miss|p1a: Celesteela|p2a: Swampert
|
|-heal|p2a: Swampert|100/100|[from] item: Leftovers
|upkeep
|turn|10
|
|t:|1653685002
|move|p1a: Celesteela|Meteor Beam||[still]
|-prepare|p1a: Celesteela|Meteor Beam
|-boost|p1a: Celesteela|spa|1
|move|p2a: Swampert|Stealth Rock|p1a: Celesteela
|-sidestart|p1: uult94a Myuu|move: Stealth Rock
|
|upkeep
|turn|11
|
|t:|1653685011
|move|p1a: Celesteela|Meteor Beam|p2a: Swampert|[from]lockedmove
|-resisted|p2a: Swampert
|-damage|p2a: Swampert|72/100
|move|p2a: Swampert|Flip Turn|p1a: Celesteela
|-damage|p1a: Celesteela|80/100
|
|t:|1653685033
|switch|p2a: Aegislash|Aegislash, M|100/100|[from]move: Flip Turn
|-damage|p2a: Aegislash|94/100|[from] Stealth Rock
|
|upkeep
|turn|12
|
|t:|1653685051
|move|p1a: Celesteela|Meteor Beam||[still]
|-prepare|p1a: Celesteela|Meteor Beam
|-boost|p1a: Celesteela|spa|1
|move|p2a: Aegislash|Swords Dance|p2a: Aegislash
|-boost|p2a: Aegislash|atk|2
|
|upkeep
|turn|13
|
|t:|1653685058
|move|p2a: Aegislash|King's Shield|p2a: Aegislash
|-singleturn|p2a: Aegislash|Protect
|move|p1a: Celesteela|Meteor Beam|p2a: Aegislash|[from]lockedmove
|-activate|p2a: Aegislash|move: Protect
|
|upkeep
|turn|14
|
|t:|1653685077
|switch|p1a: Tapu Bulu|Tapu Bulu|100/100
|-damage|p1a: Tapu Bulu|88/100|[from] Spikes
|-damage|p1a: Tapu Bulu|76/100|[from] Stealth Rock
|-fieldstart|move: Grassy Terrain|[from] ability: Grassy Surge|[of] p1a: Tapu Bulu
|-formechange|p2a: Aegislash|Aegislash-Blade||[from] ability: Stance Change
|move|p2a: Aegislash|Shadow Sneak|p1a: Tapu Bulu
|-damage|p1a: Tapu Bulu|31/100
|
|-heal|p1a: Tapu Bulu|37/100|[from] Grassy Terrain
|-heal|p2a: Aegislash|100/100|[from] Grassy Terrain
|upkeep
|turn|15
|
|t:|1653685082
|move|p2a: Aegislash|Shadow Sneak|p1a: Tapu Bulu
|-damage|p1a: Tapu Bulu|0 fnt
|faint|p1a: Tapu Bulu
|
|upkeep
|
|t:|1653685116
|switch|p1a: Celesteela|Celesteela|80/100
|-damage|p1a: Celesteela|67/100|[from] Stealth Rock
|turn|16
|
|t:|1653685120
|-formechange|p2a: Aegislash|Aegislash||[from] ability: Stance Change
|move|p2a: Aegislash|King's Shield|p2a: Aegislash
|-singleturn|p2a: Aegislash|Protect
|move|p1a: Celesteela|Fire Blast|p2a: Aegislash
|-activate|p2a: Aegislash|move: Protect
|
|upkeep
|turn|17
|
|t:|1653685135
|switch|p2a: Swampert|Swampert, M|72/100
|-damage|p2a: Swampert|66/100|[from] Stealth Rock
|move|p1a: Celesteela|Fire Blast|p2a: Swampert
|-resisted|p2a: Swampert
|-damage|p2a: Swampert|54/100
|
|-heal|p2a: Swampert|61/100|[from] Grassy Terrain
|-heal|p2a: Swampert|67/100|[from] item: Leftovers
|upkeep
|turn|18
|
|t:|1653685143
|move|p1a: Celesteela|Fire Blast|p2a: Swampert
|-resisted|p2a: Swampert
|-damage|p2a: Swampert|55/100
|move|p2a: Swampert|Flip Turn|p1a: Celesteela
|-damage|p1a: Celesteela|45/100
|
|t:|1653685174
|switch|p2a: Porygon-Z|Porygon-Z|100/100|[from]move: Flip Turn
|-damage|p2a: Porygon-Z|88/100|[from] Stealth Rock
|
|-heal|p2a: Porygon-Z|94/100|[from] Grassy Terrain
|-fieldend|move: Grassy Terrain
|upkeep
|turn|19
|
|t:|1653685181
|move|p1a: Celesteela|Fire Blast|p2a: Porygon-Z
|-damage|p2a: Porygon-Z|46/100
|move|p2a: Porygon-Z|Thunderbolt|p1a: Celesteela
|-supereffective|p1a: Celesteela
|-damage|p1a: Celesteela|0 fnt
|faint|p1a: Celesteela
|
|upkeep
|
|t:|1653685203
|switch|p1a: Necrozma|Necrozma|100/100
|-damage|p1a: Necrozma|88/100|[from] Spikes
|-damage|p1a: Necrozma|75/100|[from] Stealth Rock
|turn|20
|
|t:|1653685234
|move|p2a: Porygon-Z|Thunderbolt|p1a: Necrozma
|-damage|p1a: Necrozma|19/100
|move|p1a: Necrozma|Autotomize|p1a: Necrozma
|-boost|p1a: Necrozma|spe|2
|-start|p1a: Necrozma|Autotomize
|
|upkeep
|turn|21
|
|t:|1653685242
|move|p1a: Necrozma|Meteor Beam||[still]
|-prepare|p1a: Necrozma|Meteor Beam
|-boost|p1a: Necrozma|spa|1
|-enditem|p1a: Necrozma|Power Herb
|-anim|p1a: Necrozma|Meteor Beam|p2a: Porygon-Z
|-damage|p2a: Porygon-Z|0 fnt
|faint|p2a: Porygon-Z
|
|upkeep
|
|t:|1653685250
|switch|p2a: Aegislash|Aegislash, M|100/100
|-damage|p2a: Aegislash|94/100|[from] Stealth Rock
|turn|22
|
|t:|1653685255
|-formechange|p2a: Aegislash|Aegislash-Blade||[from] ability: Stance Change
|move|p2a: Aegislash|Shadow Sneak|p1a: Necrozma
|-supereffective|p1a: Necrozma
|-damage|p1a: Necrozma|0 fnt
|faint|p1a: Necrozma
|
|upkeep
|
|t:|1653685258
|switch|p1a: Azumarill|Azumarill, M|100/100
|-damage|p1a: Azumarill|88/100|[from] Spikes
|-damage|p1a: Azumarill|76/100|[from] Stealth Rock
|turn|23
|
|t:|1653685270
|move|p2a: Aegislash|Shadow Sneak|p1a: Azumarill
|-damage|p1a: Azumarill|44/100
|-enditem|p1a: Azumarill|Sitrus Berry|[eat]
|-heal|p1a: Azumarill|69/100|[from] item: Sitrus Berry
|move|p1a: Azumarill|Belly Drum|p1a: Azumarill
|-damage|p1a: Azumarill|19/100
|-setboost|p1a: Azumarill|atk|6|[from] move: Belly Drum
|
|upkeep
|turn|24
|
|t:|1653685281
|-formechange|p2a: Aegislash|Aegislash||[from] ability: Stance Change
|move|p2a: Aegislash|King's Shield|p2a: Aegislash
|-singleturn|p2a: Aegislash|Protect
|move|p1a: Azumarill|Aqua Jet|p2a: Aegislash
|-activate|p2a: Aegislash|move: Protect
|-unboost|p1a: Azumarill|atk|1
|
|upkeep
|turn|25
|
|t:|1653685289
|switch|p2a: Gardevoir|Gardevoir, F|50/100
|-damage|p2a: Gardevoir|38/100|[from] Stealth Rock
|-ability|p2a: Gardevoir|Huge Power|[from] ability: Trace|[of] p1a: Azumarill
|move|p1a: Azumarill|Aqua Jet|p2a: Gardevoir
|-damage|p2a: Gardevoir|0 fnt
|faint|p2a: Gardevoir
|
|upkeep
|
|t:|1653685302
|switch|p2a: Skarmory|Skarmory, M|100/100
|-damage|p2a: Skarmory|88/100|[from] Stealth Rock
|turn|26
|
|t:|1653685314
|move|p1a: Azumarill|Knock Off|p2a: Skarmory
|-damage|p2a: Skarmory|11/100
|-damage|p1a: Azumarill|3/100|[from] item: Rocky Helmet|[of] p2a: Skarmory
|-enditem|p2a: Skarmory|Rocky Helmet|[from] move: Knock Off|[of] p1a: Azumarill
|move|p2a: Skarmory|Spikes|p1a: Azumarill
|-sidestart|p1: uult94a Myuu|Spikes
|
|upkeep
|turn|27
|
|t:|1653685332
|move|p1a: Azumarill|Knock Off|p2a: Skarmory
|-damage|p2a: Skarmory|0 fnt
|faint|p2a: Skarmory
|
|upkeep
|
|t:|1653685339
|switch|p2a: Zarude|Zarude|99/100
|-damage|p2a: Zarude|88/100|[from] Stealth Rock
|turn|28
|
|t:|1653685349
|move|p1a: Azumarill|Aqua Jet|p2a: Zarude
|-resisted|p2a: Zarude
|-damage|p2a: Zarude|50/100
|move|p2a: Zarude|Darkest Lariat|p1a: Azumarill
|-resisted|p1a: Azumarill
|-damage|p1a: Azumarill|0 fnt
|faint|p1a: Azumarill
|
|upkeep
|
|t:|1653685351
|switch|p1a: Nihilego|Nihilego|100/100
|-damage|p1a: Nihilego|84/100|[from] Spikes
|-damage|p1a: Nihilego|71/100|[from] Stealth Rock
|turn|29
|
|t:|1653685357
|move|p2a: Zarude|Power Whip|p1a: Nihilego
|-damage|p1a: Nihilego|0 fnt
|faint|p1a: Nihilego
|
|win|Sir Fresh
|raw|uult94a Myuu's rating: 1321 &rarr; <strong>1313</strong><br />(-8 for losing)
|raw|Sir Fresh's rating: 1572 &rarr; <strong>1580</strong><br />(+8 for winning)
|c|☆Sir Fresh|Gg
|c|☆uult94a Myuu|oh
|c|☆uult94a Myuu|wtf
|l|☆uult94a Myuu
|l|☆Sir Fresh
|j|☆Sir Fresh
|player|p2|Sir Fresh|palmer
||Ladder isn't responding, score probably updated but might not have (Request timeout).
