|raw|<div class="broadcast-blue"><strong>This battle is required to be public due to a player having a name starting with 'uult91w'.</div>
|j|☆kolom
|j|☆UULT91w Adaam
|t:|1651933207
|gametype|singles
|player|p1|kolom|101|1486
|player|p2|UULT91w Adaam|2|1668
|teamsize|p1|6
|teamsize|p2|6
|gen|8
|tier|[Gen 8] UU
|rated|
|rule|Sleep Clause Mod: Limit one foe put to sleep
|rule|Species Clause: Limit one of each Pokémon
|rule|OHKO Clause: OHKO moves are banned
|rule|Evasion Moves Clause: Evasion moves are banned
|rule|Endless Battle Clause: Forcing endless battles is banned
|rule|HP Percentage Mod: HP is shown in percentages
|rule|Dynamax Clause: You cannot dynamax
|clearpoke
|poke|p1|Keldeo-Resolute|
|poke|p1|Skarmory, F|
|poke|p1|Zarude-Dada|
|poke|p1|Mamoswine, M|
|poke|p1|Slowking, M|
|poke|p1|Mandibuzz, F|
|poke|p2|Togekiss, M|
|poke|p2|Nidoking, M|
|poke|p2|Hydreigon, M|
|poke|p2|Rotom-Heat|
|poke|p2|Scizor, F|
|poke|p2|Tangrowth, M|
|teampreview
|inactive|Battle timer is ON: inactive players will automatically lose when time's up. (requested by kolom)
|j| Mimilucha
|j| pokemonisfun
|
|t:|1651933234
|start
|switch|p1a: Zarude|Zarude-Dada|100/100
|switch|p2a: deino triple|Hydreigon, M|100/100
|turn|1
|
|t:|1651933244
|switch|p2a: Tangrowth|Tangrowth, M|100/100
|switch|p1a: Mandibuzz|Mandibuzz, F|100/100
|
|upkeep
|turn|2
|l| Mimilucha
|
|t:|1651933249
|move|p1a: Mandibuzz|U-turn|p2a: Tangrowth
|-supereffective|p2a: Tangrowth
|-damage|p2a: Tangrowth|86/100
|-damage|p1a: Mandibuzz|84/100|[from] item: Rocky Helmet|[of] p2a: Tangrowth
|
|t:|1651933253
|switch|p1a: Skarmory|Skarmory, F|100/100|[from]move: U-turn
|move|p2a: Tangrowth|Knock Off|p1a: Skarmory
|-damage|p1a: Skarmory|85/100
|-enditem|p1a: Skarmory|Leftovers|[from] move: Knock Off|[of] p2a: Tangrowth
|
|upkeep
|turn|3
|j| fwninfowweno
|
|t:|1651933262
|switch|p2a: Rotom|Rotom-Heat|100/100
|move|p1a: Skarmory|Toxic|p2a: Rotom
|-status|p2a: Rotom|tox
|
|-damage|p2a: Rotom|94/100 tox|[from] psn
|upkeep
|turn|4
|l|fwninfowweno
|
|t:|1651933270
|switch|p1a: Mamoswine|Mamoswine, M|100/100
|move|p2a: Rotom|Volt Switch|p1a: Mamoswine
|-immune|p1a: Mamoswine
|
|-damage|p2a: Rotom|82/100 tox|[from] psn
|upkeep
|turn|5
|
|t:|1651933275
|switch|p1a: Slowking|Slowking, M|100/100
|move|p2a: Rotom|Overheat|p1a: Slowking
|-resisted|p1a: Slowking
|-damage|p1a: Slowking|80/100
|-unboost|p2a: Rotom|spa|2
|
|-damage|p2a: Rotom|63/100 tox|[from] psn
|upkeep
|turn|6
|
|t:|1651933280
|switch|p2a: deino triple|Hydreigon, M|100/100
|move|p1a: Slowking|Future Sight|p2a: deino triple
|-start|p1a: Slowking|move: Future Sight
|
|upkeep
|turn|7
|
|t:|1651933285
|switch|p1a: Mandibuzz|Mandibuzz, F|84/100
|move|p2a: deino triple|U-turn|p1a: Mandibuzz
|-damage|p1a: Mandibuzz|74/100
|
|t:|1651933297
|switch|p2a: Togekiss|Togekiss, M|100/100|[from]move: U-turn
|
|upkeep
|turn|8
|
|t:|1651933302
|move|p2a: Togekiss|Air Slash|p1a: Mandibuzz|[miss]
|-miss|p2a: Togekiss|p1a: Mandibuzz
|move|p1a: Mandibuzz|U-turn|p2a: Togekiss
|-resisted|p2a: Togekiss
|-damage|p2a: Togekiss|97/100
|
|t:|1651933304
|switch|p1a: Mamoswine|Mamoswine, M|100/100|[from]move: U-turn
|
|-end|p2a: Togekiss|move: Future Sight
|-damage|p2a: Togekiss|62/100
|upkeep
|turn|9
|
|t:|1651933307
|move|p1a: Mamoswine|Earthquake|p2a: Togekiss
|-immune|p2a: Togekiss
|move|p2a: Togekiss|Air Slash|p1a: Mamoswine
|-damage|p1a: Mamoswine|49/100
|
|upkeep
|turn|10
|
|t:|1651933319
|switch|p2a: Scizor|Scizor, F|100/100
|move|p1a: Mamoswine|Earthquake|p2a: Scizor
|-damage|p2a: Scizor|46/100
|
|upkeep
|turn|11
|
|t:|1651933326
|switch|p1a: Keldeo|Keldeo-Resolute|100/100
|move|p2a: Scizor|Roost|p2a: Scizor
|-heal|p2a: Scizor|96/100
|-singleturn|p2a: Scizor|move: Roost
|
|upkeep
|turn|12
|
|t:|1651933331
|switch|p2a: Tangrowth|Tangrowth, M|100/100
|move|p1a: Keldeo|Scald|p2a: Tangrowth
|-resisted|p2a: Tangrowth
|-damage|p2a: Tangrowth|75/100
|
|upkeep
|turn|13
|
|t:|1651933340
|move|p1a: Keldeo|Air Slash|p2a: Tangrowth
|-supereffective|p2a: Tangrowth
|-damage|p2a: Tangrowth|5/100
|cant|p2a: Tangrowth|flinch
|
|upkeep
|turn|14
|j| UULT91w St3ve
|
|t:|1651933345
|switch|p2a: deino triple|Hydreigon, M|100/100
|move|p1a: Keldeo|Calm Mind|p1a: Keldeo
|-boost|p1a: Keldeo|spa|1
|-boost|p1a: Keldeo|spd|1
|
|upkeep
|turn|15
|
|t:|1651933354
|move|p2a: deino triple|Draco Meteor|p1a: Keldeo
|-damage|p1a: Keldeo|40/100
|-unboost|p2a: deino triple|spa|2
|move|p1a: Keldeo|Secret Sword|p2a: deino triple
|-supereffective|p2a: deino triple
|-damage|p2a: deino triple|0 fnt
|faint|p2a: deino triple
|
|upkeep
|
|t:|1651933370
|switch|p2a: Scizor|Scizor, F|96/100
|turn|16
|
|t:|1651933376
|move|p2a: Scizor|Bullet Punch|p1a: Keldeo
|-resisted|p1a: Keldeo
|-damage|p1a: Keldeo|15/100
|move|p1a: Keldeo|Scald|p2a: Scizor
|-damage|p2a: Scizor|26/100
|-status|p2a: Scizor|brn
|
|-damage|p2a: Scizor|20/100 brn|[from] brn
|upkeep
|turn|17
|
|t:|1651933380
|move|p2a: Scizor|Bullet Punch|p1a: Keldeo
|-resisted|p1a: Keldeo
|-damage|p1a: Keldeo|4/100
|move|p1a: Keldeo|Scald|p2a: Scizor
|-damage|p2a: Scizor|0 fnt
|faint|p2a: Scizor
|
|upkeep
|
|t:|1651933383
|switch|p2a: Togekiss|Togekiss, M|62/100
|turn|18
|
|t:|1651933386
|move|p1a: Keldeo|Scald|p2a: Togekiss
|-damage|p2a: Togekiss|5/100
|move|p2a: Togekiss|Air Slash|p1a: Keldeo|[miss]
|-miss|p2a: Togekiss|p1a: Keldeo
|
|upkeep
|turn|19
|-message|UULT91w Adaam forfeited.
|
|win|kolom
|raw|kolom's rating: 1486 &rarr; <strong>1516</strong><br />(+30 for winning)
|raw|UULT91w Adaam's rating: 1668 &rarr; <strong>1638</strong><br />(-30 for losing)
