|j|☆Savannah Vibes
|j|☆pokemonisfun
|t:|1645240306
|gametype|singles
|player|p1|Savannah Vibes|phoebe-gen3|1593
|player|p2|pokemonisfun|#uutrio2ladder|1742
|teamsize|p1|6
|teamsize|p2|6
|gen|8
|tier|[Gen 8] UU
|rated|
|rule|Sleep Clause Mod: Limit one foe put to sleep
|rule|Species Clause: Limit one of each Pokémon
|rule|OHKO Clause: OHKO moves are banned
|rule|Evasion Moves Clause: Evasion moves are banned
|rule|Endless Battle Clause: Forcing endless battles is banned
|rule|HP Percentage Mod: HP is shown in percentages
|rule|Dynamax Clause: You cannot dynamax
|clearpoke
|poke|p1|Azelf|
|poke|p1|Scolipede, M|
|poke|p1|Krookodile, M|
|poke|p1|Aegislash, F|
|poke|p1|Nihilego|
|poke|p1|Celesteela|
|poke|p2|Aegislash, M|
|poke|p2|Chansey, F|
|poke|p2|Quagsire, F|
|poke|p2|Umbreon, M|
|poke|p2|Weezing-Galar, M|
|poke|p2|Salamence, M|
|teampreview
|c|☆Savannah Vibes|hf
|j| 07l中国大妈
|c|☆pokemonisfun|hf
|
|t:|1645240363
|start
|switch|p1a: Charging the Void|Scolipede, M|100/100
|switch|p2a: mr mencey wencey|Salamence, M|100/100
|-ability|p2a: mr mencey wencey|Intimidate|boost
|-unboost|p1a: Charging the Void|atk|1
|turn|1
|l| 07l中国大妈
|
|t:|1645240378
|move|p1a: Charging the Void|Spikes|p2a: mr mencey wencey
|-sidestart|p2: pokemonisfun|Spikes
|move|p2a: mr mencey wencey|Dual Wingbeat|p1a: Charging the Void
|-supereffective|p1a: Charging the Void
|-damage|p1a: Charging the Void|48/100
|-supereffective|p1a: Charging the Void
|-damage|p1a: Charging the Void|0 fnt
|faint|p1a: Charging the Void
|-hitcount|p1: Charging the Void|2
|
|upkeep
|
|t:|1645240383
|switch|p1a: Psychotropia|Nihilego|100/100
|turn|2
|j| mitskiluvr
|j| 07l中国大妈
|
|t:|1645240478
|switch|p2a: give her a chanse|Chansey, F|100/100
|-damage|p2a: give her a chanse|88/100|[from] Spikes
|move|p1a: Psychotropia|Meteor Beam||[still]
|-prepare|p1a: Psychotropia|Meteor Beam
|-boost|p1a: Psychotropia|spa|1
|-enditem|p1a: Psychotropia|Power Herb
|-anim|p1a: Psychotropia|Meteor Beam|p2a: give her a chanse
|-damage|p2a: give her a chanse|63/100
|
|upkeep
|turn|3
|
|t:|1645240484
|move|p1a: Psychotropia|Meteor Beam||[still]
|-prepare|p1a: Psychotropia|Meteor Beam
|-boost|p1a: Psychotropia|spa|1
|move|p2a: give her a chanse|Seismic Toss|p1a: Psychotropia
|-damage|p1a: Psychotropia|74/100
|
|upkeep
|turn|4
|
|t:|1645240502
|move|p1a: Psychotropia|Meteor Beam|p2a: give her a chanse|[from]lockedmove
|-damage|p2a: give her a chanse|25/100
|move|p2a: give her a chanse|Seismic Toss|p1a: Psychotropia
|-damage|p1a: Psychotropia|48/100
|
|upkeep
|turn|5
|l| mitskiluvr
|
|t:|1645240527
|switch|p2a: slash and bash|Aegislash, M|100/100
|-damage|p2a: slash and bash|88/100|[from] Spikes
|move|p1a: Psychotropia|Sludge Bomb|p2a: slash and bash
|-immune|p2a: slash and bash
|
|-heal|p2a: slash and bash|94/100|[from] item: Leftovers
|upkeep
|turn|6
|
|t:|1645240535
|move|p1a: Psychotropia|Pain Split|p2a: slash and bash
|-sethp|p2a: slash and bash|75/100|[from] move: Pain Split|[silent]
|-sethp|p1a: Psychotropia|64/100|[from] move: Pain Split
|-formechange|p2a: slash and bash|Aegislash-Blade||[from] ability: Stance Change
|move|p2a: slash and bash|Close Combat|p1a: Psychotropia
|-damage|p1a: Psychotropia|4/100
|-unboost|p2a: slash and bash|def|1
|-unboost|p2a: slash and bash|spd|1
|
|-heal|p2a: slash and bash|81/100|[from] item: Leftovers
|upkeep
|turn|7
|
|t:|1645240547
|switch|p1a: Collapse|Krookodile, M|100/100
|-ability|p1a: Collapse|Intimidate|boost
|-unboost|p2a: slash and bash|atk|1
|-formechange|p2a: slash and bash|Aegislash||[from] ability: Stance Change
|move|p2a: slash and bash|King's Shield||[still]
|-fail|p2a: slash and bash
|
|-heal|p2a: slash and bash|87/100|[from] item: Leftovers
|upkeep
|turn|8
|l| 07l中国大妈
|
|t:|1645240597
|switch|p2a: mr mencey wencey|Salamence, M|100/100
|-ability|p2a: mr mencey wencey|Intimidate|boost
|-unboost|p1a: Collapse|atk|1
|move|p1a: Collapse|Taunt|p2a: mr mencey wencey
|-start|p2a: mr mencey wencey|move: Taunt
|
|upkeep
|turn|9
|
|t:|1645240610
|move|p1a: Collapse|Stealth Rock|p2a: mr mencey wencey
|-sidestart|p2: pokemonisfun|move: Stealth Rock
|move|p2a: mr mencey wencey|Dual Wingbeat|p1a: Collapse
|-damage|p1a: Collapse|78/100
|-damage|p1a: Collapse|55/100
|-hitcount|p1a: Collapse|2
|
|upkeep
|turn|10
|
|t:|1645240618
|switch|p1a: Cygnus Terminal|Celesteela|100/100
|switch|p2a: mr stinkin lincoln|Weezing-Galar, M|100/100
|-ability|p2a: mr stinkin lincoln|Neutralizing Gas
|-damage|p2a: mr stinkin lincoln|88/100|[from] Stealth Rock
|-damage|p2a: mr stinkin lincoln|76/100|[from] Spikes
|
|upkeep
|turn|11
|
|t:|1645240631
|move|p1a: Cygnus Terminal|Meteor Beam||[still]
|-prepare|p1a: Cygnus Terminal|Meteor Beam
|-boost|p1a: Cygnus Terminal|spa|1
|-enditem|p1a: Cygnus Terminal|Power Herb
|-anim|p1a: Cygnus Terminal|Meteor Beam|p2a: mr stinkin lincoln
|-damage|p2a: mr stinkin lincoln|0 fnt
|faint|p2a: mr stinkin lincoln
|-end|p2a: mr stinkin lincoln|ability: Neutralizing Gas
|-ability|p1a: Cygnus Terminal|Beast Boost|boost
|-boost|p1a: Cygnus Terminal|spa|1
|
|upkeep
|
|t:|1645240639
|switch|p2a: mr muddy buddy|Quagsire, F|100/100
|-damage|p2a: mr muddy buddy|94/100|[from] Stealth Rock
|-damage|p2a: mr muddy buddy|82/100|[from] Spikes
|turn|12
|
|t:|1645240647
|move|p1a: Cygnus Terminal|Air Slash|p2a: mr muddy buddy
|-damage|p2a: mr muddy buddy|53/100
|move|p2a: mr muddy buddy|Recover|p2a: mr muddy buddy
|-heal|p2a: mr muddy buddy|100/100
|
|upkeep
|turn|13
|c|☆Savannah Vibes|whys quag wall the whole squad lmfao
|c|☆pokemonisfun|time to ban quag again
|
|t:|1645240671
|move|p1a: Cygnus Terminal|Air Slash|p2a: mr muddy buddy
|-damage|p2a: mr muddy buddy|71/100
|cant|p2a: mr muddy buddy|flinch
|
|-heal|p2a: mr muddy buddy|77/100|[from] item: Leftovers
|upkeep
|turn|14
|c|☆Savannah Vibes|fr
|c|☆Savannah Vibes|wincon
|
|t:|1645240676
|move|p1a: Cygnus Terminal|Air Slash|p2a: mr muddy buddy
|-damage|p2a: mr muddy buddy|46/100
|move|p2a: mr muddy buddy|Recover|p2a: mr muddy buddy
|-heal|p2a: mr muddy buddy|96/100
|
|-heal|p2a: mr muddy buddy|100/100|[from] item: Leftovers
|upkeep
|turn|15
|
|t:|1645240679
|move|p1a: Cygnus Terminal|Air Slash|p2a: mr muddy buddy
|-damage|p2a: mr muddy buddy|70/100
|move|p2a: mr muddy buddy|Scald|p1a: Cygnus Terminal
|-damage|p1a: Cygnus Terminal|80/100
|
|-heal|p2a: mr muddy buddy|77/100|[from] item: Leftovers
|upkeep
|turn|16
|
|t:|1645240681
|move|p1a: Cygnus Terminal|Air Slash|p2a: mr muddy buddy
|-damage|p2a: mr muddy buddy|48/100
|cant|p2a: mr muddy buddy|flinch
|
|-heal|p2a: mr muddy buddy|54/100|[from] item: Leftovers
|upkeep
|turn|17
|
|t:|1645240684
|move|p1a: Cygnus Terminal|Air Slash|p2a: mr muddy buddy
|-damage|p2a: mr muddy buddy|26/100
|move|p2a: mr muddy buddy|Recover|p2a: mr muddy buddy
|-heal|p2a: mr muddy buddy|76/100
|
|-heal|p2a: mr muddy buddy|82/100|[from] item: Leftovers
|upkeep
|turn|18
|
|t:|1645240686
|move|p1a: Cygnus Terminal|Air Slash|p2a: mr muddy buddy
|-damage|p2a: mr muddy buddy|54/100
|cant|p2a: mr muddy buddy|flinch
|
|-heal|p2a: mr muddy buddy|60/100|[from] item: Leftovers
|upkeep
|turn|19
|c|☆Savannah Vibes|the fisherwoman]
|
|t:|1645240693
|switch|p1a: Psychotropia|Nihilego|4/100
|move|p2a: mr muddy buddy|Recover|p2a: mr muddy buddy
|-heal|p2a: mr muddy buddy|100/100
|
|upkeep
|turn|20
|
|t:|1645240701
|switch|p2a: give her a chanse|Chansey, F|25/100
|-damage|p2a: give her a chanse|12/100|[from] Spikes
|-damage|p2a: give her a chanse|0 fnt|[from] Stealth Rock
|faint|p2a: give her a chanse
|move|p1a: Psychotropia|Pain Split|p2: give her a chanse|[notarget]
|-fail|p1a: Psychotropia
|
|upkeep
|
|t:|1645240703
|switch|p2a: slash and bash|Aegislash, M|87/100
|-damage|p2a: slash and bash|75/100|[from] Spikes
|-damage|p2a: slash and bash|69/100|[from] Stealth Rock
|turn|21
|
|t:|1645240708
|switch|p1a: Collapse|Krookodile, M|55/100
|-ability|p1a: Collapse|Intimidate|boost
|-unboost|p2a: slash and bash|atk|1
|-formechange|p2a: slash and bash|Aegislash-Blade||[from] ability: Stance Change
|move|p2a: slash and bash|Close Combat|p1a: Collapse
|-supereffective|p1a: Collapse
|-enditem|p1a: Collapse|Chople Berry|[eat]
|-enditem|p1a: Collapse|Chople Berry|[weaken]
|-damage|p1a: Collapse|25/100
|-unboost|p2a: slash and bash|def|1
|-unboost|p2a: slash and bash|spd|1
|
|-heal|p2a: slash and bash|75/100|[from] item: Leftovers
|upkeep
|turn|22
|c|☆pokemonisfun|at least i predicted right
|c|☆Savannah Vibes|ur play was solid y
|c|☆Savannah Vibes|hmmm
|c|☆Savannah Vibes|quag actually
|c|☆Savannah Vibes|stonewalls
|c|☆Savannah Vibes|4/6 on this
|c|☆Savannah Vibes|jesus
|c|☆Savannah Vibes|i might need to make azelf ball
|c|☆Savannah Vibes|if i think stall is coming
|
|t:|1645240755
|-formechange|p2a: slash and bash|Aegislash||[from] ability: Stance Change
|move|p2a: slash and bash|King's Shield|p2a: slash and bash
|-singleturn|p2a: slash and bash|Protect
|move|p1a: Collapse|Knock Off|p2a: slash and bash
|-activate|p2a: slash and bash|move: Protect
|-unboost|p1a: Collapse|atk|1
|
|-heal|p2a: slash and bash|81/100|[from] item: Leftovers
|upkeep
|turn|23
|j| backup twerker
|c|☆pokemonisfun|is that how you bluff
|c|☆Savannah Vibes|no
|c|☆Savannah Vibes|ive used this team a million times
|c|☆pokemonisfun|sis
|c|☆Savannah Vibes|its
|c|☆Savannah Vibes|shock blast gleam
|
|t:|1645240793
|switch|p2a: mr mencey wencey|Salamence, M|100/100
|-ability|p2a: mr mencey wencey|Intimidate|boost
|-unboost|p1a: Collapse|atk|1
|move|p1a: Collapse|Knock Off|p2a: mr mencey wencey
|-damage|p2a: mr mencey wencey|81/100
|-enditem|p2a: mr mencey wencey|Heavy-Duty Boots|[from] move: Knock Off|[of] p1a: Collapse
|
|upkeep
|turn|24
|
|t:|1645240799
|switch|p1a: Psychotropia|Nihilego|4/100
|move|p2a: mr mencey wencey|Flamethrower|p1a: Psychotropia
|-resisted|p1a: Psychotropia
|-damage|p1a: Psychotropia|0 fnt
|faint|p1a: Psychotropia
|
|upkeep
|
|t:|1645240802
|switch|p1a: Pteropticon|Azelf|100/100
|turn|25
|
|t:|1645240813
|move|p1a: Pteropticon|Dazzling Gleam|p2a: mr mencey wencey
|-supereffective|p2a: mr mencey wencey
|-damage|p2a: mr mencey wencey|22/100
|move|p2a: mr mencey wencey|Defog|p1a: Pteropticon
|-unboost|p1a: Pteropticon|evasion|1
|-sideend|p2: pokemonisfun|Spikes|[from] move: Defog|[of] p2a: mr mencey wencey
|-sideend|p2: pokemonisfun|Stealth Rock|[from] move: Defog|[of] p2a: mr mencey wencey
|
|upkeep
|turn|26
|
|t:|1645240832
|move|p1a: Pteropticon|Psyshock|p2a: mr mencey wencey
|-damage|p2a: mr mencey wencey|0 fnt
|faint|p2a: mr mencey wencey
|
|upkeep
|
|t:|1645240838
|switch|p2a: mr umby wumby|Umbreon, M|100/100
|turn|27
|
|t:|1645240844
|switch|p1a: Ultimate Artificer|Aegislash, F|100/100
|move|p2a: mr umby wumby|Foul Play|p1a: Ultimate Artificer
|-supereffective|p1a: Ultimate Artificer
|-damage|p1a: Ultimate Artificer|59/100
|-enditem|p1a: Ultimate Artificer|Weakness Policy
|-boost|p1a: Ultimate Artificer|atk|2|[from] item: Weakness Policy
|-boost|p1a: Ultimate Artificer|spa|2|[from] item: Weakness Policy
|
|upkeep
|turn|28
|c|☆Savannah Vibes|yasss time to flop into quag
|
|t:|1645240860
|move|p2a: mr umby wumby|Protect|p2a: mr umby wumby
|-singleturn|p2a: mr umby wumby|Protect
|-formechange|p1a: Ultimate Artificer|Aegislash-Blade||[from] ability: Stance Change
|move|p1a: Ultimate Artificer|Close Combat|p2a: mr umby wumby
|-activate|p2a: mr umby wumby|move: Protect
|
|upkeep
|turn|29
|
|t:|1645240882
|switch|p2a: slash and bash|Aegislash, M|81/100
|move|p1a: Ultimate Artificer|Shadow Sneak|p2a: slash and bash
|-supereffective|p2a: slash and bash
|-damage|p2a: slash and bash|7/100
|
|-heal|p2a: slash and bash|13/100|[from] item: Leftovers
|upkeep
|turn|30
|
|t:|1645240890
|move|p2a: slash and bash|King's Shield|p2a: slash and bash
|-singleturn|p2a: slash and bash|Protect
|move|p1a: Ultimate Artificer|Iron Head|p2a: slash and bash
|-activate|p2a: slash and bash|move: Protect
|-unboost|p1a: Ultimate Artificer|atk|1
|
|-heal|p2a: slash and bash|19/100|[from] item: Leftovers
|upkeep
|turn|31
|
|t:|1645240898
|switch|p2a: mr muddy buddy|Quagsire, F|100/100
|move|p1a: Ultimate Artificer|Iron Head|p2a: mr muddy buddy
|-resisted|p2a: mr muddy buddy
|-damage|p2a: mr muddy buddy|78/100
|
|-heal|p2a: mr muddy buddy|84/100|[from] item: Leftovers
|upkeep
|turn|32
|
|t:|1645240903
|move|p1a: Ultimate Artificer|Close Combat|p2a: mr muddy buddy
|-damage|p2a: mr muddy buddy|38/100
|-unboost|p1a: Ultimate Artificer|def|1
|-unboost|p1a: Ultimate Artificer|spd|1
|move|p2a: mr muddy buddy|Recover|p2a: mr muddy buddy
|-heal|p2a: mr muddy buddy|89/100
|
|-heal|p2a: mr muddy buddy|95/100|[from] item: Leftovers
|upkeep
|turn|33
|c|☆Savannah Vibes|okay that does
|c|☆Savannah Vibes|not that bad
|
|t:|1645240912
|move|p1a: Ultimate Artificer|Close Combat|p2a: mr muddy buddy
|-damage|p2a: mr muddy buddy|53/100
|-unboost|p1a: Ultimate Artificer|def|1
|-unboost|p1a: Ultimate Artificer|spd|1
|move|p2a: mr muddy buddy|Recover|p2a: mr muddy buddy
|-heal|p2a: mr muddy buddy|100/100
|
|upkeep
|turn|34
|
|t:|1645240917
|switch|p1a: Pteropticon|Azelf|100/100
|move|p2a: mr muddy buddy|Scald|p1a: Pteropticon
|-damage|p1a: Pteropticon|68/100
|
|upkeep
|turn|35
|
|t:|1645240926
|move|p1a: Pteropticon|Dazzling Gleam|p2a: mr muddy buddy
|-damage|p2a: mr muddy buddy|79/100
|move|p2a: mr muddy buddy|Scald|p1a: Pteropticon
|-damage|p1a: Pteropticon|37/100
|
|-heal|p2a: mr muddy buddy|85/100|[from] item: Leftovers
|upkeep
|turn|36
|
|t:|1645240931
|move|p1a: Pteropticon|Psyshock|p2a: mr muddy buddy
|-damage|p2a: mr muddy buddy|42/100
|move|p2a: mr muddy buddy|Recover|p2a: mr muddy buddy
|-heal|p2a: mr muddy buddy|92/100
|
|-heal|p2a: mr muddy buddy|98/100|[from] item: Leftovers
|upkeep
|turn|37
|
|t:|1645240935
|move|p1a: Pteropticon|Psyshock|p2a: mr muddy buddy
|-damage|p2a: mr muddy buddy|57/100
|move|p2a: mr muddy buddy|Recover|p2a: mr muddy buddy
|-heal|p2a: mr muddy buddy|100/100
|
|upkeep
|turn|38
|
|t:|1645240938
|move|p1a: Pteropticon|Psyshock|p2a: mr muddy buddy
|-damage|p2a: mr muddy buddy|59/100
|move|p2a: mr muddy buddy|Toxic|p1a: Pteropticon
|-status|p1a: Pteropticon|tox
|
|-heal|p2a: mr muddy buddy|65/100|[from] item: Leftovers
|-damage|p1a: Pteropticon|31/100 tox|[from] psn
|upkeep
|turn|39
|
|t:|1645240940
|switch|p1a: Collapse|Krookodile, M|25/100
|-ability|p1a: Collapse|Intimidate|boost
|-unboost|p2a: mr muddy buddy|atk|1
|move|p2a: mr muddy buddy|Recover|p2a: mr muddy buddy
|-heal|p2a: mr muddy buddy|100/100
|
|upkeep
|turn|40
|
|t:|1645240942
|move|p1a: Collapse|Knock Off|p2a: mr muddy buddy
|-damage|p2a: mr muddy buddy|51/100
|-enditem|p2a: mr muddy buddy|Leftovers|[from] move: Knock Off|[of] p1a: Collapse
|move|p2a: mr muddy buddy|Scald|p1a: Collapse
|-supereffective|p1a: Collapse
|-damage|p1a: Collapse|0 fnt
|faint|p1a: Collapse
|
|upkeep
|c|☆Savannah Vibes|is that max SpD
|c|☆Savannah Vibes|okay
|c|☆Savannah Vibes|wincon
|
|t:|1645240954
|switch|p1a: Cygnus Terminal|Celesteela|80/100
|turn|41
|c|☆pokemonisfun|it was a bit too clicky onmy part
|c|☆Savannah Vibes|y
|c|☆Savannah Vibes|i think u had safer route there
|
|t:|1645240978
|move|p1a: Cygnus Terminal|Meteor Beam||[still]
|-prepare|p1a: Cygnus Terminal|Meteor Beam
|-boost|p1a: Cygnus Terminal|spa|1
|move|p2a: mr muddy buddy|Recover|p2a: mr muddy buddy
|-heal|p2a: mr muddy buddy|100/100
|
|upkeep
|turn|42
|c|☆Savannah Vibes|L
|c|☆Savannah Vibes|didnt think you would risk
|c|☆pokemonisfun|sis
|c|☆pokemonisfun|yeah
|c|☆Savannah Vibes|and i get cucked by umby if i
|c|☆Savannah Vibes|dont get the raise
|c|☆Savannah Vibes|gg
|c|☆pokemonisfun|well
|c|☆pokemonisfun|you can still winnn
|c|☆Savannah Vibes|unless i pull a rachi here
|c|☆Savannah Vibes|lol
|
|t:|1645241008
|move|p1a: Cygnus Terminal|Meteor Beam|p2a: mr muddy buddy|[from]lockedmove
|-resisted|p2a: mr muddy buddy
|-damage|p2a: mr muddy buddy|85/100
|move|p2a: mr muddy buddy|Scald|p1a: Cygnus Terminal
|-damage|p1a: Cygnus Terminal|63/100
|
|upkeep
|turn|43
|c|☆Savannah Vibes|no lefties helps some ig
|
|t:|1645241020
|move|p1a: Cygnus Terminal|Air Slash|p2a: mr muddy buddy
|-damage|p2a: mr muddy buddy|53/100
|cant|p2a: mr muddy buddy|flinch
|
|upkeep
|turn|44
|
|t:|1645241023
|move|p1a: Cygnus Terminal|Air Slash|p2a: mr muddy buddy
|-damage|p2a: mr muddy buddy|20/100
|cant|p2a: mr muddy buddy|flinch
|
|upkeep
|turn|45
|c|☆Savannah Vibes|uno'
|c|☆Savannah Vibes|dos
|
|t:|1645241032
|switch|p2a: mr umby wumby|Umbreon, M|100/100
|move|p1a: Cygnus Terminal|Air Slash|p2a: mr umby wumby
|-damage|p2a: mr umby wumby|62/100
|
|-heal|p2a: mr umby wumby|68/100|[from] item: Leftovers
|upkeep
|turn|46
|
|t:|1645241039
|move|p1a: Cygnus Terminal|Meteor Beam||[still]
|-prepare|p1a: Cygnus Terminal|Meteor Beam
|-boost|p1a: Cygnus Terminal|spa|1
|move|p2a: mr umby wumby|Wish|p2a: mr umby wumby
|
|-heal|p2a: mr umby wumby|74/100|[from] item: Leftovers
|upkeep
|turn|47
|
|t:|1645241046
|switch|p2a: mr muddy buddy|Quagsire, F|20/100
|move|p1a: Cygnus Terminal|Meteor Beam|p2a: mr muddy buddy|[from]lockedmove
|-resisted|p2a: mr muddy buddy
|-damage|p2a: mr muddy buddy|5/100
|
|-heal|p2a: mr muddy buddy|55/100|[from] move: Wish|[wisher] mr umby wumby
|upkeep
|turn|48
|c|☆Savannah Vibes|rlly
|c|☆Savannah Vibes|LOL
|c|☆Savannah Vibes|perdemos
|
|t:|1645241056
|move|p1a: Cygnus Terminal|Air Slash|p2a: mr muddy buddy
|-damage|p2a: mr muddy buddy|27/100
|move|p2a: mr muddy buddy|Recover|p2a: mr muddy buddy
|-heal|p2a: mr muddy buddy|77/100
|
|upkeep
|turn|49
|
|t:|1645241062
|move|p1a: Cygnus Terminal|Air Slash|p2a: mr muddy buddy
|-damage|p2a: mr muddy buddy|45/100
|move|p2a: mr muddy buddy|Recover|p2a: mr muddy buddy
|-heal|p2a: mr muddy buddy|95/100
|
|upkeep
|turn|50
|
|t:|1645241066
|move|p1a: Cygnus Terminal|Air Slash|p2a: mr muddy buddy
|-damage|p2a: mr muddy buddy|65/100
|cant|p2a: mr muddy buddy|flinch
|
|upkeep
|turn|51
|
|t:|1645241069
|move|p1a: Cygnus Terminal|Air Slash|p2a: mr muddy buddy
|-damage|p2a: mr muddy buddy|33/100
|move|p2a: mr muddy buddy|Recover|p2a: mr muddy buddy
|-heal|p2a: mr muddy buddy|83/100
|
|upkeep
|turn|52
|
|t:|1645241071
|move|p1a: Cygnus Terminal|Air Slash|p2a: mr muddy buddy
|-damage|p2a: mr muddy buddy|50/100
|move|p2a: mr muddy buddy|Recover|p2a: mr muddy buddy
|-heal|p2a: mr muddy buddy|100/100
|
|upkeep
|turn|53
|
|t:|1645241073
|move|p1a: Cygnus Terminal|Air Slash|p2a: mr muddy buddy
|-damage|p2a: mr muddy buddy|68/100
|cant|p2a: mr muddy buddy|flinch
|
|upkeep
|turn|54
|
|t:|1645241077
|move|p1a: Cygnus Terminal|Air Slash|p2a: mr muddy buddy
|-damage|p2a: mr muddy buddy|34/100
|move|p2a: mr muddy buddy|Recover|p2a: mr muddy buddy
|-heal|p2a: mr muddy buddy|84/100
|
|upkeep
|turn|55
|c|☆Savannah Vibes|hm these odds werent that bad but
|c|☆Savannah Vibes|i dodged two scald burns i think
|
|t:|1645241097
|move|p1a: Cygnus Terminal|Air Slash|p2a: mr muddy buddy
|-damage|p2a: mr muddy buddy|51/100
|move|p2a: mr muddy buddy|Haze|p2a: mr muddy buddy
|-clearallboost
|
|upkeep
|turn|56
|c|☆Savannah Vibes|recover stalling this might b
|c|☆Savannah Vibes|viable
|c|☆Savannah Vibes|w/o changing moves
|c|☆Savannah Vibes|idk
|
|t:|1645241110
|move|p1a: Cygnus Terminal|Air Slash|p2a: mr muddy buddy
|-damage|p2a: mr muddy buddy|21/100
|move|p2a: mr muddy buddy|Recover|p2a: mr muddy buddy
|-heal|p2a: mr muddy buddy|71/100
|
|upkeep
|turn|57
|c|☆Savannah Vibes|i did not think far ahead enough
|c|☆pokemonisfun|this is such a meme
|c|☆pokemonisfun|tbh
|
|t:|1645241138
|switch|p2a: mr umby wumby|Umbreon, M|74/100
|move|p1a: Cygnus Terminal|Air Slash|p2a: mr umby wumby
|-damage|p2a: mr umby wumby|47/100
|
|-heal|p2a: mr umby wumby|53/100|[from] item: Leftovers
|upkeep
|turn|58
|
|t:|1645241150
|move|p1a: Cygnus Terminal|Meteor Beam||[still]
|-prepare|p1a: Cygnus Terminal|Meteor Beam
|-boost|p1a: Cygnus Terminal|spa|1
|move|p2a: mr umby wumby|Wish|p2a: mr umby wumby
|
|-heal|p2a: mr umby wumby|59/100|[from] item: Leftovers
|upkeep
|turn|59
|
|t:|1645241155
|move|p1a: Cygnus Terminal|Meteor Beam|p2a: mr umby wumby|[from]lockedmove
|-damage|p2a: mr umby wumby|21/100
|move|p2a: mr umby wumby|Foul Play|p1a: Cygnus Terminal
|-damage|p1a: Cygnus Terminal|38/100
|
|-heal|p2a: mr umby wumby|71/100|[from] move: Wish|[wisher] mr umby wumby
|-heal|p2a: mr umby wumby|77/100|[from] item: Leftovers
|upkeep
|turn|60
|
|t:|1645241163
|move|p2a: mr umby wumby|Protect|p2a: mr umby wumby
|-singleturn|p2a: mr umby wumby|Protect
|move|p1a: Cygnus Terminal|Air Slash|p2a: mr umby wumby
|-activate|p2a: mr umby wumby|move: Protect
|
|-heal|p2a: mr umby wumby|83/100|[from] item: Leftovers
|upkeep
|turn|61
|
|t:|1645241167
|move|p1a: Cygnus Terminal|Air Slash|p2a: mr umby wumby
|-damage|p2a: mr umby wumby|42/100
|move|p2a: mr umby wumby|Wish|p2a: mr umby wumby
|
|-heal|p2a: mr umby wumby|48/100|[from] item: Leftovers
|upkeep
|turn|62
|
|t:|1645241173
|move|p1a: Cygnus Terminal|Meteor Beam||[still]
|-prepare|p1a: Cygnus Terminal|Meteor Beam
|-boost|p1a: Cygnus Terminal|spa|1
|move|p2a: mr umby wumby|Foul Play|p1a: Cygnus Terminal
|-damage|p1a: Cygnus Terminal|14/100
|
|-heal|p2a: mr umby wumby|98/100|[from] move: Wish|[wisher] mr umby wumby
|-heal|p2a: mr umby wumby|100/100|[from] item: Leftovers
|upkeep
|turn|63
|c|☆Savannah Vibes|okay now this is pretty wrapped unless i get lucky
|
|t:|1645241210
|move|p1a: Cygnus Terminal|Meteor Beam|p2a: mr umby wumby|[from]lockedmove
|-damage|p2a: mr umby wumby|43/100
|move|p2a: mr umby wumby|Foul Play|p1a: Cygnus Terminal
|-damage|p1a: Cygnus Terminal|0 fnt
|faint|p1a: Cygnus Terminal
|
|-heal|p2a: mr umby wumby|49/100|[from] item: Leftovers
|upkeep
|c|☆Savannah Vibes|hm
|c|☆Savannah Vibes|i thought u go quag there
|
|t:|1645241226
|switch|p1a: Ultimate Artificer|Aegislash, F|59/100
|turn|64
|c|☆pokemonisfun|aegi probs better
|c|☆pokemonisfun|tbh
|c|☆Savannah Vibes|or that y
|
|t:|1645241251
|-formechange|p1a: Ultimate Artificer|Aegislash-Blade||[from] ability: Stance Change
|move|p1a: Ultimate Artificer|Close Combat|p2a: mr umby wumby
|-supereffective|p2a: mr umby wumby
|-damage|p2a: mr umby wumby|0 fnt
|-unboost|p1a: Ultimate Artificer|def|1
|-unboost|p1a: Ultimate Artificer|spd|1
|faint|p2a: mr umby wumby
|
|upkeep
|
|t:|1645241272
|switch|p2a: mr muddy buddy|Quagsire, F|71/100
|turn|65
|
|t:|1645241279
|move|p1a: Ultimate Artificer|Close Combat|p2a: mr muddy buddy
|-damage|p2a: mr muddy buddy|27/100
|-unboost|p1a: Ultimate Artificer|def|1
|-unboost|p1a: Ultimate Artificer|spd|1
|move|p2a: mr muddy buddy|Scald|p1a: Ultimate Artificer
|-damage|p1a: Ultimate Artificer|25/100
|
|upkeep
|turn|66
|
|t:|1645241284
|switch|p2a: slash and bash|Aegislash, M|19/100
|move|p1a: Ultimate Artificer|Close Combat|p2a: slash and bash
|-immune|p2a: slash and bash
|
|-heal|p2a: slash and bash|25/100|[from] item: Leftovers
|upkeep
|turn|67
|c|☆Savannah Vibes|damn
|c|☆Savannah Vibes|this is a wild turn
|c|☆Savannah Vibes|i think
|c|☆Savannah Vibes|oh adaam made
|c|☆Savannah Vibes|bfm finals
|c|☆Savannah Vibes|nice
|c|☆pokemonisfun|yes
|
|t:|1645241356
|move|p2a: slash and bash|King's Shield|p2a: slash and bash
|-singleturn|p2a: slash and bash|Protect
|move|p1a: Ultimate Artificer|Shadow Sneak|p2a: slash and bash
|-activate|p2a: slash and bash|move: Protect
|-unboost|p1a: Ultimate Artificer|atk|1
|
|-heal|p2a: slash and bash|32/100|[from] item: Leftovers
|upkeep
|turn|68
|c|☆Savannah Vibes|fuck
|
|t:|1645241388
|switch|p1a: Pteropticon|Azelf|31/100 tox
|move|p2a: slash and bash|Toxic|p1a: Pteropticon
|-fail|p1a: Pteropticon|tox
|
|-heal|p2a: slash and bash|38/100|[from] item: Leftovers
|-damage|p1a: Pteropticon|25/100 tox|[from] psn
|upkeep
|turn|69
|
|t:|1645241396
|move|p2a: slash and bash|King's Shield|p2a: slash and bash
|-singleturn|p2a: slash and bash|Protect
|move|p1a: Pteropticon|Fire Blast|p2a: slash and bash
|-activate|p2a: slash and bash|move: Protect
|
|-heal|p2a: slash and bash|44/100|[from] item: Leftovers
|-damage|p1a: Pteropticon|13/100 tox|[from] psn
|upkeep
|turn|70
|
|t:|1645241408
|switch|p2a: mr muddy buddy|Quagsire, F|27/100
|move|p1a: Pteropticon|Fire Blast|p2a: mr muddy buddy
|-resisted|p2a: mr muddy buddy
|-damage|p2a: mr muddy buddy|12/100
|
|-damage|p1a: Pteropticon|0 fnt|[from] psn
|faint|p1a: Pteropticon
|upkeep
|
|t:|1645241411
|switch|p1a: Ultimate Artificer|Aegislash, F|25/100
|turn|71
|
|t:|1645241416
|move|p1a: Ultimate Artificer|Swords Dance|p1a: Ultimate Artificer
|-boost|p1a: Ultimate Artificer|atk|2
|move|p2a: mr muddy buddy|Haze|p2a: mr muddy buddy
|-clearallboost
|
|upkeep
|turn|72
|
|t:|1645241419
|move|p1a: Ultimate Artificer|Swords Dance|p1a: Ultimate Artificer
|-boost|p1a: Ultimate Artificer|atk|2
|move|p2a: mr muddy buddy|Haze|p2a: mr muddy buddy
|-clearallboost
|
|upkeep
|turn|73
|c|☆pokemonisfun|dont do this
|c|☆pokemonisfun|u know the pp
|c|☆Savannah Vibes|lmao
|c|☆Savannah Vibes|was trying to
|
|t:|1645241429
|-formechange|p1a: Ultimate Artificer|Aegislash-Blade||[from] ability: Stance Change
|move|p1a: Ultimate Artificer|Shadow Sneak|p2a: mr muddy buddy
|-damage|p2a: mr muddy buddy|0 fnt
|faint|p2a: mr muddy buddy
|
|upkeep
|c|☆Savannah Vibes|bait choke
|
|t:|1645241432
|switch|p2a: slash and bash|Aegislash, M|44/100
|turn|74
|c|☆Savannah Vibes|ur too good for that
|c|☆pokemonisfun|well i choked like
|c|☆pokemonisfun|at least twice by your count
|c|☆pokemonisfun|so far
|c|☆Savannah Vibes|hmm
|
|t:|1645241449
|move|p1a: Ultimate Artificer|Shadow Sneak|p2a: slash and bash
|-supereffective|p2a: slash and bash
|-damage|p2a: slash and bash|5/100
|-formechange|p2a: slash and bash|Aegislash-Blade||[from] ability: Stance Change
|move|p2a: slash and bash|Shadow Ball|p1a: Ultimate Artificer
|-supereffective|p1a: Ultimate Artificer
|-damage|p1a: Ultimate Artificer|0 fnt
|faint|p1a: Ultimate Artificer
|
|win|pokemonisfun
|raw|Savannah Vibes's rating: 1593 &rarr; <strong>1581</strong><br />(-12 for losing)
|raw|pokemonisfun's rating: 1742 &rarr; <strong>1754</strong><br />(+12 for winning)
|c|☆Savannah Vibes|i would say just 1
|c|☆Savannah Vibes|gg
|c|☆pokemonisfun|gg
|c|☆Savannah Vibes|weird game lol
|l|☆pokemonisfun
