|j|☆Pudistor Black
|j|☆Rvp4president
|t:|1661353290
|gametype|singles
|player|p1|Pudistor Black|169|1575
|player|p2|Rvp4president|101|1483
|teamsize|p1|6
|teamsize|p2|6
|gen|8
|tier|[Gen 8] UU
|rated|
|rule|Sleep Clause Mod: Limit one foe put to sleep
|rule|Species Clause: Limit one of each Pokémon
|rule|OHKO Clause: OHKO moves are banned
|rule|Evasion Items Clause: Evasion items are banned
|rule|Evasion Moves Clause: Evasion moves are banned
|rule|Endless Battle Clause: Forcing endless battles is banned
|rule|HP Percentage Mod: HP is shown in percentages
|rule|Dynamax Clause: You cannot dynamax
|clearpoke
|poke|p1|Hatterene, F|
|poke|p1|Stakataka|
|poke|p1|Mimikyu, F|
|poke|p1|Marowak-Alola, F|
|poke|p1|Conkeldurr, M|
|poke|p1|Torkoal, F|
|poke|p2|Politoed, M|
|poke|p2|Amoonguss, M|
|poke|p2|Ludicolo, F|
|poke|p2|Keldeo-Resolute|
|poke|p2|Jirachi|
|poke|p2|Kingdra, F|
|teampreview
|inactive|Battle timer is ON: inactive players will automatically lose when time's up. (requested by Rvp4president)
|
|t:|1661353311
|start
|switch|p1a: Conkeldurr|Conkeldurr, M|100/100
|switch|p2a: Keldeo|Keldeo-Resolute|100/100
|turn|1
|
|t:|1661353320
|move|p2a: Keldeo|Focus Blast|p1a: Conkeldurr
|-damage|p1a: Conkeldurr|34/100
|move|p1a: Conkeldurr|Drain Punch|p2a: Keldeo
|-damage|p2a: Keldeo|33/100
|-heal|p1a: Conkeldurr|60/100|[from] drain|[of] p2a: Keldeo
|
|upkeep
|turn|2
|
|t:|1661353329
|switch|p2a: Amoonguss|Amoonguss, M|100/100
|move|p1a: Conkeldurr|Mach Punch|p2a: Amoonguss
|-resisted|p2a: Amoonguss
|-damage|p2a: Amoonguss|89/100
|
|-heal|p2a: Amoonguss|96/100|[from] item: Black Sludge
|upkeep
|turn|3
|
|t:|1661353338
|move|p2a: Amoonguss|Sludge Bomb|p1a: Conkeldurr
|-damage|p1a: Conkeldurr|39/100
|move|p1a: Conkeldurr|Fire Punch|p2a: Amoonguss
|-supereffective|p2a: Amoonguss
|-damage|p2a: Amoonguss|47/100
|
|-heal|p2a: Amoonguss|54/100|[from] item: Black Sludge
|upkeep
|turn|4
|
|t:|1661353352
|move|p2a: Amoonguss|Giga Drain|p1a: Conkeldurr
|-damage|p1a: Conkeldurr|22/100
|-heal|p2a: Amoonguss|62/100|[from] drain|[of] p1a: Conkeldurr
|move|p1a: Conkeldurr|Fire Punch|p2a: Amoonguss
|-supereffective|p2a: Amoonguss
|-damage|p2a: Amoonguss|13/100
|
|-heal|p2a: Amoonguss|19/100|[from] item: Black Sludge
|upkeep
|turn|5
|
|t:|1661353375
|move|p2a: Amoonguss|Foul Play|p1a: Conkeldurr
|-resisted|p1a: Conkeldurr
|-damage|p1a: Conkeldurr|5/100
|move|p1a: Conkeldurr|Fire Punch|p2a: Amoonguss
|-supereffective|p2a: Amoonguss
|-damage|p2a: Amoonguss|0 fnt
|faint|p2a: Amoonguss
|
|upkeep
|
|t:|1661353382
|switch|p2a: Jirachi|Jirachi|100/100
|turn|6
|
|t:|1661353389
|move|p1a: Conkeldurr|Mach Punch|p2a: Jirachi
|-damage|p2a: Jirachi|77/100
|move|p2a: Jirachi|Body Slam|p1a: Conkeldurr
|-damage|p1a: Conkeldurr|0 fnt
|faint|p1a: Conkeldurr
|
|-heal|p2a: Jirachi|84/100|[from] item: Leftovers
|upkeep
|
|t:|1661353407
|switch|p1a: Mimikyu|Mimikyu, F|100/100
|turn|7
|
|t:|1661353414
|move|p1a: Mimikyu|Shadow Sneak|p2a: Jirachi
|-supereffective|p2a: Jirachi
|-damage|p2a: Jirachi|43/100
|-damage|p1a: Mimikyu|91/100|[from] item: Life Orb
|move|p2a: Jirachi|Body Slam|p1a: Mimikyu
|-immune|p1a: Mimikyu
|
|-heal|p2a: Jirachi|49/100|[from] item: Leftovers
|upkeep
|turn|8
|
|t:|1661353426
|switch|p2a: Politoed|Politoed, M, shiny|100/100
|-weather|RainDance|[from] ability: Drizzle|[of] p2a: Politoed
|move|p1a: Mimikyu|Shadow Sneak|p2a: Politoed
|-damage|p2a: Politoed|76/100
|-damage|p1a: Mimikyu|81/100|[from] item: Life Orb
|
|-weather|RainDance|[upkeep]
|upkeep
|turn|9
|
|t:|1661353436
|move|p2a: Politoed|Scald|p1a: Mimikyu
|-activate|p1a: Mimikyu|ability: Disguise
|-damage|p1a: Mimikyu|81/100
|detailschange|p1a: Mimikyu|Mimikyu-Busted, F
|-damage|p1a: Mimikyu|68/100|[from] pokemon: Mimikyu-Busted
|move|p1a: Mimikyu|Play Rough|p2a: Politoed
|-crit|p2a: Politoed
|-damage|p2a: Politoed|0 fnt
|faint|p2a: Politoed
|-damage|p1a: Mimikyu|58/100|[from] item: Life Orb
|
|-weather|RainDance|[upkeep]
|upkeep
|
|t:|1661353455
|switch|p2a: Ludicolo|Ludicolo, F, shiny|100/100
|turn|10
|
|t:|1661353460
|move|p1a: Mimikyu|Shadow Sneak|p2a: Ludicolo
|-damage|p2a: Ludicolo|62/100
|-damage|p1a: Mimikyu|49/100|[from] item: Life Orb
|move|p2a: Ludicolo|Surf|p1a: Mimikyu
|-damage|p1a: Mimikyu|0 fnt
|faint|p1a: Mimikyu
|
|-weather|RainDance|[upkeep]
|upkeep
|
|t:|1661353473
|switch|p1a: Hatterene|Hatterene, F|100/100
|turn|11
|
|t:|1661353477
|move|p2a: Ludicolo|Surf|p1a: Hatterene
|-damage|p1a: Hatterene|34/100
|move|p1a: Hatterene|Trick Room|p1a: Hatterene
|-fieldstart|move: Trick Room|[of] p1a: Hatterene
|
|-weather|RainDance|[upkeep]
|upkeep
|turn|12
|
|t:|1661353488
|switch|p2a: Jirachi|Jirachi|49/100
|move|p1a: Hatterene|Misty Explosion|p2a: Jirachi
|-resisted|p2a: Jirachi
|-damage|p2a: Jirachi|32/100
|faint|p1a: Hatterene
|
|-weather|RainDance|[upkeep]
|-heal|p2a: Jirachi|38/100|[from] item: Leftovers
|upkeep
|
|t:|1661353498
|switch|p1a: Torkoal|Torkoal, F|100/100
|-weather|SunnyDay|[from] ability: Drought|[of] p1a: Torkoal
|turn|13
|
|t:|1661353507
|switch|p2a: Kingdra|Kingdra, F|100/100
|move|p1a: Torkoal|Eruption|p2a: Kingdra
|-resisted|p2a: Kingdra
|-damage|p2a: Kingdra|54/100
|
|-weather|SunnyDay|[upkeep]
|upkeep
|turn|14
|inactive|Pudistor Black has 120 seconds left.
|
|t:|1661353542
|switch|p1a: Marowak|Marowak-Alola, F|100/100
|move|p2a: Kingdra|Outrage|p1a: Marowak
|-damage|p1a: Marowak|27/100
|-damage|p2a: Kingdra|44/100|[from] item: Life Orb
|
|-weather|SunnyDay|[upkeep]
|upkeep
|turn|15
|inactive|Pudistor Black has 120 seconds left.
|
|t:|1661353568
|move|p1a: Marowak|Flare Blitz|p2a: Kingdra
|-resisted|p2a: Kingdra
|-damage|p2a: Kingdra|0 fnt
|faint|p2a: Kingdra
|
|-weather|SunnyDay|[upkeep]
|-fieldend|move: Trick Room
|upkeep
|
|t:|1661353574
|switch|p2a: Keldeo|Keldeo-Resolute|33/100
|turn|16
|
|t:|1661353580
|move|p2a: Keldeo|Scald|p1a: Marowak
|-supereffective|p1a: Marowak
|-damage|p1a: Marowak|0 fnt
|faint|p1a: Marowak
|
|-weather|SunnyDay|[upkeep]
|upkeep
|
|t:|1661353587
|switch|p1a: Stakataka|Stakataka|100/100
|-item|p1a: Stakataka|Air Balloon
|turn|17
|
|t:|1661353597
|switch|p2a: Jirachi|Jirachi|38/100
|move|p1a: Stakataka|Trick Room|p1a: Stakataka
|-fieldstart|move: Trick Room|[of] p1a: Stakataka
|
|-weather|none
|-heal|p2a: Jirachi|44/100|[from] item: Leftovers
|upkeep
|turn|18
|
|t:|1661353605
|switch|p1a: Torkoal|Torkoal, F|100/100
|-weather|SunnyDay|[from] ability: Drought|[of] p1a: Torkoal
|move|p2a: Jirachi|Protect||[still]
|-fail|p2a: Jirachi
|
|-weather|SunnyDay|[upkeep]
|-heal|p2a: Jirachi|50/100|[from] item: Leftovers
|upkeep
|turn|19
|
|t:|1661353615
|move|p2a: Jirachi|Protect|p2a: Jirachi
|-singleturn|p2a: Jirachi|Protect
|move|p1a: Torkoal|Weather Ball|p2a: Jirachi
|-activate|p2a: Jirachi|move: Protect
|
|-weather|SunnyDay|[upkeep]
|-heal|p2a: Jirachi|57/100|[from] item: Leftovers
|upkeep
|turn|20
|
|t:|1661353634
|move|p2a: Jirachi|Protect||[still]
|-fail|p2a: Jirachi
|move|p1a: Torkoal|Weather Ball|p2a: Jirachi
|-supereffective|p2a: Jirachi
|-damage|p2a: Jirachi|0 fnt
|faint|p2a: Jirachi
|
|-weather|SunnyDay|[upkeep]
|upkeep
|
|t:|1661353637
|switch|p2a: Ludicolo|Ludicolo, F, shiny|62/100
|turn|21
|
|t:|1661353652
|move|p1a: Torkoal|Weather Ball|p2a: Ludicolo
|-damage|p2a: Ludicolo|0 fnt
|faint|p2a: Ludicolo
|
|-weather|SunnyDay|[upkeep]
|-fieldend|move: Trick Room
|upkeep
|
|t:|1661353655
|switch|p2a: Keldeo|Keldeo-Resolute|33/100
|turn|22
|c|☆Pudistor Black|Gg
|
|t:|1661353670
|move|p2a: Keldeo|Scald|p1a: Torkoal
|-supereffective|p1a: Torkoal
|-damage|p1a: Torkoal|11/100
|move|p1a: Torkoal|Weather Ball|p2a: Keldeo
|-resisted|p2a: Keldeo
|-damage|p2a: Keldeo|0 fnt
|faint|p2a: Keldeo
|
|win|Pudistor Black
|raw|Pudistor Black's rating: 1575 &rarr; <strong>1590</strong><br />(+15 for winning)
|raw|Rvp4president's rating: 1483 &rarr; <strong>1468</strong><br />(-15 for losing)
|l|☆Rvp4president
||Ladder isn't responding, score probably updated but might not have (Request timeout).
