|raw|<div class="broadcast-blue"><strong>This battle is required to be public due to a player having a name starting with 'uult92q'.</div>
|j|☆chiharu haru
|j|☆UULT92q xj691
|t:|1652192208
|gametype|singles
|player|p1|chiharu haru|yellow|1570
|player|p2|UULT92q xj691|psychicf-gen4|1526
|teamsize|p1|6
|teamsize|p2|6
|gen|8
|tier|[Gen 8] UU
|rated|
|rule|Sleep Clause Mod: Limit one foe put to sleep
|rule|Species Clause: Limit one of each Pokémon
|rule|OHKO Clause: OHKO moves are banned
|rule|Evasion Moves Clause: Evasion moves are banned
|rule|Endless Battle Clause: Forcing endless battles is banned
|rule|HP Percentage Mod: HP is shown in percentages
|rule|Dynamax Clause: You cannot dynamax
|clearpoke
|poke|p1|Scizor, M|
|poke|p1|Rotom-Wash|
|poke|p1|Hippowdon, F|
|poke|p1|Zarude|
|poke|p1|Moltres|
|poke|p1|Zygarde-10%|
|poke|p2|Hydreigon, M|
|poke|p2|Cobalion|
|poke|p2|Azumarill, M|
|poke|p2|Tangrowth, M|
|poke|p2|Moltres|
|poke|p2|Aegislash, F|
|teampreview
|inactive|Battle timer is ON: inactive players will automatically lose when time's up. (requested by UULT92q xj691)
|j| UULT92q Sir
|inactive|chiharu haru has 120 seconds left.
|
|t:|1652192245
|start
|switch|p1a: zapolite|Zarude|100/100
|switch|p2a: Hydreigon|Hydreigon, M|100/100
|turn|1
|
|t:|1652192250
|switch|p2a: Cobalion|Cobalion|100/100
|move|p1a: zapolite|U-turn|p2a: Cobalion
|-resisted|p2a: Cobalion
|-damage|p2a: Cobalion|93/100
|-damage|p1a: zapolite|84/100|[from] item: Rocky Helmet|[of] p2a: Cobalion
|
|t:|1652192260
|switch|p1a: command the sand|Hippowdon, F|100/100|[from]move: U-turn
|-weather|Sandstorm|[from] ability: Sand Stream|[of] p1a: command the sand
|
|-weather|Sandstorm|[upkeep]
|upkeep
|turn|2
|
|t:|1652192266
|move|p2a: Cobalion|Stealth Rock|p1a: command the sand
|-sidestart|p1: chiharu haru|move: Stealth Rock
|move|p1a: command the sand|Stealth Rock|p2a: Cobalion
|-sidestart|p2: UULT92q xj691|move: Stealth Rock
|
|-weather|Sandstorm|[upkeep]
|upkeep
|turn|3
|
|t:|1652192284
|switch|p2a: Hydreigon|Hydreigon, M|100/100
|-damage|p2a: Hydreigon|88/100|[from] Stealth Rock
|move|p1a: command the sand|Toxic|p2a: Hydreigon
|-status|p2a: Hydreigon|tox
|
|-weather|Sandstorm|[upkeep]
|-damage|p2a: Hydreigon|82/100 tox|[from] Sandstorm
|-damage|p2a: Hydreigon|76/100 tox|[from] psn
|upkeep
|turn|4
|
|t:|1652192293
|switch|p1a: cutter butter|Scizor, M|100/100
|move|p2a: Hydreigon|Draco Meteor|p1a: cutter butter
|-resisted|p1a: cutter butter
|-damage|p1a: cutter butter|42/100
|-unboost|p2a: Hydreigon|spa|2
|
|-weather|Sandstorm|[upkeep]
|-damage|p2a: Hydreigon|70/100 tox|[from] Sandstorm
|-damage|p2a: Hydreigon|58/100 tox|[from] psn
|upkeep
|turn|5
|
|t:|1652192299
|switch|p2a: Moltres|Moltres|100/100
|move|p1a: cutter butter|Roost|p1a: cutter butter
|-heal|p1a: cutter butter|92/100
|-singleturn|p1a: cutter butter|move: Roost
|
|-weather|none
|upkeep
|turn|6
|
|t:|1652192307
|switch|p2a: Hydreigon|Hydreigon, M|58/100 tox
|-damage|p2a: Hydreigon|46/100 tox|[from] Stealth Rock
|switch|p1a: wishy washy|Rotom-Wash|100/100
|-damage|p1a: wishy washy|88/100|[from] Stealth Rock
|
|-heal|p1a: wishy washy|94/100|[from] item: Leftovers
|-damage|p2a: Hydreigon|40/100 tox|[from] psn
|upkeep
|turn|7
|
|t:|1652192315
|switch|p1a: cutter butter|Scizor, M|92/100
|move|p2a: Hydreigon|Dark Pulse|p1a: cutter butter
|-damage|p1a: cutter butter|18/100
|
|-damage|p2a: Hydreigon|28/100 tox|[from] psn
|upkeep
|turn|8
|
|t:|1652192324
|switch|p2a: Moltres|Moltres|100/100
|move|p1a: cutter butter|Knock Off|p2a: Moltres
|-damage|p2a: Moltres|67/100
|-enditem|p2a: Moltres|Heavy-Duty Boots|[from] move: Knock Off|[of] p1a: cutter butter
|
|upkeep
|turn|9
|
|t:|1652192330
|move|p2a: Moltres|Overheat|p1a: cutter butter
|-supereffective|p1a: cutter butter
|-damage|p1a: cutter butter|0 fnt
|-unboost|p2a: Moltres|spa|2
|faint|p1a: cutter butter
|
|upkeep
|
|t:|1652192340
|switch|p1a: Zygarde-10% off|Zygarde-10%|100/100
|-damage|p1a: Zygarde-10% off|94/100|[from] Stealth Rock
|-ability|p1a: Zygarde-10% off|Aura Break
|turn|10
|
|t:|1652192344
|switch|p2a: Tangrowth|Tangrowth, M|100/100
|-damage|p2a: Tangrowth|88/100|[from] Stealth Rock
|move|p1a: Zygarde-10% off|Toxic|p2a: Tangrowth
|-status|p2a: Tangrowth|tox
|
|-damage|p2a: Tangrowth|82/100 tox|[from] psn
|upkeep
|turn|11
|j| Mionda
|
|t:|1652192354
|switch|p1a: command the sand|Hippowdon, F|100/100
|-damage|p1a: command the sand|94/100|[from] Stealth Rock
|-weather|Sandstorm|[from] ability: Sand Stream|[of] p1a: command the sand
|switch|p2a: Hydreigon|Hydreigon, M|28/100 tox
|-damage|p2a: Hydreigon|16/100 tox|[from] Stealth Rock
|
|-weather|Sandstorm|[upkeep]
|-damage|p2a: Hydreigon|10/100 tox|[from] Sandstorm
|-heal|p1a: command the sand|100/100|[from] item: Leftovers
|-damage|p2a: Hydreigon|4/100 tox|[from] psn
|upkeep
|turn|12
|inactive|chiharu haru has 120 seconds left.
|inactive|chiharu haru has 90 seconds left.
|
|t:|1652192426
|switch|p1a: wishy washy|Rotom-Wash|94/100
|-damage|p1a: wishy washy|82/100|[from] Stealth Rock
|move|p2a: Hydreigon|Draco Meteor|p1a: wishy washy|[miss]
|-miss|p2a: Hydreigon|p1a: wishy washy
|
|-weather|Sandstorm|[upkeep]
|-damage|p2a: Hydreigon|0 fnt|[from] Sandstorm
|-damage|p1a: wishy washy|75/100|[from] Sandstorm
|faint|p2a: Hydreigon
|-heal|p1a: wishy washy|82/100|[from] item: Leftovers
|upkeep
|
|t:|1652192443
|switch|p2a: Aegislash|Aegislash, F|100/100
|-damage|p2a: Aegislash|94/100|[from] Stealth Rock
|turn|13
|
|t:|1652192448
|move|p1a: wishy washy|Volt Switch|p2a: Aegislash
|-damage|p2a: Aegislash|76/100
|
|t:|1652192451
|switch|p1a: moltres leches|Moltres|100/100|[from]move: Volt Switch
|-formechange|p2a: Aegislash|Aegislash-Blade||[from] ability: Stance Change
|move|p2a: Aegislash|Shadow Ball|p1a: moltres leches
|-damage|p1a: moltres leches|41/100
|-damage|p2a: Aegislash|66/100|[from] item: Life Orb
|
|-weather|Sandstorm|[upkeep]
|-damage|p1a: moltres leches|35/100|[from] Sandstorm
|upkeep
|turn|14
|
|t:|1652192459
|switch|p2a: Azumarill|Azumarill, M|100/100
|-damage|p2a: Azumarill|88/100|[from] Stealth Rock
|move|p1a: moltres leches|Roost|p1a: moltres leches
|-heal|p1a: moltres leches|86/100
|-singleturn|p1a: moltres leches|move: Roost
|
|-weather|Sandstorm|[upkeep]
|-damage|p1a: moltres leches|80/100|[from] Sandstorm
|-damage|p2a: Azumarill|82/100|[from] Sandstorm
|upkeep
|turn|15
|
|t:|1652192467
|move|p1a: moltres leches|U-turn|p2a: Azumarill
|-resisted|p2a: Azumarill
|-damage|p2a: Azumarill|75/100
|
|t:|1652192472
|switch|p1a: command the sand|Hippowdon, F|100/100|[from]move: U-turn
|-damage|p1a: command the sand|94/100|[from] Stealth Rock
|move|p2a: Azumarill|Knock Off|p1a: command the sand
|-damage|p1a: command the sand|61/100
|-enditem|p1a: command the sand|Leftovers|[from] move: Knock Off|[of] p2a: Azumarill
|
|-weather|none
|upkeep
|turn|16
|
|t:|1652192481
|switch|p2a: Aegislash|Aegislash, F|66/100
|-damage|p2a: Aegislash|60/100|[from] Stealth Rock
|move|p1a: command the sand|Earthquake|p2a: Aegislash
|-supereffective|p2a: Aegislash
|-damage|p2a: Aegislash|0 fnt
|faint|p2a: Aegislash
|
|upkeep
|
|t:|1652192488
|switch|p2a: Moltres|Moltres|67/100
|-damage|p2a: Moltres|17/100|[from] Stealth Rock
|turn|17
|
|t:|1652192493
|switch|p1a: wishy washy|Rotom-Wash|82/100
|-damage|p1a: wishy washy|69/100|[from] Stealth Rock
|move|p2a: Moltres|Overheat|p1a: wishy washy
|-resisted|p1a: wishy washy
|-damage|p1a: wishy washy|32/100
|-unboost|p2a: Moltres|spa|2
|
|-heal|p1a: wishy washy|39/100|[from] item: Leftovers
|upkeep
|turn|18
|
|t:|1652192504
|move|p2a: Moltres|Roost|p2a: Moltres
|-heal|p2a: Moltres|68/100
|-singleturn|p2a: Moltres|move: Roost
|move|p1a: wishy washy|Volt Switch|p2a: Moltres
|-crit|p2a: Moltres
|-damage|p2a: Moltres|27/100
|
|t:|1652192511
|switch|p1a: moltres leches|Moltres|80/100|[from]move: Volt Switch
|
|upkeep
|turn|19
|
|t:|1652192517
|move|p1a: moltres leches|Hurricane|p2a: Moltres
|-damage|p2a: Moltres|0 fnt
|faint|p2a: Moltres
|
|upkeep
|
|t:|1652192518
|switch|p2a: Azumarill|Azumarill, M|75/100
|-damage|p2a: Azumarill|62/100|[from] Stealth Rock
|turn|20
|
|t:|1652192530
|switch|p1a: wishy washy|Rotom-Wash|39/100
|-damage|p1a: wishy washy|26/100|[from] Stealth Rock
|move|p2a: Azumarill|Play Rough|p1a: wishy washy
|-damage|p1a: wishy washy|0 fnt
|faint|p1a: wishy washy
|
|upkeep
|
|t:|1652192549
|switch|p1a: command the sand|Hippowdon, F|61/100
|-damage|p1a: command the sand|55/100|[from] Stealth Rock
|-weather|Sandstorm|[from] ability: Sand Stream|[of] p1a: command the sand
|turn|21
|
|t:|1652192555
|switch|p2a: Tangrowth|Tangrowth, M|100/100 tox
|-damage|p2a: Tangrowth|88/100 tox|[from] Stealth Rock
|move|p1a: command the sand|Slack Off|p1a: command the sand
|-heal|p1a: command the sand|100/100
|
|-weather|Sandstorm|[upkeep]
|-damage|p2a: Tangrowth|82/100 tox|[from] Sandstorm
|-damage|p2a: Tangrowth|76/100 tox|[from] psn
|upkeep
|turn|22
|
|t:|1652192563
|move|p1a: command the sand|Earthquake|p2a: Tangrowth
|-resisted|p2a: Tangrowth
|-damage|p2a: Tangrowth|64/100 tox
|move|p2a: Tangrowth|Sludge Bomb|p1a: command the sand
|-resisted|p1a: command the sand
|-damage|p1a: command the sand|90/100
|
|-weather|Sandstorm|[upkeep]
|-damage|p2a: Tangrowth|57/100 tox|[from] Sandstorm
|-damage|p2a: Tangrowth|45/100 tox|[from] psn
|upkeep
|turn|23
|
|t:|1652192569
|move|p1a: command the sand|Earthquake|p2a: Tangrowth
|-resisted|p2a: Tangrowth
|-damage|p2a: Tangrowth|32/100 tox
|move|p2a: Tangrowth|Sludge Bomb|p1a: command the sand
|-resisted|p1a: command the sand
|-damage|p1a: command the sand|80/100
|-status|p1a: command the sand|psn
|
|-weather|Sandstorm|[upkeep]
|-damage|p2a: Tangrowth|25/100 tox|[from] Sandstorm
|-damage|p1a: command the sand|67/100 psn|[from] psn
|-damage|p2a: Tangrowth|7/100 tox|[from] psn
|upkeep
|turn|24
|j| Scary Lesly
|
|t:|1652192575
|switch|p2a: Azumarill|Azumarill, M|62/100
|-damage|p2a: Azumarill|50/100|[from] Stealth Rock
|move|p1a: command the sand|Earthquake|p2a: Azumarill
|-damage|p2a: Azumarill|11/100
|
|-weather|Sandstorm|[upkeep]
|-damage|p2a: Azumarill|5/100|[from] Sandstorm
|-damage|p1a: command the sand|55/100 psn|[from] psn
|upkeep
|turn|25
|
|t:|1652192594
|switch|p1a: zapolite|Zarude|84/100
|-damage|p1a: zapolite|72/100|[from] Stealth Rock
|move|p2a: Azumarill|Liquidation|p1a: zapolite
|-resisted|p1a: zapolite
|-damage|p1a: zapolite|35/100
|-unboost|p1a: zapolite|def|1
|
|-weather|none
|upkeep
|turn|26
|
|t:|1652192608
|switch|p2a: Cobalion|Cobalion|93/100
|-damage|p2a: Cobalion|90/100|[from] Stealth Rock
|move|p1a: zapolite|U-turn|p2a: Cobalion
|-resisted|p2a: Cobalion
|-damage|p2a: Cobalion|83/100
|-damage|p1a: zapolite|18/100|[from] item: Rocky Helmet|[of] p2a: Cobalion
|
|t:|1652192621
|switch|p1a: command the sand|Hippowdon, F|55/100 psn|[from]move: U-turn
|-damage|p1a: command the sand|49/100 psn|[from] Stealth Rock
|-weather|Sandstorm|[from] ability: Sand Stream|[of] p1a: command the sand
|
|-weather|Sandstorm|[upkeep]
|-damage|p1a: command the sand|36/100 psn|[from] psn
|upkeep
|turn|27
|
|t:|1652192626
|switch|p2a: Tangrowth|Tangrowth, M|40/100 tox
|-damage|p2a: Tangrowth|28/100 tox|[from] Stealth Rock
|move|p1a: command the sand|Slack Off|p1a: command the sand
|-heal|p1a: command the sand|86/100 psn
|
|-weather|Sandstorm|[upkeep]
|-damage|p2a: Tangrowth|22/100 tox|[from] Sandstorm
|-damage|p1a: command the sand|74/100 psn|[from] psn
|-damage|p2a: Tangrowth|15/100 tox|[from] psn
|upkeep
|turn|28
|
|t:|1652192635
|switch|p1a: moltres leches|Moltres|80/100
|switch|p2a: Azumarill|Azumarill, M|5/100
|-damage|p2a: Azumarill|0 fnt|[from] Stealth Rock
|faint|p2a: Azumarill
|
|-weather|Sandstorm|[upkeep]
|-damage|p1a: moltres leches|74/100|[from] Sandstorm
|upkeep
|
|t:|1652192637
|switch|p2a: Cobalion|Cobalion|83/100
|-damage|p2a: Cobalion|79/100|[from] Stealth Rock
|turn|29
|
|t:|1652192649
|switch|p1a: Zygarde-10% off|Zygarde-10%|94/100
|-damage|p1a: Zygarde-10% off|88/100|[from] Stealth Rock
|-ability|p1a: Zygarde-10% off|Aura Break
|move|p2a: Cobalion|Stone Edge|p1a: Zygarde-10% off
|-resisted|p1a: Zygarde-10% off
|-crit|p1a: Zygarde-10% off
|-damage|p1a: Zygarde-10% off|49/100
|
|-weather|Sandstorm|[upkeep]
|upkeep
|turn|30
|
|t:|1652192657
|move|p1a: Zygarde-10% off|Thousand Arrows|p2a: Cobalion
|-supereffective|p2a: Cobalion
|-damage|p2a: Cobalion|0 fnt
|faint|p2a: Cobalion
|
|-weather|none
|upkeep
|-message|UULT92q xj691 forfeited.
|
|win|chiharu haru
|raw|chiharu haru's rating: 1570 &rarr; <strong>1587</strong><br />(+17 for winning)
|raw|UULT92q xj691's rating: 1526 &rarr; <strong>1509</strong><br />(-17 for losing)
|l|☆UULT92q xj691
|l| Scary Lesly
||Ladder isn't responding, score probably updated but might not have (Request timeout).
