|raw|<div class="broadcast-blue"><strong>This battle is required to be public due to a player having a name starting with 'UULT82n'.</div>
|j|☆use zygod
|j|☆UULT82n Monke
|t:|1622045865
|gametype|singles
|player|p1|use zygod|265|1530
|player|p2|UULT82n Monke|bruno|1513
|teamsize|p1|6
|teamsize|p2|6
|gen|8
|tier|[Gen 8] UU
|rated|
|rule|Sleep Clause Mod: Limit one foe put to sleep
|rule|Species Clause: Limit one of each Pokémon
|rule|OHKO Clause: OHKO moves are banned
|rule|Evasion Moves Clause: Evasion moves are banned
|rule|Endless Battle Clause: Forcing endless battles is banned
|rule|HP Percentage Mod: HP is shown in percentages
|rule|Dynamax Clause: You cannot dynamax
|clearpoke
|poke|p1|Zygarde-10%|
|poke|p1|Scizor, M|
|poke|p1|Moltres|
|poke|p1|Mew|
|poke|p1|Kommo-o, M|
|poke|p1|Primarina, M|
|poke|p2|Ribombee, F|
|poke|p2|Necrozma|
|poke|p2|Azelf|
|poke|p2|Thundurus-Therian, M|
|poke|p2|Diggersby, M|
|poke|p2|Aegislash, M|
|teampreview
|inactive|Battle timer is ON: inactive players will automatically lose when time's up. (requested by UULT82n Monke)
|j| UULT82n R418
|
|t:|1622045874
|start
|switch|p1a: Scizor|Scizor, M|100/100
|switch|p2a: Ribombee|Ribombee, F|100/100
|turn|1
|
|t:|1622045878
|move|p1a: Scizor|Bullet Punch|p2a: Ribombee
|-supereffective|p2a: Ribombee
|-enditem|p2a: Ribombee|Focus Sash
|-damage|p2a: Ribombee|1/100
|move|p2a: Ribombee|Sticky Web|p1a: Scizor
|-sidestart|p1: use zygod|move: Sticky Web
|
|upkeep
|turn|2
|j| Zenin Maki
|
|t:|1622045884
|move|p2a: Ribombee|Moonblast|p1a: Scizor
|-resisted|p1a: Scizor
|-damage|p1a: Scizor|74/100
|move|p1a: Scizor|Knock Off|p2a: Ribombee
|-resisted|p2a: Ribombee
|-damage|p2a: Ribombee|0 fnt
|faint|p2a: Ribombee
|
|upkeep
|
|t:|1622045888
|switch|p2a: Necrozma|Necrozma|100/100
|turn|3
|
|t:|1622045912
|switch|p1a: Primarina|Primarina, M|100/100
|-activate|p1a: Primarina|move: Sticky Web
|-unboost|p1a: Primarina|spe|1
|move|p2a: Necrozma|Meteor Beam||[still]
|-prepare|p2a: Necrozma|Meteor Beam
|-boost|p2a: Necrozma|spa|1
|-enditem|p2a: Necrozma|Power Herb
|-anim|p2a: Necrozma|Meteor Beam|p1a: Primarina
|-damage|p1a: Primarina|46/100
|
|-heal|p1a: Primarina|52/100|[from] item: Leftovers
|upkeep
|turn|4
|inactive|use zygod has 120 seconds left.
|
|t:|1622045943
|switch|p1a: Mew|Mew|100/100
|-activate|p1a: Mew|move: Sticky Web
|-unboost|p1a: Mew|spe|1
|move|p2a: Necrozma|Photon Geyser|p1a: Mew
|-resisted|p1a: Mew
|-damage|p1a: Mew|63/100
|
|-heal|p1a: Mew|70/100|[from] item: Leftovers
|upkeep
|turn|5
|j| Im_Yoshi
|
|t:|1622045955
|move|p2a: Necrozma|Heat Wave|p1a: Mew
|-damage|p1a: Mew|22/100
|move|p1a: Mew|Knock Off|p2a: Necrozma
|-supereffective|p2a: Necrozma
|-damage|p2a: Necrozma|79/100
|
|-heal|p1a: Mew|28/100|[from] item: Leftovers
|upkeep
|turn|6
|
|t:|1622045976
|move|p2a: Necrozma|Heat Wave|p1a: Mew
|-damage|p1a: Mew|0 fnt
|faint|p1a: Mew
|
|upkeep
|
|t:|1622045989
|switch|p1a: Moltres|Moltres|100/100
|turn|7
|
|t:|1622045995
|move|p1a: Moltres|Flamethrower|p2a: Necrozma
|-damage|p2a: Necrozma|28/100
|move|p2a: Necrozma|Photon Geyser|p1a: Moltres
|-damage|p1a: Moltres|2/100
|
|upkeep
|turn|8
|
|t:|1622046001
|move|p1a: Moltres|Flamethrower|p2a: Necrozma
|-damage|p2a: Necrozma|0 fnt
|faint|p2a: Necrozma
|
|upkeep
|
|t:|1622046006
|switch|p2a: Azelf|Azelf|100/100
|turn|9
|
|t:|1622046024
|move|p2a: Azelf|Psyshock|p1a: Moltres
|-damage|p1a: Moltres|0 fnt
|faint|p1a: Moltres
|
|upkeep
|l| UULT82n R418
|
|t:|1622046037
|switch|p1a: Scizor|Scizor, M|74/100
|-activate|p1a: Scizor|move: Sticky Web
|-unboost|p1a: Scizor|spe|1
|turn|10
|
|t:|1622046047
|move|p1a: Scizor|Bullet Punch|p2a: Azelf
|-damage|p2a: Azelf|51/100
|move|p2a: Azelf|Fire Blast|p1a: Scizor
|-supereffective|p1a: Scizor
|-damage|p1a: Scizor|0 fnt
|faint|p1a: Scizor
|
|upkeep
|
|t:|1622046052
|switch|p1a: Zygarde|Zygarde-10%|100/100
|-activate|p1a: Zygarde|move: Sticky Web
|-unboost|p1a: Zygarde|spe|1
|-ability|p1a: Zygarde|Aura Break
|turn|11
|
|t:|1622046060
|move|p2a: Azelf|Psyshock|p1a: Zygarde
|-damage|p1a: Zygarde|27/100
|move|p1a: Zygarde|Thousand Arrows|p2a: Azelf
|-damage|p2a: Azelf|0 fnt
|faint|p2a: Azelf
|
|upkeep
|j| UULT82n imodo
|
|t:|1622046070
|switch|p2a: Thundurus|Thundurus-Therian, M|100/100
|turn|12
|
|t:|1622046079
|switch|p1a: Primarina|Primarina, M|52/100
|-activate|p1a: Primarina|move: Sticky Web
|-unboost|p1a: Primarina|spe|1
|move|p2a: Thundurus|Psychic|p1a: Primarina
|-damage|p1a: Primarina|23/100
|
|-heal|p1a: Primarina|29/100|[from] item: Leftovers
|upkeep
|turn|13
|
|t:|1622046087
|move|p2a: Thundurus|Thunderbolt|p1a: Primarina
|-supereffective|p1a: Primarina
|-damage|p1a: Primarina|0 fnt
|faint|p1a: Primarina
|
|upkeep
|
|t:|1622046089
|switch|p1a: Zygarde|Zygarde-10%|27/100
|-activate|p1a: Zygarde|move: Sticky Web
|-unboost|p1a: Zygarde|spe|1
|-ability|p1a: Zygarde|Aura Break
|turn|14
|l| Zenin Maki
|
|t:|1622046110
|move|p1a: Zygarde|Extreme Speed|p2a: Thundurus
|-damage|p2a: Thundurus|48/100
|move|p2a: Thundurus|Psychic|p1a: Zygarde
|-damage|p1a: Zygarde|0 fnt
|faint|p1a: Zygarde
|
|upkeep
|
|t:|1622046114
|switch|p1a: Kommo-o|Kommo-o, M|100/100
|-activate|p1a: Kommo-o|move: Sticky Web
|-unboost|p1a: Kommo-o|spe|1
|turn|15
|
|t:|1622046119
|move|p2a: Thundurus|Psychic|p1a: Kommo-o
|-supereffective|p1a: Kommo-o
|-damage|p1a: Kommo-o|36/100
|move|p1a: Kommo-o|Body Press|p2a: Thundurus
|-resisted|p2a: Thundurus
|-damage|p2a: Thundurus|14/100
|
|upkeep
|turn|16
|
|t:|1622046125
|move|p2a: Thundurus|Psychic|p1a: Kommo-o
|-supereffective|p1a: Kommo-o
|-damage|p1a: Kommo-o|0 fnt
|faint|p1a: Kommo-o
|
|win|UULT82n Monke
|raw|use zygod's rating: 1530 &rarr; <strong>1509</strong><br />(-21 for losing)
|raw|UULT82n Monke's rating: 1512 &rarr; <strong>1533</strong><br />(+21 for winning)
|l|☆use zygod
|l|☆UULT82n Monke
|l| Im_Yoshi
