|j|☆astralydia
|j|☆LilOu
|t:|1665006546
|gametype|singles
|player|p1|astralydia|caitlin|1264
|player|p2|LilOu|lucas-gen4pt|1439
|teamsize|p1|6
|teamsize|p2|6
|gen|8
|tier|[Gen 8] UU
|rated|
|rule|Sleep Clause Mod: Limit one foe put to sleep
|rule|Species Clause: Limit one of each Pokémon
|rule|OHKO Clause: OHKO moves are banned
|rule|Evasion Items Clause: Evasion items are banned
|rule|Evasion Moves Clause: Evasion moves are banned
|rule|Endless Battle Clause: Forcing endless battles is banned
|rule|HP Percentage Mod: HP is shown in percentages
|rule|Dynamax Clause: You cannot dynamax
|clearpoke
|poke|p1|Salamence, M|
|poke|p1|Toxtricity, M|
|poke|p1|Celesteela|
|poke|p1|Polteageist|
|poke|p1|Hatterene, F|
|poke|p1|Swampert, M|
|poke|p2|Scizor, F|
|poke|p2|Hydreigon, M|
|poke|p2|Jellicent, F|
|poke|p2|Hippowdon, F|
|poke|p2|Sylveon, M|
|poke|p2|Articuno|
|teampreview
|
|t:|1665006580
|start
|switch|p1a: Swampert|Swampert, M|100/100
|switch|p2a: Hippowdon|Hippowdon, F|100/100
|-weather|Sandstorm|[from] ability: Sand Stream|[of] p2a: Hippowdon
|turn|1
|
|t:|1665006590
|switch|p1a: Hatterene|Hatterene, F|100/100
|move|p2a: Hippowdon|Stealth Rock|p1a: Hatterene
|move|p1a: Hatterene|Stealth Rock|p2a: Hippowdon|[from]ability: Magic Bounce
|-sidestart|p2: LilOu|move: Stealth Rock
|
|-weather|Sandstorm|[upkeep]
|-damage|p1a: Hatterene|95/100|[from] Sandstorm
|-heal|p1a: Hatterene|100/100|[from] item: Leftovers
|upkeep
|turn|2
|
|t:|1665006600
|move|p2a: Hippowdon|Earthquake|p1a: Hatterene
|-damage|p1a: Hatterene|72/100
|move|p1a: Hatterene|Calm Mind|p1a: Hatterene
|-boost|p1a: Hatterene|spa|1
|-boost|p1a: Hatterene|spd|1
|
|-weather|Sandstorm|[upkeep]
|-damage|p1a: Hatterene|66/100|[from] Sandstorm
|-heal|p1a: Hatterene|72/100|[from] item: Leftovers
|upkeep
|turn|3
|
|t:|1665006608
|move|p2a: Hippowdon|Earthquake|p1a: Hatterene
|-damage|p1a: Hatterene|43/100
|move|p1a: Hatterene|Draining Kiss|p2a: Hippowdon
|-damage|p2a: Hippowdon|71/100
|-heal|p1a: Hatterene|73/100|[from] drain|[of] p2a: Hippowdon
|
|-weather|Sandstorm|[upkeep]
|-damage|p1a: Hatterene|67/100|[from] Sandstorm
|-heal|p2a: Hippowdon|77/100|[from] item: Leftovers
|-heal|p1a: Hatterene|73/100|[from] item: Leftovers
|upkeep
|turn|4
|
|t:|1665006618
|move|p2a: Hippowdon|Earthquake|p1a: Hatterene
|-damage|p1a: Hatterene|41/100
|move|p1a: Hatterene|Draining Kiss|p2a: Hippowdon
|-damage|p2a: Hippowdon|51/100
|-heal|p1a: Hatterene|67/100|[from] drain|[of] p2a: Hippowdon
|
|-weather|Sandstorm|[upkeep]
|-damage|p1a: Hatterene|61/100|[from] Sandstorm
|-heal|p2a: Hippowdon|57/100|[from] item: Leftovers
|-heal|p1a: Hatterene|67/100|[from] item: Leftovers
|upkeep
|turn|5
|
|t:|1665006628
|move|p2a: Hippowdon|Earthquake|p1a: Hatterene
|-damage|p1a: Hatterene|38/100
|move|p1a: Hatterene|Draining Kiss|p2a: Hippowdon
|-damage|p2a: Hippowdon|29/100
|-heal|p1a: Hatterene|66/100|[from] drain|[of] p2a: Hippowdon
|
|-weather|none
|-heal|p2a: Hippowdon|35/100|[from] item: Leftovers
|-heal|p1a: Hatterene|72/100|[from] item: Leftovers
|upkeep
|turn|6
|
|t:|1665006641
|move|p2a: Hippowdon|Earthquake|p1a: Hatterene
|-damage|p1a: Hatterene|42/100
|move|p1a: Hatterene|Calm Mind|p1a: Hatterene
|-boost|p1a: Hatterene|spa|1
|-boost|p1a: Hatterene|spd|1
|
|-heal|p2a: Hippowdon|41/100|[from] item: Leftovers
|-heal|p1a: Hatterene|48/100|[from] item: Leftovers
|upkeep
|turn|7
|
|t:|1665006653
|move|p2a: Hippowdon|Earthquake|p1a: Hatterene
|-damage|p1a: Hatterene|17/100
|move|p1a: Hatterene|Draining Kiss|p2a: Hippowdon
|-damage|p2a: Hippowdon|5/100
|-heal|p1a: Hatterene|52/100|[from] drain|[of] p2a: Hippowdon
|
|-heal|p2a: Hippowdon|11/100|[from] item: Leftovers
|-heal|p1a: Hatterene|58/100|[from] item: Leftovers
|upkeep
|turn|8
|
|t:|1665006662
|move|p2a: Hippowdon|Earthquake|p1a: Hatterene
|-damage|p1a: Hatterene|29/100
|move|p1a: Hatterene|Draining Kiss|p2a: Hippowdon
|-damage|p2a: Hippowdon|0 fnt
|-heal|p1a: Hatterene|40/100|[from] drain|[of] p2a: Hippowdon
|faint|p2a: Hippowdon
|
|-heal|p1a: Hatterene|46/100|[from] item: Leftovers
|upkeep
|
|t:|1665006670
|switch|p2a: supreme|Scizor, F|100/100
|-damage|p2a: supreme|88/100|[from] Stealth Rock
|turn|9
|
|t:|1665006681
|move|p2a: supreme|Bullet Punch|p1a: Hatterene
|-supereffective|p1a: Hatterene
|-damage|p1a: Hatterene|0 fnt
|faint|p1a: Hatterene
|
|-heal|p2a: supreme|94/100|[from] item: Leftovers
|upkeep
|
|t:|1665006706
|switch|p1a: Swampert|Swampert, M|100/100
|turn|10
|
|t:|1665006737
|move|p2a: supreme|Swords Dance|p2a: supreme
|-boost|p2a: supreme|atk|2
|move|p1a: Swampert|Yawn|p2a: supreme
|-start|p2a: supreme|move: Yawn|[of] p1a: Swampert
|
|-heal|p2a: supreme|100/100|[from] item: Leftovers
|upkeep
|turn|11
|
|t:|1665006745
|move|p2a: supreme|Knock Off|p1a: Swampert
|-damage|p1a: Swampert|51/100
|-enditem|p1a: Swampert|Rindo Berry|[from] move: Knock Off|[of] p2a: supreme
|move|p1a: Swampert|Flip Turn|p2a: supreme
|-damage|p2a: supreme|83/100
|
|t:|1665006752
|switch|p1a: Polteageist|Polteageist|100/100|[from]move: Flip Turn
|
|-heal|p2a: supreme|89/100|[from] item: Leftovers
|-end|p2a: supreme|move: Yawn|[silent]
|-status|p2a: supreme|slp
|upkeep
|turn|12
|
|t:|1665006762
|switch|p2a: gold n white|Hydreigon, M|100/100
|-damage|p2a: gold n white|88/100|[from] Stealth Rock
|move|p1a: Polteageist|Shell Smash|p1a: Polteageist
|-unboost|p1a: Polteageist|def|1
|-unboost|p1a: Polteageist|spd|1
|-boost|p1a: Polteageist|atk|2
|-boost|p1a: Polteageist|spa|2
|-boost|p1a: Polteageist|spe|2
|
|-heal|p2a: gold n white|94/100|[from] item: Leftovers
|upkeep
|turn|13
|
|t:|1665006787
|move|p1a: Polteageist|Shadow Ball|p2a: gold n white
|-resisted|p2a: gold n white
|-damage|p2a: gold n white|65/100
|move|p2a: gold n white|Thunder Wave|p1a: Polteageist
|-status|p1a: Polteageist|par
|
|-heal|p2a: gold n white|71/100|[from] item: Leftovers
|upkeep
|turn|14
|
|t:|1665006796
|move|p1a: Polteageist|Hyper Beam|p2a: gold n white
|-damage|p2a: gold n white|0 fnt
|-mustrecharge|p1a: Polteageist
|faint|p2a: gold n white
|
|upkeep
|
|t:|1665006806
|switch|p2a: daki|Sylveon, M|100/100
|-damage|p2a: daki|88/100|[from] Stealth Rock
|turn|15
|
|t:|1665006811
|cant|p1a: Polteageist|recharge
|move|p2a: daki|Hyper Voice|p1a: Polteageist
|-damage|p1a: Polteageist|25/100 par
|
|-heal|p2a: daki|94/100|[from] item: Leftovers
|upkeep
|turn|16
|
|t:|1665006818
|cant|p1a: Polteageist|par
|move|p2a: daki|Hyper Voice|p1a: Polteageist
|-damage|p1a: Polteageist|0 fnt
|faint|p1a: Polteageist
|
|-heal|p2a: daki|99/100|[from] item: Leftovers
|upkeep
|
|t:|1665006829
|switch|p1a: Swampert|Swampert, M|51/100
|turn|17
|
|t:|1665006836
|move|p2a: daki|Calm Mind|p2a: daki
|-boost|p2a: daki|spa|1
|-boost|p2a: daki|spd|1
|move|p1a: Swampert|Earthquake|p2a: daki
|-damage|p2a: daki|70/100
|
|-heal|p2a: daki|76/100|[from] item: Leftovers
|upkeep
|turn|18
|
|t:|1665006849
|move|p2a: daki|Hyper Voice|p1a: Swampert
|-damage|p1a: Swampert|6/100
|move|p1a: Swampert|Flip Turn|p2a: daki
|-damage|p2a: daki|48/100
|
|t:|1665006858
|switch|p1a: Celesteela|Celesteela|100/100|[from]move: Flip Turn
|
|-heal|p2a: daki|54/100|[from] item: Leftovers
|upkeep
|turn|19
|
|t:|1665006863
|move|p2a: daki|Protect|p2a: daki
|-singleturn|p2a: daki|Protect
|move|p1a: Celesteela|Meteor Beam||[still]
|-prepare|p1a: Celesteela|Meteor Beam
|-boost|p1a: Celesteela|spa|1
|-enditem|p1a: Celesteela|Power Herb
|-anim|p1a: Celesteela|Meteor Beam|p2a: daki
|-activate|p2a: daki|move: Protect
|
|-heal|p2a: daki|60/100|[from] item: Leftovers
|upkeep
|turn|20
|
|t:|1665006874
|move|p1a: Celesteela|Meteor Beam||[still]
|-prepare|p1a: Celesteela|Meteor Beam
|-boost|p1a: Celesteela|spa|1
|move|p2a: daki|Calm Mind|p2a: daki
|-boost|p2a: daki|spa|1
|-boost|p2a: daki|spd|1
|
|-heal|p2a: daki|66/100|[from] item: Leftovers
|upkeep
|turn|21
|
|t:|1665006882
|move|p2a: daki|Protect|p2a: daki
|-singleturn|p2a: daki|Protect
|move|p1a: Celesteela|Meteor Beam|p2a: daki|[from]lockedmove
|-activate|p2a: daki|move: Protect
|
|-heal|p2a: daki|72/100|[from] item: Leftovers
|upkeep
|turn|22
|
|t:|1665006889
|move|p1a: Celesteela|Air Slash|p2a: daki
|-damage|p2a: daki|47/100
|move|p2a: daki|Calm Mind|p2a: daki
|-boost|p2a: daki|spa|1
|-boost|p2a: daki|spd|1
|
|-heal|p2a: daki|53/100|[from] item: Leftovers
|upkeep
|turn|23
|
|t:|1665006896
|move|p1a: Celesteela|Air Slash|p2a: daki
|-damage|p2a: daki|33/100
|move|p2a: daki|Wish|p2a: daki
|
|-heal|p2a: daki|39/100|[from] item: Leftovers
|upkeep
|turn|24
|
|t:|1665006901
|move|p1a: Celesteela|Air Slash|p2a: daki
|-damage|p2a: daki|18/100
|move|p2a: daki|Calm Mind|p2a: daki
|-boost|p2a: daki|spa|1
|-boost|p2a: daki|spd|1
|
|-heal|p2a: daki|68/100|[from] move: Wish|[wisher] daki
|-heal|p2a: daki|74/100|[from] item: Leftovers
|upkeep
|turn|25
|
|t:|1665006910
|move|p1a: Celesteela|Meteor Beam||[still]
|-prepare|p1a: Celesteela|Meteor Beam
|-boost|p1a: Celesteela|spa|1
|move|p2a: daki|Wish|p2a: daki
|
|-heal|p2a: daki|80/100|[from] item: Leftovers
|upkeep
|turn|26
|
|t:|1665006929
|move|p1a: Celesteela|Meteor Beam|p2a: daki|[from]lockedmove
|-damage|p2a: daki|55/100
|move|p2a: daki|Calm Mind|p2a: daki
|-boost|p2a: daki|spa|1
|-boost|p2a: daki|spd|1
|
|-heal|p2a: daki|100/100|[from] move: Wish|[wisher] daki
|upkeep
|turn|27
|
|t:|1665006938
|move|p1a: Celesteela|Air Slash|p2a: daki|[miss]
|-miss|p1a: Celesteela|p2a: daki
|move|p2a: daki|Hyper Voice|p1a: Celesteela
|-resisted|p1a: Celesteela
|-damage|p1a: Celesteela|31/100
|
|upkeep
|turn|28
|
|t:|1665006945
|move|p1a: Celesteela|Air Slash|p2a: daki
|-damage|p2a: daki|82/100
|move|p2a: daki|Hyper Voice|p1a: Celesteela
|-resisted|p1a: Celesteela
|-damage|p1a: Celesteela|0 fnt
|faint|p1a: Celesteela
|
|-heal|p2a: daki|88/100|[from] item: Leftovers
|upkeep
|
|t:|1665006952
|switch|p1a: Toxtricity|Toxtricity, M|100/100
|turn|29
|inactive|Battle timer is ON: inactive players will automatically lose when time's up. (requested by astralydia)
|
|t:|1665006990
|move|p1a: Toxtricity|Boomburst|p2a: daki
|-damage|p2a: daki|73/100
|-damage|p1a: Toxtricity|91/100|[from] item: Life Orb
|move|p2a: daki|Hyper Voice|p1a: Toxtricity
|-resisted|p1a: Toxtricity
|-damage|p1a: Toxtricity|24/100
|
|-heal|p2a: daki|79/100|[from] item: Leftovers
|upkeep
|turn|30
|
|t:|1665007000
|move|p1a: Toxtricity|Boomburst|p2a: daki
|-damage|p2a: daki|63/100
|-damage|p1a: Toxtricity|14/100|[from] item: Life Orb
|move|p2a: daki|Wish|p2a: daki
|
|-heal|p2a: daki|69/100|[from] item: Leftovers
|upkeep
|turn|31
|
|t:|1665007006
|move|p1a: Toxtricity|Boomburst|p2a: daki
|-damage|p2a: daki|54/100
|-damage|p1a: Toxtricity|4/100|[from] item: Life Orb
|move|p2a: daki|Hyper Voice|p1a: Toxtricity
|-resisted|p1a: Toxtricity
|-damage|p1a: Toxtricity|0 fnt
|faint|p1a: Toxtricity
|
|-heal|p2a: daki|100/100|[from] move: Wish|[wisher] daki
|upkeep
|-message|astralydia forfeited.
|
|win|LilOu
|raw|astralydia's rating: 1264 &rarr; <strong>1251</strong><br />(-13 for losing)
|raw|LilOu's rating: 1439 &rarr; <strong>1450</strong><br />(+11 for winning)
|l|☆astralydia
||Ladder isn't responding, score probably updated but might not have (Request timeout).
