|j|☆Bamarah
|j|☆GuThePerfectHuman
|player|p1|Bamarah|eusine-gen2|1475
|player|p2|GuThePerfectHuman|2|1457
|teamsize|p1|6
|teamsize|p2|6
|gametype|singles
|gen|8
|tier|[Gen 8] UU
|rated|
|clearpoke
|poke|p1|Noivern, M|
|poke|p1|Keldeo-Resolute|
|poke|p1|Darmanitan, M|
|poke|p1|Chandelure, M|
|poke|p1|Skarmory, M|
|poke|p1|Blissey, F|
|poke|p2|Incineroar, F|
|poke|p2|Slowbro-Galar, M|
|poke|p2|Tentacruel, F|
|poke|p2|Mienshao, F|
|poke|p2|Scyther, M|
|poke|p2|Rotom-Wash|
|rule|Sleep Clause Mod: Limit one foe put to sleep
|rule|Species Clause: Limit one of each Pokémon
|rule|OHKO Clause: OHKO moves are banned
|rule|Evasion Moves Clause: Evasion moves are banned
|rule|Endless Battle Clause: Forcing endless battles is banned
|rule|HP Percentage Mod: HP is shown in percentages
|rule|Dynamax Clause: You cannot dynamax
|teampreview
|inactive|Battle timer is ON: inactive players will automatically lose when time's up. (requested by Bamarah)
|
|start
|switch|p1a: Darmanitan|Darmanitan, M, shiny|100/100
|switch|p2a: Rotom|Rotom-Wash|100/100
|turn|1
|
|move|p1a: Darmanitan|U-turn|p2a: Rotom
|-damage|p2a: Rotom|66/100
|
|switch|p1a: Noivern|Noivern, M, shiny|100/100|[from]move: U-turn
|move|p2a: Rotom|Volt Switch|p1a: Noivern
|-damage|p1a: Noivern|38/100
|
|switch|p2a: Mienshao|Mienshao, F|100/100|[from]move: Volt Switch
|
|upkeep
|turn|2
|
|switch|p1a: Skarmory|Skarmory, M, shiny|100/100
|move|p2a: Mienshao|Knock Off|p1a: Skarmory
|-damage|p1a: Skarmory|79/100
|-enditem|p1a: Skarmory|Leftovers|[from] move: Knock Off|[of] p2a: Mienshao
|
|upkeep
|turn|3
|
|switch|p2a: Incineroar|Incineroar, F|100/100
|-ability|p2a: Incineroar|Intimidate|boost
|-unboost|p1a: Skarmory|atk|1
|move|p1a: Skarmory|Body Press|p2a: Incineroar
|-supereffective|p2a: Incineroar
|-damage|p2a: Incineroar|45/100
|
|upkeep
|turn|4
|
|switch|p2a: Slowbro|Slowbro-Galar, M|100/100
|move|p1a: Skarmory|Body Press|p2a: Slowbro
|-resisted|p2a: Slowbro
|-damage|p2a: Slowbro|94/100
|
|upkeep
|turn|5
|
|switch|p1a: Noivern|Noivern, M, shiny|38/100
|switch|p2a: Incineroar|Incineroar, F|45/100
|-ability|p2a: Incineroar|Intimidate|boost
|-unboost|p1a: Noivern|atk|1
|
|upkeep
|turn|6
|
|move|p1a: Noivern|Draco Meteor|p2a: Incineroar
|-damage|p2a: Incineroar|0 fnt
|-unboost|p1a: Noivern|spa|2
|-damage|p1a: Noivern|28/100|[from] item: Life Orb
|faint|p2a: Incineroar
|
|upkeep
|
|switch|p2a: Rotom|Rotom-Wash|66/100
|turn|7
|
|move|p1a: Noivern|Draco Meteor|p2a: Rotom
|-damage|p2a: Rotom|19/100
|-unboost|p1a: Noivern|spa|2
|-damage|p1a: Noivern|18/100|[from] item: Life Orb
|move|p2a: Rotom|Volt Switch|p1a: Noivern
|-damage|p1a: Noivern|0 fnt
|faint|p1a: Noivern
|
|switch|p2a: Mienshao|Mienshao, F|100/100|[from]move: Volt Switch
|
|upkeep
|
|switch|p1a: Skarmory|Skarmory, M, shiny|79/100
|turn|8
|
|switch|p2a: Scyther|Scyther, M|100/100
|move|p1a: Skarmory|Body Press|p2a: Scyther
|-resisted|p2a: Scyther
|-damage|p2a: Scyther|89/100
|
|upkeep
|turn|9
|
|move|p2a: Scyther|U-turn|p1a: Skarmory
|-resisted|p1a: Skarmory
|-damage|p1a: Skarmory|70/100
|
|switch|p2a: Slowbro|Slowbro-Galar, M|94/100|[from]move: U-turn
|move|p1a: Skarmory|Iron Defense|p1a: Skarmory
|-boost|p1a: Skarmory|def|2
|
|upkeep
|turn|10
|
|switch|p1a: Keldeo|Keldeo-Resolute|100/100
|move|p2a: Slowbro|Flamethrower|p1a: Keldeo
|-resisted|p1a: Keldeo
|-damage|p1a: Keldeo|81/100
|-status|p1a: Keldeo|brn
|
|-damage|p1a: Keldeo|75/100 brn|[from] brn
|upkeep
|turn|11
|c|☆Bamarah|!dt flamethrower
|raw|<ul class="utilichart"><li class="result"><span class="col movenamecol"><a href="https://dex.pokemonshowdown.com/moves/flamethrower">Flamethrower</a></span> <span class="col typecol"><img src="//play.pokemonshowdown.com/sprites/types/Fire.png" alt="Fire" width="32" height="14"><img src="//play.pokemonshowdown.com/sprites/categories/Special.png" alt="Special" width="32" height="14"></span> <span class="col labelcol"><em>Power</em><br>90</span> <span class="col widelabelcol"><em>Accuracy</em><br>100%</span> <span class="col pplabelcol"><em>PP</em><br>24</span> <span class="col movedesccol">10% chance to burn the target.</span> </li><li style="clear:both"></li></ul>
|raw|<font size="1"><font color="#686868">Priority:</font> 0&nbsp;|&ThickSpace;<font color="#686868">Gen:</font> 1&nbsp;|&ThickSpace;&#10003; Secondary effect&nbsp;|&ThickSpace;<font color="#686868">Z-Power:</font> 175&nbsp;|&ThickSpace;<font color="#686868">Dynamax Power:</font> 130&nbsp;|&ThickSpace;<font color="#686868">Target:</font> One Adjacent Pokémon</font>

|c|☆Bamarah|lol.. 1-%
|c|☆Bamarah|10%*
|-activate|p2a: Slowbro|ability: Quick Draw
|
|move|p2a: Slowbro|Psychic|p1a: Keldeo
|-supereffective|p1a: Keldeo
|-damage|p1a: Keldeo|0 fnt
|faint|p1a: Keldeo
|
|upkeep
|inactive|Bamarah has 120 seconds left.
|
|switch|p1a: Chandelure|Chandelure, M, shiny|100/100
|turn|12
|
|switch|p2a: Rotom|Rotom-Wash|19/100
|move|p1a: Chandelure|Psychic|p2a: Rotom
|-damage|p2a: Rotom|0 fnt
|faint|p2a: Rotom
|
|upkeep
|
|switch|p2a: Mienshao|Mienshao, F|100/100
|turn|13
|
|switch|p1a: Skarmory|Skarmory, M, shiny|70/100
|move|p2a: Mienshao|Knock Off|p1a: Skarmory
|-damage|p1a: Skarmory|54/100
|
|upkeep
|turn|14
|
|switch|p2a: Slowbro|Slowbro-Galar, M|94/100
|move|p1a: Skarmory|Roost|p1a: Skarmory
|-heal|p1a: Skarmory|100/100
|-singleturn|p1a: Skarmory|move: Roost
|
|upkeep
|turn|15
|
|switch|p1a: Blissey|Blissey, F, shiny|100/100
|move|p2a: Slowbro|Nasty Plot|p2a: Slowbro
|-boost|p2a: Slowbro|spa|2
|
|upkeep
|turn|16
|
|switch|p2a: Mienshao|Mienshao, F|100/100
|move|p1a: Blissey|Thunder Wave|p2a: Mienshao
|-status|p2a: Mienshao|par
|
|upkeep
|turn|17
|
|switch|p1a: Skarmory|Skarmory, M, shiny|100/100
|cant|p2a: Mienshao|par
|
|upkeep
|turn|18
|
|move|p2a: Mienshao|U-turn|p1a: Skarmory
|-resisted|p1a: Skarmory
|-damage|p1a: Skarmory|96/100
|
|switch|p2a: Slowbro|Slowbro-Galar, M|94/100|[from]move: U-turn
|move|p1a: Skarmory|Body Press|p2a: Slowbro
|-resisted|p2a: Slowbro
|-damage|p2a: Slowbro|87/100
|
|upkeep
|turn|19
|
|switch|p1a: Blissey|Blissey, F, shiny|100/100
|move|p2a: Slowbro|Nasty Plot|p2a: Slowbro
|-boost|p2a: Slowbro|spa|2
|
|upkeep
|turn|20
|
|switch|p2a: Scyther|Scyther, M|89/100
|move|p1a: Blissey|Thunder Wave|p2a: Scyther
|-status|p2a: Scyther|par
|
|upkeep
|turn|21
|
|switch|p1a: Skarmory|Skarmory, M, shiny|96/100
|move|p2a: Scyther|U-turn|p1a: Skarmory
|-resisted|p1a: Skarmory
|-damage|p1a: Skarmory|87/100
|j| Javvee
|
|switch|p2a: Slowbro|Slowbro-Galar, M|87/100|[from]move: U-turn
|
|upkeep
|turn|22
|
|switch|p1a: Blissey|Blissey, F, shiny|100/100
|move|p2a: Slowbro|Nasty Plot|p2a: Slowbro
|-boost|p2a: Slowbro|spa|2
|
|upkeep
|turn|23
|
|move|p1a: Blissey|Thunder Wave|p2a: Slowbro
|-status|p2a: Slowbro|par
|move|p2a: Slowbro|Nasty Plot|p2a: Slowbro
|-boost|p2a: Slowbro|spa|2
|
|upkeep
|turn|24
|
|move|p1a: Blissey|Seismic Toss|p2a: Slowbro
|-damage|p2a: Slowbro|61/100 par
|move|p2a: Slowbro|Sludge Wave|p1a: Blissey
|-damage|p1a: Blissey|61/100
|-status|p1a: Blissey|psn
|
|-heal|p1a: Blissey|67/100 psn|[from] item: Leftovers
|-damage|p1a: Blissey|55/100 psn|[from] psn
|upkeep
|turn|25
|
|move|p1a: Blissey|Seismic Toss|p2a: Slowbro
|-damage|p2a: Slowbro|36/100 par
|cant|p2a: Slowbro|par
|
|-heal|p1a: Blissey|61/100 psn|[from] item: Leftovers
|-damage|p1a: Blissey|48/100 psn|[from] psn
|upkeep
|turn|26
|-activate|p2a: Slowbro|ability: Quick Draw
|
|cant|p2a: Slowbro|par
|move|p1a: Blissey|Seismic Toss|p2a: Slowbro
|-damage|p2a: Slowbro|10/100 par
|
|-heal|p1a: Blissey|54/100 psn|[from] item: Leftovers
|-damage|p1a: Blissey|42/100 psn|[from] psn
|upkeep
|turn|27
|-activate|p2a: Slowbro|ability: Quick Draw
|
|move|p2a: Slowbro|Sludge Wave|p1a: Blissey
|-damage|p1a: Blissey|3/100 psn
|move|p1a: Blissey|Seismic Toss|p2a: Slowbro
|-damage|p2a: Slowbro|0 fnt
|faint|p2a: Slowbro
|
|-heal|p1a: Blissey|9/100 psn|[from] item: Leftovers
|-damage|p1a: Blissey|0 fnt|[from] psn
|faint|p1a: Blissey
|upkeep
|
|switch|p1a: Darmanitan|Darmanitan, M, shiny|100/100
|switch|p2a: Tentacruel|Tentacruel, F|100/100
|turn|28
|
|move|p1a: Darmanitan|Earthquake|p2a: Tentacruel
|-supereffective|p2a: Tentacruel
|-damage|p2a: Tentacruel|38/100
|move|p2a: Tentacruel|Scald|p1a: Darmanitan
|-supereffective|p1a: Darmanitan
|-damage|p1a: Darmanitan|25/100
|
|-heal|p2a: Tentacruel|44/100|[from] item: Black Sludge
|upkeep
|turn|29
|
|switch|p2a: Scyther|Scyther, M|89/100 par
|move|p1a: Darmanitan|Earthquake|p2a: Scyther
|-immune|p2a: Scyther
|
|upkeep
|turn|30
|
|switch|p1a: Chandelure|Chandelure, M, shiny|100/100
|move|p2a: Scyther|U-turn|p1a: Chandelure
|-resisted|p1a: Chandelure
|-damage|p1a: Chandelure|84/100
|
|switch|p2a: Mienshao|Mienshao, F|100/100 par|[from]move: U-turn
|
|upkeep
|turn|31
|
|move|p1a: Chandelure|Psychic|p2a: Mienshao
|-supereffective|p2a: Mienshao
|-damage|p2a: Mienshao|0 fnt
|faint|p2a: Mienshao
|
|upkeep
|
|switch|p2a: Scyther|Scyther, M|89/100 par
|turn|32
|
|switch|p1a: Skarmory|Skarmory, M, shiny|87/100
|move|p2a: Scyther|U-turn|p1a: Skarmory
|-resisted|p1a: Skarmory
|-damage|p1a: Skarmory|79/100
|
|switch|p2a: Tentacruel|Tentacruel, F|44/100|[from]move: U-turn
|
|-heal|p2a: Tentacruel|50/100|[from] item: Black Sludge
|upkeep
|turn|33
|c|☆Bamarah|you can't win...
|
|switch|p1a: Darmanitan|Darmanitan, M, shiny|25/100
|move|p2a: Tentacruel|Scald|p1a: Darmanitan
|-supereffective|p1a: Darmanitan
|-damage|p1a: Darmanitan|0 fnt
|faint|p1a: Darmanitan
|
|-heal|p2a: Tentacruel|57/100|[from] item: Black Sludge
|upkeep
|
|switch|p1a: Chandelure|Chandelure, M, shiny|84/100
|turn|34
|
|move|p1a: Chandelure|Shadow Ball|p2a: Tentacruel
|-damage|p2a: Tentacruel|19/100
|move|p2a: Tentacruel|Scald|p1a: Chandelure
|-supereffective|p1a: Chandelure
|-crit|p1a: Chandelure
|-damage|p1a: Chandelure|0 fnt
|faint|p1a: Chandelure
|
|-heal|p2a: Tentacruel|25/100|[from] item: Black Sludge
|upkeep
|c|☆Bamarah|great....
|
|switch|p1a: Skarmory|Skarmory, M, shiny|79/100
|turn|35
|
|move|p2a: Tentacruel|Scald|p1a: Skarmory
|-damage|p1a: Skarmory|42/100
|move|p1a: Skarmory|Iron Defense|p1a: Skarmory
|-boost|p1a: Skarmory|def|2
|
|-heal|p2a: Tentacruel|31/100|[from] item: Black Sludge
|upkeep
|turn|36
|
|move|p2a: Tentacruel|Scald|p1a: Skarmory
|-crit|p1a: Skarmory
|-damage|p1a: Skarmory|0 fnt
|faint|p1a: Skarmory
|
|win|GuThePerfectHuman
|l|☆Bamarah
|c|☆GuThePerfectHuman|gmm
|raw|Bamarah's rating: 1475 &rarr; <strong>1453</strong><br />(-22 for losing)
|raw|GuThePerfectHuman's rating: 1431 &rarr; <strong>1454</strong><br />(+23 for winning)
