|j|☆pokemonisfun
|j|☆Cam
|t:|1661364637
|gametype|singles
|player|p1|pokemonisfun|#uutrio2ladder|
|player|p2|Cam|#agplivlionsden|
|teamsize|p1|6
|teamsize|p2|6
|gen|8
|tier|[Gen 8] UU
|rated|Tournament battle
|rule|Sleep Clause Mod: Limit one foe put to sleep
|rule|Species Clause: Limit one of each Pokémon
|rule|OHKO Clause: OHKO moves are banned
|rule|Evasion Items Clause: Evasion items are banned
|rule|Evasion Moves Clause: Evasion moves are banned
|rule|Endless Battle Clause: Forcing endless battles is banned
|rule|HP Percentage Mod: HP is shown in percentages
|rule|Dynamax Clause: You cannot dynamax
|clearpoke
|poke|p1|Primarina, F|
|poke|p1|Jirachi|
|poke|p1|Nidoqueen, F|
|poke|p1|Salamence, M|
|poke|p1|Zarude|
|poke|p1|Scizor, M|
|poke|p2|Conkeldurr, M|
|poke|p2|Primarina, M|
|poke|p2|Hydreigon, M|
|poke|p2|Tangrowth, F|
|poke|p2|Excadrill, F|
|poke|p2|Gyarados, F|
|teampreview
|c|☆pokemonisfun|hf
|c|☆Cam|hf
|
|t:|1661364669
|start
|switch|p1a: punchy wunchy|Scizor, M|100/100
|switch|p2a: Excadrill|Excadrill, F|100/100
|-ability|p2a: Excadrill|Mold Breaker
|turn|1
|
|t:|1661364677
|move|p2a: Excadrill|Stealth Rock|p1a: punchy wunchy
|-sidestart|p1: pokemonisfun|move: Stealth Rock
|move|p1a: punchy wunchy|Knock Off|p2a: Excadrill
|-damage|p2a: Excadrill|57/100
|-enditem|p2a: Excadrill|Leftovers|[from] move: Knock Off|[of] p1a: punchy wunchy
|
|upkeep
|turn|2
|
|t:|1661364686
|move|p2a: Excadrill|Earthquake|p1a: punchy wunchy
|-damage|p1a: punchy wunchy|52/100
|move|p1a: punchy wunchy|U-turn|p2a: Excadrill
|-resisted|p2a: Excadrill
|-damage|p2a: Excadrill|33/100
|
|t:|1661364689
|switch|p1a: airy scary|Salamence, M|100/100|[from]move: U-turn
|-ability|p1a: airy scary|Intimidate|boost
|-unboost|p2a: Excadrill|atk|1
|
|upkeep
|turn|3
|
|t:|1661364694
|switch|p2a: Primarina|Primarina, M|100/100
|move|p1a: airy scary|Defog|p2a: Primarina
|-unboost|p2a: Primarina|evasion|1
|-sideend|p1: pokemonisfun|Stealth Rock|[from] move: Defog|[of] p1a: airy scary
|
|upkeep
|turn|4
|
|t:|1661364697
|switch|p1a: inch by flinch|Jirachi|100/100
|switch|p2a: Excadrill|Excadrill, F|33/100
|-ability|p2a: Excadrill|Mold Breaker
|
|upkeep
|turn|5
|
|t:|1661364707
|move|p1a: inch by flinch|U-turn|p2a: Excadrill
|-resisted|p2a: Excadrill
|-damage|p2a: Excadrill|21/100
|
|t:|1661364710
|switch|p1a: airy scary|Salamence, M|100/100|[from]move: U-turn
|-ability|p1a: airy scary|Intimidate|boost
|-unboost|p2a: Excadrill|atk|1
|move|p2a: Excadrill|Earthquake|p1a: airy scary
|-immune|p1a: airy scary
|
|upkeep
|turn|6
|
|t:|1661364715
|move|p1a: airy scary|Toxic|p2a: Excadrill
|-immune|p2a: Excadrill
|move|p2a: Excadrill|Stealth Rock|p1a: airy scary
|-sidestart|p1: pokemonisfun|move: Stealth Rock
|
|upkeep
|turn|7
|
|t:|1661364723
|switch|p2a: Conkeldurr|Conkeldurr, M|100/100
|move|p1a: airy scary|Defog|p2a: Conkeldurr
|-unboost|p2a: Conkeldurr|evasion|1
|-sideend|p1: pokemonisfun|Stealth Rock|[from] move: Defog|[of] p1a: airy scary
|
|upkeep
|turn|8
|
|t:|1661364744
|switch|p1a: queenbean 69420|Nidoqueen, F|100/100
|move|p2a: Conkeldurr|Ice Punch|p1a: queenbean 69420
|-supereffective|p1a: queenbean 69420
|-damage|p1a: queenbean 69420|45/100
|
|upkeep
|turn|9
|
|t:|1661364751
|switch|p2a: Excadrill|Excadrill, F|21/100
|-ability|p2a: Excadrill|Mold Breaker
|move|p1a: queenbean 69420|Stealth Rock|p2a: Excadrill
|-sidestart|p2: Cam|move: Stealth Rock
|
|upkeep
|turn|10
|
|t:|1661364755
|move|p2a: Excadrill|Rapid Spin|p1a: queenbean 69420
|-damage|p1a: queenbean 69420|24/100
|-boost|p2a: Excadrill|spe|1
|-sideend|p2: Cam|Stealth Rock|[from] move: Rapid Spin|[of] p2a: Excadrill
|move|p1a: queenbean 69420|Earth Power|p2a: Excadrill
|-supereffective|p2a: Excadrill
|-damage|p2a: Excadrill|0 fnt
|faint|p2a: Excadrill
|
|upkeep
|
|t:|1661364761
|switch|p2a: Gyarados|Gyarados, F|100/100
|-ability|p2a: Gyarados|Intimidate|boost
|-unboost|p1a: queenbean 69420|atk|1
|turn|11
|
|t:|1661364766
|move|p2a: Gyarados|Waterfall|p1a: queenbean 69420
|-supereffective|p1a: queenbean 69420
|-damage|p1a: queenbean 69420|0 fnt
|faint|p1a: queenbean 69420
|
|upkeep
|
|t:|1661364773
|switch|p1a: funky monkey|Zarude|100/100
|turn|12
|j| Ara ara<3
|
|t:|1661364783
|switch|p2a: Tangrowth|Tangrowth, F|100/100
|move|p1a: funky monkey|U-turn|p2a: Tangrowth
|-supereffective|p2a: Tangrowth
|-damage|p2a: Tangrowth|72/100
|
|t:|1661364787
|switch|p1a: punchy wunchy|Scizor, M|52/100|[from]move: U-turn
|
|upkeep
|turn|13
|
|t:|1661364792
|switch|p2a: Hydreigon|Hydreigon, M|100/100
|move|p1a: punchy wunchy|U-turn|p2a: Hydreigon
|-supereffective|p2a: Hydreigon
|-damage|p2a: Hydreigon|28/100
|
|t:|1661364798
|switch|p1a: seal that squeals|Primarina, F|100/100|[from]move: U-turn
|
|upkeep
|turn|14
|
|t:|1661364805
|move|p2a: Hydreigon|U-turn|p1a: seal that squeals
|-resisted|p1a: seal that squeals
|-damage|p1a: seal that squeals|90/100
|j| pocketmonsters bad
|
|t:|1661364808
|switch|p2a: Gyarados|Gyarados, F|100/100|[from]move: U-turn
|-ability|p2a: Gyarados|Intimidate|boost
|-unboost|p1a: seal that squeals|atk|1
|move|p1a: seal that squeals|Moonblast|p2a: Gyarados
|-crit|p2a: Gyarados
|-damage|p2a: Gyarados|0 fnt
|faint|p2a: Gyarados
|
|upkeep
|c|☆Cam|meant to go tang
|c|☆Cam|alas
|
|t:|1661364818
|switch|p2a: Tangrowth|Tangrowth, F|100/100
|turn|15
|
|t:|1661364826
|switch|p1a: punchy wunchy|Scizor, M|52/100
|switch|p2a: Conkeldurr|Conkeldurr, M|100/100
|
|upkeep
|turn|16
|
|t:|1661364835
|switch|p1a: airy scary|Salamence, M|100/100
|-ability|p1a: airy scary|Intimidate|boost
|-unboost|p2a: Conkeldurr|atk|1
|move|p2a: Conkeldurr|Drain Punch|p1a: airy scary
|-resisted|p1a: airy scary
|-damage|p1a: airy scary|89/100
|
|upkeep
|turn|17
|
|t:|1661364843
|move|p1a: airy scary|Toxic|p2a: Conkeldurr
|-status|p2a: Conkeldurr|tox
|move|p2a: Conkeldurr|Ice Punch|p1a: airy scary
|-supereffective|p1a: airy scary
|-damage|p1a: airy scary|0 fnt
|faint|p1a: airy scary
|
|-damage|p2a: Conkeldurr|94/100 tox|[from] psn
|upkeep
|
|t:|1661364846
|switch|p1a: seal that squeals|Primarina, F|90/100
|turn|18
|
|t:|1661364869
|switch|p2a: Tangrowth|Tangrowth, F|100/100
|move|p1a: seal that squeals|Ice Beam|p2a: Tangrowth
|-supereffective|p2a: Tangrowth
|-damage|p2a: Tangrowth|39/100
|
|upkeep
|turn|19
|
|t:|1661364882
|switch|p1a: inch by flinch|Jirachi|100/100
|switch|p2a: Conkeldurr|Conkeldurr, M|94/100 tox
|
|-heal|p2a: Conkeldurr|100/100 tox|[from] item: Leftovers
|-damage|p2a: Conkeldurr|94/100 tox|[from] psn
|upkeep
|turn|20
|
|t:|1661364889
|move|p1a: inch by flinch|Iron Head|p2a: Conkeldurr
|-damage|p2a: Conkeldurr|72/100 tox
|cant|p2a: Conkeldurr|flinch
|
|-heal|p2a: Conkeldurr|79/100 tox|[from] item: Leftovers
|-damage|p2a: Conkeldurr|66/100 tox|[from] psn
|upkeep
|turn|21
|
|t:|1661364893
|move|p1a: inch by flinch|Iron Head|p2a: Conkeldurr
|-damage|p2a: Conkeldurr|41/100 tox
|cant|p2a: Conkeldurr|flinch
|
|-heal|p2a: Conkeldurr|47/100 tox|[from] item: Leftovers
|-damage|p2a: Conkeldurr|29/100 tox|[from] psn
|upkeep
|turn|22
|
|t:|1661364899
|move|p1a: inch by flinch|Protect|p1a: inch by flinch
|-singleturn|p1a: inch by flinch|Protect
|move|p2a: Conkeldurr|Drain Punch|p1a: inch by flinch
|-activate|p1a: inch by flinch|move: Protect
|
|-heal|p2a: Conkeldurr|35/100 tox|[from] item: Leftovers
|-damage|p2a: Conkeldurr|11/100 tox|[from] psn
|upkeep
|turn|23
|
|t:|1661364909
|move|p2a: Conkeldurr|Mach Punch|p1a: inch by flinch
|-damage|p1a: inch by flinch|75/100
|move|p1a: inch by flinch|Iron Head|p2a: Conkeldurr
|-damage|p2a: Conkeldurr|0 fnt
|faint|p2a: Conkeldurr
|
|-heal|p1a: inch by flinch|81/100|[from] item: Leftovers
|upkeep
|
|t:|1661364913
|switch|p2a: Hydreigon|Hydreigon, M|28/100
|turn|24
|
|t:|1661364920
|move|p1a: inch by flinch|Protect|p1a: inch by flinch
|-singleturn|p1a: inch by flinch|Protect
|move|p2a: Hydreigon|Dark Pulse|p1a: inch by flinch
|-activate|p1a: inch by flinch|move: Protect
|
|-heal|p1a: inch by flinch|88/100|[from] item: Leftovers
|upkeep
|turn|25
|
|t:|1661364924
|switch|p2a: Tangrowth|Tangrowth, F|72/100
|switch|p1a: funky monkey|Zarude|100/100
|
|upkeep
|turn|26
|
|t:|1661364929
|move|p1a: funky monkey|U-turn|p2a: Tangrowth
|-supereffective|p2a: Tangrowth
|-damage|p2a: Tangrowth|44/100
|
|t:|1661364932
|switch|p1a: punchy wunchy|Scizor, M|52/100|[from]move: U-turn
|move|p2a: Tangrowth|Knock Off|p1a: punchy wunchy
|-damage|p1a: punchy wunchy|33/100
|-enditem|p1a: punchy wunchy|Heavy-Duty Boots|[from] move: Knock Off|[of] p2a: Tangrowth
|
|upkeep
|turn|27
|
|t:|1661364938
|switch|p2a: Primarina|Primarina, M|100/100
|move|p1a: punchy wunchy|U-turn|p2a: Primarina
|-resisted|p2a: Primarina
|-damage|p2a: Primarina|84/100
|
|t:|1661364943
|switch|p1a: seal that squeals|Primarina, F|90/100|[from]move: U-turn
|
|-heal|p2a: Primarina|90/100|[from] item: Leftovers
|upkeep
|turn|28
|
|t:|1661364946
|switch|p2a: Tangrowth|Tangrowth, F|77/100
|move|p1a: seal that squeals|Moonblast|p2a: Tangrowth
|-damage|p2a: Tangrowth|26/100
|
|upkeep
|turn|29
|
|t:|1661364951
|switch|p2a: Hydreigon|Hydreigon, M|28/100
|move|p1a: seal that squeals|Moonblast|p2a: Hydreigon
|-supereffective|p2a: Hydreigon
|-damage|p2a: Hydreigon|0 fnt
|faint|p2a: Hydreigon
|
|upkeep
|-message|Cam forfeited.
|
|win|pokemonisfun
|n|☆pokemonisfun|pokemonisfun
|n|☆Cam|cam
|n| Ara ara<3|araara3
|n| pocketmonsters bad|pocketmonstersbad
|l|☆Cam
