|j|‽soulsahh
|j|☆Liz Angeles
|t:|1665842401
|gametype|singles
|player|p1|soulsahh|102|1450
|player|p2|Liz Angeles|marley|1641
|teamsize|p1|6
|teamsize|p2|6
|gen|8
|tier|[Gen 8] UU
|rated|
|rule|Sleep Clause Mod: Limit one foe put to sleep
|rule|Species Clause: Limit one of each Pokémon
|rule|OHKO Clause: OHKO moves are banned
|rule|Evasion Items Clause: Evasion items are banned
|rule|Evasion Moves Clause: Evasion moves are banned
|rule|Endless Battle Clause: Forcing endless battles is banned
|rule|HP Percentage Mod: HP is shown in percentages
|rule|Dynamax Clause: You cannot dynamax
|clearpoke
|poke|p1|Haxorus, F|
|poke|p1|Whimsicott, M|
|poke|p1|Ditto|
|poke|p1|Polteageist-Antique|
|poke|p1|Suicune|
|poke|p1|Togedemaru, F|
|poke|p2|Hippowdon, F|
|poke|p2|Amoonguss, F|
|poke|p2|Moltres|
|poke|p2|Azumarill, F|
|poke|p2|Raikou|
|poke|p2|Excadrill, M|
|teampreview
|inactive|Battle timer is ON: inactive players will automatically lose when time's up. (requested by soulsahh)
|
|t:|1665842426
|start
|switch|p1a: Haxorus|Haxorus, F|100/100
|switch|p2a: Kristy|Raikou, shiny|100/100
|-ability|p2a: Kristy|Pressure
|-ability|p1a: Haxorus|Mold Breaker
|turn|1
|
|t:|1665842434
|switch|p2a: Gloria|Hippowdon, F|100/100
|-weather|Sandstorm|[from] ability: Sand Stream|[of] p2a: Gloria
|move|p1a: Haxorus|Earthquake|p2a: Gloria
|-damage|p2a: Gloria|78/100
|
|-weather|Sandstorm|[upkeep]
|-damage|p1a: Haxorus|94/100|[from] Sandstorm
|upkeep
|turn|2
|
|t:|1665842446
|move|p1a: Haxorus|Swords Dance|p1a: Haxorus
|-boost|p1a: Haxorus|atk|2
|move|p2a: Gloria|Earthquake|p1a: Haxorus
|-damage|p1a: Haxorus|46/100
|
|-weather|Sandstorm|[upkeep]
|-damage|p1a: Haxorus|40/100|[from] Sandstorm
|upkeep
|turn|3
|
|t:|1665842452
|move|p1a: Haxorus|Scale Shot|p2a: Gloria
|-damage|p2a: Gloria|62/100
|-damage|p2a: Gloria|43/100
|-hitcount|p2a: Gloria|2
|-unboost|p1a: Haxorus|def|1
|-boost|p1a: Haxorus|spe|1
|move|p2a: Gloria|Stealth Rock|p1a: Haxorus
|-sidestart|p1: soulsahh|move: Stealth Rock
|
|-weather|Sandstorm|[upkeep]
|-damage|p1a: Haxorus|34/100|[from] Sandstorm
|upkeep
|turn|4
|
|t:|1665842461
|move|p1a: Haxorus|Earthquake|p2a: Gloria
|-damage|p2a: Gloria|0 fnt
|faint|p2a: Gloria
|
|-weather|Sandstorm|[upkeep]
|-damage|p1a: Haxorus|28/100|[from] Sandstorm
|upkeep
|
|t:|1665842464
|switch|p2a: Hailey|Azumarill, F|100/100
|turn|5
|
|t:|1665842466
|switch|p1a: Togedemaru|Togedemaru, F|100/100
|-damage|p1a: Togedemaru|95/100|[from] Stealth Rock
|move|p2a: Hailey|Aqua Jet|p1a: Togedemaru
|-damage|p1a: Togedemaru|59/100
|-damage|p2a: Hailey|88/100|[from] ability: Iron Barbs|[of] p1a: Togedemaru
|-damage|p2a: Hailey|72/100|[from] item: Rocky Helmet|[of] p1a: Togedemaru
|
|-weather|none
|upkeep
|turn|6
|
|t:|1665842476
|switch|p2a: Vince|Excadrill, M|100/100
|move|p1a: Togedemaru|U-turn|p2a: Vince
|-resisted|p2a: Vince
|-damage|p2a: Vince|88/100
|
|t:|1665842480
|switch|p1a: Haxorus|Haxorus, F|28/100|[from]move: U-turn
|-damage|p1a: Haxorus|16/100|[from] Stealth Rock
|-ability|p1a: Haxorus|Mold Breaker
|
|-heal|p2a: Vince|94/100|[from] item: Leftovers
|upkeep
|turn|7
|
|t:|1665842487
|switch|p2a: Lock|Moltres|100/100
|move|p1a: Haxorus|Earthquake|p2a: Lock
|-immune|p2a: Lock
|
|upkeep
|turn|8
|
|t:|1665842492
|move|p1a: Haxorus|Scale Shot|p2a: Lock
|-damage|p2a: Lock|87/100
|-damage|p2a: Lock|73/100
|-hitcount|p2a: Lock|2
|-unboost|p1a: Haxorus|def|1
|-boost|p1a: Haxorus|spe|1
|move|p2a: Lock|Flamethrower|p1a: Haxorus
|-resisted|p1a: Haxorus
|-damage|p1a: Haxorus|0 fnt
|faint|p1a: Haxorus
|
|upkeep
|
|t:|1665842505
|switch|p1a: Suicune|Suicune|100/100
|-damage|p1a: Suicune|88/100|[from] Stealth Rock
|-ability|p1a: Suicune|Pressure
|turn|9
|
|t:|1665842507
|switch|p2a: Kristy|Raikou, shiny|100/100
|-ability|p2a: Kristy|Pressure
|move|p1a: Suicune|Scald|p2a: Kristy
|-damage|p2a: Kristy|75/100
|-status|p2a: Kristy|brn
|
|-heal|p2a: Kristy|82/100 brn|[from] item: Leftovers
|-damage|p2a: Kristy|75/100 brn|[from] brn
|upkeep
|turn|10
|
|t:|1665842519
|switch|p1a: Whimsicott|Whimsicott, M|100/100
|-damage|p1a: Whimsicott|88/100|[from] Stealth Rock
|move|p2a: Kristy|Thunderbolt|p1a: Whimsicott
|-resisted|p1a: Whimsicott
|-damage|p1a: Whimsicott|57/100
|
|-heal|p2a: Kristy|82/100 brn|[from] item: Leftovers
|-heal|p1a: Whimsicott|63/100|[from] item: Leftovers
|-damage|p2a: Kristy|75/100 brn|[from] brn
|upkeep
|turn|11
|
|t:|1665842530
|switch|p2a: Malediction|Amoonguss, F, shiny|100/100
|switch|p1a: Togedemaru|Togedemaru, F|59/100
|-damage|p1a: Togedemaru|53/100|[from] Stealth Rock
|
|upkeep
|turn|12
|
|t:|1665842534
|switch|p2a: Vince|Excadrill, M|94/100
|move|p1a: Togedemaru|Nuzzle|p2a: Vince
|-immune|p2a: Vince
|
|-heal|p2a: Vince|100/100|[from] item: Leftovers
|upkeep
|turn|13
|
|t:|1665842540
|move|p2a: Vince|Earthquake|p1a: Togedemaru
|-supereffective|p1a: Togedemaru
|-damage|p1a: Togedemaru|0 fnt
|faint|p1a: Togedemaru
|
|upkeep
|
|t:|1665842542
|switch|p1a: Suicune|Suicune|88/100
|-damage|p1a: Suicune|76/100|[from] Stealth Rock
|-ability|p1a: Suicune|Pressure
|turn|14
|
|t:|1665842548
|switch|p2a: Malediction|Amoonguss, F, shiny|100/100
|move|p1a: Suicune|Substitute|p1a: Suicune
|-start|p1a: Suicune|Substitute
|-damage|p1a: Suicune|51/100
|
|upkeep
|turn|15
|
|t:|1665842552
|move|p1a: Suicune|Calm Mind|p1a: Suicune
|-boost|p1a: Suicune|spa|1
|-boost|p1a: Suicune|spd|1
|move|p2a: Malediction|Seed Bomb|p1a: Suicune
|-supereffective|p1a: Suicune
|-end|p1a: Suicune|Substitute
|
|upkeep
|turn|16
|
|t:|1665842560
|move|p1a: Suicune|Scald|p2a: Malediction
|-resisted|p2a: Malediction
|-damage|p2a: Malediction|85/100
|-status|p2a: Malediction|brn
|move|p2a: Malediction|Seed Bomb|p1a: Suicune
|-supereffective|p1a: Suicune
|-damage|p1a: Suicune|37/100
|
|-heal|p2a: Malediction|91/100 brn|[from] item: Black Sludge
|-damage|p2a: Malediction|85/100 brn|[from] brn
|upkeep
|turn|17
|
|t:|1665842566
|switch|p2a: Kristy|Raikou, shiny|75/100 brn
|-ability|p2a: Kristy|Pressure
|move|p1a: Suicune|Substitute|p1a: Suicune
|-start|p1a: Suicune|Substitute
|-damage|p1a: Suicune|12/100
|
|-heal|p2a: Kristy|82/100 brn|[from] item: Leftovers
|-damage|p2a: Kristy|75/100 brn|[from] brn
|upkeep
|turn|18
|
|t:|1665842571
|move|p2a: Kristy|Thunderbolt|p1a: Suicune
|-supereffective|p1a: Suicune
|-end|p1a: Suicune|Substitute
|move|p1a: Suicune|Rest|p1a: Suicune
|-status|p1a: Suicune|slp|[from] move: Rest
|-heal|p1a: Suicune|100/100 slp|[silent]
|-enditem|p1a: Suicune|Chesto Berry|[eat]
|-curestatus|p1a: Suicune|slp|[msg]
|
|-heal|p2a: Kristy|82/100 brn|[from] item: Leftovers
|-damage|p2a: Kristy|75/100 brn|[from] brn
|upkeep
|turn|19
|
|t:|1665842574
|move|p2a: Kristy|Thunderbolt|p1a: Suicune
|-supereffective|p1a: Suicune
|-damage|p1a: Suicune|60/100
|move|p1a: Suicune|Scald|p2a: Kristy
|-damage|p2a: Kristy|40/100 brn
|
|-heal|p2a: Kristy|46/100 brn|[from] item: Leftovers
|-damage|p2a: Kristy|40/100 brn|[from] brn
|upkeep
|turn|20
|
|t:|1665842579
|move|p2a: Kristy|Thunderbolt|p1a: Suicune
|-supereffective|p1a: Suicune
|-damage|p1a: Suicune|24/100
|move|p1a: Suicune|Scald|p2a: Kristy
|-damage|p2a: Kristy|5/100 brn
|
|-heal|p2a: Kristy|11/100 brn|[from] item: Leftovers
|-damage|p2a: Kristy|5/100 brn|[from] brn
|upkeep
|turn|21
|
|t:|1665842585
|switch|p1a: Whimsicott|Whimsicott, M|63/100
|-damage|p1a: Whimsicott|51/100|[from] Stealth Rock
|move|p2a: Kristy|Thunderbolt|p1a: Whimsicott
|-resisted|p1a: Whimsicott
|-damage|p1a: Whimsicott|20/100
|
|-heal|p2a: Kristy|11/100 brn|[from] item: Leftovers
|-heal|p1a: Whimsicott|27/100|[from] item: Leftovers
|-damage|p2a: Kristy|5/100 brn|[from] brn
|upkeep
|turn|22
|
|t:|1665842588
|switch|p2a: Malediction|Amoonguss, F, shiny|100/100 brn
|move|p1a: Whimsicott|Moonblast|p2a: Malediction
|-resisted|p2a: Malediction
|-damage|p2a: Malediction|83/100 brn
|
|-heal|p1a: Whimsicott|33/100|[from] item: Leftovers
|-heal|p2a: Malediction|90/100 brn|[from] item: Black Sludge
|-damage|p2a: Malediction|83/100 brn|[from] brn
|upkeep
|turn|23
|
|t:|1665842591
|move|p1a: Whimsicott|Substitute|p1a: Whimsicott
|-start|p1a: Whimsicott|Substitute
|-damage|p1a: Whimsicott|8/100
|move|p2a: Malediction|Sludge Bomb|p1a: Whimsicott
|-supereffective|p1a: Whimsicott
|-end|p1a: Whimsicott|Substitute
|
|-heal|p1a: Whimsicott|14/100|[from] item: Leftovers
|-heal|p2a: Malediction|90/100 brn|[from] item: Black Sludge
|-damage|p2a: Malediction|83/100 brn|[from] brn
|upkeep
|turn|24
|
|t:|1665842598
|move|p1a: Whimsicott|Encore|p2a: Malediction
|-start|p2a: Malediction|Encore
|move|p2a: Malediction|Sludge Bomb|p1a: Whimsicott
|-supereffective|p1a: Whimsicott
|-damage|p1a: Whimsicott|0 fnt
|faint|p1a: Whimsicott
|
|-heal|p2a: Malediction|90/100 brn|[from] item: Black Sludge
|-damage|p2a: Malediction|83/100 brn|[from] brn
|upkeep
|
|t:|1665842599
|switch|p1a: Polteageist|Polteageist-Antique|100/100
|-damage|p1a: Polteageist|88/100|[from] Stealth Rock
|turn|25
|
|t:|1665842604
|move|p1a: Polteageist|Shell Smash|p1a: Polteageist
|-unboost|p1a: Polteageist|def|1
|-unboost|p1a: Polteageist|spd|1
|-boost|p1a: Polteageist|atk|2
|-boost|p1a: Polteageist|spa|2
|-boost|p1a: Polteageist|spe|2
|move|p2a: Malediction|Sludge Bomb|p1a: Polteageist
|-resisted|p1a: Polteageist
|-damage|p1a: Polteageist|66/100
|
|-heal|p2a: Malediction|90/100 brn|[from] item: Black Sludge
|-damage|p2a: Malediction|83/100 brn|[from] brn
|upkeep
|turn|26
|
|t:|1665842614
|switch|p2a: Lock|Moltres|73/100
|move|p1a: Polteageist|Substitute|p1a: Polteageist
|-start|p1a: Polteageist|Substitute
|-damage|p1a: Polteageist|41/100
|
|upkeep
|turn|27
|
|t:|1665842618
|move|p1a: Polteageist|Stored Power|p2a: Lock
|-damage|p2a: Lock|0 fnt
|faint|p2a: Lock
|
|upkeep
|
|t:|1665842647
|switch|p2a: Vince|Excadrill, M|100/100
|turn|28
|
|t:|1665842650
|move|p1a: Polteageist|Shadow Ball|p2a: Vince
|-damage|p2a: Vince|0 fnt
|faint|p2a: Vince
|
|upkeep
|-message|Liz Angeles forfeited.
|
|win|soulsahh
|raw|soulsahh's rating: 1450 &rarr; <strong>1480</strong><br />(+30 for winning)
|raw|Liz Angeles's rating: 1641 &rarr; <strong>1611</strong><br />(-30 for losing)
|l|☆Liz Angeles
||Ladder isn't responding, score probably updated but might not have (Request timeout).
