|j|☆MegaTotomon
|j|☆pokemonisfun
|t:|1663882825
|gametype|singles
|player|p1|MegaTotomon|fantina|1598
|player|p2|pokemonisfun|#uutrio2ladder|1661
|teamsize|p1|6
|teamsize|p2|6
|gen|8
|tier|[Gen 8] UU
|rated|
|rule|Sleep Clause Mod: Limit one foe put to sleep
|rule|Species Clause: Limit one of each Pokémon
|rule|OHKO Clause: OHKO moves are banned
|rule|Evasion Items Clause: Evasion items are banned
|rule|Evasion Moves Clause: Evasion moves are banned
|rule|Endless Battle Clause: Forcing endless battles is banned
|rule|HP Percentage Mod: HP is shown in percentages
|rule|Dynamax Clause: You cannot dynamax
|clearpoke
|poke|p1|Chansey, F|
|poke|p1|Nidoqueen, F|
|poke|p1|Conkeldurr, F|
|poke|p1|Scizor, M|
|poke|p1|Hydreigon, F|
|poke|p1|Slowking, M|
|poke|p2|Sylveon, F|
|poke|p2|Skarmory, F|
|poke|p2|Tentacruel, F|
|poke|p2|Hippowdon, F|
|poke|p2|Noivern, F|
|poke|p2|Crawdaunt, M|
|teampreview
|c|☆MegaTotomon|glhfffffff
|c|☆pokemonisfun|glhf
|
|t:|1663882847
|start
|switch|p1a: Slowking|Slowking, M|100/100
|switch|p2a: Hippowdon|Hippowdon, F|100/100
|-weather|Sandstorm|[from] ability: Sand Stream|[of] p2a: Hippowdon
|turn|1
|
|t:|1663882853
|move|p2a: Hippowdon|Stealth Rock|p1a: Slowking
|-sidestart|p1: MegaTotomon|move: Stealth Rock
|move|p1a: Slowking|Scald|p2a: Hippowdon
|-supereffective|p2a: Hippowdon
|-damage|p2a: Hippowdon|56/100
|
|-weather|Sandstorm|[upkeep]
|-damage|p1a: Slowking|94/100|[from] Sandstorm
|-heal|p2a: Hippowdon|62/100|[from] item: Leftovers
|upkeep
|turn|2
|
|t:|1663882859
|move|p2a: Hippowdon|Toxic|p1a: Slowking
|-status|p1a: Slowking|tox
|move|p1a: Slowking|Scald|p2a: Hippowdon
|-supereffective|p2a: Hippowdon
|-damage|p2a: Hippowdon|15/100
|
|-weather|Sandstorm|[upkeep]
|-damage|p1a: Slowking|88/100 tox|[from] Sandstorm
|-heal|p2a: Hippowdon|21/100|[from] item: Leftovers
|-damage|p1a: Slowking|82/100 tox|[from] psn
|upkeep
|turn|3
|
|t:|1663882867
|move|p2a: Hippowdon|Slack Off|p2a: Hippowdon
|-heal|p2a: Hippowdon|71/100
|move|p1a: Slowking|Scald|p2a: Hippowdon
|-supereffective|p2a: Hippowdon
|-damage|p2a: Hippowdon|24/100
|-status|p2a: Hippowdon|brn
|
|-weather|Sandstorm|[upkeep]
|-damage|p1a: Slowking|76/100 tox|[from] Sandstorm
|-heal|p2a: Hippowdon|30/100 brn|[from] item: Leftovers
|-damage|p1a: Slowking|64/100 tox|[from] psn
|-damage|p2a: Hippowdon|24/100 brn|[from] brn
|upkeep
|turn|4
|
|t:|1663882872
|move|p2a: Hippowdon|Slack Off|p2a: Hippowdon
|-heal|p2a: Hippowdon|74/100 brn
|move|p1a: Slowking|Teleport|p1a: Slowking
|
|t:|1663882878
|switch|p1a: Conkeldurr|Conkeldurr, F|100/100|[from]move: Teleport
|-damage|p1a: Conkeldurr|95/100|[from] Stealth Rock
|
|-weather|Sandstorm|[upkeep]
|-damage|p1a: Conkeldurr|89/100|[from] Sandstorm
|-heal|p2a: Hippowdon|80/100 brn|[from] item: Leftovers
|-damage|p2a: Hippowdon|74/100 brn|[from] brn
|-status|p1a: Conkeldurr|brn|[from] item: Flame Orb
|upkeep
|turn|5
|
|t:|1663882895
|switch|p2a: Skarmory|Skarmory, F|100/100
|move|p1a: Conkeldurr|Close Combat|p2a: Skarmory
|-damage|p2a: Skarmory|37/100
|-unboost|p1a: Conkeldurr|def|1
|-unboost|p1a: Conkeldurr|spd|1
|-damage|p1a: Conkeldurr|72/100 brn|[from] item: Rocky Helmet|[of] p2a: Skarmory
|
|-weather|none
|-damage|p1a: Conkeldurr|66/100 brn|[from] brn
|upkeep
|turn|6
|
|t:|1663882917
|move|p2a: Skarmory|Body Press|p1a: Conkeldurr
|-damage|p1a: Conkeldurr|23/100 brn
|move|p1a: Conkeldurr|Close Combat|p2a: Skarmory
|-damage|p2a: Skarmory|0 fnt
|-unboost|p1a: Conkeldurr|def|1
|-unboost|p1a: Conkeldurr|spd|1
|-damage|p1a: Conkeldurr|6/100 brn|[from] item: Rocky Helmet|[of] p2a: Skarmory
|faint|p2a: Skarmory
|
|-damage|p1a: Conkeldurr|0 fnt|[from] brn
|faint|p1a: Conkeldurr
|upkeep
|
|t:|1663882932
|switch|p2a: Tentacruel|Tentacruel, F|100/100
|switch|p1a: Hydreigon|Hydreigon, F|100/100
|-damage|p1a: Hydreigon|88/100|[from] Stealth Rock
|turn|7
|
|t:|1663882939
|move|p1a: Hydreigon|U-turn|p2a: Tentacruel
|-resisted|p2a: Tentacruel
|-damage|p2a: Tentacruel|90/100
|
|t:|1663882941
|switch|p1a: Slowking|Slowking, M|97/100 tox|[from]move: U-turn
|move|p2a: Tentacruel|Knock Off|p1a: Slowking
|-supereffective|p1a: Slowking
|-damage|p1a: Slowking|75/100 tox
|-enditem|p1a: Slowking|Heavy-Duty Boots|[from] move: Knock Off|[of] p2a: Tentacruel
|
|-heal|p2a: Tentacruel|96/100|[from] item: Black Sludge
|-damage|p1a: Slowking|69/100 tox|[from] psn
|upkeep
|turn|8
|
|t:|1663882951
|switch|p2a: Crawdaunt|Crawdaunt, M|100/100
|move|p1a: Slowking|Teleport|p1a: Slowking
|
|t:|1663882956
|switch|p1a: Hydreigon|Hydreigon, F|88/100|[from]move: Teleport
|-damage|p1a: Hydreigon|76/100|[from] Stealth Rock
|
|upkeep
|turn|9
|
|t:|1663882963
|switch|p2a: Tentacruel|Tentacruel, F|96/100
|move|p1a: Hydreigon|Draco Meteor|p2a: Tentacruel
|-damage|p2a: Tentacruel|44/100
|-unboost|p1a: Hydreigon|spa|2
|
|-heal|p2a: Tentacruel|50/100|[from] item: Black Sludge
|upkeep
|turn|10
|
|t:|1663882972
|switch|p1a: Scizor|Scizor, M|100/100
|switch|p2a: Crawdaunt|Crawdaunt, M|100/100
|
|upkeep
|turn|11
|
|t:|1663882977
|move|p2a: Crawdaunt|Knock Off|p1a: Scizor
|-damage|p1a: Scizor|17/100
|-enditem|p1a: Scizor|Heavy-Duty Boots|[from] move: Knock Off|[of] p2a: Crawdaunt
|move|p1a: Scizor|U-turn|p2a: Crawdaunt
|-supereffective|p2a: Crawdaunt
|-damage|p2a: Crawdaunt|0 fnt
|faint|p2a: Crawdaunt
|
|t:|1663882991
|switch|p1a: Nidoqueen|Nidoqueen, F|100/100|[from]move: U-turn
|-damage|p1a: Nidoqueen|95/100|[from] Stealth Rock
|
|upkeep
|
|t:|1663883002
|switch|p2a: Noivern|Noivern, F|100/100
|-item|p1a: Nidoqueen|Life Orb|[from] ability: Frisk|[of] p2a: Noivern|[identify]
|turn|12
|
|t:|1663883005
|switch|p1a: Chansey|Chansey, F|100/100
|-damage|p1a: Chansey|88/100|[from] Stealth Rock
|move|p2a: Noivern|Draco Meteor|p1a: Chansey
|-damage|p1a: Chansey|71/100
|-unboost|p2a: Noivern|spa|2
|
|upkeep
|turn|13
|
|t:|1663883014
|move|p2a: Noivern|U-turn|p1a: Chansey
|-damage|p1a: Chansey|65/100
|
|t:|1663883022
|switch|p2a: Tentacruel|Tentacruel, F|50/100|[from]move: U-turn
|move|p1a: Chansey|Toxic|p2a: Tentacruel
|-immune|p2a: Tentacruel
|
|-heal|p2a: Tentacruel|56/100|[from] item: Black Sludge
|upkeep
|turn|14
|
|t:|1663883028
|switch|p1a: Slowking|Slowking, M|100/100 tox
|-damage|p1a: Slowking|88/100 tox|[from] Stealth Rock
|move|p2a: Tentacruel|Knock Off|p1a: Slowking
|-supereffective|p1a: Slowking
|-damage|p1a: Slowking|74/100 tox
|
|-heal|p2a: Tentacruel|62/100|[from] item: Black Sludge
|-damage|p1a: Slowking|68/100 tox|[from] psn
|upkeep
|turn|15
|
|t:|1663883036
|move|p2a: Tentacruel|Sludge Bomb|p1a: Slowking
|-damage|p1a: Slowking|47/100 tox
|move|p1a: Slowking|Psychic|p2a: Tentacruel
|-supereffective|p2a: Tentacruel
|-damage|p2a: Tentacruel|18/100
|
|-heal|p2a: Tentacruel|24/100|[from] item: Black Sludge
|-damage|p1a: Slowking|35/100 tox|[from] psn
|upkeep
|turn|16
|
|t:|1663883047
|move|p2a: Tentacruel|Sludge Bomb|p1a: Slowking
|-damage|p1a: Slowking|13/100 tox
|move|p1a: Slowking|Teleport|p1a: Slowking
|
|t:|1663883050
|switch|p1a: Hydreigon|Hydreigon, F|76/100|[from]move: Teleport
|-damage|p1a: Hydreigon|64/100|[from] Stealth Rock
|
|-heal|p2a: Tentacruel|30/100|[from] item: Black Sludge
|upkeep
|turn|17
|
|t:|1663883058
|switch|p2a: Sylveon|Sylveon, F|100/100
|move|p1a: Hydreigon|Dark Pulse|p2a: Sylveon
|-resisted|p2a: Sylveon
|-damage|p2a: Sylveon|88/100
|
|-heal|p2a: Sylveon|94/100|[from] item: Leftovers
|upkeep
|turn|18
|
|t:|1663883067
|switch|p1a: Nidoqueen|Nidoqueen, F|95/100
|-damage|p1a: Nidoqueen|89/100|[from] Stealth Rock
|switch|p2a: Tentacruel|Tentacruel, F|30/100
|
|-heal|p2a: Tentacruel|36/100|[from] item: Black Sludge
|upkeep
|turn|19
|
|t:|1663883076
|switch|p2a: Noivern|Noivern, F|100/100
|-item|p1a: Nidoqueen|Life Orb|[from] ability: Frisk|[of] p2a: Noivern|[identify]
|move|p1a: Nidoqueen|Earth Power|p2a: Noivern
|-immune|p2a: Noivern
|
|upkeep
|turn|20
|
|t:|1663883087
|switch|p1a: Chansey|Chansey, F|65/100
|-damage|p1a: Chansey|52/100|[from] Stealth Rock
|move|p2a: Noivern|Draco Meteor|p1a: Chansey
|-damage|p1a: Chansey|37/100
|-unboost|p2a: Noivern|spa|2
|
|upkeep
|turn|21
|
|t:|1663883089
|move|p2a: Noivern|U-turn|p1a: Chansey
|-damage|p1a: Chansey|29/100
|
|t:|1663883091
|switch|p2a: Tentacruel|Tentacruel, F|36/100|[from]move: U-turn
|move|p1a: Chansey|Soft-Boiled|p1a: Chansey
|-heal|p1a: Chansey|79/100
|
|-heal|p2a: Tentacruel|42/100|[from] item: Black Sludge
|upkeep
|turn|22
|
|t:|1663883096
|move|p2a: Tentacruel|Knock Off|p1a: Chansey
|-damage|p1a: Chansey|69/100
|-enditem|p1a: Chansey|Eviolite|[from] move: Knock Off|[of] p2a: Tentacruel
|move|p1a: Chansey|Seismic Toss|p2a: Tentacruel
|-damage|p2a: Tentacruel|14/100
|
|-heal|p2a: Tentacruel|20/100|[from] item: Black Sludge
|upkeep
|turn|23
|
|t:|1663883101
|switch|p2a: Sylveon|Sylveon, F|94/100
|move|p1a: Chansey|Seismic Toss|p2a: Sylveon
|-damage|p2a: Sylveon|69/100
|
|-heal|p2a: Sylveon|75/100|[from] item: Leftovers
|upkeep
|turn|24
|
|t:|1663883107
|switch|p1a: Nidoqueen|Nidoqueen, F|89/100
|-damage|p1a: Nidoqueen|83/100|[from] Stealth Rock
|move|p2a: Sylveon|Wish|p2a: Sylveon
|
|-heal|p2a: Sylveon|81/100|[from] item: Leftovers
|upkeep
|turn|25
|
|t:|1663883112
|switch|p2a: Noivern|Noivern, F|100/100
|-item|p1a: Nidoqueen|Life Orb|[from] ability: Frisk|[of] p2a: Noivern|[identify]
|move|p1a: Nidoqueen|Earth Power|p2a: Noivern
|-immune|p2a: Noivern
|
|upkeep
|turn|26
|
|t:|1663883120
|move|p2a: Noivern|U-turn|p1a: Nidoqueen
|-resisted|p1a: Nidoqueen
|-damage|p1a: Nidoqueen|77/100
|
|t:|1663883123
|switch|p2a: Tentacruel|Tentacruel, F|20/100|[from]move: U-turn
|move|p1a: Nidoqueen|Sludge Wave|p2a: Tentacruel
|-resisted|p2a: Tentacruel
|-damage|p2a: Tentacruel|0 fnt
|faint|p2a: Tentacruel
|
|upkeep
|
|t:|1663883126
|switch|p2a: Noivern|Noivern, F|100/100
|-item|p1a: Nidoqueen|Life Orb|[from] ability: Frisk|[of] p2a: Noivern|[identify]
|turn|27
|
|t:|1663883135
|switch|p1a: Chansey|Chansey, F|69/100
|-damage|p1a: Chansey|57/100|[from] Stealth Rock
|move|p2a: Noivern|U-turn|p1a: Chansey
|-damage|p1a: Chansey|47/100
|
|t:|1663883137
|switch|p2a: Sylveon|Sylveon, F|81/100|[from]move: U-turn
|
|-heal|p2a: Sylveon|87/100|[from] item: Leftovers
|upkeep
|turn|28
|
|t:|1663883140
|move|p2a: Sylveon|Heal Bell|p2a: Sylveon
|-activate|p2a: Sylveon|move: Heal Bell
|-curestatus|p2: Hippowdon|brn|[msg]
|move|p1a: Chansey|Soft-Boiled|p1a: Chansey
|-heal|p1a: Chansey|97/100
|
|-heal|p2a: Sylveon|93/100|[from] item: Leftovers
|upkeep
|turn|29
|
|t:|1663883148
|move|p2a: Sylveon|Hyper Voice|p1a: Chansey
|-damage|p1a: Chansey|77/100
|move|p1a: Chansey|Toxic|p2a: Sylveon
|-status|p2a: Sylveon|tox
|
|-heal|p2a: Sylveon|99/100 tox|[from] item: Leftovers
|-damage|p2a: Sylveon|93/100 tox|[from] psn
|upkeep
|turn|30
|
|t:|1663883152
|switch|p2a: Hippowdon|Hippowdon, F|74/100
|-weather|Sandstorm|[from] ability: Sand Stream|[of] p2a: Hippowdon
|move|p1a: Chansey|Seismic Toss|p2a: Hippowdon
|-damage|p2a: Hippowdon|50/100
|
|-weather|Sandstorm|[upkeep]
|-damage|p1a: Chansey|71/100|[from] Sandstorm
|-heal|p2a: Hippowdon|57/100|[from] item: Leftovers
|upkeep
|turn|31
|
|t:|1663883157
|move|p1a: Chansey|Toxic|p2a: Hippowdon
|-status|p2a: Hippowdon|tox
|move|p2a: Hippowdon|Earthquake|p1a: Chansey
|-damage|p1a: Chansey|34/100
|
|-weather|Sandstorm|[upkeep]
|-damage|p1a: Chansey|27/100|[from] Sandstorm
|-heal|p2a: Hippowdon|63/100 tox|[from] item: Leftovers
|-damage|p2a: Hippowdon|57/100 tox|[from] psn
|upkeep
|turn|32
|
|t:|1663883160
|move|p1a: Chansey|Soft-Boiled|p1a: Chansey
|-heal|p1a: Chansey|77/100
|move|p2a: Hippowdon|Earthquake|p1a: Chansey
|-damage|p1a: Chansey|44/100
|
|-weather|Sandstorm|[upkeep]
|-damage|p1a: Chansey|37/100|[from] Sandstorm
|-heal|p2a: Hippowdon|63/100 tox|[from] item: Leftovers
|-damage|p2a: Hippowdon|50/100 tox|[from] psn
|upkeep
|turn|33
|
|t:|1663883163
|move|p1a: Chansey|Soft-Boiled|p1a: Chansey
|-heal|p1a: Chansey|87/100
|move|p2a: Hippowdon|Earthquake|p1a: Chansey
|-crit|p1a: Chansey
|-damage|p1a: Chansey|35/100
|
|-weather|Sandstorm|[upkeep]
|-damage|p1a: Chansey|29/100|[from] Sandstorm
|-heal|p2a: Hippowdon|57/100 tox|[from] item: Leftovers
|-damage|p2a: Hippowdon|38/100 tox|[from] psn
|upkeep
|turn|34
|
|t:|1663883166
|move|p1a: Chansey|Soft-Boiled|p1a: Chansey
|-heal|p1a: Chansey|79/100
|move|p2a: Hippowdon|Slack Off|p2a: Hippowdon
|-heal|p2a: Hippowdon|88/100 tox
|
|-weather|none
|-heal|p2a: Hippowdon|94/100 tox|[from] item: Leftovers
|-damage|p2a: Hippowdon|70/100 tox|[from] psn
|upkeep
|turn|35
|
|t:|1663883170
|switch|p2a: Sylveon|Sylveon, F|93/100 tox
|move|p1a: Chansey|Wish|p1a: Chansey
|
|-heal|p2a: Sylveon|99/100 tox|[from] item: Leftovers
|-damage|p2a: Sylveon|93/100 tox|[from] psn
|upkeep
|turn|36
|
|t:|1663883178
|switch|p2a: Noivern|Noivern, F|100/100
|switch|p1a: Nidoqueen|Nidoqueen, F|77/100
|-damage|p1a: Nidoqueen|71/100|[from] Stealth Rock
|
|-heal|p1a: Nidoqueen|100/100|[from] move: Wish|[wisher] Chansey
|upkeep
|turn|37
|
|t:|1663883190
|move|p2a: Noivern|Draco Meteor|p1a: Nidoqueen
|-damage|p1a: Nidoqueen|34/100
|-unboost|p2a: Noivern|spa|2
|move|p1a: Nidoqueen|Sludge Wave|p2a: Noivern
|-damage|p2a: Noivern|20/100
|
|upkeep
|turn|38
|
|t:|1663883202
|move|p2a: Noivern|Draco Meteor|p1a: Nidoqueen
|-damage|p1a: Nidoqueen|2/100
|-unboost|p2a: Noivern|spa|2
|move|p1a: Nidoqueen|Sludge Wave|p2a: Noivern
|-damage|p2a: Noivern|0 fnt
|faint|p2a: Noivern
|
|upkeep
|c|☆pokemonisfun|gg
|c|☆MegaTotomon|gg
|-message|pokemonisfun forfeited.
|
|win|MegaTotomon
|raw|MegaTotomon's rating: 1598 &rarr; <strong>1622</strong><br />(+24 for winning)
|raw|pokemonisfun's rating: 1661 &rarr; <strong>1637</strong><br />(-24 for losing)
|l|☆pokemonisfun
