|j|☆SUPER_CJYAJIN
|j|☆Horsehead3
|t:|1634274197
|gametype|singles
|player|p1|SUPER_CJYAJIN|teamrocket|1295
|player|p2|Horsehead3|169|1505
|teamsize|p1|6
|teamsize|p2|6
|gen|8
|tier|[Gen 8] UU
|rated|
|rule|Sleep Clause Mod: Limit one foe put to sleep
|rule|Species Clause: Limit one of each Pokémon
|rule|OHKO Clause: OHKO moves are banned
|rule|Evasion Moves Clause: Evasion moves are banned
|rule|Endless Battle Clause: Forcing endless battles is banned
|rule|HP Percentage Mod: HP is shown in percentages
|rule|Dynamax Clause: You cannot dynamax
|clearpoke
|poke|p1|Conkeldurr, M|
|poke|p1|Hydreigon, F|
|poke|p1|Mandibuzz, F|
|poke|p1|Jirachi|
|poke|p1|Mamoswine, M|
|poke|p1|Latias, F|
|poke|p2|Zarude|
|poke|p2|Rotom-Wash|
|poke|p2|Nidoking, M|
|poke|p2|Latias, F|
|poke|p2|Durant, F|
|poke|p2|Mimikyu, M|
|teampreview
|
|t:|1634274208
|start
|switch|p1a: Jirachi|Jirachi, shiny|100/100
|switch|p2a: Kevin|Durant, F|100/100
|turn|1
|
|t:|1634274212
|move|p2a: Kevin|First Impression|p1a: Jirachi
|-damage|p1a: Jirachi|5/100
|move|p1a: Jirachi|Thunder Wave|p2a: Kevin
|-status|p2a: Kevin|par
|
|-heal|p1a: Jirachi|11/100|[from] item: Leftovers
|upkeep
|turn|2
|
|t:|1634274217
|switch|p2a: King|Nidoking, M|100/100
|move|p1a: Jirachi|Stealth Rock|p2a: King
|-sidestart|p2: Horsehead3|move: Stealth Rock
|
|-heal|p1a: Jirachi|17/100|[from] item: Leftovers
|upkeep
|turn|3
|
|t:|1634274221
|move|p1a: Jirachi|U-turn|p2a: King
|-resisted|p2a: King
|-damage|p2a: King|86/100
|
|t:|1634274226
|switch|p1a: Latias|Latias, F, shiny|100/100|[from]move: U-turn
|move|p2a: King|Stealth Rock|p1a: Latias
|-sidestart|p1: SUPER_CJYAJIN|move: Stealth Rock
|
|upkeep
|turn|4
|
|t:|1634274232
|switch|p2a: Kevin|Durant, F|100/100 par
|-damage|p2a: Kevin|88/100 par|[from] Stealth Rock
|move|p1a: Latias|Trick|p2a: Kevin
|-activate|p1a: Latias|move: Trick|[of] p2a: Kevin
|-item|p2a: Kevin|Choice Scarf|[from] move: Trick
|-item|p1a: Latias|Choice Band|[from] move: Trick
|
|upkeep
|turn|5
|
|t:|1634274242
|switch|p1a: Mandibuzz|Mandibuzz, F, shiny|100/100
|move|p2a: Kevin|First Impression|p1a: Mandibuzz
|-damage|p1a: Mandibuzz|66/100
|
|upkeep
|turn|6
|
|t:|1634274252
|switch|p2a: Scrotom|Rotom-Wash|100/100
|-damage|p2a: Scrotom|88/100|[from] Stealth Rock
|switch|p1a: Jirachi|Jirachi, shiny|17/100
|-damage|p1a: Jirachi|11/100|[from] Stealth Rock
|
|-heal|p1a: Jirachi|17/100|[from] item: Leftovers
|-heal|p2a: Scrotom|94/100|[from] item: Leftovers
|upkeep
|turn|7
|
|t:|1634274256
|move|p1a: Jirachi|Iron Head|p2a: Scrotom
|-resisted|p2a: Scrotom
|-damage|p2a: Scrotom|86/100
|cant|p2a: Scrotom|flinch
|
|-heal|p1a: Jirachi|23/100|[from] item: Leftovers
|-heal|p2a: Scrotom|92/100|[from] item: Leftovers
|upkeep
|turn|8
|
|t:|1634274261
|move|p1a: Jirachi|U-turn|p2a: Scrotom
|-damage|p2a: Scrotom|73/100
|
|t:|1634274264
|switch|p1a: Latias|Latias, F, shiny|100/100|[from]move: U-turn
|-damage|p1a: Latias|88/100|[from] Stealth Rock
|move|p2a: Scrotom|Volt Switch|p1a: Latias
|-resisted|p1a: Latias
|-damage|p1a: Latias|76/100
|inactive|Battle timer is ON: inactive players will automatically lose when time's up. (requested by Horsehead3)
|
|t:|1634274273
|switch|p2a: Rude|Zarude|100/100|[from]move: Volt Switch
|-damage|p2a: Rude|88/100|[from] Stealth Rock
|
|upkeep
|turn|9
|
|t:|1634274279
|move|p2a: Rude|U-turn|p1a: Latias
|-supereffective|p1a: Latias
|-damage|p1a: Latias|23/100
|
|t:|1634274282
|switch|p2a: Kevin|Durant, F|88/100 par|[from]move: U-turn
|-damage|p2a: Kevin|76/100 par|[from] Stealth Rock
|move|p1a: Latias|Trick|p2a: Kevin
|-activate|p1a: Latias|move: Trick|[of] p2a: Kevin
|-item|p2a: Kevin|Choice Band|[from] move: Trick
|-item|p1a: Latias|Choice Scarf|[from] move: Trick
|
|upkeep
|turn|10
|
|t:|1634274286
|move|p2a: Kevin|First Impression|p1a: Latias
|-supereffective|p1a: Latias
|-damage|p1a: Latias|0 fnt
|faint|p1a: Latias
|
|upkeep
|
|t:|1634274290
|switch|p1a: Conkeldurr|Conkeldurr, M, shiny|100/100
|-damage|p1a: Conkeldurr|94/100|[from] Stealth Rock
|turn|11
|
|t:|1634274294
|switch|p2a: Scrotom|Rotom-Wash|73/100
|-damage|p2a: Scrotom|60/100|[from] Stealth Rock
|move|p1a: Conkeldurr|Knock Off|p2a: Scrotom
|-damage|p2a: Scrotom|27/100
|-enditem|p2a: Scrotom|Leftovers|[from] move: Knock Off|[of] p1a: Conkeldurr
|
|-status|p1a: Conkeldurr|brn|[from] item: Flame Orb
|upkeep
|turn|12
|
|t:|1634274300
|move|p1a: Conkeldurr|Mach Punch|p2a: Scrotom
|-damage|p2a: Scrotom|0 fnt
|faint|p2a: Scrotom
|
|-damage|p1a: Conkeldurr|88/100 brn|[from] brn
|upkeep
|
|t:|1634274303
|switch|p2a: Mimikyu|Mimikyu, M|100/100
|-damage|p2a: Mimikyu|88/100|[from] Stealth Rock
|turn|13
|
|t:|1634274307
|move|p2a: Mimikyu|Swords Dance|p2a: Mimikyu
|-boost|p2a: Mimikyu|atk|2
|move|p1a: Conkeldurr|Knock Off|p2a: Mimikyu
|-activate|p2a: Mimikyu|ability: Disguise
|-damage|p2a: Mimikyu|88/100
|-enditem|p2a: Mimikyu|Life Orb|[from] move: Knock Off|[of] p1a: Conkeldurr
|detailschange|p2a: Mimikyu|Mimikyu-Busted, M
|-damage|p2a: Mimikyu|76/100|[from] pokemon: Mimikyu-Busted
|
|-damage|p1a: Conkeldurr|82/100 brn|[from] brn
|upkeep
|turn|14
|
|t:|1634274322
|switch|p1a: Jirachi|Jirachi, shiny|23/100
|-damage|p1a: Jirachi|17/100|[from] Stealth Rock
|move|p2a: Mimikyu|Play Rough|p1a: Jirachi
|-resisted|p1a: Jirachi
|-damage|p1a: Jirachi|0 fnt
|faint|p1a: Jirachi
|
|upkeep
|
|t:|1634274332
|switch|p1a: Hydreigon|Hydreigon, F, shiny|100/100
|-damage|p1a: Hydreigon|88/100|[from] Stealth Rock
|turn|15
|
|t:|1634274335
|move|p1a: Hydreigon|Dark Pulse|p2a: Mimikyu
|-damage|p2a: Mimikyu|9/100
|-damage|p1a: Hydreigon|78/100|[from] item: Life Orb
|move|p2a: Mimikyu|Drain Punch|p1a: Hydreigon
|-supereffective|p1a: Hydreigon
|-damage|p1a: Hydreigon|0 fnt
|-heal|p2a: Mimikyu|59/100|[from] drain|[of] p1a: Hydreigon
|faint|p1a: Hydreigon
|
|upkeep
|
|t:|1634274343
|switch|p1a: Mamoswine|Mamoswine, M|100/100
|-damage|p1a: Mamoswine|88/100|[from] Stealth Rock
|turn|16
|
|t:|1634274344
|move|p2a: Mimikyu|Drain Punch|p1a: Mamoswine
|-supereffective|p1a: Mamoswine
|-damage|p1a: Mamoswine|0 fnt
|-heal|p2a: Mimikyu|100/100|[from] drain|[of] p1a: Mamoswine
|faint|p1a: Mamoswine
|
|upkeep
|c|☆Horsehead3|Gg
|
|t:|1634274352
|switch|p1a: Conkeldurr|Conkeldurr, M, shiny|82/100 brn
|-damage|p1a: Conkeldurr|76/100 brn|[from] Stealth Rock
|turn|17
|
|t:|1634274354
|move|p2a: Mimikyu|Play Rough|p1a: Conkeldurr
|-supereffective|p1a: Conkeldurr
|-damage|p1a: Conkeldurr|0 fnt
|faint|p1a: Conkeldurr
|
|upkeep
|
|t:|1634274357
|switch|p1a: Mandibuzz|Mandibuzz, F, shiny|66/100
|turn|18
|-message|SUPER_CJYAJIN forfeited.
|
|win|Horsehead3
|raw|SUPER_CJYAJIN's rating: 1295 &rarr; <strong>1284</strong><br />(-11 for losing)
|raw|Horsehead3's rating: 1505 &rarr; <strong>1514</strong><br />(+9 for winning)
|l|☆SUPER_CJYAJIN
