|html|<div class="broadcast-blue"><strong>[Gen 8] UU is currently suspecting Moltres-Galar! For information on how to participate check out the <a href="https://www.smogon.com/forums/threads/np-ss-uu-stage-12-get-lucky.3700621/">suspect thread</a>.</strong></div>
|j|☆Eazigzagoon
|j|☆lightskin avenger
|t:|1650837061
|gametype|singles
|player|p1|Eazigzagoon|tuberf|1402
|player|p2|lightskin avenger|wallace|1303
|teamsize|p1|6
|teamsize|p2|6
|gen|8
|tier|[Gen 8] UU
|rated|
|rule|Sleep Clause Mod: Limit one foe put to sleep
|rule|Species Clause: Limit one of each Pokémon
|rule|OHKO Clause: OHKO moves are banned
|rule|Evasion Moves Clause: Evasion moves are banned
|rule|Endless Battle Clause: Forcing endless battles is banned
|rule|HP Percentage Mod: HP is shown in percentages
|rule|Dynamax Clause: You cannot dynamax
|clearpoke
|poke|p1|Weezing-Galar, M|
|poke|p1|Cloyster, M|
|poke|p1|Hitmonlee, M|
|poke|p1|Necrozma|
|poke|p1|Keldeo-Resolute|
|poke|p1|Hydreigon, F|
|poke|p2|Suicune|
|poke|p2|Chansey, F|
|poke|p2|Amoonguss, M|
|poke|p2|Skarmory, M|
|poke|p2|Hatterene, F|
|poke|p2|Quagsire, F|
|teampreview
|inactive|Battle timer is ON: inactive players will automatically lose when time's up. (requested by lightskin avenger)
|
|t:|1650837072
|start
|switch|p1a: Weezing|Weezing-Galar, M|100/100
|switch|p2a: Suicune|Suicune|100/100
|-ability|p2a: Suicune|Pressure
|-fieldstart|move: Misty Terrain|[from] ability: Misty Surge|[of] p1a: Weezing
|turn|1
|
|t:|1650837081
|move|p2a: Suicune|Substitute|p2a: Suicune
|-start|p2a: Suicune|Substitute
|-damage|p2a: Suicune|75/100
|move|p1a: Weezing|Taunt|p2a: Suicune
|-start|p2a: Suicune|move: Taunt
|
|-heal|p2a: Suicune|82/100|[from] item: Leftovers
|upkeep
|turn|2
|
|t:|1650837100
|move|p2a: Suicune|Scald|p1a: Weezing
|-damage|p1a: Weezing|68/100
|move|p1a: Weezing|Misty Explosion|p2a: Suicune
|-end|p2a: Suicune|Substitute
|faint|p1a: Weezing
|
|-heal|p2a: Suicune|88/100|[from] item: Leftovers
|upkeep
|
|t:|1650837113
|switch|p1a: Hitmonlee|Hitmonlee, M|100/100
|-enditem|p1a: Hitmonlee|Misty Seed
|-boost|p1a: Hitmonlee|spd|1|[from] item: Misty Seed
|turn|3
|
|t:|1650837133
|move|p1a: Hitmonlee|Bulk Up|p1a: Hitmonlee
|-boost|p1a: Hitmonlee|atk|1
|-boost|p1a: Hitmonlee|def|1
|move|p2a: Suicune|Scald|p1a: Hitmonlee
|-damage|p1a: Hitmonlee|81/100
|
|-heal|p2a: Suicune|94/100|[from] item: Leftovers
|upkeep
|turn|4
|
|t:|1650837141
|move|p1a: Hitmonlee|Bulk Up|p1a: Hitmonlee
|-boost|p1a: Hitmonlee|atk|1
|-boost|p1a: Hitmonlee|def|1
|move|p2a: Suicune|Scald|p1a: Hitmonlee
|-damage|p1a: Hitmonlee|61/100
|
|-heal|p2a: Suicune|99/100|[from] item: Leftovers
|-end|p2a: Suicune|move: Taunt
|upkeep
|turn|5
|
|t:|1650837147
|move|p1a: Hitmonlee|Close Combat|p2a: Suicune
|-damage|p2a: Suicune|8/100
|-unboost|p1a: Hitmonlee|def|1
|-unboost|p1a: Hitmonlee|spd|1
|move|p2a: Suicune|Scald|p1a: Hitmonlee
|-damage|p1a: Hitmonlee|28/100
|
|-heal|p2a: Suicune|14/100|[from] item: Leftovers
|upkeep
|turn|6
|
|t:|1650837154
|switch|p2a: Quagsire|Quagsire, F|100/100
|move|p1a: Hitmonlee|Knock Off|p2a: Quagsire
|-crit|p2a: Quagsire
|-damage|p2a: Quagsire|62/100
|-enditem|p2a: Quagsire|Heavy-Duty Boots|[from] move: Knock Off|[of] p1a: Hitmonlee
|
|upkeep
|turn|7
|
|t:|1650837159
|move|p1a: Hitmonlee|Close Combat|p2a: Quagsire
|-damage|p2a: Quagsire|15/100
|-unboost|p1a: Hitmonlee|def|1
|-unboost|p1a: Hitmonlee|spd|1
|move|p2a: Quagsire|Recover|p2a: Quagsire
|-heal|p2a: Quagsire|65/100
|
|upkeep
|turn|8
|
|t:|1650837166
|move|p1a: Hitmonlee|Close Combat|p2a: Quagsire
|-damage|p2a: Quagsire|23/100
|-unboost|p1a: Hitmonlee|def|1
|-unboost|p1a: Hitmonlee|spd|1
|move|p2a: Quagsire|Recover|p2a: Quagsire
|-heal|p2a: Quagsire|73/100
|
|-fieldend|Misty Terrain
|upkeep
|turn|9
|
|t:|1650837174
|move|p1a: Hitmonlee|Close Combat|p2a: Quagsire
|-damage|p2a: Quagsire|28/100
|-unboost|p1a: Hitmonlee|def|1
|-unboost|p1a: Hitmonlee|spd|1
|move|p2a: Quagsire|Recover|p2a: Quagsire
|-heal|p2a: Quagsire|78/100
|
|upkeep
|turn|10
|
|t:|1650837181
|move|p1a: Hitmonlee|Close Combat|p2a: Quagsire
|-damage|p2a: Quagsire|36/100
|-unboost|p1a: Hitmonlee|def|1
|-unboost|p1a: Hitmonlee|spd|1
|move|p2a: Quagsire|Recover|p2a: Quagsire
|-heal|p2a: Quagsire|86/100
|
|upkeep
|turn|11
|
|t:|1650837192
|switch|p1a: Hydreigon|Hydreigon, F|100/100
|move|p2a: Quagsire|Scald|p1a: Hydreigon
|-resisted|p1a: Hydreigon
|-damage|p1a: Hydreigon|89/100
|
|upkeep
|turn|12
|
|t:|1650837201
|move|p2a: Quagsire|Protect|p2a: Quagsire
|-singleturn|p2a: Quagsire|Protect
|move|p1a: Hydreigon|Nasty Plot|p1a: Hydreigon
|-boost|p1a: Hydreigon|spa|2
|
|upkeep
|turn|13
|
|t:|1650837204
|move|p1a: Hydreigon|Dark Pulse|p2a: Quagsire
|-damage|p2a: Quagsire|26/100
|-damage|p1a: Hydreigon|80/100|[from] item: Life Orb
|move|p2a: Quagsire|Toxic|p1a: Hydreigon
|-status|p1a: Hydreigon|tox
|
|-damage|p1a: Hydreigon|73/100 tox|[from] psn
|upkeep
|turn|14
|
|t:|1650837214
|move|p2a: Quagsire|Protect|p2a: Quagsire
|-singleturn|p2a: Quagsire|Protect
|move|p1a: Hydreigon|Draco Meteor|p2a: Quagsire
|-activate|p2a: Quagsire|move: Protect
|
|-damage|p1a: Hydreigon|61/100 tox|[from] psn
|upkeep
|turn|15
|
|t:|1650837224
|switch|p2a: Chansey|Chansey, F|100/100
|move|p1a: Hydreigon|Dark Pulse|p2a: Chansey
|-damage|p2a: Chansey|68/100
|-damage|p1a: Hydreigon|51/100 tox|[from] item: Life Orb
|
|-damage|p1a: Hydreigon|33/100 tox|[from] psn
|upkeep
|turn|16
|
|t:|1650837231
|switch|p1a: Keldeo|Keldeo-Resolute|100/100
|move|p2a: Chansey|Soft-Boiled|p2a: Chansey
|-heal|p2a: Chansey|100/100
|
|upkeep
|turn|17
|
|t:|1650837242
|switch|p2a: Quagsire|Quagsire, F|26/100
|move|p1a: Keldeo|Calm Mind|p1a: Keldeo
|-boost|p1a: Keldeo|spa|1
|-boost|p1a: Keldeo|spd|1
|
|upkeep
|turn|18
|
|t:|1650837248
|switch|p2a: Amoonguss|Amoonguss, M|100/100
|move|p1a: Keldeo|Scald|p2a: Amoonguss
|-resisted|p2a: Amoonguss
|-damage|p2a: Amoonguss|78/100
|
|-heal|p2a: Amoonguss|85/100|[from] item: Black Sludge
|upkeep
|turn|19
|
|t:|1650837252
|move|p1a: Keldeo|Air Slash|p2a: Amoonguss
|-supereffective|p2a: Amoonguss
|-damage|p2a: Amoonguss|35/100
|move|p2a: Amoonguss|Clear Smog|p1a: Keldeo
|-crit|p1a: Keldeo
|-damage|p1a: Keldeo|74/100
|-clearboost|p1a: Keldeo
|
|-heal|p1a: Keldeo|80/100|[from] item: Leftovers
|-heal|p2a: Amoonguss|41/100|[from] item: Black Sludge
|upkeep
|turn|20
|
|t:|1650837257
|switch|p2a: Hatterene|Hatterene, F|100/100
|move|p1a: Keldeo|Calm Mind|p1a: Keldeo
|-boost|p1a: Keldeo|spa|1
|-boost|p1a: Keldeo|spd|1
|
|-heal|p1a: Keldeo|86/100|[from] item: Leftovers
|upkeep
|turn|21
|
|t:|1650837269
|move|p1a: Keldeo|Scald|p2a: Hatterene
|-damage|p2a: Hatterene|37/100
|move|p2a: Hatterene|Calm Mind|p2a: Hatterene
|-boost|p2a: Hatterene|spa|1
|-boost|p2a: Hatterene|spd|1
|
|-heal|p1a: Keldeo|92/100|[from] item: Leftovers
|-heal|p2a: Hatterene|43/100|[from] item: Leftovers
|upkeep
|turn|22
|
|t:|1650837275
|move|p1a: Keldeo|Scald|p2a: Hatterene
|-damage|p2a: Hatterene|0 fnt
|faint|p2a: Hatterene
|
|-heal|p1a: Keldeo|98/100|[from] item: Leftovers
|upkeep
|
|t:|1650837279
|switch|p2a: Amoonguss|Amoonguss, M|74/100
|turn|23
|
|t:|1650837282
|move|p1a: Keldeo|Air Slash|p2a: Amoonguss
|-supereffective|p2a: Amoonguss
|-damage|p2a: Amoonguss|19/100
|move|p2a: Amoonguss|Spore|p1a: Keldeo
|-status|p1a: Keldeo|slp|[from] move: Spore
|
|-heal|p1a: Keldeo|100/100 slp|[from] item: Leftovers
|-heal|p2a: Amoonguss|25/100|[from] item: Black Sludge
|upkeep
|turn|24
|
|t:|1650837297
|cant|p1a: Keldeo|slp
|move|p2a: Amoonguss|Synthesis|p2a: Amoonguss
|-heal|p2a: Amoonguss|75/100
|
|-heal|p2a: Amoonguss|82/100|[from] item: Black Sludge
|upkeep
|turn|25
|
|t:|1650837302
|cant|p1a: Keldeo|slp
|move|p2a: Amoonguss|Clear Smog|p1a: Keldeo
|-damage|p1a: Keldeo|88/100 slp
|-clearboost|p1a: Keldeo
|
|-heal|p1a: Keldeo|94/100 slp|[from] item: Leftovers
|-heal|p2a: Amoonguss|88/100|[from] item: Black Sludge
|upkeep
|turn|26
|
|t:|1650837308
|cant|p1a: Keldeo|slp
|move|p2a: Amoonguss|Giga Drain|p1a: Keldeo
|-supereffective|p1a: Keldeo
|-damage|p1a: Keldeo|44/100 slp
|-heal|p2a: Amoonguss|100/100|[from] drain|[of] p1a: Keldeo
|
|-heal|p1a: Keldeo|50/100 slp|[from] item: Leftovers
|upkeep
|turn|27
|j| heartstopper vito
|
|t:|1650837317
|switch|p1a: Necrozma|Necrozma|100/100
|move|p2a: Amoonguss|Spore|p1a: Necrozma
|-message|Sleep Clause Mod activated.
|
|upkeep
|turn|28
|
|t:|1650837323
|switch|p2a: Chansey|Chansey, F|100/100
|move|p1a: Necrozma|Dragon Dance|p1a: Necrozma
|-boost|p1a: Necrozma|atk|1
|-boost|p1a: Necrozma|spe|1
|
|upkeep
|turn|29
|
|t:|1650837330
|switch|p2a: Skarmory|Skarmory, M|100/100
|move|p1a: Necrozma|Photon Geyser|p2a: Skarmory
|-resisted|p2a: Skarmory
|-damage|p2a: Skarmory|78/100
|
|-heal|p2a: Skarmory|84/100|[from] item: Leftovers
|upkeep
|turn|30
|
|t:|1650837334
|move|p1a: Necrozma|Heat Wave|p2a: Skarmory
|-supereffective|p2a: Skarmory
|-damage|p2a: Skarmory|13/100
|move|p2a: Skarmory|Roar|p1a: Necrozma
|drag|p1a: Hydreigon|Hydreigon, F|33/100 tox
|
|-heal|p2a: Skarmory|19/100|[from] item: Leftovers
|-damage|p1a: Hydreigon|27/100 tox|[from] psn
|upkeep
|turn|31
|
|t:|1650837343
|switch|p2a: Chansey|Chansey, F|100/100
|move|p1a: Hydreigon|Dark Pulse|p2a: Chansey
|-damage|p2a: Chansey|85/100
|-damage|p1a: Hydreigon|17/100 tox|[from] item: Life Orb
|
|-damage|p1a: Hydreigon|4/100 tox|[from] psn
|upkeep
|turn|32
|
|t:|1650837349
|switch|p1a: Hitmonlee|Hitmonlee, M|28/100
|move|p2a: Chansey|Stealth Rock|p1a: Hitmonlee
|-sidestart|p1: Eazigzagoon|move: Stealth Rock
|
|upkeep
|turn|33
|c|☆lightskin avenger|this is torture
|
|t:|1650837360
|switch|p1a: Necrozma|Necrozma|100/100
|-damage|p1a: Necrozma|88/100|[from] Stealth Rock
|switch|p2a: Amoonguss|Amoonguss, M|100/100
|
|upkeep
|turn|34
|
|t:|1650837370
|switch|p2a: Chansey|Chansey, F|85/100
|move|p1a: Necrozma|Dragon Dance|p1a: Necrozma
|-boost|p1a: Necrozma|atk|1
|-boost|p1a: Necrozma|spe|1
|
|upkeep
|turn|35
|
|t:|1650837372
|move|p1a: Necrozma|Photon Geyser|p2a: Chansey
|-damage|p2a: Chansey|36/100
|move|p2a: Chansey|Toxic|p1a: Necrozma
|-status|p1a: Necrozma|tox
|
|-damage|p1a: Necrozma|82/100 tox|[from] psn
|upkeep
|turn|36
|
|t:|1650837379
|switch|p2a: Skarmory|Skarmory, M|19/100
|move|p1a: Necrozma|Photon Geyser|p2a: Skarmory
|-resisted|p2a: Skarmory
|-damage|p2a: Skarmory|0 fnt
|faint|p2a: Skarmory
|
|-damage|p1a: Necrozma|70/100 tox|[from] psn
|upkeep
|
|t:|1650837381
|switch|p2a: Suicune|Suicune|14/100
|-ability|p2a: Suicune|Pressure
|turn|37
|
|t:|1650837383
|move|p2a: Suicune|Protect|p2a: Suicune
|-singleturn|p2a: Suicune|Protect
|move|p1a: Necrozma|Photon Geyser|p2a: Suicune
|-activate|p2a: Suicune|move: Protect
|
|-heal|p2a: Suicune|20/100|[from] item: Leftovers
|-damage|p1a: Necrozma|52/100 tox|[from] psn
|upkeep
|turn|38
|
|t:|1650837388
|switch|p2a: Quagsire|Quagsire, F|26/100
|move|p1a: Necrozma|Photon Geyser|p2a: Quagsire
|-damage|p2a: Quagsire|0 fnt
|faint|p2a: Quagsire
|
|-damage|p1a: Necrozma|29/100 tox|[from] psn
|upkeep
|
|t:|1650837389
|switch|p2a: Suicune|Suicune|20/100
|-ability|p2a: Suicune|Pressure
|turn|39
|
|t:|1650837394
|switch|p1a: Hitmonlee|Hitmonlee, M|28/100
|-damage|p1a: Hitmonlee|22/100|[from] Stealth Rock
|move|p2a: Suicune|Protect||[still]
|-fail|p2a: Suicune
|
|-heal|p2a: Suicune|26/100|[from] item: Leftovers
|upkeep
|turn|40
|
|t:|1650837398
|switch|p2a: Amoonguss|Amoonguss, M|100/100
|move|p1a: Hitmonlee|Close Combat|p2a: Amoonguss
|-resisted|p2a: Amoonguss
|-damage|p2a: Amoonguss|67/100
|-unboost|p1a: Hitmonlee|def|1
|-unboost|p1a: Hitmonlee|spd|1
|
|-heal|p2a: Amoonguss|73/100|[from] item: Black Sludge
|upkeep
|turn|41
|
|t:|1650837408
|move|p1a: Hitmonlee|Knock Off|p2a: Amoonguss
|-damage|p2a: Amoonguss|38/100
|-enditem|p2a: Amoonguss|Black Sludge|[from] move: Knock Off|[of] p1a: Hitmonlee
|move|p2a: Amoonguss|Giga Drain|p1a: Hitmonlee
|-damage|p1a: Hitmonlee|0 fnt
|-heal|p2a: Amoonguss|45/100|[from] drain|[of] p1a: Hitmonlee
|faint|p1a: Hitmonlee
|
|upkeep
|
|t:|1650837417
|switch|p1a: Cloyster|Cloyster, M|100/100
|-damage|p1a: Cloyster|76/100|[from] Stealth Rock
|turn|42
|
|t:|1650837421
|move|p1a: Cloyster|Icicle Spear|p2a: Amoonguss
|-supereffective|p2a: Amoonguss
|-damage|p2a: Amoonguss|24/100
|-supereffective|p2a: Amoonguss
|-damage|p2a: Amoonguss|3/100
|-supereffective|p2a: Amoonguss
|-damage|p2a: Amoonguss|0 fnt
|faint|p2a: Amoonguss
|-hitcount|p2: Amoonguss|3
|
|upkeep
|
|t:|1650837422
|switch|p2a: Suicune|Suicune|26/100
|-ability|p2a: Suicune|Pressure
|turn|43
|
|t:|1650837427
|move|p2a: Suicune|Scald|p1a: Cloyster
|-resisted|p1a: Cloyster
|-damage|p1a: Cloyster|43/100
|-status|p1a: Cloyster|brn
|move|p1a: Cloyster|Shell Smash|p1a: Cloyster
|-unboost|p1a: Cloyster|def|1
|-unboost|p1a: Cloyster|spd|1
|-boost|p1a: Cloyster|atk|2
|-boost|p1a: Cloyster|spa|2
|-boost|p1a: Cloyster|spe|2
|
|-heal|p2a: Suicune|33/100|[from] item: Leftovers
|-damage|p1a: Cloyster|37/100 brn|[from] brn
|upkeep
|turn|44
|
|t:|1650837431
|move|p2a: Suicune|Protect|p2a: Suicune
|-singleturn|p2a: Suicune|Protect
|move|p1a: Cloyster|Rock Blast|p2a: Suicune
|-activate|p2a: Suicune|move: Protect
|
|-heal|p2a: Suicune|39/100|[from] item: Leftovers
|-damage|p1a: Cloyster|30/100 brn|[from] brn
|upkeep
|turn|45
|
|t:|1650837435
|move|p1a: Cloyster|Rock Blast|p2a: Suicune
|-damage|p2a: Suicune|33/100
|-damage|p2a: Suicune|28/100
|-damage|p2a: Suicune|22/100
|-damage|p2a: Suicune|17/100
|-damage|p2a: Suicune|11/100
|-hitcount|p2a: Suicune|5
|move|p2a: Suicune|Scald|p1a: Cloyster
|-resisted|p1a: Cloyster
|-damage|p1a: Cloyster|0 fnt
|faint|p1a: Cloyster
|
|-heal|p2a: Suicune|17/100|[from] item: Leftovers
|upkeep
|
|t:|1650837443
|switch|p1a: Keldeo|Keldeo-Resolute|50/100 slp
|-damage|p1a: Keldeo|44/100 slp|[from] Stealth Rock
|turn|46
|
|t:|1650837446
|-curestatus|p1a: Keldeo|slp|[msg]
|move|p1a: Keldeo|Secret Sword|p2a: Suicune
|-damage|p2a: Suicune|0 fnt
|faint|p2a: Suicune
|
|-heal|p1a: Keldeo|50/100|[from] item: Leftovers
|upkeep
|
|t:|1650837447
|switch|p2a: Chansey|Chansey, F|36/100
|turn|47
|-message|lightskin avenger forfeited.
|
|win|Eazigzagoon
|raw|Eazigzagoon's rating: 1402 &rarr; <strong>1416</strong><br />(+14 for winning)
|raw|lightskin avenger's rating: 1303 &rarr; <strong>1289</strong><br />(-14 for losing)
|l|☆lightskin avenger
||Ladder isn't responding, score probably updated but might not have (Request timeout).
