|j|☆Enzero23
|j|☆Firquen
|player|p1|Enzero23|caitlin|1327
|player|p2|Firquen|benga|1228
|teamsize|p1|6
|teamsize|p2|6
|gametype|singles
|gen|8
|tier|[Gen 8] UU
|rated|
|clearpoke
|poke|p1|Frosmoth, F|
|poke|p1|Noivern, F|
|poke|p1|Arcanine, M|
|poke|p1|Bronzong|
|poke|p1|Tsareena, F|
|poke|p1|Blastoise, F|
|poke|p2|Heliolisk, F|
|poke|p2|Bronzong|
|poke|p2|Chandelure, F|
|poke|p2|Golisopod, F|
|poke|p2|Noivern, F|
|poke|p2|Haxorus, M|
|rule|Sleep Clause Mod: Limit one foe put to sleep
|rule|Species Clause: Limit one of each Pokémon
|rule|OHKO Clause: OHKO moves are banned
|rule|Evasion Moves Clause: Evasion moves are banned
|rule|Endless Battle Clause: Forcing endless battles is banned
|rule|HP Percentage Mod: HP is shown in percentages
|rule|Dynamax Clause: You cannot dynamax
|teampreview
|inactive|Battle timer is ON: inactive players will automatically lose when time's up. (requested by Enzero23)
|
|start
|switch|p1a: François|Noivern, F|100/100
|switch|p2a: Bronzong|Bronzong|100/100
|turn|1
|
|move|p1a: François|Flamethrower|p2a: Bronzong
|-supereffective|p2a: Bronzong
|-damage|p2a: Bronzong|51/100
|move|p2a: Bronzong|Stealth Rock|p1a: François
|-sidestart|p1: Enzero23|move: Stealth Rock
|
|-heal|p2a: Bronzong|58/100|[from] item: Leftovers
|upkeep
|turn|2
|
|move|p1a: François|Flamethrower|p2a: Bronzong
|-supereffective|p2a: Bronzong
|-damage|p2a: Bronzong|11/100
|move|p2a: Bronzong|Toxic|p1a: François|[miss]
|-miss|p2a: Bronzong|p1a: François
|
|-heal|p2a: Bronzong|17/100|[from] item: Leftovers
|upkeep
|turn|3
|
|move|p1a: François|Flamethrower|p2a: Bronzong
|-supereffective|p2a: Bronzong
|-damage|p2a: Bronzong|0 fnt
|faint|p2a: Bronzong
|
|upkeep
|
|switch|p2a: Noivern|Noivern, F|100/100
|turn|4
|
|switch|p1a: Evelyne|Frosmoth, F|100/100
|move|p2a: Noivern|Draco Meteor|p1a: Evelyne
|-damage|p1a: Evelyne|61/100
|-unboost|p2a: Noivern|spa|2
|
|upkeep
|turn|5
|
|switch|p1a: Patrick|Blastoise, F|100/100
|-damage|p1a: Patrick|88/100|[from] Stealth Rock
|move|p2a: Noivern|U-turn|p1a: Patrick
|-damage|p1a: Patrick|76/100
|
|switch|p2a: Heliolisk|Heliolisk, F|100/100|[from]move: U-turn
|
|upkeep
|turn|6
|
|switch|p1a: Stéphanie|Tsareena, F|100/100
|-damage|p1a: Stéphanie|88/100|[from] Stealth Rock
|move|p2a: Heliolisk|Volt Switch|p1a: Stéphanie
|-resisted|p1a: Stéphanie
|-damage|p1a: Stéphanie|59/100
|
|switch|p2a: Chandelure|Chandelure, F|100/100|[from]move: Volt Switch
|
|upkeep
|turn|7
|
|switch|p1a: Pascal|Arcanine, M|100/100
|-damage|p1a: Pascal|76/100|[from] Stealth Rock
|-ability|p1a: Pascal|Intimidate|boost
|-unboost|p2a: Chandelure|atk|1
|move|p2a: Chandelure|Shadow Ball|p1a: Pascal
|-damage|p1a: Pascal|39/100
|
|upkeep
|turn|8
|
|move|p2a: Chandelure|Shadow Ball|p1a: Pascal
|-damage|p1a: Pascal|0 fnt
|faint|p1a: Pascal
|
|upkeep
|
|switch|p1a: François|Noivern, F|100/100
|-damage|p1a: François|76/100|[from] Stealth Rock
|turn|9
|
|move|p2a: Chandelure|Shadow Ball|p1a: François
|-damage|p1a: François|17/100
|move|p1a: François|Draco Meteor|p2a: Chandelure|[miss]
|-miss|p1a: François|p2a: Chandelure
|
|upkeep
|turn|10
|c|☆Enzero23|Noir
|c|☆Enzero23|Noo
|c|☆Firquen|:c
|c|☆Firquen|Pas cool mec
|inactive|Enzero23 has 120 seconds left.
|
|switch|p1a: Evelyne|Frosmoth, F|61/100
|move|p2a: Chandelure|Shadow Ball|p1a: Evelyne
|-damage|p1a: Evelyne|32/100
|-unboost|p1a: Evelyne|spd|1
|
|upkeep
|turn|11
|inactive|Enzero23 has 120 seconds left.
|
|move|p2a: Chandelure|Shadow Ball|p1a: Evelyne
|-damage|p1a: Evelyne|0 fnt
|faint|p1a: Evelyne
|
|upkeep
|inactive|Enzero23 has 120 seconds left.
|
|switch|p1a: Stéphanie|Tsareena, F|59/100
|-damage|p1a: Stéphanie|47/100|[from] Stealth Rock
|turn|12
|
|move|p2a: Chandelure|Shadow Ball|p1a: Stéphanie
|-damage|p1a: Stéphanie|0 fnt
|faint|p1a: Stéphanie
|
|upkeep
|-message|Enzero23 forfeited.
|
|win|Firquen
|l|☆Enzero23
|raw|Enzero23's rating: 1328 &rarr; <strong>1302</strong><br />(-26 for losing)
|raw|Firquen's rating: 1228 &rarr; <strong>1260</strong><br />(+32 for winning)
