|j|☆Micciu20250
|j|☆Sirwings
|t:|1663532474
|gametype|singles
|player|p1|Micciu20250|kris-masters|
|player|p2|Sirwings|#npl2022ballermannbierbaren|
|teamsize|p1|6
|teamsize|p2|6
|gen|8
|tier|[Gen 8] UU
|rule|Sleep Clause Mod: Limit one foe put to sleep
|rule|Species Clause: Limit one of each Pokémon
|rule|OHKO Clause: OHKO moves are banned
|rule|Evasion Items Clause: Evasion items are banned
|rule|Evasion Moves Clause: Evasion moves are banned
|rule|Endless Battle Clause: Forcing endless battles is banned
|rule|HP Percentage Mod: HP is shown in percentages
|rule|Dynamax Clause: You cannot dynamax
|clearpoke
|poke|p1|Chandelure, F|
|poke|p1|Rotom-Wash|
|poke|p1|Tangrowth, M|
|poke|p1|Crobat, M|
|poke|p1|Cobalion|
|poke|p1|Krookodile, F|
|poke|p2|Scizor, M|
|poke|p2|Nihilego|
|poke|p2|Krookodile, F|
|poke|p2|Primarina, F|
|poke|p2|Amoonguss, F|
|poke|p2|Salamence, F|
|teampreview
|c|☆Micciu20250|hf
|c|☆Sirwings|/log Sirwings made this room public.
|c|☆Sirwings|hf
|j| Phxo'
|j| Student of Sinnoh
|l|☆Sirwings
|player|p2|
|j| Simia Brasse
|j| Profdesinnoh
|j| Skyrio
|c| Phxo'|MICCIU
|j| RichardMillePlain
|j| Zokuru
|j| Menacce17
|c| Simia Brasse|LET'S GO MICCIU
|j| Cherbou
|j|+Dragonillis
|j| lulu qlf
|j| Shoka
|j| Givra no bi ☯
|inactive|Battle timer is ON: inactive players will automatically lose when time's up. (requested by Micciu20250)
|j| palapapop
|j|☆Sirwings
|inactive|Sirwings reconnected and has 300 seconds left.
|player|p2|Sirwings|#npl2022ballermannbierbaren
|j| Boulicrok
|c| Profdesinnoh|Désolé Sirwings mais je dois run pour mon poulain
|j| PokemonCestDur
|j| Drafeu-kun
|j| DonSalvatore
|j| Osake
|j| Adri
|j| Shimosa
|c| DonSalvatore|SIRWINGS
|j|@ironwater
|j| BlessyZ
|c| Profdesinnoh|Ça me dégoûte tout autant que toi de soutenir un weeb pareil
|j| Galette so6
|inactive|Micciu20250 has 270 seconds left.
|c| Drafeu-kun|VAS Y SIRWINGS LE FRERE DES OURS
|c|☆Sirwings|tst pds
|c|☆Sirwings|*tqt
|j| OmBrArch
|j| Fainarurasshu
|j| accelerateurs
|j| Skilpad
|inactive|Micciu20250 has 240 seconds left.
|j|%Clementine
|j| Jeza.p
|j|+kino
|j| Hgtrgv
|c|%Clementine|MICHOU
|j|+Tuthur
|inactive|Micciu20250 has 210 seconds left.
|
|t:|1663532609
|start
|switch|p1a: LGN_FortNite|Crobat, M|100/100
|switch|p2a: Plu|Amoonguss, F|100/100
|turn|1
|c|+Tuthur|~~0-7~~
|inactive|Micciu20250 has 270 seconds left.
|c| Cherbou|Comment ca
|c| Cherbou|Lgn
|c| Cherbou|Fortnite
|c| Galette so6|La pression
|j| DL Ecca
|j| PandaDoux♥♡㋛★✩
|inactive|Micciu20250 has 240 seconds left.
|j| Beka ❤
|c| Galette so6|Est palpable
|c|+kino|le crobat c'est pour re 0-7 c'est ça ?
|c| PandaDoux♥♡㋛★✩|aller logan
|c|+kino|bon call
|
|t:|1663532671
|move|p1a: LGN_FortNite|U-turn|p2a: Plu
|-damage|p2a: Plu|90/100
|-damage|p1a: LGN_FortNite|84/100|[from] item: Rocky Helmet|[of] p2a: Plu
|l| Adri
|j| Inder
|c| Beka ❤|Pourquoi y a Logan
|
|t:|1663532678
|switch|p1a: Chandy Boucher|Krookodile, F|100/100|[from]move: U-turn
|-ability|p1a: Chandy Boucher|Intimidate|boost
|-unboost|p2a: Plu|atk|1
|move|p2a: Plu|Foul Play|p1a: Chandy Boucher
|-resisted|p1a: Chandy Boucher
|-damage|p1a: Chandy Boucher|89/100
|
|-heal|p1a: Chandy Boucher|95/100|[from] item: Leftovers
|upkeep
|turn|2
|c| Beka ❤|Pourquoi ça doxx
|l| Jeza.p
|c| Cherbou|Logan est partout bordel
|c| Beka ❤|Mdrrr
|
|t:|1663532691
|move|p1a: Chandy Boucher|Stealth Rock|p2a: Plu
|-sidestart|p2: Sirwings|move: Stealth Rock
|move|p2a: Plu|Spore|p1a: Chandy Boucher
|-status|p1a: Chandy Boucher|slp|[from] move: Spore
|
|-heal|p1a: Chandy Boucher|100/100 slp|[from] item: Leftovers
|upkeep
|turn|3
|c| Cherbou|MDR
|c| Cherbou|Ces nicks
|c| Cherbou|Je chiale
|j| Zephyyyr
|j| gr0ny
|c|+kino|attends
|
|t:|1663532708
|switch|p1a: LGN_FortNite|Crobat, M|84/100
|switch|p2a: Vous|Krookodile, F|100/100
|-damage|p2a: Vous|94/100|[from] Stealth Rock
|-ability|p2a: Vous|Intimidate|boost
|-fail|p1a: LGN_FortNite|unboost|Attack|[from] ability: Inner Focus|[of] p1a: LGN_FortNite
|
|upkeep
|turn|4
|c|+kino|les prochains c'est l'adresse
|c|+kino|où c comment
|j| nempre
|inactive|Micciu20250 has 240 seconds left.
|l| nempre
|l| gr0ny
|n| Cabrel|clementine
|
|t:|1663532752
|switch|p1a: Chandy Boucher|Krookodile, F|100/100 slp
|-ability|p1a: Chandy Boucher|Intimidate|boost
|-unboost|p2a: Vous|atk|1
|move|p2a: Vous|Knock Off|p1a: Chandy Boucher
|-resisted|p1a: Chandy Boucher
|-damage|p1a: Chandy Boucher|87/100 slp
|-enditem|p1a: Chandy Boucher|Leftovers|[from] move: Knock Off|[of] p2a: Vous
|
|upkeep
|turn|5
|n|%Clementine|cabrel
|l| Fainarurasshu
|
|t:|1663532759
|switch|p2a: Plu|Amoonguss, F|100/100
|-damage|p2a: Plu|88/100|[from] Stealth Rock
|switch|p1a: Boubou|Rotom-Wash|100/100
|
|upkeep
|turn|6
|
|t:|1663532767
|move|p1a: Boubou|Volt Switch|p2a: Plu
|-resisted|p2a: Plu
|-damage|p2a: Plu|76/100
|c| Galette so6|Bjr Miccieur
|
|t:|1663532769
|switch|p1a: LGN_FortNite|Crobat, M|84/100|[from]move: Volt Switch
|move|p2a: Plu|Seed Bomb|p1a: LGN_FortNite
|-resisted|p1a: LGN_FortNite
|-damage|p1a: LGN_FortNite|78/100
|
|upkeep
|turn|7
|inactive|Micciu20250 has 210 seconds left.
|inactive|Sirwings has 270 seconds left.
|
|t:|1663532811
|switch|p2a: J'espère|Scizor, M|100/100
|move|p1a: LGN_FortNite|U-turn|p2a: J'espère
|-resisted|p2a: J'espère
|-damage|p2a: J'espère|94/100
|
|t:|1663532814
|switch|p1a: Cherboucher|Chandelure, F|100/100|[from]move: U-turn
|
|upkeep
|turn|8
|inactive|Sirwings has 270 seconds left.
|inactive|Micciu20250 has 210 seconds left.
|j|+earth
|
|t:|1663532829
|switch|p2a: Ont|Primarina, F|100/100
|-damage|p2a: Ont|88/100|[from] Stealth Rock
|move|p1a: Cherboucher|Shadow Ball|p2a: Ont
|-damage|p2a: Ont|58/100
|
|-heal|p2a: Ont|64/100|[from] item: Leftovers
|upkeep
|turn|9
|inactive|Micciu20250 has 210 seconds left.
|inactive|Sirwings has 270 seconds left.
|j| Masskeauuu
|j| TomatoZause
|l| TomatoZause
|j| Fainarurasshu
|
|t:|1663532866
|switch|p1a: Boubou|Rotom-Wash|100/100
|switch|p2a: Sue les PRs|Nihilego|100/100
|-damage|p2a: Sue les PRs|88/100|[from] Stealth Rock
|
|upkeep
|turn|10
|
|t:|1663532871
|switch|p1a: Boubouland|Cobalion|100/100
|move|p2a: Sue les PRs|Meteor Beam||[still]
|-prepare|p2a: Sue les PRs|Meteor Beam
|-boost|p2a: Sue les PRs|spa|1
|-enditem|p2a: Sue les PRs|Power Herb
|-anim|p2a: Sue les PRs|Meteor Beam|p1a: Boubouland
|-resisted|p1a: Boubouland
|-damage|p1a: Boubouland|68/100
|
|-heal|p1a: Boubouland|74/100|[from] item: Leftovers
|upkeep
|turn|11
|inactive|Sirwings has 270 seconds left.
|
|t:|1663532880
|switch|p2a: !|Salamence, F|100/100
|-ability|p2a: !|Intimidate|boost
|-unboost|p1a: Boubouland|atk|1
|move|p1a: Boubouland|Swords Dance|p1a: Boubouland
|-boost|p1a: Boubouland|atk|2
|
|-heal|p1a: Boubouland|81/100|[from] item: Leftovers
|upkeep
|turn|12
|c|%Clementine|sue
|inactive|Sirwings has 270 seconds left.
|j| Jeza.p
|
|t:|1663532901
|switch|p1a: Boubou|Rotom-Wash|100/100
|move|p2a: !|Flamethrower|p1a: Boubou
|-resisted|p1a: Boubou
|-damage|p1a: Boubou|89/100
|
|-heal|p1a: Boubou|95/100|[from] item: Leftovers
|upkeep
|turn|13
|
|t:|1663532908
|move|p2a: !|Defog|p1a: Boubou
|-unboost|p1a: Boubou|evasion|1
|-sideend|p2: Sirwings|Stealth Rock|[from] move: Defog|[of] p2a: !
|move|p1a: Boubou|Will-O-Wisp|p2a: !
|-status|p2a: !|brn
|
|-heal|p1a: Boubou|100/100|[from] item: Leftovers
|-damage|p2a: !|94/100 brn|[from] brn
|upkeep
|turn|14
|
|t:|1663532912
|move|p2a: !|Draco Meteor|p1a: Boubou
|-damage|p1a: Boubou|50/100
|-unboost|p2a: !|spa|2
|move|p1a: Boubou|Volt Switch|p2a: !
|-damage|p2a: !|68/100 brn
|inactive|Micciu20250 has 210 seconds left.
|
|t:|1663532919
|switch|p1a: Cherboucher|Chandelure, F|100/100|[from]move: Volt Switch
|
|-damage|p2a: !|61/100 brn|[from] brn
|upkeep
|turn|15
|
|t:|1663532928
|switch|p2a: Sue les PRs|Nihilego|88/100
|move|p1a: Cherboucher|Energy Ball|p2a: Sue les PRs
|-damage|p2a: Sue les PRs|62/100
|
|upkeep
|turn|16
|
|t:|1663532940
|switch|p2a: Vous|Krookodile, F|94/100
|-ability|p2a: Vous|Intimidate|boost
|-unboost|p1a: Cherboucher|atk|1
|switch|p1a: Boubouland|Cobalion|81/100
|
|-heal|p1a: Boubouland|87/100|[from] item: Leftovers
|upkeep
|turn|17
|
|t:|1663532945
|switch|p1a: Chandy Boucher|Krookodile, F|87/100 slp
|-ability|p1a: Chandy Boucher|Intimidate|boost
|-unboost|p2a: Vous|atk|1
|move|p2a: Vous|Stealth Rock|p1a: Chandy Boucher
|-sidestart|p1: Micciu20250|move: Stealth Rock
|
|upkeep
|turn|18
|
|t:|1663532954
|switch|p2a: Ont|Primarina, F|64/100
|cant|p1a: Chandy Boucher|slp
|
|-heal|p2a: Ont|70/100|[from] item: Leftovers
|upkeep
|turn|19
|l| Galette so6
|
|t:|1663532958
|switch|p1a: Cherbouboulot|Tangrowth, M|100/100
|-damage|p1a: Cherbouboulot|88/100|[from] Stealth Rock
|move|p2a: Ont|Scald|p1a: Cherbouboulot
|-resisted|p1a: Cherbouboulot
|-damage|p1a: Cherbouboulot|78/100
|
|-heal|p2a: Ont|76/100|[from] item: Leftovers
|upkeep
|turn|20
|
|t:|1663532962
|switch|p2a: Plu|Amoonguss, F|100/100
|move|p1a: Cherbouboulot|Knock Off|p2a: Plu
|-damage|p2a: Plu|84/100
|-damage|p1a: Cherbouboulot|61/100|[from] item: Rocky Helmet|[of] p2a: Plu
|-enditem|p2a: Plu|Rocky Helmet|[from] move: Knock Off|[of] p1a: Cherbouboulot
|
|upkeep
|turn|21
|j| Galette so6
|c| Inder|oauh c'est quoi ces nicks
|inactive|Sirwings has 270 seconds left.
|
|t:|1663532993
|switch|p1a: LGN_FortNite|Crobat, M|78/100
|switch|p2a: !|Salamence, F|61/100 brn
|-ability|p2a: !|Intimidate|boost
|-fail|p1a: LGN_FortNite|unboost|Attack|[from] ability: Inner Focus|[of] p1a: LGN_FortNite
|
|-damage|p2a: !|55/100 brn|[from] brn
|upkeep
|turn|22
|
|t:|1663533001
|move|p1a: LGN_FortNite|Taunt|p2a: !
|-start|p2a: !|move: Taunt
|move|p2a: !|Draco Meteor|p1a: LGN_FortNite
|-damage|p1a: LGN_FortNite|21/100
|-unboost|p2a: !|spa|2
|
|-damage|p2a: !|49/100 brn|[from] brn
|upkeep
|turn|23
|
|t:|1663533006
|switch|p2a: Vous|Krookodile, F|94/100
|-ability|p2a: Vous|Intimidate|boost
|-fail|p1a: LGN_FortNite|unboost|Attack|[from] ability: Inner Focus|[of] p1a: LGN_FortNite
|move|p1a: LGN_FortNite|Roost|p1a: LGN_FortNite
|-heal|p1a: LGN_FortNite|71/100
|-singleturn|p1a: LGN_FortNite|move: Roost
|
|upkeep
|turn|24
|
|t:|1663533010
|switch|p1a: Chandy Boucher|Krookodile, F|87/100 slp
|-damage|p1a: Chandy Boucher|81/100 slp|[from] Stealth Rock
|-ability|p1a: Chandy Boucher|Intimidate|boost
|-unboost|p2a: Vous|atk|1
|move|p2a: Vous|Knock Off|p1a: Chandy Boucher
|-resisted|p1a: Chandy Boucher
|-damage|p1a: Chandy Boucher|71/100 slp
|
|upkeep
|turn|25
|
|t:|1663533016
|switch|p2a: Ont|Primarina, F|76/100
|cant|p1a: Chandy Boucher|slp
|
|-heal|p2a: Ont|82/100|[from] item: Leftovers
|upkeep
|turn|26
|
|t:|1663533020
|switch|p1a: Cherbouboulot|Tangrowth, M|94/100
|-damage|p1a: Cherbouboulot|82/100|[from] Stealth Rock
|move|p2a: Ont|Scald|p1a: Cherbouboulot
|-resisted|p1a: Cherbouboulot
|-damage|p1a: Cherbouboulot|71/100
|
|-heal|p2a: Ont|88/100|[from] item: Leftovers
|upkeep
|turn|27
|j| Welli0u
|
|t:|1663533032
|switch|p1a: LGN_FortNite|Crobat, M|71/100
|move|p2a: Ont|Scald|p1a: LGN_FortNite
|-damage|p1a: LGN_FortNite|27/100
|
|-heal|p2a: Ont|94/100|[from] item: Leftovers
|upkeep
|turn|28
|
|t:|1663533037
|move|p1a: LGN_FortNite|U-turn|p2a: Ont
|-resisted|p2a: Ont
|-damage|p2a: Ont|85/100
|
|t:|1663533038
|switch|p1a: Cherbouboulot|Tangrowth, M|100/100|[from]move: U-turn
|-damage|p1a: Cherbouboulot|88/100|[from] Stealth Rock
|move|p2a: Ont|Scald|p1a: Cherbouboulot
|-resisted|p1a: Cherbouboulot
|-damage|p1a: Cherbouboulot|77/100
|
|-heal|p2a: Ont|91/100|[from] item: Leftovers
|upkeep
|turn|29
|l| Welli0u
|
|t:|1663533052
|switch|p2a: J'espère|Scizor, M|94/100
|move|p1a: Cherbouboulot|Sludge Bomb|p2a: J'espère
|-immune|p2a: J'espère
|
|upkeep
|turn|30
|
|t:|1663533062
|switch|p1a: Chandy Boucher|Krookodile, F|71/100 slp
|-damage|p1a: Chandy Boucher|65/100 slp|[from] Stealth Rock
|-ability|p1a: Chandy Boucher|Intimidate|boost
|-unboost|p2a: J'espère|atk|1
|move|p2a: J'espère|Knock Off|p1a: Chandy Boucher
|-resisted|p1a: Chandy Boucher
|-damage|p1a: Chandy Boucher|58/100 slp
|
|upkeep
|turn|31
|
|t:|1663533066
|-curestatus|p1a: Chandy Boucher|slp|[msg]
|move|p1a: Chandy Boucher|Stealth Rock|p2a: J'espère
|-sidestart|p2: Sirwings|move: Stealth Rock
|move|p2a: J'espère|Swords Dance|p2a: J'espère
|-boost|p2a: J'espère|atk|2
|
|upkeep
|turn|32
|
|t:|1663533071
|switch|p1a: Boubouland|Cobalion|87/100
|-damage|p1a: Boubouland|84/100|[from] Stealth Rock
|move|p2a: J'espère|Bullet Punch|p1a: Boubouland
|-resisted|p1a: Boubouland
|-damage|p1a: Boubouland|66/100
|
|-heal|p1a: Boubouland|72/100|[from] item: Leftovers
|upkeep
|turn|33
|
|t:|1663533074
|move|p1a: Boubouland|Swords Dance|p1a: Boubouland
|-boost|p1a: Boubouland|atk|2
|move|p2a: J'espère|Knock Off|p1a: Boubouland
|-resisted|p1a: Boubouland
|-damage|p1a: Boubouland|52/100
|-ability|p1a: Boubouland|Justified|boost
|-boost|p1a: Boubouland|atk|1
|-enditem|p1a: Boubouland|Leftovers|[from] move: Knock Off|[of] p2a: J'espère
|
|upkeep
|turn|34
|j| doubledgedsword
|j| Draphirion
|
|t:|1663533103
|switch|p2a: Plu|Amoonguss, F|100/100
|-damage|p2a: Plu|88/100|[from] Stealth Rock
|move|p1a: Boubouland|Megahorn|p2a: Plu
|-damage|p2a: Plu|32/100
|
|upkeep
|turn|35
|l| Fainarurasshu
|l| doubledgedsword
|inactive|Micciu20250 has 270 seconds left.
|
|t:|1663533121
|switch|p2a: Ont|Primarina, F|91/100
|-damage|p2a: Ont|79/100|[from] Stealth Rock
|move|p1a: Boubouland|Close Combat|p2a: Ont
|-resisted|p2a: Ont
|-damage|p2a: Ont|12/100
|-unboost|p1a: Boubouland|def|1
|-unboost|p1a: Boubouland|spd|1
|
|-heal|p2a: Ont|18/100|[from] item: Leftovers
|upkeep
|turn|36
|
|t:|1663533126
|move|p1a: Boubouland|Close Combat|p2a: Ont
|-resisted|p2a: Ont
|-damage|p2a: Ont|0 fnt
|-unboost|p1a: Boubouland|def|1
|-unboost|p1a: Boubouland|spd|1
|faint|p2a: Ont
|
|upkeep
|
|t:|1663533130
|switch|p2a: Vous|Krookodile, F|94/100
|-damage|p2a: Vous|88/100|[from] Stealth Rock
|-ability|p2a: Vous|Intimidate|boost
|-unboost|p1a: Boubouland|atk|1
|turn|37
|j| Fainarurasshu
|
|t:|1663533138
|switch|p1a: Cherbouboulot|Tangrowth, M|100/100
|-damage|p1a: Cherbouboulot|88/100|[from] Stealth Rock
|move|p2a: Vous|Earthquake|p1a: Cherbouboulot
|-resisted|p1a: Cherbouboulot
|-damage|p1a: Cherbouboulot|71/100
|
|upkeep
|turn|38
|
|t:|1663533144
|switch|p2a: J'espère|Scizor, M|94/100
|switch|p1a: LGN_FortNite|Crobat, M|27/100
|
|upkeep
|turn|39
|
|t:|1663533151
|switch|p1a: Chandy Boucher|Krookodile, F|58/100
|-damage|p1a: Chandy Boucher|52/100|[from] Stealth Rock
|-ability|p1a: Chandy Boucher|Intimidate|boost
|-unboost|p2a: J'espère|atk|1
|move|p2a: J'espère|Swords Dance|p2a: J'espère
|-boost|p2a: J'espère|atk|2
|
|upkeep
|turn|40
|
|t:|1663533161
|move|p2a: J'espère|Bullet Punch|p1a: Chandy Boucher
|-damage|p1a: Chandy Boucher|9/100
|move|p1a: Chandy Boucher|Earthquake|p2a: J'espère
|-damage|p2a: J'espère|63/100
|
|upkeep
|turn|41
|
|t:|1663533170
|switch|p1a: Cherboucher|Chandelure, F|100/100
|move|p2a: J'espère|Roost|p2a: J'espère
|-heal|p2a: J'espère|100/100
|-singleturn|p2a: J'espère|move: Roost
|
|upkeep
|turn|42
|
|t:|1663533174
|switch|p2a: Sue les PRs|Nihilego|62/100
|-damage|p2a: Sue les PRs|50/100|[from] Stealth Rock
|move|p1a: Cherboucher|Flamethrower|p2a: Sue les PRs
|-resisted|p2a: Sue les PRs
|-damage|p2a: Sue les PRs|30/100
|
|upkeep
|turn|43
|l| Jeza.p
|
|t:|1663533183
|switch|p1a: Chandy Boucher|Krookodile, F|9/100
|-damage|p1a: Chandy Boucher|3/100|[from] Stealth Rock
|-ability|p1a: Chandy Boucher|Intimidate|boost
|-unboost|p2a: Sue les PRs|atk|1
|move|p2a: Sue les PRs|Pain Split|p1a: Chandy Boucher
|-sethp|p1a: Chandy Boucher|17/100|[from] move: Pain Split|[silent]
|-sethp|p2a: Sue les PRs|16/100|[from] move: Pain Split
|
|upkeep
|turn|44
|
|t:|1663533195
|switch|p1a: Boubouland|Cobalion|52/100
|-damage|p1a: Boubouland|48/100|[from] Stealth Rock
|move|p2a: Sue les PRs|Grass Knot|p1a: Boubouland
|-resisted|p1a: Boubouland
|-crit|p1a: Boubouland
|-damage|p1a: Boubouland|9/100
|
|upkeep
|turn|45
|
|t:|1663533205
|switch|p2a: !|Salamence, F|49/100 brn
|-ability|p2a: !|Intimidate|boost
|-unboost|p1a: Boubouland|atk|1
|move|p1a: Boubouland|Close Combat|p2a: !
|-resisted|p2a: !
|-damage|p2a: !|36/100 brn
|-unboost|p1a: Boubouland|def|1
|-unboost|p1a: Boubouland|spd|1
|
|-damage|p2a: !|29/100 brn|[from] brn
|upkeep
|turn|46
|c| accelerateurs|ez
|c| Galette so6|Izi
|c| Galette so6|Je crois en toi sirwig
|
|t:|1663533236
|switch|p2a: J'espère|Scizor, M|100/100
|move|p1a: Boubouland|Stone Edge|p2a: J'espère
|-damage|p2a: J'espère|84/100
|
|upkeep
|turn|47
|
|t:|1663533240
|switch|p1a: Boubou|Rotom-Wash|50/100
|-damage|p1a: Boubou|38/100|[from] Stealth Rock
|move|p2a: J'espère|Bullet Punch|p1a: Boubou
|-resisted|p1a: Boubou
|-damage|p1a: Boubou|31/100
|
|-heal|p1a: Boubou|36/100|[from] item: Leftovers
|upkeep
|turn|48
|
|t:|1663533249
|switch|p2a: !|Salamence, F|29/100 brn
|-ability|p2a: !|Intimidate|boost
|-unboost|p1a: Boubou|atk|1
|move|p1a: Boubou|Will-O-Wisp|p2a: !|[miss]
|-miss|p1a: Boubou|p2a: !
|
|-heal|p1a: Boubou|42/100|[from] item: Leftovers
|-damage|p2a: !|23/100 brn|[from] brn
|upkeep
|turn|49
|
|t:|1663533256
|move|p2a: !|Roost|p2a: !
|-heal|p2a: !|73/100 brn
|-singleturn|p2a: !|move: Roost
|move|p1a: Boubou|Volt Switch|p2a: !
|-resisted|p2a: !
|-damage|p2a: !|60/100 brn
|c| Galette so6|Olala
|c| Galette so6|Omg
|
|t:|1663533262
|switch|p1a: Cherboucher|Chandelure, F|100/100|[from]move: Volt Switch
|
|-damage|p2a: !|54/100 brn|[from] brn
|upkeep
|turn|50
|inactive|Micciu20250 has 270 seconds left.
|
|t:|1663533294
|switch|p2a: Sue les PRs|Nihilego|16/100
|-damage|p2a: Sue les PRs|4/100|[from] Stealth Rock
|move|p1a: Cherboucher|Shadow Ball|p2a: Sue les PRs
|-damage|p2a: Sue les PRs|0 fnt
|faint|p2a: Sue les PRs
|
|upkeep
|
|t:|1663533300
|switch|p2a: Vous|Krookodile, F|88/100
|-damage|p2a: Vous|82/100|[from] Stealth Rock
|-ability|p2a: Vous|Intimidate|boost
|-unboost|p1a: Cherboucher|atk|1
|turn|51
|inactive|Micciu20250 has 270 seconds left.
|
|t:|1663533340
|switch|p1a: Cherbouboulot|Tangrowth, M|100/100
|-damage|p1a: Cherbouboulot|88/100|[from] Stealth Rock
|move|p2a: Vous|Knock Off|p1a: Cherbouboulot
|-damage|p1a: Cherbouboulot|55/100
|-enditem|p1a: Cherbouboulot|Assault Vest|[from] move: Knock Off|[of] p2a: Vous
|
|upkeep
|turn|52
|
|t:|1663533350
|switch|p1a: Chandy Boucher|Krookodile, F|17/100
|-damage|p1a: Chandy Boucher|11/100|[from] Stealth Rock
|-ability|p1a: Chandy Boucher|Intimidate|boost
|-unboost|p2a: Vous|atk|1
|move|p2a: Vous|Knock Off|p1a: Chandy Boucher
|-resisted|p1a: Chandy Boucher
|-damage|p1a: Chandy Boucher|1/100
|
|upkeep
|turn|53
|
|t:|1663533353
|move|p2a: Vous|Knock Off|p1a: Chandy Boucher
|-resisted|p1a: Chandy Boucher
|-damage|p1a: Chandy Boucher|0 fnt
|faint|p1a: Chandy Boucher
|
|upkeep
|
|t:|1663533362
|switch|p1a: Cherbouboulot|Tangrowth, M|88/100
|-damage|p1a: Cherbouboulot|76/100|[from] Stealth Rock
|turn|54
|inactive|Micciu20250 has 270 seconds left.
|
|t:|1663533370
|switch|p2a: !|Salamence, F|54/100 brn
|-ability|p2a: !|Intimidate|boost
|-unboost|p1a: Cherbouboulot|atk|1
|move|p1a: Cherbouboulot|Focus Blast|p2a: !
|-resisted|p2a: !
|-damage|p2a: !|39/100 brn
|
|-damage|p2a: !|33/100 brn|[from] brn
|upkeep
|turn|55
|
|t:|1663533377
|switch|p1a: Cherboucher|Chandelure, F|100/100
|move|p2a: !|Flamethrower|p1a: Cherboucher
|-start|p1a: Cherboucher|ability: Flash Fire
|
|-damage|p2a: !|27/100 brn|[from] brn
|upkeep
|turn|56
|
|t:|1663533400
|switch|p2a: Plu|Amoonguss, F|66/100
|-damage|p2a: Plu|53/100|[from] Stealth Rock
|move|p1a: Cherboucher|Shadow Ball|p2a: Plu
|-damage|p2a: Plu|13/100
|
|upkeep
|turn|57
|
|t:|1663533404
|switch|p2a: Vous|Krookodile, F|82/100
|-damage|p2a: Vous|76/100|[from] Stealth Rock
|-ability|p2a: Vous|Intimidate|boost
|-unboost|p1a: Cherboucher|atk|1
|move|p1a: Cherboucher|Flamethrower|p2a: Vous
|-damage|p2a: Vous|0 fnt
|faint|p2a: Vous
|
|upkeep
|c|☆Sirwings|oh
|c|☆Sirwings|J'ai cliqué trop vite
|c|☆Micciu20250|ah
|l| Galette so6
|l|+kino
|inactive|Sirwings has 270 seconds left.
|c|☆Sirwings|bah mb team
|
|t:|1663533441
|switch|p2a: !|Salamence, F|27/100 brn
|-ability|p2a: !|Intimidate|boost
|-unboost|p1a: Cherboucher|atk|1
|turn|58
|
|t:|1663533444
|move|p1a: Cherboucher|Shadow Ball|p2a: !
|-damage|p2a: !|0 fnt
|faint|p2a: !
|
|upkeep
|c|☆Micciu20250|gg
|c|☆Sirwings|gg
|inactive|Sirwings has 270 seconds left.
|
|t:|1663533455
|switch|p2a: J'espère|Scizor, M|84/100
|turn|59
|
|t:|1663533457
|move|p1a: Cherboucher|Flamethrower|p2a: J'espère
|-supereffective|p2a: J'espère
|-crit|p2a: J'espère
|-damage|p2a: J'espère|0 fnt
|faint|p2a: J'espère
|
|upkeep
|
|t:|1663533459
|switch|p2a: Plu|Amoonguss, F|46/100
|-damage|p2a: Plu|33/100|[from] Stealth Rock
|turn|60
|
|t:|1663533462
|move|p1a: Cherboucher|Flamethrower|p2a: Plu
|-supereffective|p2a: Plu
|-crit|p2a: Plu
|-damage|p2a: Plu|0 fnt
|faint|p2a: Plu
|
|win|Micciu20250
|j| Galette so6
|l| PandaDoux♥♡㋛★✩
|l| Cherbou
|l| Zephyyyr
|l| Skyrio
|l| Student of Sinnoh
|l| Beka ❤
|l| Profdesinnoh
|l| Draphirion
|l|☆Sirwings
|l| Osake
|l| Galette so6
|l| Shoka
|l|+Tuthur
|l| OmBrArch
