|j|☆Whimsicott7
|j|☆lusprs
|t:|1662046126
|gametype|singles
|player|p1|Whimsicott7|fisherman-gen3|1395
|player|p2|lusprs|preschoolers|1357
|teamsize|p1|6
|teamsize|p2|6
|gen|8
|tier|[Gen 8] UU
|rated|
|rule|Sleep Clause Mod: Limit one foe put to sleep
|rule|Species Clause: Limit one of each Pokémon
|rule|OHKO Clause: OHKO moves are banned
|rule|Evasion Items Clause: Evasion items are banned
|rule|Evasion Moves Clause: Evasion moves are banned
|rule|Endless Battle Clause: Forcing endless battles is banned
|rule|HP Percentage Mod: HP is shown in percentages
|rule|Dynamax Clause: You cannot dynamax
|clearpoke
|poke|p1|Zygarde-10%|
|poke|p1|Hydreigon, F|
|poke|p1|Tentacruel, M|
|poke|p1|Conkeldurr, M|
|poke|p1|Necrozma|
|poke|p1|Rotom-Heat|
|poke|p2|Durant, M|
|poke|p2|Mimikyu, M|
|poke|p2|Azumarill, M|
|poke|p2|Celesteela|
|poke|p2|Galvantula, M|
|poke|p2|Togekiss, M|
|teampreview
|inactive|Battle timer is ON: inactive players will automatically lose when time's up. (requested by Whimsicott7)
|inactive|lusprs also wants the timer to be on.
|
|t:|1662046136
|start
|switch|p1a: Necrozma|Necrozma|100/100
|switch|p2a: Galvantula|Galvantula, M, shiny|100/100
|turn|1
|
|t:|1662046141
|move|p2a: Galvantula|Thunder Wave|p1a: Necrozma
|-status|p1a: Necrozma|par
|move|p1a: Necrozma|Meteor Beam||[still]
|-prepare|p1a: Necrozma|Meteor Beam
|-boost|p1a: Necrozma|spa|1
|-enditem|p1a: Necrozma|Power Herb
|-anim|p1a: Necrozma|Meteor Beam|p2a: Galvantula
|-supereffective|p2a: Galvantula
|-enditem|p2a: Galvantula|Focus Sash
|-damage|p2a: Galvantula|1/100
|
|upkeep
|turn|2
|
|t:|1662046152
|move|p2a: Galvantula|Sticky Web|p1a: Necrozma
|-sidestart|p1: Whimsicott7|move: Sticky Web
|move|p1a: Necrozma|Stealth Rock|p2a: Galvantula
|-sidestart|p2: lusprs|move: Stealth Rock
|
|upkeep
|turn|3
|
|t:|1662046160
|move|p2a: Galvantula|Thunder|p1a: Necrozma
|-damage|p1a: Necrozma|51/100 par
|cant|p1a: Necrozma|par
|
|upkeep
|turn|4
|
|t:|1662046165
|move|p2a: Galvantula|Thunder|p1a: Necrozma
|-damage|p1a: Necrozma|0 fnt
|faint|p1a: Necrozma
|
|upkeep
|
|t:|1662046172
|switch|p1a: Tentacruel|Tentacruel, M|100/100
|-activate|p1a: Tentacruel|move: Sticky Web
|-unboost|p1a: Tentacruel|spe|1
|turn|5
|
|t:|1662046187
|move|p2a: Galvantula|Thunder|p1a: Tentacruel
|-supereffective|p1a: Tentacruel
|-damage|p1a: Tentacruel|21/100
|-status|p1a: Tentacruel|par
|cant|p1a: Tentacruel|par
|
|-heal|p1a: Tentacruel|27/100 par|[from] item: Black Sludge
|upkeep
|turn|6
|
|t:|1662046197
|move|p2a: Galvantula|Thunder|p1a: Tentacruel
|-supereffective|p1a: Tentacruel
|-damage|p1a: Tentacruel|0 fnt
|faint|p1a: Tentacruel
|
|upkeep
|
|t:|1662046200
|switch|p1a: Conkeldurr|Conkeldurr, M|100/100
|-activate|p1a: Conkeldurr|move: Sticky Web
|-unboost|p1a: Conkeldurr|spe|1
|turn|7
|
|t:|1662046205
|move|p1a: Conkeldurr|Mach Punch|p2a: Galvantula
|-resisted|p2a: Galvantula
|-damage|p2a: Galvantula|0 fnt
|faint|p2a: Galvantula
|
|-status|p1a: Conkeldurr|brn|[from] item: Flame Orb
|upkeep
|
|t:|1662046211
|switch|p2a: Togekiss|Togekiss, M, shiny|100/100
|-damage|p2a: Togekiss|76/100|[from] Stealth Rock
|turn|8
|
|t:|1662046214
|switch|p1a: Rotom|Rotom-Heat|100/100
|move|p2a: Togekiss|Air Slash|p1a: Rotom
|-resisted|p1a: Rotom
|-damage|p1a: Rotom|84/100
|
|upkeep
|turn|9
|
|t:|1662046227
|move|p1a: Rotom|Nasty Plot|p1a: Rotom
|-boost|p1a: Rotom|spa|2
|move|p2a: Togekiss|Ancient Power|p1a: Rotom
|-supereffective|p1a: Rotom
|-damage|p1a: Rotom|49/100
|
|upkeep
|turn|10
|
|t:|1662046238
|move|p1a: Rotom|Pain Split|p2a: Togekiss
|-sethp|p2a: Togekiss|59/100|[from] move: Pain Split|[silent]
|-sethp|p1a: Rotom|67/100|[from] move: Pain Split
|move|p2a: Togekiss|Ancient Power|p1a: Rotom
|-supereffective|p1a: Rotom
|-damage|p1a: Rotom|28/100
|
|upkeep
|turn|11
|
|t:|1662046250
|move|p1a: Rotom|Volt Switch|p2a: Togekiss
|-supereffective|p2a: Togekiss
|-crit|p2a: Togekiss
|-damage|p2a: Togekiss|0 fnt
|faint|p2a: Togekiss
|
|t:|1662046263
|switch|p1a: Conkeldurr|Conkeldurr, M|100/100 brn|[from]move: Volt Switch
|-activate|p1a: Conkeldurr|move: Sticky Web
|-unboost|p1a: Conkeldurr|spe|1
|
|-damage|p1a: Conkeldurr|95/100 brn|[from] brn
|upkeep
|
|t:|1662046271
|switch|p2a: Celesteela|Celesteela, shiny|100/100
|-damage|p2a: Celesteela|88/100|[from] Stealth Rock
|turn|12
|
|t:|1662046274
|move|p2a: Celesteela|Autotomize|p2a: Celesteela
|-boost|p2a: Celesteela|spe|2
|-start|p2a: Celesteela|Autotomize
|move|p1a: Conkeldurr|Close Combat|p2a: Celesteela
|-damage|p2a: Celesteela|0 fnt
|-unboost|p1a: Conkeldurr|def|1
|-unboost|p1a: Conkeldurr|spd|1
|faint|p2a: Celesteela
|
|-damage|p1a: Conkeldurr|89/100 brn|[from] brn
|upkeep
|
|t:|1662046296
|switch|p2a: Mimikyu|Mimikyu, M, shiny|100/100
|-damage|p2a: Mimikyu|88/100|[from] Stealth Rock
|turn|13
|
|t:|1662046299
|move|p2a: Mimikyu|Play Rough|p1a: Conkeldurr
|-supereffective|p1a: Conkeldurr
|-damage|p1a: Conkeldurr|0 fnt
|faint|p1a: Conkeldurr
|
|upkeep
|
|t:|1662046306
|switch|p1a: Rotom|Rotom-Heat|28/100
|turn|14
|
|t:|1662046313
|move|p2a: Mimikyu|Shadow Sneak|p1a: Rotom
|-damage|p1a: Rotom|10/100
|move|p1a: Rotom|Volt Switch|p2a: Mimikyu
|-activate|p2a: Mimikyu|ability: Disguise
|-damage|p2a: Mimikyu|88/100
|detailschange|p2a: Mimikyu|Mimikyu-Busted, M, shiny
|-damage|p2a: Mimikyu|76/100|[from] pokemon: Mimikyu-Busted
|-enditem|p2a: Mimikyu|Red Card|[of] p1a: Rotom
|drag|p1a: Hydreigon|Hydreigon, F|100/100
|
|upkeep
|turn|15
|
|t:|1662046335
|move|p1a: Hydreigon|Dark Pulse|p2a: Mimikyu
|-damage|p2a: Mimikyu|26/100
|move|p2a: Mimikyu|Play Rough|p1a: Hydreigon|[miss]
|-miss|p2a: Mimikyu|p1a: Hydreigon
|
|upkeep
|turn|16
|c|☆lusprs|fwomp!
|
|t:|1662046344
|move|p2a: Mimikyu|Shadow Sneak|p1a: Hydreigon
|-resisted|p1a: Hydreigon
|-damage|p1a: Hydreigon|91/100
|move|p1a: Hydreigon|Dark Pulse|p2a: Mimikyu
|-damage|p2a: Mimikyu|0 fnt
|faint|p2a: Mimikyu
|
|upkeep
|
|t:|1662046348
|switch|p2a: Durant|Durant, M, shiny|100/100
|-damage|p2a: Durant|88/100|[from] Stealth Rock
|turn|17
|
|t:|1662046350
|move|p2a: Durant|First Impression|p1a: Hydreigon
|-supereffective|p1a: Hydreigon
|-damage|p1a: Hydreigon|0 fnt
|faint|p1a: Hydreigon
|
|upkeep
|
|t:|1662046361
|switch|p1a: Rotom|Rotom-Heat|10/100
|turn|18
|
|t:|1662046373
|move|p2a: Durant|Iron Head|p1a: Rotom|[miss]
|-miss|p2a: Durant|p1a: Rotom
|move|p1a: Rotom|Volt Switch|p2a: Durant
|-damage|p2a: Durant|23/100
|
|t:|1662046376
|switch|p1a: Zygarde|Zygarde-10%|100/100|[from]move: Volt Switch
|-activate|p1a: Zygarde|move: Sticky Web
|-unboost|p1a: Zygarde|spe|1
|-ability|p1a: Zygarde|Aura Break
|
|upkeep
|turn|19
|
|t:|1662046386
|move|p1a: Zygarde|Extreme Speed|p2a: Durant
|-resisted|p2a: Durant
|-damage|p2a: Durant|0 fnt
|faint|p2a: Durant
|
|upkeep
|
|t:|1662046390
|switch|p2a: Azumarill|Azumarill, M, shiny|100/100
|-damage|p2a: Azumarill|88/100|[from] Stealth Rock
|turn|20
|
|t:|1662046392
|move|p1a: Zygarde|Extreme Speed|p2a: Azumarill
|-damage|p2a: Azumarill|57/100
|move|p2a: Azumarill|Belly Drum|p2a: Azumarill
|-damage|p2a: Azumarill|7/100
|-setboost|p2a: Azumarill|atk|6|[from] move: Belly Drum
|
|upkeep
|turn|21
|c|☆lusprs|oh man custap and priorty still don't beat espeed do they?
|-enditem|p2a: Azumarill|Custap Berry|[eat]
|-activate|p2a: Azumarill|item: Custap Berry|[consumed]
|
|t:|1662046413
|move|p1a: Zygarde|Extreme Speed|p2a: Azumarill
|-damage|p2a: Azumarill|0 fnt
|faint|p2a: Azumarill
|
|win|Whimsicott7
|raw|Whimsicott7's rating: 1395 &rarr; <strong>1413</strong><br />(+18 for winning)
|raw|lusprs's rating: 1357 &rarr; <strong>1339</strong><br />(-18 for losing)
|c|☆lusprs|fwomp!
