|raw|<div class="broadcast-blue"><strong>This battle is required to be public due to a player having a name starting with 'uult91w'.</div>
|j|☆Springerk
|j|☆UULT91w St3ve
|t:|1651948105
|gametype|singles
|player|p1|Springerk|tuberf|1426
|player|p2|UULT91w St3ve|#fcpl4raichicheurs|1604
|teamsize|p1|6
|teamsize|p2|6
|gen|8
|tier|[Gen 8] UU
|rated|
|rule|Sleep Clause Mod: Limit one foe put to sleep
|rule|Species Clause: Limit one of each Pokémon
|rule|OHKO Clause: OHKO moves are banned
|rule|Evasion Moves Clause: Evasion moves are banned
|rule|Endless Battle Clause: Forcing endless battles is banned
|rule|HP Percentage Mod: HP is shown in percentages
|rule|Dynamax Clause: You cannot dynamax
|clearpoke
|poke|p1|Weezing-Galar, F|
|poke|p1|Hitmonlee, M|
|poke|p1|Necrozma|
|poke|p1|Keldeo-Resolute|
|poke|p1|Virizion|
|poke|p1|Celesteela|
|poke|p2|Hydreigon, M|
|poke|p2|Skarmory, F|
|poke|p2|Hippowdon, F|
|poke|p2|Scizor, M|
|poke|p2|Keldeo-Resolute|
|poke|p2|Tangrowth, M|
|teampreview
|c|☆UULT91w St3ve|wtf
|c|☆Springerk|ah yeah this team is weird
|j| UULT91w Micciu
|c|☆Springerk|goo luck for the tour btw
|c| UULT91w Micciu|Go steve
|j| Juno
|
|t:|1651948167
|start
|switch|p1a: Weezing|Weezing-Galar, F|100/100
|switch|p2a: Tangrowth|Tangrowth, M|100/100
|-fieldstart|move: Misty Terrain|[from] ability: Misty Surge|[of] p1a: Weezing
|turn|1
|j| opela
|j| hariyana grande
|c|☆UULT91w St3ve|i don't like where this is going
|c|☆UULT91w St3ve|mono seed breaker
|
|t:|1651948208
|switch|p1a: Celesteela|Celesteela|100/100
|switch|p2a: Hippowdon|Hippowdon, F|100/100
|-weather|Sandstorm|[from] ability: Sand Stream|[of] p2a: Hippowdon
|
|-weather|Sandstorm|[upkeep]
|upkeep
|turn|2
|
|t:|1651948251
|switch|p1a: Keldeo|Keldeo-Resolute|100/100
|move|p2a: Hippowdon|Stealth Rock|p1a: Keldeo
|-sidestart|p1: Springerk|move: Stealth Rock
|
|-weather|Sandstorm|[upkeep]
|-damage|p1a: Keldeo|94/100|[from] Sandstorm
|-heal|p1a: Keldeo|100/100|[from] item: Leftovers
|upkeep
|turn|3
|
|t:|1651948255
|switch|p2a: Tangrowth|Tangrowth, M|100/100
|move|p1a: Keldeo|Calm Mind|p1a: Keldeo
|-boost|p1a: Keldeo|spa|1
|-boost|p1a: Keldeo|spd|1
|
|-weather|Sandstorm|[upkeep]
|-damage|p1a: Keldeo|94/100|[from] Sandstorm
|-damage|p2a: Tangrowth|94/100|[from] Sandstorm
|-heal|p1a: Keldeo|100/100|[from] item: Leftovers
|upkeep
|turn|4
|
|t:|1651948259
|move|p1a: Keldeo|Air Slash|p2a: Tangrowth
|-supereffective|p2a: Tangrowth
|-damage|p2a: Tangrowth|43/100
|move|p2a: Tangrowth|Power Whip|p1a: Keldeo|[miss]
|-miss|p2a: Tangrowth|p1a: Keldeo
|
|-weather|Sandstorm|[upkeep]
|-damage|p1a: Keldeo|94/100|[from] Sandstorm
|-damage|p2a: Tangrowth|37/100|[from] Sandstorm
|-heal|p1a: Keldeo|100/100|[from] item: Leftovers
|upkeep
|turn|5
|
|t:|1651948287
|switch|p2a: Hippowdon|Hippowdon, F|100/100
|move|p1a: Keldeo|Secret Sword|p2a: Hippowdon
|-damage|p2a: Hippowdon|58/100
|
|-weather|none
|upkeep
|turn|6
|
|t:|1651948302
|move|p1a: Keldeo|Surf|p2a: Hippowdon
|-supereffective|p2a: Hippowdon
|-damage|p2a: Hippowdon|0 fnt
|faint|p2a: Hippowdon
|
|upkeep
|
|t:|1651948304
|switch|p2a: Tangrowth|Tangrowth, M|70/100
|turn|7
|
|t:|1651948352
|switch|p1a: Celesteela|Celesteela|100/100
|-damage|p1a: Celesteela|88/100|[from] Stealth Rock
|move|p2a: Tangrowth|Power Whip|p1a: Celesteela
|-resisted|p1a: Celesteela
|-damage|p1a: Celesteela|78/100
|
|upkeep
|turn|8
|
|t:|1651948360
|move|p1a: Celesteela|Autotomize|p1a: Celesteela
|-boost|p1a: Celesteela|spe|2
|-start|p1a: Celesteela|Autotomize
|move|p2a: Tangrowth|Knock Off|p1a: Celesteela
|-damage|p1a: Celesteela|56/100
|-enditem|p1a: Celesteela|Power Herb|[from] move: Knock Off|[of] p2a: Tangrowth
|
|-fieldend|Misty Terrain
|upkeep
|turn|9
|
|t:|1651948372
|move|p1a: Celesteela|Fire Blast|p2a: Tangrowth
|-supereffective|p2a: Tangrowth
|-damage|p2a: Tangrowth|22/100
|move|p2a: Tangrowth|Focus Blast|p1a: Celesteela
|-damage|p1a: Celesteela|24/100
|
|upkeep
|turn|10
|
|t:|1651948392
|switch|p2a: Hydreigon|Hydreigon, M|100/100
|move|p1a: Celesteela|Air Slash|p2a: Hydreigon
|-damage|p2a: Hydreigon|56/100
|
|upkeep
|turn|11
|
|t:|1651948399
|move|p2a: Hydreigon|Dark Pulse|p1a: Celesteela
|-crit|p1a: Celesteela
|-damage|p1a: Celesteela|0 fnt
|faint|p1a: Celesteela
|
|upkeep
|
|t:|1651948406
|switch|p1a: Weezing|Weezing-Galar, F|100/100
|-damage|p1a: Weezing|88/100|[from] Stealth Rock
|-fieldstart|move: Misty Terrain|[from] ability: Misty Surge|[of] p1a: Weezing
|turn|12
|
|t:|1651948420
|switch|p2a: Tangrowth|Tangrowth, M|55/100
|move|p1a: Weezing|Memento|p2a: Tangrowth
|-unboost|p2a: Tangrowth|atk|2
|-unboost|p2a: Tangrowth|spa|2
|faint|p1a: Weezing
|
|upkeep
|c|☆UULT91w St3ve|what a scary team
|l| hariyana grande
|
|t:|1651948478
|switch|p1a: Necrozma|Necrozma|100/100
|-damage|p1a: Necrozma|88/100|[from] Stealth Rock
|turn|13
|
|t:|1651948492
|move|p1a: Necrozma|Dragon Dance|p1a: Necrozma
|-boost|p1a: Necrozma|atk|1
|-boost|p1a: Necrozma|spe|1
|move|p2a: Tangrowth|Knock Off|p1a: Necrozma
|-supereffective|p1a: Necrozma
|-damage|p1a: Necrozma|72/100
|-enditem|p1a: Necrozma|Weakness Policy
|-boost|p1a: Necrozma|atk|2|[from] item: Weakness Policy
|-boost|p1a: Necrozma|spa|2|[from] item: Weakness Policy
|
|upkeep
|turn|14
|c|☆Springerk|yup
|
|t:|1651948508
|move|p1a: Necrozma|Dragon Dance|p1a: Necrozma
|-boost|p1a: Necrozma|atk|1
|-boost|p1a: Necrozma|spe|1
|move|p2a: Tangrowth|Sludge Bomb|p1a: Necrozma
|-damage|p1a: Necrozma|58/100
|
|upkeep
|turn|15
|
|t:|1651948521
|move|p1a: Necrozma|Photon Geyser|p2a: Tangrowth
|-damage|p2a: Tangrowth|0 fnt
|faint|p2a: Tangrowth
|
|upkeep
|
|t:|1651948545
|switch|p2a: Hydreigon|Hydreigon, M|56/100
|turn|16
|
|t:|1651948554
|move|p1a: Necrozma|X-Scissor|p2a: Hydreigon
|-supereffective|p2a: Hydreigon
|-damage|p2a: Hydreigon|0 fnt
|faint|p2a: Hydreigon
|
|upkeep
|
|t:|1651948557
|switch|p2a: Skarmory|Skarmory, F|100/100
|turn|17
|
|t:|1651948562
|move|p1a: Necrozma|Heat Wave|p2a: Skarmory
|-supereffective|p2a: Skarmory
|-ability|p2a: Skarmory|Sturdy
|-damage|p2a: Skarmory|1/100
|move|p2a: Skarmory|Iron Defense|p2a: Skarmory
|-boost|p2a: Skarmory|def|2
|
|upkeep
|turn|18
|-message|UULT91w St3ve forfeited.
|
|win|Springerk
|raw|Springerk's rating: 1426 &rarr; <strong>1455</strong><br />(+29 for winning)
|raw|UULT91w St3ve's rating: 1604 &rarr; <strong>1575</strong><br />(-29 for losing)
|l|☆UULT91w St3ve
|c|☆Springerk|gg
|l| UULT91w Micciu
|l| Juno
||Ladder isn't responding, score probably updated but might not have (Request timeout).
