|j|☆smakuhita
|j|☆Bamarah
|player|p1|smakuhita|dawn|1212
|player|p2|Bamarah|eusine-gen2|1258
|teamsize|p1|6
|teamsize|p2|6
|gametype|singles
|gen|8
|tier|[Gen 8] UU
|rated|
|clearpoke
|poke|p1|Bewear, M|
|poke|p1|Grimmsnarl, M|
|poke|p1|Krookodile, F|
|poke|p1|Scolipede, M|
|poke|p1|Aegislash, F|
|poke|p1|Necrozma|
|poke|p2|Noivern, M|
|poke|p2|Gengar, M|
|poke|p2|Keldeo-Resolute|
|poke|p2|Darmanitan, M|
|poke|p2|Skarmory, M|
|poke|p2|Blissey, F|
|rule|Sleep Clause Mod: Limit one foe put to sleep
|rule|Species Clause: Limit one of each Pokémon
|rule|OHKO Clause: OHKO moves are banned
|rule|Evasion Moves Clause: Evasion moves are banned
|rule|Endless Battle Clause: Forcing endless battles is banned
|rule|HP Percentage Mod: HP is shown in percentages
|rule|Dynamax Clause: You cannot dynamax
|teampreview
|inactive|Battle timer is ON: inactive players will automatically lose when time's up. (requested by Bamarah)
|c|☆smakuhita|o/
|
|start
|switch|p1a: Krookodile|Krookodile, F|100/100
|switch|p2a: Darmanitan|Darmanitan, M, shiny|100/100
|-ability|p1a: Krookodile|Intimidate|boost
|-unboost|p2a: Darmanitan|atk|1
|turn|1
|
|move|p2a: Darmanitan|U-turn|p1a: Krookodile
|-supereffective|p1a: Krookodile
|-damage|p1a: Krookodile|59/100
|inactive|Bamarah has 120 seconds left.
|inactive|Bamarah has 90 seconds left.
|
|switch|p2a: Keldeo|Keldeo-Resolute|100/100|[from]move: U-turn
|move|p1a: Krookodile|Stealth Rock|p2a: Keldeo
|-sidestart|p2: Bamarah|move: Stealth Rock
|
|upkeep
|turn|2
|
|move|p2a: Keldeo|Surf|p1a: Krookodile
|-supereffective|p1a: Krookodile
|-damage|p1a: Krookodile|0 fnt
|-damage|p2a: Keldeo|91/100|[from] item: Life Orb
|faint|p1a: Krookodile
|
|upkeep
|
|switch|p1a: Grimmsnarl|Grimmsnarl, M|100/100
|turn|3
|inactive|Bamarah has 90 seconds left.
|
|switch|p2a: Gengar|Gengar, M, shiny|100/100
|-damage|p2a: Gengar|88/100|[from] Stealth Rock
|move|p1a: Grimmsnarl|Spirit Break|p2a: Gengar
|-resisted|p2a: Gengar
|-damage|p2a: Gengar|51/100
|-unboost|p2a: Gengar|spa|1
|
|upkeep
|turn|4
|inactive|Bamarah has 90 seconds left.
|
|move|p1a: Grimmsnarl|Light Screen|p1a: Grimmsnarl
|-sidestart|p1: smakuhita|move: Light Screen
|move|p2a: Gengar|Sludge Wave|p1a: Grimmsnarl
|-supereffective|p1a: Grimmsnarl
|-damage|p1a: Grimmsnarl|48/100
|-damage|p2a: Gengar|41/100|[from] item: Life Orb
|
|upkeep
|turn|5
|
|switch|p2a: Skarmory|Skarmory, M, shiny|100/100
|-damage|p2a: Skarmory|88/100|[from] Stealth Rock
|move|p1a: Grimmsnarl|Reflect|p1a: Grimmsnarl
|-sidestart|p1: smakuhita|Reflect
|
|-heal|p2a: Skarmory|94/100|[from] item: Leftovers
|upkeep
|turn|6
|
|move|p1a: Grimmsnarl|Taunt|p2a: Skarmory
|-start|p2a: Skarmory|move: Taunt
|cant|p2a: Skarmory|move: Taunt|Iron Defense
|
|-heal|p2a: Skarmory|99/100|[from] item: Leftovers
|upkeep
|turn|7
|
|move|p2a: Skarmory|Body Press|p1a: Grimmsnarl
|-damage|p1a: Grimmsnarl|27/100
|move|p1a: Grimmsnarl|Spirit Break|p2a: Skarmory
|-resisted|p2a: Skarmory
|-damage|p2a: Skarmory|85/100
|-unboost|p2a: Skarmory|spa|1
|
|-heal|p2a: Skarmory|91/100|[from] item: Leftovers
|upkeep
|turn|8
|
|switch|p1a: Aegislash|Aegislash, F|100/100
|-item|p1a: Aegislash|Air Balloon
|move|p2a: Skarmory|Body Press|p1a: Aegislash
|-immune|p1a: Aegislash
|
|-heal|p2a: Skarmory|97/100|[from] item: Leftovers
|-end|p2a: Skarmory|move: Taunt
|upkeep
|turn|9
|
|move|p2a: Skarmory|Night Slash|p1a: Aegislash
|-supereffective|p1a: Aegislash
|-damage|p1a: Aegislash|86/100
|-enditem|p1a: Aegislash|Air Balloon
|move|p1a: Aegislash|Swords Dance|p1a: Aegislash
|-boost|p1a: Aegislash|atk|2
|
|-heal|p2a: Skarmory|100/100|[from] item: Leftovers
|upkeep
|turn|10
|
|move|p2a: Skarmory|Iron Defense|p2a: Skarmory
|-boost|p2a: Skarmory|def|2
|move|p1a: Aegislash|Swords Dance|p1a: Aegislash
|-boost|p1a: Aegislash|atk|2
|
|upkeep
|turn|11
|
|move|p2a: Skarmory|Iron Defense|p2a: Skarmory
|-boost|p2a: Skarmory|def|2
|-formechange|p1a: Aegislash|Aegislash-Blade||[from] ability: Stance Change
|move|p1a: Aegislash|Close Combat|p2a: Skarmory
|-damage|p2a: Skarmory|67/100
|-unboost|p1a: Aegislash|def|1
|-unboost|p1a: Aegislash|spd|1
|
|-heal|p2a: Skarmory|72/100|[from] item: Leftovers
|-sideend|p1: smakuhita|move: Light Screen
|upkeep
|turn|12
|inactive|Bamarah has 120 seconds left.
|
|move|p2a: Skarmory|Iron Defense|p2a: Skarmory
|-boost|p2a: Skarmory|def|2
|move|p1a: Aegislash|Close Combat|p2a: Skarmory
|-damage|p2a: Skarmory|48/100
|-unboost|p1a: Aegislash|def|1
|-unboost|p1a: Aegislash|spd|1
|
|-heal|p2a: Skarmory|54/100|[from] item: Leftovers
|-sideend|p1: smakuhita|Reflect
|upkeep
|turn|13
|inactive|Bamarah has 120 seconds left.
|
|move|p1a: Aegislash|Shadow Sneak|p2a: Skarmory
|-damage|p2a: Skarmory|40/100
|move|p2a: Skarmory|Roost|p2a: Skarmory
|-heal|p2a: Skarmory|91/100
|-singleturn|p2a: Skarmory|move: Roost
|
|-heal|p2a: Skarmory|96/100|[from] item: Leftovers
|upkeep
|turn|14
|
|move|p1a: Aegislash|Shadow Sneak|p2a: Skarmory
|-damage|p2a: Skarmory|82/100
|move|p2a: Skarmory|Night Slash|p1a: Aegislash
|-supereffective|p1a: Aegislash
|-damage|p1a: Aegislash|0 fnt
|faint|p1a: Aegislash
|
|-heal|p2a: Skarmory|88/100|[from] item: Leftovers
|upkeep
|-message|smakuhita forfeited.
|
|win|Bamarah
|l|☆smakuhita
|raw|smakuhita's rating: 1212 &rarr; <strong>1191</strong><br />(-21 for losing)
|raw|Bamarah's rating: 1258 &rarr; <strong>1280</strong><br />(+22 for winning)
