|j|☆Appleking123
|j|☆Shazamt
|t:|1648785811
|gametype|singles
|player|p1|Appleking123|hiker-gen4|
|player|p2|Shazamt|colress|
|teamsize|p1|6
|teamsize|p2|6
|gen|8
|tier|[Gen 8] UU
|rated|Tournament battle
|rule|Sleep Clause Mod: Limit one foe put to sleep
|rule|Species Clause: Limit one of each Pokémon
|rule|OHKO Clause: OHKO moves are banned
|rule|Evasion Moves Clause: Evasion moves are banned
|rule|Endless Battle Clause: Forcing endless battles is banned
|rule|HP Percentage Mod: HP is shown in percentages
|rule|Dynamax Clause: You cannot dynamax
|clearpoke
|poke|p1|Rotom-Wash|
|poke|p1|Conkeldurr, M|
|poke|p1|Tangrowth, M|
|poke|p1|Chandelure, M|
|poke|p1|Lycanroc-Dusk, M|
|poke|p1|Chansey, F|
|poke|p2|Aegislash, F|
|poke|p2|Celesteela|
|poke|p2|Excadrill, M|
|poke|p2|Jirachi|
|poke|p2|Cobalion|
|poke|p2|Doublade, M|
|teampreview
|inactive|Battle timer is ON: inactive players will automatically lose when time's up. (requested by Shazamt)
|c|☆Shazamt|hf
|
|t:|1648785826
|start
|switch|p1a: Spaghet|Tangrowth, M|100/100
|switch|p2a: Excadrill|Excadrill, M|100/100
|-ability|p2a: Excadrill|Mold Breaker
|turn|1
|
|t:|1648785835
|switch|p2a: Celesteela|Celesteela|100/100
|move|p1a: Spaghet|Leech Seed|p2a: Celesteela
|-start|p2a: Celesteela|move: Leech Seed
|
|-damage|p2a: Celesteela|88/100|[from] Leech Seed|[of] p1a: Spaghet
|upkeep
|turn|2
|
|t:|1648785839
|switch|p2a: Aegislash|Aegislash, F, shiny|100/100
|switch|p1a: Washington|Rotom-Wash|100/100
|
|upkeep
|turn|3
|
|t:|1648785849
|move|p1a: Washington|Volt Switch|p2a: Aegislash
|-damage|p2a: Aegislash|86/100
|
|t:|1648785852
|switch|p1a: Spaghet|Tangrowth, M|100/100|[from]move: Volt Switch
|move|p2a: Aegislash|Substitute|p2a: Aegislash
|-start|p2a: Aegislash|Substitute
|-damage|p2a: Aegislash|61/100
|
|-heal|p2a: Aegislash|67/100|[from] item: Leftovers
|upkeep
|turn|4
|
|t:|1648785856
|switch|p1a: Egg|Chansey, F|100/100
|move|p2a: Aegislash|Toxic|p1a: Egg
|-status|p1a: Egg|tox
|
|-heal|p2a: Aegislash|74/100|[from] item: Leftovers
|-damage|p1a: Egg|94/100 tox|[from] psn
|upkeep
|turn|5
|
|t:|1648785871
|switch|p2a: Excadrill|Excadrill, M|100/100
|-ability|p2a: Excadrill|Mold Breaker
|move|p1a: Egg|Teleport|p1a: Egg
|
|t:|1648785876
|-curestatus|p1a: Egg|tox|[from] ability: Natural Cure
|switch|p1a: L A M P|Chandelure, M|100/100|[from]move: Teleport
|
|upkeep
|turn|6
|inactive|Shazamt has 120 seconds left.
|
|t:|1648785916
|switch|p2a: Celesteela|Celesteela|88/100
|move|p1a: L A M P|Overheat|p2a: Celesteela
|-supereffective|p2a: Celesteela
|-damage|p2a: Celesteela|6/100
|-unboost|p1a: L A M P|spa|2
|
|upkeep
|turn|7
|
|t:|1648785923
|move|p1a: L A M P|Overheat|p2a: Celesteela
|-supereffective|p2a: Celesteela
|-damage|p2a: Celesteela|0 fnt
|-unboost|p1a: L A M P|spa|2
|faint|p2a: Celesteela
|
|upkeep
|
|t:|1648785933
|switch|p2a: Excadrill|Excadrill, M|100/100
|-ability|p2a: Excadrill|Mold Breaker
|turn|8
|inactive|Shazamt has 120 seconds left.
|
|t:|1648785943
|switch|p1a: Spaghet|Tangrowth, M|100/100
|switch|p2a: Aegislash|Aegislash, F, shiny|74/100
|
|-heal|p2a: Aegislash|80/100|[from] item: Leftovers
|upkeep
|turn|9
|
|t:|1648785948
|switch|p1a: Egg|Chansey, F|94/100
|move|p2a: Aegislash|Substitute|p2a: Aegislash
|-start|p2a: Aegislash|Substitute
|-damage|p2a: Aegislash|55/100
|
|-heal|p2a: Aegislash|61/100|[from] item: Leftovers
|upkeep
|turn|10
|
|t:|1648785961
|-formechange|p2a: Aegislash|Aegislash-Blade||[from] ability: Stance Change
|move|p2a: Aegislash|Shadow Ball|p1a: Egg
|-immune|p1a: Egg
|move|p1a: Egg|Teleport|p1a: Egg
|
|t:|1648785965
|switch|p1a: L A M P|Chandelure, M|100/100|[from]move: Teleport
|
|-heal|p2a: Aegislash|67/100|[from] item: Leftovers
|upkeep
|turn|11
|
|t:|1648785975
|move|p1a: L A M P|Shadow Ball|p2a: Aegislash
|-supereffective|p2a: Aegislash
|-damage|p2a: Aegislash|0 fnt
|faint|p2a: Aegislash
|
|upkeep
|c|☆Shazamt|wow mono steel isnt good
|inactive|Shazamt has 120 seconds left.
|
|t:|1648785990
|switch|p2a: Cobalion|Cobalion, shiny|100/100
|turn|12
|
|t:|1648785995
|switch|p1a: Spaghet|Tangrowth, M|100/100
|move|p2a: Cobalion|Stealth Rock|p1a: Spaghet
|-sidestart|p1: Appleking123|move: Stealth Rock
|
|upkeep
|turn|13
|
|t:|1648785998
|move|p2a: Cobalion|Volt Switch|p1a: Spaghet
|-resisted|p1a: Spaghet
|-damage|p1a: Spaghet|90/100
|
|t:|1648786002
|switch|p2a: Excadrill|Excadrill, M|100/100|[from]move: Volt Switch
|-ability|p2a: Excadrill|Mold Breaker
|move|p1a: Spaghet|Leech Seed|p2a: Excadrill
|-start|p2a: Excadrill|move: Leech Seed
|
|-damage|p2a: Excadrill|88/100|[from] Leech Seed|[of] p1a: Spaghet
|-heal|p1a: Spaghet|100/100|[silent]
|upkeep
|turn|14
|
|t:|1648786004
|move|p2a: Excadrill|Rapid Spin|p1a: Spaghet
|-damage|p1a: Spaghet|92/100
|-boost|p2a: Excadrill|spe|1
|-damage|p2a: Excadrill|71/100|[from] item: Rocky Helmet|[of] p1a: Spaghet
|-end|p2a: Excadrill|Leech Seed|[from] move: Rapid Spin|[of] p2a: Excadrill
|move|p1a: Spaghet|Giga Drain|p2a: Excadrill
|-damage|p2a: Excadrill|33/100
|-heal|p1a: Spaghet|100/100|[from] drain|[of] p2a: Excadrill
|
|-heal|p2a: Excadrill|39/100|[from] item: Leftovers
|upkeep
|turn|15
|
|t:|1648786020
|switch|p2a: Jirachi|Jirachi|100/100
|move|p1a: Spaghet|Leech Seed|p2a: Jirachi|[miss]
|-miss|p1a: Spaghet|p2a: Jirachi
|
|upkeep
|turn|16
|
|t:|1648786024
|move|p2a: Jirachi|Trick|p1a: Spaghet
|-activate|p2a: Jirachi|move: Trick|[of] p1a: Spaghet
|-item|p1a: Spaghet|Choice Scarf|[from] move: Trick
|-item|p2a: Jirachi|Rocky Helmet|[from] move: Trick
|move|p1a: Spaghet|Knock Off|p2a: Jirachi
|-supereffective|p2a: Jirachi
|-damage|p2a: Jirachi|53/100
|-damage|p1a: Spaghet|84/100|[from] item: Rocky Helmet|[of] p2a: Jirachi
|-enditem|p2a: Jirachi|Rocky Helmet|[from] move: Knock Off|[of] p1a: Spaghet
|
|upkeep
|turn|17
|
|t:|1648786034
|switch|p2a: Cobalion|Cobalion, shiny|100/100
|move|p1a: Spaghet|Knock Off|p2a: Cobalion
|-resisted|p2a: Cobalion
|-damage|p2a: Cobalion|92/100
|-damage|p1a: Spaghet|67/100|[from] item: Rocky Helmet|[of] p2a: Cobalion
|-ability|p2a: Cobalion|Justified|boost
|-boost|p2a: Cobalion|atk|1
|-enditem|p2a: Cobalion|Rocky Helmet|[from] move: Knock Off|[of] p1a: Spaghet
|
|upkeep
|turn|18
|
|t:|1648786043
|switch|p1a: L A M P|Chandelure, M|100/100
|-damage|p1a: L A M P|76/100|[from] Stealth Rock
|move|p2a: Cobalion|Iron Head|p1a: L A M P
|-resisted|p1a: L A M P
|-damage|p1a: L A M P|38/100
|
|upkeep
|turn|19
|
|t:|1648786053
|switch|p2a: Jirachi|Jirachi|53/100
|move|p1a: L A M P|Overheat|p2a: Jirachi|[miss]
|-miss|p1a: L A M P|p2a: Jirachi
|
|upkeep
|turn|20
|
|t:|1648786059
|move|p1a: L A M P|Overheat|p2a: Jirachi
|-supereffective|p2a: Jirachi
|-damage|p2a: Jirachi|0 fnt
|-unboost|p1a: L A M P|spa|2
|faint|p2a: Jirachi
|
|upkeep
|j| hariyana grande
|
|t:|1648786063
|switch|p2a: Cobalion|Cobalion, shiny|92/100
|turn|21
|
|t:|1648786065
|switch|p1a: Washington|Rotom-Wash|100/100
|-damage|p1a: Washington|88/100|[from] Stealth Rock
|move|p2a: Cobalion|Iron Head|p1a: Washington
|-resisted|p1a: Washington
|-damage|p1a: Washington|80/100
|
|-heal|p1a: Washington|86/100|[from] item: Leftovers
|upkeep
|turn|22
|l| hariyana grande
|
|t:|1648786069
|move|p2a: Cobalion|Close Combat|p1a: Washington
|-damage|p1a: Washington|31/100
|-unboost|p2a: Cobalion|def|1
|-unboost|p2a: Cobalion|spd|1
|move|p1a: Washington|Defog|p2a: Cobalion
|-unboost|p2a: Cobalion|evasion|1
|-sideend|p1: Appleking123|Stealth Rock|[from] move: Defog|[of] p1a: Washington
|
|-heal|p1a: Washington|37/100|[from] item: Leftovers
|upkeep
|turn|23
|
|t:|1648786075
|move|p2a: Cobalion|Close Combat|p1a: Washington
|-damage|p1a: Washington|0 fnt
|-unboost|p2a: Cobalion|def|1
|-unboost|p2a: Cobalion|spd|1
|faint|p1a: Washington
|
|upkeep
|
|t:|1648786081
|switch|p1a: L A M P|Chandelure, M|38/100
|turn|24
|
|t:|1648786084
|switch|p2a: Doublade|Doublade, M, shiny|100/100
|move|p1a: L A M P|Overheat|p2a: Doublade
|-supereffective|p2a: Doublade
|-damage|p2a: Doublade|0 fnt
|-unboost|p1a: L A M P|spa|2
|faint|p2a: Doublade
|
|upkeep
|
|t:|1648786088
|switch|p2a: Excadrill|Excadrill, M|39/100
|-ability|p2a: Excadrill|Mold Breaker
|turn|25
|
|t:|1648786098
|move|p1a: L A M P|Overheat|p2a: Excadrill
|-supereffective|p2a: Excadrill
|-damage|p2a: Excadrill|0 fnt
|-unboost|p1a: L A M P|spa|2
|faint|p2a: Excadrill
|
|upkeep
|
|t:|1648786100
|switch|p2a: Cobalion|Cobalion, shiny|92/100
|turn|26
|
|t:|1648786104
|switch|p1a: Bonk!|Conkeldurr, M|100/100
|move|p2a: Cobalion|Iron Head|p1a: Bonk!
|-damage|p1a: Bonk!|65/100
|
|-status|p1a: Bonk!|brn|[from] item: Flame Orb
|upkeep
|turn|27
|
|t:|1648786107
|move|p2a: Cobalion|Close Combat|p1a: Bonk!
|-damage|p1a: Bonk!|17/100 brn
|-unboost|p2a: Cobalion|def|1
|-unboost|p2a: Cobalion|spd|1
|move|p1a: Bonk!|Close Combat|p2a: Cobalion
|-supereffective|p2a: Cobalion
|-damage|p2a: Cobalion|0 fnt
|-unboost|p1a: Bonk!|def|1
|-unboost|p1a: Bonk!|spd|1
|faint|p2a: Cobalion
|
|win|Appleking123
|n|☆Appleking123|appleking123
|n|☆Shazamt|shazamt
