|inactive|Battle timer is ON: inactive players will automatically lose when time's up.
|j|☆Permission Slip
|j|☆Highlord
|t:|1659927075
|gametype|singles
|player|p1|Permission Slip|clerkf|
|player|p2|Highlord|misty-masters|
|teamsize|p1|6
|teamsize|p2|6
|gen|8
|tier|[Gen 8] UU
|rated|Tournament battle
|rule|Sleep Clause Mod: Limit one foe put to sleep
|rule|Species Clause: Limit one of each Pokémon
|rule|OHKO Clause: OHKO moves are banned
|rule|Evasion Items Clause: Evasion items are banned
|rule|Evasion Moves Clause: Evasion moves are banned
|rule|Endless Battle Clause: Forcing endless battles is banned
|rule|HP Percentage Mod: HP is shown in percentages
|rule|Dynamax Clause: You cannot dynamax
|rule|Blitz: Super-fast timer
|clearpoke
|poke|p1|Toxicroak, F|
|poke|p1|Cobalion|
|poke|p1|Tangrowth, F|
|poke|p1|Diggersby, F|
|poke|p1|Slowking, M|
|poke|p1|Salamence, M|
|poke|p2|Salamence, M|
|poke|p2|Scizor, M|
|poke|p2|Amoonguss, M|
|poke|p2|Azelf|
|poke|p2|Diggersby, M|
|poke|p2|Chansey, F|
|teampreview
|c|☆Permission Slip|hf
|inactive|Permission Slip has 30 seconds left.
|inactive|Highlord has 30 seconds left.
|
|t:|1659927089
|start
|switch|p1a: Diggersby|Diggersby, F|100/100
|switch|p2a: Diggersby|Diggersby, M|100/100
|turn|1
|inactive|Highlord has 10 seconds left.
|inactive|Highlord has 5 seconds left.
|
|t:|1659927099
|switch|p1a: Slowking|Slowking, M|100/100
|move|p2a: Diggersby|Knock Off|p1a: Slowking
|-supereffective|p1a: Slowking
|-enditem|p1a: Slowking|Colbur Berry|[eat]
|-enditem|p1a: Slowking|Colbur Berry|[weaken]
|-damage|p1a: Slowking|71/100
|
|upkeep
|turn|2
|inactive|Highlord has 10 seconds left this turn.
|inactive|Highlord has 5 seconds left.
|
|t:|1659927108
|move|p2a: Diggersby|Knock Off|p1a: Slowking
|-supereffective|p1a: Slowking
|-damage|p1a: Slowking|31/100
|move|p1a: Slowking|Future Sight|p2a: Diggersby
|-start|p1a: Slowking|move: Future Sight
|
|upkeep
|turn|3
|inactive|Highlord has 10 seconds left this turn.
|inactive|Highlord has 5 seconds left.
|
|t:|1659927114
|switch|p1a: Cobalion|Cobalion|100/100
|move|p2a: Diggersby|Knock Off|p1a: Cobalion
|-resisted|p1a: Cobalion
|-damage|p1a: Cobalion|84/100
|-damage|p2a: Diggersby|84/100|[from] item: Rocky Helmet|[of] p1a: Cobalion
|-ability|p1a: Cobalion|Justified|boost
|-boost|p1a: Cobalion|atk|1
|-enditem|p1a: Cobalion|Rocky Helmet|[from] move: Knock Off|[of] p2a: Diggersby
|
|upkeep
|turn|4
|inactive|Highlord has 10 seconds left this turn.
|j|%suloxiv ✿
|inactive|Permission Slip has 10 seconds left.
|inactive|Highlord has 5 seconds left.
|
|t:|1659927120
|switch|p2a: Salamence|Salamence, M|100/100
|-ability|p2a: Salamence|Intimidate|boost
|-unboost|p1a: Cobalion|atk|1
|move|p1a: Cobalion|Stealth Rock|p2a: Salamence
|-sidestart|p2: Highlord|move: Stealth Rock
|
|-end|p2a: Salamence|move: Future Sight
|-damage|p2a: Salamence|61/100
|upkeep
|turn|5
|inactive|Highlord has 10 seconds left this turn.
|inactive|Highlord has 5 seconds left.
|
|t:|1659927128
|move|p1a: Cobalion|Volt Switch|p2a: Salamence
|-damage|p2a: Salamence|48/100
|inactive|Highlord has 10 seconds left this turn.
|
|t:|1659927132
|switch|p1a: Slowking|Slowking, M|65/100|[from]move: Volt Switch
|move|p2a: Salamence|Roost|p2a: Salamence
|-heal|p2a: Salamence|98/100
|-singleturn|p2a: Salamence|move: Roost
|
|upkeep
|turn|6
|
|t:|1659927135
|move|p2a: Salamence|Defog|p1a: Slowking
|-unboost|p1a: Slowking|evasion|1
|-sideend|p2: Highlord|Stealth Rock|[from] move: Defog|[of] p2a: Salamence
|move|p1a: Slowking|Future Sight|p2a: Salamence
|-start|p1a: Slowking|move: Future Sight
|
|upkeep
|turn|7
|l|%suloxiv ✿
|inactive|Highlord has 10 seconds left.
|inactive|Highlord has 5 seconds left.
|
|t:|1659927145
|switch|p2a: Scizor|Scizor, M|100/100
|move|p1a: Slowking|Teleport|p1a: Slowking
|inactive|Highlord has 10 seconds left this turn.
|inactive|Permission Slip has 10 seconds left.
|
|t:|1659927154
|switch|p1a: Diggersby|Diggersby, F|100/100|[from]move: Teleport
|
|upkeep
|turn|8
|
|t:|1659927158
|switch|p2a: Salamence|Salamence, M|98/100
|-ability|p2a: Salamence|Intimidate|boost
|-unboost|p1a: Diggersby|atk|1
|move|p1a: Diggersby|Fire Punch|p2a: Salamence
|-resisted|p2a: Salamence
|-crit|p2a: Salamence
|-damage|p2a: Salamence|79/100
|
|-end|p2a: Salamence|move: Future Sight
|-damage|p2a: Salamence|36/100
|upkeep
|turn|9
|inactive|Permission Slip has 10 seconds left.
|
|t:|1659927164
|switch|p1a: Slowking|Slowking, M|98/100
|move|p2a: Salamence|Roost|p2a: Salamence
|-heal|p2a: Salamence|86/100
|-singleturn|p2a: Salamence|move: Roost
|
|upkeep
|turn|10
|
|t:|1659927168
|switch|p2a: Chansey|Chansey, F|100/100
|move|p1a: Slowking|Future Sight|p2a: Chansey
|-start|p1a: Slowking|move: Future Sight
|
|upkeep
|turn|11
|
|t:|1659927170
|move|p2a: Chansey|Stealth Rock|p1a: Slowking
|-sidestart|p1: Permission Slip|move: Stealth Rock
|move|p1a: Slowking|Teleport|p1a: Slowking
|
|t:|1659927173
|switch|p1a: Cobalion|Cobalion|84/100|[from]move: Teleport
|-damage|p1a: Cobalion|81/100|[from] Stealth Rock
|
|upkeep
|turn|12
|
|t:|1659927178
|switch|p2a: Salamence|Salamence, M|86/100
|-ability|p2a: Salamence|Intimidate|boost
|-unboost|p1a: Cobalion|atk|1
|move|p1a: Cobalion|Stealth Rock|p2a: Salamence
|-sidestart|p2: Highlord|move: Stealth Rock
|
|-end|p2a: Salamence|move: Future Sight
|-damage|p2a: Salamence|44/100
|upkeep
|turn|13
|
|t:|1659927182
|move|p1a: Cobalion|Volt Switch|p2a: Salamence
|-damage|p2a: Salamence|30/100
|
|t:|1659927185
|switch|p1a: Slowking|Slowking, M|100/100|[from]move: Volt Switch
|-damage|p1a: Slowking|88/100|[from] Stealth Rock
|move|p2a: Salamence|Roost|p2a: Salamence
|-heal|p2a: Salamence|80/100
|-singleturn|p2a: Salamence|move: Roost
|
|upkeep
|turn|14
|
|t:|1659927188
|move|p2a: Salamence|Roost|p2a: Salamence
|-heal|p2a: Salamence|100/100
|-singleturn|p2a: Salamence|move: Roost
|move|p1a: Slowking|Future Sight|p2a: Salamence
|-start|p1a: Slowking|move: Future Sight
|
|upkeep
|turn|15
|inactive|Highlord has 10 seconds left.
|
|t:|1659927193
|move|p2a: Salamence|Draco Meteor|p1a: Slowking
|-damage|p1a: Slowking|50/100
|-unboost|p2a: Salamence|spa|2
|move|p1a: Slowking|Teleport|p1a: Slowking
|inactive|Permission Slip has 10 seconds left.
|
|t:|1659927200
|switch|p1a: Diggersby|Diggersby, F|100/100|[from]move: Teleport
|-damage|p1a: Diggersby|94/100|[from] Stealth Rock
|
|upkeep
|turn|16
|
|t:|1659927204
|switch|p2a: Scizor|Scizor, M|100/100
|move|p1a: Diggersby|Body Slam|p2a: Scizor
|-resisted|p2a: Scizor
|-damage|p2a: Scizor|83/100
|
|-end|p2a: Scizor|move: Future Sight
|-resisted|p2a: Scizor
|-damage|p2a: Scizor|58/100
|upkeep
|turn|17
|inactive|Permission Slip has 10 seconds left.
|
|t:|1659927210
|switch|p1a: Salamence|Salamence, M|100/100
|-ability|p1a: Salamence|Intimidate|boost
|-unboost|p2a: Scizor|atk|1
|move|p2a: Scizor|Roost|p2a: Scizor
|-heal|p2a: Scizor|100/100
|-singleturn|p2a: Scizor|move: Roost
|
|upkeep
|turn|18
|
|t:|1659927213
|switch|p2a: Salamence|Salamence, M|100/100
|-ability|p2a: Salamence|Intimidate|boost
|-unboost|p1a: Salamence|atk|1
|move|p1a: Salamence|Flamethrower|p2a: Salamence
|-resisted|p2a: Salamence
|-damage|p2a: Salamence|90/100
|
|upkeep
|turn|19
|
|t:|1659927217
|switch|p2a: Amoonguss|Amoonguss, M|100/100
|-damage|p2a: Amoonguss|88/100|[from] Stealth Rock
|move|p1a: Salamence|Toxic|p2a: Amoonguss
|-immune|p2a: Amoonguss
|
|-heal|p2a: Amoonguss|94/100|[from] item: Black Sludge
|upkeep
|turn|20
|j| xujing691691
|inactive|Permission Slip has 10 seconds left.
|
|t:|1659927223
|move|p1a: Salamence|Flamethrower|p2a: Amoonguss
|-supereffective|p2a: Amoonguss
|-damage|p2a: Amoonguss|62/100
|move|p2a: Amoonguss|Spore|p1a: Salamence
|-status|p1a: Salamence|slp|[from] move: Spore
|
|-heal|p2a: Amoonguss|68/100|[from] item: Black Sludge
|upkeep
|turn|21
|inactive|Highlord has 10 seconds left.
|
|t:|1659927228
|switch|p1a: Slowking|Slowking, M|84/100
|-damage|p1a: Slowking|71/100|[from] Stealth Rock
|switch|p2a: Azelf|Azelf|100/100
|-damage|p2a: Azelf|88/100|[from] Stealth Rock
|
|upkeep
|turn|22
|inactive|Permission Slip has 10 seconds left.
|
|t:|1659927234
|switch|p1a: Tangrowth|Tangrowth, F|100/100
|-damage|p1a: Tangrowth|88/100|[from] Stealth Rock
|move|p2a: Azelf|Energy Ball|p1a: Tangrowth
|-resisted|p1a: Tangrowth
|-damage|p1a: Tangrowth|77/100
|
|upkeep
|turn|23
|
|t:|1659927237
|move|p2a: Azelf|Fire Blast|p1a: Tangrowth
|-supereffective|p1a: Tangrowth
|-damage|p1a: Tangrowth|6/100
|move|p1a: Tangrowth|Knock Off|p2a: Azelf
|-supereffective|p2a: Azelf
|-damage|p2a: Azelf|13/100
|-enditem|p2a: Azelf|Expert Belt|[from] move: Knock Off|[of] p1a: Tangrowth
|
|upkeep
|turn|24
|j|%pokemonisfun
|inactive|Permission Slip has 10 seconds left.
|inactive|Highlord has 10 seconds left.
|
|t:|1659927245
|move|p2a: Azelf|Energy Ball|p1a: Tangrowth
|-resisted|p1a: Tangrowth
|-damage|p1a: Tangrowth|0 fnt
|faint|p1a: Tangrowth
|
|upkeep
|
|t:|1659927248
|switch|p1a: Diggersby|Diggersby, F|94/100
|-damage|p1a: Diggersby|88/100|[from] Stealth Rock
|turn|25
|inactive|Highlord has 10 seconds left.
|inactive|Highlord has 5 seconds left.
|
|t:|1659927259
|move|p1a: Diggersby|Body Slam|p2a: Azelf
|-damage|p2a: Azelf|0 fnt
|faint|p2a: Azelf
|
|upkeep
|inactive|Highlord has 10 seconds left this turn.
|c|%pokemonisfun|whys there a bloke that croaks
|
|t:|1659927263
|switch|p2a: Scizor|Scizor, M|100/100
|turn|26
|
|t:|1659927267
|switch|p1a: Cobalion|Cobalion|81/100
|-damage|p1a: Cobalion|78/100|[from] Stealth Rock
|move|p2a: Scizor|U-turn|p1a: Cobalion
|-resisted|p1a: Cobalion
|-damage|p1a: Cobalion|72/100
|
|t:|1659927269
|switch|p2a: Diggersby|Diggersby, M|84/100|[from]move: U-turn
|-damage|p2a: Diggersby|78/100|[from] Stealth Rock
|
|upkeep
|turn|27
|
|t:|1659927273
|switch|p1a: Salamence|Salamence, M|100/100 slp
|-ability|p1a: Salamence|Intimidate|boost
|-unboost|p2a: Diggersby|atk|1
|move|p2a: Diggersby|U-turn|p1a: Salamence
|-resisted|p1a: Salamence
|-damage|p1a: Salamence|93/100 slp
|l| xujing691691
|inactive|Highlord has 10 seconds left.
|
|t:|1659927279
|switch|p2a: Salamence|Salamence, M|90/100|[from]move: U-turn
|-ability|p2a: Salamence|Intimidate|boost
|-unboost|p1a: Salamence|atk|1
|
|upkeep
|turn|28
|inactive|Highlord has 10 seconds left.
|
|t:|1659927284
|switch|p1a: Slowking|Slowking, M|100/100
|-damage|p1a: Slowking|88/100|[from] Stealth Rock
|move|p2a: Salamence|Defog|p1a: Slowking
|-unboost|p1a: Slowking|evasion|1
|-sideend|p1: Permission Slip|Stealth Rock|[from] move: Defog|[of] p2a: Salamence
|-sideend|p2: Highlord|Stealth Rock|[from] move: Defog|[of] p2a: Salamence
|
|upkeep
|turn|29
|
|t:|1659927286
|switch|p2a: Scizor|Scizor, M|100/100
|move|p1a: Slowking|Future Sight|p2a: Scizor
|-start|p1a: Slowking|move: Future Sight
|
|upkeep
|turn|30
|
|t:|1659927289
|switch|p1a: Cobalion|Cobalion|72/100
|move|p2a: Scizor|U-turn|p1a: Cobalion
|-resisted|p1a: Cobalion
|-damage|p1a: Cobalion|66/100
|
|t:|1659927292
|switch|p2a: Salamence|Salamence, M|90/100|[from]move: U-turn
|-ability|p2a: Salamence|Intimidate|boost
|-unboost|p1a: Cobalion|atk|1
|
|upkeep
|turn|31
|inactive|Highlord has 10 seconds left.
|j|%suloxiv ✿
|
|t:|1659927298
|move|p1a: Cobalion|Volt Switch|p2a: Salamence
|-damage|p2a: Salamence|75/100
|
|t:|1659927301
|switch|p1a: Slowking|Slowking, M|100/100|[from]move: Volt Switch
|move|p2a: Salamence|Draco Meteor|p1a: Slowking|[miss]
|-miss|p2a: Salamence|p1a: Slowking
|
|-end|p2a: Salamence|move: Future Sight
|-damage|p2a: Salamence|29/100
|upkeep
|turn|32
|
|t:|1659927304
|move|p2a: Salamence|Roost|p2a: Salamence
|-heal|p2a: Salamence|79/100
|-singleturn|p2a: Salamence|move: Roost
|move|p1a: Slowking|Future Sight|p2a: Salamence
|-start|p1a: Slowking|move: Future Sight
|
|upkeep
|turn|33
|
|t:|1659927306
|move|p2a: Salamence|Roost|p2a: Salamence
|-heal|p2a: Salamence|100/100
|-singleturn|p2a: Salamence|move: Roost
|move|p1a: Slowking|Teleport|p1a: Slowking
|inactive|Permission Slip has 10 seconds left.
|
|t:|1659927312
|switch|p1a: Diggersby|Diggersby, F|88/100|[from]move: Teleport
|
|upkeep
|turn|34
|inactive|Highlord has 10 seconds left.
|
|t:|1659927319
|switch|p2a: Chansey|Chansey, F|100/100
|move|p1a: Diggersby|U-turn|p2a: Chansey
|-damage|p2a: Chansey|80/100
|
|t:|1659927321
|switch|p1a: Cobalion|Cobalion|66/100|[from]move: U-turn
|
|-end|p2a: Chansey|move: Future Sight
|-damage|p2a: Chansey|68/100
|upkeep
|turn|35
|
|t:|1659927326
|switch|p2a: Salamence|Salamence, M|100/100
|-ability|p2a: Salamence|Intimidate|boost
|-unboost|p1a: Cobalion|atk|1
|move|p1a: Cobalion|Stealth Rock|p2a: Salamence
|-sidestart|p2: Highlord|move: Stealth Rock
|
|upkeep
|turn|36
|
|t:|1659927328
|move|p1a: Cobalion|Volt Switch|p2a: Salamence
|-damage|p2a: Salamence|86/100
|
|t:|1659927330
|switch|p1a: Slowking|Slowking, M|100/100|[from]move: Volt Switch
|move|p2a: Salamence|Defog|p1a: Slowking
|-unboost|p1a: Slowking|evasion|1
|-sideend|p2: Highlord|Stealth Rock|[from] move: Defog|[of] p2a: Salamence
|
|upkeep
|turn|37
|
|t:|1659927334
|switch|p2a: Scizor|Scizor, M|100/100
|move|p1a: Slowking|Future Sight|p2a: Scizor
|-start|p1a: Slowking|move: Future Sight
|
|upkeep
|turn|38
|c|%suloxiv ✿|this is still happening
|inactive|Highlord has 10 seconds left.
|
|t:|1659927341
|move|p2a: Scizor|U-turn|p1a: Slowking
|-supereffective|p1a: Slowking
|-damage|p1a: Slowking|53/100
|inactive|Highlord has 10 seconds left.
|inactive|Highlord has 5 seconds left.
|
|t:|1659927352
|switch|p2a: Chansey|Chansey, F|68/100|[from]move: U-turn
|move|p1a: Slowking|Teleport|p1a: Slowking
|inactive|Highlord has 10 seconds left this turn.
|
|t:|1659927357
|switch|p1a: Toxicroak|Toxicroak, F|100/100|[from]move: Teleport
|
|upkeep
|turn|39
|c|%suloxiv ✿|in
|inactive|Highlord has 10 seconds left.
|inactive|Permission Slip has 10 seconds left.
|inactive|Highlord has 5 seconds left.
|
|t:|1659927368
|switch|p2a: Salamence|Salamence, M|86/100
|-ability|p2a: Salamence|Intimidate|boost
|-unboost|p1a: Toxicroak|atk|1
|move|p1a: Toxicroak|Cross Chop|p2a: Salamence
|-resisted|p2a: Salamence
|-damage|p2a: Salamence|73/100
|
|-end|p2a: Salamence|move: Future Sight
|-damage|p2a: Salamence|29/100
|upkeep
|turn|40
|inactive|Highlord has 10 seconds left this turn.
|inactive|Permission Slip has 10 seconds left.
|
|t:|1659927375
|move|p1a: Toxicroak|Gunk Shot|p2a: Salamence
|-damage|p2a: Salamence|1/100
|move|p2a: Salamence|Roost|p2a: Salamence
|-heal|p2a: Salamence|51/100
|-singleturn|p2a: Salamence|move: Roost
|
|upkeep
|turn|41
|c|%suloxiv ✿|<
|
|t:|1659927377
|switch|p1a: Slowking|Slowking, M|86/100
|move|p2a: Salamence|Roost|p2a: Salamence
|-heal|p2a: Salamence|100/100
|-singleturn|p2a: Salamence|move: Roost
|
|upkeep
|turn|42
|inactive|Highlord has 10 seconds left.
|
|t:|1659927383
|switch|p2a: Scizor|Scizor, M|100/100
|move|p1a: Slowking|Future Sight|p2a: Scizor
|-start|p1a: Slowking|move: Future Sight
|
|upkeep
|turn|43
|
|t:|1659927387
|move|p2a: Scizor|U-turn|p1a: Slowking
|-supereffective|p1a: Slowking
|-damage|p1a: Slowking|39/100
|
|t:|1659927391
|switch|p2a: Chansey|Chansey, F|68/100|[from]move: U-turn
|move|p1a: Slowking|Teleport|p1a: Slowking
|c|%pokemonisfun|cross what
|inactive|Permission Slip has 10 seconds left.
|
|t:|1659927396
|switch|p1a: Cobalion|Cobalion|66/100|[from]move: Teleport
|
|upkeep
|turn|44
|c|%suloxiv ✿|cross dn
|
|t:|1659927400
|move|p1a: Cobalion|Iron Head|p2a: Chansey
|-damage|p2a: Chansey|47/100
|move|p2a: Chansey|Soft-Boiled|p2a: Chansey
|-heal|p2a: Chansey|97/100
|
|-end|p2a: Chansey|move: Future Sight
|-damage|p2a: Chansey|85/100
|upkeep
|turn|45
|c|%pokemonisfun|didnt make sense
|inactive|Highlord has 10 seconds left.
|
|t:|1659927406
|switch|p2a: Salamence|Salamence, M|100/100
|-ability|p2a: Salamence|Intimidate|boost
|-unboost|p1a: Cobalion|atk|1
|move|p1a: Cobalion|Stealth Rock|p2a: Salamence
|-sidestart|p2: Highlord|move: Stealth Rock
|
|upkeep
|turn|46
|c|%suloxiv ✿|ok.
|
|t:|1659927409
|move|p1a: Cobalion|Volt Switch|p2a: Salamence
|-damage|p2a: Salamence|86/100
|
|t:|1659927411
|switch|p1a: Slowking|Slowking, M|72/100|[from]move: Volt Switch
|move|p2a: Salamence|Defog|p1a: Slowking
|-unboost|p1a: Slowking|evasion|1
|-sideend|p2: Highlord|Stealth Rock|[from] move: Defog|[of] p2a: Salamence
|
|upkeep
|turn|47
|c|☆Highlord|it's blitz bro
|inactive|Highlord has 10 seconds left.
|c|%pokemonisfun|your moves make sense
|
|t:|1659927420
|switch|p2a: Scizor|Scizor, M|100/100
|move|p1a: Slowking|Future Sight|p2a: Scizor
|-start|p1a: Slowking|move: Future Sight
|
|upkeep
|turn|48
|c|%pokemonisfun|im insulting sulo not you
|inactive|Highlord has 10 seconds left.
|inactive|Highlord has 5 seconds left.
|c|%suloxiv ✿|insult someone else
|
|t:|1659927432
|switch|p1a: Cobalion|Cobalion|66/100
|move|p2a: Scizor|Swords Dance|p2a: Scizor
|-boost|p2a: Scizor|atk|2
|
|upkeep
|turn|49
|inactive|Highlord has 10 seconds left this turn.
|c|%suloxiv ✿|im basically on ur level now
|inactive|Highlord has 5 seconds left.
|
|t:|1659927437
|move|p1a: Cobalion|Close Combat|p2a: Scizor
|-damage|p2a: Scizor|65/100
|-unboost|p1a: Cobalion|def|1
|-unboost|p1a: Cobalion|spd|1
|move|p2a: Scizor|Swords Dance|p2a: Scizor
|-boost|p2a: Scizor|atk|2
|
|-end|p2a: Scizor|move: Future Sight
|-resisted|p2a: Scizor
|-damage|p2a: Scizor|42/100
|upkeep
|turn|50
|inactive|Highlord has 10 seconds left this turn.
|
|t:|1659927441
|move|p1a: Cobalion|Volt Switch|p2a: Scizor
|-damage|p2a: Scizor|25/100
|
|t:|1659927443
|switch|p1a: Slowking|Slowking, M|100/100|[from]move: Volt Switch
|move|p2a: Scizor|Roost|p2a: Scizor
|-heal|p2a: Scizor|75/100
|-singleturn|p2a: Scizor|move: Roost
|
|upkeep
|turn|51
|inactive|Permission Slip has 10 seconds left.
|
|t:|1659927449
|switch|p1a: Salamence|Salamence, M|93/100 slp
|-ability|p1a: Salamence|Intimidate|boost
|-unboost|p2a: Scizor|atk|1
|move|p2a: Scizor|Swords Dance|p2a: Scizor
|-boost|p2a: Scizor|atk|2
|
|upkeep
|turn|52
|
|t:|1659927451
|move|p2a: Scizor|Bullet Punch|p1a: Salamence
|-damage|p1a: Salamence|22/100 slp
|cant|p1a: Salamence|slp
|
|upkeep
|turn|53
|
|t:|1659927456
|switch|p1a: Cobalion|Cobalion|66/100
|move|p2a: Scizor|Bullet Punch|p1a: Cobalion
|-resisted|p1a: Cobalion
|-damage|p1a: Cobalion|30/100
|
|upkeep
|turn|54
|
|t:|1659927458
|move|p2a: Scizor|Bullet Punch|p1a: Cobalion
|-resisted|p1a: Cobalion
|-damage|p1a: Cobalion|0 fnt
|faint|p1a: Cobalion
|
|upkeep
|c|%pokemonisfun|wait maybe scizor is broken
|inactive|Permission Slip has 10 seconds left.
|
|t:|1659927465
|switch|p1a: Slowking|Slowking, M|100/100
|turn|55
|
|t:|1659927468
|move|p2a: Scizor|U-turn|p1a: Slowking
|-supereffective|p1a: Slowking
|-damage|p1a: Slowking|0 fnt
|faint|p1a: Slowking
|c|%pokemonisfun|can i change my vote
|c|%suloxiv ✿|why didnt we ban it...
|inactive|Highlord has 10 seconds left.
|
|t:|1659927476
|switch|p2a: Diggersby|Diggersby, M|78/100|[from]move: U-turn
|
|upkeep
|
|t:|1659927478
|switch|p1a: Diggersby|Diggersby, F|88/100
|turn|56
|
|t:|1659927481
|switch|p2a: Salamence|Salamence, M|86/100
|-ability|p2a: Salamence|Intimidate|boost
|-unboost|p1a: Diggersby|atk|1
|move|p1a: Diggersby|Body Slam|p2a: Salamence
|-damage|p2a: Salamence|60/100
|-status|p2a: Salamence|par
|
|upkeep
|turn|57
|
|t:|1659927485
|switch|p1a: Salamence|Salamence, M|22/100 slp
|-ability|p1a: Salamence|Intimidate|boost
|-unboost|p2a: Salamence|atk|1
|cant|p2a: Salamence|par
|
|upkeep
|turn|58
|
|t:|1659927487
|cant|p1a: Salamence|slp
|move|p2a: Salamence|Draco Meteor|p1a: Salamence
|-supereffective|p1a: Salamence
|-damage|p1a: Salamence|0 fnt
|-unboost|p2a: Salamence|spa|2
|faint|p1a: Salamence
|
|upkeep
|
|t:|1659927489
|switch|p1a: Toxicroak|Toxicroak, F|100/100
|turn|59
|inactive|Highlord has 10 seconds left.
|
|t:|1659927495
|switch|p2a: Amoonguss|Amoonguss, M|100/100
|move|p1a: Toxicroak|Swords Dance|p1a: Toxicroak
|-boost|p1a: Toxicroak|atk|2
|
|upkeep
|turn|60
|
|t:|1659927498
|move|p1a: Toxicroak|Gunk Shot|p2a: Amoonguss
|-damage|p2a: Amoonguss|11/100
|move|p2a: Amoonguss|Spore|p1a: Toxicroak
|-status|p1a: Toxicroak|slp|[from] move: Spore
|
|-heal|p2a: Amoonguss|17/100|[from] item: Black Sludge
|upkeep
|turn|61
|
|t:|1659927501
|switch|p2a: Diggersby|Diggersby, M|78/100
|cant|p1a: Toxicroak|slp
|
|upkeep
|turn|62
|
|t:|1659927504
|cant|p1a: Toxicroak|slp
|move|p2a: Diggersby|Earthquake|p1a: Toxicroak
|-supereffective|p1a: Toxicroak
|-damage|p1a: Toxicroak|0 fnt
|faint|p1a: Toxicroak
|
|upkeep
|
|t:|1659927506
|switch|p1a: Diggersby|Diggersby, F|88/100
|turn|63
|inactive|Permission Slip has 10 seconds left.
|
|t:|1659927513
|switch|p2a: Salamence|Salamence, M|60/100 par
|-ability|p2a: Salamence|Intimidate|boost
|-unboost|p1a: Diggersby|atk|1
|move|p1a: Diggersby|Body Slam|p2a: Salamence
|-damage|p2a: Salamence|33/100 par
|
|upkeep
|turn|64
|
|t:|1659927515
|move|p1a: Diggersby|Body Slam|p2a: Salamence
|-damage|p2a: Salamence|6/100 par
|cant|p2a: Salamence|par
|
|upkeep
|turn|65
|c|%pokemonisfun|infinite para crits ful para
|c|%pokemonisfun|rfn
|
|t:|1659927517
|move|p1a: Diggersby|Body Slam|p2a: Salamence
|-damage|p2a: Salamence|0 fnt
|faint|p2a: Salamence
|
|upkeep
|
|t:|1659927519
|switch|p2a: Scizor|Scizor, M|75/100
|turn|66
|
|t:|1659927521
|move|p2a: Scizor|Bullet Punch|p1a: Diggersby
|-damage|p1a: Diggersby|50/100
|move|p1a: Diggersby|Body Slam|p2a: Scizor
|-resisted|p2a: Scizor
|-damage|p2a: Scizor|62/100
|-status|p2a: Scizor|par
|
|upkeep
|turn|67
|
|t:|1659927523
|move|p2a: Scizor|Bullet Punch|p1a: Diggersby
|-damage|p1a: Diggersby|14/100
|move|p1a: Diggersby|Body Slam|p2a: Scizor
|-resisted|p2a: Scizor
|-damage|p2a: Scizor|50/100 par
|
|upkeep
|turn|68
|
|t:|1659927524
|cant|p2a: Scizor|par
|move|p1a: Diggersby|Body Slam|p2a: Scizor
|-resisted|p2a: Scizor
|-crit|p2a: Scizor
|-damage|p2a: Scizor|22/100 par
|
|upkeep
|turn|69
|
|t:|1659927526
|move|p2a: Scizor|Bullet Punch|p1a: Diggersby
|-damage|p1a: Diggersby|0 fnt
|faint|p1a: Diggersby
|
|win|Highlord
|n|☆Permission Slip|permissionslip
|n|☆Highlord|highlord
|n| pokemonisfun|pokemonisfun
|n| suloxiv ✿|suloxiv
|c|☆Permission Slip|close
|c|☆Permission Slip|lol
|l| suloxiv ✿
|c|☆Permission Slip|gg
|c|☆Highlord|gg
|l|☆Permission Slip
|j| lustful angle
|l| lustful angle
|l|☆Highlord
|j|☆Highlord
|player|p2|Highlord|misty-masters
