|j|☆DreAM09
|j|☆Van Du
|t:|1604813472
|player|p1|DreAM09|will|1317
|player|p2|Van Du|skyla|1426
|teamsize|p1|6
|teamsize|p2|6
|gametype|singles
|gen|8
|tier|[Gen 8] UU
|rated|
|clearpoke
|poke|p1|Chansey, F|
|poke|p1|Ninetales-Alola, F|
|poke|p1|Arctozolt|
|poke|p1|Articuno|
|poke|p1|Slowking, F|
|poke|p1|Volcarona, F|
|poke|p2|Cloyster, M|
|poke|p2|Rotom-Wash|
|poke|p2|Ninetales-Alola, F|
|poke|p2|Incineroar, M|
|poke|p2|Salamence, M|
|poke|p2|Blacephalon|
|rule|Sleep Clause Mod: Limit one foe put to sleep
|rule|Species Clause: Limit one of each Pokémon
|rule|OHKO Clause: OHKO moves are banned
|rule|Evasion Moves Clause: Evasion moves are banned
|rule|Endless Battle Clause: Forcing endless battles is banned
|rule|HP Percentage Mod: HP is shown in percentages
|rule|Dynamax Clause: You cannot dynamax
|teampreview
|
|t:|1604813483
|start
|switch|p1a: Ninetales|Ninetales-Alola, F|100/100
|switch|p2a: Magician|Blacephalon|100/100
|-weather|Hail|[from] ability: Snow Warning|[of] p1a: Ninetales
|turn|1
|inactive|Battle timer is ON: inactive players will automatically lose when time's up. (requested by Van Du)
|
|t:|1604813490
|move|p2a: Magician|Trick|p1a: Ninetales
|-activate|p2a: Magician|move: Trick|[of] p1a: Ninetales
|-item|p1a: Ninetales|Choice Scarf|[from] move: Trick
|-item|p2a: Magician|Light Clay|[from] move: Trick
|move|p1a: Ninetales|Aurora Veil|p1a: Ninetales
|-sidestart|p1: DreAM09|move: Aurora Veil
|
|-weather|Hail|[upkeep]
|-damage|p2a: Magician|94/100|[from] Hail
|upkeep
|turn|2
|
|t:|1604813498
|switch|p1a: Volcarona|Volcarona, F|100/100
|switch|p2a: Frozen Tales|Ninetales-Alola, F|100/100
|
|-weather|Hail|[upkeep]
|-damage|p1a: Volcarona|94/100|[from] Hail
|upkeep
|turn|3
|
|t:|1604813505
|move|p2a: Frozen Tales|Aurora Veil|p2a: Frozen Tales
|-sidestart|p2: Van Du|move: Aurora Veil
|move|p1a: Volcarona|Quiver Dance|p1a: Volcarona
|-boost|p1a: Volcarona|spa|1
|-boost|p1a: Volcarona|spd|1
|-boost|p1a: Volcarona|spe|1
|
|-weather|Hail|[upkeep]
|-damage|p1a: Volcarona|88/100|[from] Hail
|upkeep
|turn|4
|
|t:|1604813512
|move|p1a: Volcarona|Fiery Dance|p2a: Frozen Tales
|-supereffective|p2a: Frozen Tales
|-damage|p2a: Frozen Tales|48/100
|move|p2a: Frozen Tales|Encore|p1a: Volcarona
|-start|p1a: Volcarona|Encore
|
|-weather|Hail|[upkeep]
|-damage|p1a: Volcarona|82/100|[from] Hail
|upkeep
|turn|5
|
|t:|1604813521
|switch|p2a: Magician|Blacephalon|94/100
|move|p1a: Volcarona|Fiery Dance|p2a: Magician
|-resisted|p2a: Magician
|-damage|p2a: Magician|73/100
|-boost|p1a: Volcarona|spa|1
|
|-weather|none
|-sideend|p1: DreAM09|move: Aurora Veil
|upkeep
|turn|6
|
|t:|1604813530
|move|p1a: Volcarona|Fiery Dance|p2a: Magician
|-resisted|p2a: Magician
|-damage|p2a: Magician|41/100
|-boost|p1a: Volcarona|spa|1
|move|p2a: Magician|Trick|p1a: Volcarona
|-activate|p2a: Magician|move: Trick|[of] p1a: Volcarona
|-item|p1a: Volcarona|Light Clay|[from] move: Trick
|-item|p2a: Magician|Heavy-Duty Boots|[from] move: Trick
|
|upkeep
|turn|7
|
|t:|1604813539
|switch|p2a: Free Beers|Rotom-Wash|100/100
|move|p1a: Volcarona|Fiery Dance|p2a: Free Beers
|-resisted|p2a: Free Beers
|-damage|p2a: Free Beers|82/100
|
|-heal|p2a: Free Beers|88/100|[from] item: Leftovers
|-end|p1a: Volcarona|Encore
|upkeep
|turn|8
|
|t:|1604813548
|move|p1a: Volcarona|Quiver Dance|p1a: Volcarona
|-boost|p1a: Volcarona|spa|1
|-boost|p1a: Volcarona|spd|1
|-boost|p1a: Volcarona|spe|1
|move|p2a: Free Beers|Hydro Pump|p1a: Volcarona
|-supereffective|p1a: Volcarona
|-damage|p1a: Volcarona|48/100
|
|-heal|p2a: Free Beers|94/100|[from] item: Leftovers
|upkeep
|turn|9
|
|t:|1604813556
|move|p1a: Volcarona|Roost|p1a: Volcarona
|-heal|p1a: Volcarona|98/100
|-singleturn|p1a: Volcarona|move: Roost
|move|p2a: Free Beers|Hydro Pump|p1a: Volcarona
|-supereffective|p1a: Volcarona
|-damage|p1a: Volcarona|62/100
|
|-heal|p2a: Free Beers|99/100|[from] item: Leftovers
|upkeep
|turn|10
|
|t:|1604813564
|move|p1a: Volcarona|Quiver Dance|p1a: Volcarona
|-boost|p1a: Volcarona|spa|1
|-boost|p1a: Volcarona|spd|1
|-boost|p1a: Volcarona|spe|1
|move|p2a: Free Beers|Volt Switch|p1a: Volcarona
|-damage|p1a: Volcarona|53/100
|
|t:|1604813571
|switch|p2a: Skybus|Salamence, M, shiny|100/100|[from]move: Volt Switch
|
|-sideend|p2: Van Du|move: Aurora Veil
|upkeep
|turn|11
|
|t:|1604813576
|move|p1a: Volcarona|Roost|p1a: Volcarona
|-heal|p1a: Volcarona|100/100
|-singleturn|p1a: Volcarona|move: Roost
|move|p2a: Skybus|Dual Wingbeat|p1a: Volcarona
|-supereffective|p1a: Volcarona
|-damage|p1a: Volcarona|42/100
|-status|p2a: Skybus|brn|[from] ability: Flame Body|[of] p1a: Volcarona
|-supereffective|p1a: Volcarona
|-damage|p1a: Volcarona|12/100
|-hitcount|p1a: Volcarona|2
|
|-damage|p2a: Skybus|94/100 brn|[from] brn
|upkeep
|turn|12
|
|t:|1604813594
|switch|p1a: Ninetales|Ninetales-Alola, F|100/100
|-weather|Hail|[from] ability: Snow Warning|[of] p1a: Ninetales
|move|p2a: Skybus|Dual Wingbeat|p1a: Ninetales
|-damage|p1a: Ninetales|88/100
|-damage|p1a: Ninetales|76/100
|-hitcount|p1a: Ninetales|2
|
|-weather|Hail|[upkeep]
|-damage|p2a: Skybus|88/100 brn|[from] Hail
|-damage|p2a: Skybus|82/100 brn|[from] brn
|upkeep
|turn|13
|
|t:|1604813605
|switch|p2a: Frozen Tales|Ninetales-Alola, F|48/100
|move|p1a: Ninetales|Aurora Veil|p1a: Ninetales
|-sidestart|p1: DreAM09|move: Aurora Veil
|
|-weather|Hail|[upkeep]
|upkeep
|turn|14
|
|t:|1604813610
|switch|p1a: Chansey|Chansey, F|100/100
|move|p2a: Frozen Tales|Aurora Veil|p2a: Frozen Tales
|-sidestart|p2: Van Du|move: Aurora Veil
|
|-weather|Hail|[upkeep]
|-damage|p1a: Chansey|94/100|[from] Hail
|upkeep
|turn|15
|
|t:|1604813617
|switch|p2a: Unseen Fist|Incineroar, M|100/100
|-ability|p2a: Unseen Fist|Intimidate|boost
|-unboost|p1a: Chansey|atk|1
|move|p1a: Chansey|Wish|p1a: Chansey
|
|-weather|Hail|[upkeep]
|-damage|p2a: Unseen Fist|94/100|[from] Hail
|-damage|p1a: Chansey|88/100|[from] Hail
|upkeep
|turn|16
|
|t:|1604813626
|switch|p1a: Volcarona|Volcarona, F|12/100
|move|p2a: Unseen Fist|Bulk Up|p2a: Unseen Fist
|-boost|p2a: Unseen Fist|atk|1
|-boost|p2a: Unseen Fist|def|1
|
|-weather|none
|-heal|p1a: Volcarona|100/100|[from] move: Wish|[wisher] Chansey
|upkeep
|turn|17
|
|t:|1604813636
|move|p1a: Volcarona|Quiver Dance|p1a: Volcarona
|-boost|p1a: Volcarona|spa|1
|-boost|p1a: Volcarona|spd|1
|-boost|p1a: Volcarona|spe|1
|move|p2a: Unseen Fist|Flame Charge|p1a: Volcarona
|-damage|p1a: Volcarona|83/100
|-boost|p2a: Unseen Fist|spe|1
|
|-sideend|p1: DreAM09|move: Aurora Veil
|upkeep
|turn|18
|
|t:|1604813652
|move|p1a: Volcarona|Bug Buzz|p2a: Unseen Fist
|-crit|p2a: Unseen Fist
|-damage|p2a: Unseen Fist|17/100
|move|p2a: Unseen Fist|Bulk Up|p2a: Unseen Fist
|-boost|p2a: Unseen Fist|atk|1
|-boost|p2a: Unseen Fist|def|1
|
|upkeep
|turn|19
|
|t:|1604813659
|move|p1a: Volcarona|Bug Buzz|p2a: Unseen Fist
|-damage|p2a: Unseen Fist|0 fnt
|faint|p2a: Unseen Fist
|
|upkeep
|
|t:|1604813665
|switch|p2a: Perish Song|Cloyster, M, shiny|100/100
|turn|20
|
|t:|1604813669
|move|p1a: Volcarona|Fiery Dance|p2a: Perish Song
|-damage|p2a: Perish Song|36/100
|-boost|p1a: Volcarona|spa|1
|move|p2a: Perish Song|Shell Smash|p2a: Perish Song
|-unboost|p2a: Perish Song|def|1
|-unboost|p2a: Perish Song|spd|1
|-boost|p2a: Perish Song|atk|2
|-boost|p2a: Perish Song|spa|2
|-boost|p2a: Perish Song|spe|2
|
|upkeep
|turn|21
|
|t:|1604813688
|switch|p1a: Slowking|Slowking, F, shiny|100/100
|move|p2a: Perish Song|Rock Blast|p1a: Slowking
|-damage|p1a: Slowking|91/100
|-damage|p1a: Slowking|81/100
|-damage|p1a: Slowking|71/100
|-damage|p1a: Slowking|61/100
|-damage|p1a: Slowking|52/100
|-hitcount|p1a: Slowking|5
|
|-heal|p1a: Slowking|58/100|[from] item: Leftovers
|-sideend|p2: Van Du|move: Aurora Veil
|upkeep
|turn|22
|
|t:|1604813701
|move|p2a: Perish Song|Rock Blast|p1a: Slowking
|-damage|p1a: Slowking|46/100
|-damage|p1a: Slowking|36/100
|-damage|p1a: Slowking|26/100
|-damage|p1a: Slowking|15/100
|-damage|p1a: Slowking|4/100
|-hitcount|p1a: Slowking|5
|move|p1a: Slowking|Scald|p2a: Perish Song
|-resisted|p2a: Perish Song
|-damage|p2a: Perish Song|0 fnt
|faint|p2a: Perish Song
|
|-heal|p1a: Slowking|10/100|[from] item: Leftovers
|upkeep
|
|t:|1604813714
|switch|p2a: Magician|Blacephalon|41/100
|turn|23
|
|t:|1604813718
|switch|p1a: Chansey|Chansey, F|88/100
|move|p2a: Magician|Shadow Ball|p1a: Chansey
|-immune|p1a: Chansey
|
|upkeep
|turn|24
|
|t:|1604813723
|move|p2a: Magician|Trick|p1a: Chansey
|-activate|p2a: Magician|move: Trick|[of] p1a: Chansey
|-item|p1a: Chansey|Heavy-Duty Boots|[from] move: Trick
|-item|p2a: Magician|Eviolite|[from] move: Trick
|move|p1a: Chansey|Wish|p1a: Chansey
|
|upkeep
|turn|25
|
|t:|1604813733
|switch|p1a: Ninetales|Ninetales-Alola, F|76/100
|-weather|Hail|[from] ability: Snow Warning|[of] p1a: Ninetales
|move|p2a: Magician|Shadow Ball|p1a: Ninetales
|-damage|p1a: Ninetales|33/100
|-unboost|p1a: Ninetales|spd|1
|
|-weather|Hail|[upkeep]
|-damage|p2a: Magician|35/100|[from] Hail
|-heal|p1a: Ninetales|100/100|[from] move: Wish|[wisher] Chansey
|upkeep
|turn|26
|
|t:|1604813744
|move|p1a: Ninetales|Aurora Veil|p1a: Ninetales
|-sidestart|p1: DreAM09|move: Aurora Veil
|move|p2a: Magician|Fire Blast|p1a: Ninetales
|-supereffective|p1a: Ninetales
|-damage|p1a: Ninetales|3/100
|
|-weather|Hail|[upkeep]
|-damage|p2a: Magician|29/100|[from] Hail
|upkeep
|turn|27
|
|t:|1604813752
|switch|p1a: Chansey|Chansey, F|88/100
|move|p2a: Magician|Shadow Ball|p1a: Chansey
|-immune|p1a: Chansey
|
|-weather|Hail|[upkeep]
|-damage|p2a: Magician|23/100|[from] Hail
|-damage|p1a: Chansey|82/100|[from] Hail
|upkeep
|turn|28
|
|t:|1604813761
|switch|p2a: Free Beers|Rotom-Wash|99/100
|move|p1a: Chansey|Wish|p1a: Chansey
|
|-weather|Hail|[upkeep]
|-damage|p2a: Free Beers|94/100|[from] Hail
|-damage|p1a: Chansey|75/100|[from] Hail
|-heal|p2a: Free Beers|99/100|[from] item: Leftovers
|upkeep
|turn|29
|
|t:|1604813770
|switch|p1a: Slowking|Slowking, F, shiny|44/100
|move|p2a: Free Beers|Hydro Pump|p1a: Slowking|[miss]
|-miss|p2a: Free Beers|p1a: Slowking
|
|-weather|none
|-heal|p1a: Slowking|100/100|[from] move: Wish|[wisher] Chansey
|-heal|p2a: Free Beers|100/100|[from] item: Leftovers
|upkeep
|turn|30
|
|t:|1604813780
|move|p2a: Free Beers|Defog|p1a: Slowking
|-unboost|p1a: Slowking|evasion|1
|-sideend|p1: DreAM09|move: Aurora Veil
|move|p1a: Slowking|Future Sight|p2a: Free Beers
|-start|p1a: Slowking|move: Future Sight
|
|upkeep
|turn|31
|
|t:|1604813785
|move|p2a: Free Beers|Volt Switch|p1a: Slowking
|-supereffective|p1a: Slowking
|-damage|p1a: Slowking|58/100
|
|t:|1604813788
|switch|p2a: Frozen Tales|Ninetales-Alola, F|48/100|[from]move: Volt Switch
|-weather|Hail|[from] ability: Snow Warning|[of] p2a: Frozen Tales
|move|p1a: Slowking|Teleport|p1a: Slowking
|
|t:|1604813797
|switch|p1a: Arctozolt|Arctozolt|100/100|[from]move: Teleport
|
|-weather|Hail|[upkeep]
|upkeep
|turn|32
|
|t:|1604813801
|move|p1a: Arctozolt|Bolt Beak|p2a: Frozen Tales
|-damage|p2a: Frozen Tales|0 fnt
|-damage|p1a: Arctozolt|91/100|[from] item: Life Orb
|faint|p2a: Frozen Tales
|
|-weather|Hail|[upkeep]
|-hint|Future Sight did not hit because the target is the user.
|upkeep
|-message|Van Du forfeited.
|
|win|DreAM09
|l|☆Van Du
