|raw|<div class="broadcast-red"><strong>This battle is invite-only!</strong><br />Users must be invited with <code>/invite</code> (or be staff) to join</div>
|j|☆Amane Misa
|j|☆Moutemoute
|t:|1596816147
|player|p1|Amane Misa|#amanemisa|
|player|p2|Moutemoute|#moutemoute|
|teamsize|p1|6
|teamsize|p2|6
|gametype|singles
|gen|8
|tier|[Gen 8] UU
|clearpoke
|poke|p1|Skarmory, F|
|poke|p1|Palossand, M|
|poke|p1|Umbreon, M|
|poke|p1|Weezing-Galar, F|
|poke|p1|Mantine, F|
|poke|p1|Quagsire, M|
|poke|p2|Hatterene, F|
|poke|p2|Doublade, M|
|poke|p2|Weezing-Galar, M|
|poke|p2|Krookodile, F|
|poke|p2|Jirachi|
|poke|p2|Keldeo-Resolute|
|rule|Sleep Clause Mod: Limit one foe put to sleep
|rule|Species Clause: Limit one of each Pokémon
|rule|OHKO Clause: OHKO moves are banned
|rule|Evasion Moves Clause: Evasion moves are banned
|rule|Endless Battle Clause: Forcing endless battles is banned
|rule|HP Percentage Mod: HP is shown in percentages
|rule|Dynamax Clause: You cannot dynamax
|teampreview
|c|☆Amane Misa|how do u
|c|☆Amane Misa|unhide a room
|raw|<div class="broadcast-blue"><strong>This room is no longer invite only!</strong><br />Anyone may now join.</div>
|c|☆Amane Misa|/log Amane Misa turned off modjoin.
|j| teddiursa talk
|j|+Dlanyer
|c| teddiursa talk|there we go
|j| Alkione
|j| Somalia
|j| Garglesoc
|l|+Dlanyer
|j| Chad Kuma
|j| juuno
|j| Loki555
|j| Ye Na Choi
|j| Lilburr
|j| laevin ㋛
|j|%vivalospride
|j| basaninho
|c|☆Amane Misa|is it still private?
|l| juuno
|c|☆Moutemoute|i don't think so
|c|%vivalospride|people can join at least
|c| Alkione|Cataaaaapuuuuulte tes mooooorts
|j| 7MM
|c|%vivalospride|thru a link
|c|%vivalospride|so it's fine
|j| juuno
|c| Alkione|Eeeeet tes frères et sœurs !
|l| Somalia
|j| faded love
|j| Adaam
|j| Corazan
|n| treeckomaman|7mm
|j|+Dlanyer
|l| Alkione
|j| HYDREIGON SPECS
|c| faded love|amane misa it’s /publicroom
|c| faded love|i think
|j| pokemonisfun
|j| Zephyyyr
|c|☆Amane Misa|/log Amane Misa made this room public.
|j| asdgashqa3wef
|c|☆Amane Misa|rt
|c|☆Amane Misa|ty
|c| pokemonisfun|uupl?
|c|%vivalospride|retween
|j| TSR
|j| Pokelololol
|c|☆Moutemoute|uuwc
|c| faded love|uult?
|c| HYDREIGON SPECS|no pokemonisfun uupl ended 2 months ago
|j| Freeroamer
|c|+Dlanyer|La coupe.
|c| pokemonisfun|uu snake?
|c| HYDREIGON SPECS|uu snake doesn't exist
|c| faded love|what about uu trio tour
|c|+Dlanyer|Uuwc
|l| asdgashqa3wef
|j| Somalia
|c|+Dlanyer|Rofl
|
|t:|1596816311
|start
|switch|p1a: Quagsire|Quagsire, M|100/100
|switch|p2a: Jirachi|Jirachi|100/100
|turn|1
|c| pokemonisfun|uu trio tour
|c| Chad Kuma|uu open ?
|c|%vivalospride|sm cup?
|j|+Christo
|j| Highways
|j| JustFranco
|
|t:|1596816329
|switch|p1a: Umbreon|Umbreon, M|100/100
|move|p2a: Jirachi|U-turn|p1a: Umbreon
|-supereffective|p1a: Umbreon
|-damage|p1a: Umbreon|70/100
|c| HYDREIGON SPECS|this is not sm it's ss so no it's not sm cup vivalospride
|j| Expulso
|c|%vivalospride|oh sorry
|
|t:|1596816338
|switch|p2a: Keldeo|Keldeo-Resolute|100/100|[from]move: U-turn
|
|-heal|p1a: Umbreon|76/100|[from] item: Leftovers
|upkeep
|turn|2
|l|+Christo
|c| faded love|is it DPP cup
|c| TSR|this is actually a uu game from snake 1 guys
|l| Zephyyyr
|
|t:|1596816342
|move|p1a: Umbreon|Protect|p1a: Umbreon
|-singleturn|p1a: Umbreon|Protect
|move|p2a: Keldeo|Secret Sword|p1a: Umbreon
|-activate|p1a: Umbreon|move: Protect
|
|-heal|p1a: Umbreon|82/100|[from] item: Leftovers
|upkeep
|turn|3
|
|t:|1596816347
|switch|p1a: Mantine|Mantine, F|100/100
|move|p2a: Keldeo|Toxic|p1a: Mantine
|-status|p1a: Mantine|tox
|
|-damage|p1a: Mantine|94/100 tox|[from] psn
|upkeep
|turn|4
|n| Zenin|vivalospride
|c| Highways|europe can go 1-5 or 2-4 now right?
|c| pokemonisfun|i go weezing there
|j| lt71lx kh
|
|t:|1596816360
|switch|p2a: Weezing|Weezing-Galar, M|100/100
|move|p1a: Mantine|Scald|p2a: Weezing
|-damage|p2a: Weezing|66/100
|-status|p2a: Weezing|brn
|
|-heal|p2a: Weezing|72/100 brn|[from] item: Black Sludge
|-damage|p2a: Weezing|66/100 brn|[from] brn
|-damage|p1a: Mantine|82/100 tox|[from] psn
|upkeep
|turn|5
|j| Alkione
|c| pokemonisfun|wtf how
|j| StitchtheGlaceon ➹
|
|t:|1596816385
|switch|p2a: Keldeo|Keldeo-Resolute|100/100
|switch|p1a: Palossand|Palossand, M|100/100
|
|upkeep
|turn|6
|j| HaxxSel
|j| lulu qlf
|
|t:|1596816396
|switch|p2a: Weezing|Weezing-Galar, M|66/100 brn
|switch|p1a: Mantine|Mantine, F|82/100 tox
|
|-heal|p2a: Weezing|72/100 brn|[from] item: Black Sludge
|-damage|p2a: Weezing|66/100 brn|[from] brn
|-damage|p1a: Mantine|76/100 tox|[from] psn
|upkeep
|turn|7
|
|t:|1596816403
|switch|p1a: Palossand|Palossand, M|100/100
|move|p2a: Weezing|Strange Steam|p1a: Palossand
|-damage|p1a: Palossand|71/100
|
|-heal|p2a: Weezing|72/100 brn|[from] item: Black Sludge
|-damage|p2a: Weezing|66/100 brn|[from] brn
|upkeep
|turn|8
|
|t:|1596816414
|move|p2a: Weezing|Corrosive Gas|p1a: Palossand
|-enditem|p1a: Palossand|Colbur Berry|[from] move: Corrosive Gas|[of] p2a: Weezing
|move|p1a: Palossand|Scorching Sands|p2a: Weezing
|-immune|p2a: Weezing|[from] ability: Levitate
|
|-heal|p2a: Weezing|72/100 brn|[from] item: Black Sludge
|-damage|p2a: Weezing|66/100 brn|[from] brn
|upkeep
|turn|9
|c| pokemonisfun|lol
|c| teddiursa talk|him
|c| pokemonisfun|gassed
|j|+TDK
|
|t:|1596816435
|move|p2a: Weezing|Strange Steam|p1a: Palossand
|-damage|p1a: Palossand|42/100
|move|p1a: Palossand|Scorching Sands|p2a: Weezing
|-immune|p2a: Weezing|[from] ability: Levitate
|
|-heal|p2a: Weezing|72/100 brn|[from] item: Black Sludge
|-damage|p2a: Weezing|66/100 brn|[from] brn
|upkeep
|turn|10
|c| TSR|Knock off weezing
|
|t:|1596816440
|switch|p2a: Keldeo|Keldeo-Resolute|100/100
|move|p1a: Palossand|Shore Up|p1a: Palossand
|-heal|p1a: Palossand|92/100
|
|upkeep
|turn|11
|
|t:|1596816446
|switch|p1a: Mantine|Mantine, F|76/100 tox
|move|p2a: Keldeo|Secret Sword|p1a: Mantine
|-resisted|p1a: Mantine
|-damage|p1a: Mantine|57/100 tox
|
|-damage|p1a: Mantine|50/100 tox|[from] psn
|upkeep
|turn|12
|c| Expulso|hey guys
|c| Expulso|what ability do u think weezing galar has
|
|t:|1596816454
|switch|p2a: Krookodile|Krookodile, F|100/100
|-ability|p2a: Krookodile|Intimidate|boost
|-unboost|p1a: Mantine|atk|1
|move|p1a: Mantine|Roost|p1a: Mantine
|-heal|p1a: Mantine|100/100 tox
|-singleturn|p1a: Mantine|move: Roost
|
|-damage|p1a: Mantine|88/100 tox|[from] psn
|upkeep
|turn|13
|c|+TDK|pif do you want some more trivia
|
|t:|1596816462
|switch|p1a: Quagsire|Quagsire, M|100/100
|move|p2a: Krookodile|Stealth Rock|p1a: Quagsire
|-sidestart|p1: Amane Misa|move: Stealth Rock
|
|upkeep
|turn|14
|j| SHROKER
|c| HYDREIGON SPECS|it has 3 Expulso
|c| Lilburr|please give us trivia
|c| pokemonisfun|thanks tdk
|l| HaxxSel
|c| HYDREIGON SPECS|neutralizing gas, levitate and misty surge
|c| pokemonisfun|its okay i want to focus on watchign this
|c| Expulso|HYDREIGON SPECS hydreigon specs
|j| Solonor24
|j| Coup Victoire
|n| Highways@!|highways
|
|t:|1596816502
|move|p2a: Krookodile|Knock Off|p1a: Quagsire
|-damage|p1a: Quagsire|66/100
|-enditem|p1a: Quagsire|Leftovers|[from] move: Knock Off|[of] p2a: Krookodile
|move|p1a: Quagsire|Earthquake|p2a: Krookodile
|-damage|p2a: Krookodile|64/100
|
|upkeep
|turn|15
|c| pokemonisfun|im trying to think of nicknames for misas team
|j|+Eyan
|c| pokemonisfun|what would palossand be
|
|t:|1596816513
|switch|p2a: Hatterene|Hatterene, F|100/100
|move|p1a: Quagsire|Earthquake|p2a: Hatterene
|-damage|p2a: Hatterene|73/100
|
|-heal|p2a: Hatterene|79/100|[from] item: Leftovers
|upkeep
|turn|16
|c|☆Amane Misa|so it's cm
|c|☆Amane Misa|gg
|
|t:|1596816529
|switch|p1a: Weezing|Weezing-Galar, F|100/100
|-ability|p1a: Weezing|Neutralizing Gas
|-damage|p1a: Weezing|88/100|[from] Stealth Rock
|move|p2a: Hatterene|Calm Mind|p2a: Hatterene
|-boost|p2a: Hatterene|spa|1
|-boost|p2a: Hatterene|spd|1
|
|-heal|p1a: Weezing|94/100|[from] item: Black Sludge
|-heal|p2a: Hatterene|85/100|[from] item: Leftovers
|upkeep
|turn|17
|
|t:|1596816534
|move|p1a: Weezing|Toxic|p2a: Hatterene
|-status|p2a: Hatterene|tox
|move|p2a: Hatterene|Psychic|p1a: Weezing
|-supereffective|p1a: Weezing
|-damage|p1a: Weezing|0 fnt
|faint|p1a: Weezing
|
|-heal|p2a: Hatterene|91/100 tox|[from] item: Leftovers
|-damage|p2a: Hatterene|85/100 tox|[from] psn
|upkeep
|
|t:|1596816542
|switch|p1a: Mantine|Mantine, F|88/100 tox
|turn|18
|c| pokemonisfun|i also like to use weezing as my cm psychic ctype ounter
|j| esche
|c|+TDK|me too
|
|t:|1596816553
|move|p1a: Mantine|Defog|p2a: Hatterene
|move|p2a: Hatterene|Defog|p1a: Mantine|[from]Magic Bounce
|-unboost|p1a: Mantine|evasion|1
|-sideend|p1: Amane Misa|Stealth Rock|[from] move: Defog|[of] p2a: Hatterene
|move|p2a: Hatterene|Psychic|p1a: Mantine
|-damage|p1a: Mantine|46/100 tox
|
|-heal|p2a: Hatterene|91/100 tox|[from] item: Leftovers
|-damage|p1a: Mantine|40/100 tox|[from] psn
|-damage|p2a: Hatterene|79/100 tox|[from] psn
|upkeep
|turn|19
|
|t:|1596816559
|switch|p2a: Krookodile|Krookodile, F|64/100
|-ability|p2a: Krookodile|Intimidate|boost
|-unboost|p1a: Mantine|atk|1
|move|p1a: Mantine|Roost|p1a: Mantine
|-heal|p1a: Mantine|90/100 tox
|-singleturn|p1a: Mantine|move: Roost
|
|-damage|p1a: Mantine|78/100 tox|[from] psn
|upkeep
|turn|20
|
|t:|1596816568
|switch|p1a: Skarmory|Skarmory, F|100/100
|move|p2a: Krookodile|Knock Off|p1a: Skarmory
|-damage|p1a: Skarmory|72/100
|-enditem|p1a: Skarmory|Shed Shell|[from] move: Knock Off|[of] p2a: Krookodile
|
|upkeep
|turn|21
|
|t:|1596816575
|move|p2a: Krookodile|Stealth Rock|p1a: Skarmory
|-sidestart|p1: Amane Misa|move: Stealth Rock
|move|p1a: Skarmory|Body Press|p2a: Krookodile
|-supereffective|p2a: Krookodile
|-damage|p2a: Krookodile|0 fnt
|faint|p2a: Krookodile
|
|upkeep
|j| lucqq
|
|t:|1596816585
|switch|p2a: Doublade|Doublade, M|100/100
|turn|22
|c| pokemonisfun|this is a
|c| pokemonisfun|pressing situation
|c| pokemonisfun|:O
|
|t:|1596816605
|move|p1a: Skarmory|Spikes|p2a: Doublade
|-sidestart|p2: Moutemoute|Spikes
|move|p2a: Doublade|Shadow Claw|p1a: Skarmory
|-damage|p1a: Skarmory|51/100
|
|upkeep
|turn|23
|c| HYDREIGON SPECS|i wish i was body pressed by a wailmer irl
|j| MrManshark
|c| SHROKER|me too kid
|c|+TDK|why not wailord
|j| confide
|c| HYDREIGON SPECS|beacuse wailmer has
|c| HYDREIGON SPECS|clear smog
|c| HYDREIGON SPECS|water spout
|
|t:|1596816627
|move|p1a: Skarmory|Roost|p1a: Skarmory
|-heal|p1a: Skarmory|100/100
|-singleturn|p1a: Skarmory|move: Roost
|move|p2a: Doublade|Close Combat|p1a: Skarmory
|-supereffective|p1a: Skarmory
|-damage|p1a: Skarmory|51/100
|-unboost|p2a: Doublade|def|1
|-unboost|p2a: Doublade|spd|1
|
|upkeep
|turn|24
|c| Lilburr|so does wailord
|c| HYDREIGON SPECS|does it rly.
|
|t:|1596816636
|move|p1a: Skarmory|Roost|p1a: Skarmory
|-heal|p1a: Skarmory|100/100
|-singleturn|p1a: Skarmory|move: Roost
|move|p2a: Doublade|Swords Dance|p2a: Doublade
|-boost|p2a: Doublade|atk|2
|
|upkeep
|turn|25
|c| HYDREIGON SPECS|damn
|
|t:|1596816639
|move|p2a: Doublade|Shadow Claw|p1a: Skarmory
|-damage|p1a: Skarmory|58/100
|move|p1a: Skarmory|Whirlwind|p2a: Doublade
|drag|p2a: Keldeo|Keldeo-Resolute|100/100
|
|upkeep
|turn|26
|c|+TDK|,
|c| HYDREIGON SPECS|i'm prob gonna die
|c| HYDREIGON SPECS|though
|c| SHROKER|yea die of ecstasy
|
|t:|1596816653
|switch|p1a: Mantine|Mantine, F|78/100 tox
|move|p2a: Keldeo|Secret Sword|p1a: Mantine
|-resisted|p1a: Mantine
|-damage|p1a: Mantine|59/100 tox
|
|-damage|p1a: Mantine|53/100 tox|[from] psn
|upkeep
|turn|27
|j| Garay oak
|c|+TDK|how heavy is wailmer
|
|t:|1596816659
|switch|p2a: Jirachi|Jirachi|100/100
|-damage|p2a: Jirachi|88/100|[from] Spikes
|move|p1a: Mantine|Roost|p1a: Mantine
|-heal|p1a: Mantine|100/100 tox
|-singleturn|p1a: Mantine|move: Roost
|
|-damage|p1a: Mantine|88/100 tox|[from] psn
|upkeep
|turn|28
|c|+TDK|!dt wailmer
|raw|<div class="message"><ul class="utilichart"><li class="result"><span class="col numcol">LC</span> <span class="col iconcol"><psicon pokemon="wailmer"/></span> <span class="col pokemonnamecol" style="white-space:nowrap"><a href="https://dex.pokemonshowdown.com/pokemon/wailmer" target="_blank">Wailmer</a></span> <span class="col typecol"><img src="https://play.pokemonshowdown.com/sprites/types/Water.png" alt="Water" height="14" width="32"></span> <span style="float:left;min-height:26px"><span class="col twoabilitycol">Water Veil<br />Oblivious</span><span class="col abilitycol"><em>Pressure</em></span></span><span style="float:left;min-height:26px"><span class="col statcol"><em>HP</em><br />130</span> <span class="col statcol"><em>Atk</em><br />70</span> <span class="col statcol"><em>Def</em><br />35</span> <span class="col statcol"><em>SpA</em><br />70</span> <span class="col statcol"><em>SpD</em><br />35</span> <span class="col statcol"><em>Spe</em><br />60</span> <span class="col bstcol"><em>BST<br />400</em></span> </span></li><li style="clear:both"></li></ul></div>
|raw|<font size="1"><font color="#686868">Dex#:</font> 320&nbsp;|&ThickSpace;<font color="#686868">Gen:</font> 3&nbsp;|&ThickSpace;<font color="#686868">Height:</font> 2 m&nbsp;|&ThickSpace;<font color="#686868">Weight:</font> 130 kg <em>(100 BP)</em>&nbsp;|&ThickSpace;<font color="#686868">Dex Colour:</font> Blue&nbsp;|&ThickSpace;<font color="#686868">Egg Group(s):</font> Field, Water 2&nbsp;|&ThickSpace;<font color="#686868">Evolution:</font> Wailord (40)</font>

|c| Lilburr|do !dt wailmer
|c| Lilburr|o
|
|t:|1596816665
|switch|p1a: Palossand|Palossand, M|92/100
|-damage|p1a: Palossand|86/100|[from] Stealth Rock
|move|p2a: Jirachi|Healing Wish|p2a: Jirachi
|faint|p2a: Jirachi
|
|upkeep
|c| Lilburr|hes chunky
|
|t:|1596816669
|switch|p2a: Hatterene|Hatterene, F|79/100 tox
|-heal|p2a: Hatterene|100/100|[from] move: Healing Wish
|-damage|p2a: Hatterene|88/100|[from] Spikes
|turn|29
|c|☆Amane Misa|yep thats rough
|c| lucqq|thique
|
|t:|1596816678
|move|p2a: Hatterene|Calm Mind|p2a: Hatterene
|-boost|p2a: Hatterene|spa|1
|-boost|p2a: Hatterene|spd|1
|move|p1a: Palossand|Scorching Sands|p2a: Hatterene
|-damage|p2a: Hatterene|72/100
|-status|p2a: Hatterene|brn
|
|-heal|p2a: Hatterene|78/100 brn|[from] item: Leftovers
|-damage|p2a: Hatterene|72/100 brn|[from] brn
|upkeep
|turn|30
|l| MrManshark
|j|+Donphantastic
|
|t:|1596816694
|switch|p1a: Umbreon|Umbreon, M|82/100
|-damage|p1a: Umbreon|69/100|[from] Stealth Rock
|move|p2a: Hatterene|Draining Kiss|p1a: Umbreon
|-supereffective|p1a: Umbreon
|-damage|p1a: Umbreon|32/100
|-heal|p2a: Hatterene|100/100 brn|[from] drain|[of] p1a: Umbreon
|
|-heal|p1a: Umbreon|38/100|[from] item: Leftovers
|-damage|p2a: Hatterene|95/100 brn|[from] brn
|upkeep
|turn|31
|
|t:|1596816702
|move|p1a: Umbreon|Wish|p1a: Umbreon
|move|p2a: Hatterene|Calm Mind|p2a: Hatterene
|-boost|p2a: Hatterene|spa|1
|-boost|p2a: Hatterene|spd|1
|
|-heal|p1a: Umbreon|44/100|[from] item: Leftovers
|-heal|p2a: Hatterene|100/100 brn|[from] item: Leftovers
|-damage|p2a: Hatterene|95/100 brn|[from] brn
|upkeep
|turn|32
|c| pokemonisfun|kiss kiss fall in love
|
|t:|1596816710
|switch|p1a: Quagsire|Quagsire, M|66/100
|-damage|p1a: Quagsire|60/100|[from] Stealth Rock
|move|p2a: Hatterene|Calm Mind|p2a: Hatterene
|-boost|p2a: Hatterene|spa|1
|-boost|p2a: Hatterene|spd|1
|
|-heal|p1a: Quagsire|100/100|[from] move: Wish|[wisher] Umbreon
|-heal|p2a: Hatterene|100/100 brn|[from] item: Leftovers
|-damage|p2a: Hatterene|95/100 brn|[from] brn
|upkeep
|turn|33
|
|t:|1596816714
|move|p2a: Hatterene|Psychic|p1a: Quagsire
|-damage|p1a: Quagsire|53/100
|move|p1a: Quagsire|Earthquake|p2a: Hatterene
|-damage|p2a: Hatterene|70/100 brn
|
|-heal|p2a: Hatterene|76/100 brn|[from] item: Leftovers
|-damage|p2a: Hatterene|70/100 brn|[from] brn
|upkeep
|turn|34
|
|t:|1596816724
|move|p1a: Quagsire|Protect|p1a: Quagsire
|-singleturn|p1a: Quagsire|Protect
|move|p2a: Hatterene|Psychic|p1a: Quagsire
|-activate|p1a: Quagsire|move: Protect
|
|-heal|p2a: Hatterene|76/100 brn|[from] item: Leftovers
|-damage|p2a: Hatterene|70/100 brn|[from] brn
|upkeep
|turn|35
|
|t:|1596816726
|move|p2a: Hatterene|Psychic|p1a: Quagsire
|-damage|p1a: Quagsire|2/100
|move|p1a: Quagsire|Recover|p1a: Quagsire
|-heal|p1a: Quagsire|52/100
|
|-heal|p2a: Hatterene|76/100 brn|[from] item: Leftovers
|-damage|p2a: Hatterene|70/100 brn|[from] brn
|upkeep
|turn|36
|j|+estarossa
|
|t:|1596816731
|move|p1a: Quagsire|Protect|p1a: Quagsire
|-singleturn|p1a: Quagsire|Protect
|move|p2a: Hatterene|Draining Kiss|p1a: Quagsire
|-activate|p1a: Quagsire|move: Protect
|
|-heal|p2a: Hatterene|76/100 brn|[from] item: Leftovers
|-damage|p2a: Hatterene|70/100 brn|[from] brn
|upkeep
|turn|37
|
|t:|1596816733
|move|p2a: Hatterene|Psychic|p1a: Quagsire
|-crit|p1a: Quagsire
|-damage|p1a: Quagsire|0 fnt
|faint|p1a: Quagsire
|
|-heal|p2a: Hatterene|76/100 brn|[from] item: Leftovers
|-damage|p2a: Hatterene|70/100 brn|[from] brn
|upkeep
|
|t:|1596816736
|switch|p1a: Mantine|Mantine, F|88/100 tox
|turn|38
|
|t:|1596816739
|move|p1a: Mantine|Haze|p1a: Mantine
|-clearallboost
|move|p2a: Hatterene|Psychic|p1a: Mantine
|-crit|p1a: Mantine
|-damage|p1a: Mantine|45/100 tox
|
|-heal|p2a: Hatterene|76/100 brn|[from] item: Leftovers
|-damage|p1a: Mantine|39/100 tox|[from] psn
|-damage|p2a: Hatterene|70/100 brn|[from] brn
|upkeep
|turn|39
|
|t:|1596816742
|move|p1a: Mantine|Roost|p1a: Mantine
|-heal|p1a: Mantine|89/100 tox
|-singleturn|p1a: Mantine|move: Roost
|move|p2a: Hatterene|Calm Mind|p2a: Hatterene
|-boost|p2a: Hatterene|spa|1
|-boost|p2a: Hatterene|spd|1
|
|-heal|p2a: Hatterene|76/100 brn|[from] item: Leftovers
|-damage|p1a: Mantine|76/100 tox|[from] psn
|-damage|p2a: Hatterene|70/100 brn|[from] brn
|upkeep
|turn|40
|
|t:|1596816748
|move|p1a: Mantine|Haze|p1a: Mantine
|-clearallboost
|move|p2a: Hatterene|Calm Mind|p2a: Hatterene
|-boost|p2a: Hatterene|spa|1
|-boost|p2a: Hatterene|spd|1
|
|-heal|p2a: Hatterene|76/100 brn|[from] item: Leftovers
|-damage|p1a: Mantine|58/100 tox|[from] psn
|-damage|p2a: Hatterene|70/100 brn|[from] brn
|upkeep
|turn|41
|l| faded love
|j| mk11 jade
|
|t:|1596816754
|switch|p1a: Umbreon|Umbreon, M|44/100
|-damage|p1a: Umbreon|32/100|[from] Stealth Rock
|move|p2a: Hatterene|Calm Mind|p2a: Hatterene
|-boost|p2a: Hatterene|spa|1
|-boost|p2a: Hatterene|spd|1
|
|-heal|p1a: Umbreon|38/100|[from] item: Leftovers
|-heal|p2a: Hatterene|76/100 brn|[from] item: Leftovers
|-damage|p2a: Hatterene|70/100 brn|[from] brn
|upkeep
|turn|42
|l| mk11 jade
|
|t:|1596816766
|move|p1a: Umbreon|Heal Bell|p1a: Umbreon
|-activate|p1a: Umbreon|move: Heal Bell
|-curestatus|p1: Mantine|tox|[msg]
|move|p2a: Hatterene|Draining Kiss|p1a: Umbreon
|-supereffective|p1a: Umbreon
|-damage|p1a: Umbreon|0 fnt
|-heal|p2a: Hatterene|100/100 brn|[from] drain|[of] p1a: Umbreon
|faint|p1a: Umbreon
|
|-damage|p2a: Hatterene|95/100 brn|[from] brn
|upkeep
|c|☆Amane Misa|not to be salty or anything
|c|+Dlanyer|:dlanyer:
|c|☆Amane Misa|but this mu is ridiculous
|l| Solonor24
|c|☆Moutemoute|yeah
|c|☆Moutemoute|thanks guys
|l| Coup Victoire
|
|t:|1596816782
|switch|p1a: Mantine|Mantine, F|58/100
|turn|43
|c| Alkione|Preped
|c|☆Moutemoute|my though you're gonna HO me
|j|+Indigo Plateau
|l| Highways
|c|☆Moutemoute|all my mates told me to fuck my first build and prep for stall
|c|☆Amane Misa|ye
|c|☆Amane Misa|idk
|l| Garay oak
|
|t:|1596816823
|switch|p2a: Weezing|Weezing-Galar, M|66/100 brn
|move|p1a: Mantine|Haze|p1a: Mantine
|-clearallboost
|
|-heal|p2a: Weezing|72/100 brn|[from] item: Black Sludge
|-damage|p2a: Weezing|66/100 brn|[from] brn
|upkeep
|turn|44
|
|t:|1596816830
|move|p2a: Weezing|Corrosive Gas|p1a: Mantine
|-enditem|p1a: Mantine|Heavy-Duty Boots|[from] move: Corrosive Gas|[of] p2a: Weezing
|move|p1a: Mantine|Defog|p2a: Weezing
|-unboost|p2a: Weezing|evasion|1
|-sideend|p2: Moutemoute|Spikes|[from] move: Defog|[of] p1a: Mantine
|-sideend|p1: Amane Misa|Stealth Rock|[from] move: Defog|[of] p1a: Mantine
|
|-heal|p2a: Weezing|72/100 brn|[from] item: Black Sludge
|-damage|p2a: Weezing|66/100 brn|[from] brn
|upkeep
|turn|45
|l| Adaam
|
|t:|1596816838
|switch|p2a: Keldeo|Keldeo-Resolute|100/100
|move|p1a: Mantine|Scald|p2a: Keldeo
|-resisted|p2a: Keldeo
|-damage|p2a: Keldeo|87/100
|
|upkeep
|turn|46
|l|+Indigo Plateau
|l| juuno
|j| Highways
|
|t:|1596816845
|switch|p1a: Skarmory|Skarmory, F|58/100
|move|p2a: Keldeo|Toxic|p1a: Skarmory
|-immune|p1a: Skarmory
|
|upkeep
|turn|47
|
|t:|1596816849
|switch|p1a: Mantine|Mantine, F|58/100
|move|p2a: Keldeo|Scald|p1a: Mantine
|-heal|p1a: Mantine|83/100|[from] ability: Water Absorb|[of] p2a: Keldeo
|
|upkeep
|turn|48
|
|t:|1596816852
|switch|p1a: Skarmory|Skarmory, F|58/100
|move|p2a: Keldeo|Toxic|p1a: Skarmory
|-immune|p1a: Skarmory
|
|upkeep
|turn|49
|
|t:|1596816861
|switch|p1a: Mantine|Mantine, F|83/100
|move|p2a: Keldeo|Scald|p1a: Mantine
|-heal|p1a: Mantine|100/100|[from] ability: Water Absorb|[of] p2a: Keldeo
|
|upkeep
|turn|50
|j|+DrReun͜͡iclus3
|
|t:|1596816864
|switch|p1a: Skarmory|Skarmory, F|58/100
|move|p2a: Keldeo|Toxic|p1a: Skarmory
|-immune|p1a: Skarmory
|
|upkeep
|turn|51
|
|t:|1596816868
|switch|p1a: Mantine|Mantine, F|100/100
|move|p2a: Keldeo|Scald|p1a: Mantine
|-immune|p1a: Mantine|[from] ability: Water Absorb
|
|upkeep
|turn|52
|c| SHROKER|lmao
|
|t:|1596816877
|move|p2a: Keldeo|Toxic|p1a: Mantine
|-status|p1a: Mantine|tox
|move|p1a: Mantine|Scald|p2a: Keldeo
|-resisted|p2a: Keldeo
|-damage|p2a: Keldeo|74/100
|
|-damage|p1a: Mantine|94/100 tox|[from] psn
|upkeep
|turn|53
|l|+Eyan
|j|+Indigo Plateau
|
|t:|1596816885
|switch|p2a: Weezing|Weezing-Galar, M|66/100 brn
|move|p1a: Mantine|Scald|p2a: Weezing
|-damage|p2a: Weezing|34/100 brn
|
|-heal|p2a: Weezing|40/100 brn|[from] item: Black Sludge
|-damage|p2a: Weezing|34/100 brn|[from] brn
|-damage|p1a: Mantine|82/100 tox|[from] psn
|upkeep
|turn|54
|
|t:|1596816890
|move|p2a: Weezing|Strange Steam|p1a: Mantine
|-damage|p1a: Mantine|64/100 tox
|-start|p1a: Mantine|confusion
|-activate|p1a: Mantine|confusion
|move|p1a: Mantine|Scald|p2a: Weezing
|-damage|p2a: Weezing|0 fnt
|faint|p2a: Weezing
|
|-damage|p1a: Mantine|46/100 tox|[from] psn
|upkeep
|
|t:|1596816893
|switch|p2a: Hatterene|Hatterene, F|95/100 brn
|turn|55
|j|+Accelgor
|
|t:|1596816895
|-activate|p1a: Mantine|confusion
|move|p1a: Mantine|Roost|p1a: Mantine
|-heal|p1a: Mantine|96/100 tox
|-singleturn|p1a: Mantine|move: Roost
|move|p2a: Hatterene|Calm Mind|p2a: Hatterene
|-boost|p2a: Hatterene|spa|1
|-boost|p2a: Hatterene|spd|1
|
|-heal|p2a: Hatterene|100/100 brn|[from] item: Leftovers
|-damage|p1a: Mantine|71/100 tox|[from] psn
|-damage|p2a: Hatterene|95/100 brn|[from] brn
|upkeep
|turn|56
|
|t:|1596816898
|switch|p1a: Skarmory|Skarmory, F|58/100
|move|p2a: Hatterene|Calm Mind|p2a: Hatterene
|-boost|p2a: Hatterene|spa|1
|-boost|p2a: Hatterene|spd|1
|
|-heal|p2a: Hatterene|100/100 brn|[from] item: Leftovers
|-damage|p2a: Hatterene|95/100 brn|[from] brn
|upkeep
|turn|57
|
|t:|1596816901
|move|p1a: Skarmory|Body Press|p2a: Hatterene
|-resisted|p2a: Hatterene
|-damage|p2a: Hatterene|88/100 brn
|move|p2a: Hatterene|Mystical Fire|p1a: Skarmory
|-supereffective|p1a: Skarmory
|-damage|p1a: Skarmory|0 fnt
|faint|p1a: Skarmory
|
|-heal|p2a: Hatterene|94/100 brn|[from] item: Leftovers
|-damage|p2a: Hatterene|88/100 brn|[from] brn
|upkeep
|
|t:|1596816905
|switch|p1a: Mantine|Mantine, F|71/100 tox
|turn|58
|l| JustFranco
|
|t:|1596816907
|move|p1a: Mantine|Haze|p1a: Mantine
|-clearallboost
|move|p2a: Hatterene|Calm Mind|p2a: Hatterene
|-boost|p2a: Hatterene|spa|1
|-boost|p2a: Hatterene|spd|1
|
|-heal|p2a: Hatterene|94/100 brn|[from] item: Leftovers
|-damage|p1a: Mantine|65/100 tox|[from] psn
|-damage|p2a: Hatterene|88/100 brn|[from] brn
|upkeep
|turn|59
|l|+Indigo Plateau
|j| the pharoah
|c|☆Amane Misa|yeah gg i guess
|c|☆Amane Misa|not out of saltt
|c|☆Moutemoute|gg
|
|t:|1596816919
|move|p1a: Mantine|Haze|p1a: Mantine
|-clearallboost
|move|p2a: Hatterene|Draining Kiss|p1a: Mantine
|-damage|p1a: Mantine|51/100 tox
|-heal|p2a: Hatterene|99/100 brn|[from] drain|[of] p1a: Mantine
|
|-heal|p2a: Hatterene|100/100 brn|[from] item: Leftovers
|-damage|p1a: Mantine|39/100 tox|[from] psn
|-damage|p2a: Hatterene|95/100 brn|[from] brn
|upkeep
|turn|60
|
|t:|1596816922
|move|p1a: Mantine|Roost|p1a: Mantine
|-heal|p1a: Mantine|89/100 tox
|-singleturn|p1a: Mantine|move: Roost
|move|p2a: Hatterene|Calm Mind|p2a: Hatterene
|-boost|p2a: Hatterene|spa|1
|-boost|p2a: Hatterene|spd|1
|
|-heal|p2a: Hatterene|100/100 brn|[from] item: Leftovers
|-damage|p1a: Mantine|71/100 tox|[from] psn
|-damage|p2a: Hatterene|95/100 brn|[from] brn
|upkeep
|turn|61
|
|t:|1596816925
|move|p1a: Mantine|Haze|p1a: Mantine
|-clearallboost
|move|p2a: Hatterene|Calm Mind|p2a: Hatterene
|-boost|p2a: Hatterene|spa|1
|-boost|p2a: Hatterene|spd|1
|
|-heal|p2a: Hatterene|100/100 brn|[from] item: Leftovers
|-damage|p1a: Mantine|46/100 tox|[from] psn
|-damage|p2a: Hatterene|95/100 brn|[from] brn
|upkeep
|turn|62
|j| JustFranco
|
|t:|1596816936
|move|p1a: Mantine|Haze|p1a: Mantine
|-clearallboost
|move|p2a: Hatterene|Psychic|p1a: Mantine
|-damage|p1a: Mantine|19/100 tox
|
|-heal|p2a: Hatterene|100/100 brn|[from] item: Leftovers
|-damage|p1a: Mantine|0 fnt|[from] psn
|faint|p1a: Mantine
|-damage|p2a: Hatterene|95/100 brn|[from] brn
|upkeep
|
|t:|1596816938
|switch|p1a: Palossand|Palossand, M|86/100
|turn|63
|j|+Christo
|l|+estarossa
|
|t:|1596816944
|move|p2a: Hatterene|Calm Mind|p2a: Hatterene
|-boost|p2a: Hatterene|spa|1
|-boost|p2a: Hatterene|spd|1
|move|p1a: Palossand|Scorching Sands|p2a: Hatterene
|-damage|p2a: Hatterene|78/100 brn
|
|-heal|p2a: Hatterene|84/100 brn|[from] item: Leftovers
|-damage|p2a: Hatterene|78/100 brn|[from] brn
|upkeep
|turn|64
|l|+Christo
|j| juuno
|l|+Donphantastic
|l| Lilburr
|
|t:|1596816957
|move|p2a: Hatterene|Psychic|p1a: Palossand
|-damage|p1a: Palossand|11/100
|move|p1a: Palossand|Scorching Sands|p2a: Hatterene
|-damage|p2a: Hatterene|60/100 brn
|
|-heal|p2a: Hatterene|66/100 brn|[from] item: Leftovers
|-damage|p2a: Hatterene|60/100 brn|[from] brn
|upkeep
|turn|65
|
|t:|1596816959
|move|p2a: Hatterene|Draining Kiss|p1a: Palossand
|-damage|p1a: Palossand|0 fnt
|-heal|p2a: Hatterene|69/100 brn|[from] drain|[of] p1a: Palossand
|faint|p1a: Palossand
|
|win|Moutemoute
|l|☆Amane Misa
|l| Zenin
|l| Ye Na Choi
|l| Alkione
|l| StitchtheGlaceon ➹
|l| SHROKER
|l|+Dlanyer
|j| Saint Surfy
|l| TSR
