|j|☆Lkapkd
|j|☆xHys
|t:|1624842321
|gametype|singles
|player|p1|Lkapkd|#pspl2020tournaments|
|player|p2|xHys|yellow|
|teamsize|p1|6
|teamsize|p2|6
|gen|8
|tier|[Gen 8] UU
|rule|Sleep Clause Mod: Limit one foe put to sleep
|rule|Species Clause: Limit one of each Pokémon
|rule|OHKO Clause: OHKO moves are banned
|rule|Evasion Moves Clause: Evasion moves are banned
|rule|Endless Battle Clause: Forcing endless battles is banned
|rule|HP Percentage Mod: HP is shown in percentages
|rule|Dynamax Clause: You cannot dynamax
|clearpoke
|poke|p1|Thundurus, M|
|poke|p1|Kommo-o, F|
|poke|p1|Nihilego|
|poke|p1|Moltres-Galar|
|poke|p1|Aegislash, M|
|poke|p1|Seismitoad, F|
|poke|p2|Hatterene, F|
|poke|p2|Seismitoad, M|
|poke|p2|Moltres|
|poke|p2|Scizor, M|
|poke|p2|Tangrowth, M|
|poke|p2|Ditto|
|teampreview
|c|☆xHys|gl hf
|j| FatFighter2
|j|+Micoy21
|j| daniYSB
|j|+Fragments
|j| Mackenzie Knife
|j|+MrAldo
|j| T3ch Thieves
|c| Mackenzie Knife|go nerd
|c|☆Lkapkd|Gl
|j| janjao123
|j| PokeArt2004❤
|j| showdown's bitch
|j| luckyismyfavorite
|j| ihavebestsandteam
|c| daniYSB|VAMOS HYS
|j| Zoaw
|
|t:|1624842364
|start
|switch|p1a: Thundurus|Thundurus, M|100/100
|switch|p2a: Seismitoad|Seismitoad, M|100/100
|turn|1
|j| Edfggvc
|c| showdown's bitch|that avatar is sick
|j| sirmrwhale
|c| FatFighter2|Hys
|c| ihavebestsandteam|ty
|
|t:|1624842396
|switch|p2a: Tangrowth|Tangrowth, M|100/100
|move|p1a: Thundurus|Grass Knot|p2a: Tangrowth
|-resisted|p2a: Tangrowth
|-damage|p2a: Tangrowth|91/100
|
|upkeep
|turn|2
|inactive|Battle timer is ON: inactive players will automatically lose when time's up. (requested by xHys)
|c| sirmrwhale|go lkap!!!
|c| FatFighter2|you got this
|
|t:|1624842399
|move|p1a: Thundurus|U-turn|p2a: Tangrowth
|-supereffective|p2a: Tangrowth
|-damage|p2a: Tangrowth|67/100
|
|t:|1624842403
|switch|p1a: Moltres|Moltres-Galar|100/100|[from]move: U-turn
|move|p2a: Tangrowth|Knock Off|p1a: Moltres
|-resisted|p1a: Moltres
|-damage|p1a: Moltres|91/100
|-enditem|p1a: Moltres|Heavy-Duty Boots|[from] move: Knock Off|[of] p2a: Tangrowth
|
|upkeep
|turn|3
|j| Kinetic1000
|j| Trade
|l| showdown's bitch
|
|t:|1624842410
|switch|p2a: Hatterene|Hatterene, F|100/100
|move|p1a: Moltres|Fiery Wrath|p2a: Hatterene
|-damage|p2a: Hatterene|62/100
|
|-heal|p2a: Hatterene|68/100|[from] item: Leftovers
|upkeep
|turn|4
|j| Ceoh
|c| ihavebestsandteam|stall
|j| TEAM CHARM
|
|t:|1624842423
|move|p1a: Moltres|Fiery Wrath|p2a: Hatterene
|-damage|p2a: Hatterene|30/100
|move|p2a: Hatterene|Draining Kiss|p1a: Moltres
|-supereffective|p1a: Moltres
|-damage|p1a: Moltres|58/100
|-heal|p2a: Hatterene|59/100|[from] drain|[of] p1a: Moltres
|
|-heal|p2a: Hatterene|65/100|[from] item: Leftovers
|upkeep
|turn|5
|c| Ceoh|It's In everything
|
|t:|1624842441
|switch|p1a: Aegislash|Aegislash, M|100/100
|move|p2a: Hatterene|Draining Kiss|p1a: Aegislash
|-resisted|p1a: Aegislash
|-damage|p1a: Aegislash|92/100
|-heal|p2a: Hatterene|72/100|[from] drain|[of] p1a: Aegislash
|
|-heal|p1a: Aegislash|98/100|[from] item: Leftovers
|-heal|p2a: Hatterene|78/100|[from] item: Leftovers
|upkeep
|turn|6
|j| EternalSnowman
|
|t:|1624842454
|switch|p2a: Seismitoad|Seismitoad, M|100/100
|-formechange|p1a: Aegislash|Aegislash-Blade||[from] ability: Stance Change
|move|p1a: Aegislash|Shadow Ball|p2a: Seismitoad
|-damage|p2a: Seismitoad|58/100
|-unboost|p2a: Seismitoad|spd|1
|
|-heal|p2a: Seismitoad|64/100|[from] item: Leftovers
|-heal|p1a: Aegislash|100/100|[from] item: Leftovers
|upkeep
|turn|7
|
|t:|1624842459
|switch|p1a: Moltres|Moltres-Galar|58/100
|move|p2a: Seismitoad|Earthquake|p1a: Moltres
|-immune|p1a: Moltres
|
|-heal|p2a: Seismitoad|70/100|[from] item: Leftovers
|upkeep
|turn|8
|
|t:|1624842463
|switch|p2a: Ditto|Ditto|100/100
|-transform|p2a: Ditto|p1a: Moltres|[from] ability: Imposter
|move|p1a: Moltres|Fiery Wrath|p2a: Ditto
|-resisted|p2a: Ditto
|-damage|p2a: Ditto|83/100
|
|upkeep
|turn|9
|
|t:|1624842467
|move|p2a: Ditto|Hurricane|p1a: Moltres
|-damage|p1a: Moltres|29/100
|-ability|p1a: Moltres|Berserk|boost
|-boost|p1a: Moltres|spa|1
|move|p1a: Moltres|Rest|p1a: Moltres
|-status|p1a: Moltres|slp|[from] move: Rest
|-heal|p1a: Moltres|100/100 slp|[silent]
|
|upkeep
|turn|10
|
|t:|1624842478
|switch|p2a: Hatterene|Hatterene, F|78/100
|cant|p1a: Moltres|slp
|move|p1a: Moltres|Sleep Talk|p1a: Moltres
|move|p1a: Moltres|Hurricane|p2a: Hatterene|[from]move: Sleep Talk
|-damage|p2a: Hatterene|12/100
|
|-heal|p2a: Hatterene|18/100|[from] item: Leftovers
|upkeep
|turn|11
|
|t:|1624842489
|cant|p1a: Moltres|slp
|move|p1a: Moltres|Sleep Talk|p1a: Moltres
|move|p1a: Moltres|Hurricane|p2a: Hatterene|[from]move: Sleep Talk|[miss]
|-miss|p1a: Moltres|p2a: Hatterene
|move|p2a: Hatterene|Draining Kiss|p1a: Moltres
|-supereffective|p1a: Moltres
|-damage|p1a: Moltres|69/100 slp
|-heal|p2a: Hatterene|46/100|[from] drain|[of] p1a: Moltres
|
|-heal|p2a: Hatterene|52/100|[from] item: Leftovers
|upkeep
|turn|12
|j| venson04
|l| venson04
|
|t:|1624842513
|-curestatus|p1a: Moltres|slp|[msg]
|move|p1a: Moltres|Fiery Wrath|p2a: Hatterene
|-damage|p2a: Hatterene|0 fnt
|faint|p2a: Hatterene
|
|upkeep
|
|t:|1624842523
|switch|p2a: Scizor|Scizor, M|100/100
|turn|13
|
|t:|1624842527
|move|p1a: Moltres|Hurricane|p2a: Scizor
|-damage|p2a: Scizor|11/100
|move|p2a: Scizor|U-turn|p1a: Moltres
|-damage|p1a: Moltres|18/100
|-ability|p1a: Moltres|Berserk|boost
|-boost|p1a: Moltres|spa|1
|
|t:|1624842533
|switch|p2a: Ditto|Ditto|83/100|[from]move: U-turn
|-transform|p2a: Ditto|p1a: Moltres|[from] ability: Imposter
|
|upkeep
|turn|14
|
|t:|1624842537
|move|p2a: Ditto|Fiery Wrath|p1a: Moltres
|-resisted|p1a: Moltres
|-damage|p1a: Moltres|0 fnt
|faint|p1a: Moltres
|
|upkeep
|
|t:|1624842541
|switch|p1a: Nihilego|Nihilego|100/100
|turn|15
|
|t:|1624842550
|switch|p2a: Seismitoad|Seismitoad, M|70/100
|move|p1a: Nihilego|Power Gem|p2a: Seismitoad
|-resisted|p2a: Seismitoad
|-crit|p2a: Seismitoad
|-damage|p2a: Seismitoad|35/100
|
|-heal|p2a: Seismitoad|41/100|[from] item: Leftovers
|upkeep
|turn|16
|
|t:|1624842555
|switch|p1a: Seismitoad|Seismitoad, F|100/100
|switch|p2a: Tangrowth|Tangrowth, M|100/100
|
|upkeep
|turn|17
|
|t:|1624842563
|switch|p1a: Aegislash|Aegislash, M|100/100
|move|p2a: Tangrowth|Power Whip|p1a: Aegislash
|-resisted|p1a: Aegislash
|-damage|p1a: Aegislash|87/100
|
|-heal|p1a: Aegislash|93/100|[from] item: Leftovers
|upkeep
|turn|18
|
|t:|1624842568
|move|p1a: Aegislash|Toxic|p2a: Tangrowth
|-status|p2a: Tangrowth|tox
|move|p2a: Tangrowth|Knock Off|p1a: Aegislash
|-supereffective|p1a: Aegislash
|-damage|p1a: Aegislash|59/100
|-enditem|p1a: Aegislash|Leftovers|[from] move: Knock Off|[of] p2a: Tangrowth
|
|-damage|p2a: Tangrowth|94/100 tox|[from] psn
|upkeep
|turn|19
|
|t:|1624842574
|move|p1a: Aegislash|King's Shield|p1a: Aegislash
|-singleturn|p1a: Aegislash|Protect
|move|p2a: Tangrowth|Knock Off|p1a: Aegislash
|-activate|p1a: Aegislash|move: Protect
|-unboost|p2a: Tangrowth|atk|1
|
|-damage|p2a: Tangrowth|82/100 tox|[from] psn
|upkeep
|turn|20
|
|t:|1624842591
|-formechange|p1a: Aegislash|Aegislash-Blade||[from] ability: Stance Change
|move|p1a: Aegislash|Flash Cannon|p2a: Tangrowth
|-damage|p2a: Tangrowth|54/100 tox
|move|p2a: Tangrowth|Earthquake|p1a: Aegislash
|-supereffective|p1a: Aegislash
|-damage|p1a: Aegislash|16/100
|
|-damage|p2a: Tangrowth|35/100 tox|[from] psn
|upkeep
|turn|21
|j| Ocean Senpai
|c| Ocean Senpai|go lkap
|
|t:|1624842598
|switch|p1a: Thundurus|Thundurus, M|100/100
|switch|p2a: Moltres|Moltres|100/100
|
|upkeep
|turn|22
|
|t:|1624842605
|switch|p2a: Tangrowth|Tangrowth, M|68/100 tox
|move|p1a: Thundurus|Thunderbolt|p2a: Tangrowth
|-resisted|p2a: Tangrowth
|-damage|p2a: Tangrowth|53/100 tox
|
|-damage|p2a: Tangrowth|47/100 tox|[from] psn
|upkeep
|turn|23
|
|t:|1624842609
|move|p1a: Thundurus|U-turn|p2a: Tangrowth
|-supereffective|p2a: Tangrowth
|-damage|p2a: Tangrowth|24/100 tox
|
|t:|1624842619
|switch|p1a: Aegislash|Aegislash, M|16/100|[from]move: U-turn
|move|p2a: Tangrowth|Knock Off|p1a: Aegislash
|-supereffective|p1a: Aegislash
|-damage|p1a: Aegislash|0 fnt
|faint|p1a: Aegislash
|
|-damage|p2a: Tangrowth|11/100 tox|[from] psn
|upkeep
|
|t:|1624842625
|switch|p1a: Thundurus|Thundurus, M|100/100
|turn|24
|
|t:|1624842640
|switch|p2a: Seismitoad|Seismitoad, M|41/100
|move|p1a: Thundurus|Knock Off|p2a: Seismitoad
|-damage|p2a: Seismitoad|23/100
|-enditem|p2a: Seismitoad|Leftovers|[from] move: Knock Off|[of] p1a: Thundurus
|
|upkeep
|turn|25
|
|t:|1624842645
|switch|p2a: Moltres|Moltres|100/100
|move|p1a: Thundurus|Grass Knot|p2a: Moltres
|-resisted|p2a: Moltres
|-damage|p2a: Moltres|92/100
|
|upkeep
|turn|26
|
|t:|1624842650
|switch|p2a: Seismitoad|Seismitoad, M|23/100
|move|p1a: Thundurus|Thunderbolt|p2a: Seismitoad
|-immune|p2a: Seismitoad
|
|upkeep
|turn|27
|
|t:|1624842654
|move|p1a: Thundurus|Grass Knot|p2a: Seismitoad
|-supereffective|p2a: Seismitoad
|-damage|p2a: Seismitoad|0 fnt
|faint|p2a: Seismitoad
|
|upkeep
|
|t:|1624842659
|switch|p2a: Ditto|Ditto|83/100
|-transform|p2a: Ditto|p1a: Thundurus|[from] ability: Imposter
|turn|28
|
|t:|1624842673
|move|p2a: Ditto|U-turn|p1a: Thundurus
|-resisted|p1a: Thundurus
|-damage|p1a: Thundurus|84/100
|
|t:|1624842674
|switch|p2a: Tangrowth|Tangrowth, M|45/100 tox|[from]move: U-turn
|move|p1a: Thundurus|Knock Off|p2a: Tangrowth
|-damage|p2a: Tangrowth|28/100 tox
|-enditem|p2a: Tangrowth|Assault Vest|[from] move: Knock Off|[of] p1a: Thundurus
|
|-damage|p2a: Tangrowth|22/100 tox|[from] psn
|upkeep
|turn|29
|j| baloor
|
|t:|1624842692
|move|p1a: Thundurus|Thunderbolt|p2a: Tangrowth
|-resisted|p2a: Tangrowth
|-damage|p2a: Tangrowth|0 fnt
|faint|p2a: Tangrowth
|
|upkeep
|
|t:|1624842695
|switch|p2a: Ditto|Ditto|83/100
|-transform|p2a: Ditto|p1a: Thundurus|[from] ability: Imposter
|turn|30
|
|t:|1624842698
|move|p2a: Ditto|Thunderbolt|p1a: Thundurus
|-damage|p1a: Thundurus|25/100
|move|p1a: Thundurus|Knock Off|p2a: Ditto
|-damage|p2a: Ditto|42/100
|-enditem|p2a: Ditto|Choice Scarf|[from] move: Knock Off|[of] p1a: Thundurus
|
|upkeep
|turn|31
|
|t:|1624842701
|move|p1a: Thundurus|Thunderbolt|p2a: Ditto
|-damage|p2a: Ditto|0 fnt
|faint|p2a: Ditto
|
|upkeep
|
|t:|1624842703
|switch|p2a: Scizor|Scizor, M|11/100
|turn|32
|
|t:|1624842709
|switch|p1a: Seismitoad|Seismitoad, F|100/100
|move|p2a: Scizor|Bullet Punch|p1a: Seismitoad
|-resisted|p1a: Seismitoad
|-damage|p1a: Seismitoad|79/100
|
|-heal|p1a: Seismitoad|85/100|[from] item: Leftovers
|upkeep
|turn|33
|c| ihavebestsandteam|gg
|
|t:|1624842716
|switch|p2a: Moltres|Moltres|92/100
|move|p1a: Seismitoad|Knock Off|p2a: Moltres
|-damage|p2a: Moltres|64/100
|-enditem|p2a: Moltres|Heavy-Duty Boots|[from] move: Knock Off|[of] p1a: Seismitoad
|
|-heal|p1a: Seismitoad|91/100|[from] item: Leftovers
|upkeep
|turn|34
|
|t:|1624842720
|move|p2a: Moltres|Hurricane|p1a: Seismitoad
|-crit|p1a: Seismitoad
|-damage|p1a: Seismitoad|5/100
|move|p1a: Seismitoad|Stealth Rock|p2a: Moltres
|-sidestart|p2: xHys|move: Stealth Rock
|
|-heal|p1a: Seismitoad|11/100|[from] item: Leftovers
|upkeep
|turn|35
|
|t:|1624842728
|move|p2a: Moltres|Roost|p2a: Moltres
|-heal|p2a: Moltres|100/100
|-singleturn|p2a: Moltres|move: Roost
|move|p1a: Seismitoad|Toxic|p2a: Moltres|[miss]
|-miss|p1a: Seismitoad|p2a: Moltres
|
|-heal|p1a: Seismitoad|17/100|[from] item: Leftovers
|upkeep
|turn|36
|
|t:|1624842731
|move|p2a: Moltres|Flamethrower|p1a: Seismitoad
|-resisted|p1a: Seismitoad
|-damage|p1a: Seismitoad|0 fnt
|faint|p1a: Seismitoad
|
|upkeep
|
|t:|1624842734
|switch|p1a: Nihilego|Nihilego|100/100
|turn|37
|
|t:|1624842738
|move|p1a: Nihilego|Power Gem|p2a: Moltres
|-supereffective|p2a: Moltres
|-damage|p2a: Moltres|0 fnt
|faint|p2a: Moltres
|-ability|p1a: Nihilego|Beast Boost|boost
|-boost|p1a: Nihilego|spa|1
|
|upkeep
|
|t:|1624842739
|switch|p2a: Scizor|Scizor, M|11/100
|-damage|p2a: Scizor|0 fnt|[from] Stealth Rock
|faint|p2a: Scizor
|
|win|Lkapkd
|c|☆xHys|gg
|l| Trade
|l| ihavebestsandteam
|l|+Micoy21
