|j|☆trintron
|j|☆DX27
|t:|1657599524
|gametype|singles
|player|p1|trintron|102|1487
|player|p2|DX27|ethan|1402
|teamsize|p1|6
|teamsize|p2|6
|gen|8
|tier|[Gen 8] UU
|rated|
|rule|Sleep Clause Mod: Limit one foe put to sleep
|rule|Species Clause: Limit one of each Pokémon
|rule|OHKO Clause: OHKO moves are banned
|rule|Evasion Moves Clause: Evasion moves are banned
|rule|Endless Battle Clause: Forcing endless battles is banned
|rule|HP Percentage Mod: HP is shown in percentages
|rule|Dynamax Clause: You cannot dynamax
|clearpoke
|poke|p1|Gastrodon-East, F|
|poke|p1|Chandelure, M|
|poke|p1|Cobalion|
|poke|p1|Hydreigon, M|
|poke|p1|Mandibuzz, F|
|poke|p1|Amoonguss, F|
|poke|p2|Swampert, M|
|poke|p2|Celesteela|
|poke|p2|Salamence, M|
|poke|p2|Mandibuzz, F|
|poke|p2|Nidoking, M|
|poke|p2|Scizor, M|
|teampreview
|inactive|Battle timer is ON: inactive players will automatically lose when time's up. (requested by DX27)
|
|t:|1657599532
|start
|switch|p1a: Hydreigon|Hydreigon, M|100/100
|switch|p2a: Edwardo|Scizor, M|100/100
|turn|1
|
|t:|1657599539
|switch|p2a: Babel|Celesteela, shiny|100/100
|move|p1a: Hydreigon|Fire Blast|p2a: Babel
|-supereffective|p2a: Babel
|-damage|p2a: Babel|58/100
|
|-heal|p2a: Babel|64/100|[from] item: Leftovers
|upkeep
|turn|2
|
|t:|1657599547
|move|p1a: Hydreigon|Fire Blast|p2a: Babel
|-supereffective|p2a: Babel
|-damage|p2a: Babel|21/100
|move|p2a: Babel|Flamethrower|p1a: Hydreigon
|-resisted|p1a: Hydreigon
|-damage|p1a: Hydreigon|88/100
|
|-heal|p2a: Babel|27/100|[from] item: Leftovers
|upkeep
|turn|3
|
|t:|1657599555
|move|p2a: Babel|Protect|p2a: Babel
|-singleturn|p2a: Babel|Protect
|move|p1a: Hydreigon|Fire Blast|p2a: Babel
|-activate|p2a: Babel|move: Protect
|
|-heal|p2a: Babel|33/100|[from] item: Leftovers
|upkeep
|turn|4
|
|t:|1657599568
|switch|p2a: Kaizer|Swampert, M|100/100
|move|p1a: Hydreigon|Fire Blast|p2a: Kaizer
|-resisted|p2a: Kaizer
|-damage|p2a: Kaizer|83/100
|
|-heal|p2a: Kaizer|90/100|[from] item: Leftovers
|upkeep
|turn|5
|
|t:|1657599574
|switch|p1a: Amoonguss|Amoonguss, F|100/100
|move|p2a: Kaizer|Stealth Rock|p1a: Amoonguss
|-sidestart|p1: trintron|move: Stealth Rock
|
|-heal|p2a: Kaizer|96/100|[from] item: Leftovers
|upkeep
|turn|6
|
|t:|1657599579
|move|p2a: Kaizer|Flip Turn|p1a: Amoonguss
|-resisted|p1a: Amoonguss
|-damage|p1a: Amoonguss|91/100
|-damage|p2a: Kaizer|79/100|[from] item: Rocky Helmet|[of] p1a: Amoonguss
|
|t:|1657599584
|switch|p2a: Wilma|Mandibuzz, F, shiny|100/100|[from]move: Flip Turn
|move|p1a: Amoonguss|Spore|p2a: Wilma
|-immune|p2a: Wilma|[from] ability: Overcoat
|
|upkeep
|turn|7
|
|t:|1657599592
|move|p2a: Wilma|Foul Play|p1a: Amoonguss
|-damage|p1a: Amoonguss|75/100
|-damage|p2a: Wilma|84/100|[from] item: Rocky Helmet|[of] p1a: Amoonguss
|move|p1a: Amoonguss|Spore|p2a: Wilma
|-immune|p2a: Wilma|[from] ability: Overcoat
|
|upkeep
|turn|8
|
|t:|1657599598
|switch|p1a: Cobalion|Cobalion|100/100
|-damage|p1a: Cobalion|97/100|[from] Stealth Rock
|move|p2a: Wilma|Foul Play|p1a: Cobalion
|-resisted|p1a: Cobalion
|-crit|p1a: Cobalion
|-damage|p1a: Cobalion|75/100
|-damage|p2a: Wilma|67/100|[from] item: Rocky Helmet|[of] p1a: Cobalion
|-ability|p1a: Cobalion|Justified|boost
|-boost|p1a: Cobalion|atk|1
|
|upkeep
|turn|9
|
|t:|1657599605
|switch|p2a: Kaizer|Swampert, M|79/100
|move|p1a: Cobalion|Stealth Rock|p2a: Kaizer
|-sidestart|p2: DX27|move: Stealth Rock
|
|-heal|p2a: Kaizer|85/100|[from] item: Leftovers
|upkeep
|turn|10
|
|t:|1657599611
|switch|p1a: Amoonguss|Amoonguss, F|100/100
|-damage|p1a: Amoonguss|88/100|[from] Stealth Rock
|move|p2a: Kaizer|Flip Turn|p1a: Amoonguss
|-resisted|p1a: Amoonguss
|-damage|p1a: Amoonguss|80/100
|-damage|p2a: Kaizer|69/100|[from] item: Rocky Helmet|[of] p1a: Amoonguss
|
|t:|1657599621
|switch|p2a: Edwardo|Scizor, M|100/100|[from]move: Flip Turn
|-damage|p2a: Edwardo|88/100|[from] Stealth Rock
|
|upkeep
|turn|11
|
|t:|1657599628
|move|p2a: Edwardo|U-turn|p1a: Amoonguss
|-damage|p1a: Amoonguss|34/100
|-damage|p2a: Edwardo|72/100|[from] item: Rocky Helmet|[of] p1a: Amoonguss
|
|t:|1657599635
|switch|p2a: Wilma|Mandibuzz, F, shiny|67/100|[from]move: U-turn
|move|p1a: Amoonguss|Foul Play|p2a: Wilma
|-resisted|p2a: Wilma
|-damage|p2a: Wilma|64/100
|
|upkeep
|turn|12
|
|t:|1657599645
|move|p2a: Wilma|Defog|p1a: Amoonguss
|-unboost|p1a: Amoonguss|evasion|1
|-sideend|p1: trintron|Stealth Rock|[from] move: Defog|[of] p2a: Wilma
|-sideend|p2: DX27|Stealth Rock|[from] move: Defog|[of] p2a: Wilma
|move|p1a: Amoonguss|Sludge Bomb|p2a: Wilma
|-damage|p2a: Wilma|41/100
|-status|p2a: Wilma|psn
|
|-damage|p2a: Wilma|29/100 psn|[from] psn
|upkeep
|turn|13
|
|t:|1657599654
|switch|p1a: Cobalion|Cobalion|75/100
|move|p2a: Wilma|Foul Play|p1a: Cobalion
|-resisted|p1a: Cobalion
|-damage|p1a: Cobalion|59/100
|-damage|p2a: Wilma|13/100 psn|[from] item: Rocky Helmet|[of] p1a: Cobalion
|-ability|p1a: Cobalion|Justified|boost
|-boost|p1a: Cobalion|atk|1
|
|-damage|p2a: Wilma|0 fnt|[from] psn
|faint|p2a: Wilma
|upkeep
|
|t:|1657599661
|switch|p2a: Kingu|Nidoking, M|100/100
|turn|14
|
|t:|1657599669
|switch|p1a: Mandibuzz|Mandibuzz, F|100/100
|move|p2a: Kingu|Earth Power|p1a: Mandibuzz
|-immune|p1a: Mandibuzz
|
|upkeep
|turn|15
|
|t:|1657599676
|switch|p2a: Babel|Celesteela, shiny|33/100
|switch|p1a: Gastrodon|Gastrodon-East, F, shiny|100/100
|
|-heal|p2a: Babel|39/100|[from] item: Leftovers
|upkeep
|turn|16
|
|t:|1657599685
|switch|p1a: Amoonguss|Amoonguss, F|67/100
|move|p2a: Babel|Protect||[still]
|-fail|p2a: Babel
|
|-heal|p2a: Babel|45/100|[from] item: Leftovers
|upkeep
|turn|17
|
|t:|1657599690
|switch|p1a: Chandelure|Chandelure, M, shiny|100/100
|move|p2a: Babel|Flamethrower|p1a: Chandelure
|-start|p1a: Chandelure|ability: Flash Fire
|
|-heal|p2a: Babel|51/100|[from] item: Leftovers
|upkeep
|turn|18
|
|t:|1657599700
|move|p2a: Babel|Protect|p2a: Babel
|-singleturn|p2a: Babel|Protect
|move|p1a: Chandelure|Flamethrower|p2a: Babel
|-activate|p2a: Babel|move: Protect
|
|-heal|p2a: Babel|57/100|[from] item: Leftovers
|upkeep
|turn|19
|
|t:|1657599706
|switch|p2a: Kaizer|Swampert, M|69/100
|move|p1a: Chandelure|Toxic|p2a: Kaizer|[miss]
|-miss|p1a: Chandelure|p2a: Kaizer
|
|-heal|p2a: Kaizer|75/100|[from] item: Leftovers
|upkeep
|turn|20
|
|t:|1657599722
|move|p1a: Chandelure|Toxic|p2a: Kaizer
|-status|p2a: Kaizer|tox
|move|p2a: Kaizer|Earthquake|p1a: Chandelure
|-supereffective|p1a: Chandelure
|-damage|p1a: Chandelure|2/100
|
|-heal|p2a: Kaizer|81/100 tox|[from] item: Leftovers
|-damage|p2a: Kaizer|75/100 tox|[from] psn
|upkeep
|turn|21
|
|t:|1657599725
|move|p1a: Chandelure|Hex|p2a: Kaizer
|-damage|p2a: Kaizer|1/100 tox
|move|p2a: Kaizer|Flip Turn|p1a: Chandelure
|-supereffective|p1a: Chandelure
|-damage|p1a: Chandelure|0 fnt
|faint|p1a: Chandelure
|
|t:|1657599749
|switch|p2a: Ferrovax|Salamence, M|100/100|[from]move: Flip Turn
|
|upkeep
|
|t:|1657599758
|switch|p1a: Mandibuzz|Mandibuzz, F|100/100
|turn|22
|
|t:|1657599770
|switch|p2a: Kingu|Nidoking, M|100/100
|move|p1a: Mandibuzz|Foul Play|p2a: Kingu
|-damage|p2a: Kingu|65/100
|
|upkeep
|turn|23
|
|t:|1657599781
|switch|p1a: Gastrodon|Gastrodon-East, F, shiny|100/100
|move|p2a: Kingu|Earth Power|p1a: Gastrodon
|-damage|p1a: Gastrodon|56/100
|
|upkeep
|turn|24
|
|t:|1657599789
|move|p2a: Kingu|Earth Power|p1a: Gastrodon
|-damage|p1a: Gastrodon|16/100
|move|p1a: Gastrodon|Recover|p1a: Gastrodon
|-heal|p1a: Gastrodon|66/100
|
|upkeep
|turn|25
|
|t:|1657599794
|switch|p1a: Hydreigon|Hydreigon, M|88/100
|move|p2a: Kingu|Earth Power|p1a: Hydreigon
|-immune|p1a: Hydreigon|[from] ability: Levitate
|
|upkeep
|turn|26
|
|t:|1657599800
|switch|p2a: Kaizer|Swampert, M|1/100 tox
|move|p1a: Hydreigon|U-turn|p2a: Kaizer
|-damage|p2a: Kaizer|0 fnt
|faint|p2a: Kaizer
|
|t:|1657599805
|switch|p1a: Cobalion|Cobalion|59/100|[from]move: U-turn
|
|upkeep
|
|t:|1657599828
|switch|p2a: Ferrovax|Salamence, M|100/100
|turn|27
|
|t:|1657599833
|move|p1a: Cobalion|Volt Switch|p2a: Ferrovax
|-crit|p2a: Ferrovax
|-damage|p2a: Ferrovax|76/100
|
|t:|1657599835
|switch|p1a: Mandibuzz|Mandibuzz, F|100/100|[from]move: Volt Switch
|move|p2a: Ferrovax|Earthquake|p1a: Mandibuzz
|-immune|p1a: Mandibuzz
|
|upkeep
|turn|28
|
|t:|1657599847
|switch|p2a: Kingu|Nidoking, M|65/100
|move|p1a: Mandibuzz|U-turn|p2a: Kingu
|-resisted|p2a: Kingu
|-damage|p2a: Kingu|57/100
|
|t:|1657599863
|switch|p1a: Amoonguss|Amoonguss, F|100/100|[from]move: U-turn
|
|upkeep
|turn|29
|
|t:|1657599880
|move|p2a: Kingu|Fire Blast|p1a: Amoonguss
|-supereffective|p1a: Amoonguss
|-damage|p1a: Amoonguss|39/100
|move|p1a: Amoonguss|Spore|p2a: Kingu
|-status|p2a: Kingu|slp|[from] move: Spore
|
|upkeep
|turn|30
|
|t:|1657599886
|switch|p1a: Hydreigon|Hydreigon, M|88/100
|cant|p2a: Kingu|slp
|
|upkeep
|turn|31
|
|t:|1657599896
|move|p1a: Hydreigon|Fire Blast|p2a: Kingu
|-damage|p2a: Kingu|8/100 slp
|-curestatus|p2a: Kingu|slp|[msg]
|move|p2a: Kingu|Fire Blast|p1a: Hydreigon|[miss]
|-miss|p2a: Kingu|p1a: Hydreigon
|
|upkeep
|turn|32
|
|t:|1657599907
|switch|p1a: Gastrodon|Gastrodon-East, F, shiny|66/100
|switch|p2a: Ferrovax|Salamence, M|76/100
|
|upkeep
|turn|33
|
|t:|1657599912
|switch|p1a: Mandibuzz|Mandibuzz, F|100/100
|move|p2a: Ferrovax|Dragon Dance|p2a: Ferrovax
|-boost|p2a: Ferrovax|atk|1
|-boost|p2a: Ferrovax|spe|1
|
|upkeep
|turn|34
|
|t:|1657599919
|move|p2a: Ferrovax|Dragon Claw|p1a: Mandibuzz
|-damage|p1a: Mandibuzz|58/100
|move|p1a: Mandibuzz|Foul Play|p2a: Ferrovax
|-damage|p2a: Ferrovax|0 fnt
|faint|p2a: Ferrovax
|
|upkeep
|
|t:|1657599925
|switch|p2a: Edwardo|Scizor, M|72/100
|turn|35
|
|t:|1657599932
|move|p1a: Mandibuzz|Foul Play|p2a: Edwardo
|-damage|p2a: Edwardo|17/100
|move|p2a: Edwardo|Aerial Ace|p1a: Mandibuzz
|-damage|p1a: Mandibuzz|29/100
|
|upkeep
|turn|36
|
|t:|1657599938
|switch|p2a: Babel|Celesteela, shiny|57/100
|move|p1a: Mandibuzz|Roost|p1a: Mandibuzz
|-heal|p1a: Mandibuzz|79/100
|-singleturn|p1a: Mandibuzz|move: Roost
|
|-heal|p2a: Babel|63/100|[from] item: Leftovers
|upkeep
|turn|37
|
|t:|1657599945
|move|p1a: Mandibuzz|U-turn|p2a: Babel
|-resisted|p2a: Babel
|-damage|p2a: Babel|61/100
|
|t:|1657599948
|switch|p1a: Cobalion|Cobalion|59/100|[from]move: U-turn
|move|p2a: Babel|Leech Seed|p1a: Cobalion
|-start|p1a: Cobalion|move: Leech Seed
|
|-heal|p2a: Babel|67/100|[from] item: Leftovers
|-damage|p1a: Cobalion|46/100|[from] Leech Seed|[of] p2a: Babel
|-heal|p2a: Babel|77/100|[silent]
|upkeep
|turn|38
|
|t:|1657599952
|move|p1a: Cobalion|Stealth Rock|p2a: Babel
|-sidestart|p2: DX27|move: Stealth Rock
|move|p2a: Babel|Flamethrower|p1a: Cobalion
|-supereffective|p1a: Cobalion
|-damage|p1a: Cobalion|0 fnt
|faint|p1a: Cobalion
|-ability|p2a: Babel|Beast Boost|boost
|-boost|p2a: Babel|spd|1
|
|-heal|p2a: Babel|83/100|[from] item: Leftovers
|upkeep
|
|t:|1657599962
|switch|p1a: Gastrodon|Gastrodon-East, F, shiny|66/100
|turn|39
|
|t:|1657599964
|move|p2a: Babel|Leech Seed|p1a: Gastrodon
|-start|p1a: Gastrodon|move: Leech Seed
|move|p1a: Gastrodon|Scald|p2a: Babel
|-damage|p2a: Babel|73/100
|
|-heal|p2a: Babel|79/100|[from] item: Leftovers
|-damage|p1a: Gastrodon|54/100|[from] Leech Seed|[of] p2a: Babel
|-heal|p2a: Babel|92/100|[silent]
|upkeep
|turn|40
|
|t:|1657599969
|move|p2a: Babel|Flash Cannon|p1a: Gastrodon
|-resisted|p1a: Gastrodon
|-damage|p1a: Gastrodon|40/100
|-unboost|p1a: Gastrodon|spd|1
|move|p1a: Gastrodon|Scald|p2a: Babel
|-damage|p2a: Babel|82/100
|-status|p2a: Babel|brn
|
|-heal|p2a: Babel|88/100 brn|[from] item: Leftovers
|-damage|p1a: Gastrodon|27/100|[from] Leech Seed|[of] p2a: Babel
|-heal|p2a: Babel|100/100 brn|[silent]
|-damage|p2a: Babel|94/100 brn|[from] brn
|upkeep
|turn|41
|
|t:|1657599972
|move|p2a: Babel|Flash Cannon|p1a: Gastrodon
|-resisted|p1a: Gastrodon
|-damage|p1a: Gastrodon|9/100
|move|p1a: Gastrodon|Recover|p1a: Gastrodon
|-heal|p1a: Gastrodon|59/100
|
|-heal|p2a: Babel|100/100 brn|[from] item: Leftovers
|-damage|p1a: Gastrodon|47/100|[from] Leech Seed|[of] p2a: Babel
|-damage|p2a: Babel|94/100 brn|[from] brn
|upkeep
|turn|42
|
|t:|1657599976
|switch|p1a: Amoonguss|Amoonguss, F|72/100
|move|p2a: Babel|Flash Cannon|p1a: Amoonguss
|-damage|p1a: Amoonguss|45/100
|
|-heal|p2a: Babel|100/100 brn|[from] item: Leftovers
|-damage|p2a: Babel|94/100 brn|[from] brn
|upkeep
|turn|43
|
|t:|1657599981
|switch|p1a: Gastrodon|Gastrodon-East, F, shiny|47/100
|move|p2a: Babel|Flamethrower|p1a: Gastrodon
|-resisted|p1a: Gastrodon
|-damage|p1a: Gastrodon|37/100
|-status|p1a: Gastrodon|brn
|
|-heal|p2a: Babel|100/100 brn|[from] item: Leftovers
|-damage|p2a: Babel|94/100 brn|[from] brn
|-damage|p1a: Gastrodon|31/100 brn|[from] brn
|upkeep
|turn|44
|
|t:|1657599983
|move|p2a: Babel|Flash Cannon|p1a: Gastrodon
|-resisted|p1a: Gastrodon
|-damage|p1a: Gastrodon|19/100 brn
|move|p1a: Gastrodon|Recover|p1a: Gastrodon
|-heal|p1a: Gastrodon|69/100 brn
|
|-heal|p2a: Babel|100/100 brn|[from] item: Leftovers
|-damage|p2a: Babel|94/100 brn|[from] brn
|-damage|p1a: Gastrodon|63/100 brn|[from] brn
|upkeep
|turn|45
|
|t:|1657599989
|switch|p1a: Amoonguss|Amoonguss, F|78/100
|move|p2a: Babel|Flash Cannon|p1a: Amoonguss
|-damage|p1a: Amoonguss|55/100
|
|-heal|p2a: Babel|100/100 brn|[from] item: Leftovers
|-damage|p2a: Babel|94/100 brn|[from] brn
|upkeep
|turn|46
|
|t:|1657599995
|switch|p1a: Mandibuzz|Mandibuzz, F|79/100
|move|p2a: Babel|Flash Cannon|p1a: Mandibuzz
|-damage|p1a: Mandibuzz|56/100
|
|-heal|p2a: Babel|100/100 brn|[from] item: Leftovers
|-damage|p2a: Babel|94/100 brn|[from] brn
|upkeep
|turn|47
|
|t:|1657599998
|move|p1a: Mandibuzz|Roost|p1a: Mandibuzz
|-heal|p1a: Mandibuzz|100/100
|-singleturn|p1a: Mandibuzz|move: Roost
|move|p2a: Babel|Leech Seed|p1a: Mandibuzz
|-start|p1a: Mandibuzz|move: Leech Seed
|
|-heal|p2a: Babel|100/100 brn|[from] item: Leftovers
|-damage|p1a: Mandibuzz|88/100|[from] Leech Seed|[of] p2a: Babel
|-damage|p2a: Babel|94/100 brn|[from] brn
|upkeep
|turn|48
|
|t:|1657600001
|move|p1a: Mandibuzz|U-turn|p2a: Babel
|-resisted|p2a: Babel
|-damage|p2a: Babel|92/100 brn
|
|t:|1657600003
|switch|p1a: Gastrodon|Gastrodon-East, F, shiny|63/100 brn|[from]move: U-turn
|move|p2a: Babel|Flamethrower|p1a: Gastrodon
|-resisted|p1a: Gastrodon
|-damage|p1a: Gastrodon|53/100 brn
|
|-heal|p2a: Babel|98/100 brn|[from] item: Leftovers
|-damage|p2a: Babel|92/100 brn|[from] brn
|-damage|p1a: Gastrodon|47/100 brn|[from] brn
|upkeep
|turn|49
|
|t:|1657600013
|switch|p1a: Amoonguss|Amoonguss, F|88/100
|move|p2a: Babel|Flamethrower|p1a: Amoonguss
|-supereffective|p1a: Amoonguss
|-damage|p1a: Amoonguss|51/100
|
|-heal|p2a: Babel|98/100 brn|[from] item: Leftovers
|-damage|p2a: Babel|92/100 brn|[from] brn
|upkeep
|turn|50
|
|t:|1657600022
|switch|p1a: Gastrodon|Gastrodon-East, F, shiny|47/100 brn
|move|p2a: Babel|Leech Seed|p1a: Gastrodon
|-start|p1a: Gastrodon|move: Leech Seed
|
|-heal|p2a: Babel|98/100 brn|[from] item: Leftovers
|-damage|p1a: Gastrodon|34/100 brn|[from] Leech Seed|[of] p2a: Babel
|-heal|p2a: Babel|100/100 brn|[silent]
|-damage|p2a: Babel|94/100 brn|[from] brn
|-damage|p1a: Gastrodon|28/100 brn|[from] brn
|upkeep
|turn|51
|
|t:|1657600032
|move|p2a: Babel|Flash Cannon|p1a: Gastrodon
|-resisted|p1a: Gastrodon
|-damage|p1a: Gastrodon|14/100 brn
|move|p1a: Gastrodon|Recover|p1a: Gastrodon
|-heal|p1a: Gastrodon|64/100 brn
|
|-heal|p2a: Babel|100/100 brn|[from] item: Leftovers
|-damage|p1a: Gastrodon|52/100 brn|[from] Leech Seed|[of] p2a: Babel
|-damage|p2a: Babel|94/100 brn|[from] brn
|-damage|p1a: Gastrodon|46/100 brn|[from] brn
|upkeep
|turn|52
|
|t:|1657600046
|switch|p2a: Kingu|Nidoking, M|8/100
|-damage|p2a: Kingu|2/100|[from] Stealth Rock
|switch|p1a: Mandibuzz|Mandibuzz, F|88/100
|
|upkeep
|turn|53
|
|t:|1657600054
|move|p2a: Kingu|Ice Beam|p1a: Mandibuzz
|-supereffective|p1a: Mandibuzz
|-damage|p1a: Mandibuzz|41/100
|move|p1a: Mandibuzz|U-turn|p2a: Kingu
|-resisted|p2a: Kingu
|-damage|p2a: Kingu|0 fnt
|faint|p2a: Kingu
|
|t:|1657600060
|switch|p1a: Amoonguss|Amoonguss, F|84/100|[from]move: U-turn
|
|upkeep
|
|t:|1657600064
|switch|p2a: Edwardo|Scizor, M|17/100
|-damage|p2a: Edwardo|5/100|[from] Stealth Rock
|turn|54
|
|t:|1657600071
|move|p2a: Edwardo|Bug Bite|p1a: Amoonguss
|-damage|p1a: Amoonguss|22/100
|-damage|p2a: Edwardo|0 fnt|[from] item: Rocky Helmet|[of] p1a: Amoonguss
|faint|p2a: Edwardo
|move|p1a: Amoonguss|Foul Play|p2: Edwardo|[notarget]
|-fail|p1a: Amoonguss
|
|upkeep
|
|t:|1657600074
|switch|p2a: Babel|Celesteela, shiny|94/100 brn
|-damage|p2a: Babel|82/100 brn|[from] Stealth Rock
|turn|55
|c|☆trintron|gg
|
|t:|1657600094
|switch|p1a: Mandibuzz|Mandibuzz, F|41/100
|move|p2a: Babel|Flash Cannon|p1a: Mandibuzz
|-damage|p1a: Mandibuzz|19/100
|
|-heal|p2a: Babel|88/100 brn|[from] item: Leftovers
|-damage|p2a: Babel|82/100 brn|[from] brn
|upkeep
|turn|56
|c|☆trintron|this will
|c|☆trintron|be long
|
|t:|1657600103
|move|p1a: Mandibuzz|Roost|p1a: Mandibuzz
|-heal|p1a: Mandibuzz|69/100
|-singleturn|p1a: Mandibuzz|move: Roost
|move|p2a: Babel|Flash Cannon|p1a: Mandibuzz
|-damage|p1a: Mandibuzz|44/100
|
|-heal|p2a: Babel|88/100 brn|[from] item: Leftovers
|-damage|p2a: Babel|82/100 brn|[from] brn
|upkeep
|turn|57
|-message|DX27 forfeited.
|
|win|trintron
|raw|trintron's rating: 1487 &rarr; <strong>1502</strong><br />(+15 for winning)
|raw|DX27's rating: 1402 &rarr; <strong>1387</strong><br />(-15 for losing)
|l|☆DX27
