|j|☆ok now i see ya
|j|☆Ph.Fail
|t:|1599103846
|player|p1|ok now i see ya|brendan-gen3rs|1311
|player|p2|Ph.Fail|2|1319
|teamsize|p1|6
|teamsize|p2|6
|gametype|singles
|gen|8
|tier|[Gen 8] UU
|rated|
|clearpoke
|poke|p1|Sylveon, F|
|poke|p1|Slowbro, M|
|poke|p1|Snorlax, M|
|poke|p1|Krookodile, M|
|poke|p1|Noivern, F|
|poke|p1|Mienshao, F|
|poke|p2|Obstagoon, M|
|poke|p2|Doublade, F|
|poke|p2|Weezing-Galar, F|
|poke|p2|Rotom-Wash|
|poke|p2|Darmanitan, M|
|poke|p2|Seismitoad, F|
|rule|Sleep Clause Mod: Limit one foe put to sleep
|rule|Species Clause: Limit one of each Pokémon
|rule|OHKO Clause: OHKO moves are banned
|rule|Evasion Moves Clause: Evasion moves are banned
|rule|Endless Battle Clause: Forcing endless battles is banned
|rule|HP Percentage Mod: HP is shown in percentages
|rule|Dynamax Clause: You cannot dynamax
|teampreview
|inactive|Battle timer is ON: inactive players will automatically lose when time's up. (requested by ok now i see ya)
|inactive|ok now i see ya has 120 seconds left.
|inactive|ok now i see ya has 90 seconds left.
|
|t:|1599103929
|start
|switch|p1a: HIYYYA|Mienshao, F|100/100
|switch|p2a: Seismitoad|Seismitoad, F|100/100
|turn|1
|
|t:|1599103938
|move|p1a: HIYYYA|U-turn|p2a: Seismitoad
|-damage|p2a: Seismitoad|85/100
|
|t:|1599103942
|switch|p1a: uwu|Sylveon, F|100/100|[from]move: U-turn
|move|p2a: Seismitoad|Toxic|p1a: uwu|[miss]
|-miss|p2a: Seismitoad|p1a: uwu
|
|-heal|p2a: Seismitoad|91/100|[from] item: Leftovers
|upkeep
|turn|2
|
|t:|1599103956
|move|p1a: uwu|Hyper Voice|p2a: Seismitoad
|-damage|p2a: Seismitoad|5/100
|move|p2a: Seismitoad|Stealth Rock|p1a: uwu
|-sidestart|p1: ok now i see ya|move: Stealth Rock
|
|-heal|p2a: Seismitoad|11/100|[from] item: Leftovers
|upkeep
|turn|3
|
|t:|1599103962
|switch|p2a: Doublade|Doublade, F|100/100
|move|p1a: uwu|Hyper Voice|p2a: Doublade
|-resisted|p2a: Doublade
|-damage|p2a: Doublade|49/100
|
|upkeep
|turn|4
|
|t:|1599103968
|move|p1a: uwu|Hyper Voice|p2a: Doublade
|-resisted|p2a: Doublade
|-damage|p2a: Doublade|0 fnt
|faint|p2a: Doublade
|
|upkeep
|
|t:|1599103974
|switch|p2a: Darmanitan|Darmanitan, M|100/100
|turn|5
|
|t:|1599103978
|switch|p1a: tpin 5 man bot2|Slowbro, M|100/100
|move|p2a: Darmanitan|U-turn|p1a: tpin 5 man bot2
|-supereffective|p1a: tpin 5 man bot2
|-damage|p1a: tpin 5 man bot2|71/100
|
|t:|1599103982
|switch|p2a: Seismitoad|Seismitoad, F|11/100|[from]move: U-turn
|
|-heal|p2a: Seismitoad|17/100|[from] item: Leftovers
|upkeep
|turn|6
|
|t:|1599103994
|switch|p1a: uwu|Sylveon, F|100/100
|-damage|p1a: uwu|88/100|[from] Stealth Rock
|move|p2a: Seismitoad|Toxic|p1a: uwu
|-status|p1a: uwu|tox
|
|-heal|p2a: Seismitoad|23/100|[from] item: Leftovers
|-damage|p1a: uwu|82/100 tox|[from] psn
|upkeep
|turn|7
|
|t:|1599103999
|move|p1a: uwu|Hyper Voice|p2a: Seismitoad
|-damage|p2a: Seismitoad|0 fnt
|faint|p2a: Seismitoad
|
|-damage|p1a: uwu|70/100 tox|[from] psn
|upkeep
|
|t:|1599104002
|switch|p2a: Darmanitan|Darmanitan, M|100/100
|turn|8
|
|t:|1599104007
|switch|p1a: tpin 5 man bot2|Slowbro, M|100/100
|move|p2a: Darmanitan|Flare Blitz|p1a: tpin 5 man bot2
|-resisted|p1a: tpin 5 man bot2
|-damage|p1a: tpin 5 man bot2|77/100
|-damage|p2a: Darmanitan|92/100|[from] Recoil
|
|upkeep
|turn|9
|
|t:|1599104011
|switch|p2a: Rotom|Rotom-Wash|100/100
|move|p1a: tpin 5 man bot2|Teleport|p1a: tpin 5 man bot2
|
|t:|1599104013
|switch|p1a: uwu|Sylveon, F|70/100 tox|[from]move: Teleport
|-damage|p1a: uwu|58/100 tox|[from] Stealth Rock
|
|-damage|p1a: uwu|52/100 tox|[from] psn
|upkeep
|turn|10
|
|t:|1599104017
|move|p1a: uwu|Hyper Beam|p2a: Rotom
|-damage|p2a: Rotom|0 fnt
|-mustrecharge|p1a: uwu
|faint|p2a: Rotom
|
|-damage|p1a: uwu|39/100 tox|[from] psn
|upkeep
|
|t:|1599104020
|switch|p2a: Obstagoon|Obstagoon, M|100/100
|turn|11
|
|t:|1599104023
|move|p2a: Obstagoon|Knock Off|p1a: uwu
|-resisted|p1a: uwu
|-crit|p1a: uwu
|-damage|p1a: uwu|0 fnt
|-enditem|p1a: uwu|Choice Specs|[from] move: Knock Off|[of] p2a: Obstagoon
|faint|p1a: uwu
|
|-status|p2a: Obstagoon|brn|[from] item: Flame Orb
|upkeep
|
|t:|1599104028
|switch|p1a: HIYYYA|Mienshao, F|100/100
|-damage|p1a: HIYYYA|95/100|[from] Stealth Rock
|turn|12
|
|t:|1599104031
|move|p2a: Obstagoon|Obstruct|p2a: Obstagoon
|-singleturn|p2a: Obstagoon|Protect
|move|p1a: HIYYYA|U-turn|p2a: Obstagoon
|-activate|p2a: Obstagoon|move: Protect
|-unboost|p1a: HIYYYA|def|2
|
|-damage|p2a: Obstagoon|94/100 brn|[from] brn
|upkeep
|turn|13
|
|t:|1599104038
|switch|p2a: Weezing|Weezing-Galar, F|100/100
|move|p1a: HIYYYA|U-turn|p2a: Weezing
|-resisted|p2a: Weezing
|-damage|p2a: Weezing|97/100
|
|t:|1599104051
|switch|p1a: zzz|Snorlax, M|100/100|[from]move: U-turn
|-damage|p1a: zzz|88/100|[from] Stealth Rock
|
|-heal|p2a: Weezing|100/100|[from] item: Black Sludge
|upkeep
|turn|14
|
|t:|1599104055
|switch|p2a: Obstagoon|Obstagoon, M|94/100 brn
|move|p1a: zzz|Curse|p1a: zzz
|-unboost|p1a: zzz|spe|1
|-boost|p1a: zzz|atk|1
|-boost|p1a: zzz|def|1
|
|-damage|p2a: Obstagoon|88/100 brn|[from] brn
|upkeep
|turn|15
|
|t:|1599104058
|move|p2a: Obstagoon|Knock Off|p1a: zzz
|-damage|p1a: zzz|64/100
|-enditem|p1a: zzz|Chesto Berry|[from] move: Knock Off|[of] p2a: Obstagoon
|move|p1a: zzz|Body Slam|p2a: Obstagoon
|-damage|p2a: Obstagoon|46/100 brn
|
|-damage|p2a: Obstagoon|40/100 brn|[from] brn
|upkeep
|turn|16
|
|t:|1599104068
|move|p2a: Obstagoon|Close Combat|p1a: zzz
|-supereffective|p1a: zzz
|-damage|p1a: zzz|18/100
|-unboost|p2a: Obstagoon|def|1
|-unboost|p2a: Obstagoon|spd|1
|move|p1a: zzz|Body Slam|p2a: Obstagoon
|-damage|p2a: Obstagoon|0 fnt
|faint|p2a: Obstagoon
|
|upkeep
|
|t:|1599104071
|switch|p2a: Darmanitan|Darmanitan, M|92/100
|turn|17
|
|t:|1599104074
|move|p2a: Darmanitan|U-turn|p1a: zzz
|-damage|p1a: zzz|7/100
|
|t:|1599104076
|switch|p2a: Weezing|Weezing-Galar, F|100/100|[from]move: U-turn
|move|p1a: zzz|Rest|p1a: zzz
|-status|p1a: zzz|slp|[from] move: Rest
|-heal|p1a: zzz|100/100 slp|[silent]
|
|upkeep
|turn|18
|-message|Ph.Fail forfeited.
|
|win|ok now i see ya
|l|☆Ph.Fail
