|j|☆CynthiaBlueheart
|j|☆GryphonEx
|t:|1664909641
|gametype|singles
|player|p1|CynthiaBlueheart|clair|1431
|player|p2|GryphonEx|gardenia|1447
|teamsize|p1|6
|teamsize|p2|6
|gen|8
|tier|[Gen 8] UU
|rated|
|rule|Sleep Clause Mod: Limit one foe put to sleep
|rule|Species Clause: Limit one of each Pokémon
|rule|OHKO Clause: OHKO moves are banned
|rule|Evasion Items Clause: Evasion items are banned
|rule|Evasion Moves Clause: Evasion moves are banned
|rule|Endless Battle Clause: Forcing endless battles is banned
|rule|HP Percentage Mod: HP is shown in percentages
|rule|Dynamax Clause: You cannot dynamax
|clearpoke
|poke|p1|Amoonguss, F|
|poke|p1|Tangrowth, F|
|poke|p1|Slowking, F|
|poke|p1|Umbreon, M|
|poke|p1|Excadrill, M|
|poke|p1|Skarmory, M|
|poke|p2|Hydreigon, M|
|poke|p2|Suicune|
|poke|p2|Zarude|
|poke|p2|Salamence, M|
|poke|p2|Chansey, F|
|poke|p2|Corsola-Galar, F|
|teampreview
|inactive|Battle timer is ON: inactive players will automatically lose when time's up. (requested by CynthiaBlueheart)
|
|t:|1664909650
|start
|switch|p1a: Tangrowth|Tangrowth, F|100/100
|switch|p2a: Suicune|Suicune|100/100
|-ability|p2a: Suicune|Pressure
|turn|1
|
|t:|1664909658
|switch|p2a: Hydreigon|Hydreigon, M|100/100
|move|p1a: Tangrowth|Knock Off|p2a: Hydreigon
|-resisted|p2a: Hydreigon
|-damage|p2a: Hydreigon|88/100
|-enditem|p2a: Hydreigon|Choice Specs|[from] move: Knock Off|[of] p1a: Tangrowth
|
|upkeep
|turn|2
|
|t:|1664909664
|switch|p1a: Slowking|Slowking, F|100/100
|move|p2a: Hydreigon|Flamethrower|p1a: Slowking
|-resisted|p1a: Slowking
|-damage|p1a: Slowking|91/100
|
|-heal|p1a: Slowking|97/100|[from] item: Leftovers
|upkeep
|turn|3
|c|☆GryphonEx|Good luck
|
|t:|1664909669
|move|p2a: Hydreigon|Dark Pulse|p1a: Slowking
|-supereffective|p1a: Slowking
|-damage|p1a: Slowking|49/100
|move|p1a: Slowking|Toxic|p2a: Hydreigon
|-status|p2a: Hydreigon|tox
|
|-heal|p1a: Slowking|55/100|[from] item: Leftovers
|-damage|p2a: Hydreigon|82/100 tox|[from] psn
|upkeep
|turn|4
|
|t:|1664909676
|switch|p2a: Suicune|Suicune|100/100
|-ability|p2a: Suicune|Pressure
|switch|p1a: Umbreon|Umbreon, M|100/100
|
|upkeep
|turn|5
|
|t:|1664909682
|switch|p1a: Tangrowth|Tangrowth, F|100/100
|move|p2a: Suicune|Calm Mind|p2a: Suicune
|-boost|p2a: Suicune|spa|1
|-boost|p2a: Suicune|spd|1
|
|upkeep
|turn|6
|
|t:|1664909685
|move|p2a: Suicune|Calm Mind|p2a: Suicune
|-boost|p2a: Suicune|spa|1
|-boost|p2a: Suicune|spd|1
|move|p1a: Tangrowth|Knock Off|p2a: Suicune
|-damage|p2a: Suicune|88/100
|-enditem|p2a: Suicune|Leftovers|[from] move: Knock Off|[of] p1a: Tangrowth
|
|upkeep
|turn|7
|
|t:|1664909689
|move|p2a: Suicune|Calm Mind|p2a: Suicune
|-boost|p2a: Suicune|spa|1
|-boost|p2a: Suicune|spd|1
|move|p1a: Tangrowth|Leech Seed|p2a: Suicune
|-start|p2a: Suicune|move: Leech Seed
|
|-damage|p2a: Suicune|75/100|[from] Leech Seed|[of] p1a: Tangrowth
|upkeep
|turn|8
|
|t:|1664909693
|switch|p1a: Slowking|Slowking, F|89/100
|move|p2a: Suicune|Calm Mind|p2a: Suicune
|-boost|p2a: Suicune|spa|1
|-boost|p2a: Suicune|spd|1
|
|-heal|p1a: Slowking|95/100|[from] item: Leftovers
|-damage|p2a: Suicune|63/100|[from] Leech Seed|[of] p1a: Slowking
|-heal|p1a: Slowking|100/100|[silent]
|upkeep
|turn|9
|
|t:|1664909698
|move|p2a: Suicune|Calm Mind|p2a: Suicune
|-boost|p2a: Suicune|spa|1
|-boost|p2a: Suicune|spd|1
|move|p1a: Slowking|Toxic|p2a: Suicune
|-status|p2a: Suicune|tox
|
|-damage|p2a: Suicune|50/100 tox|[from] Leech Seed|[of] p1a: Slowking
|-damage|p2a: Suicune|44/100 tox|[from] psn
|upkeep
|turn|10
|
|t:|1664909701
|move|p2a: Suicune|Rest|p2a: Suicune
|-status|p2a: Suicune|slp|[from] move: Rest
|-heal|p2a: Suicune|100/100 slp|[silent]
|move|p1a: Slowking|Slack Off||[still]
|-fail|p1a: Slowking|heal
|
|-damage|p2a: Suicune|88/100 slp|[from] Leech Seed|[of] p1a: Slowking
|upkeep
|turn|11
|
|t:|1664909704
|cant|p2a: Suicune|slp
|move|p1a: Slowking|Teleport|p1a: Slowking
|
|t:|1664909708
|switch|p1a: Skarmory|Skarmory, M|100/100|[from]move: Teleport
|
|-damage|p2a: Suicune|76/100 slp|[from] Leech Seed|[of] p1a: Skarmory
|upkeep
|turn|12
|
|t:|1664909710
|cant|p2a: Suicune|slp
|move|p1a: Skarmory|Whirlwind|p2a: Suicune
|drag|p2a: Hydreigon|Hydreigon, M|82/100 tox
|
|-damage|p2a: Hydreigon|76/100 tox|[from] psn
|upkeep
|turn|13
|
|t:|1664909716
|switch|p1a: Umbreon|Umbreon, M|100/100
|move|p2a: Hydreigon|Dark Pulse|p1a: Umbreon
|-resisted|p1a: Umbreon
|-damage|p1a: Umbreon|87/100
|
|-heal|p1a: Umbreon|93/100|[from] item: Leftovers
|-damage|p2a: Hydreigon|64/100 tox|[from] psn
|upkeep
|turn|14
|
|t:|1664909720
|switch|p2a: Corsola|Corsola-Galar, F|100/100
|switch|p1a: Slowking|Slowking, F|100/100
|
|upkeep
|turn|15
|
|t:|1664909724
|switch|p2a: Suicune|Suicune|76/100 slp
|-ability|p2a: Suicune|Pressure
|move|p1a: Slowking|Toxic||[still]
|-fail|p1a: Slowking
|
|upkeep
|turn|16
|
|t:|1664909734
|-curestatus|p2a: Suicune|slp|[msg]
|move|p2a: Suicune|Calm Mind|p2a: Suicune
|-boost|p2a: Suicune|spa|1
|-boost|p2a: Suicune|spd|1
|move|p1a: Slowking|Teleport|p1a: Slowking
|
|t:|1664909739
|switch|p1a: Tangrowth|Tangrowth, F|100/100|[from]move: Teleport
|
|upkeep
|turn|17
|
|t:|1664909744
|move|p2a: Suicune|Air Slash|p1a: Tangrowth
|-supereffective|p1a: Tangrowth
|-damage|p1a: Tangrowth|35/100
|move|p1a: Tangrowth|Leech Seed|p2a: Suicune
|-start|p2a: Suicune|move: Leech Seed
|
|-damage|p2a: Suicune|63/100|[from] Leech Seed|[of] p1a: Tangrowth
|-heal|p1a: Tangrowth|48/100|[silent]
|upkeep
|turn|18
|
|t:|1664909750
|switch|p2a: Zarude|Zarude|100/100
|switch|p1a: Slowking|Slowking, F|100/100
|
|upkeep
|turn|19
|
|t:|1664909757
|switch|p1a: Tangrowth|Tangrowth, F|81/100
|move|p2a: Zarude|U-turn|p1a: Tangrowth
|-supereffective|p1a: Tangrowth
|-damage|p1a: Tangrowth|44/100
|-damage|p2a: Zarude|84/100|[from] item: Rocky Helmet|[of] p1a: Tangrowth
|
|t:|1664909764
|switch|p2a: Suicune|Suicune|63/100|[from]move: U-turn
|-ability|p2a: Suicune|Pressure
|
|upkeep
|turn|20
|
|t:|1664909767
|switch|p1a: Slowking|Slowking, F|100/100
|move|p2a: Suicune|Calm Mind|p2a: Suicune
|-boost|p2a: Suicune|spa|1
|-boost|p2a: Suicune|spd|1
|
|upkeep
|turn|21
|
|t:|1664909769
|move|p2a: Suicune|Calm Mind|p2a: Suicune
|-boost|p2a: Suicune|spa|1
|-boost|p2a: Suicune|spd|1
|move|p1a: Slowking|Toxic|p2a: Suicune
|-status|p2a: Suicune|tox
|
|-damage|p2a: Suicune|57/100 tox|[from] psn
|upkeep
|turn|22
|
|t:|1664909772
|move|p2a: Suicune|Air Slash|p1a: Slowking
|-crit|p1a: Slowking
|-damage|p1a: Slowking|73/100
|move|p1a: Slowking|Scald|p2a: Suicune
|-resisted|p2a: Suicune
|-damage|p2a: Suicune|52/100 tox
|
|-heal|p1a: Slowking|79/100|[from] item: Leftovers
|-damage|p2a: Suicune|39/100 tox|[from] psn
|upkeep
|turn|23
|
|t:|1664909780
|move|p2a: Suicune|Rest|p2a: Suicune
|-status|p2a: Suicune|slp|[from] move: Rest
|-heal|p2a: Suicune|100/100 slp|[silent]
|move|p1a: Slowking|Teleport|p1a: Slowking
|
|t:|1664909782
|switch|p1a: Tangrowth|Tangrowth, F|77/100|[from]move: Teleport
|
|upkeep
|turn|24
|
|t:|1664909785
|cant|p2a: Suicune|slp
|move|p1a: Tangrowth|Leech Seed|p2a: Suicune
|-start|p2a: Suicune|move: Leech Seed
|
|-damage|p2a: Suicune|88/100 slp|[from] Leech Seed|[of] p1a: Tangrowth
|-heal|p1a: Tangrowth|90/100|[silent]
|upkeep
|turn|25
|
|t:|1664909791
|switch|p1a: Slowking|Slowking, F|100/100
|cant|p2a: Suicune|slp
|
|-damage|p2a: Suicune|76/100 slp|[from] Leech Seed|[of] p1a: Slowking
|upkeep
|turn|26
|
|t:|1664909796
|-curestatus|p2a: Suicune|slp|[msg]
|move|p2a: Suicune|Calm Mind|p2a: Suicune
|-boost|p2a: Suicune|spa|1
|-boost|p2a: Suicune|spd|1
|move|p1a: Slowking|Toxic|p2a: Suicune
|-status|p2a: Suicune|tox
|
|-damage|p2a: Suicune|63/100 tox|[from] Leech Seed|[of] p1a: Slowking
|-damage|p2a: Suicune|57/100 tox|[from] psn
|upkeep
|turn|27
|
|t:|1664909801
|move|p2a: Suicune|Scald|p1a: Slowking
|-resisted|p1a: Slowking
|-damage|p1a: Slowking|82/100
|move|p1a: Slowking|Scald|p2a: Suicune
|-resisted|p2a: Suicune
|-crit|p2a: Suicune
|-damage|p2a: Suicune|42/100 tox
|
|-heal|p1a: Slowking|88/100|[from] item: Leftovers
|-damage|p2a: Suicune|30/100 tox|[from] Leech Seed|[of] p1a: Slowking
|-heal|p1a: Slowking|100/100|[silent]
|-damage|p2a: Suicune|18/100 tox|[from] psn
|upkeep
|turn|28
|
|t:|1664909805
|move|p2a: Suicune|Rest|p2a: Suicune
|-status|p2a: Suicune|slp|[from] move: Rest
|-heal|p2a: Suicune|100/100 slp|[silent]
|move|p1a: Slowking|Teleport|p1a: Slowking
|
|t:|1664909807
|switch|p1a: Skarmory|Skarmory, M|100/100|[from]move: Teleport
|
|-damage|p2a: Suicune|88/100 slp|[from] Leech Seed|[of] p1a: Skarmory
|upkeep
|turn|29
|
|t:|1664909812
|cant|p2a: Suicune|slp
|move|p1a: Skarmory|Spikes|p2a: Suicune
|-sidestart|p2: GryphonEx|Spikes
|
|-damage|p2a: Suicune|76/100 slp|[from] Leech Seed|[of] p1a: Skarmory
|upkeep
|turn|30
|
|t:|1664909818
|cant|p2a: Suicune|slp
|move|p1a: Skarmory|Whirlwind|p2a: Suicune
|drag|p2a: Salamence|Salamence, M|100/100
|-ability|p2a: Salamence|Intimidate|boost
|-unboost|p1a: Skarmory|atk|1
|
|upkeep
|turn|31
|
|t:|1664909826
|switch|p1a: Amoonguss|Amoonguss, F|100/100
|move|p2a: Salamence|Defog|p1a: Amoonguss
|-unboost|p1a: Amoonguss|evasion|1
|-sideend|p2: GryphonEx|Spikes|[from] move: Defog|[of] p2a: Salamence
|
|upkeep
|turn|32
|
|t:|1664909833
|move|p2a: Salamence|Dual Wingbeat|p1a: Amoonguss
|-supereffective|p1a: Amoonguss
|-damage|p1a: Amoonguss|67/100
|-supereffective|p1a: Amoonguss
|-damage|p1a: Amoonguss|38/100
|-hitcount|p1a: Amoonguss|2
|move|p1a: Amoonguss|Toxic|p2a: Salamence
|-status|p2a: Salamence|tox
|
|-heal|p1a: Amoonguss|44/100|[from] item: Black Sludge
|-damage|p2a: Salamence|94/100 tox|[from] psn
|upkeep
|turn|33
|
|t:|1664909840
|switch|p2a: Corsola|Corsola-Galar, F|100/100
|switch|p1a: Tangrowth|Tangrowth, F|100/100
|
|upkeep
|turn|34
|
|t:|1664909845
|switch|p2a: Suicune|Suicune|76/100 slp
|-ability|p2a: Suicune|Pressure
|move|p1a: Tangrowth|Knock Off|p2a: Suicune
|-damage|p2a: Suicune|68/100 slp
|
|upkeep
|turn|35
|
|t:|1664909851
|-curestatus|p2a: Suicune|slp|[msg]
|move|p2a: Suicune|Air Slash|p1a: Tangrowth
|-supereffective|p1a: Tangrowth
|-damage|p1a: Tangrowth|55/100
|move|p1a: Tangrowth|Leech Seed|p2a: Suicune
|-start|p2a: Suicune|move: Leech Seed
|
|-damage|p2a: Suicune|55/100|[from] Leech Seed|[of] p1a: Tangrowth
|-heal|p1a: Tangrowth|67/100|[silent]
|upkeep
|turn|36
|
|t:|1664909860
|switch|p2a: Zarude|Zarude|84/100
|switch|p1a: Slowking|Slowking, F|100/100
|
|upkeep
|turn|37
|
|t:|1664909865
|switch|p1a: Tangrowth|Tangrowth, F|100/100
|move|p2a: Zarude|U-turn|p1a: Tangrowth
|-supereffective|p1a: Tangrowth
|-damage|p1a: Tangrowth|67/100
|-damage|p2a: Zarude|67/100|[from] item: Rocky Helmet|[of] p1a: Tangrowth
|
|t:|1664909871
|switch|p2a: Hydreigon|Hydreigon, M|64/100 tox|[from]move: U-turn
|
|-damage|p2a: Hydreigon|58/100 tox|[from] psn
|upkeep
|turn|38
|
|t:|1664909875
|switch|p1a: Amoonguss|Amoonguss, F|77/100
|move|p2a: Hydreigon|Roost|p2a: Hydreigon
|-heal|p2a: Hydreigon|100/100 tox
|-singleturn|p2a: Hydreigon|move: Roost
|
|-heal|p1a: Amoonguss|84/100|[from] item: Black Sludge
|-damage|p2a: Hydreigon|88/100 tox|[from] psn
|upkeep
|turn|39
|
|t:|1664909881
|move|p2a: Hydreigon|Flamethrower|p1a: Amoonguss
|-supereffective|p1a: Amoonguss
|-damage|p1a: Amoonguss|40/100
|move|p1a: Amoonguss|Sludge Bomb|p2a: Hydreigon
|-damage|p2a: Hydreigon|60/100 tox
|
|-heal|p1a: Amoonguss|46/100|[from] item: Black Sludge
|-damage|p2a: Hydreigon|41/100 tox|[from] psn
|upkeep
|turn|40
|
|t:|1664909892
|switch|p2a: Zarude|Zarude|67/100
|switch|p1a: Umbreon|Umbreon, M|93/100
|
|-heal|p1a: Umbreon|99/100|[from] item: Leftovers
|upkeep
|turn|41
|
|t:|1664909898
|move|p1a: Umbreon|Protect|p1a: Umbreon
|-singleturn|p1a: Umbreon|Protect
|move|p2a: Zarude|Darkest Lariat|p1a: Umbreon
|-activate|p1a: Umbreon|move: Protect
|
|-heal|p1a: Umbreon|100/100|[from] item: Leftovers
|upkeep
|turn|42
|
|t:|1664909903
|switch|p2a: Chansey|Chansey, F|100/100
|move|p1a: Umbreon|Foul Play|p2a: Chansey
|-damage|p2a: Chansey|99/100
|
|upkeep
|turn|43
|
|t:|1664909909
|switch|p1a: Excadrill|Excadrill, M|100/100
|-ability|p1a: Excadrill|Mold Breaker
|move|p2a: Chansey|Thunder Wave|p1a: Excadrill
|-immune|p1a: Excadrill
|
|upkeep
|turn|44
|
|t:|1664909911
|move|p1a: Excadrill|Stealth Rock|p2a: Chansey
|-sidestart|p2: GryphonEx|move: Stealth Rock
|move|p2a: Chansey|Teleport|p2a: Chansey
|
|t:|1664909913
|switch|p2a: Corsola|Corsola-Galar, F|100/100|[from]move: Teleport
|-damage|p2a: Corsola|88/100|[from] Stealth Rock
|
|upkeep
|turn|45
|
|t:|1664909923
|switch|p1a: Tangrowth|Tangrowth, F|100/100
|move|p2a: Corsola|Stealth Rock|p1a: Tangrowth
|-sidestart|p1: CynthiaBlueheart|move: Stealth Rock
|
|upkeep
|turn|46
|
|t:|1664909931
|switch|p2a: Suicune|Suicune|55/100
|-damage|p2a: Suicune|43/100|[from] Stealth Rock
|-ability|p2a: Suicune|Pressure
|move|p1a: Tangrowth|Knock Off|p2a: Suicune
|-damage|p2a: Suicune|34/100
|
|upkeep
|turn|47
|
|t:|1664909939
|move|p2a: Suicune|Rest|p2a: Suicune
|-status|p2a: Suicune|slp|[from] move: Rest
|-heal|p2a: Suicune|100/100 slp|[silent]
|move|p1a: Tangrowth|Giga Drain|p2a: Suicune
|-supereffective|p2a: Suicune
|-damage|p2a: Suicune|57/100 slp
|
|upkeep
|turn|48
|
|t:|1664909948
|cant|p2a: Suicune|slp
|move|p1a: Tangrowth|Giga Drain|p2a: Suicune
|-supereffective|p2a: Suicune
|-damage|p2a: Suicune|12/100 slp
|
|upkeep
|turn|49
|
|t:|1664909959
|cant|p2a: Suicune|slp
|move|p1a: Tangrowth|Giga Drain|p2a: Suicune
|-supereffective|p2a: Suicune
|-damage|p2a: Suicune|0 fnt
|faint|p2a: Suicune
|
|upkeep
|-message|GryphonEx forfeited.
|
|win|CynthiaBlueheart
|raw|CynthiaBlueheart's rating: 1431 &rarr; <strong>1452</strong><br />(+21 for winning)
|raw|GryphonEx's rating: 1447 &rarr; <strong>1426</strong><br />(-21 for losing)
|l|☆GryphonEx
