|j|☆Lati
|j|☆pif
|t:|1662855913
|gametype|singles
|player|p1|Lati|clown|1417
|player|p2|pif|#uutrio2ladder|1700
|teamsize|p1|6
|teamsize|p2|6
|gen|8
|tier|[Gen 8] UU
|rated|
|rule|Sleep Clause Mod: Limit one foe put to sleep
|rule|Species Clause: Limit one of each Pokémon
|rule|OHKO Clause: OHKO moves are banned
|rule|Evasion Items Clause: Evasion items are banned
|rule|Evasion Moves Clause: Evasion moves are banned
|rule|Endless Battle Clause: Forcing endless battles is banned
|rule|HP Percentage Mod: HP is shown in percentages
|rule|Dynamax Clause: You cannot dynamax
|clearpoke
|poke|p1|Conkeldurr, M|
|poke|p1|Zarude|
|poke|p1|Celesteela|
|poke|p1|Nihilego|
|poke|p1|Primarina, F|
|poke|p1|Golurk|
|poke|p2|Raikou|
|poke|p2|Conkeldurr, F|
|poke|p2|Primarina, M|
|poke|p2|Amoonguss, M|
|poke|p2|Hydreigon, M|
|poke|p2|Excadrill, F|
|teampreview
|c|☆Lati|oh fuck
|c|☆pif|glhf
|c|☆Lati|I'm not gonna have fun
|c|☆Lati|I'm gonna get my ass whooped
|c|☆Lati|pif the uu goat
|
|t:|1662855955
|start
|switch|p1a: Zarude|Zarude|100/100
|switch|p2a: Amoonguss|Amoonguss, M|100/100
|turn|1
|c|☆pif|thats kind of you :)
|
|t:|1662855966
|move|p1a: Zarude|Taunt|p2a: Amoonguss
|-start|p2a: Amoonguss|move: Taunt
|cant|p2a: Amoonguss|move: Taunt|Spore
|
|upkeep
|turn|2
|
|t:|1662855975
|switch|p1a: Conkeldurr|Conkeldurr, M|100/100
|move|p2a: Amoonguss|Seed Bomb|p1a: Conkeldurr
|-damage|p1a: Conkeldurr|79/100
|
|-status|p1a: Conkeldurr|brn|[from] item: Flame Orb
|upkeep
|turn|3
|
|t:|1662855982
|move|p1a: Conkeldurr|Knock Off|p2a: Amoonguss
|-damage|p2a: Amoonguss|52/100
|-enditem|p2a: Amoonguss|Black Sludge|[from] move: Knock Off|[of] p1a: Conkeldurr
|move|p2a: Amoonguss|Sludge Bomb|p1a: Conkeldurr
|-damage|p1a: Conkeldurr|45/100 brn
|
|-damage|p1a: Conkeldurr|39/100 brn|[from] brn
|-end|p2a: Amoonguss|move: Taunt
|upkeep
|turn|4
|
|t:|1662855990
|switch|p2a: Excadrill|Excadrill, F|100/100
|-ability|p2a: Excadrill|Mold Breaker
|move|p1a: Conkeldurr|Facade|p2a: Excadrill
|-resisted|p2a: Excadrill
|-damage|p2a: Excadrill|44/100
|
|-heal|p2a: Excadrill|50/100|[from] item: Leftovers
|-damage|p1a: Conkeldurr|33/100 brn|[from] brn
|upkeep
|turn|5
|
|t:|1662855997
|switch|p2a: Primarina|Primarina, M|100/100
|move|p1a: Conkeldurr|Mach Punch|p2a: Primarina
|-resisted|p2a: Primarina
|-damage|p2a: Primarina|80/100
|
|-heal|p2a: Primarina|86/100|[from] item: Leftovers
|-damage|p1a: Conkeldurr|27/100 brn|[from] brn
|upkeep
|turn|6
|
|t:|1662856010
|switch|p1a: Celesteela|Celesteela|100/100
|move|p2a: Primarina|Scald|p1a: Celesteela
|-damage|p1a: Celesteela|81/100
|
|-heal|p2a: Primarina|92/100|[from] item: Leftovers
|-heal|p1a: Celesteela|87/100|[from] item: Leftovers
|upkeep
|turn|7
|
|t:|1662856020
|switch|p2a: Excadrill|Excadrill, F|50/100
|-ability|p2a: Excadrill|Mold Breaker
|switch|p1a: Primarina|Primarina, F|100/100
|
|-heal|p2a: Excadrill|56/100|[from] item: Leftovers
|upkeep
|turn|8
|
|t:|1662856028
|move|p2a: Excadrill|Stealth Rock|p1a: Primarina
|-sidestart|p1: Lati|move: Stealth Rock
|move|p1a: Primarina|Scald|p2a: Excadrill
|-supereffective|p2a: Excadrill
|-damage|p2a: Excadrill|0 fnt
|faint|p2a: Excadrill
|
|upkeep
|
|t:|1662856038
|switch|p2a: Amoonguss|Amoonguss, M|86/100
|turn|9
|
|t:|1662856046
|switch|p1a: Zarude|Zarude|100/100
|move|p2a: Amoonguss|Seed Bomb|p1a: Zarude
|-resisted|p1a: Zarude
|-damage|p1a: Zarude|89/100
|
|upkeep
|turn|10
|
|t:|1662856049
|move|p1a: Zarude|U-turn|p2a: Amoonguss
|-damage|p2a: Amoonguss|67/100
|
|t:|1662856060
|switch|p1a: Nihilego|Nihilego|100/100|[from]move: U-turn
|-damage|p1a: Nihilego|88/100|[from] Stealth Rock
|move|p2a: Amoonguss|Sludge Bomb|p1a: Nihilego
|-resisted|p1a: Nihilego
|-damage|p1a: Nihilego|83/100
|
|upkeep
|turn|11
|
|t:|1662856069
|move|p1a: Nihilego|Sludge Wave|p2a: Amoonguss
|-damage|p2a: Amoonguss|21/100
|move|p2a: Amoonguss|Spore|p1a: Nihilego
|-status|p1a: Nihilego|slp|[from] move: Spore
|
|upkeep
|turn|12
|
|t:|1662856073
|switch|p1a: Primarina|Primarina, F|100/100
|-damage|p1a: Primarina|88/100|[from] Stealth Rock
|switch|p2a: Conkeldurr|Conkeldurr, F|100/100
|
|-status|p2a: Conkeldurr|brn|[from] item: Flame Orb
|upkeep
|turn|13
|
|t:|1662856092
|switch|p2a: Amoonguss|Amoonguss, M|55/100
|move|p1a: Primarina|Moonblast|p2a: Amoonguss
|-resisted|p2a: Amoonguss
|-damage|p2a: Amoonguss|19/100
|
|upkeep
|turn|14
|
|t:|1662856098
|move|p1a: Primarina|Moonblast|p2a: Amoonguss
|-resisted|p2a: Amoonguss
|-damage|p2a: Amoonguss|0 fnt
|faint|p2a: Amoonguss
|
|upkeep
|
|t:|1662856118
|switch|p2a: Primarina|Primarina, M|92/100
|turn|15
|
|t:|1662856125
|switch|p1a: Celesteela|Celesteela|87/100
|-damage|p1a: Celesteela|75/100|[from] Stealth Rock
|move|p2a: Primarina|Calm Mind|p2a: Primarina
|-boost|p2a: Primarina|spa|1
|-boost|p2a: Primarina|spd|1
|
|-heal|p2a: Primarina|98/100|[from] item: Leftovers
|-heal|p1a: Celesteela|81/100|[from] item: Leftovers
|upkeep
|turn|16
|
|t:|1662856128
|move|p2a: Primarina|Scald|p1a: Celesteela
|-damage|p1a: Celesteela|48/100
|move|p1a: Celesteela|Heavy Slam|p2a: Primarina
|-crit|p2a: Primarina
|-damage|p2a: Primarina|22/100
|
|-heal|p2a: Primarina|28/100|[from] item: Leftovers
|-heal|p1a: Celesteela|54/100|[from] item: Leftovers
|upkeep
|turn|17
|
|t:|1662856134
|move|p2a: Primarina|Scald|p1a: Celesteela
|-damage|p1a: Celesteela|7/100
|-status|p1a: Celesteela|brn
|move|p1a: Celesteela|Leech Seed|p2a: Primarina
|-start|p2a: Primarina|move: Leech Seed
|
|-heal|p2a: Primarina|34/100|[from] item: Leftovers
|-heal|p1a: Celesteela|13/100 brn|[from] item: Leftovers
|-damage|p2a: Primarina|22/100|[from] Leech Seed|[of] p1a: Celesteela
|-heal|p1a: Celesteela|24/100 brn|[silent]
|-damage|p1a: Celesteela|18/100 brn|[from] brn
|upkeep
|turn|18
|
|t:|1662856138
|switch|p2a: Raikou|Raikou|100/100
|-ability|p2a: Raikou|Pressure
|switch|p1a: Primarina|Primarina, F|88/100
|-damage|p1a: Primarina|76/100|[from] Stealth Rock
|
|upkeep
|turn|19
|
|t:|1662856148
|move|p2a: Raikou|Calm Mind|p2a: Raikou
|-boost|p2a: Raikou|spa|1
|-boost|p2a: Raikou|spd|1
|move|p1a: Primarina|Moonblast|p2a: Raikou
|-damage|p2a: Raikou|40/100
|
|-heal|p2a: Raikou|46/100|[from] item: Leftovers
|upkeep
|turn|20
|
|t:|1662856156
|switch|p1a: Celesteela|Celesteela|18/100 brn
|-damage|p1a: Celesteela|6/100 brn|[from] Stealth Rock
|move|p2a: Raikou|Thunderbolt|p1a: Celesteela
|-supereffective|p1a: Celesteela
|-damage|p1a: Celesteela|0 fnt
|faint|p1a: Celesteela
|
|-heal|p2a: Raikou|52/100|[from] item: Leftovers
|upkeep
|
|t:|1662856161
|switch|p1a: Conkeldurr|Conkeldurr, M|27/100 brn
|-damage|p1a: Conkeldurr|21/100 brn|[from] Stealth Rock
|turn|21
|
|t:|1662856177
|move|p1a: Conkeldurr|Mach Punch|p2a: Raikou
|-damage|p2a: Raikou|5/100
|move|p2a: Raikou|Thunderbolt|p1a: Conkeldurr
|-damage|p1a: Conkeldurr|0 fnt
|faint|p1a: Conkeldurr
|
|-heal|p2a: Raikou|11/100|[from] item: Leftovers
|upkeep
|
|t:|1662856181
|switch|p1a: Zarude|Zarude|89/100
|turn|22
|
|t:|1662856207
|switch|p2a: Hydreigon|Hydreigon, M|100/100
|move|p1a: Zarude|U-turn|p2a: Hydreigon
|-supereffective|p2a: Hydreigon
|-damage|p2a: Hydreigon|45/100
|
|t:|1662856216
|switch|p1a: Nihilego|Nihilego|83/100 slp|[from]move: U-turn
|-damage|p1a: Nihilego|71/100 slp|[from] Stealth Rock
|
|upkeep
|turn|23
|
|t:|1662856219
|move|p2a: Hydreigon|U-turn|p1a: Nihilego
|-resisted|p1a: Nihilego
|-damage|p1a: Nihilego|60/100 slp
|
|t:|1662856225
|switch|p2a: Conkeldurr|Conkeldurr, F|100/100 brn|[from]move: U-turn
|cant|p1a: Nihilego|slp
|
|-damage|p2a: Conkeldurr|94/100 brn|[from] brn
|upkeep
|turn|24
|
|t:|1662856233
|-curestatus|p1a: Nihilego|slp|[msg]
|move|p1a: Nihilego|Meteor Beam||[still]
|-prepare|p1a: Nihilego|Meteor Beam
|-boost|p1a: Nihilego|spa|1
|-enditem|p1a: Nihilego|Power Herb
|-anim|p1a: Nihilego|Meteor Beam|p2a: Conkeldurr
|-resisted|p2a: Conkeldurr
|-damage|p2a: Conkeldurr|36/100 brn
|move|p2a: Conkeldurr|Knock Off|p1a: Nihilego
|-damage|p1a: Nihilego|2/100
|
|-damage|p2a: Conkeldurr|30/100 brn|[from] brn
|upkeep
|turn|25
|
|t:|1662856240
|move|p2a: Conkeldurr|Mach Punch|p1a: Nihilego
|-damage|p1a: Nihilego|0 fnt
|faint|p1a: Nihilego
|
|-damage|p2a: Conkeldurr|24/100 brn|[from] brn
|upkeep
|
|t:|1662856247
|switch|p1a: Golurk|Golurk|100/100
|-damage|p1a: Golurk|95/100|[from] Stealth Rock
|turn|26
|
|t:|1662856256
|switch|p2a: Primarina|Primarina, M|22/100
|move|p1a: Golurk|Poltergeist|p2a: Primarina
|-activate|p2a: Primarina|move: Poltergeist|Leftovers
|-damage|p2a: Primarina|0 fnt
|faint|p2a: Primarina
|
|upkeep
|
|t:|1662856275
|switch|p2a: Hydreigon|Hydreigon, M|45/100
|turn|27
|
|t:|1662856290
|move|p2a: Hydreigon|Draco Meteor|p1a: Golurk
|-damage|p1a: Golurk|13/100
|-unboost|p2a: Hydreigon|spa|2
|move|p1a: Golurk|Poltergeist|p2a: Hydreigon
|-activate|p2a: Hydreigon|move: Poltergeist|Choice Scarf
|-resisted|p2a: Hydreigon
|-crit|p2a: Hydreigon
|-damage|p2a: Hydreigon|0 fnt
|faint|p2a: Hydreigon
|
|upkeep
|
|t:|1662856300
|switch|p2a: Raikou|Raikou|11/100
|-ability|p2a: Raikou|Pressure
|turn|28
|
|t:|1662856307
|switch|p1a: Primarina|Primarina, F|76/100
|-damage|p1a: Primarina|64/100|[from] Stealth Rock
|move|p2a: Raikou|Scald|p1a: Primarina
|-resisted|p1a: Primarina
|-damage|p1a: Primarina|50/100
|
|-heal|p2a: Raikou|17/100|[from] item: Leftovers
|upkeep
|turn|29
|
|t:|1662856311
|move|p2a: Raikou|Thunderbolt|p1a: Primarina
|-supereffective|p1a: Primarina
|-damage|p1a: Primarina|0 fnt
|faint|p1a: Primarina
|
|-heal|p2a: Raikou|23/100|[from] item: Leftovers
|upkeep
|
|t:|1662856313
|switch|p1a: Zarude|Zarude|89/100
|turn|30
|
|t:|1662856325
|move|p2a: Raikou|Thunderbolt|p1a: Zarude
|-resisted|p1a: Zarude
|-damage|p1a: Zarude|68/100
|move|p1a: Zarude|Power Whip|p2a: Raikou
|-damage|p2a: Raikou|0 fnt
|faint|p2a: Raikou
|
|upkeep
|
|t:|1662856329
|switch|p2a: Conkeldurr|Conkeldurr, F|24/100 brn
|turn|31
|
|t:|1662856332
|move|p2a: Conkeldurr|Mach Punch|p1a: Zarude
|-supereffective|p1a: Zarude
|-crit|p1a: Zarude
|-damage|p1a: Zarude|0 fnt
|faint|p1a: Zarude
|
|-damage|p2a: Conkeldurr|18/100 brn|[from] brn
|upkeep
|
|t:|1662856335
|switch|p1a: Golurk|Golurk|13/100
|-damage|p1a: Golurk|7/100|[from] Stealth Rock
|turn|32
|
|t:|1662856339
|move|p1a: Golurk|Earthquake|p2a: Conkeldurr
|-crit|p2a: Conkeldurr
|-damage|p2a: Conkeldurr|0 fnt
|faint|p2a: Conkeldurr
|
|win|Lati
|raw|Lati's rating: 1417 &rarr; <strong>1450</strong><br />(+33 for winning)
|raw|pif's rating: 1700 &rarr; <strong>1667</strong><br />(-33 for losing)
|c|☆pif|gg
|c|☆Lati|gg
||Ladder isn't responding, score probably updated but might not have (Request timeout).
