|j|☆Zneon
|j|☆ocabat
|t:|1598290393
|player|p1|Zneon|red-gen7|1250
|player|p2|ocabat|aaron|1206
|teamsize|p1|6
|teamsize|p2|6
|gametype|singles
|gen|8
|tier|[Gen 8] UU
|rated|
|html|<div class="broadcast-blue"><strong>UU is currently suspecting Jirachi! For information on how to participate check out the <a href="https://www.smogon.com/forums/threads/3668911/">suspect thread</a>.</strong></div>
|clearpoke
|poke|p1|Slowking, F|
|poke|p1|Toxtricity, M|
|poke|p1|Tyranitar, M|
|poke|p1|Rotom-Wash|
|poke|p1|Jirachi|
|poke|p1|Mienshao, F|
|poke|p2|Druddigon, M|
|poke|p2|Jirachi|
|poke|p2|Golurk|
|poke|p2|Hatterene, F|
|poke|p2|Incineroar, F|
|poke|p2|Noivern, F|
|rule|Sleep Clause Mod: Limit one foe put to sleep
|rule|Species Clause: Limit one of each Pokémon
|rule|OHKO Clause: OHKO moves are banned
|rule|Evasion Moves Clause: Evasion moves are banned
|rule|Endless Battle Clause: Forcing endless battles is banned
|rule|HP Percentage Mod: HP is shown in percentages
|rule|Dynamax Clause: You cannot dynamax
|teampreview
|inactive|Battle timer is ON: inactive players will automatically lose when time's up. (requested by ocabat)
|
|t:|1598290405
|start
|switch|p1a: Jirachi|Jirachi|100/100
|switch|p2a: Druddigon|Druddigon, M|100/100
|-ability|p2a: Druddigon|Mold Breaker
|turn|1
|
|t:|1598290410
|move|p1a: Jirachi|Stealth Rock|p2a: Druddigon
|-sidestart|p2: ocabat|move: Stealth Rock
|move|p2a: Druddigon|Glare|p1a: Jirachi
|-status|p1a: Jirachi|par
|
|upkeep
|turn|2
|
|t:|1598290413
|switch|p1a: Toxtricity|Toxtricity, M|100/100
|move|p2a: Druddigon|Stealth Rock|p1a: Toxtricity
|-sidestart|p1: Zneon|move: Stealth Rock
|
|upkeep
|turn|3
|
|t:|1598290424
|switch|p1a: Slowking|Slowking, F|100/100
|switch|p2a: Golurk|Golurk|100/100
|-damage|p2a: Golurk|94/100|[from] Stealth Rock
|
|-heal|p2a: Golurk|100/100|[from] item: Leftovers
|upkeep
|turn|4
|
|t:|1598290427
|move|p2a: Golurk|Substitute|p2a: Golurk
|-start|p2a: Golurk|Substitute
|-damage|p2a: Golurk|75/100
|move|p1a: Slowking|Ice Beam|p2a: Golurk
|-supereffective|p2a: Golurk
|-end|p2a: Golurk|Substitute
|
|-heal|p2a: Golurk|82/100|[from] item: Leftovers
|upkeep
|turn|5
|inactive|ocabat has 120 seconds left.
|
|t:|1598290461
|move|p2a: Golurk|Poltergeist|p1a: Slowking
|-activate|p1a: Slowking|move: Poltergeist|Heavy-Duty Boots
|-supereffective|p1a: Slowking
|-damage|p1a: Slowking|18/100
|move|p1a: Slowking|Scald|p2a: Golurk
|-supereffective|p2a: Golurk
|-damage|p2a: Golurk|9/100
|
|-heal|p2a: Golurk|15/100|[from] item: Leftovers
|upkeep
|turn|6
|
|t:|1598290470
|switch|p1a: Rotom|Rotom-Wash|100/100
|-damage|p1a: Rotom|88/100|[from] Stealth Rock
|move|p2a: Golurk|Poltergeist|p1a: Rotom
|-activate|p1a: Rotom|move: Poltergeist|Rocky Helmet
|-damage|p1a: Rotom|25/100
|
|-heal|p2a: Golurk|21/100|[from] item: Leftovers
|upkeep
|turn|7
|
|t:|1598290482
|switch|p2a: Hatterene|Hatterene, F|100/100
|-damage|p2a: Hatterene|88/100|[from] Stealth Rock
|move|p1a: Rotom|Hydro Pump|p2a: Hatterene|[miss]
|-miss|p1a: Rotom|p2a: Hatterene
|
|upkeep
|turn|8
|
|t:|1598290501
|move|p1a: Rotom|Volt Switch|p2a: Hatterene
|-damage|p2a: Hatterene|72/100
|
|t:|1598290509
|switch|p1a: Jirachi|Jirachi|100/100 par|[from]move: Volt Switch
|-damage|p1a: Jirachi|94/100 par|[from] Stealth Rock
|move|p2a: Hatterene|Mystical Fire|p1a: Jirachi
|-supereffective|p1a: Jirachi
|-damage|p1a: Jirachi|38/100 par
|-unboost|p1a: Jirachi|spa|1
|
|-heal|p1a: Jirachi|44/100 par|[from] item: Leftovers
|upkeep
|turn|9
|
|t:|1598290516
|move|p1a: Jirachi|Iron Head|p2a: Hatterene
|-supereffective|p2a: Hatterene
|-damage|p2a: Hatterene|13/100
|cant|p2a: Hatterene|flinch
|
|-heal|p1a: Jirachi|50/100 par|[from] item: Leftovers
|upkeep
|turn|10
|
|t:|1598290520
|switch|p2a: Jirachi|Jirachi|100/100
|-damage|p2a: Jirachi|94/100|[from] Stealth Rock
|cant|p1a: Jirachi|par
|
|-heal|p2a: Jirachi|100/100|[from] item: Leftovers
|-heal|p1a: Jirachi|56/100 par|[from] item: Leftovers
|upkeep
|turn|11
|
|t:|1598290526
|move|p2a: Jirachi|Wish|p2a: Jirachi
|move|p1a: Jirachi|Thunder|p2a: Jirachi
|-damage|p2a: Jirachi|87/100
|-status|p2a: Jirachi|par
|
|-heal|p1a: Jirachi|63/100 par|[from] item: Leftovers
|-heal|p2a: Jirachi|93/100 par|[from] item: Leftovers
|upkeep
|turn|12
|
|t:|1598290539
|switch|p2a: Incineroar|Incineroar, F|100/100
|-ability|p2a: Incineroar|Intimidate|boost
|-unboost|p1a: Jirachi|atk|1
|move|p1a: Jirachi|Iron Head|p2a: Incineroar
|-resisted|p2a: Incineroar
|-crit|p2a: Incineroar
|-damage|p2a: Incineroar|86/100
|
|-heal|p2a: Incineroar|100/100|[from] move: Wish|[wisher] Jirachi
|-heal|p1a: Jirachi|69/100 par|[from] item: Leftovers
|upkeep
|turn|13
|
|t:|1598290545
|switch|p1a: Rotom|Rotom-Wash|25/100
|-damage|p1a: Rotom|12/100|[from] Stealth Rock
|move|p2a: Incineroar|Knock Off|p1a: Rotom
|-damage|p1a: Rotom|0 fnt
|-damage|p2a: Incineroar|84/100|[from] item: Rocky Helmet|[of] p1a: Rotom
|-enditem|p1a: Rotom|Rocky Helmet|[from] move: Knock Off|[of] p2a: Incineroar
|faint|p1a: Rotom
|
|upkeep
|
|t:|1598290553
|switch|p1a: Mienshao|Mienshao, F|100/100
|-damage|p1a: Mienshao|95/100|[from] Stealth Rock
|turn|14
|
|t:|1598290563
|switch|p2a: Druddigon|Druddigon, M|100/100
|-damage|p2a: Druddigon|88/100|[from] Stealth Rock
|-ability|p2a: Druddigon|Mold Breaker
|move|p1a: Mienshao|Close Combat|p2a: Druddigon
|-damage|p2a: Druddigon|45/100
|-unboost|p1a: Mienshao|def|1
|-unboost|p1a: Mienshao|spd|1
|-damage|p1a: Mienshao|78/100|[from] item: Rocky Helmet|[of] p2a: Druddigon
|
|upkeep
|turn|15
|
|t:|1598290574
|switch|p1a: Toxtricity|Toxtricity, M|100/100
|-damage|p1a: Toxtricity|88/100|[from] Stealth Rock
|move|p2a: Druddigon|Dragon Tail|p1a: Toxtricity
|-damage|p1a: Toxtricity|52/100
|drag|p1a: Slowking|Slowking, F|52/100
|
|upkeep
|turn|16
|
|t:|1598290587
|move|p2a: Druddigon|Glare|p1a: Slowking
|-status|p1a: Slowking|par
|move|p1a: Slowking|Ice Beam|p2a: Druddigon
|-supereffective|p2a: Druddigon
|-damage|p2a: Druddigon|4/100
|
|upkeep
|turn|17
|
|t:|1598290594
|cant|p1a: Slowking|par
|move|p2a: Druddigon|Dragon Tail|p1a: Slowking
|-damage|p1a: Slowking|35/100 par
|drag|p1a: Jirachi|Jirachi|69/100 par
|-damage|p1a: Jirachi|63/100 par|[from] Stealth Rock
|
|-heal|p1a: Jirachi|69/100 par|[from] item: Leftovers
|upkeep
|turn|18
|
|t:|1598290602
|cant|p1a: Jirachi|par
|move|p2a: Druddigon|Dragon Tail|p1a: Jirachi
|-resisted|p1a: Jirachi
|-damage|p1a: Jirachi|58/100 par
|drag|p1a: Mienshao|Mienshao, F|100/100
|-damage|p1a: Mienshao|95/100|[from] Stealth Rock
|
|upkeep
|turn|19
|
|t:|1598290609
|move|p1a: Mienshao|Knock Off|p2a: Druddigon
|-damage|p2a: Druddigon|0 fnt
|-damage|p1a: Mienshao|78/100|[from] item: Rocky Helmet|[of] p2a: Druddigon
|-enditem|p2a: Druddigon|Rocky Helmet|[from] move: Knock Off|[of] p1a: Mienshao
|faint|p2a: Druddigon
|
|upkeep
|
|t:|1598290612
|switch|p2a: Noivern|Noivern, F|100/100
|-item|p1a: Mienshao|Choice Scarf|[from] ability: Frisk|[of] p2a: Noivern|[identify]
|turn|20
|
|t:|1598290626
|switch|p1a: Slowking|Slowking, F|68/100 par
|move|p2a: Noivern|Hurricane|p1a: Slowking
|-damage|p1a: Slowking|33/100 par
|
|upkeep
|turn|21
|
|t:|1598290632
|switch|p1a: Tyranitar|Tyranitar, M|100/100
|-damage|p1a: Tyranitar|88/100|[from] Stealth Rock
|-weather|Sandstorm|[from] ability: Sand Stream|[of] p1a: Tyranitar
|move|p2a: Noivern|Draco Meteor|p1a: Tyranitar
|-damage|p1a: Tyranitar|43/100
|-unboost|p2a: Noivern|spa|2
|
|-weather|Sandstorm|[upkeep]
|-damage|p2a: Noivern|94/100|[from] Sandstorm
|-heal|p1a: Tyranitar|49/100|[from] item: Leftovers
|upkeep
|turn|22
|
|t:|1598290641
|switch|p2a: Hatterene|Hatterene, F|13/100
|-damage|p2a: Hatterene|1/100|[from] Stealth Rock
|switch|p1a: Jirachi|Jirachi|58/100 par
|-damage|p1a: Jirachi|52/100 par|[from] Stealth Rock
|
|-weather|Sandstorm|[upkeep]
|-damage|p2a: Hatterene|0 fnt|[from] Sandstorm
|faint|p2a: Hatterene
|-heal|p1a: Jirachi|58/100 par|[from] item: Leftovers
|upkeep
|
|t:|1598290653
|switch|p2a: Golurk|Golurk|21/100
|-damage|p2a: Golurk|15/100|[from] Stealth Rock
|turn|23
|
|t:|1598290664
|move|p2a: Golurk|Earthquake|p1a: Jirachi
|-supereffective|p1a: Jirachi
|-damage|p1a: Jirachi|0 fnt
|faint|p1a: Jirachi
|
|-weather|Sandstorm|[upkeep]
|-heal|p2a: Golurk|21/100|[from] item: Leftovers
|upkeep
|
|t:|1598290668
|switch|p1a: Toxtricity|Toxtricity, M|52/100
|-damage|p1a: Toxtricity|40/100|[from] Stealth Rock
|turn|24
|
|t:|1598290676
|move|p1a: Toxtricity|Sludge Wave|p2a: Golurk
|-resisted|p2a: Golurk
|-damage|p2a: Golurk|0 fnt
|faint|p2a: Golurk
|
|-weather|Sandstorm|[upkeep]
|-damage|p1a: Toxtricity|34/100|[from] Sandstorm
|upkeep
|
|t:|1598290683
|switch|p2a: Jirachi|Jirachi|93/100 par
|-damage|p2a: Jirachi|87/100 par|[from] Stealth Rock
|turn|25
|
|t:|1598290692
|switch|p1a: Slowking|Slowking, F|66/100 par
|move|p2a: Jirachi|U-turn|p1a: Slowking
|-supereffective|p1a: Slowking
|-damage|p1a: Slowking|43/100 par
|
|t:|1598290708
|switch|p2a: Noivern|Noivern, F|94/100|[from]move: U-turn
|-item|p1a: Slowking|Heavy-Duty Boots|[from] ability: Frisk|[of] p2a: Noivern|[identify]
|
|-weather|none
|upkeep
|turn|26
|
|t:|1598290715
|move|p2a: Noivern|Draco Meteor|p1a: Slowking
|-damage|p1a: Slowking|3/100 par
|-unboost|p2a: Noivern|spa|2
|move|p1a: Slowking|Ice Beam|p2a: Noivern
|-supereffective|p2a: Noivern
|-damage|p2a: Noivern|0 fnt
|faint|p2a: Noivern
|
|upkeep
|
|t:|1598290722
|switch|p2a: Incineroar|Incineroar, F|84/100
|-ability|p2a: Incineroar|Intimidate|boost
|-unboost|p1a: Slowking|atk|1
|turn|27
|
|t:|1598290724
|move|p2a: Incineroar|Knock Off|p1a: Slowking
|-supereffective|p1a: Slowking
|-damage|p1a: Slowking|0 fnt
|-enditem|p1a: Slowking|Heavy-Duty Boots|[from] move: Knock Off|[of] p2a: Incineroar
|faint|p1a: Slowking
|
|upkeep
|
|t:|1598290727
|switch|p1a: Tyranitar|Tyranitar, M|49/100
|-damage|p1a: Tyranitar|37/100|[from] Stealth Rock
|-weather|Sandstorm|[from] ability: Sand Stream|[of] p1a: Tyranitar
|turn|28
|
|t:|1598290733
|move|p1a: Tyranitar|Dragon Dance|p1a: Tyranitar
|-boost|p1a: Tyranitar|atk|1
|-boost|p1a: Tyranitar|spe|1
|move|p2a: Incineroar|Knock Off|p1a: Tyranitar
|-resisted|p1a: Tyranitar
|-damage|p1a: Tyranitar|20/100
|-enditem|p1a: Tyranitar|Leftovers|[from] move: Knock Off|[of] p2a: Incineroar
|
|-weather|Sandstorm|[upkeep]
|-damage|p2a: Incineroar|78/100|[from] Sandstorm
|upkeep
|turn|29
|
|t:|1598290738
|move|p1a: Tyranitar|Rock Slide|p2a: Incineroar
|-supereffective|p2a: Incineroar
|-damage|p2a: Incineroar|0 fnt
|faint|p2a: Incineroar
|
|-weather|Sandstorm|[upkeep]
|upkeep
|
|t:|1598290741
|switch|p2a: Jirachi|Jirachi|87/100 par
|-damage|p2a: Jirachi|81/100 par|[from] Stealth Rock
|turn|30
|
|t:|1598290743
|move|p1a: Tyranitar|Crunch|p2a: Jirachi
|-supereffective|p2a: Jirachi
|-damage|p2a: Jirachi|0 fnt
|faint|p2a: Jirachi
|
|win|Zneon
|l|☆ocabat
||Ladder (probably) updated, but score could not be retrieved (Request timeout).
