|j|☆Sirbelgrave
|j|☆Corporate Donkey
|t:|1662785386
|gametype|singles
|player|p1|Sirbelgrave|plasmagrunt-gen5bw|1248
|player|p2|Corporate Donkey|ingo|1309
|teamsize|p1|6
|teamsize|p2|6
|gen|8
|tier|[Gen 8] UU
|rated|
|rule|Sleep Clause Mod: Limit one foe put to sleep
|rule|Species Clause: Limit one of each Pokémon
|rule|OHKO Clause: OHKO moves are banned
|rule|Evasion Items Clause: Evasion items are banned
|rule|Evasion Moves Clause: Evasion moves are banned
|rule|Endless Battle Clause: Forcing endless battles is banned
|rule|HP Percentage Mod: HP is shown in percentages
|rule|Dynamax Clause: You cannot dynamax
|clearpoke
|poke|p1|Torkoal, M|
|poke|p1|Hatterene, F|
|poke|p1|Darmanitan, F|
|poke|p1|Venusaur, M|
|poke|p1|Swampert, F|
|poke|p1|Celesteela|
|poke|p2|Cobalion|
|poke|p2|Rotom-Wash|
|poke|p2|Hydreigon, M|
|poke|p2|Golurk|
|poke|p2|Togekiss, F|
|poke|p2|Amoonguss, M|
|teampreview
|inactive|Battle timer is ON: inactive players will automatically lose when time's up. (requested by Sirbelgrave)
|inactive|Sirbelgrave has 120 seconds left.
|
|t:|1662785421
|start
|switch|p1a: Darmanitan|Darmanitan, F|100/100
|switch|p2a: Alexander|Golurk|100/100
|turn|1
|
|t:|1662785426
|move|p1a: Darmanitan|U-turn|p2a: Alexander
|-resisted|p2a: Alexander
|-damage|p2a: Alexander|86/100
|
|t:|1662785431
|switch|p1a: Celesteela|Celesteela|100/100|[from]move: U-turn
|move|p2a: Alexander|Poltergeist|p1a: Celesteela
|-activate|p1a: Celesteela|move: Poltergeist|Leftovers
|-damage|p1a: Celesteela|33/100
|
|-heal|p1a: Celesteela|39/100|[from] item: Leftovers
|upkeep
|turn|2
|
|t:|1662785437
|move|p1a: Celesteela|Protect|p1a: Celesteela
|-singleturn|p1a: Celesteela|Protect
|move|p2a: Alexander|Poltergeist|p1a: Celesteela
|-activate|p1a: Celesteela|move: Protect
|
|-heal|p1a: Celesteela|45/100|[from] item: Leftovers
|upkeep
|turn|3
|j| Maractus-4-UU
|
|t:|1662785449
|switch|p1a: Swampert|Swampert, F|100/100
|move|p2a: Alexander|Poltergeist|p1a: Swampert
|-activate|p1a: Swampert|move: Poltergeist|Leftovers
|-damage|p1a: Swampert|14/100
|
|-heal|p1a: Swampert|20/100|[from] item: Leftovers
|upkeep
|turn|4
|
|t:|1662785453
|move|p2a: Alexander|Poltergeist|p1a: Swampert
|-activate|p1a: Swampert|move: Poltergeist|Leftovers
|-damage|p1a: Swampert|0 fnt
|faint|p1a: Swampert
|
|upkeep
|c| Maractus-4-UU|Lordy that hurts
|
|t:|1662785460
|switch|p1a: Celesteela|Celesteela|45/100
|turn|5
|
|t:|1662785464
|switch|p2a: Hogwash|Rotom-Wash|100/100
|move|p1a: Celesteela|Protect||[still]
|-fail|p1a: Celesteela
|
|-heal|p1a: Celesteela|51/100|[from] item: Leftovers
|upkeep
|turn|6
|
|t:|1662785473
|switch|p1a: Hatterene|Hatterene, F|100/100
|move|p2a: Hogwash|Hydro Pump|p1a: Hatterene|[miss]
|-miss|p2a: Hogwash|p1a: Hatterene
|
|upkeep
|turn|7
|
|t:|1662785479
|move|p2a: Hogwash|Volt Switch|p1a: Hatterene
|-damage|p1a: Hatterene|75/100
|
|t:|1662785483
|switch|p2a: Alexander|Golurk|86/100|[from]move: Volt Switch
|move|p1a: Hatterene|Psyshock|p2a: Alexander
|-damage|p2a: Alexander|36/100
|
|-heal|p1a: Hatterene|81/100|[from] item: Leftovers
|upkeep
|turn|8
|
|t:|1662785490
|move|p2a: Alexander|Poltergeist|p1a: Hatterene
|-activate|p1a: Hatterene|move: Poltergeist|Leftovers
|-supereffective|p1a: Hatterene
|-damage|p1a: Hatterene|0 fnt
|faint|p1a: Hatterene
|
|upkeep
|j| ca va barder
|
|t:|1662785493
|switch|p1a: Darmanitan|Darmanitan, F|100/100
|turn|9
|
|t:|1662785496
|switch|p2a: Ricardo|Hydreigon, M|100/100
|move|p1a: Darmanitan|Flare Blitz|p2a: Ricardo
|-resisted|p2a: Ricardo
|-damage|p2a: Ricardo|53/100
|-damage|p1a: Darmanitan|86/100|[from] Recoil
|
|upkeep
|turn|10
|
|t:|1662785504
|switch|p1a: Celesteela|Celesteela|51/100
|move|p2a: Ricardo|Dark Pulse|p1a: Celesteela
|-damage|p1a: Celesteela|20/100
|
|-heal|p1a: Celesteela|26/100|[from] item: Leftovers
|upkeep
|turn|11
|
|t:|1662785508
|switch|p2a: Hogwash|Rotom-Wash|100/100
|move|p1a: Celesteela|Protect||[still]
|-fail|p1a: Celesteela
|
|-heal|p1a: Celesteela|32/100|[from] item: Leftovers
|upkeep
|turn|12
|
|t:|1662785513
|move|p1a: Celesteela|Protect|p1a: Celesteela
|-singleturn|p1a: Celesteela|Protect
|move|p2a: Hogwash|Volt Switch|p1a: Celesteela
|-activate|p1a: Celesteela|move: Protect
|
|-heal|p1a: Celesteela|38/100|[from] item: Leftovers
|upkeep
|turn|13
|
|t:|1662785521
|move|p2a: Hogwash|Volt Switch|p1a: Celesteela
|-supereffective|p1a: Celesteela
|-damage|p1a: Celesteela|1/100
|
|t:|1662785525
|switch|p2a: Amoonguss|Amoonguss, M|100/100|[from]move: Volt Switch
|move|p1a: Celesteela|Leech Seed|p2a: Amoonguss
|-immune|p2a: Amoonguss
|
|-heal|p1a: Celesteela|7/100|[from] item: Leftovers
|upkeep
|turn|14
|
|t:|1662785528
|move|p1a: Celesteela|Protect|p1a: Celesteela
|-singleturn|p1a: Celesteela|Protect
|move|p2a: Amoonguss|Foul Play|p1a: Celesteela
|-activate|p1a: Celesteela|move: Protect
|
|-heal|p1a: Celesteela|13/100|[from] item: Leftovers
|upkeep
|turn|15
|
|t:|1662785534
|move|p1a: Celesteela|Flamethrower|p2a: Amoonguss
|-supereffective|p2a: Amoonguss
|-damage|p2a: Amoonguss|59/100
|move|p2a: Amoonguss|Foul Play|p1a: Celesteela
|-damage|p1a: Celesteela|0 fnt
|faint|p1a: Celesteela
|
|-heal|p2a: Amoonguss|65/100|[from] item: Black Sludge
|upkeep
|
|t:|1662785540
|switch|p1a: Torkoal|Torkoal, M|100/100
|-weather|SunnyDay|[from] ability: Drought|[of] p1a: Torkoal
|turn|16
|
|t:|1662785546
|switch|p2a: Hogwash|Rotom-Wash|100/100
|move|p1a: Torkoal|Lava Plume|p2a: Hogwash
|-resisted|p2a: Hogwash
|-damage|p2a: Hogwash|82/100
|-status|p2a: Hogwash|brn
|
|-weather|SunnyDay|[upkeep]
|-heal|p2a: Hogwash|88/100 brn|[from] item: Leftovers
|-damage|p2a: Hogwash|82/100 brn|[from] brn
|upkeep
|turn|17
|
|t:|1662785552
|switch|p1a: Venusaur|Venusaur, M|100/100
|move|p2a: Hogwash|Hydro Pump|p1a: Venusaur
|-resisted|p1a: Venusaur
|-damage|p1a: Venusaur|90/100
|
|-weather|SunnyDay|[upkeep]
|-heal|p2a: Hogwash|88/100 brn|[from] item: Leftovers
|-damage|p2a: Hogwash|82/100 brn|[from] brn
|upkeep
|turn|18
|
|t:|1662785556
|move|p1a: Venusaur|Growth|p1a: Venusaur
|-boost|p1a: Venusaur|atk|2
|-boost|p1a: Venusaur|spa|2
|move|p2a: Hogwash|Volt Switch|p1a: Venusaur
|-resisted|p1a: Venusaur
|-damage|p1a: Venusaur|75/100
|
|t:|1662785563
|switch|p2a: Amoonguss|Amoonguss, M|98/100|[from]move: Volt Switch
|
|-weather|SunnyDay|[upkeep]
|-heal|p2a: Amoonguss|100/100|[from] item: Black Sludge
|upkeep
|turn|19
|
|t:|1662785568
|switch|p2a: Hogwash|Rotom-Wash|82/100 brn
|move|p1a: Venusaur|Weather Ball|p2a: Hogwash
|-resisted|p2a: Hogwash
|-damage|p2a: Hogwash|12/100 brn
|-damage|p1a: Venusaur|65/100|[from] item: Life Orb
|
|-weather|SunnyDay|[upkeep]
|-heal|p2a: Hogwash|18/100 brn|[from] item: Leftovers
|-damage|p2a: Hogwash|12/100 brn|[from] brn
|upkeep
|turn|20
|
|t:|1662785576
|move|p1a: Venusaur|Weather Ball|p2a: Hogwash
|-resisted|p2a: Hogwash
|-damage|p2a: Hogwash|0 fnt
|faint|p2a: Hogwash
|-damage|p1a: Venusaur|55/100|[from] item: Life Orb
|
|-weather|SunnyDay|[upkeep]
|upkeep
|
|t:|1662785585
|switch|p2a: Ricardo|Hydreigon, M|53/100
|turn|21
|
|t:|1662785587
|switch|p2a: Horacio|Cobalion|100/100
|move|p1a: Venusaur|Giga Drain|p2a: Horacio
|-resisted|p2a: Horacio
|-damage|p2a: Horacio|35/100
|-heal|p1a: Venusaur|90/100|[from] drain|[of] p2a: Horacio
|-damage|p1a: Venusaur|80/100|[from] item: Life Orb
|
|-weather|SunnyDay|[upkeep]
|upkeep
|turn|22
|
|t:|1662785594
|move|p1a: Venusaur|Weather Ball|p2a: Horacio
|-supereffective|p2a: Horacio
|-damage|p2a: Horacio|0 fnt
|faint|p2a: Horacio
|-damage|p1a: Venusaur|70/100|[from] item: Life Orb
|
|-weather|SunnyDay|[upkeep]
|upkeep
|
|t:|1662785600
|switch|p2a: Amoonguss|Amoonguss, M|100/100
|turn|23
|
|t:|1662785603
|move|p1a: Venusaur|Weather Ball|p2a: Amoonguss
|-supereffective|p2a: Amoonguss
|-damage|p2a: Amoonguss|0 fnt
|faint|p2a: Amoonguss
|-damage|p1a: Venusaur|60/100|[from] item: Life Orb
|
|-weather|none
|upkeep
|
|t:|1662785605
|switch|p2a: Colgate|Togekiss, F|100/100
|turn|24
|
|t:|1662785611
|switch|p1a: Torkoal|Torkoal, M|100/100
|-weather|SunnyDay|[from] ability: Drought|[of] p1a: Torkoal
|move|p2a: Colgate|Air Slash|p1a: Torkoal|[miss]
|-miss|p2a: Colgate|p1a: Torkoal
|
|-weather|SunnyDay|[upkeep]
|upkeep
|turn|25
|
|t:|1662785615
|move|p2a: Colgate|Nasty Plot|p2a: Colgate
|-boost|p2a: Colgate|spa|2
|move|p1a: Torkoal|Lava Plume|p2a: Colgate
|-damage|p2a: Colgate|68/100
|
|-weather|SunnyDay|[upkeep]
|upkeep
|turn|26
|
|t:|1662785617
|move|p2a: Colgate|Nasty Plot|p2a: Colgate
|-boost|p2a: Colgate|spa|2
|move|p1a: Torkoal|Lava Plume|p2a: Colgate
|-damage|p2a: Colgate|39/100
|
|-weather|SunnyDay|[upkeep]
|upkeep
|turn|27
|
|t:|1662785619
|move|p2a: Colgate|Roost|p2a: Colgate
|-heal|p2a: Colgate|89/100
|-singleturn|p2a: Colgate|move: Roost
|move|p1a: Torkoal|Lava Plume|p2a: Colgate
|-crit|p2a: Colgate
|-damage|p2a: Colgate|42/100
|-status|p2a: Colgate|brn
|
|-weather|SunnyDay|[upkeep]
|-damage|p2a: Colgate|36/100 brn|[from] brn
|upkeep
|turn|28
|
|t:|1662785625
|move|p2a: Colgate|Roost|p2a: Colgate
|-heal|p2a: Colgate|86/100 brn
|-singleturn|p2a: Colgate|move: Roost
|move|p1a: Torkoal|Lava Plume|p2a: Colgate
|-damage|p2a: Colgate|54/100 brn
|
|-weather|SunnyDay|[upkeep]
|-damage|p2a: Colgate|48/100 brn|[from] brn
|upkeep
|turn|29
|
|t:|1662785627
|switch|p1a: Venusaur|Venusaur, M|60/100
|move|p2a: Colgate|Roost|p2a: Colgate
|-heal|p2a: Colgate|98/100 brn
|-singleturn|p2a: Colgate|move: Roost
|
|-weather|SunnyDay|[upkeep]
|-damage|p2a: Colgate|92/100 brn|[from] brn
|upkeep
|turn|30
|
|t:|1662785631
|move|p1a: Venusaur|Weather Ball|p2a: Colgate
|-damage|p2a: Colgate|44/100 brn
|-damage|p1a: Venusaur|50/100|[from] item: Life Orb
|move|p2a: Colgate|Air Slash|p1a: Venusaur
|-supereffective|p1a: Venusaur
|-damage|p1a: Venusaur|0 fnt
|faint|p1a: Venusaur
|
|-weather|SunnyDay|[upkeep]
|-damage|p2a: Colgate|38/100 brn|[from] brn
|upkeep
|
|t:|1662785637
|switch|p1a: Darmanitan|Darmanitan, F|86/100
|turn|31
|
|t:|1662785640
|move|p1a: Darmanitan|Rock Slide|p2a: Colgate
|-supereffective|p2a: Colgate
|-damage|p2a: Colgate|0 fnt
|faint|p2a: Colgate
|
|-weather|none
|upkeep
|
|t:|1662785644
|switch|p2a: Ricardo|Hydreigon, M|53/100
|turn|32
|
|t:|1662785647
|switch|p1a: Torkoal|Torkoal, M|100/100
|-weather|SunnyDay|[from] ability: Drought|[of] p1a: Torkoal
|move|p2a: Ricardo|Draco Meteor|p1a: Torkoal
|-damage|p1a: Torkoal|12/100
|-unboost|p2a: Ricardo|spa|2
|
|-weather|SunnyDay|[upkeep]
|upkeep
|turn|33
|
|t:|1662785651
|switch|p2a: Alexander|Golurk|36/100
|move|p1a: Torkoal|Rest|p1a: Torkoal
|-status|p1a: Torkoal|slp|[from] move: Rest
|-heal|p1a: Torkoal|100/100 slp|[silent]
|
|-weather|SunnyDay|[upkeep]
|upkeep
|turn|34
|
|t:|1662785655
|move|p2a: Alexander|Earthquake|p1a: Torkoal
|-supereffective|p1a: Torkoal
|-damage|p1a: Torkoal|13/100 slp
|cant|p1a: Torkoal|slp
|move|p1a: Torkoal|Sleep Talk|p1a: Torkoal
|move|p1a: Torkoal|Rapid Spin|p2a: Alexander|[from]move: Sleep Talk
|-immune|p2a: Alexander
|
|-weather|SunnyDay|[upkeep]
|upkeep
|turn|35
|
|t:|1662785658
|move|p2a: Alexander|Earthquake|p1a: Torkoal
|-supereffective|p1a: Torkoal
|-damage|p1a: Torkoal|0 fnt
|faint|p1a: Torkoal
|
|-weather|SunnyDay|[upkeep]
|upkeep
|
|t:|1662785659
|switch|p1a: Darmanitan|Darmanitan, F|86/100
|turn|36
|
|t:|1662785666
|move|p1a: Darmanitan|Flare Blitz|p2a: Alexander
|-damage|p2a: Alexander|0 fnt
|faint|p2a: Alexander
|-damage|p1a: Darmanitan|75/100|[from] Recoil
|
|-weather|SunnyDay|[upkeep]
|upkeep
|
|t:|1662785685
|switch|p2a: Ricardo|Hydreigon, M|53/100
|turn|37
|
|t:|1662785688
|move|p2a: Ricardo|Draco Meteor|p1a: Darmanitan
|-damage|p1a: Darmanitan|0 fnt
|-unboost|p2a: Ricardo|spa|2
|faint|p1a: Darmanitan
|
|win|Corporate Donkey
|raw|Sirbelgrave's rating: 1248 &rarr; <strong>1227</strong><br />(-21 for losing)
|raw|Corporate Donkey's rating: 1309 &rarr; <strong>1326</strong><br />(+17 for winning)
|c|☆Corporate Donkey|gg
|c|☆Sirbelgrave|gg
|l|☆Sirbelgrave
