|html|<div class="broadcast-blue"><strong>[Gen 8] UU is currently suspecting Moltres-Galar! For information on how to participate check out the <a href="https://www.smogon.com/forums/threads/np-ss-uu-stage-12-get-lucky.3700621/">suspect thread</a>.</strong></div>
|j|☆hisjb
|j|☆Springerk
|t:|1650127734
|gametype|singles
|player|p1|hisjb|unknown|1558
|player|p2|Springerk|psychic|1411
|teamsize|p1|6
|teamsize|p2|6
|gen|8
|tier|[Gen 8] UU
|rated|
|rule|Sleep Clause Mod: Limit one foe put to sleep
|rule|Species Clause: Limit one of each Pokémon
|rule|OHKO Clause: OHKO moves are banned
|rule|Evasion Moves Clause: Evasion moves are banned
|rule|Endless Battle Clause: Forcing endless battles is banned
|rule|HP Percentage Mod: HP is shown in percentages
|rule|Dynamax Clause: You cannot dynamax
|clearpoke
|poke|p1|Chansey, F|
|poke|p1|Mandibuzz, F|
|poke|p1|Pyukumuku, M|
|poke|p1|Weezing-Galar, F|
|poke|p1|Tangrowth, F|
|poke|p1|Marowak-Alola, M|
|poke|p2|Umbreon, M|
|poke|p2|Togekiss, F|
|poke|p2|Nihilego|
|poke|p2|Aegislash, F|
|poke|p2|Gyarados, M|
|poke|p2|Cobalion|
|teampreview
|inactive|Battle timer is ON: inactive players will automatically lose when time's up. (requested by hisjb)
|
|t:|1650127774
|start
|switch|p1a: Chansey|Chansey, F|100/100
|switch|p2a: Nihilego|Nihilego|100/100
|turn|1
|
|t:|1650127779
|move|p2a: Nihilego|Knock Off|p1a: Chansey
|-damage|p1a: Chansey|93/100
|-enditem|p1a: Chansey|Eviolite|[from] move: Knock Off|[of] p2a: Nihilego
|move|p1a: Chansey|Seismic Toss|p2a: Nihilego
|-damage|p2a: Nihilego|73/100
|
|-heal|p2a: Nihilego|79/100|[from] item: Black Sludge
|upkeep
|turn|2
|
|t:|1650127789
|move|p2a: Nihilego|Stealth Rock|p1a: Chansey
|-sidestart|p1: hisjb|move: Stealth Rock
|move|p1a: Chansey|Seismic Toss|p2a: Nihilego
|-damage|p2a: Nihilego|51/100
|
|-heal|p2a: Nihilego|57/100|[from] item: Black Sludge
|upkeep
|turn|3
|
|t:|1650127807
|switch|p2a: Togekiss|Togekiss, F|100/100
|switch|p1a: Pyukumuku|Pyukumuku, M|100/100
|-damage|p1a: Pyukumuku|88/100|[from] Stealth Rock
|
|-heal|p1a: Pyukumuku|94/100|[from] item: Leftovers
|upkeep
|turn|4
|
|t:|1650127822
|move|p2a: Togekiss|Nasty Plot|p2a: Togekiss
|-boost|p2a: Togekiss|spa|2
|move|p1a: Pyukumuku|Toxic|p2a: Togekiss
|-status|p2a: Togekiss|tox
|
|-heal|p1a: Pyukumuku|99/100|[from] item: Leftovers
|-damage|p2a: Togekiss|94/100 tox|[from] psn
|upkeep
|turn|5
|
|t:|1650127829
|move|p2a: Togekiss|Air Slash|p1a: Pyukumuku
|-damage|p1a: Pyukumuku|78/100
|cant|p1a: Pyukumuku|flinch
|
|-heal|p1a: Pyukumuku|84/100|[from] item: Leftovers
|-damage|p2a: Togekiss|82/100 tox|[from] psn
|upkeep
|turn|6
|
|t:|1650127835
|move|p2a: Togekiss|Heal Bell|p2a: Togekiss
|-activate|p2a: Togekiss|move: Heal Bell
|-curestatus|p2a: Togekiss|tox|[msg]
|move|p1a: Pyukumuku|Block|p2a: Togekiss
|-activate|p2a: Togekiss|trapped
|
|-heal|p1a: Pyukumuku|90/100|[from] item: Leftovers
|upkeep
|turn|7
|
|t:|1650127842
|move|p2a: Togekiss|Air Slash|p1a: Pyukumuku
|-damage|p1a: Pyukumuku|69/100
|cant|p1a: Pyukumuku|flinch
|
|-heal|p1a: Pyukumuku|75/100|[from] item: Leftovers
|upkeep
|turn|8
|
|t:|1650127846
|move|p2a: Togekiss|Air Slash|p1a: Pyukumuku
|-damage|p1a: Pyukumuku|55/100
|cant|p1a: Pyukumuku|flinch
|
|-heal|p1a: Pyukumuku|61/100|[from] item: Leftovers
|upkeep
|turn|9
|
|t:|1650127851
|move|p2a: Togekiss|Air Slash|p1a: Pyukumuku
|-damage|p1a: Pyukumuku|38/100
|cant|p1a: Pyukumuku|flinch
|
|-heal|p1a: Pyukumuku|44/100|[from] item: Leftovers
|upkeep
|turn|10
|
|t:|1650127855
|move|p2a: Togekiss|Air Slash|p1a: Pyukumuku
|-damage|p1a: Pyukumuku|21/100
|move|p1a: Pyukumuku|Recover|p1a: Pyukumuku
|-heal|p1a: Pyukumuku|71/100
|
|-heal|p1a: Pyukumuku|77/100|[from] item: Leftovers
|upkeep
|turn|11
|
|t:|1650127865
|move|p2a: Togekiss|Air Slash|p1a: Pyukumuku
|-damage|p1a: Pyukumuku|54/100
|move|p1a: Pyukumuku|Toxic|p2a: Togekiss
|-status|p2a: Togekiss|tox
|
|-heal|p1a: Pyukumuku|60/100|[from] item: Leftovers
|-damage|p2a: Togekiss|76/100 tox|[from] psn
|upkeep
|turn|12
|
|t:|1650127869
|move|p2a: Togekiss|Air Slash|p1a: Pyukumuku
|-damage|p1a: Pyukumuku|39/100
|move|p1a: Pyukumuku|Recover|p1a: Pyukumuku
|-heal|p1a: Pyukumuku|89/100
|
|-heal|p1a: Pyukumuku|95/100|[from] item: Leftovers
|-damage|p2a: Togekiss|64/100 tox|[from] psn
|upkeep
|turn|13
|
|t:|1650127874
|move|p2a: Togekiss|Heal Bell|p2a: Togekiss
|-activate|p2a: Togekiss|move: Heal Bell
|-curestatus|p2a: Togekiss|tox|[msg]
|move|p1a: Pyukumuku|Spite|p2a: Togekiss
|-activate|p2a: Togekiss|move: Spite|Heal Bell|4
|
|-heal|p1a: Pyukumuku|100/100|[from] item: Leftovers
|upkeep
|turn|14
|
|t:|1650127884
|move|p2a: Togekiss|Air Slash|p1a: Pyukumuku
|-damage|p1a: Pyukumuku|80/100
|cant|p1a: Pyukumuku|flinch
|
|-heal|p1a: Pyukumuku|86/100|[from] item: Leftovers
|upkeep
|turn|15
|
|t:|1650127890
|move|p2a: Togekiss|Air Slash|p1a: Pyukumuku
|-damage|p1a: Pyukumuku|64/100
|cant|p1a: Pyukumuku|flinch
|
|-heal|p1a: Pyukumuku|70/100|[from] item: Leftovers
|upkeep
|turn|16
|
|t:|1650127895
|move|p2a: Togekiss|Air Slash|p1a: Pyukumuku
|-damage|p1a: Pyukumuku|50/100
|cant|p1a: Pyukumuku|flinch
|
|-heal|p1a: Pyukumuku|56/100|[from] item: Leftovers
|upkeep
|turn|17
|
|t:|1650127900
|move|p2a: Togekiss|Air Slash|p1a: Pyukumuku
|-damage|p1a: Pyukumuku|32/100
|cant|p1a: Pyukumuku|flinch
|
|-heal|p1a: Pyukumuku|38/100|[from] item: Leftovers
|upkeep
|turn|18
|
|t:|1650127904
|move|p2a: Togekiss|Air Slash|p1a: Pyukumuku
|-damage|p1a: Pyukumuku|16/100
|cant|p1a: Pyukumuku|flinch
|
|-heal|p1a: Pyukumuku|22/100|[from] item: Leftovers
|upkeep
|turn|19
|
|t:|1650127912
|switch|p1a: Chansey|Chansey, F|93/100
|-damage|p1a: Chansey|80/100|[from] Stealth Rock
|move|p2a: Togekiss|Air Slash|p1a: Chansey
|-damage|p1a: Chansey|50/100
|
|upkeep
|turn|20
|
|t:|1650127917
|move|p1a: Chansey|Protect|p1a: Chansey
|-singleturn|p1a: Chansey|Protect
|move|p2a: Togekiss|Nasty Plot|p2a: Togekiss
|-boost|p2a: Togekiss|spa|2
|
|upkeep
|turn|21
|
|t:|1650127927
|move|p2a: Togekiss|Nasty Plot|p2a: Togekiss
|-boost|p2a: Togekiss|spa|2
|move|p1a: Chansey|Wish|p1a: Chansey
|
|upkeep
|turn|22
|
|t:|1650127934
|move|p1a: Chansey|Protect|p1a: Chansey
|-singleturn|p1a: Chansey|Protect
|move|p2a: Togekiss|Roost|p2a: Togekiss
|-heal|p2a: Togekiss|100/100
|-singleturn|p2a: Togekiss|move: Roost
|
|-heal|p1a: Chansey|99/100|[from] move: Wish|[wisher] Chansey
|upkeep
|turn|23
|
|t:|1650127939
|move|p2a: Togekiss|Air Slash|p1a: Chansey
|-damage|p1a: Chansey|48/100
|cant|p1a: Chansey|flinch
|
|upkeep
|turn|24
|
|t:|1650127943
|move|p1a: Chansey|Protect|p1a: Chansey
|-singleturn|p1a: Chansey|Protect
|move|p2a: Togekiss|Air Slash|p1a: Chansey
|-activate|p1a: Chansey|move: Protect
|
|upkeep
|turn|25
|
|t:|1650127949
|move|p2a: Togekiss|Air Slash|p1a: Chansey
|-damage|p1a: Chansey|0 fnt
|faint|p1a: Chansey
|
|upkeep
|
|t:|1650127951
|switch|p1a: Mandibuzz|Mandibuzz, F|100/100
|turn|26
|
|t:|1650127955
|move|p2a: Togekiss|Air Slash|p1a: Mandibuzz
|-damage|p1a: Mandibuzz|0 fnt
|faint|p1a: Mandibuzz
|
|upkeep
|-message|hisjb forfeited.
|
|win|Springerk
|raw|hisjb's rating: 1558 &rarr; <strong>1530</strong><br />(-28 for losing)
|raw|Springerk's rating: 1411 &rarr; <strong>1439</strong><br />(+28 for winning)
|l|☆hisjb
||Ladder isn't responding, score probably updated but might not have (Request timeout).
