|raw|<div class="broadcast-blue"><strong>This battle is required to be public due to a player having a name starting with 'uult91w'.</div>
|j|☆UULT91w TT
|j|☆UULT91w Elfu
|t:|1652055751
|gametype|singles
|player|p1|UULT91w TT|cynthia|1534
|player|p2|UULT91w Elfu|cyclist|1597
|teamsize|p1|6
|teamsize|p2|6
|gen|8
|tier|[Gen 8] UU
|rated|
|rule|Sleep Clause Mod: Limit one foe put to sleep
|rule|Species Clause: Limit one of each Pokémon
|rule|OHKO Clause: OHKO moves are banned
|rule|Evasion Moves Clause: Evasion moves are banned
|rule|Endless Battle Clause: Forcing endless battles is banned
|rule|HP Percentage Mod: HP is shown in percentages
|rule|Dynamax Clause: You cannot dynamax
|clearpoke
|poke|p1|Hippowdon, F|
|poke|p1|Skarmory, M|
|poke|p1|Zarude-Dada|
|poke|p1|Slowking, M|
|poke|p1|Thundurus-Therian, M|
|poke|p1|Noivern, M|
|poke|p2|Thundurus-Therian, M|
|poke|p2|Celesteela|
|poke|p2|Excadrill, M|
|poke|p2|Gyarados, M|
|poke|p2|Conkeldurr, M|
|poke|p2|Zygarde-10%|
|teampreview
|inactive|Battle timer is ON: inactive players will automatically lose when time's up. (requested by UULT91w Elfu)
|
|t:|1652055782
|start
|switch|p1a: Slowking|Slowking, M|100/100
|switch|p2a: Excadrill|Excadrill, M|100/100
|-ability|p2a: Excadrill|Mold Breaker
|turn|1
|j| youke
|
|t:|1652055791
|move|p2a: Excadrill|Stealth Rock|p1a: Slowking
|-sidestart|p1: UULT91w TT|move: Stealth Rock
|move|p1a: Slowking|Scald|p2a: Excadrill
|-supereffective|p2a: Excadrill
|-damage|p2a: Excadrill|27/100
|
|upkeep
|turn|2
|
|t:|1652055799
|move|p2a: Excadrill|Earthquake|p1a: Slowking
|-damage|p1a: Slowking|56/100
|move|p1a: Slowking|Scald|p2a: Excadrill
|-supereffective|p2a: Excadrill
|-damage|p2a: Excadrill|0 fnt
|faint|p2a: Excadrill
|
|upkeep
|j| joey milktank
|j| PARADISIN'
|inactive|UULT91w Elfu has 120 seconds left.
|
|t:|1652055830
|switch|p2a: Celesteela|Celesteela|100/100
|turn|3
|inactive|UULT91w Elfu has 120 seconds left.
|
|t:|1652055842
|move|p2a: Celesteela|Meteor Beam||[still]
|-prepare|p2a: Celesteela|Meteor Beam
|-boost|p2a: Celesteela|spa|1
|-enditem|p2a: Celesteela|Power Herb
|-anim|p2a: Celesteela|Meteor Beam|p1a: Slowking|[miss]
|-miss|p2a: Celesteela|p1a: Slowking
|move|p1a: Slowking|Scald|p2a: Celesteela
|-damage|p2a: Celesteela|74/100
|-status|p2a: Celesteela|brn
|
|-damage|p2a: Celesteela|68/100 brn|[from] brn
|upkeep
|turn|4
|
|t:|1652055851
|move|p2a: Celesteela|Air Slash|p1a: Slowking
|-damage|p1a: Slowking|14/100
|cant|p1a: Slowking|flinch
|
|-damage|p2a: Celesteela|62/100 brn|[from] brn
|upkeep
|turn|5
|j| 70to90gxe
|
|t:|1652055858
|switch|p1a: Noivern|Noivern, M|100/100
|move|p2a: Celesteela|Autotomize|p2a: Celesteela
|-boost|p2a: Celesteela|spe|2
|-start|p2a: Celesteela|Autotomize
|
|-damage|p2a: Celesteela|56/100 brn|[from] brn
|upkeep
|turn|6
|l| youke
|
|t:|1652055863
|move|p2a: Celesteela|Air Slash|p1a: Noivern
|-damage|p1a: Noivern|23/100
|move|p1a: Noivern|Flamethrower|p2a: Celesteela
|-supereffective|p2a: Celesteela
|-damage|p2a: Celesteela|8/100 brn
|
|-damage|p2a: Celesteela|2/100 brn|[from] brn
|upkeep
|turn|7
|
|t:|1652055874
|switch|p1a: Slowking|Slowking, M|47/100
|-damage|p1a: Slowking|35/100|[from] Stealth Rock
|move|p2a: Celesteela|Air Slash|p1a: Slowking
|-damage|p1a: Slowking|0 fnt
|faint|p1a: Slowking
|-ability|p2a: Celesteela|Beast Boost|boost
|-boost|p2a: Celesteela|spa|1
|
|-damage|p2a: Celesteela|0 fnt|[from] brn
|faint|p2a: Celesteela
|upkeep
|j| youke
|inactive|UULT91w TT has 120 seconds left.
|
|t:|1652055914
|switch|p2a: Conkeldurr|Conkeldurr, M|100/100
|switch|p1a: Thundurus|Thundurus-Therian, M|100/100
|turn|8
|
|t:|1652055924
|move|p1a: Thundurus|Psychic|p2a: Conkeldurr
|-supereffective|p2a: Conkeldurr
|-damage|p2a: Conkeldurr|13/100
|move|p2a: Conkeldurr|Knock Off|p1a: Thundurus
|-damage|p1a: Thundurus|38/100
|-enditem|p1a: Thundurus|Heavy-Duty Boots|[from] move: Knock Off|[of] p2a: Conkeldurr
|
|-status|p2a: Conkeldurr|brn|[from] item: Flame Orb
|upkeep
|turn|9
|inactive|UULT91w TT has 120 seconds left.
|
|t:|1652055966
|move|p1a: Thundurus|Psychic|p2a: Conkeldurr
|-supereffective|p2a: Conkeldurr
|-crit|p2a: Conkeldurr
|-damage|p2a: Conkeldurr|0 fnt
|faint|p2a: Conkeldurr
|
|upkeep
|
|t:|1652055979
|switch|p2a: Thundurus|Thundurus-Therian, M|100/100
|turn|10
|
|t:|1652055985
|move|p2a: Thundurus|Psychic|p1a: Thundurus
|-damage|p1a: Thundurus|0 fnt
|faint|p1a: Thundurus
|
|upkeep
|
|t:|1652055990
|switch|p1a: Noivern|Noivern, M|23/100
|turn|11
|l| 70to90gxe
|
|t:|1652056007
|switch|p2a: Zygarde|Zygarde-10%|100/100
|-ability|p2a: Zygarde|Aura Break
|move|p1a: Noivern|Draco Meteor|p2a: Zygarde
|-supereffective|p2a: Zygarde
|-damage|p2a: Zygarde|0 fnt
|-unboost|p1a: Noivern|spa|2
|faint|p2a: Zygarde
|
|upkeep
|
|t:|1652056016
|switch|p2a: Gyarados|Gyarados, M|100/100
|turn|12
|
|t:|1652056034
|move|p1a: Noivern|U-turn|p2a: Gyarados
|-resisted|p2a: Gyarados
|-damage|p2a: Gyarados|93/100
|
|t:|1652056035
|switch|p1a: Skarmory|Skarmory, M|100/100|[from]move: U-turn
|-damage|p1a: Skarmory|88/100|[from] Stealth Rock
|move|p2a: Gyarados|Dragon Dance|p2a: Gyarados
|-boost|p2a: Gyarados|atk|1
|-boost|p2a: Gyarados|spe|1
|
|upkeep
|turn|13
|
|t:|1652056051
|move|p2a: Gyarados|Waterfall|p1a: Skarmory
|-damage|p1a: Skarmory|50/100
|-damage|p2a: Gyarados|77/100|[from] item: Rocky Helmet|[of] p1a: Skarmory
|move|p1a: Skarmory|Iron Defense|p1a: Skarmory
|-boost|p1a: Skarmory|def|2
|
|upkeep
|turn|14
|
|t:|1652056060
|switch|p2a: Thundurus|Thundurus-Therian, M|100/100
|move|p1a: Skarmory|Roost|p1a: Skarmory
|-heal|p1a: Skarmory|99/100
|-singleturn|p1a: Skarmory|move: Roost
|
|upkeep
|turn|15
|
|t:|1652056067
|switch|p1a: Hippowdon|Hippowdon, F|100/100
|-damage|p1a: Hippowdon|94/100|[from] Stealth Rock
|-weather|Sandstorm|[from] ability: Sand Stream|[of] p1a: Hippowdon
|move|p2a: Thundurus|Nasty Plot|p2a: Thundurus
|-boost|p2a: Thundurus|spa|2
|
|-weather|Sandstorm|[upkeep]
|-damage|p2a: Thundurus|94/100|[from] Sandstorm
|upkeep
|turn|16
|inactive|UULT91w TT has 120 seconds left.
|
|t:|1652056105
|move|p2a: Thundurus|Focus Blast|p1a: Hippowdon
|-damage|p1a: Hippowdon|22/100
|move|p1a: Hippowdon|Stealth Rock|p2a: Thundurus
|-sidestart|p2: UULT91w Elfu|move: Stealth Rock
|
|-weather|Sandstorm|[upkeep]
|-damage|p2a: Thundurus|88/100|[from] Sandstorm
|upkeep
|turn|17
|
|t:|1652056111
|move|p2a: Thundurus|Psychic|p1a: Hippowdon
|-damage|p1a: Hippowdon|0 fnt
|faint|p1a: Hippowdon
|
|-weather|Sandstorm|[upkeep]
|-damage|p2a: Thundurus|82/100|[from] Sandstorm
|upkeep
|
|t:|1652056113
|switch|p1a: Noivern|Noivern, M|23/100
|turn|18
|
|t:|1652056118
|move|p1a: Noivern|Flamethrower|p2a: Thundurus
|-damage|p2a: Thundurus|47/100
|move|p2a: Thundurus|Thunderbolt|p1a: Noivern
|-damage|p1a: Noivern|0 fnt
|faint|p1a: Noivern
|
|-weather|Sandstorm|[upkeep]
|-damage|p2a: Thundurus|41/100|[from] Sandstorm
|upkeep
|
|t:|1652056120
|switch|p1a: Zarude|Zarude-Dada|100/100
|turn|19
|
|t:|1652056123
|move|p1a: Zarude|Darkest Lariat|p2a: Thundurus
|-damage|p2a: Thundurus|0 fnt
|faint|p2a: Thundurus
|
|-weather|none
|upkeep
|
|t:|1652056125
|switch|p2a: Gyarados|Gyarados, M|77/100
|-damage|p2a: Gyarados|52/100|[from] Stealth Rock
|turn|20
|c|☆UULT91w Elfu|gg
|
|t:|1652056150
|move|p1a: Zarude|Darkest Lariat|p2a: Gyarados
|-damage|p2a: Gyarados|0 fnt
|faint|p2a: Gyarados
|
|win|UULT91w TT
|raw|UULT91w TT's rating: 1534 &rarr; <strong>1558</strong><br />(+24 for winning)
|raw|UULT91w Elfu's rating: 1597 &rarr; <strong>1573</strong><br />(-24 for losing)
|c|☆UULT91w TT|gg
|l|☆UULT91w TT
|l|☆UULT91w Elfu
||Ladder isn't responding, score probably updated but might not have (Request timeout).
|l| PARADISIN'
|l| joey milktank
