|j|☆DX27
|j|☆trintron
|t:|1657601228
|gametype|singles
|player|p1|DX27|ethan|1336
|player|p2|trintron|102|1517
|teamsize|p1|6
|teamsize|p2|6
|gen|8
|tier|[Gen 8] UU
|rated|
|rule|Sleep Clause Mod: Limit one foe put to sleep
|rule|Species Clause: Limit one of each Pokémon
|rule|OHKO Clause: OHKO moves are banned
|rule|Evasion Moves Clause: Evasion moves are banned
|rule|Endless Battle Clause: Forcing endless battles is banned
|rule|HP Percentage Mod: HP is shown in percentages
|rule|Dynamax Clause: You cannot dynamax
|clearpoke
|poke|p1|Swampert, M|
|poke|p1|Celesteela|
|poke|p1|Salamence, M|
|poke|p1|Mandibuzz, F|
|poke|p1|Nidoking, M|
|poke|p1|Scizor, M|
|poke|p2|Gastrodon-East, F|
|poke|p2|Chandelure, M|
|poke|p2|Cobalion|
|poke|p2|Hydreigon, M|
|poke|p2|Mandibuzz, F|
|poke|p2|Amoonguss, M|
|teampreview
|inactive|Battle timer is ON: inactive players will automatically lose when time's up. (requested by DX27)
|
|t:|1657601244
|start
|switch|p1a: Kingu|Nidoking, M|100/100
|switch|p2a: Hydreigon|Hydreigon, M|100/100
|turn|1
|inactive|DX27 has 120 seconds left.
|
|t:|1657601277
|move|p2a: Hydreigon|Dark Pulse|p1a: Kingu
|-damage|p1a: Kingu|44/100
|move|p1a: Kingu|Ice Beam|p2a: Hydreigon
|-supereffective|p2a: Hydreigon
|-damage|p2a: Hydreigon|33/100
|
|upkeep
|turn|2
|inactive|DX27 has 120 seconds left.
|
|t:|1657601294
|switch|p2a: Cobalion|Cobalion|100/100
|switch|p1a: Wilma|Mandibuzz, F, shiny|100/100
|
|upkeep
|turn|3
|
|t:|1657601297
|switch|p1a: Kaizer|Swampert, M|100/100
|move|p2a: Cobalion|Stealth Rock|p1a: Kaizer
|-sidestart|p1: DX27|move: Stealth Rock
|
|upkeep
|turn|4
|
|t:|1657601302
|switch|p2a: Amoonguss|Amoonguss, M|100/100
|move|p1a: Kaizer|Stealth Rock|p2a: Amoonguss
|-sidestart|p2: trintron|move: Stealth Rock
|
|upkeep
|turn|5
|
|t:|1657601308
|move|p1a: Kaizer|Earthquake|p2a: Amoonguss
|-damage|p2a: Amoonguss|69/100
|move|p2a: Amoonguss|Sludge Bomb|p1a: Kaizer
|-resisted|p1a: Kaizer
|-damage|p1a: Kaizer|88/100
|-status|p1a: Kaizer|psn
|
|-heal|p1a: Kaizer|94/100 psn|[from] item: Leftovers
|-damage|p1a: Kaizer|82/100 psn|[from] psn
|upkeep
|turn|6
|
|t:|1657601329
|switch|p1a: Babel|Celesteela, shiny|100/100
|-damage|p1a: Babel|88/100|[from] Stealth Rock
|move|p2a: Amoonguss|Spore|p1a: Babel
|-status|p1a: Babel|slp|[from] move: Spore
|
|-heal|p1a: Babel|94/100 slp|[from] item: Leftovers
|upkeep
|turn|7
|
|t:|1657601334
|switch|p1a: Kingu|Nidoking, M|44/100
|-damage|p1a: Kingu|38/100|[from] Stealth Rock
|switch|p2a: Chandelure|Chandelure, M, shiny|100/100
|
|upkeep
|turn|8
|
|t:|1657601346
|switch|p2a: Gastrodon|Gastrodon-East, F, shiny|100/100
|move|p1a: Kingu|Sludge Wave|p2a: Gastrodon
|-resisted|p2a: Gastrodon
|-damage|p2a: Gastrodon|77/100
|
|upkeep
|turn|9
|
|t:|1657601361
|switch|p1a: Kaizer|Swampert, M|82/100 psn
|-damage|p1a: Kaizer|75/100 psn|[from] Stealth Rock
|move|p2a: Gastrodon|Scald|p1a: Kaizer
|-damage|p1a: Kaizer|52/100 psn
|
|-heal|p1a: Kaizer|58/100 psn|[from] item: Leftovers
|-damage|p1a: Kaizer|46/100 psn|[from] psn
|upkeep
|turn|10
|
|t:|1657601367
|switch|p2a: Amoonguss|Amoonguss, M|100/100
|-damage|p2a: Amoonguss|88/100|[from] Stealth Rock
|move|p1a: Kaizer|Earthquake|p2a: Amoonguss
|-damage|p2a: Amoonguss|59/100
|
|-heal|p1a: Kaizer|52/100 psn|[from] item: Leftovers
|-damage|p1a: Kaizer|39/100 psn|[from] psn
|upkeep
|turn|11
|
|t:|1657601371
|move|p1a: Kaizer|Earthquake|p2a: Amoonguss
|-damage|p2a: Amoonguss|31/100
|move|p2a: Amoonguss|Foul Play|p1a: Kaizer
|-damage|p1a: Kaizer|24/100 psn
|
|-heal|p1a: Kaizer|30/100 psn|[from] item: Leftovers
|-damage|p1a: Kaizer|17/100 psn|[from] psn
|upkeep
|turn|12
|
|t:|1657601394
|switch|p2a: Mandibuzz|Mandibuzz, F|100/100
|move|p1a: Kaizer|Earthquake|p2a: Mandibuzz
|-immune|p2a: Mandibuzz
|
|-heal|p1a: Kaizer|24/100 psn|[from] item: Leftovers
|-damage|p1a: Kaizer|11/100 psn|[from] psn
|upkeep
|turn|13
|
|t:|1657601400
|move|p2a: Mandibuzz|U-turn|p1a: Kaizer
|-damage|p1a: Kaizer|3/100 psn
|
|t:|1657601403
|switch|p2a: Amoonguss|Amoonguss, M|64/100|[from]move: U-turn
|-damage|p2a: Amoonguss|52/100|[from] Stealth Rock
|move|p1a: Kaizer|Toxic|p2a: Amoonguss|[miss]
|-miss|p1a: Kaizer|p2a: Amoonguss
|
|-heal|p1a: Kaizer|10/100 psn|[from] item: Leftovers
|-damage|p1a: Kaizer|0 fnt|[from] psn
|faint|p1a: Kaizer
|upkeep
|
|t:|1657601410
|switch|p1a: Ferrovax|Salamence, M|100/100
|turn|14
|
|t:|1657601417
|switch|p2a: Mandibuzz|Mandibuzz, F|100/100
|move|p1a: Ferrovax|Dual Wingbeat|p2a: Mandibuzz
|-damage|p2a: Mandibuzz|86/100
|-damage|p2a: Mandibuzz|72/100
|-hitcount|p2a: Mandibuzz|2
|
|upkeep
|turn|15
|
|t:|1657601426
|switch|p1a: Edwardo|Scizor, M|100/100
|-damage|p1a: Edwardo|88/100|[from] Stealth Rock
|move|p2a: Mandibuzz|Roost|p2a: Mandibuzz
|-heal|p2a: Mandibuzz|100/100
|-singleturn|p2a: Mandibuzz|move: Roost
|
|upkeep
|turn|16
|
|t:|1657601431
|move|p2a: Mandibuzz|Foul Play|p1a: Edwardo
|-damage|p1a: Edwardo|37/100
|move|p1a: Edwardo|U-turn|p2a: Mandibuzz
|-damage|p2a: Mandibuzz|64/100
|
|t:|1657601450
|switch|p1a: Wilma|Mandibuzz, F, shiny|100/100|[from]move: U-turn
|
|upkeep
|turn|17
|
|t:|1657601455
|move|p2a: Mandibuzz|Roost|p2a: Mandibuzz
|-heal|p2a: Mandibuzz|100/100
|-singleturn|p2a: Mandibuzz|move: Roost
|move|p1a: Wilma|Defog|p2a: Mandibuzz
|-unboost|p2a: Mandibuzz|evasion|1
|-sideend|p2: trintron|Stealth Rock|[from] move: Defog|[of] p1a: Wilma
|-sideend|p1: DX27|Stealth Rock|[from] move: Defog|[of] p1a: Wilma
|
|upkeep
|turn|18
|
|t:|1657601465
|switch|p2a: Cobalion|Cobalion|100/100
|move|p1a: Wilma|Foul Play|p2a: Cobalion
|-resisted|p2a: Cobalion
|-damage|p2a: Cobalion|83/100
|-damage|p1a: Wilma|84/100|[from] item: Rocky Helmet|[of] p2a: Cobalion
|-ability|p2a: Cobalion|Justified|boost
|-boost|p2a: Cobalion|atk|1
|
|upkeep
|turn|19
|-message|DX27 forfeited.
|
|win|trintron
|raw|DX27's rating: 1336 &rarr; <strong>1326</strong><br />(-10 for losing)
|raw|trintron's rating: 1517 &rarr; <strong>1527</strong><br />(+10 for winning)
|l|☆DX27
