|html|<div class="broadcast-blue"><strong>[Gen 8] UU is currently suspecting Scizor! For information on how to participate check out the <a href="https://www.smogon.com/forums/threads/ss-uu-stage-12-2-spider-dance.3704866/">suspect thread</a>.</strong></div>
|j|☆joooobi
|j|☆5 pia to the top
|t:|1659229040
|gametype|singles
|player|p1|joooobi|giovanni|1046
|player|p2|5 pia to the top|#uutrio2ladder|1040
|teamsize|p1|6
|teamsize|p2|5
|gen|8
|tier|[Gen 8] UU
|rated|
|rule|Sleep Clause Mod: Limit one foe put to sleep
|rule|Species Clause: Limit one of each Pokémon
|rule|OHKO Clause: OHKO moves are banned
|rule|Evasion Moves Clause: Evasion moves are banned
|rule|Endless Battle Clause: Forcing endless battles is banned
|rule|HP Percentage Mod: HP is shown in percentages
|rule|Dynamax Clause: You cannot dynamax
|clearpoke
|poke|p1|Darmanitan, M|
|poke|p1|Swampert, M|
|poke|p1|Tentacruel, M|
|poke|p1|Zygarde-10%|
|poke|p1|Conkeldurr, F|
|poke|p1|Scizor, M|
|poke|p2|Articuno|
|poke|p2|Umbreon, M|
|poke|p2|Quagsire, F|
|poke|p2|Skarmory, F|
|poke|p2|Nihilego|
|teampreview
|inactive|Battle timer is ON: inactive players will automatically lose when time's up. (requested by joooobi)
|j| NoahDeKnight
|inactive|5 pia to the top has 120 seconds left.
|
|t:|1659229071
|start
|switch|p1a: Swampert|Swampert, M, shiny|100/100
|switch|p2a: freezey vreezey|Articuno|100/100
|-ability|p2a: freezey vreezey|Pressure
|turn|1
|
|t:|1659229077
|move|p2a: freezey vreezey|Freeze-Dry|p1a: Swampert
|-supereffective|p1a: Swampert
|-damage|p1a: Swampert|10/100
|move|p1a: Swampert|Stealth Rock|p2a: freezey vreezey
|-sidestart|p2: 5 pia to the top|move: Stealth Rock
|
|-heal|p1a: Swampert|17/100|[from] item: Leftovers
|upkeep
|turn|2
|
|t:|1659229085
|switch|p1a: Tentacruel|Tentacruel, M, shiny|100/100
|move|p2a: freezey vreezey|Defog|p1a: Tentacruel
|-fail|p1a: Tentacruel|unboost|[from] ability: Clear Body|[of] p1a: Tentacruel
|-sideend|p2: 5 pia to the top|Stealth Rock|[from] move: Defog|[of] p2a: freezey vreezey
|
|upkeep
|turn|3
|
|t:|1659229093
|move|p1a: Tentacruel|Scald|p2a: freezey vreezey
|-damage|p2a: freezey vreezey|87/100
|-status|p2a: freezey vreezey|brn
|move|p2a: freezey vreezey|Freeze-Dry|p1a: Tentacruel
|-supereffective|p1a: Tentacruel
|-damage|p1a: Tentacruel|72/100
|
|-heal|p1a: Tentacruel|78/100|[from] item: Black Sludge
|-damage|p2a: freezey vreezey|81/100 brn|[from] brn
|upkeep
|turn|4
|
|t:|1659229103
|move|p1a: Tentacruel|Protect|p1a: Tentacruel
|-singleturn|p1a: Tentacruel|Protect
|move|p2a: freezey vreezey|Freeze-Dry|p1a: Tentacruel
|-activate|p1a: Tentacruel|move: Protect
|
|-heal|p1a: Tentacruel|84/100|[from] item: Black Sludge
|-damage|p2a: freezey vreezey|75/100 brn|[from] brn
|upkeep
|turn|5
|
|t:|1659229111
|switch|p1a: Scizor|Scizor, M|100/100
|move|p2a: freezey vreezey|Freeze-Dry|p1a: Scizor
|-resisted|p1a: Scizor
|-damage|p1a: Scizor|88/100
|
|-heal|p1a: Scizor|94/100|[from] item: Leftovers
|-damage|p2a: freezey vreezey|69/100 brn|[from] brn
|upkeep
|turn|6
|
|t:|1659229124
|switch|p2a: sturdy birdy|Skarmory, F|100/100
|move|p1a: Scizor|Swords Dance|p1a: Scizor
|-boost|p1a: Scizor|atk|2
|
|-heal|p1a: Scizor|99/100|[from] item: Leftovers
|upkeep
|turn|7
|
|t:|1659229130
|move|p2a: sturdy birdy|Iron Defense|p2a: sturdy birdy
|-boost|p2a: sturdy birdy|def|2
|move|p1a: Scizor|Swords Dance|p1a: Scizor
|-boost|p1a: Scizor|atk|2
|
|-heal|p1a: Scizor|100/100|[from] item: Leftovers
|upkeep
|turn|8
|
|t:|1659229148
|move|p2a: sturdy birdy|Body Press|p1a: Scizor
|-damage|p1a: Scizor|39/100
|move|p1a: Scizor|Superpower|p2a: sturdy birdy
|-damage|p2a: sturdy birdy|63/100
|-unboost|p1a: Scizor|atk|1
|-unboost|p1a: Scizor|def|1
|-damage|p1a: Scizor|23/100|[from] item: Rocky Helmet|[of] p2a: sturdy birdy
|
|-heal|p1a: Scizor|29/100|[from] item: Leftovers
|upkeep
|turn|9
|
|t:|1659229158
|move|p2a: sturdy birdy|Body Press|p1a: Scizor
|-damage|p1a: Scizor|0 fnt
|faint|p1a: Scizor
|
|upkeep
|
|t:|1659229165
|switch|p1a: Darmanitan|Darmanitan, M, shiny|100/100
|turn|10
|inactive|5 pia to the top has 120 seconds left.
|inactive|5 pia to the top has 90 seconds left.
|
|t:|1659229236
|move|p1a: Darmanitan|Flare Blitz|p2a: sturdy birdy
|-supereffective|p2a: sturdy birdy
|-damage|p2a: sturdy birdy|12/100
|-damage|p1a: Darmanitan|84/100|[from] item: Rocky Helmet|[of] p2a: sturdy birdy
|-damage|p1a: Darmanitan|69/100|[from] Recoil
|move|p2a: sturdy birdy|Roost|p2a: sturdy birdy
|-heal|p2a: sturdy birdy|62/100
|-singleturn|p2a: sturdy birdy|move: Roost
|
|upkeep
|turn|11
|j| V3nuesaur
|l| V3nuesaur
|
|t:|1659229259
|move|p1a: Darmanitan|Flare Blitz|p2a: sturdy birdy
|-supereffective|p2a: sturdy birdy
|-damage|p2a: sturdy birdy|5/100
|-damage|p1a: Darmanitan|52/100|[from] item: Rocky Helmet|[of] p2a: sturdy birdy
|-damage|p1a: Darmanitan|35/100|[from] Recoil
|move|p2a: sturdy birdy|Roost|p2a: sturdy birdy
|-heal|p2a: sturdy birdy|56/100
|-singleturn|p2a: sturdy birdy|move: Roost
|
|upkeep
|turn|12
|
|t:|1659229272
|move|p1a: Darmanitan|Flare Blitz|p2a: sturdy birdy
|-supereffective|p2a: sturdy birdy
|-damage|p2a: sturdy birdy|2/100
|-damage|p1a: Darmanitan|19/100|[from] item: Rocky Helmet|[of] p2a: sturdy birdy
|-damage|p1a: Darmanitan|3/100|[from] Recoil
|move|p2a: sturdy birdy|Roost|p2a: sturdy birdy
|-heal|p2a: sturdy birdy|52/100
|-singleturn|p2a: sturdy birdy|move: Roost
|
|upkeep
|turn|13
|l| NoahDeKnight
|
|t:|1659229283
|switch|p2a: muddy buddy|Quagsire, F|100/100
|move|p1a: Darmanitan|Flare Blitz|p2a: muddy buddy
|-resisted|p2a: muddy buddy
|-damage|p2a: muddy buddy|62/100
|-damage|p1a: Darmanitan|0 fnt|[from] Recoil
|faint|p1a: Darmanitan
|
|-heal|p2a: muddy buddy|69/100|[from] item: Leftovers
|upkeep
|
|t:|1659229292
|switch|p1a: Zygarde|Zygarde-10%, shiny|100/100
|-ability|p1a: Zygarde|Aura Break
|turn|14
|inactive|5 pia to the top has 60 seconds left.
|
|t:|1659229336
|switch|p2a: umby wumby|Umbreon, M|100/100
|move|p1a: Zygarde|Thousand Arrows|p2a: umby wumby
|-damage|p2a: umby wumby|64/100
|
|-heal|p2a: umby wumby|71/100|[from] item: Leftovers
|upkeep
|turn|15
|
|t:|1659229343
|switch|p1a: Conkeldurr|Conkeldurr, F|100/100
|move|p2a: umby wumby|Wish|p2a: umby wumby
|
|-heal|p2a: umby wumby|77/100|[from] item: Leftovers
|-status|p1a: Conkeldurr|brn|[from] item: Flame Orb
|upkeep
|turn|16
|j| MegaTotomon
|inactive|5 pia to the top has 30 seconds left.
|
|t:|1659229375
|move|p2a: umby wumby|Protect|p2a: umby wumby
|-singleturn|p2a: umby wumby|Protect
|move|p1a: Conkeldurr|Drain Punch|p2a: umby wumby
|-activate|p2a: umby wumby|move: Protect
|
|-heal|p2a: umby wumby|100/100|[from] move: Wish|[wisher] umby wumby
|-damage|p1a: Conkeldurr|95/100 brn|[from] brn
|upkeep
|turn|17
|l| MegaTotomon
|j| Shelley_Swampert
|inactive|5 pia to the top has 30 seconds left.
|inactive|joooobi has 120 seconds left.
|j| Pif has garf
|l| Pif has garf
|
|t:|1659229429
|switch|p2a: muddy buddy|Quagsire, F|69/100
|move|p1a: Conkeldurr|Drain Punch|p2a: muddy buddy
|-damage|p2a: muddy buddy|2/100
|-heal|p1a: Conkeldurr|100/100 brn|[from] drain|[of] p2a: muddy buddy
|
|-heal|p2a: muddy buddy|8/100|[from] item: Leftovers
|-damage|p1a: Conkeldurr|95/100 brn|[from] brn
|upkeep
|turn|18
|inactive|5 pia to the top has 30 seconds left.
|inactive|5 pia to the top has 20 seconds left.
|inactive|5 pia to the top has 15 seconds left.
|inactive|5 pia to the top has 10 seconds left.
|
|t:|1659229461
|move|p1a: Conkeldurr|Drain Punch|p2a: muddy buddy
|-damage|p2a: muddy buddy|0 fnt
|-heal|p1a: Conkeldurr|99/100 brn|[from] drain|[of] p2a: muddy buddy
|faint|p2a: muddy buddy
|
|-damage|p1a: Conkeldurr|93/100 brn|[from] brn
|upkeep
|inactive|5 pia to the top has 15 seconds left this turn.
|
|t:|1659229466
|switch|p2a: sturdy birdy|Skarmory, F|52/100
|turn|19
|inactive|5 pia to the top has 25 seconds left this turn.
|
|t:|1659229470
|move|p2a: sturdy birdy|Iron Defense|p2a: sturdy birdy
|-boost|p2a: sturdy birdy|def|2
|move|p1a: Conkeldurr|Knock Off|p2a: sturdy birdy
|-damage|p2a: sturdy birdy|34/100
|-damage|p1a: Conkeldurr|77/100 brn|[from] item: Rocky Helmet|[of] p2a: sturdy birdy
|-enditem|p2a: sturdy birdy|Rocky Helmet|[from] move: Knock Off|[of] p1a: Conkeldurr
|
|-damage|p1a: Conkeldurr|71/100 brn|[from] brn
|upkeep
|turn|20
|inactive|5 pia to the top has 30 seconds left.
|
|t:|1659229479
|move|p2a: sturdy birdy|Roost|p2a: sturdy birdy
|-heal|p2a: sturdy birdy|84/100
|-singleturn|p2a: sturdy birdy|move: Roost
|move|p1a: Conkeldurr|Drain Punch|p2a: sturdy birdy
|-supereffective|p2a: sturdy birdy
|-damage|p2a: sturdy birdy|40/100
|-heal|p1a: Conkeldurr|90/100 brn|[from] drain|[of] p2a: sturdy birdy
|
|-damage|p1a: Conkeldurr|84/100 brn|[from] brn
|upkeep
|turn|21
|
|t:|1659229488
|move|p2a: sturdy birdy|Roost|p2a: sturdy birdy
|-heal|p2a: sturdy birdy|90/100
|-singleturn|p2a: sturdy birdy|move: Roost
|move|p1a: Conkeldurr|Drain Punch|p2a: sturdy birdy
|-supereffective|p2a: sturdy birdy
|-damage|p2a: sturdy birdy|51/100
|-heal|p1a: Conkeldurr|100/100 brn|[from] drain|[of] p2a: sturdy birdy
|
|-damage|p1a: Conkeldurr|95/100 brn|[from] brn
|upkeep
|turn|22
|c|☆5 pia to the top|timer
|j| NoahDeKnight
|
|t:|1659229500
|move|p2a: sturdy birdy|Roost|p2a: sturdy birdy
|-heal|p2a: sturdy birdy|100/100
|-singleturn|p2a: sturdy birdy|move: Roost
|move|p1a: Conkeldurr|Drain Punch|p2a: sturdy birdy
|-supereffective|p2a: sturdy birdy
|-damage|p2a: sturdy birdy|60/100
|-heal|p1a: Conkeldurr|100/100 brn|[from] drain|[of] p2a: sturdy birdy
|
|-damage|p1a: Conkeldurr|95/100 brn|[from] brn
|upkeep
|turn|23
|l| NoahDeKnight
|
|t:|1659229510
|move|p2a: sturdy birdy|Body Press|p1a: Conkeldurr
|-damage|p1a: Conkeldurr|34/100 brn
|move|p1a: Conkeldurr|Drain Punch|p2a: sturdy birdy
|-damage|p2a: sturdy birdy|39/100
|-heal|p1a: Conkeldurr|44/100 brn|[from] drain|[of] p2a: sturdy birdy
|
|-damage|p1a: Conkeldurr|38/100 brn|[from] brn
|upkeep
|turn|24
|inactive|5 pia to the top has 60 seconds left.
|
|t:|1659229520
|move|p2a: sturdy birdy|Body Press|p1a: Conkeldurr
|-damage|p1a: Conkeldurr|0 fnt
|faint|p1a: Conkeldurr
|
|upkeep
|c|☆5 pia to the top|/log ramoloST was promoted to Room Voice by 5 pia to the top.
|
|t:|1659229538
|switch|p1a: Zygarde|Zygarde-10%, shiny|100/100
|-ability|p1a: Zygarde|Aura Break
|turn|25
|
|t:|1659229547
|move|p1a: Zygarde|Thousand Arrows|p2a: sturdy birdy
|-damage|p2a: sturdy birdy|20/100
|-start|p2a: sturdy birdy|Smack Down
|move|p2a: sturdy birdy|Roost|p2a: sturdy birdy
|-heal|p2a: sturdy birdy|70/100
|-singleturn|p2a: sturdy birdy|move: Roost
|
|upkeep
|turn|26
|
|t:|1659229555
|move|p1a: Zygarde|Thousand Arrows|p2a: sturdy birdy
|-supereffective|p2a: sturdy birdy
|-damage|p2a: sturdy birdy|32/100
|move|p2a: sturdy birdy|Roost|p2a: sturdy birdy
|-heal|p2a: sturdy birdy|82/100
|-singleturn|p2a: sturdy birdy|move: Roost
|
|upkeep
|turn|27
|j| NoahDeKnight
|
|t:|1659229562
|move|p1a: Zygarde|Thousand Arrows|p2a: sturdy birdy
|-supereffective|p2a: sturdy birdy
|-damage|p2a: sturdy birdy|44/100
|move|p2a: sturdy birdy|Roost|p2a: sturdy birdy
|-heal|p2a: sturdy birdy|94/100
|-singleturn|p2a: sturdy birdy|move: Roost
|
|upkeep
|turn|28
|n|+NoahDeKnight|noahdeknight
|n|+NoahDeKnight|noahdeknight
|c|☆5 pia to the top|/log NoahDeKnight was promoted to Room Voice by 5 pia to the top.
|n|+NoahDeKnight|noahdeknight
|inactive|joooobi has 120 seconds left.
|inactive|joooobi has 90 seconds left.
|
|t:|1659229645
|move|p1a: Zygarde|Thousand Arrows|p2a: sturdy birdy
|-supereffective|p2a: sturdy birdy
|-damage|p2a: sturdy birdy|55/100
|move|p2a: sturdy birdy|Body Press|p1a: Zygarde
|-damage|p1a: Zygarde|0 fnt
|faint|p1a: Zygarde
|
|upkeep
|
|t:|1659229653
|switch|p1a: Tentacruel|Tentacruel, M, shiny|84/100
|turn|29
|
|t:|1659229657
|move|p1a: Tentacruel|Scald|p2a: sturdy birdy
|-damage|p2a: sturdy birdy|24/100
|move|p2a: sturdy birdy|Body Press|p1a: Tentacruel
|-resisted|p1a: Tentacruel
|-damage|p1a: Tentacruel|44/100
|
|-heal|p1a: Tentacruel|50/100|[from] item: Black Sludge
|upkeep
|turn|30
|
|t:|1659229665
|move|p1a: Tentacruel|Scald|p2a: sturdy birdy
|-damage|p2a: sturdy birdy|0 fnt
|faint|p2a: sturdy birdy
|
|-heal|p1a: Tentacruel|56/100|[from] item: Black Sludge
|upkeep
|
|t:|1659229668
|switch|p2a: freezey vreezey|Articuno|69/100 brn
|-ability|p2a: freezey vreezey|Pressure
|turn|31
|
|t:|1659229675
|move|p1a: Tentacruel|Protect|p1a: Tentacruel
|-singleturn|p1a: Tentacruel|Protect
|move|p2a: freezey vreezey|Freeze-Dry|p1a: Tentacruel
|-activate|p1a: Tentacruel|move: Protect
|
|-heal|p1a: Tentacruel|62/100|[from] item: Black Sludge
|-damage|p2a: freezey vreezey|63/100 brn|[from] brn
|upkeep
|turn|32
|
|t:|1659229686
|move|p1a: Tentacruel|Sludge Bomb|p2a: freezey vreezey
|-damage|p2a: freezey vreezey|48/100 brn
|move|p2a: freezey vreezey|Roost|p2a: freezey vreezey
|-heal|p2a: freezey vreezey|98/100 brn
|-singleturn|p2a: freezey vreezey|move: Roost
|
|-heal|p1a: Tentacruel|68/100|[from] item: Black Sludge
|-damage|p2a: freezey vreezey|92/100 brn|[from] brn
|upkeep
|turn|33
|-message|joooobi forfeited.
|
|win|5 pia to the top
|raw|joooobi's rating: 1046 &rarr; <strong>1029</strong><br />(-17 for losing)
|raw|5 pia to the top's rating: 1040 &rarr; <strong>1075</strong><br />(+35 for winning)
|l|☆joooobi
|l| Shelley_Swampert
||Ladder isn't responding, score probably updated but might not have (Request timeout).
|l|+NoahDeKnight
|j| Queen of Bean
|l| Queen of Bean
|j|+NoahDeKnight
|l|+NoahDeKnight
