|j|☆Keldeo
|j|☆Dunoks
|inactive|Battle timer is ON: inactive players will automatically lose when time's up.
|t:|1662483992
|gametype|singles
|player|p1|Keldeo|pokefanf-gen6|
|player|p2|Dunoks|#fcl9mighty|
|teamsize|p1|6
|teamsize|p2|6
|gen|8
|tier|[Gen 8] UU
|rated|Tournament battle
|rule|Sleep Clause Mod: Limit one foe put to sleep
|rule|Species Clause: Limit one of each Pokémon
|rule|OHKO Clause: OHKO moves are banned
|rule|Evasion Items Clause: Evasion items are banned
|rule|Evasion Moves Clause: Evasion moves are banned
|rule|Endless Battle Clause: Forcing endless battles is banned
|rule|HP Percentage Mod: HP is shown in percentages
|rule|Dynamax Clause: You cannot dynamax
|clearpoke
|poke|p1|Reuniclus, F|
|poke|p1|Cobalion|
|poke|p1|Skarmory, F|
|poke|p1|Primarina, F|
|poke|p1|Amoonguss, F|
|poke|p1|Zygarde-10%|
|poke|p2|Crobat, M|
|poke|p2|Cobalion|
|poke|p2|Celesteela|
|poke|p2|Hippowdon, F|
|poke|p2|Salamence, F|
|poke|p2|Azelf|
|teampreview
|j|*Lady Monita
|c|☆Dunoks|hf
|j| Blanketsburg
|c|☆Keldeo|u2
|
|t:|1662484019
|start
|switch|p1a: Reuniclus|Reuniclus, F|100/100
|switch|p2a: Azelf|Azelf|100/100
|turn|1
|
|t:|1662484035
|move|p2a: Azelf|U-turn|p1a: Reuniclus
|-supereffective|p1a: Reuniclus
|-damage|p1a: Reuniclus|77/100
|inactive|Dunoks has 120 seconds left.
|
|t:|1662484072
|switch|p2a: Hippowdon|Hippowdon, F|100/100|[from]move: U-turn
|-weather|Sandstorm|[from] ability: Sand Stream|[of] p2a: Hippowdon
|move|p1a: Reuniclus|Calm Mind|p1a: Reuniclus
|-boost|p1a: Reuniclus|spa|1
|-boost|p1a: Reuniclus|spd|1
|
|-weather|Sandstorm|[upkeep]
|-heal|p1a: Reuniclus|84/100|[from] item: Leftovers
|upkeep
|turn|2
|j| Testing teams 596
|inactive|Dunoks has 120 seconds left.
|
|t:|1662484080
|move|p2a: Hippowdon|Earthquake|p1a: Reuniclus
|-damage|p1a: Reuniclus|56/100
|move|p1a: Reuniclus|Acid Armor|p1a: Reuniclus
|-boost|p1a: Reuniclus|def|2
|
|-weather|Sandstorm|[upkeep]
|-heal|p1a: Reuniclus|63/100|[from] item: Leftovers
|upkeep
|turn|3
|
|t:|1662484090
|switch|p2a: Crobat|Crobat, M|100/100
|move|p1a: Reuniclus|Calm Mind|p1a: Reuniclus
|-boost|p1a: Reuniclus|spa|1
|-boost|p1a: Reuniclus|spd|1
|
|-weather|Sandstorm|[upkeep]
|-damage|p2a: Crobat|94/100|[from] Sandstorm
|-heal|p1a: Reuniclus|69/100|[from] item: Leftovers
|upkeep
|turn|4
|
|t:|1662484095
|move|p2a: Crobat|Taunt|p1a: Reuniclus
|-start|p1a: Reuniclus|move: Taunt
|move|p1a: Reuniclus|Stored Power|p2a: Crobat
|-supereffective|p2a: Crobat
|-crit|p2a: Crobat
|-damage|p2a: Crobat|0 fnt
|faint|p2a: Crobat
|
|-weather|Sandstorm|[upkeep]
|-heal|p1a: Reuniclus|75/100|[from] item: Leftovers
|upkeep
|
|t:|1662484097
|switch|p2a: Cobalion|Cobalion|100/100
|turn|5
|
|t:|1662484117
|move|p2a: Cobalion|Megahorn|p1a: Reuniclus
|-supereffective|p1a: Reuniclus
|-damage|p1a: Reuniclus|54/100
|move|p1a: Reuniclus|Stored Power|p2a: Cobalion
|-damage|p2a: Cobalion|0 fnt
|faint|p2a: Cobalion
|
|-weather|none
|-heal|p1a: Reuniclus|60/100|[from] item: Leftovers
|upkeep
|
|t:|1662484121
|switch|p2a: Celesteela|Celesteela|100/100
|turn|6
|
|t:|1662484124
|move|p2a: Celesteela|Heavy Slam|p1a: Reuniclus
|-damage|p1a: Reuniclus|46/100
|move|p1a: Reuniclus|Stored Power|p2a: Celesteela
|-resisted|p2a: Celesteela
|-damage|p2a: Celesteela|63/100
|
|-heal|p2a: Celesteela|69/100|[from] item: Leftovers
|-heal|p1a: Reuniclus|52/100|[from] item: Leftovers
|-end|p1a: Reuniclus|move: Taunt
|upkeep
|turn|7
|
|t:|1662484126
|switch|p2a: Azelf|Azelf|100/100
|move|p1a: Reuniclus|Recover|p1a: Reuniclus
|-heal|p1a: Reuniclus|100/100
|
|upkeep
|turn|8
|
|t:|1662484128
|move|p2a: Azelf|Knock Off|p1a: Reuniclus
|-supereffective|p1a: Reuniclus
|-damage|p1a: Reuniclus|82/100
|-enditem|p1a: Reuniclus|Leftovers|[from] move: Knock Off|[of] p2a: Azelf
|move|p1a: Reuniclus|Stored Power|p2a: Azelf
|-resisted|p2a: Azelf
|-damage|p2a: Azelf|5/100
|
|upkeep
|turn|9
|
|t:|1662484133
|move|p2a: Azelf|Knock Off|p1a: Reuniclus
|-supereffective|p1a: Reuniclus
|-damage|p1a: Reuniclus|71/100
|move|p1a: Reuniclus|Stored Power|p2a: Azelf
|-resisted|p2a: Azelf
|-damage|p2a: Azelf|0 fnt
|faint|p2a: Azelf
|
|upkeep
|-message|Dunoks forfeited.
|
|win|Keldeo
|n|☆Keldeo|keldeo
|n|☆Dunoks|dunoks
|n|*Lady Monita|ladymonita
|n| Blanketsburg|blanketsburg
|n| Testing teams 596|testingteams596
|l|*Lady Monita
|l|☆Dunoks
