|raw|<div class="broadcast-blue"><strong>This battle is required to be public due to a player having a name starting with 'uult92q'.</div>
|j|☆UULT92q Sir
|j|☆chiharu haru
|t:|1652709927
|gametype|singles
|player|p1|UULT92q Sir|cress|1600
|player|p2|chiharu haru|chase|1657
|teamsize|p1|6
|teamsize|p2|6
|gen|8
|tier|[Gen 8] UU
|rated|
|rule|Sleep Clause Mod: Limit one foe put to sleep
|rule|Species Clause: Limit one of each Pokémon
|rule|OHKO Clause: OHKO moves are banned
|rule|Evasion Moves Clause: Evasion moves are banned
|rule|Endless Battle Clause: Forcing endless battles is banned
|rule|HP Percentage Mod: HP is shown in percentages
|rule|Dynamax Clause: You cannot dynamax
|clearpoke
|poke|p1|Reuniclus, F|
|poke|p1|Chansey, F|
|poke|p1|Skarmory, F|
|poke|p1|Quagsire, M|
|poke|p1|Amoonguss, F|
|poke|p1|Togekiss, F|
|poke|p2|Scizor, M|
|poke|p2|Chansey, F|
|poke|p2|Amoonguss, M|
|poke|p2|Quagsire, F|
|poke|p2|Salamence, M|
|poke|p2|Skarmory, M|
|teampreview
|j| hariyana grande
|j|+Raiza
|j| uult92q lyss
|l|+Raiza
|inactive|Battle timer is ON: inactive players will automatically lose when time's up. (requested by chiharu haru)
|
|t:|1652709949
|start
|switch|p1a: Reuniclus|Reuniclus, F|100/100
|switch|p2a: Amoonguss|Amoonguss, M|100/100
|turn|1
|
|t:|1652709964
|switch|p2a: Scizor|Scizor, M|100/100
|move|p1a: Reuniclus|Knock Off|p2a: Scizor
|-damage|p2a: Scizor|89/100
|-enditem|p2a: Scizor|Heavy-Duty Boots|[from] move: Knock Off|[of] p1a: Reuniclus
|
|upkeep
|turn|2
|j| pokemonisfun
|
|t:|1652709979
|switch|p1a: Amoonguss|Amoonguss, F|100/100
|move|p2a: Scizor|Knock Off|p1a: Amoonguss
|-damage|p1a: Amoonguss|81/100
|-enditem|p1a: Amoonguss|Black Sludge|[from] move: Knock Off|[of] p2a: Scizor
|
|upkeep
|turn|3
|c| pokemonisfun|...
|
|t:|1652710002
|move|p2a: Scizor|Knock Off|p1a: Amoonguss
|-damage|p1a: Amoonguss|68/100
|move|p1a: Amoonguss|Stun Spore|p2a: Scizor
|-status|p2a: Scizor|par
|
|upkeep
|turn|4
|
|t:|1652710009
|switch|p1a: Skarmory|Skarmory, F|100/100
|move|p2a: Scizor|Knock Off|p1a: Skarmory
|-damage|p1a: Skarmory|84/100
|-damage|p2a: Scizor|73/100 par|[from] item: Rocky Helmet|[of] p1a: Skarmory
|-enditem|p1a: Skarmory|Rocky Helmet|[from] move: Knock Off|[of] p2a: Scizor
|
|upkeep
|turn|5
|
|t:|1652710020
|switch|p2a: Salamence|Salamence, M|100/100
|-ability|p2a: Salamence|Intimidate|boost
|-unboost|p1a: Skarmory|atk|1
|move|p1a: Skarmory|Iron Defense|p1a: Skarmory
|-boost|p1a: Skarmory|def|2
|
|upkeep
|turn|6
|
|t:|1652710026
|switch|p1a: Reuniclus|Reuniclus, F|100/100
|move|p2a: Salamence|Flamethrower|p1a: Reuniclus
|-damage|p1a: Reuniclus|92/100
|
|upkeep
|turn|7
|
|t:|1652710035
|switch|p2a: Scizor|Scizor, M|73/100 par
|move|p1a: Reuniclus|Future Sight|p2a: Scizor
|-start|p1a: Reuniclus|move: Future Sight
|
|upkeep
|turn|8
|
|t:|1652710051
|switch|p1a: Togekiss|Togekiss, F|100/100
|move|p2a: Scizor|Roost|p2a: Scizor
|-heal|p2a: Scizor|100/100 par
|-singleturn|p2a: Scizor|move: Roost
|
|upkeep
|turn|9
|
|t:|1652710058
|switch|p2a: Chansey|Chansey, F|100/100
|move|p1a: Togekiss|Air Slash|p2a: Chansey
|-damage|p2a: Chansey|90/100
|
|-end|p2a: Chansey|move: Future Sight
|-damage|p2a: Chansey|74/100
|upkeep
|turn|10
|
|t:|1652710061
|move|p1a: Togekiss|Nasty Plot|p1a: Togekiss
|-boost|p1a: Togekiss|spa|2
|move|p2a: Chansey|Stealth Rock|p1a: Togekiss
|-sidestart|p1: UULT92q Sir|move: Stealth Rock
|
|upkeep
|turn|11
|
|t:|1652710065
|move|p1a: Togekiss|Air Slash|p2a: Chansey
|-damage|p2a: Chansey|54/100
|cant|p2a: Chansey|flinch
|
|upkeep
|turn|12
|j| youke
|
|t:|1652710073
|move|p1a: Togekiss|Air Slash|p2a: Chansey
|-damage|p2a: Chansey|35/100
|cant|p2a: Chansey|flinch
|
|upkeep
|turn|13
|
|t:|1652710076
|move|p1a: Togekiss|Air Slash|p2a: Chansey
|-damage|p2a: Chansey|15/100
|move|p2a: Chansey|Soft-Boiled|p2a: Chansey
|-heal|p2a: Chansey|65/100
|
|upkeep
|turn|14
|
|t:|1652710080
|move|p1a: Togekiss|Air Slash|p2a: Chansey
|-damage|p2a: Chansey|45/100
|move|p2a: Chansey|Toxic|p1a: Togekiss
|-status|p1a: Togekiss|tox
|
|-damage|p1a: Togekiss|94/100 tox|[from] psn
|upkeep
|turn|15
|j|+Eyan
|
|t:|1652710082
|switch|p2a: Quagsire|Quagsire, F|100/100
|move|p1a: Togekiss|Air Slash|p2a: Quagsire
|-damage|p2a: Quagsire|76/100
|
|-heal|p2a: Quagsire|82/100|[from] item: Leftovers
|-damage|p1a: Togekiss|82/100 tox|[from] psn
|upkeep
|turn|16
|
|t:|1652710092
|switch|p1a: Reuniclus|Reuniclus, F|100/100
|-damage|p1a: Reuniclus|88/100|[from] Stealth Rock
|move|p2a: Quagsire|Haze|p2a: Quagsire
|-clearallboost
|
|-heal|p2a: Quagsire|88/100|[from] item: Leftovers
|upkeep
|turn|17
|
|t:|1652710099
|switch|p2a: Scizor|Scizor, M|100/100 par
|move|p1a: Reuniclus|Thunder|p2a: Scizor|[miss]
|-miss|p1a: Reuniclus|p2a: Scizor
|
|upkeep
|turn|18
|
|t:|1652710105
|switch|p1a: Amoonguss|Amoonguss, F|100/100
|-damage|p1a: Amoonguss|88/100|[from] Stealth Rock
|move|p2a: Scizor|Knock Off|p1a: Amoonguss
|-damage|p1a: Amoonguss|74/100
|
|upkeep
|turn|19
|
|t:|1652710109
|switch|p2a: Chansey|Chansey, F|45/100
|move|p1a: Amoonguss|Foul Play|p2a: Chansey
|-damage|p2a: Chansey|44/100
|
|upkeep
|turn|20
|
|t:|1652710113
|switch|p1a: Reuniclus|Reuniclus, F|100/100
|-damage|p1a: Reuniclus|88/100|[from] Stealth Rock
|move|p2a: Chansey|Soft-Boiled|p2a: Chansey
|-heal|p2a: Chansey|94/100
|
|upkeep
|turn|21
|
|t:|1652710122
|switch|p2a: Amoonguss|Amoonguss, M|100/100
|move|p1a: Reuniclus|Future Sight|p2a: Amoonguss
|-start|p1a: Reuniclus|move: Future Sight
|
|upkeep
|turn|22
|
|t:|1652710135
|move|p1a: Reuniclus|Knock Off|p2a: Amoonguss
|-damage|p2a: Amoonguss|85/100
|-enditem|p2a: Amoonguss|Assault Vest|[from] move: Knock Off|[of] p1a: Reuniclus
|move|p2a: Amoonguss|Sludge Bomb|p1a: Reuniclus
|-crit|p1a: Reuniclus
|-damage|p1a: Reuniclus|70/100
|
|upkeep
|turn|23
|
|t:|1652710146
|switch|p2a: Scizor|Scizor, M|100/100 par
|move|p1a: Reuniclus|Thunder|p2a: Scizor|[miss]
|-miss|p1a: Reuniclus|p2a: Scizor
|
|-end|p2a: Scizor|move: Future Sight
|-resisted|p2a: Scizor
|-damage|p2a: Scizor|72/100 par
|upkeep
|turn|24
|
|t:|1652710159
|move|p1a: Reuniclus|Thunder|p2a: Scizor
|-damage|p2a: Scizor|34/100 par
|move|p2a: Scizor|Knock Off|p1a: Reuniclus
|-supereffective|p1a: Reuniclus
|-damage|p1a: Reuniclus|12/100
|-enditem|p1a: Reuniclus|Assault Vest|[from] move: Knock Off|[of] p2a: Scizor
|
|upkeep
|turn|25
|
|t:|1652710177
|switch|p2a: Salamence|Salamence, M|100/100
|-ability|p2a: Salamence|Intimidate|boost
|-unboost|p1a: Reuniclus|atk|1
|move|p1a: Reuniclus|Thunder|p2a: Salamence|[miss]
|-miss|p1a: Reuniclus|p2a: Salamence
|
|upkeep
|turn|26
|
|t:|1652710184
|switch|p1a: Amoonguss|Amoonguss, F|100/100
|-damage|p1a: Amoonguss|88/100|[from] Stealth Rock
|move|p2a: Salamence|Dual Wingbeat|p1a: Amoonguss
|-supereffective|p1a: Amoonguss
|-damage|p1a: Amoonguss|61/100
|-supereffective|p1a: Amoonguss
|-damage|p1a: Amoonguss|34/100
|-hitcount|p1a: Amoonguss|2
|
|upkeep
|turn|27
|
|t:|1652710197
|switch|p1a: Chansey|Chansey, F|100/100
|-damage|p1a: Chansey|88/100|[from] Stealth Rock
|move|p2a: Salamence|Dual Wingbeat|p1a: Chansey
|-damage|p1a: Chansey|76/100
|-damage|p1a: Chansey|65/100
|-hitcount|p1a: Chansey|2
|
|upkeep
|turn|28
|
|t:|1652710205
|switch|p2a: Skarmory|Skarmory, M|100/100
|move|p1a: Chansey|Stealth Rock|p2a: Skarmory
|-sidestart|p2: chiharu haru|move: Stealth Rock
|
|upkeep
|turn|29
|
|t:|1652710210
|switch|p1a: Togekiss|Togekiss, F|82/100 tox
|move|p2a: Skarmory|Spikes|p1a: Togekiss
|-sidestart|p1: UULT92q Sir|Spikes
|
|-damage|p1a: Togekiss|76/100 tox|[from] psn
|upkeep
|turn|30
|
|t:|1652710220
|switch|p2a: Quagsire|Quagsire, F|88/100
|-damage|p2a: Quagsire|82/100|[from] Stealth Rock
|move|p1a: Togekiss|Nasty Plot|p1a: Togekiss
|-boost|p1a: Togekiss|spa|2
|
|-heal|p2a: Quagsire|88/100|[from] item: Leftovers
|-damage|p1a: Togekiss|64/100 tox|[from] psn
|upkeep
|turn|31
|
|t:|1652710225
|move|p1a: Togekiss|Heal Bell|p1a: Togekiss
|-activate|p1a: Togekiss|move: Heal Bell
|-curestatus|p1a: Togekiss|tox|[msg]
|move|p2a: Quagsire|Recover|p2a: Quagsire
|-heal|p2a: Quagsire|100/100
|
|upkeep
|turn|32
|
|t:|1652710229
|move|p1a: Togekiss|Air Slash|p2a: Quagsire
|-damage|p2a: Quagsire|76/100
|cant|p2a: Quagsire|flinch
|
|-heal|p2a: Quagsire|82/100|[from] item: Leftovers
|upkeep
|turn|33
|
|t:|1652710232
|move|p1a: Togekiss|Air Slash|p2a: Quagsire
|-damage|p2a: Quagsire|55/100
|cant|p2a: Quagsire|flinch
|
|-heal|p2a: Quagsire|61/100|[from] item: Leftovers
|upkeep
|turn|34
|
|t:|1652710234
|move|p1a: Togekiss|Air Slash|p2a: Quagsire
|-damage|p2a: Quagsire|34/100
|cant|p2a: Quagsire|flinch
|
|-heal|p2a: Quagsire|40/100|[from] item: Leftovers
|upkeep
|turn|35
|
|t:|1652710240
|move|p1a: Togekiss|Air Slash|p2a: Quagsire
|-damage|p2a: Quagsire|14/100
|cant|p2a: Quagsire|flinch
|
|-heal|p2a: Quagsire|20/100|[from] item: Leftovers
|upkeep
|turn|36
|
|t:|1652710246
|switch|p2a: Chansey|Chansey, F|94/100
|-damage|p2a: Chansey|82/100|[from] Stealth Rock
|move|p1a: Togekiss|Air Slash|p2a: Chansey
|-damage|p2a: Chansey|62/100
|
|upkeep
|turn|37
|
|t:|1652710255
|move|p1a: Togekiss|Nasty Plot|p1a: Togekiss
|-boost|p1a: Togekiss|spa|2
|move|p2a: Chansey|Toxic|p1a: Togekiss
|-status|p1a: Togekiss|tox
|
|-damage|p1a: Togekiss|57/100 tox|[from] psn
|upkeep
|turn|38
|
|t:|1652710262
|move|p1a: Togekiss|Roost|p1a: Togekiss
|-heal|p1a: Togekiss|100/100 tox
|-singleturn|p1a: Togekiss|move: Roost
|move|p2a: Chansey|Toxic|p1a: Togekiss
|-fail|p1a: Togekiss|tox
|
|-damage|p1a: Togekiss|88/100 tox|[from] psn
|upkeep
|turn|39
|
|t:|1652710265
|move|p1a: Togekiss|Heal Bell|p1a: Togekiss
|-activate|p1a: Togekiss|move: Heal Bell
|-curestatus|p1a: Togekiss|tox|[msg]
|move|p2a: Chansey|Soft-Boiled|p2a: Chansey
|-heal|p2a: Chansey|100/100
|
|upkeep
|turn|40
|
|t:|1652710267
|move|p1a: Togekiss|Air Slash|p2a: Chansey
|-damage|p2a: Chansey|69/100
|move|p2a: Chansey|Toxic|p1a: Togekiss|[miss]
|-miss|p2a: Chansey|p1a: Togekiss
|
|upkeep
|turn|41
|
|t:|1652710269
|move|p1a: Togekiss|Air Slash|p2a: Chansey
|-damage|p2a: Chansey|38/100
|cant|p2a: Chansey|flinch
|
|upkeep
|turn|42
|
|t:|1652710273
|move|p1a: Togekiss|Air Slash|p2a: Chansey|[miss]
|-miss|p1a: Togekiss|p2a: Chansey
|move|p2a: Chansey|Soft-Boiled|p2a: Chansey
|-heal|p2a: Chansey|88/100
|
|upkeep
|turn|43
|
|t:|1652710275
|move|p1a: Togekiss|Air Slash|p2a: Chansey
|-damage|p2a: Chansey|60/100
|move|p2a: Chansey|Toxic|p1a: Togekiss|[miss]
|-miss|p2a: Chansey|p1a: Togekiss
|
|upkeep
|turn|44
|
|t:|1652710282
|move|p1a: Togekiss|Air Slash|p2a: Chansey
|-damage|p2a: Chansey|30/100
|cant|p2a: Chansey|flinch
|
|upkeep
|turn|45
|j| Draphirion
|
|t:|1652710293
|switch|p2a: Salamence|Salamence, M|100/100
|-ability|p2a: Salamence|Intimidate|boost
|-unboost|p1a: Togekiss|atk|1
|move|p1a: Togekiss|Air Slash|p2a: Salamence
|-damage|p2a: Salamence|4/100
|
|upkeep
|turn|46
|
|t:|1652710302
|move|p2a: Salamence|Dual Wingbeat|p1a: Togekiss
|-damage|p1a: Togekiss|74/100
|-damage|p1a: Togekiss|59/100
|-hitcount|p1a: Togekiss|2
|move|p1a: Togekiss|Air Slash|p2a: Salamence
|-damage|p2a: Salamence|0 fnt
|faint|p2a: Salamence
|
|upkeep
|
|t:|1652710306
|switch|p2a: Scizor|Scizor, M|34/100 par
|-damage|p2a: Scizor|22/100 par|[from] Stealth Rock
|turn|47
|
|t:|1652710308
|cant|p2a: Scizor|par
|move|p1a: Togekiss|Air Slash|p2a: Scizor
|-damage|p2a: Scizor|0 fnt
|faint|p2a: Scizor
|
|upkeep
|-message|chiharu haru forfeited.
|
|win|UULT92q Sir
|raw|UULT92q Sir's rating: 1600 &rarr; <strong>1623</strong><br />(+23 for winning)
|raw|chiharu haru's rating: 1657 &rarr; <strong>1634</strong><br />(-23 for losing)
|l|☆chiharu haru
|l|☆UULT92q Sir
|l|+Eyan
||Ladder isn't responding, score probably updated but might not have (Request timeout).
|n| UULT92q Draph|draphirion
|l| UULT92q Draph
|j|+Adaam
|l|+Adaam
