|j|☆You Are A Vernt
|j|☆SeanGlaceon
|t:|1662321968
|gametype|singles
|player|p1|You Are A Vernt|hexmaniac-gen6|1479
|player|p2|SeanGlaceon|101|1349
|teamsize|p1|6
|teamsize|p2|6
|gen|8
|tier|[Gen 8] UU
|rated|
|rule|Sleep Clause Mod: Limit one foe put to sleep
|rule|Species Clause: Limit one of each Pokémon
|rule|OHKO Clause: OHKO moves are banned
|rule|Evasion Items Clause: Evasion items are banned
|rule|Evasion Moves Clause: Evasion moves are banned
|rule|Endless Battle Clause: Forcing endless battles is banned
|rule|HP Percentage Mod: HP is shown in percentages
|rule|Dynamax Clause: You cannot dynamax
|clearpoke
|poke|p1|Scizor, M|
|poke|p1|Tapu Bulu|
|poke|p1|Rotom-Wash|
|poke|p1|Skarmory, F|
|poke|p1|Chansey, F|
|poke|p1|Mandibuzz, F|
|poke|p2|Primarina, F|
|poke|p2|Rotom-Heat|
|poke|p2|Krookodile, F|
|poke|p2|Togekiss, F|
|poke|p2|Hippowdon, M|
|poke|p2|Amoonguss, M|
|teampreview
|c|☆SeanGlaceon|not u again bruh
|c|☆You Are A Vernt|bru
|
|t:|1662321983
|start
|switch|p1a: Scizor|Scizor, M|100/100
|switch|p2a: Krookodile|Krookodile, F|100/100
|-ability|p2a: Krookodile|Intimidate|boost
|-unboost|p1a: Scizor|atk|1
|turn|1
|c|☆SeanGlaceon|u love to stall
|
|t:|1662321999
|move|p2a: Krookodile|Knock Off|p1a: Scizor
|-damage|p1a: Scizor|43/100
|-enditem|p1a: Scizor|Choice Band|[from] move: Knock Off|[of] p2a: Krookodile
|move|p1a: Scizor|U-turn|p2a: Krookodile
|-supereffective|p2a: Krookodile
|-damage|p2a: Krookodile|35/100
|c|☆You Are A Vernt|your team isnt exactly the pinnacle of offense
|
|t:|1662322004
|switch|p1a: Skarmory|Skarmory, F|100/100|[from]move: U-turn
|
|-heal|p2a: Krookodile|41/100|[from] item: Leftovers
|upkeep
|turn|2
|c|☆SeanGlaceon|ik
|
|t:|1662322018
|switch|p2a: Togekiss|Togekiss, F|100/100
|move|p1a: Skarmory|Body Press|p2a: Togekiss
|-resisted|p2a: Togekiss
|-damage|p2a: Togekiss|93/100
|
|upkeep
|turn|3
|
|t:|1662322023
|switch|p1a: Rotom|Rotom-Wash|100/100
|move|p2a: Togekiss|Wish|p2a: Togekiss
|
|upkeep
|turn|4
|
|t:|1662322042
|move|p2a: Togekiss|Air Slash|p1a: Rotom
|-resisted|p1a: Rotom
|-damage|p1a: Rotom|84/100
|move|p1a: Rotom|Will-O-Wisp|p2a: Togekiss
|-status|p2a: Togekiss|brn
|
|-heal|p2a: Togekiss|100/100 brn|[from] move: Wish|[wisher] Togekiss
|-heal|p1a: Rotom|90/100|[from] item: Leftovers
|-damage|p2a: Togekiss|94/100 brn|[from] brn
|upkeep
|turn|5
|
|t:|1662322053
|move|p2a: Togekiss|Wish|p2a: Togekiss
|move|p1a: Rotom|Volt Switch|p2a: Togekiss
|-supereffective|p2a: Togekiss
|-damage|p2a: Togekiss|56/100 brn
|
|t:|1662322057
|switch|p1a: Scizor|Scizor, M|43/100|[from]move: Volt Switch
|
|-damage|p2a: Togekiss|50/100 brn|[from] brn
|upkeep
|turn|6
|
|t:|1662322063
|switch|p2a: Krookodile|Krookodile, F|41/100
|-ability|p2a: Krookodile|Intimidate|boost
|-unboost|p1a: Scizor|atk|1
|move|p1a: Scizor|Bullet Punch|p2a: Krookodile
|-damage|p2a: Krookodile|11/100
|
|-heal|p2a: Krookodile|68/100|[from] move: Wish|[wisher] Togekiss
|-heal|p2a: Krookodile|74/100|[from] item: Leftovers
|upkeep
|turn|7
|
|t:|1662322075
|switch|p1a: Skarmory|Skarmory, F|100/100
|move|p2a: Krookodile|Brick Break|p1a: Skarmory
|-damage|p1a: Skarmory|85/100
|-damage|p2a: Krookodile|57/100|[from] item: Rocky Helmet|[of] p1a: Skarmory
|
|-heal|p2a: Krookodile|63/100|[from] item: Leftovers
|upkeep
|turn|8
|
|t:|1662322088
|switch|p2a: Primarina|Primarina, F|100/100
|move|p1a: Skarmory|Spikes|p2a: Primarina
|-sidestart|p2: SeanGlaceon|Spikes
|
|upkeep
|turn|9
|
|t:|1662322112
|switch|p2a: Rotom|Rotom-Heat|100/100
|switch|p1a: Chansey|Chansey, F|100/100
|
|upkeep
|turn|10
|
|t:|1662322118
|move|p2a: Rotom|Defog|p1a: Chansey
|-unboost|p1a: Chansey|evasion|1
|-sideend|p2: SeanGlaceon|Spikes|[from] move: Defog|[of] p2a: Rotom
|move|p1a: Chansey|Stealth Rock|p2a: Rotom
|-sidestart|p2: SeanGlaceon|move: Stealth Rock
|
|upkeep
|turn|11
|
|t:|1662322122
|move|p2a: Rotom|Defog|p1a: Chansey
|-unboost|p1a: Chansey|evasion|1
|-sideend|p2: SeanGlaceon|Stealth Rock|[from] move: Defog|[of] p2a: Rotom
|move|p1a: Chansey|Toxic|p2a: Rotom
|-status|p2a: Rotom|tox
|
|-damage|p2a: Rotom|94/100 tox|[from] psn
|upkeep
|turn|12
|
|t:|1662322128
|move|p2a: Rotom|Volt Switch|p1a: Chansey
|-damage|p1a: Chansey|90/100
|
|t:|1662322131
|switch|p2a: Krookodile|Krookodile, F|63/100|[from]move: Volt Switch
|-ability|p2a: Krookodile|Intimidate|boost
|-unboost|p1a: Chansey|atk|1
|move|p1a: Chansey|Stealth Rock|p2a: Krookodile
|-sidestart|p2: SeanGlaceon|move: Stealth Rock
|
|-heal|p2a: Krookodile|69/100|[from] item: Leftovers
|upkeep
|turn|13
|
|t:|1662322135
|switch|p1a: Skarmory|Skarmory, F|85/100
|move|p2a: Krookodile|Knock Off|p1a: Skarmory
|-damage|p1a: Skarmory|55/100
|-damage|p2a: Krookodile|52/100|[from] item: Rocky Helmet|[of] p1a: Skarmory
|-enditem|p1a: Skarmory|Rocky Helmet|[from] move: Knock Off|[of] p2a: Krookodile
|
|-heal|p2a: Krookodile|59/100|[from] item: Leftovers
|upkeep
|turn|14
|
|t:|1662322143
|switch|p2a: Rotom|Rotom-Heat|94/100 tox
|move|p1a: Skarmory|Body Press|p2a: Rotom
|-damage|p2a: Rotom|55/100 tox
|
|-damage|p2a: Rotom|49/100 tox|[from] psn
|upkeep
|turn|15
|
|t:|1662322148
|switch|p1a: Chansey|Chansey, F|90/100
|move|p2a: Rotom|Volt Switch|p1a: Chansey
|-crit|p1a: Chansey
|-damage|p1a: Chansey|75/100
|
|t:|1662322161
|switch|p2a: Krookodile|Krookodile, F|59/100|[from]move: Volt Switch
|-damage|p2a: Krookodile|52/100|[from] Stealth Rock
|-ability|p2a: Krookodile|Intimidate|boost
|-unboost|p1a: Chansey|atk|1
|
|-heal|p2a: Krookodile|59/100|[from] item: Leftovers
|upkeep
|turn|16
|
|t:|1662322164
|switch|p1a: Skarmory|Skarmory, F|55/100
|move|p2a: Krookodile|Brick Break|p1a: Skarmory
|-damage|p1a: Skarmory|40/100
|
|-heal|p2a: Krookodile|65/100|[from] item: Leftovers
|upkeep
|turn|17
|
|t:|1662322174
|move|p2a: Krookodile|Earthquake|p1a: Skarmory
|-immune|p1a: Skarmory
|move|p1a: Skarmory|Body Press|p2a: Krookodile
|-supereffective|p2a: Krookodile
|-damage|p2a: Krookodile|0 fnt
|faint|p2a: Krookodile
|
|upkeep
|c|☆SeanGlaceon|misclicked
|c|☆You Are A Vernt|rip
|
|t:|1662322185
|switch|p2a: Rotom|Rotom-Heat|49/100 tox
|turn|18
|c|☆SeanGlaceon|might as well forfeit
|-message|SeanGlaceon forfeited.
|
|win|You Are A Vernt
|raw|You Are A Vernt's rating: 1479 &rarr; <strong>1492</strong><br />(+13 for winning)
|raw|SeanGlaceon's rating: 1349 &rarr; <strong>1336</strong><br />(-13 for losing)
|l|☆SeanGlaceon
|c|☆You Are A Vernt|:(
