|html|<div class="broadcast-blue"><strong>[Gen 8] UU is currently suspecting Latias! For information on how to participate check out the <a href="https://www.smogon.com/forums/threads/np-ss-uu-stage-10-airplanes-latias-retest.3691692/page-3#post-9007205">suspect thread</a>.</strong></div>
|j|☆PlasticPinnochio
|j|☆lucki1
|t:|1635522216
|gametype|singles
|player|p1|PlasticPinnochio|policeman|1419
|player|p2|lucki1|170|1374
|teamsize|p1|6
|teamsize|p2|6
|gen|8
|tier|[Gen 8] UU
|rated|
|rule|Sleep Clause Mod: Limit one foe put to sleep
|rule|Species Clause: Limit one of each Pokémon
|rule|OHKO Clause: OHKO moves are banned
|rule|Evasion Moves Clause: Evasion moves are banned
|rule|Endless Battle Clause: Forcing endless battles is banned
|rule|HP Percentage Mod: HP is shown in percentages
|rule|Dynamax Clause: You cannot dynamax
|clearpoke
|poke|p1|Moltres-Galar|
|poke|p1|Skarmory, F|
|poke|p1|Excadrill, M|
|poke|p1|Zarude-Dada|
|poke|p1|Latias, F|
|poke|p1|Thundurus-Therian, M|
|poke|p2|Primarina, M|
|poke|p2|Kommo-o, F|
|poke|p2|Amoonguss, M|
|poke|p2|Jirachi|
|poke|p2|Thwackey, F|
|poke|p2|Salamence, M|
|teampreview
|inactive|Battle timer is ON: inactive players will automatically lose when time's up. (requested by PlasticPinnochio)
|
|t:|1635522227
|start
|switch|p1a: Thundurus|Thundurus-Therian, M|100/100
|switch|p2a: Kommo-o|Kommo-o, F|100/100
|turn|1
|
|t:|1635522231
|switch|p2a: Jirachi|Jirachi, shiny|100/100
|move|p1a: Thundurus|Psychic|p2a: Jirachi
|-resisted|p2a: Jirachi
|-damage|p2a: Jirachi|92/100
|-unboost|p2a: Jirachi|spd|1
|
|upkeep
|turn|2
|
|t:|1635522235
|move|p2a: Jirachi|U-turn|p1a: Thundurus
|-resisted|p1a: Thundurus
|-damage|p1a: Thundurus|84/100
|
|t:|1635522247
|switch|p2a: Amoonguss|Amoonguss, M|100/100|[from]move: U-turn
|move|p1a: Thundurus|Knock Off|p2a: Amoonguss
|-damage|p2a: Amoonguss|85/100
|-enditem|p2a: Amoonguss|Black Sludge|[from] move: Knock Off|[of] p1a: Thundurus
|
|upkeep
|turn|3
|
|t:|1635522253
|move|p1a: Thundurus|U-turn|p2a: Amoonguss
|-damage|p2a: Amoonguss|75/100
|
|t:|1635522256
|switch|p1a: Moltres|Moltres-Galar|100/100|[from]move: U-turn
|move|p2a: Amoonguss|Sludge Bomb|p1a: Moltres
|-damage|p1a: Moltres|85/100
|-status|p1a: Moltres|psn
|
|-damage|p1a: Moltres|73/100 psn|[from] psn
|upkeep
|turn|4
|
|t:|1635522263
|switch|p2a: Primarina|Primarina, M|100/100
|move|p1a: Moltres|Rest|p1a: Moltres
|-status|p1a: Moltres|slp|[from] move: Rest
|-heal|p1a: Moltres|100/100 slp|[silent]
|
|upkeep
|turn|5
|
|t:|1635522270
|move|p2a: Primarina|Hydro Pump|p1a: Moltres|[miss]
|-miss|p2a: Primarina|p1a: Moltres
|cant|p1a: Moltres|slp
|move|p1a: Moltres|Sleep Talk|p1a: Moltres
|move|p1a: Moltres|Rest||[from]move: Sleep Talk|[still]
|-fail|p1a: Moltres
|
|upkeep
|turn|6
|
|t:|1635522278
|switch|p1a: Latias|Latias, F|100/100
|move|p2a: Primarina|Hydro Pump|p1a: Latias|[miss]
|-miss|p2a: Primarina|p1a: Latias
|
|upkeep
|turn|7
|
|t:|1635522287
|switch|p1a: Excadrill|Excadrill, M|100/100
|-ability|p1a: Excadrill|Mold Breaker
|switch|p2a: Jirachi|Jirachi, shiny|92/100
|
|upkeep
|turn|8
|
|t:|1635522295
|switch|p2a: Kommo-o|Kommo-o, F|100/100
|move|p1a: Excadrill|Stealth Rock|p2a: Kommo-o
|-sidestart|p2: lucki1|move: Stealth Rock
|
|upkeep
|turn|9
|
|t:|1635522300
|switch|p1a: Thundurus|Thundurus-Therian, M|84/100
|move|p2a: Kommo-o|Stealth Rock|p1a: Thundurus
|-sidestart|p1: PlasticPinnochio|move: Stealth Rock
|
|upkeep
|turn|10
|
|t:|1635522308
|move|p1a: Thundurus|Knock Off|p2a: Kommo-o
|-resisted|p2a: Kommo-o
|-damage|p2a: Kommo-o|94/100
|-enditem|p2a: Kommo-o|Leftovers|[from] move: Knock Off|[of] p1a: Thundurus
|move|p2a: Kommo-o|Body Press|p1a: Thundurus
|-resisted|p1a: Thundurus
|-damage|p1a: Thundurus|49/100
|
|upkeep
|turn|11
|
|t:|1635522314
|switch|p2a: Jirachi|Jirachi, shiny|92/100
|-damage|p2a: Jirachi|86/100|[from] Stealth Rock
|move|p1a: Thundurus|Psychic|p2a: Jirachi
|-resisted|p2a: Jirachi
|-damage|p2a: Jirachi|77/100
|
|upkeep
|turn|12
|
|t:|1635522318
|move|p2a: Jirachi|Iron Head|p1a: Thundurus
|-resisted|p1a: Thundurus
|-damage|p1a: Thundurus|24/100
|move|p1a: Thundurus|Psychic|p2a: Jirachi
|-resisted|p2a: Jirachi
|-damage|p2a: Jirachi|69/100
|-unboost|p2a: Jirachi|spd|1
|
|upkeep
|turn|13
|
|t:|1635522327
|switch|p1a: Excadrill|Excadrill, M|100/100
|-damage|p1a: Excadrill|97/100|[from] Stealth Rock
|-ability|p1a: Excadrill|Mold Breaker
|move|p2a: Jirachi|Iron Head|p1a: Excadrill
|-resisted|p1a: Excadrill
|-damage|p1a: Excadrill|74/100
|
|-heal|p1a: Excadrill|80/100|[from] item: Leftovers
|upkeep
|turn|14
|
|t:|1635522333
|switch|p2a: Kommo-o|Kommo-o, F|94/100
|-damage|p2a: Kommo-o|88/100|[from] Stealth Rock
|move|p1a: Excadrill|Rapid Spin|p2a: Kommo-o
|-damage|p2a: Kommo-o|75/100
|-boost|p1a: Excadrill|spe|1
|-sideend|p1: PlasticPinnochio|Stealth Rock|[from] move: Rapid Spin|[of] p1a: Excadrill
|
|-heal|p1a: Excadrill|86/100|[from] item: Leftovers
|upkeep
|turn|15
|
|t:|1635522340
|switch|p1a: Skarmory|Skarmory, F|100/100
|move|p2a: Kommo-o|Body Press|p1a: Skarmory
|-damage|p1a: Skarmory|75/100
|
|-heal|p1a: Skarmory|81/100|[from] item: Leftovers
|upkeep
|turn|16
|
|t:|1635522346
|switch|p1a: Latias|Latias, F|100/100
|move|p2a: Kommo-o|Stealth Rock|p1a: Latias
|-sidestart|p1: PlasticPinnochio|move: Stealth Rock
|
|upkeep
|turn|17
|
|t:|1635522355
|switch|p2a: Jirachi|Jirachi, shiny|69/100
|-damage|p2a: Jirachi|63/100|[from] Stealth Rock
|move|p1a: Latias|Psyshock|p2a: Jirachi
|-resisted|p2a: Jirachi
|-damage|p2a: Jirachi|50/100
|-damage|p1a: Latias|91/100|[from] item: Life Orb
|
|upkeep
|turn|18
|
|t:|1635522361
|move|p2a: Jirachi|U-turn|p1a: Latias
|-supereffective|p1a: Latias
|-damage|p1a: Latias|38/100
|
|t:|1635522367
|switch|p2a: Kommo-o|Kommo-o, F|75/100|[from]move: U-turn
|-damage|p2a: Kommo-o|69/100|[from] Stealth Rock
|move|p1a: Latias|Recover|p1a: Latias
|-heal|p1a: Latias|88/100
|
|upkeep
|turn|19
|
|t:|1635522374
|switch|p2a: Jirachi|Jirachi, shiny|50/100
|-damage|p2a: Jirachi|44/100|[from] Stealth Rock
|move|p1a: Latias|Psyshock|p2a: Jirachi
|-resisted|p2a: Jirachi
|-damage|p2a: Jirachi|31/100
|-damage|p1a: Latias|78/100|[from] item: Life Orb
|
|upkeep
|turn|20
|
|t:|1635522378
|switch|p1a: Excadrill|Excadrill, M|86/100
|-damage|p1a: Excadrill|83/100|[from] Stealth Rock
|-ability|p1a: Excadrill|Mold Breaker
|move|p2a: Jirachi|Iron Head|p1a: Excadrill
|-resisted|p1a: Excadrill
|-damage|p1a: Excadrill|57/100
|
|-heal|p1a: Excadrill|63/100|[from] item: Leftovers
|upkeep
|turn|21
|
|t:|1635522385
|switch|p2a: Kommo-o|Kommo-o, F|69/100
|-damage|p2a: Kommo-o|63/100|[from] Stealth Rock
|move|p1a: Excadrill|Rapid Spin|p2a: Kommo-o
|-damage|p2a: Kommo-o|51/100
|-boost|p1a: Excadrill|spe|1
|-sideend|p1: PlasticPinnochio|Stealth Rock|[from] move: Rapid Spin|[of] p1a: Excadrill
|
|-heal|p1a: Excadrill|69/100|[from] item: Leftovers
|upkeep
|turn|22
|
|t:|1635522389
|move|p1a: Excadrill|Earthquake|p2a: Kommo-o
|-damage|p2a: Kommo-o|14/100
|move|p2a: Kommo-o|Stealth Rock|p1a: Excadrill
|-sidestart|p1: PlasticPinnochio|move: Stealth Rock
|
|-heal|p1a: Excadrill|75/100|[from] item: Leftovers
|upkeep
|turn|23
|
|t:|1635522398
|move|p1a: Excadrill|Iron Head|p2a: Kommo-o
|-damage|p2a: Kommo-o|0 fnt
|faint|p2a: Kommo-o
|
|-heal|p1a: Excadrill|81/100|[from] item: Leftovers
|upkeep
|
|t:|1635522405
|switch|p2a: Thwackey|Thwackey, F|100/100
|-damage|p2a: Thwackey|88/100|[from] Stealth Rock
|-fieldstart|move: Grassy Terrain|[from] ability: Grassy Surge|[of] p2a: Thwackey
|turn|24
|
|t:|1635522409
|switch|p1a: Skarmory|Skarmory, F|81/100
|-damage|p1a: Skarmory|69/100|[from] Stealth Rock
|move|p2a: Thwackey|Grassy Glide|p1a: Skarmory
|-resisted|p1a: Skarmory
|-damage|p1a: Skarmory|61/100
|
|-heal|p2a: Thwackey|94/100|[from] Grassy Terrain
|-heal|p1a: Skarmory|67/100|[from] item: Leftovers
|upkeep
|turn|25
|
|t:|1635522417
|switch|p2a: Primarina|Primarina, M|100/100
|-damage|p2a: Primarina|88/100|[from] Stealth Rock
|move|p1a: Skarmory|Roost|p1a: Skarmory
|-heal|p1a: Skarmory|100/100
|-singleturn|p1a: Skarmory|move: Roost
|
|-heal|p2a: Primarina|94/100|[from] Grassy Terrain
|upkeep
|turn|26
|
|t:|1635522423
|move|p2a: Primarina|Hydro Pump|p1a: Skarmory
|-ability|p1a: Skarmory|Sturdy
|-damage|p1a: Skarmory|1/100
|move|p1a: Skarmory|Roost|p1a: Skarmory
|-heal|p1a: Skarmory|51/100
|-singleturn|p1a: Skarmory|move: Roost
|
|-heal|p2a: Primarina|99/100|[from] Grassy Terrain
|-heal|p1a: Skarmory|57/100|[from] Grassy Terrain
|-heal|p1a: Skarmory|63/100|[from] item: Leftovers
|upkeep
|turn|27
|
|t:|1635522431
|switch|p1a: Zarude|Zarude-Dada|100/100
|-damage|p1a: Zarude|88/100|[from] Stealth Rock
|move|p2a: Primarina|Hydro Pump|p1a: Zarude
|-resisted|p1a: Zarude
|-damage|p1a: Zarude|45/100
|
|-heal|p1a: Zarude|52/100|[from] Grassy Terrain
|-heal|p2a: Primarina|100/100|[from] Grassy Terrain
|upkeep
|turn|28
|
|t:|1635522440
|switch|p2a: Amoonguss|Amoonguss, M|100/100
|-damage|p2a: Amoonguss|88/100|[from] Stealth Rock
|move|p1a: Zarude|U-turn|p2a: Amoonguss
|-damage|p2a: Amoonguss|72/100
|
|t:|1635522444
|switch|p1a: Excadrill|Excadrill, M|81/100|[from]move: U-turn
|-damage|p1a: Excadrill|78/100|[from] Stealth Rock
|-ability|p1a: Excadrill|Mold Breaker
|
|-heal|p1a: Excadrill|84/100|[from] Grassy Terrain
|-heal|p1a: Excadrill|91/100|[from] item: Leftovers
|-heal|p2a: Amoonguss|78/100|[from] Grassy Terrain
|-fieldend|move: Grassy Terrain
|upkeep
|turn|29
|
|t:|1635522451
|move|p1a: Excadrill|Iron Head|p2a: Amoonguss
|-damage|p2a: Amoonguss|40/100
|cant|p2a: Amoonguss|flinch
|
|-heal|p1a: Excadrill|97/100|[from] item: Leftovers
|upkeep
|turn|30
|
|t:|1635522458
|move|p1a: Excadrill|Earthquake|p2a: Amoonguss
|-damage|p2a: Amoonguss|0 fnt
|faint|p2a: Amoonguss
|
|-heal|p1a: Excadrill|100/100|[from] item: Leftovers
|upkeep
|
|t:|1635522467
|switch|p2a: Thwackey|Thwackey, F|94/100
|-damage|p2a: Thwackey|82/100|[from] Stealth Rock
|-fieldstart|move: Grassy Terrain|[from] ability: Grassy Surge|[of] p2a: Thwackey
|turn|31
|
|t:|1635522472
|move|p2a: Thwackey|Wood Hammer|p1a: Excadrill
|-damage|p1a: Excadrill|0 fnt
|faint|p1a: Excadrill
|-damage|p2a: Thwackey|39/100|[from] Recoil
|
|-heal|p2a: Thwackey|45/100|[from] Grassy Terrain
|upkeep
|
|t:|1635522477
|switch|p1a: Skarmory|Skarmory, F|63/100
|-damage|p1a: Skarmory|50/100|[from] Stealth Rock
|turn|32
|
|t:|1635522479
|switch|p2a: Primarina|Primarina, M|100/100
|-damage|p2a: Primarina|88/100|[from] Stealth Rock
|move|p1a: Skarmory|Roost|p1a: Skarmory
|-heal|p1a: Skarmory|100/100
|-singleturn|p1a: Skarmory|move: Roost
|
|-heal|p2a: Primarina|94/100|[from] Grassy Terrain
|upkeep
|turn|33
|
|t:|1635522489
|move|p2a: Primarina|Hydro Pump|p1a: Skarmory
|-crit|p1a: Skarmory
|-ability|p1a: Skarmory|Sturdy
|-damage|p1a: Skarmory|1/100
|move|p1a: Skarmory|Roost|p1a: Skarmory
|-heal|p1a: Skarmory|51/100
|-singleturn|p1a: Skarmory|move: Roost
|
|-heal|p2a: Primarina|99/100|[from] Grassy Terrain
|-heal|p1a: Skarmory|57/100|[from] Grassy Terrain
|-heal|p1a: Skarmory|63/100|[from] item: Leftovers
|upkeep
|turn|34
|
|t:|1635522504
|switch|p1a: Latias|Latias, F|78/100
|-damage|p1a: Latias|66/100|[from] Stealth Rock
|move|p2a: Primarina|Hydro Pump|p1a: Latias
|-resisted|p1a: Latias
|-damage|p1a: Latias|27/100
|
|-heal|p2a: Primarina|100/100|[from] Grassy Terrain
|upkeep
|turn|35
|
|t:|1635522512
|switch|p2a: Jirachi|Jirachi, shiny|31/100
|-damage|p2a: Jirachi|25/100|[from] Stealth Rock
|move|p1a: Latias|Recover|p1a: Latias
|-heal|p1a: Latias|77/100
|
|-heal|p2a: Jirachi|31/100|[from] Grassy Terrain
|-fieldend|move: Grassy Terrain
|upkeep
|turn|36
|
|t:|1635522521
|move|p2a: Jirachi|U-turn|p1a: Latias
|-supereffective|p1a: Latias
|-damage|p1a: Latias|28/100
|
|t:|1635522523
|switch|p2a: Primarina|Primarina, M|100/100|[from]move: U-turn
|-damage|p2a: Primarina|88/100|[from] Stealth Rock
|move|p1a: Latias|Recover|p1a: Latias
|-heal|p1a: Latias|78/100
|
|upkeep
|turn|37
|
|t:|1635522534
|switch|p1a: Moltres|Moltres-Galar|100/100 slp
|move|p2a: Primarina|Moonblast|p1a: Moltres
|-supereffective|p1a: Moltres
|-damage|p1a: Moltres|24/100 slp
|-ability|p1a: Moltres|Berserk|boost
|-boost|p1a: Moltres|spa|1
|
|upkeep
|turn|38
|
|t:|1635522536
|move|p2a: Primarina|Moonblast|p1a: Moltres
|-supereffective|p1a: Moltres
|-damage|p1a: Moltres|0 fnt
|faint|p1a: Moltres
|
|upkeep
|
|t:|1635522538
|switch|p1a: Thundurus|Thundurus-Therian, M|24/100
|turn|39
|
|t:|1635522542
|move|p1a: Thundurus|Thunderbolt|p2a: Primarina
|-supereffective|p2a: Primarina
|-damage|p2a: Primarina|0 fnt
|faint|p2a: Primarina
|
|upkeep
|
|t:|1635522544
|switch|p2a: Jirachi|Jirachi, shiny|31/100
|-damage|p2a: Jirachi|25/100|[from] Stealth Rock
|turn|40
|
|t:|1635522547
|switch|p1a: Skarmory|Skarmory, F|63/100
|-damage|p1a: Skarmory|50/100|[from] Stealth Rock
|move|p2a: Jirachi|Iron Head|p1a: Skarmory
|-resisted|p1a: Skarmory
|-damage|p1a: Skarmory|41/100
|
|-heal|p1a: Skarmory|47/100|[from] item: Leftovers
|upkeep
|turn|41
|
|t:|1635522552
|switch|p2a: Salamence|Salamence, M|100/100
|move|p1a: Skarmory|Roost|p1a: Skarmory
|-heal|p1a: Skarmory|97/100
|-singleturn|p1a: Skarmory|move: Roost
|
|-heal|p1a: Skarmory|100/100|[from] item: Leftovers
|upkeep
|turn|42
|
|t:|1635522555
|move|p2a: Salamence|Dragon Dance|p2a: Salamence
|-boost|p2a: Salamence|atk|1
|-boost|p2a: Salamence|spe|1
|move|p1a: Skarmory|Iron Defense|p1a: Skarmory
|-boost|p1a: Skarmory|def|2
|
|upkeep
|turn|43
|
|t:|1635522561
|move|p2a: Salamence|Dual Wingbeat|p1a: Skarmory
|-resisted|p1a: Skarmory
|-damage|p1a: Skarmory|95/100
|-resisted|p1a: Skarmory
|-damage|p1a: Skarmory|90/100
|-hitcount|p1a: Skarmory|2
|move|p1a: Skarmory|Iron Defense|p1a: Skarmory
|-boost|p1a: Skarmory|def|2
|
|-heal|p1a: Skarmory|96/100|[from] item: Leftovers
|upkeep
|turn|44
|
|t:|1635522567
|switch|p2a: Jirachi|Jirachi, shiny|25/100
|-damage|p2a: Jirachi|19/100|[from] Stealth Rock
|move|p1a: Skarmory|Iron Defense|p1a: Skarmory
|-boost|p1a: Skarmory|def|2
|
|-heal|p1a: Skarmory|100/100|[from] item: Leftovers
|upkeep
|turn|45
|
|t:|1635522570
|move|p2a: Jirachi|Trick|p1a: Skarmory
|-activate|p2a: Jirachi|move: Trick|[of] p1a: Skarmory
|-item|p1a: Skarmory|Choice Scarf|[from] move: Trick
|-item|p2a: Jirachi|Leftovers|[from] move: Trick
|move|p1a: Skarmory|Roost||[still]
|-fail|p1a: Skarmory|heal
|
|-heal|p2a: Jirachi|25/100|[from] item: Leftovers
|upkeep
|turn|46
|
|t:|1635522579
|switch|p1a: Thundurus|Thundurus-Therian, M|24/100
|move|p2a: Jirachi|Iron Head|p1a: Thundurus
|-resisted|p1a: Thundurus
|-damage|p1a: Thundurus|0 fnt
|faint|p1a: Thundurus
|
|-heal|p2a: Jirachi|31/100|[from] item: Leftovers
|upkeep
|
|t:|1635522584
|switch|p1a: Latias|Latias, F|78/100
|-damage|p1a: Latias|66/100|[from] Stealth Rock
|turn|47
|
|t:|1635522589
|move|p1a: Latias|Thunderbolt|p2a: Jirachi
|-damage|p2a: Jirachi|0 fnt
|faint|p2a: Jirachi
|-damage|p1a: Latias|56/100|[from] item: Life Orb
|
|upkeep
|
|t:|1635522594
|switch|p2a: Thwackey|Thwackey, F|45/100
|-damage|p2a: Thwackey|33/100|[from] Stealth Rock
|-fieldstart|move: Grassy Terrain|[from] ability: Grassy Surge|[of] p2a: Thwackey
|turn|48
|
|t:|1635522599
|switch|p1a: Zarude|Zarude-Dada|52/100
|-damage|p1a: Zarude|39/100|[from] Stealth Rock
|move|p2a: Thwackey|Knock Off|p1a: Zarude
|-resisted|p1a: Zarude
|-damage|p1a: Zarude|22/100
|-enditem|p1a: Zarude|Choice Scarf|[from] move: Knock Off|[of] p2a: Thwackey
|
|-heal|p1a: Zarude|29/100|[from] Grassy Terrain
|-heal|p2a: Thwackey|39/100|[from] Grassy Terrain
|upkeep
|turn|49
|
|t:|1635522606
|switch|p2a: Salamence|Salamence, M|100/100
|move|p1a: Zarude|U-turn|p2a: Salamence
|-resisted|p2a: Salamence
|-damage|p2a: Salamence|86/100
|
|t:|1635522608
|switch|p1a: Latias|Latias, F|56/100|[from]move: U-turn
|-damage|p1a: Latias|44/100|[from] Stealth Rock
|
|upkeep
|turn|50
|
|t:|1635522613
|move|p1a: Latias|Psyshock|p2a: Salamence
|-crit|p2a: Salamence
|-damage|p2a: Salamence|4/100
|-damage|p1a: Latias|34/100|[from] item: Life Orb
|move|p2a: Salamence|Outrage|p1a: Latias
|-supereffective|p1a: Latias
|-crit|p1a: Latias
|-damage|p1a: Latias|0 fnt
|faint|p1a: Latias
|-ability|p2a: Salamence|Moxie|boost
|-boost|p2a: Salamence|atk|1
|
|upkeep
|
|t:|1635522618
|switch|p1a: Zarude|Zarude-Dada|29/100
|-damage|p1a: Zarude|16/100|[from] Stealth Rock
|turn|51
|
|t:|1635522620
|move|p1a: Zarude|Darkest Lariat|p2a: Salamence
|-damage|p2a: Salamence|0 fnt
|faint|p2a: Salamence
|
|-heal|p1a: Zarude|22/100|[from] Grassy Terrain
|upkeep
|
|t:|1635522622
|switch|p2a: Thwackey|Thwackey, F|39/100
|-damage|p2a: Thwackey|26/100|[from] Stealth Rock
|turn|52
|c|☆PlasticPinnochio|gg
|
|t:|1635522627
|move|p1a: Zarude|Darkest Lariat|p2a: Thwackey
|-damage|p2a: Thwackey|0 fnt
|faint|p2a: Thwackey
|
|win|PlasticPinnochio
|raw|PlasticPinnochio's rating: 1419 &rarr; <strong>1436</strong><br />(+17 for winning)
|raw|lucki1's rating: 1374 &rarr; <strong>1357</strong><br />(-17 for losing)
|l|☆lucki1
||Ladder isn't responding, score probably updated but might not have (Request timeout).
|l|☆PlasticPinnochio
|j|☆PlasticPinnochio
|player|p1|PlasticPinnochio|policeman
