|j|☆SwitchingIsGreat
|j|☆pokemonisfun
|t:|1660268222
|gametype|singles
|player|p1|SwitchingIsGreat|265|1561
|player|p2|pokemonisfun|#uutrio2ladder|1848
|teamsize|p1|6
|teamsize|p2|6
|gen|8
|tier|[Gen 8] UU
|rated|
|rule|Sleep Clause Mod: Limit one foe put to sleep
|rule|Species Clause: Limit one of each Pokémon
|rule|OHKO Clause: OHKO moves are banned
|rule|Evasion Items Clause: Evasion items are banned
|rule|Evasion Moves Clause: Evasion moves are banned
|rule|Endless Battle Clause: Forcing endless battles is banned
|rule|HP Percentage Mod: HP is shown in percentages
|rule|Dynamax Clause: You cannot dynamax
|clearpoke
|poke|p1|Necrozma|
|poke|p1|Starmie|
|poke|p1|Conkeldurr, F|
|poke|p1|Celesteela|
|poke|p1|Excadrill, F|
|poke|p1|Nihilego|
|poke|p2|Slowbro-Galar, M|
|poke|p2|Tangrowth, M|
|poke|p2|Cobalion|
|poke|p2|Rotom-Wash|
|poke|p2|Hydreigon, F|
|poke|p2|Mamoswine, F|
|teampreview
|inactive|Battle timer is ON: inactive players will automatically lose when time's up. (requested by SwitchingIsGreat)
|inactive|pokemonisfun has 120 seconds left.
|inactive|SwitchingIsGreat has 120 seconds left.
|
|t:|1660268278
|start
|switch|p1a: Conkeldurr|Conkeldurr, F|100/100
|switch|p2a: tang his wang|Tangrowth, M|100/100
|turn|1
|j| Luirromen
|inactive|SwitchingIsGreat has 120 seconds left.
|inactive|SwitchingIsGreat has 90 seconds left.
|
|t:|1660268346
|switch|p1a: Excadrill|Excadrill, F|100/100
|-ability|p1a: Excadrill|Mold Breaker
|move|p2a: tang his wang|Knock Off|p1a: Excadrill
|-damage|p1a: Excadrill|67/100
|-enditem|p1a: Excadrill|Focus Sash|[from] move: Knock Off|[of] p2a: tang his wang
|
|upkeep
|turn|2
|inactive|SwitchingIsGreat has 90 seconds left.
|
|t:|1660268353
|move|p1a: Excadrill|Stealth Rock|p2a: tang his wang
|-sidestart|p2: pokemonisfun|move: Stealth Rock
|move|p2a: tang his wang|Earthquake|p1a: Excadrill
|-supereffective|p1a: Excadrill
|-crit|p1a: Excadrill
|-damage|p1a: Excadrill|0 fnt
|faint|p1a: Excadrill
|
|upkeep
|inactive|SwitchingIsGreat has 90 seconds left.
|
|t:|1660268366
|switch|p1a: Celesteela|Celesteela|100/100
|turn|3
|inactive|SwitchingIsGreat has 90 seconds left.
|
|t:|1660268376
|move|p1a: Celesteela|Meteor Beam||[still]
|-prepare|p1a: Celesteela|Meteor Beam
|-boost|p1a: Celesteela|spa|1
|-enditem|p1a: Celesteela|Power Herb
|-anim|p1a: Celesteela|Meteor Beam|p2a: tang his wang
|-damage|p2a: tang his wang|67/100
|move|p2a: tang his wang|Knock Off|p1a: Celesteela
|-damage|p1a: Celesteela|85/100
|
|upkeep
|turn|4
|inactive|SwitchingIsGreat has 90 seconds left.
|
|t:|1660268400
|switch|p2a: wishy washy|Rotom-Wash|100/100
|-damage|p2a: wishy washy|88/100|[from] Stealth Rock
|move|p1a: Celesteela|Meteor Beam||[still]
|-prepare|p1a: Celesteela|Meteor Beam
|-boost|p1a: Celesteela|spa|1
|
|-heal|p2a: wishy washy|94/100|[from] item: Leftovers
|upkeep
|turn|5
|
|t:|1660268407
|move|p2a: wishy washy|Volt Switch|p1a: Celesteela
|-supereffective|p1a: Celesteela
|-damage|p1a: Celesteela|37/100
|
|t:|1660268418
|switch|p2a: tang his wang|Tangrowth, M|99/100|[from]move: Volt Switch
|-damage|p2a: tang his wang|88/100|[from] Stealth Rock
|move|p1a: Celesteela|Meteor Beam|p2a: tang his wang|[from]lockedmove
|-damage|p2a: tang his wang|38/100
|
|upkeep
|turn|6
|inactive|SwitchingIsGreat has 90 seconds left.
|
|t:|1660268435
|switch|p2a: wishy washy|Rotom-Wash|94/100
|-damage|p2a: wishy washy|82/100|[from] Stealth Rock
|move|p1a: Celesteela|Air Slash|p2a: wishy washy
|-resisted|p2a: wishy washy
|-damage|p2a: wishy washy|39/100
|
|-heal|p2a: wishy washy|45/100|[from] item: Leftovers
|upkeep
|turn|7
|inactive|SwitchingIsGreat has 90 seconds left.
|
|t:|1660268446
|move|p2a: wishy washy|Defog|p1a: Celesteela
|-unboost|p1a: Celesteela|evasion|1
|-sideend|p2: pokemonisfun|Stealth Rock|[from] move: Defog|[of] p2a: wishy washy
|move|p1a: Celesteela|Air Slash|p2a: wishy washy
|-resisted|p2a: wishy washy
|-damage|p2a: wishy washy|3/100
|
|-heal|p2a: wishy washy|9/100|[from] item: Leftovers
|upkeep
|turn|8
|
|t:|1660268455
|switch|p1a: Conkeldurr|Conkeldurr, F|100/100
|move|p2a: wishy washy|Volt Switch|p1a: Conkeldurr
|-damage|p1a: Conkeldurr|70/100
|
|t:|1660268460
|switch|p2a: pasty wasty|Slowbro-Galar, M|100/100|[from]move: Volt Switch
|
|-status|p1a: Conkeldurr|brn|[from] item: Flame Orb
|upkeep
|turn|9
|
|t:|1660268467
|move|p1a: Conkeldurr|Facade|p2a: pasty wasty
|-damage|p2a: pasty wasty|42/100
|move|p2a: pasty wasty|Sludge Bomb|p1a: Conkeldurr
|-damage|p1a: Conkeldurr|32/100 brn
|
|-damage|p1a: Conkeldurr|25/100 brn|[from] brn
|upkeep
|turn|10
|inactive|SwitchingIsGreat has 90 seconds left.
|
|t:|1660268510
|switch|p2a: wishy washy|Rotom-Wash|9/100
|move|p1a: Conkeldurr|Drain Punch|p2a: wishy washy
|-damage|p2a: wishy washy|0 fnt
|-heal|p1a: Conkeldurr|29/100 brn|[from] drain|[of] p2a: wishy washy
|faint|p2a: wishy washy
|
|-damage|p1a: Conkeldurr|22/100 brn|[from] brn
|upkeep
|
|t:|1660268517
|switch|p2a: husky tusky|Mamoswine, F|100/100
|turn|11
|
|t:|1660268526
|switch|p1a: Celesteela|Celesteela|37/100
|move|p2a: husky tusky|Ice Shard|p1a: Celesteela
|-damage|p1a: Celesteela|6/100
|-damage|p2a: husky tusky|91/100|[from] item: Life Orb
|
|upkeep
|turn|12
|
|t:|1660268532
|move|p2a: husky tusky|Knock Off|p1a: Celesteela
|-damage|p1a: Celesteela|0 fnt
|faint|p1a: Celesteela
|-damage|p2a: husky tusky|81/100|[from] item: Life Orb
|
|upkeep
|
|t:|1660268540
|switch|p1a: Starmie|Starmie|100/100
|turn|13
|j| NoahDeKnight
|
|t:|1660268545
|switch|p2a: tang his wang|Tangrowth, M|71/100
|move|p1a: Starmie|Meteor Beam||[still]
|-prepare|p1a: Starmie|Meteor Beam
|-boost|p1a: Starmie|spa|1
|-enditem|p1a: Starmie|Power Herb
|-anim|p1a: Starmie|Meteor Beam|p2a: tang his wang|[miss]
|-miss|p1a: Starmie|p2a: tang his wang
|
|upkeep
|turn|14
|
|t:|1660268550
|move|p1a: Starmie|Ice Beam|p2a: tang his wang
|-supereffective|p2a: tang his wang
|-damage|p2a: tang his wang|25/100
|move|p2a: tang his wang|Power Whip|p1a: Starmie|[miss]
|-miss|p2a: tang his wang|p1a: Starmie
|
|upkeep
|turn|15
|
|t:|1660268555
|move|p1a: Starmie|Psyshock|p2a: tang his wang
|-damage|p2a: tang his wang|0 fnt
|faint|p2a: tang his wang
|
|upkeep
|
|t:|1660268558
|switch|p2a: hole breaker|Hydreigon, F|100/100
|turn|16
|
|t:|1660268565
|switch|p1a: Nihilego|Nihilego|100/100
|move|p2a: hole breaker|Dark Pulse|p1a: Nihilego
|-damage|p1a: Nihilego|72/100
|
|upkeep
|turn|17
|
|t:|1660268577
|switch|p2a: hoard the sword|Cobalion|100/100
|switch|p1a: Necrozma|Necrozma|100/100
|
|upkeep
|turn|18
|
|t:|1660268597
|move|p2a: hoard the sword|Volt Switch|p1a: Necrozma
|-damage|p1a: Necrozma|86/100
|
|t:|1660268608
|switch|p2a: husky tusky|Mamoswine, F|81/100|[from]move: Volt Switch
|move|p1a: Necrozma|Heat Wave|p2a: husky tusky
|-supereffective|p2a: husky tusky
|-damage|p2a: husky tusky|43/100
|
|upkeep
|turn|19
|j| Swagmoar
|
|t:|1660268630
|move|p2a: husky tusky|Earthquake|p1a: Necrozma
|-damage|p1a: Necrozma|11/100
|-damage|p2a: husky tusky|33/100|[from] item: Life Orb
|move|p1a: Necrozma|Photon Geyser|p2a: husky tusky
|-crit|p2a: husky tusky
|-damage|p2a: husky tusky|0 fnt
|faint|p2a: husky tusky
|
|upkeep
|inactive|pokemonisfun has 120 seconds left.
|
|t:|1660268664
|switch|p2a: hole breaker|Hydreigon, F|100/100
|turn|20
|
|t:|1660268670
|move|p2a: hole breaker|Dark Pulse|p1a: Necrozma
|-supereffective|p1a: Necrozma
|-damage|p1a: Necrozma|0 fnt
|faint|p1a: Necrozma
|
|upkeep
|
|t:|1660268679
|switch|p1a: Nihilego|Nihilego|72/100
|turn|21
|
|t:|1660268691
|switch|p2a: hoard the sword|Cobalion|100/100
|move|p1a: Nihilego|Thunderbolt|p2a: hoard the sword
|-damage|p2a: hoard the sword|59/100
|
|upkeep
|turn|22
|j| HaxxLR
|
|t:|1660268705
|switch|p1a: Starmie|Starmie|100/100
|move|p2a: hoard the sword|Close Combat|p1a: Starmie
|-resisted|p1a: Starmie
|-damage|p1a: Starmie|64/100
|-unboost|p2a: hoard the sword|def|1
|-unboost|p2a: hoard the sword|spd|1
|
|upkeep
|turn|23
|
|t:|1660268720
|switch|p2a: hole breaker|Hydreigon, F|100/100
|move|p1a: Starmie|Ice Beam|p2a: hole breaker
|-supereffective|p2a: hole breaker
|-damage|p2a: hole breaker|27/100
|
|upkeep
|turn|24
|
|t:|1660268733
|switch|p1a: Nihilego|Nihilego|72/100
|move|p2a: hole breaker|Dark Pulse|p1a: Nihilego
|-damage|p1a: Nihilego|40/100
|
|upkeep
|turn|25
|
|t:|1660268747
|switch|p2a: hoard the sword|Cobalion|59/100
|move|p1a: Nihilego|Meteor Beam||[still]
|-prepare|p1a: Nihilego|Meteor Beam
|-boost|p1a: Nihilego|spa|1
|-enditem|p1a: Nihilego|Power Herb
|-anim|p1a: Nihilego|Meteor Beam|p2a: hoard the sword
|-resisted|p2a: hoard the sword
|-damage|p2a: hoard the sword|25/100
|
|upkeep
|turn|26
|
|t:|1660268760
|move|p2a: hoard the sword|Close Combat|p1a: Nihilego
|-damage|p1a: Nihilego|0 fnt
|-unboost|p2a: hoard the sword|def|1
|-unboost|p2a: hoard the sword|spd|1
|faint|p1a: Nihilego
|
|upkeep
|
|t:|1660268768
|switch|p1a: Starmie|Starmie|64/100
|turn|27
|
|t:|1660268797
|move|p1a: Starmie|Ice Beam|p2a: hoard the sword
|-resisted|p2a: hoard the sword
|-damage|p2a: hoard the sword|0 fnt
|faint|p2a: hoard the sword
|
|upkeep
|
|t:|1660268799
|switch|p2a: hole breaker|Hydreigon, F|27/100
|turn|28
|
|t:|1660268804
|move|p2a: hole breaker|Dark Pulse|p1a: Starmie
|-supereffective|p1a: Starmie
|-damage|p1a: Starmie|0 fnt
|faint|p1a: Starmie
|
|upkeep
|
|t:|1660268806
|switch|p1a: Conkeldurr|Conkeldurr, F|22/100 brn
|turn|29
|
|t:|1660268810
|move|p1a: Conkeldurr|Mach Punch|p2a: hole breaker
|-supereffective|p2a: hole breaker
|-damage|p2a: hole breaker|0 fnt
|faint|p2a: hole breaker
|
|-damage|p1a: Conkeldurr|16/100 brn|[from] brn
|upkeep
|
|t:|1660268811
|switch|p2a: pasty wasty|Slowbro-Galar, M|75/100
|turn|30
|
|t:|1660268819
|move|p1a: Conkeldurr|Facade|p2a: pasty wasty
|-damage|p2a: pasty wasty|20/100
|move|p2a: pasty wasty|Sludge Bomb|p1a: Conkeldurr
|-damage|p1a: Conkeldurr|0 fnt
|faint|p1a: Conkeldurr
|
|win|pokemonisfun
|raw|SwitchingIsGreat's rating: 1561 &rarr; <strong>1555</strong><br />(-6 for losing)
|raw|pokemonisfun's rating: 1848 &rarr; <strong>1854</strong><br />(+6 for winning)
|c|☆pokemonisfun|gg
|c|☆SwitchingIsGreat|gg
|l| Luirromen
|l| HaxxLR
|l| NoahDeKnight
|j| NoahDeKnight
||Ladder isn't responding, score probably updated but might not have (Request timeout).
