|j|☆Van Du
|j|☆Cruxlam
|t:|1605320901
|player|p1|Van Du|janine|1409
|player|p2|Cruxlam|olympia|1378
|teamsize|p1|6
|teamsize|p2|6
|gametype|singles
|gen|8
|tier|[Gen 8] UU
|rated|
|clearpoke
|poke|p1|Ninetales-Alola, F|
|poke|p1|Kommo-o, M|
|poke|p1|Azumarill, F|
|poke|p1|Incineroar, F|
|poke|p1|Nihilego|
|poke|p1|Scizor, F|
|poke|p2|Aegislash, F|
|poke|p2|Zeraora|
|poke|p2|Nihilego|
|poke|p2|Galvantula, M|
|poke|p2|Volcanion|
|poke|p2|Moltres-Galar|
|rule|Sleep Clause Mod: Limit one foe put to sleep
|rule|Species Clause: Limit one of each Pokémon
|rule|OHKO Clause: OHKO moves are banned
|rule|Evasion Moves Clause: Evasion moves are banned
|rule|Endless Battle Clause: Forcing endless battles is banned
|rule|HP Percentage Mod: HP is shown in percentages
|rule|Dynamax Clause: You cannot dynamax
|teampreview
|inactive|Battle timer is ON: inactive players will automatically lose when time's up. (requested by Van Du)
|inactive|Cruxlam has 120 seconds left.
|
|t:|1605320948
|start
|switch|p1a: Frozen Tales|Ninetales-Alola, F|100/100
|switch|p2a: Volcanion|Volcanion|100/100
|-weather|Hail|[from] ability: Snow Warning|[of] p1a: Frozen Tales
|turn|1
|j| Hateful24 777
|
|t:|1605320955
|move|p1a: Frozen Tales|Aurora Veil|p1a: Frozen Tales
|-sidestart|p1: Van Du|move: Aurora Veil
|move|p2a: Volcanion|Flamethrower|p1a: Frozen Tales
|-supereffective|p1a: Frozen Tales
|-damage|p1a: Frozen Tales|51/100
|
|-weather|Hail|[upkeep]
|-damage|p2a: Volcanion|94/100|[from] Hail
|-heal|p2a: Volcanion|100/100|[from] item: Leftovers
|upkeep
|turn|2
|
|t:|1605320966
|switch|p1a: Azukachu|Azumarill, F, shiny|100/100
|move|p2a: Volcanion|Defog|p1a: Azukachu
|-unboost|p1a: Azukachu|evasion|1
|-sideend|p1: Van Du|move: Aurora Veil
|
|-weather|Hail|[upkeep]
|-damage|p1a: Azukachu|94/100|[from] Hail
|-damage|p2a: Volcanion|94/100|[from] Hail
|-heal|p2a: Volcanion|100/100|[from] item: Leftovers
|upkeep
|turn|3
|c| Hateful24 777|I hate y’all lmao
|c|☆Cruxlam|wym homie
|c|☆Cruxlam|u bringing veil
|c| Hateful24 777|Idiot
|c| Hateful24 777|I’ll crush you
|inactive|Cruxlam has 120 seconds left.
|
|t:|1605320997
|move|p1a: Azukachu|Belly Drum|p1a: Azukachu
|-damage|p1a: Azukachu|44/100
|-setboost|p1a: Azukachu|atk|6|[from] move: Belly Drum
|-enditem|p1a: Azukachu|Sitrus Berry|[eat]
|-heal|p1a: Azukachu|69/100|[from] item: Sitrus Berry
|move|p2a: Volcanion|Steam Eruption|p1a: Azukachu
|-resisted|p1a: Azukachu
|-damage|p1a: Azukachu|34/100
|
|-weather|Hail|[upkeep]
|-damage|p1a: Azukachu|28/100|[from] Hail
|-damage|p2a: Volcanion|94/100|[from] Hail
|-heal|p2a: Volcanion|100/100|[from] item: Leftovers
|upkeep
|turn|4
|
|t:|1605321011
|move|p1a: Azukachu|Knock Off|p2a: Volcanion
|-damage|p2a: Volcanion|0 fnt
|-enditem|p2a: Volcanion|Leftovers|[from] move: Knock Off|[of] p1a: Azukachu
|faint|p2a: Volcanion
|
|-weather|Hail|[upkeep]
|-damage|p1a: Azukachu|22/100|[from] Hail
|upkeep
|
|t:|1605321014
|switch|p2a: Aegislash|Aegislash, F|100/100
|turn|5
|c| Hateful24 777|Crumbs of my cookies because I’m going to eat your mons
|
|t:|1605321021
|-formechange|p2a: Aegislash|Aegislash-Blade||[from] ability: Stance Change
|move|p2a: Aegislash|Shadow Sneak|p1a: Azukachu
|-damage|p1a: Azukachu|0 fnt
|faint|p1a: Azukachu
|
|-weather|none
|upkeep
|
|t:|1605321032
|switch|p1a: Frozen Tales|Ninetales-Alola, F|51/100
|-weather|Hail|[from] ability: Snow Warning|[of] p1a: Frozen Tales
|turn|6
|c|☆Cruxlam|ahte is mad because hate is bad
|
|t:|1605321041
|move|p1a: Frozen Tales|Aurora Veil|p1a: Frozen Tales
|-sidestart|p1: Van Du|move: Aurora Veil
|move|p2a: Aegislash|Iron Head|p1a: Frozen Tales
|-supereffective|p1a: Frozen Tales
|-damage|p1a: Frozen Tales|0 fnt
|faint|p1a: Frozen Tales
|
|-weather|Hail|[upkeep]
|-damage|p2a: Aegislash|94/100|[from] Hail
|-heal|p2a: Aegislash|100/100|[from] item: Leftovers
|upkeep
|
|t:|1605321052
|switch|p1a: Unseen Fist|Incineroar, F, shiny|100/100
|-ability|p1a: Unseen Fist|Intimidate|boost
|-unboost|p2a: Aegislash|atk|1
|turn|7
|
|t:|1605321058
|-formechange|p2a: Aegislash|Aegislash||[from] ability: Stance Change
|move|p2a: Aegislash|King's Shield|p2a: Aegislash
|-singleturn|p2a: Aegislash|Protect
|move|p1a: Unseen Fist|Bulk Up|p1a: Unseen Fist
|-boost|p1a: Unseen Fist|atk|1
|-boost|p1a: Unseen Fist|def|1
|
|-weather|Hail|[upkeep]
|-damage|p1a: Unseen Fist|94/100|[from] Hail
|-damage|p2a: Aegislash|94/100|[from] Hail
|-heal|p2a: Aegislash|100/100|[from] item: Leftovers
|upkeep
|turn|8
|
|t:|1605321072
|switch|p2a: Moltres|Moltres-Galar|100/100
|move|p1a: Unseen Fist|Flame Charge|p2a: Moltres
|-damage|p2a: Moltres|66/100
|-boost|p1a: Unseen Fist|spe|1
|
|-weather|Hail|[upkeep]
|-damage|p1a: Unseen Fist|88/100|[from] Hail
|-damage|p2a: Moltres|59/100|[from] Hail
|-heal|p2a: Moltres|66/100|[from] item: Leftovers
|upkeep
|turn|9
|l| Hateful24 777
|
|t:|1605321084
|move|p1a: Unseen Fist|Bulk Up|p1a: Unseen Fist
|-boost|p1a: Unseen Fist|atk|1
|-boost|p1a: Unseen Fist|def|1
|move|p2a: Moltres|Hurricane|p1a: Unseen Fist|[miss]
|-miss|p2a: Moltres|p1a: Unseen Fist
|
|-weather|Hail|[upkeep]
|-damage|p1a: Unseen Fist|82/100|[from] Hail
|-damage|p2a: Moltres|59/100|[from] Hail
|-heal|p2a: Moltres|66/100|[from] item: Leftovers
|upkeep
|turn|10
|
|t:|1605321099
|move|p1a: Unseen Fist|Drain Punch|p2a: Moltres
|-damage|p2a: Moltres|22/100
|-heal|p1a: Unseen Fist|99/100|[from] drain|[of] p2a: Moltres
|-ability|p2a: Moltres|Berserk|boost
|-boost|p2a: Moltres|spa|1
|move|p2a: Moltres|Substitute|p2a: Moltres
|-fail|p2a: Moltres|move: Substitute|[weak]
|
|-weather|none
|-heal|p2a: Moltres|28/100|[from] item: Leftovers
|upkeep
|turn|11
|
|t:|1605321115
|move|p1a: Unseen Fist|Power Trip|p2a: Moltres
|-resisted|p2a: Moltres
|-damage|p2a: Moltres|0 fnt
|faint|p2a: Moltres
|
|upkeep
|
|t:|1605321121
|switch|p2a: Aegislash|Aegislash, F|100/100
|turn|12
|
|t:|1605321127
|move|p2a: Aegislash|King's Shield|p2a: Aegislash
|-singleturn|p2a: Aegislash|Protect
|move|p1a: Unseen Fist|Bulk Up|p1a: Unseen Fist
|-boost|p1a: Unseen Fist|atk|1
|-boost|p1a: Unseen Fist|def|1
|
|upkeep
|turn|13
|
|t:|1605321134
|move|p1a: Unseen Fist|Flame Charge|p2a: Aegislash
|-supereffective|p2a: Aegislash
|-damage|p2a: Aegislash|22/100
|-boost|p1a: Unseen Fist|spe|1
|-formechange|p2a: Aegislash|Aegislash-Blade||[from] ability: Stance Change
|move|p2a: Aegislash|Iron Head|p1a: Unseen Fist
|-resisted|p1a: Unseen Fist
|-damage|p1a: Unseen Fist|96/100
|
|-heal|p2a: Aegislash|28/100|[from] item: Leftovers
|-sideend|p1: Van Du|move: Aurora Veil
|upkeep
|turn|14
|
|t:|1605321147
|move|p1a: Unseen Fist|Bulk Up|p1a: Unseen Fist
|-boost|p1a: Unseen Fist|atk|1
|-boost|p1a: Unseen Fist|def|1
|move|p2a: Aegislash|Iron Head|p1a: Unseen Fist
|-resisted|p1a: Unseen Fist
|-damage|p1a: Unseen Fist|89/100
|
|-heal|p2a: Aegislash|34/100|[from] item: Leftovers
|upkeep
|turn|15
|
|t:|1605321156
|move|p1a: Unseen Fist|Bulk Up|p1a: Unseen Fist
|-boost|p1a: Unseen Fist|atk|1
|-boost|p1a: Unseen Fist|def|1
|move|p2a: Aegislash|Iron Head|p1a: Unseen Fist
|-resisted|p1a: Unseen Fist
|-damage|p1a: Unseen Fist|82/100
|
|-heal|p2a: Aegislash|41/100|[from] item: Leftovers
|upkeep
|turn|16
|
|t:|1605321166
|move|p1a: Unseen Fist|Flame Charge|p2a: Aegislash
|-supereffective|p2a: Aegislash
|-crit|p2a: Aegislash
|-damage|p2a: Aegislash|0 fnt
|-boost|p1a: Unseen Fist|spe|1
|faint|p2a: Aegislash
|
|upkeep
|
|t:|1605321178
|switch|p2a: Galvantula|Galvantula, M|100/100
|turn|17
|
|t:|1605321195
|move|p1a: Unseen Fist|Flame Charge|p2a: Galvantula
|-supereffective|p2a: Galvantula
|-enditem|p2a: Galvantula|Focus Sash
|-damage|p2a: Galvantula|1/100
|-boost|p1a: Unseen Fist|spe|1
|move|p2a: Galvantula|Thunder|p1a: Unseen Fist
|-damage|p1a: Unseen Fist|40/100
|
|upkeep
|turn|18
|
|t:|1605321205
|move|p1a: Unseen Fist|Flame Charge|p2a: Galvantula
|-supereffective|p2a: Galvantula
|-damage|p2a: Galvantula|0 fnt
|-boost|p1a: Unseen Fist|spe|1
|faint|p2a: Galvantula
|
|upkeep
|
|t:|1605321211
|switch|p2a: Nihilego|Nihilego|100/100
|turn|19
|
|t:|1605321215
|move|p1a: Unseen Fist|Power Trip|p2a: Nihilego
|-damage|p2a: Nihilego|0 fnt
|faint|p2a: Nihilego
|
|upkeep
|
|t:|1605321217
|switch|p2a: Zeraora|Zeraora|100/100
|turn|20
|
|t:|1605321222
|move|p1a: Unseen Fist|Power Trip|p2a: Zeraora
|-damage|p2a: Zeraora|0 fnt
|faint|p2a: Zeraora
|
|win|Van Du
