|j|☆gye5
|j|☆Liz Angeles
|t:|1666808078
|gametype|singles
|player|p1|gye5|blue|1601
|player|p2|Liz Angeles|marley|1594
|teamsize|p1|6
|teamsize|p2|6
|gen|8
|tier|[Gen 8] UU
|rated|
|rule|Sleep Clause Mod: Limit one foe put to sleep
|rule|Species Clause: Limit one of each Pokémon
|rule|OHKO Clause: OHKO moves are banned
|rule|Evasion Items Clause: Evasion items are banned
|rule|Evasion Moves Clause: Evasion moves are banned
|rule|Endless Battle Clause: Forcing endless battles is banned
|rule|HP Percentage Mod: HP is shown in percentages
|rule|Dynamax Clause: You cannot dynamax
|clearpoke
|poke|p1|Thundurus-Therian, M|
|poke|p1|Azumarill, M|
|poke|p1|Hatterene, F|
|poke|p1|Cobalion|
|poke|p1|Darmanitan, M|
|poke|p1|Hydreigon, M|
|poke|p2|Hippowdon, F|
|poke|p2|Amoonguss, M|
|poke|p2|Raikou|
|poke|p2|Noivern, M|
|poke|p2|Scizor, F|
|poke|p2|Milotic, M|
|teampreview
|inactive|Battle timer is ON: inactive players will automatically lose when time's up. (requested by gye5)
|
|t:|1666808091
|start
|switch|p1a: Cobalion|Cobalion, shiny|100/100
|switch|p2a: Hippowdon|Hippowdon, F|100/100
|-weather|Sandstorm|[from] ability: Sand Stream|[of] p2a: Hippowdon
|turn|1
|
|t:|1666808099
|move|p1a: Cobalion|Stealth Rock|p2a: Hippowdon
|-sidestart|p2: Liz Angeles|move: Stealth Rock
|move|p2a: Hippowdon|Earthquake|p1a: Cobalion
|-supereffective|p1a: Cobalion
|-enditem|p1a: Cobalion|Shuca Berry|[eat]
|-enditem|p1a: Cobalion|Shuca Berry|[weaken]
|-damage|p1a: Cobalion|70/100
|
|-weather|Sandstorm|[upkeep]
|upkeep
|turn|2
|
|t:|1666808110
|switch|p1a: Hatterene|Hatterene, F, shiny|100/100
|move|p2a: Hippowdon|Toxic|p1a: Hatterene
|move|p1a: Hatterene|Toxic|p2a: Hippowdon|[from]ability: Magic Bounce
|-status|p2a: Hippowdon|tox
|
|-weather|Sandstorm|[upkeep]
|-damage|p1a: Hatterene|95/100|[from] Sandstorm
|-heal|p1a: Hatterene|100/100|[from] item: Leftovers
|-damage|p2a: Hippowdon|94/100 tox|[from] psn
|upkeep
|turn|3
|
|t:|1666808121
|switch|p2a: Milotic|Milotic, M|100/100
|move|p1a: Hatterene|Mystical Fire|p2a: Milotic
|-resisted|p2a: Milotic
|-damage|p2a: Milotic|93/100
|-unboost|p2a: Milotic|spa|1
|
|-weather|Sandstorm|[upkeep]
|-damage|p2a: Milotic|87/100|[from] Sandstorm
|-damage|p1a: Hatterene|95/100|[from] Sandstorm
|-heal|p1a: Hatterene|100/100|[from] item: Leftovers
|upkeep
|turn|4
|
|t:|1666808131
|move|p2a: Milotic|Scald|p1a: Hatterene
|-damage|p1a: Hatterene|80/100
|move|p1a: Hatterene|Psychic|p2a: Milotic
|-damage|p2a: Milotic|63/100
|
|-weather|Sandstorm|[upkeep]
|-damage|p2a: Milotic|57/100|[from] Sandstorm
|-damage|p1a: Hatterene|74/100|[from] Sandstorm
|-heal|p1a: Hatterene|80/100|[from] item: Leftovers
|upkeep
|turn|5
|
|t:|1666808147
|switch|p1a: Thundurus|Thundurus-Therian, M, shiny|100/100
|move|p2a: Milotic|Recover|p2a: Milotic
|-heal|p2a: Milotic|100/100
|
|-weather|none
|upkeep
|turn|6
|
|t:|1666808161
|switch|p2a: Amoonguss|Amoonguss, M|100/100
|move|p1a: Thundurus|Thunderbolt|p2a: Amoonguss
|-resisted|p2a: Amoonguss
|-damage|p2a: Amoonguss|68/100
|
|upkeep
|turn|7
|
|t:|1666808170
|switch|p1a: Hatterene|Hatterene, F, shiny|80/100
|move|p2a: Amoonguss|Spore|p1a: Hatterene
|move|p1a: Hatterene|Spore|p2a: Amoonguss|[from]ability: Magic Bounce
|-immune|p2a: Amoonguss
|
|-heal|p1a: Hatterene|86/100|[from] item: Leftovers
|upkeep
|turn|8
|
|t:|1666808185
|switch|p2a: Scizor|Scizor, F|100/100
|move|p1a: Hatterene|Psychic|p2a: Scizor
|-resisted|p2a: Scizor
|-damage|p2a: Scizor|78/100
|
|-heal|p1a: Hatterene|92/100|[from] item: Leftovers
|upkeep
|turn|9
|
|t:|1666808192
|move|p2a: Scizor|U-turn|p1a: Hatterene
|-damage|p1a: Hatterene|64/100
|
|t:|1666808195
|switch|p2a: Milotic|Milotic, M|100/100|[from]move: U-turn
|move|p1a: Hatterene|Mystical Fire|p2a: Milotic
|-resisted|p2a: Milotic
|-damage|p2a: Milotic|94/100
|-unboost|p2a: Milotic|spa|1
|
|-heal|p1a: Hatterene|70/100|[from] item: Leftovers
|upkeep
|turn|10
|
|t:|1666808204
|move|p2a: Milotic|Scald|p1a: Hatterene
|-damage|p1a: Hatterene|52/100
|move|p1a: Hatterene|Draining Kiss|p2a: Milotic
|-damage|p2a: Milotic|78/100
|-heal|p1a: Hatterene|67/100|[from] drain|[of] p2a: Milotic
|
|-heal|p1a: Hatterene|73/100|[from] item: Leftovers
|upkeep
|turn|11
|
|t:|1666808212
|move|p2a: Milotic|Scald|p1a: Hatterene
|-damage|p1a: Hatterene|55/100
|-status|p1a: Hatterene|brn
|move|p1a: Hatterene|Psychic|p2a: Milotic
|-damage|p2a: Milotic|50/100
|
|-heal|p1a: Hatterene|61/100 brn|[from] item: Leftovers
|-damage|p1a: Hatterene|55/100 brn|[from] brn
|upkeep
|turn|12
|
|t:|1666808228
|switch|p1a: Thundurus|Thundurus-Therian, M, shiny|100/100
|move|p2a: Milotic|Recover|p2a: Milotic
|-heal|p2a: Milotic|99/100
|
|upkeep
|turn|13
|
|t:|1666808239
|move|p1a: Thundurus|Psychic|p2a: Milotic
|-damage|p2a: Milotic|69/100
|move|p2a: Milotic|Toxic|p1a: Thundurus
|-status|p1a: Thundurus|tox
|
|-damage|p1a: Thundurus|94/100 tox|[from] psn
|upkeep
|turn|14
|
|t:|1666808246
|switch|p1a: Azumarill|Azumarill, M, shiny|100/100
|switch|p2a: Raikou|Raikou|100/100
|-ability|p2a: Raikou|Pressure
|
|upkeep
|turn|15
|
|t:|1666808254
|move|p2a: Raikou|Thunderbolt|p1a: Azumarill
|-supereffective|p1a: Azumarill
|-damage|p1a: Azumarill|0 fnt
|faint|p1a: Azumarill
|
|upkeep
|-message|gye5 forfeited.
|
|win|Liz Angeles
|raw|gye5's rating: 1601 &rarr; <strong>1581</strong><br />(-20 for losing)
|raw|Liz Angeles's rating: 1594 &rarr; <strong>1614</strong><br />(+20 for winning)
|l|☆gye5
||Ladder isn't responding, score probably updated but might not have (Request timeout).
