|j|☆kvm1999
|j|☆MiniTotomon
|t:|1665324246
|gametype|singles
|player|p1|kvm1999|falkner|1319
|player|p2|MiniTotomon|fantina|1512
|teamsize|p1|6
|teamsize|p2|6
|gen|8
|tier|[Gen 8] UU
|rated|
|rule|Sleep Clause Mod: Limit one foe put to sleep
|rule|Species Clause: Limit one of each Pokémon
|rule|OHKO Clause: OHKO moves are banned
|rule|Evasion Items Clause: Evasion items are banned
|rule|Evasion Moves Clause: Evasion moves are banned
|rule|Endless Battle Clause: Forcing endless battles is banned
|rule|HP Percentage Mod: HP is shown in percentages
|rule|Dynamax Clause: You cannot dynamax
|clearpoke
|poke|p1|Chansey, F|
|poke|p1|Celesteela|
|poke|p1|Skarmory, M|
|poke|p1|Pyukumuku, F|
|poke|p1|Jirachi|
|poke|p1|Tangrowth, M|
|poke|p2|Chansey, F|
|poke|p2|Nidoqueen, F|
|poke|p2|Conkeldurr, F|
|poke|p2|Scizor, F|
|poke|p2|Hydreigon, M|
|poke|p2|Slowking, F|
|teampreview
|inactive|Battle timer is ON: inactive players will automatically lose when time's up. (requested by kvm1999)
|inactive|MiniTotomon has 120 seconds left.
|
|t:|1665324284
|start
|switch|p1a: Pyukumuku|Pyukumuku, F|100/100
|switch|p2a: Scizor|Scizor, F|100/100
|turn|1
|
|t:|1665324291
|move|p2a: Scizor|Knock Off|p1a: Pyukumuku
|-damage|p1a: Pyukumuku|76/100
|-enditem|p1a: Pyukumuku|Leftovers|[from] move: Knock Off|[of] p2a: Scizor
|move|p1a: Pyukumuku|Spite|p2a: Scizor
|-activate|p2a: Scizor|move: Spite|Knock Off|4
|
|upkeep
|turn|2
|
|t:|1665324297
|move|p2a: Scizor|U-turn|p1a: Pyukumuku
|-damage|p1a: Pyukumuku|51/100
|
|t:|1665324300
|switch|p2a: Slowking|Slowking, F|100/100|[from]move: U-turn
|move|p1a: Pyukumuku|Recover|p1a: Pyukumuku
|-heal|p1a: Pyukumuku|100/100
|
|upkeep
|turn|3
|
|t:|1665324303
|move|p2a: Slowking|Future Sight|p1a: Pyukumuku
|-start|p2a: Slowking|move: Future Sight
|move|p1a: Pyukumuku|Toxic|p2a: Slowking
|-status|p2a: Slowking|tox
|
|-damage|p2a: Slowking|94/100 tox|[from] psn
|upkeep
|turn|4
|l|☆kvm1999
|inactive|kvm1999 disconnected and has a minute to reconnect!
|player|p1|
|j|☆kvm1999
|inactive|kvm1999 reconnected and has 130 seconds left.
|player|p1|kvm1999|falkner
|
|t:|1665324328
|switch|p1a: Tangrowth|Tangrowth, M|100/100
|move|p2a: Slowking|Teleport|p2a: Slowking
|
|t:|1665324332
|switch|p2a: Scizor|Scizor, F|100/100|[from]move: Teleport
|
|upkeep
|turn|5
|l|☆kvm1999
|inactive|kvm1999 disconnected and has a minute to reconnect!
|player|p1|
|j|☆kvm1999
|inactive|kvm1999 reconnected and has 135 seconds left.
|player|p1|kvm1999|falkner
|
|t:|1665324353
|switch|p1a: Skarmory|Skarmory, M|100/100
|move|p2a: Scizor|Knock Off|p1a: Skarmory
|-damage|p1a: Skarmory|81/100
|-enditem|p1a: Skarmory|Leftovers|[from] move: Knock Off|[of] p2a: Scizor
|
|-end|p1a: Skarmory|move: Future Sight
|-resisted|p1a: Skarmory
|-damage|p1a: Skarmory|53/100
|upkeep
|turn|6
|
|t:|1665324360
|move|p1a: Skarmory|Roost|p1a: Skarmory
|-heal|p1a: Skarmory|100/100
|-singleturn|p1a: Skarmory|move: Roost
|move|p2a: Scizor|U-turn|p1a: Skarmory
|-resisted|p1a: Skarmory
|-damage|p1a: Skarmory|91/100
|
|t:|1665324363
|switch|p2a: Nidoqueen|Nidoqueen, F|100/100|[from]move: U-turn
|
|upkeep
|turn|7
|
|t:|1665324369
|switch|p1a: Chansey|Chansey, F|100/100
|move|p2a: Nidoqueen|Stealth Rock|p1a: Chansey
|-sidestart|p1: kvm1999|move: Stealth Rock
|
|upkeep
|turn|8
|
|t:|1665324375
|switch|p2a: Slowking|Slowking, F|100/100 tox
|move|p1a: Chansey|Stealth Rock|p2a: Slowking
|-sidestart|p2: MiniTotomon|move: Stealth Rock
|
|-damage|p2a: Slowking|94/100 tox|[from] psn
|upkeep
|turn|9
|
|t:|1665324379
|move|p1a: Chansey|Seismic Toss|p2a: Slowking
|-damage|p2a: Slowking|69/100 tox
|move|p2a: Slowking|Teleport|p2a: Slowking
|
|t:|1665324381
|switch|p2a: Conkeldurr|Conkeldurr, F|100/100|[from]move: Teleport
|-damage|p2a: Conkeldurr|95/100|[from] Stealth Rock
|
|-status|p2a: Conkeldurr|brn|[from] item: Flame Orb
|upkeep
|turn|10
|
|t:|1665324389
|switch|p1a: Tangrowth|Tangrowth, M|100/100
|-damage|p1a: Tangrowth|88/100|[from] Stealth Rock
|move|p2a: Conkeldurr|Close Combat|p1a: Tangrowth
|-damage|p1a: Tangrowth|29/100
|-unboost|p2a: Conkeldurr|def|1
|-unboost|p2a: Conkeldurr|spd|1
|
|-damage|p2a: Conkeldurr|89/100 brn|[from] brn
|upkeep
|turn|11
|
|t:|1665324397
|switch|p1a: Skarmory|Skarmory, M|91/100
|-damage|p1a: Skarmory|78/100|[from] Stealth Rock
|move|p2a: Conkeldurr|Close Combat|p1a: Skarmory
|-damage|p1a: Skarmory|14/100
|-unboost|p2a: Conkeldurr|def|1
|-unboost|p2a: Conkeldurr|spd|1
|
|-damage|p2a: Conkeldurr|83/100 brn|[from] brn
|upkeep
|turn|12
|
|t:|1665324403
|move|p2a: Conkeldurr|Mach Punch|p1a: Skarmory
|-damage|p1a: Skarmory|0 fnt
|faint|p1a: Skarmory
|
|-damage|p2a: Conkeldurr|77/100 brn|[from] brn
|upkeep
|
|t:|1665324412
|switch|p1a: Celesteela|Celesteela|100/100
|-damage|p1a: Celesteela|88/100|[from] Stealth Rock
|turn|13
|
|t:|1665324415
|switch|p2a: Slowking|Slowking, F|100/100 tox
|move|p1a: Celesteela|Substitute|p1a: Celesteela
|-start|p1a: Celesteela|Substitute
|-damage|p1a: Celesteela|63/100
|
|-heal|p1a: Celesteela|69/100|[from] item: Leftovers
|-damage|p2a: Slowking|94/100 tox|[from] psn
|upkeep
|turn|14
|
|t:|1665324419
|move|p1a: Celesteela|Air Slash|p2a: Slowking
|-damage|p2a: Slowking|74/100 tox
|move|p2a: Slowking|Teleport|p2a: Slowking
|
|t:|1665324424
|switch|p2a: Nidoqueen|Nidoqueen, F|100/100|[from]move: Teleport
|-damage|p2a: Nidoqueen|95/100|[from] Stealth Rock
|
|-heal|p1a: Celesteela|75/100|[from] item: Leftovers
|upkeep
|turn|15
|
|t:|1665324427
|move|p2a: Nidoqueen|Fire Blast|p1a: Celesteela
|-supereffective|p1a: Celesteela
|-end|p1a: Celesteela|Substitute
|move|p1a: Celesteela|Leech Seed|p2a: Nidoqueen|[miss]
|-miss|p1a: Celesteela|p2a: Nidoqueen
|
|-heal|p1a: Celesteela|81/100|[from] item: Leftovers
|upkeep
|turn|16
|
|t:|1665324433
|switch|p1a: Chansey|Chansey, F|100/100
|-damage|p1a: Chansey|88/100|[from] Stealth Rock
|move|p2a: Nidoqueen|Fire Blast|p1a: Chansey|[miss]
|-miss|p2a: Nidoqueen|p1a: Chansey
|
|upkeep
|turn|17
|
|t:|1665324437
|switch|p2a: Chansey|Chansey, F|100/100
|-damage|p2a: Chansey|88/100|[from] Stealth Rock
|move|p1a: Chansey|Seismic Toss|p2a: Chansey
|-damage|p2a: Chansey|74/100
|
|upkeep
|turn|18
|
|t:|1665324441
|move|p1a: Chansey|Toxic|p2a: Chansey
|-status|p2a: Chansey|tox
|move|p2a: Chansey|Wish|p2a: Chansey
|
|-damage|p2a: Chansey|68/100 tox|[from] psn
|upkeep
|turn|19
|
|t:|1665324448
|-curestatus|p2a: Chansey|tox|[from] ability: Natural Cure
|switch|p2a: Conkeldurr|Conkeldurr, F|77/100 brn
|-damage|p2a: Conkeldurr|71/100 brn|[from] Stealth Rock
|move|p1a: Chansey|Seismic Toss|p2a: Conkeldurr
|-damage|p2a: Conkeldurr|42/100 brn
|
|-heal|p2a: Conkeldurr|100/100 brn|[from] move: Wish|[wisher] Chansey
|-damage|p2a: Conkeldurr|95/100 brn|[from] brn
|upkeep
|turn|20
|
|t:|1665324457
|switch|p1a: Tangrowth|Tangrowth, M|63/100
|-damage|p1a: Tangrowth|50/100|[from] Stealth Rock
|move|p2a: Conkeldurr|Close Combat|p1a: Tangrowth
|-damage|p1a: Tangrowth|0 fnt
|-unboost|p2a: Conkeldurr|def|1
|-unboost|p2a: Conkeldurr|spd|1
|faint|p1a: Tangrowth
|
|-damage|p2a: Conkeldurr|89/100 brn|[from] brn
|upkeep
|
|t:|1665324461
|switch|p1a: Celesteela|Celesteela|81/100
|-damage|p1a: Celesteela|69/100|[from] Stealth Rock
|turn|21
|
|t:|1665324472
|switch|p2a: Nidoqueen|Nidoqueen, F|95/100
|-damage|p2a: Nidoqueen|89/100|[from] Stealth Rock
|move|p1a: Celesteela|Air Slash|p2a: Nidoqueen
|-damage|p2a: Nidoqueen|55/100
|
|-heal|p1a: Celesteela|75/100|[from] item: Leftovers
|upkeep
|turn|22
|
|t:|1665324476
|move|p1a: Celesteela|Protect|p1a: Celesteela
|-singleturn|p1a: Celesteela|Protect
|move|p2a: Nidoqueen|Fire Blast|p1a: Celesteela
|-activate|p1a: Celesteela|move: Protect
|
|-heal|p1a: Celesteela|81/100|[from] item: Leftovers
|upkeep
|turn|23
|
|t:|1665324481
|switch|p2a: Scizor|Scizor, F|100/100
|move|p1a: Celesteela|Substitute|p1a: Celesteela
|-start|p1a: Celesteela|Substitute
|-damage|p1a: Celesteela|56/100
|
|-heal|p1a: Celesteela|62/100|[from] item: Leftovers
|upkeep
|turn|24
|
|t:|1665324486
|move|p2a: Scizor|U-turn|p1a: Celesteela
|-resisted|p1a: Celesteela
|-activate|p1a: Celesteela|move: Substitute|[damage]
|
|t:|1665324489
|switch|p2a: Chansey|Chansey, F|68/100|[from]move: U-turn
|-damage|p2a: Chansey|55/100|[from] Stealth Rock
|move|p1a: Celesteela|Air Slash|p2a: Chansey
|-damage|p2a: Chansey|46/100
|
|-heal|p1a: Celesteela|68/100|[from] item: Leftovers
|upkeep
|turn|25
|
|t:|1665324495
|move|p1a: Celesteela|Leech Seed|p2a: Chansey
|-start|p2a: Chansey|move: Leech Seed
|move|p2a: Chansey|Soft-Boiled|p2a: Chansey
|-heal|p2a: Chansey|96/100
|
|-heal|p1a: Celesteela|74/100|[from] item: Leftovers
|-damage|p2a: Chansey|84/100|[from] Leech Seed|[of] p1a: Celesteela
|-heal|p1a: Celesteela|96/100|[silent]
|upkeep
|turn|26
|
|t:|1665324498
|switch|p2a: Slowking|Slowking, F|100/100 tox
|move|p1a: Celesteela|Air Slash|p2a: Slowking
|-damage|p2a: Slowking|80/100 tox
|
|-heal|p1a: Celesteela|100/100|[from] item: Leftovers
|-damage|p2a: Slowking|74/100 tox|[from] psn
|upkeep
|turn|27
|
|t:|1665324503
|move|p1a: Celesteela|Air Slash|p2a: Slowking
|-damage|p2a: Slowking|51/100 tox
|cant|p2a: Slowking|flinch
|
|-damage|p2a: Slowking|39/100 tox|[from] psn
|upkeep
|turn|28
|
|t:|1665324509
|switch|p2a: Chansey|Chansey, F|84/100
|-damage|p2a: Chansey|71/100|[from] Stealth Rock
|move|p1a: Celesteela|Air Slash|p2a: Chansey
|-damage|p2a: Chansey|63/100
|
|upkeep
|turn|29
|
|t:|1665324518
|move|p1a: Celesteela|Air Slash|p2a: Chansey
|-damage|p2a: Chansey|54/100
|cant|p2a: Chansey|flinch
|
|upkeep
|turn|30
|
|t:|1665324523
|move|p1a: Celesteela|Leech Seed|p2a: Chansey
|-start|p2a: Chansey|move: Leech Seed
|move|p2a: Chansey|Soft-Boiled|p2a: Chansey
|-heal|p2a: Chansey|100/100
|
|-damage|p2a: Chansey|88/100|[from] Leech Seed|[of] p1a: Celesteela
|upkeep
|turn|31
|
|t:|1665324535
|switch|p1a: Pyukumuku|Pyukumuku, F|100/100
|-damage|p1a: Pyukumuku|88/100|[from] Stealth Rock
|move|p2a: Chansey|Wish|p2a: Chansey
|
|-damage|p2a: Chansey|75/100|[from] Leech Seed|[of] p1a: Pyukumuku
|-heal|p1a: Pyukumuku|100/100|[silent]
|upkeep
|turn|32
|
|t:|1665324541
|switch|p2a: Slowking|Slowking, F|72/100 tox
|move|p1a: Pyukumuku|Block|p2a: Slowking
|-activate|p2a: Slowking|trapped
|
|-heal|p2a: Slowking|100/100 tox|[from] move: Wish|[wisher] Chansey
|-damage|p2a: Slowking|94/100 tox|[from] psn
|upkeep
|turn|33
|
|t:|1665324545
|move|p2a: Slowking|Future Sight|p1a: Pyukumuku
|-start|p2a: Slowking|move: Future Sight
|move|p1a: Pyukumuku|Spite|p2a: Slowking
|-activate|p2a: Slowking|move: Spite|Future Sight|4
|
|-damage|p2a: Slowking|82/100 tox|[from] psn
|upkeep
|turn|34
|
|t:|1665324555
|switch|p1a: Chansey|Chansey, F|88/100
|-damage|p1a: Chansey|76/100|[from] Stealth Rock
|move|p2a: Slowking|Teleport|p2a: Slowking
|
|t:|1665324559
|switch|p2a: Conkeldurr|Conkeldurr, F|89/100 brn|[from]move: Teleport
|-damage|p2a: Conkeldurr|83/100 brn|[from] Stealth Rock
|
|-damage|p2a: Conkeldurr|77/100 brn|[from] brn
|upkeep
|turn|35
|
|t:|1665324567
|switch|p1a: Jirachi|Jirachi|100/100
|-damage|p1a: Jirachi|94/100|[from] Stealth Rock
|move|p2a: Conkeldurr|Close Combat|p1a: Jirachi
|-damage|p1a: Jirachi|10/100
|-unboost|p2a: Conkeldurr|def|1
|-unboost|p2a: Conkeldurr|spd|1
|
|-end|p1a: Jirachi|move: Future Sight
|-resisted|p1a: Jirachi
|-damage|p1a: Jirachi|2/100
|-heal|p1a: Jirachi|9/100|[from] item: Leftovers
|-damage|p2a: Conkeldurr|71/100 brn|[from] brn
|upkeep
|turn|36
|
|t:|1665324573
|move|p1a: Jirachi|Protect|p1a: Jirachi
|-singleturn|p1a: Jirachi|Protect
|move|p2a: Conkeldurr|Mach Punch|p1a: Jirachi
|-activate|p1a: Jirachi|move: Protect
|
|-heal|p1a: Jirachi|15/100|[from] item: Leftovers
|-damage|p2a: Conkeldurr|65/100 brn|[from] brn
|upkeep
|turn|37
|
|t:|1665324586
|move|p2a: Conkeldurr|Mach Punch|p1a: Jirachi
|-damage|p1a: Jirachi|0 fnt
|faint|p1a: Jirachi
|
|-damage|p2a: Conkeldurr|59/100 brn|[from] brn
|upkeep
|
|t:|1665324596
|switch|p1a: Celesteela|Celesteela|100/100
|-damage|p1a: Celesteela|88/100|[from] Stealth Rock
|turn|38
|
|t:|1665324600
|switch|p2a: Slowking|Slowking, F|100/100 tox
|move|p1a: Celesteela|Air Slash|p2a: Slowking
|-damage|p2a: Slowking|79/100 tox
|
|-heal|p1a: Celesteela|94/100|[from] item: Leftovers
|-damage|p2a: Slowking|73/100 tox|[from] psn
|upkeep
|turn|39
|-message|kvm1999 forfeited.
|
|win|MiniTotomon
|raw|kvm1999's rating: 1319 &rarr; <strong>1308</strong><br />(-11 for losing)
|raw|MiniTotomon's rating: 1486 &rarr; <strong>1497</strong><br />(+11 for winning)
|l|☆kvm1999
||Ladder isn't responding, score probably updated but might not have (Request timeout).
